4164 6470
443 528 552 592 SI?
1229 527 1485 588 SERMO
1525 529 1608 588 IN
1651 530 1752 589 SS.
1799 531 2150 592 DEIPARAE
2192 533 2924 594 ANNUNTIATIONEM.
3605 533 3712 595 818

443 647 542 699 val.
565 639 648 706 οἷς
677 643 932 714 άρῤἡτως
970 641 1064 694 καὶ
1101 641 1272 711 ἄμφω
1317 641 1576 712 διέμεινε,
1607 645 1668 696 τὸ
1717 645 2028 699 δυνατώτα-

2133 649 2354 703 eosdem
2385 627 2450 702 ad
2487 657 2696 702 natura:
2734 647 2932 702 divinae
2990 647 3458 716 participationem
3510 649 3711 714 evexit,

441 753 554 791 τονο
585 731 670 799 οἷς
713 735 772 788 δὲ
821 733 946 803 μηδ’
996 733 1252 803 ἁρπαγὴν
1307 733 1340 803 ἢ
1389 733 1696 806 μεταϐολὴν
1725 737 1824 807 τῆς
1867 737 2028 808 δόξης

2139 739 2384 807 profecto
2420 749 2630 808 etopus
2657 739 2766 793 Deo
2811 737 3058 808 dignum,
3112 751 3342 808 seseque
3381 737 3716 809 benignissi-

444 829 690 897 ἐνόμισε,
725 825 786 878 τὸ
819 823 964 877 κατὰ
991 824 1157 892 φύσιν
1180 823 1638 893 βασιλικώτατον.

2141 845 2287 884 mum
2311 829 2584 899 patefecit.
2612 828 2840 898 Insuper
2867 828 2996 882 dum
3031 839 3241 883 natura:
3265 829 3464 884 divinae
3485 831 3714 899 partici-

447 925 636 996 panda:
661 923 928 978 rationem
949 921 1206 984 ostendit,
1228 935 1500 975 summam
1523 922 1846 992 sapientiam
1904 939 2064 980 suam
2107 923 2512 990 manifestavit;
2543 933 2595 979 et
2626 925 2756 979 dum
2791 924 3144 992 semetipsum
3204 924 3342 978 adeo
3391 925 3712 990 cxinanivit,

447 1020 730 1087 ipsamque
778 1013 1018 1068 hominis
1060 1021 1310 1068 naturam
1349 1013 1872 1076 induit,maximum
1899 1032 2062 1072 suum
2099 1017 2152 1072 in
2189 1019 2440 1072 homines
2472 1017 2648 1086 palam
2721 1017 2849 1073 fecit
2878 1031 3140 1072 amorem.
3185 1015 3428 1085 Denique
3455 1015 3586 1070 dum
3617 1031 3718 1070 na-

447 1119 598 1162 turas
623 1109 746 1162 sine
775 1105 1030 1160 mistione
1053 1105 1358 1174 conjunxit,
1381 1113 1436 1158 et
1499 1104 1758 1160 incili-bili
1805 1107 2058 1178 prodigio
2097 1124 2244 1164 unus
2273 1109 2435 1164 simul
2491 1117 2546 1163 et
2580 1117 2873 1179 utrumque
2907 1107 3230 1178 permansit,
3251 1107 3522 1161 infinitam
3553 1123 3712 1166 suam

445 1202 661 1269 aperuit
683 1199 979 1269 potentiam
1017 1198 1295 1266 ;dumquc
1327 1197 1470 1251 haud
1513 1199 1762 1268 rapinam
1814 1200 2114 1257 arbitratus
2169 1214 2254 1258 est
2285 1213 2378 1257 aut
2429 1203 2690 1274 injustam
2723 1201 2909 1271 gloriae
2998 1201 3358 1256 mutationem
3392 1200 3412 1232 ³
3441 1240 3456 1266 ,
3483 1197 3716 1258 nobilis-

444 1295 642 1349 simam
689 1293 1009 1362 regiamque
1053 1299 1265 1344 natura:
1315 1305 1430 1344 suae
1477 1291 1794 1359 dignitatem
1845 1292 2098 1360 prodidit.

519 1388 602 1440 H'.
659 1388 814 1456 Ἔχει
857 1385 956 1455 μὲν
1001 1383 1144 1437 οὕτω
1169 1383 1345 1438 ταῦτα
1381 1387 1478 1437 καί
1524 1385 1613 1438 διὰ
1645 1385 1820 1439 ταῦτα
1851 1389 1883 1457 ὴ
1917 1387 2029 1441 θεία

2205 1388 2336 1442 VIII.
2401 1387 2464 1442 Et
2521 1387 2624 1442 hoc
2675 1387 2895 1456 quidem
2937 1395 3096 1456 pacto
3139 1395 3192 1440 et
3216 1386 3319 1440 ista
3367 1402 3593 1457 prorsus
3645 1389 3718 1444 de

451 1477 750 1542 σάρκωοις.
799 1475 954 1528 Ἐπεὶ¹
991 1475 1048 1528 δὲ
1076 1475 1392 1545 κατάλληλα
1430 1475 1523 1529 καὶ
1551 1479 1672 1539 ταῖς
1715 1477 1893 1538 νόσοις
1923 1478 2029 1532 ἔδει

2133 1497 2292 1536 causa
2329 1481 2444 1534 hare
2473 1491 2622 1546 gesta
2663 1487 2809 1546 sunt,
2835 1487 2888 1532 et
2925 1479 3108 1532 divina
3133 1478 3440 1532 incarnatio
3471 1479 3526 1533 in
3571 1495 3714 1549 opus

447 1566 744 1636 τεχνᾶσοαι
773 1566 836 1618 τὰ
881 1566 1173 1637 φάρμακα,
1209 1566 1522 1635 κατάλληλα
1555 1567 1650 1620 καὶ
1687 1570 2029 1638 τεχνάζεται.

2130 1574 2360 1629 deducta
2388 1583 2487 1628 est.
2518 1571 2788 1637 Quoniam
2824 1584 2955 1624 vero
2985 1569 3294 1638 oportebat,
3341 1578 3400 1623 ut
3427 1580 3718 1626 consenta-

449 1661 560 1712 Καὶ
588 1659 674 1712 διὰ
711 1657 883 1712 ταῦτα
919 1659 1201 1728 πέμπεται
1233 1661 1332 1728 μὲν
1363 1659 1594 1729 ἅγγελος
1623 1659 1714 1714 διὰ
1741 1663 1835 1714 τὸν
1868 1662 2029 1730 ἅγγε-

2131 1681 2232 1734 nea
2258 1663 2463 1718 morbis
2494 1663 2786 1734 pharmace
2813 1669 3160 1732 pararentur,
3195 1660 3400 1715 idcirco
3431 1660 3615 1714 omnia
3633 1663 3709 1716 ita

445 1752 557 1814 λον,
587 1751 615 1802 6
636 1750 732 1802 τοῦ
755 1749 934 1818 φωτὸς
963 1748 1050 1802 διὰ
1079 1749 1172 1802 τὸν
1201 1749 1298 1802 τοῦ
1355 1749 1609 1814 σκότους,
1659 1753 1686 1804 6
1729 1751 1912 1821 ἄρχων
1937 1753 2024 1807 διὰ

2134 1763 2352 1824 peracta
2384 1761 2532 1818 sunt,
2569 1761 2630 1807 ut
2655 1751 2992 1806 adamussim
3031 1765 3156 1820 pars
3177 1749 3318 1820 parti
3344 1749 3722 1820 responderet_

439 1842 538 1894 τὸν
564 1841 1014 1910 κοσμοκράτορα,
1051 1841 1080 1893 6
1133 1839 1414 1911 πτερωτὸς
1446 1842 1535 1894 διὰ
1573 1842 1666 1894 τὸν
1716 1843 2020 1914 ἐρπηστήν.

2133 1845 2200 1900 Ει
2219 1847 2412 1901 exinde
2427 1845 2650 1916 angelus
2671 1845 2905 1898 mittitur
2925 1853 3149 1913 propter
3190 1843 3468 1914 angelum,
3495 1843 3724 1912 angelus

455 1933 772 2000 Ἑκλέγεται
805 1932 862 1984 δὲ
904 1933 1000 1984 καὶ
1055 1931 1146 1984 διὰ
1194 1933 1292 2001 τὴν
1337 1935 1576 1999 γυναῖκα
1621 1933 1780 2003 γυνὴ,
1817 1935 1911 1986 καὶ
1939 1933 2026 1986 διὰ

2131 1937 2474 2006 nempelueis
2499 1946 2718 2006 propter
2742 1933 2992 2004 angelum
3023 1931 3395 1996 tenebrarum,
3427 1933 3712 2002 (cmlestis)

437 2025 545 2095 τὴν
577 2023 722 2076 Εὕαν
750 2023 885 2094 ζωὴ,
911 2023 1000 2076 διὰ
1029 2021 1128 2093 τὴν
1150 2022 1454 2094 φθαρεῖσαν
1485 2024 1778 2093 παρθένος,
1809 2025 1898 2078 διά
1925 2026 2024 2095 τὴν

2137 2033 2390 2100 princeps
2423 2039 2650 2098 propter
2681 2027 2844 2098 hujus
2863 2027 3051 2080 mundi
3073 2035 3363 2087 rectorem.
3389 2027 3562 2096 aliger
3593 2041 3723 2096 pro-

441 2117 814 2186 πλανηθεῖσαν
840 2117 874 2186 ἡ
927 2115 1001 2186 μὴ
1029 2117 1463 2185 συναρπαγείσα,
1489 2115 1576 2168 διὰ
1605 2115 1702 2185 τὴν
1719 2117 1817 2186 τῆς
1862 2116 2024 2185 Ἐδὲμ

2133 2133 2254 2191 pter
2273 2121 2419 2175 humi
2449 2129 2768 2190 reptantem.
2798 2119 2900 2174 Sed
2917 2131 2970 2174 et
2989 2128 3208 2190 propter
3225 2118 3510 2175 mulierem
3529 2119 3726 2174 mulier

437 2208 784 2262 ἐκπεσοῦσαν
820 2209 854 2278 ἡ
879 2207 956 2276 τῷ
1001 2206 1116 2276 ναῷ
1151 2205 1546 2276 προσαχθεῖσα,
1585 2207 1676 2260 διὰ
1713 2208 1814 2278 τὴν
1858 2208 2019 2278 ήδσνῇ

2131 2213 2374 2280 eligitur,
2421 2221 2473 2264 et
2505 2217 2726 2280 propter
2745 2207 2910 2262 Evam
2937 2209 3064 2272 vita,
3085 2217 3138 2262 et
3163 2216 3384 2277 propter
3407 2217 3722 2275 corruptam

435 2299 826 2353 δελεασθεῖσαν
869 2300 902 2368 ἡ
949 2297 1084 2369 μηδὲ
1115 2298 1398 2366 λογισμοῖς
1432 2299 1768 2370 ρυπωθεϊσα,
1809 2299 1898 2352 διὰ
1923 2299 2022 2368 τὴν

437 2389 632 2452 κακῶς
663 2388 742 2459 τῷ
781 2389 998 2458 δαίμονι
1031 2388 1400 2460 ψιθυρίσασαν
1441 2392 1474 2461 ἡ
1509 2389 1774 2460 διηνεκῶς
1799 2390 1876 2460 τῷ

435 2481 872 2553 προσλαλήσασα
927 2481 1022 2536 καὶ
1071 2481 1190 2546 τοῖς
1244 2481 1414 2546 θείοις
1471 2482 1674 2552 λογίοις
1715 2483 2028 2554 ὲμμελετή-

435 2591 608 2628 σασα.

2130 2300 2337 2370 iutegra
2359 2301 2534 2370 virgo,
2557 2309 2610 2354 et
2629 2299 3138 2370 proptcrdecrptnm
3166 2311 3228 2351 ea
3247 2313 3369 2368 quae
3388 2313 3512 2352 eum
3537 2297 3625 2350 illa
3645 2296 3720 2352 si-

2130 2393 2244 2446 mul
2265 2393 2474 2462 direpta
2501 2407 2608 2446 non
2638 2391 2846 2454 fuerat;
2871 2398 3094 2460 propter
3121 2389 3266 2443 illam
3285 2405 3408 2458 quae
3431 2389 3636 2444 excidit
3653 2403 3724 2443 ex

2132 2481 2303 2542 Edcn,
2339 2497 2400 2534 ea
2437 2496 2559 2550 quae
2584 2481 2648 2534 ad
2711 2481 2972 2549 templum
3029 2479 3131 2533 fuit
3171 2479 3408 2535 adducta
3439 2497 3454 2545 ;
3499 2489 3724 2550 propter

2133 2576 2430 2630 inescatam
2463 2571 2854 2625 blandimentis
2882 2570 3206 2640 voluptatis,
3237 2585 3459 2640 eaquaz
3490 2586 3558 2625 ne
3575 2569 3726 2639 cogi-

433 2669 746 2722 tationibus
769 2669 987 2739 quidem
1042 2670 1413 2725 contaminata
1463 2679 1587 2738 est,
1629 2681 1854 2742 propter
1881 2672 2028 2726 illam
2061 2685 2184 2739 qua:
2215 2668 2358 2722 male
2412 2681 2538 2721 eum
2569 2669 2815 2721 dazmonc
2874 2679 3159 2721 sermones
3207 2664 3450 2731 miscuit,
3485 2665 3550 2721 ea
3595 2681 3722 2738 quae

432 2762 790 2816 continenter
825 2761 994 2816 Deum
1021 2763 1424 2832 alloquebatur,
1449 2771 1504 2816 et
1523 2763 1638 2832 jugi
1665 2763 2016 2818 oraculorum
2056 2763 2368 2817 divinorum
2399 2758 2754 2812 meditatione
2776 2765 3012 2812 mentem
3053 2756 3365 2812 exercebat.

515 2855 590 2908 ϐ’.
641 2855 785 2922 Ἥρα
819 2854 978 2924 μὲνὴ
1011 2852 1260 2924 Θυγάτηρ
1294 2853 1391 2905 τοῦ
1429 2853 1714 2924 βασιλέως,
1755 2853 2022 2924 ἐπεθύμει

2169 2852 2260 2906 IX.
2287 2849 2422 2904 Filia
2447 2863 2611 2919 porro
2633 2848 2894 2919 diligebat
2911 2849 3053 2918 regis
3069 2847 3552 2918 pulchritmlinem.
3569 2858 3622 2902 et
3640 2849 3723 2902 vi“

433 2947 502 3000 δὲ
533 2946 625 2999 καὶ
661 2945 762 3015 τῆς
798 2945 1070 3015 θυγατρὸς
1126 2945 1222 2997 τοῦ
1280 2945 1511 3008 κάλλους
1559 2947 1588 2997 6
1641 2945 1918 3016 βασιλεύς·
1951 2943 2020 3016 ἦν

2130 2943 2303 2999 :issim
2323 2959 2412 2997 rex
2429 2941 2816 3010 concupisebat
2831 2941 3284 3010 pulchritudinem
3307 2939 3432 2995 ﬁliae
3450 2956 3465 3006 ;
3483 2950 3538 2996 et
3563 2939 3726 2997 Verbi

437 3035 542 3089 καὶ
573 3034 710 3104 πρὸς
739 3034 830 3087 τὸν
867 3035 992 3089 ὅσον
1018 3035 1172 3088 οὔπω
1219 3035 1448 3106 μεσίτην
1495 3037 1588 3088 καὶ
1619 3036 1888 3107 παρθένον
1918 3037 2021 3090 Λό-

438 3129 608 3198 γονή
649 3127 916 3197 παρθένος
954 3129 1190 3198 μεσῖτις,
1243 3127 1339 3182 καί⁸
1388 3129 1420 3198 ἡ
1461 3129 1624 3199 δούλη
1661 3129 1908 3201 θυγάτηρ
1939 3130 2023 3198 γί-

437 3237 618 3286 νεται,
649 3220 793 3292 καὶὴ
849 3219 1098 3291 θυγάτηρ
1143 3220 1353 3292 νύμφη,
1383 3221 1477 3274 καὶ
1513 3223 1698 3292 μήτηρ
1744 3223 1778 3292 ἡ
1808 3221 2019 3292 νύμφη.
2051 3259 2093 3313 c

439 3315 675 3384 Δέχεται
707 3313 806 3385 μὲν
828 3313 926 3384 τὴν
957 3313 1132 3385 χαράν
1160 3313 1249 3367 διὰ
1282 3315 1382 3384 τὴν
1416 3313 1578 3382 ἀρὰν,
1609 3314 1701 3367 τὸν
1733 3313 1907 3382 Λόγον
1936 3315 2026 3368 διὰ

439 3406 542 3458 τὸν
572 3405 746 3460 δόλον.
782 3406 892 3475 Οὐχ
931 3405 1164 3458 ἅπτεται
1201 3405 1300 3473 μὲν
1349 3403 1446 3458 τοῦ
1483 3405 1674 3474 φυτοῦ,
1705 3405 1936 3460 ἅπτεται
1967 3406 2024 3458 δὲ

441 3498 510 3548 τὸ
541 3495 708 3564 φυτὸν
743 3495 936 3564 αὐτῆς,
969 3495 1030 3547 τὸ
1071 3495 1170 3564 τῆς
1207 3491 1354 3565 ζωῆς
1402 3495 1492 3548 διὰ
1519 3496 1581 3548 τὸ
1613 3497 1712 3565 τῆς
1741 3495 2022 3564 γνώσεως.

455 3587 788 3658 Ἑπέρχεται
821 3587 922 3656 μὲν
953 3587 984 3636 6
1006 3587 1262 3655 νυμφίος,
1289 3587 1654 3654 ὲφίσταταιδὲ
1675 3589 1702 3640 6
1734 3605 2026 3657 νυμφαγω-

439 3679 566 3747 γὺς.
593 3680 800 3749 χαίρων
831 3679 949 3749 ἅμα
991 3679 1086 3732 καὶ
1122 3678 1380 3748 φρίττωνο
1423 3677 1486 3730 τὸ
1518 3677 1638 3748 μὲν,
1683 3678 1756 3741 ὡς
1797 3680 2029 3747 εὐαγγέ-

437 3771 540 3824 λια
580 3772 674 3824 καὶ
703 3770 1007 3840 τηλικαῦτα
1039 3772 1106 3840 τῇ
1135 3786 1194 3822 τε
1255 3769 1393 3840 κόρῃ
1421 3771 1516 3823 καὶ
1566 3771 1635 3840 τῇ
1683 3769 1846 3839 φύσει
1877 3773 2028 3845 πάσῃ

439 3862 889 3931 διακονούμενος’
919 3861 978 3914 τὸ
1021 3861 1101 3924 δὲ,
1131 3859 1208 3924 ὡς
1248 3859 1396 3931 παρὰ
1439 3861 1710 3914 Δεσπότου
1747 3864 1840 3916 καὶ
1876 3864 2028 3934 παρὰ

439 3949 700 4004 δεσπότιν
730 3950 1104 4020 πεμπόμενος,
1127 3951 1222 4003 καὶ
1253 3951 1369 4020 ἅμα
1397 3951 1458 4004 τὸ
1479 3952 1707 4022 φρικτὸν
1729 3951 1824 4006 τοῦ
1849 3954 2028 4024 πράγ-

377 4105 396 4112 _
445 4059 620 4114 ματος
644 4043 1072 4114 ἐνδεικνύμενος.
1111 4045 1219 4096 Καὶ
1251 4043 1282 4095 6
1310 4043 1410 4114 μὲν
1437 4041 1646 4107 δοῦλος,
1679 4044 1878 4112 Χαῖρε,
1929 4061 2028 4098 κε-

441 4135 842 4204 χαριτωμένη,
871 4135 1058 4206 φησὶν,
1101 4138 1134 4189 ό
1163 4136 1374 4204 Κύριος
1412 4135 1565 4205 μετά
1590 4136 1728 4191 σοῦ’
1767 4137 1796 4188 6
1823 4137 2030 4190 Δεσπό-

440 4242 552 4295 της
581 4225 659 4290 δὲ,
683 4227 776 4280 τὸν
811 4227 904 4280 τοῦ
929 4226 1116 4280 δούλου
1159 4227 1320 4295 λόγον
1349 4226 1624 4292 ὑπελθὼν,
1675 4228 1862 4294 αὐτὸς,
1891 4228 2026 4298 άλη-

441 4315 559 4380 οῶς
593 4318 622 4370 6
649 4317 819 4384 Λόγος
842 4320 936 4372 καὶ
967 4318 1132 4384 Θεὸς,
1161 4317 1420 4372 είσελθὼν
1459 4313 1528 4388 ἦν
1563 4319 2026 4388 αὐτεπάγγελτος.

2120 3050 2244 3088 mox
2263 3033 2736 3102 mediatorisjuxta
2753 3047 2816 3086 ac
2837 3032 3060 3102 virginis
3077 3029 3246 3086 futuri
3269 3031 3420 3100 virgo
3433 3032 3654 3087 mediau
3669 3032 3720 3087 ix

2137 3125 2258 3192 fuit,
2286 3135 2338 3180 et
2369 3125 2566 3179 exinde
2603 3123 2799 3178 ancilla
2825 3123 3008 3178 evadit
3037 3123 3166 3188 ﬁlia,
3199 3123 3309 3177 ﬁlia
3334 3137 3462 3176 vero
3495 3137 3721 3193 sponsa.

2122 3227 2176 3272 et
2197 3233 2396 3287 sponsa
2419 3219 2476 3272 Iit
2495 3228 2685 3272 mater.
2705 3215 2899 3271 El.th
2917 3215 3134 3284 quidem
3161 3225 3383 3285 propter
3402 3217 3530 3270 illud
3551 3215 3724 3286 (Evaa)

2129 3309 2477 3364 maledictum
2522 3309 2719 3378 accipit
2757 3307 3040 3378 gaudium,
3087 3323 3152 3363 ac
3207 3319 3430 3378 propter
3475 3319 3714 3364 veterem

2129 3403 2280 3457 illum
2305 3403 2488 3456 dolum
2507 3401 2712 3471 recepit
2730 3400 2992 3455 Verbum.
3025 3399 3293 3455 Arborem
3314 3402 3432 3470 ipsa
3453 3415 3585 3456 sane
3607 3417 3716 3456 non

2128 3495 2302 3564 tangit
2338 3510 2353 3560 ;
2373 3493 2468 3548 sed
2490 3507 2608 3548 eam
2634 3493 2808 3563 tangit
2825 3493 3011 3556 arbor,
3033 3493 3198 3546 arbor
3221 3507 3416 3562 nempe
3439 3491 3562 3547 vitze
3587 3507 3722 3562 pro-

2131 3585 2247 3646 pter
2269 3577 2412 3630 illam
2436 3577 2683 3644 arborem
2705 3577 2966 3632 scientia}.
2986 3577 3254 3631 Adventat
3279 3591 3548 3645 sponsus;
3575 3583 3720 3632 astat

2129 3668 2294 3722 etiam
2313 3668 2739 3738 parauymphus,
2755 3667 2954 3736 gaudio
2969 3666 3132 3722 simul
3153 3666 3393 3737 gestiens
3409 3677 3464 3722 et
3481 3677 3720 3724 tremore

2130 3761 2412 3830 perculsus
2457 3777 2472 3813 :
2519 3763 2760 3827 gaudens
2805 3775 2959 3822 sane,
3017 3767 3204 3829 utpote
3229 3760 3324 3828 qui
3377 3759 3719 3815 fausmnun-

2131 3853 2205 3907 tia
2229 3867 2406 3923 eaque
2437 3854 2571 3906 tanti
2616 3851 2901 3916 momenti,
2947 3861 3064 3906 tum
3107 3851 3430 3921 puellaatum
3459 3853 3722 3908 universo

2133 3945 2416 3999 hominum
2447 3945 2632 4013 generi
2669 3959 2768 3998 ceu
2793 3945 3003 4014 legatus
3019 3941 3228 3998 defert:
3253 3951 3504 4001 tremens
3549 3961 3704 4010 vero,

2132 4035 2333 4104 quippe
2349 4035 2492 4105 quia
2513 4033 2740 4089 Domino
2757 4035 2992 4089 mittitur
3010 4034 3074 4088 ad
3096 4033 3404 4098 Dominam,
3427 4039 3640 4106 etquod
3661 4038 3713 4092 in

2131 4141 2191 4180 re
2219 4125 2290 4180 sit
2313 4125 2550 4178 maxime
2569 4123 2930 4188 tremendum,
2951 4125 3259 4181 annuntiat.
3285 4125 3463 4196 Atque
3487 4127 3576 4180 ille
3591 4131 3718 4196 qui-

2131 4217 2254 4272 dem
2293 4233 2390 4272 ceu
2425 4217 2693 4280 servulus,
2721 4216 2847 4280 Ave,
2883 4217 3081 4286 inquit.
3105 4219 3284 4286 gratia
3317 4217 3496 4286 plena,
3527 4218 3713 4272 Domi-

2132 4326 2230 4363 nus
2254 4318 2420 4363 tecum
2443 4308 2484 4362 ⁸.
2505 4307 2578 4362 At
2599 4308 2886 4369 Dominus,
2907 4307 3046 4362 servi
3063 4308 3146 4363 sui
3177 4309 3344 4363 verbo
3365 4317 3540 4364 semet
3565 4311 3712 4364 suh-

2131 4399 2393 4462 inl‘erens,
2455 4398 2702 4469 ipse,qni
2735 4413 2860 4453 vere
2892 4408 2948 4454 ct
2997 4397 3236 4454 Verbum
3295 4409 3382 4456 est
3434 4411 3496 4457 et.
3546 4401 3716 4466 Deus,

2135 4492 2488 4564 progrediens
2516 4507 2612 4561 per
2647 4506 2706 4546 se
2734 4505 2845 4545 rem
2881 4492 3094 4561 agebat.

517 4585 576 4640 1'.
613 4586 772 4640 Ἀλλά
799 4585 996 4656 μικρόν
1015 4604 1069 4638 τι
1095 4589 1205 4650 τοῖς
1225 4585 1568 4654 εὐαγγελίοις
1593 4588 1806 4650 τούτοις
1843 4605 2024 4658 προσ-

2201 4583 2272 4638 Χ.
2291 4584 2488 4638 Verum
2505 4583 2657 4637 hisce
2681 4583 2889 4638 nuntiis
2922 4582 3580 4654 cxpemlendis-tantisper
3599 4585 3708 4640 im»

442 4675 908 4745 καρτερήσωμεν,
965 4675 1063 4728 καὶ
1087 4675 1555 4746 περιστησώμεθα
1574 4675 1698 4740 τοὺς
1724 4675 2025 4746 θαλάμους,

443 4765 546 4818 καὶ
565 4764 1030 4836 περιϐλεψώμεθα
1056 4765 1154 4837 τὴν
1189 4767 1464 4832 παστάδα,
1499 4769 1592 4820 καὶ
1625 4767 2029 4840 άναπτύξωμεν

437 4856 542 4910 τοῦ
575 4857 810 4926 νυμφίου
869 4857 961 4910 τὸν
995 4857 1250 4920 πλοῦτον,
1315 4860 1471 4932 ἢκαὶ
1529 4860 1630 4930 τῆς
1677 4860 1901 4930 νύμφης
1961 4860 2024 4912 τὸ

441 4948 668 5011 κάλλος,
699 4951 794 5003 καὶ
829 4948 1156 5019 ἀκούσωμεν
1179 4951 1278 5020 τῆς
1316 4951 1732 5020 μυσταγωγίας.
1765 4951 1923 5021 Τάχα
1971 4970 2026 5004 τι

446 5041 598 5110 μέγα
627 5041 718 5094 καὶ
745 5043 900 5095 αὐτοὶ
947 5043 1046 5112 τῆς
1083 5043 1301 5112 ὁμιλίας
1339 5047 1544 5114 ταύτης
1597 5045 1692 5098 καὶ
1729 5045 1840 5098 τῶν
1886 5047 2023 5114 ὑμε-

443 5132 618 5186 ναίων
651 5135 1164 5206 παρακερδήσομεν.
1205 5135 1340 5198 Οἰας
1383 5136 1484 5204 μὲν
1516 5137 1626 5205 γάρ
1657 5138 1687 5188 6
1715 5154 2021 5206 νυμφαγω-

443 5225 564 5293 γὸς,
600 5225 688 5296 ἢὸ
715 5229 948 5298 νυμφίος
991 5228 1129 5299 ἅμα,
1167 5229 1263 5282 καὶ
1305 5233 1572 5301 μαρτυρεῖ
1613 5231 1708 5283 καὶ
1735 5231 2023 5302 ὑπισχνεῖ-

441 5335 556 5381 ται,
629 5319 724 5373 καὶ
769 5322 1002 5394 παρέχει
1059 5325 1126 5394 τῇ
1177 5323 1368 5395 νύμφῃ
1433 5323 1532 5388 τάς
1585 5323 1836 5396 δωρεάς;
1889 5325 2023 5384 Οἴας

443 5406 504 5458 δὲ
555 5409 649 5461 καὶ
679 5411 714 5481 ἡ
759 5411 948 5482 νύμφη
981 5413 1116 5482 πρὸς
1175 5413 1339 5466 αὐτὸν
1391 5412 1585 5482 ἀφίησι
1630 5413 1731 5477 τὰς
1793 5414 2023 5483 φωνάςς

439 5499 641 5568 Xm'ps,
676 5503 1114 5573 κεχαριτωμένη
1137 5520 1154 5538 ο
1201 5507 1232 5559 ό
1277 5505 1492 5574 Κύριος
1526 5507 1680 5575 μετὰ
1719 5507 1858 5562 σοῦ.
1885 5506 2024 5560 Τού-

441 5608 556 5642 των
588 5593 656 5646 τά
690 5595 792 5663 μὲν
819 5597 918 5664 τῆς
949 5596 1192 5668 νύμφης.
1229 5597 1300 5650 τὰ
1330 5597 1386 5651 δὲ
1432 5597 1528 5650 τοῦ
1559 5600 1820 5669 νυμφίου.
1858 5597 2028 5670 [Ἀμ-

441 5683 656 5754 φότερα
687 5687 794 5758 γάρ
821 5689 849 5742 6
871 5689 1150 5762 ἄγγελος]
1178 5689 1260 5744 Τὰ
1295 5691 1394 5761 μὲν
1431 5691 1538 5762 γὰρ
1571 5693 1708 5764 αὐτῇ
1736 5695 2026 5763 μαρτυρεῖς

441 5773 518 5827 τά
549 5774 608 5828 δὲ
638 5777 1002 5851 ὑπισχνεῖται.
1033 5781 1106 5835 Τὸ
1135 5781 1235 5851 μὲν
1271 5783 1402 5854 γάρ,
1449 5785 1544 5840 καὶ
1591 5783 1690 5856 ἤδη
1722 5784 2029 5857 κεχαριτῶς

522 5959 548 5994 ³
573 5961 712 6018 Phil.
753 5979 810 6030 ιι,
837 5964 890 6020 θ.
968 5935 1148 6020 5'Luc.
1188 5967 1344 6030 ωε.

2133 4689 2430 4738 moremur,
2484 4689 2548 4728 ac
2599 4674 2744 4728 circa
2806 4675 3088 4731 thalamos.
3133 4677 3552 4744 consistamus;
3597 4687 3716 4736 tum

2128 4767 2386 4821 conclave
2404 4765 2584 4836 ipsum
2637 4767 3166 4836 circumSpieiamus,
3194 4777 3248 4823 et
3281 4769 3716 4838 sponsbdivitias

2128 4865 2224 4913 aut
2251 4857 2414 4912 etiam
2445 4872 2663 4927 sponsas
2693 4857 3158 4926 pulchritudinem
3181 4861 3508 4926 revolemus,
3531 4877 3600 4918 ae
3619 4877 3710 4918 sa-

2131 4964 2236 5003 erae
2289 4949 2436 5004 illius
2495 4948 2828 5006 initiationis
2873 4964 3182 5006 sermonem
3241 4953 3562 5018 audiamus;
3603 4969 3714 5010 ma.

2132 5059 2296 5113 gnum
2351 5041 2604 5098 fortassis
2633 5058 2700 5098 ex
2733 5043 2838 5098 hoc
2859 5043 3136 5114 colloquio
3163 5053 3220 5098 et
3243 5046 3584 5114 nuptialibus
3607 5047 3710 5118 by-

2139 5133 2282 5188 mnis
2305 5148 2410 5190 nos
2435 5149 2656 5204 quoque
2684 5132 2924 5189 fructum
2947 5135 3122 5190 obiter
3155 5135 3714 5206 percipiemus._Qua-

2135 5226 2205 5281 Iia
2241 5228 2384 5282 enim
2418 5226 2846 5296 paranymphus,
2880 5227 2965 5280 vel
2993 5241 3230 5296 sponsus
3251 5228 3436 5294 simul,
3457 5239 3510 5284 et
3533 5239 3646 5284 atte
3673 5261 3700 5271 -

2135 5329 2329 5382 statur,
2359 5317 2754 5388 promittitque,
2791 5327 2844 5372 et
2871 5316 3026 5373 offert
3055 5333 3272 5388 sponsae
3295 5318 3476 5374 dona?
3504 5321 3708 5387 Quales

2127 5427 2258 5467 vero
2285 5413 2447 5465 etiam
2471 5425 2671 5481 sponsa
2701 5409 2766 5464 ad
2799 5411 2976 5480 ipsum
2993 5425 3156 5466 voces
3179 5411 3414 5480 profert?
3431 5413 3560 5479 Ave,
3581 5431 3708 5484 gra-

2129 5505 2206 5558 tia
2231 5505 2406 5574 plena,
2449 5501 2707 5558 Dominus
2751 5513 2940 5558 tecum.
2973 5503 3096 5560 llaec
3143 5504 3338 5574 partim
3361 5505 3580 5576 quidem
3641 5509 3710 5562 ad

2128 5613 2408 5668 Sponsam,
2487 5599 2683 5666 partim
2749 5613 2876 5652 vero
2943 5597 3216 5668 pertinent
3283 5597 3348 5652 ad
3415 5613 3704 5669 sponsum.

2127 5689 2146 5762 (
2179 5687 2484 5760 Utrumque
2510 5687 2657 5744 enim
2689 5688 2912 5760 angelus
2943 5695 3188 5758 przestat,
3215 5697 3269 5744 et
3295 5687 3312 5758 )
3349 5689 3452 5744 alia
3479 5689 3702 5761 quidem

2127 5785 2229 5855 ipsi
2263 5797 2476 5853 sponsae
2505 5791 2772 5850 testatur,
2815 5781 2920 5838 alia
2977 5793 3170 5840 autem.
3213 5783 3522 5854 pollicetur.
3583 5781 3725 5840 Bri-
