4164 6424
575 512 685 579 819

1826 520 1860 581 Ι
1864 519 2070 582 OANN
2078 519 2151 581 IS
2183 520 2621 583 GEOME'I‘RIE

3721 519 3835 586 820

568 640 721 682 mum
745 641 983 698 namque
998 636 1101 696 est,
1128 628 1298 699 ipsam
1334 644 1431 700 per
1465 628 1730 701 Spiritum
1772 640 2022 688 sanetum
2049 630 2161 701 jam

2268 632 2391 689 σθαι
2420 632 2627 706 ταύτην
2656 633 2721 688 ὲκ
2769 633 3111 703 Πνεύματος,
3147 630 3244 684 καὶ
3294 628 3452 693 ἀξίαν
3503 630 3837 699 γεγενῆσθαι

565 717 739 787 gratia
756 718 970 788 plenam
993 718 1477 789 esse,dignamque
1491 732 1599 775 tam
1619 722 1867 792 angustis
1883 722 2154 791 sponsali-

568 808 672 864 bus
696 808 943 864 effectam
965 809 1155 866 fuisse.
1179 809 1223 865 0
1244 810 1384 867 elata
1403 811 1550 866 illius
1575 826 1740 882 supra
1769 822 2024 866 naturam
2050 826 2152 867 na-

567 913 711 965 tura,
754 916 861 956 non
894 904 1089 959 anima:
1125 902 1324 968 solum,
1365 903 1461 959 sed
1501 904 1666 959 etiam
1690 903 1959 974 corporis,
1984 919 2149 973 quam

568 993 638 1047 ob
668 1008 784 1048 rem
812 992 1051 1064 Spiritus
1075 996 1249 1050 sancti
1284 995 1541 1051 virtutem
1590 997 1766 1066 magis
1795 997 1956 1051 etiam
1988 1012 2151 1067 quam

568 1092 771 1140 sancta:
792 1095 1116 1141 eaeterorum
1148 1088 1343 1142 animae
1362 1088 1464 1143 sibi
1488 1089 1744 1143 attraxit!
1778 1088 1836 1142 In
1865 1088 1984 1143 istis
2005 1088 2150 1142 enim

566 1175 655 1228 vix
688 1174 819 1243 ipsa:
848 1190 1071 1246 quoque
1089 1176 1309 1243 animae,
1338 1185 1617 1247 utcunque
1642 1177 1837 1248 spiritu
1856 1178 2150 1233 admodum

566 1264 893 1330 emundata),
922 1268 1122 1320 mirum
1159 1281 1321 1336 quam
1346 1266 1547 1337 exiguo
1574 1269 1863 1337 splendore
1893 1269 2147 1323 niterent.

569 1358 626 1414 In
660 1358 761 1412 bac
796 1372 925 1412 vero
954 1358 1038 1413 vel
1068 1360 1185 1428 ipsa
1218 1372 1350 1414 caro
1374 1359 1730 1428 plenitudinis
1762 1358 2000 1429 Spiritus
2050 1360 2153 1415 do-

570 1448 834 1503 mieilium
863 1448 986 1513 fuit,
1022 1448 1254 1519 Filiique
1294 1447 1537 1512 ofﬁcina,
1597 1464 1693 1504 seu
1750 1450 1930 1519 potius
1976 1450 2149 1519 ipsam

568 1540 699 1597 huic
729 1540 1013 1596 materiam
1048 1540 1295 1611 praebuit,
1321 1550 1375 1597 et
1396 1542 1633 1611 puritate
1668 1542 2007 1611 temperavit.

648 1631 743 1689 XI.
787 1631 982 1689 Verum
1016 1632 1119 1689 ista
1155 1633 1377 1703 quidem
1429 1633 1493 1688 ad
1552 1647 1806 1701 Sponsam
1859 1634 2148 1703 pertinent.

577 1722 730 1797 [Haec
758 1732 909 1789 sunt,
944 1724 1009 1781 de
1032 1725 1232 1793 quibus
1264 1724 1534 1795 (angelus)
1574 1724 1780 1793 Virgini
1812 1724 1969 1779 [idem
1999 1723 2152 1797 facit]

571 1813 730 1882 Quod
790 1828 919 1869 vero
948 1822 1172 1885 propter
1215 1814 1434 1869 dolores
1479 1812 1609 1869 olim
1660 1816 1957 1869 intentatos
1986 1816 2008 1847 ⁸
2064 1813 2152 1888 [ac

570 1918 792 1981 propter
830 1917 1066 1964 veterem
1109 1908 1256 1962 illam
1290 1907 1619 1963 sententiam
1657 1907 1999 1973 solvendam,
2050 1909 2154 1963 hoc

2260 725 2429 780 τῶνδε
2468 725 2578 780 τῶν
2611 725 3043 796 νυμφευμάτων.
3084 724 3151 775 Ὢ
3187 723 3285 792 τῆς
3317 720 3459 791 ὑπὲρ
3488 720 3651 790 φύσιν
3686 722 3835 775 ὲκεί-

2262 836 2360 889 νης
2393 818 2628 887 φύσεως,
2664 819 2726 871 ού
2756 818 2938 888 ψυχῆς
2974 817 3160 887 μόνον,
3184 813 3323 869 ἀλλὰ
3351 815 3449 868 καὶ
3487 814 3762 882 σώματος,
3801 816 3839 887 ἢ

2263 912 2357 963 καὶ
2406 910 2570 964 πλέον
2622 910 2734 964 τῶν
2758 912 2908 981 ’παρ’
2953 909 3136 971 ἄλλοις
3184 906 3357 973 ἁγίων
3394 906 3585 977 ψυχῶν
3618 907 3831 961 ἔσπασε

2260 1003 2356 1057 τοῦ
2387 1002 2711 1072 Πνεύματος
2734 1002 2834 1072 τὴν
2862 1001 3165 1072 ἐνέργειαν.
3206 999 3323 1055 Ἐπ’
3349 999 3575 1054 ἐκείνων
3602 999 3701 1069 μὲν
3728 1000 3841 1070 γὰρ

2263 1094 2416 1165 μόλις
2446 1096 2541 1148 καλ⁸
2567 1095 2625 1148 al
2662 1093 2856 1164 ψυχαὶ,
2908 1094 3005 1147 καὶ
3057 1086 3222 1147 αὗται
3258 1092 3379 1145 λίαν
3422 1089 3843 1162 κεκαθαρμέναι

2258 1186 2336 1253 τῷ
2379 1184 2679 1256 Πνεύματι,
2708 1186 2911 1257 μικρὸν
2954 1185 3080 1238 ὅσον
3114 1183 3630 1253 περιελάμφθησαν·
3666 1180 3845 1252 ταύτῃ

2259 1277 2317 1332 δὲ
2347 1278 2443 1331 καὶ
2474 1278 2508 1347 ὴ
2540 1276 2679 1346 σὰρξ
2730 1277 2856 1331 ὅλου
2896 1274 2992 1329 τοῦ
3046 1274 3365 1342 Πνεύματος
3393 1274 3710 1344 οἰκητήριον
3744 1274 3843 1326 καὶ

2259 1368 2623 1438 ἐργαστήριον
2660 1367 2754 1421 τοῦ
2795 1366 2950 1421 Υίοῦο
2981 1367 3183 1437 μᾶλλον
3228 1365 3286 1419 δὲ
3311 1365 3406 1418 καὶ
3437 1363 3536 1435 τὴν
3575 1362 3712 1434 ὕλην
3738 1362 3842 1416 a6-

2258 1457 2358 1526 τὴν
2376 1456 2526 1527 αύτῷ
2546 1457 2925 1530 παρεχομένη,
2950 1457 3047 1510 καὶ
3073 1453 3495 1525 συγκιρνωμιίνη
3520 1453 3609 1507 διὰ
3636 1451 3845 1522 καθάρ-

2258 1565 2420 1611 σεως.

2338 1637 2441 1692 ΙΔ’.
2485 1636 2649 1690 Ἀλλὰ
2678 1636 2854 1690 ταῦτα
2886 1636 2986 1707 μὲν
3032 1637 3099 1689 τὰ
3130 1638 3228 1705 τῆς
3256 1635 3500 1705 νύμφης.
3529 1633 3739 1705 [Τοῦτο
3768 1636 3837 1703 τῇ

2258 1730 2399 1800 κόρῃ
2437 1729 2756 1801 μαρτυρεϊ.]
2785 1729 2859 1781 Τὸ
2888 1727 2946 1780 δὲ
2993 1728 3090 1781 καὶ
3133 1728 3307 1797 αὐτὴν
3339 1726 3478 1797 αὐτῇ
3509 1725 3837 1795 χαρίζεσθαι

2258 1820 2357 1889 τὴν
2388 1820 2561 1891 χαρὰν
2598 1819 2708 1893 [διὰ
2730 1819 2831 1891 τὴν
2858 1818 3028 1874 πάλαι
3060 1818 3261 1889 λύπην,
3299 1818 3396 1871 καὶ
3430 1817 3531 1889 τὴν
3558 1815 3719 1869 λύσιν
3743 1815 3843 1884 τῆς

2259 1912 2613 1980 ἀποφάσεως,
2638 1910 2796 1965 τοῦτο
2826 1912 2858 1980 ἠ
2895 1909 3222 1978 ἐπαγγελία.
3246 1909 3357 1962 Καὶ
3387 1908 3452 1961 τὸ
3475 1909 3595 1976 μὲν,
3627 1908 3832 1976 Χαῖρε,

570 2001 735 2057 etiam
763 2000 1019 2073 gaudium
1051 1998 1153 2070 ipsi
1186 1999 1430 2068 jucunde
1457 1999 1735 2062 exhibeat,
1767 2000 1834 2054 ad
1884 2000 2153 2068 pollicita-

2268 2004 2423 2056 )iove‘t
2450 2001 2727 2074 μνῆστρον
2775 2000 2871 2054 τοῦ
2905 2000 3141 2071 νυμφίου
3172 2001 3298 2067 [καὶ
3345 1998 3626 2071 ἀρραϐών·
3661 1998 3726 2052 τὸ
3763 1999 3841 2065 δὲ,

569 2094 750 2149 tiones
783 2092 835 2148 id
871 2091 1126 2162 pertinet.
1163 2091 1229 2146 Et
1253 2090 1383 2145 illud
1405 2091 1625 2161 quidem
1658 2090 1786 2155 Ave,
1834 2092 1995 2162 quasi
2052 2107 2160 2147 nu-

2268 2092 2666 2165 κεκαρπῶσθαι
2720 2094 2841 2156 ταῖς
2904 2092 3149 2163 ἀρεταῖς,
3208 2090 3367 2145 τοῦτο
3428 2090 3525 2160 τῆς
3561 2088 3786 2160 νύμφης
3816 2091 3846 2143 δ

580 2186 745 2256 ptiale
778 2185 964 2255 sponsi
994 2200 1195 2239 munus
1228 2194 1334 2251 est,
1365 2192 1422 2239 et
1444 2183 1606 2239 arrha
1636 2183 1819 2252 ;quod
1851 2194 2034 2239 autem
2080 2184 2163 2239 ni-

2268 2187 2515 2249 πλοῦτος.
2556 2186 2629 2239 Τδ
2660 2185 2715 2239 δὲ
2744 2188 2840 2239 καὶ
2868 2184 2931 2239 '0
2951 2185 3167 2252 Κύριος
3189 2187 3343 2254 μετὰ
3379 2181 3519 2245 σοῦ,
3564 2182 3699 2236 αὐτὸ
3748 2181 3846 2250 τῆς

571 2287 687 2332 tore
709 2277 967 2331 virtutum
987 2275 1101 2345 ipsa
1118 2276 1185 2329 sit
1204 2276 1379 2346 gratia
1394 2275 1571 2345 plena,
1593 2276 1675 2330 ha:
1702 2286 1833 2331 sunt
1846 2290 2061 2345 sponsa:
2081 2276 2163 2330 di-

2268 2277 2598 2348 ιπαγγελίας
2620 2278 2683 2332 τὸ
2714 2277 2890 2343 τέλος,
2916 2278 3081 2341 αὐτὸς
3124 2279 3153 2331 ὁ
3184 2276 3419 2347 νυμφίος
3463 2274 3713 2344 εὔλογος,
3768 2274 3845 2336 ὠς

568 2370 735 2426 vitim.
768 2367 871 2425 Sed
899 2377 954 2423 et
981 2368 1145 2434 illud,
1180 2368 1441 2423 Dominus
1469 2380 1638 2422 tecum
1662 2408 1677 2432 ,
1706 2370 1810 2423 boc
1836 2369 2012 2438 ipsum
2064 2384 2163 2439 po-

2268 2371 2443 2439 Λόγος
2470 2368 2561 2423 διὰ
2587 2369 2749 2438 λόγου
2792 2369 2889 2422 καὶ
2924 2368 3023 2423 σὺν
3050 2368 3129 2439 τῷ
3170 2368 3316 2440 λόγῳ
3361 2367 3457 2421 κα)⁵
3510 2366 3656 2437 ὑπὲρ
3691 2365 3847 2432 λόγον

585 2459 864 2514 tissimum
907 2467 1011 2523 est,
1040 2458 1185 2527 quod
1247 2458 1615 2529 promittitur,
1686 2459 2008 2515 benedictus
2042 2461 2160 2530 ipse

2268 2461 2355 2534 τὴν
2388 2462 2581 2517 ἕνωσιν
2612 2458 3001 2532 ἐργαζόμενος·
3040 2460 3121 2531 (τὸ
3147 2459 3204 2513 δὲ
3225 2462 3321 2514 καὶ
3348 2460 3465 2530 μετ’
3487 2459 3660 2526 αὐτῆς
3688 2456 3846 2511 αὐτὸν

570 2551 941 2623 sponsus,qui
985 2560 1244 2619 tanquam
1287 2549 1523 2604 Verbum
1573 2565 1670 2620 per
1714 2551 1957 2606 verbum
2009 2561 2063 2607 et
2085 2552 2161 2607 si-

2268 2552 2533 2621 γενέσθαι,
2553 2553 2712 2605 τοῦτο
2732 2552 2791 2604 τὸ
2819 2550 2993 2621 δῶρον
3019 2551 3148 2615 πᾶν,
3179 2549 3339 2603 τοῦτο
3362 2549 3471 2610 πᾶς
3503 2549 3531 2601 δ
3563 2547 3661 2600 τοῦ
3710 2563 3845 2615 νυμ-

573 2643 687 2701 muI
714 2658 841 2699 cum
870 2642 1036 2697 verbo
1066 2652 1119 2696 et
1152 2656 1317 2712 supra
1356 2657 1523 2712 quam
1555 2642 1738 2697 verbis
1778 2641 1932 2699 eﬂ'ari
1978 2642 2161 2708 liceat,

2268 2646 2388 2715 φίου
2449 2643 2703 2709 πλοῦτος,
2759 2646 2828 2714 τῇ
2875 2643 3066 2715 νύμφῃ
3122 2642 3288 2705 αὐτὸς
3346 2643 3375 2695 ὁ
3421 2640 3707 2710 νυμφίος.)
3737 2639 3847 2693 Καὶ

573 2735 1016 2807 conjunctionem
1037 2736 1380 2803 exsequitur,
1423 2736 1497 2805 (et
1536 2736 1681 2805 quod
1722 2745 1981 2806 praeterea
2038 2752 2163 2792 eum

2268 2737 2499 2809 νυμφίος
2534 2738 2563 2790 ὁ
2592 2738 2755 2801 αὐτὸς
2795 2736 2934 2807 ὁμοῦ
2976 2737 3070 2790 καὶ
3108 2734 3299 2805 Πατὴρ
3340 2734 3436 2787 καὶ
3466 2733 3595 2795 Υἱὸς
3624 2732 3847 2803 γινόμε-

574 2844 639 2885 ea
688 2829 804 2898 ipse
840 2836 1179 2899 permaneat,
1202 2828 1307 2883 lioc
1338 2828 1479 2883 idem
1498 2839 1584 2885 est
1612 2844 1775 2884 omne
1838 2831 2063 2894 donum,
2110 2832 2161 2884 in

576 2918 685 2975 hoc
707 2924 837 2973 sunt
857 2931 1048 2971 omnes
1078 2915 1265 2985 sponsi
1297 2916 1523 2982 divitiae,
1563 2925 1623 2971 ut
1658 2933 1860 2984 Sponsa
1885 2934 2148 2987 sponsum

577 3009 759 3079 ipsum
793 3007 1036 3074 habeat).
1095 3004 1162 3061 Et
1192 3005 1309 3076 ipse
1330 3005 1552 3075 quidem
1606 2996 1846 3077 sponsus
1906 3008 2069 3064 simul
2109 3019 2164 3064 et

576 3100 741 3155 Pater
772 3097 953 3154 evadit
970 3105 1025 3153 et
1051 3094 1244 3162 Filius,
1266 3096 1469 3167 quippe
1492 3097 1587 3167 qui
1611 3106 1665 3152 et
1689 3098 1805 3168 ipse
1826 3108 1979 3154 sator
2007 3108 2091 3154 est
2109 3108 2164 3155 et

577 3192 698 3262 ipse
723 3200 900 3258 satus,
930 3205 1025 3246 seu
1048 3190 1252 3260 potius,
1290 3187 1458 3243 veluti
1515 3189 1805 3259 coagulum
1837 3191 2038 3247 virtute
2060 3206 2161 3247 sua

2268 2847 2381 2894 νος,
2414 2830 2491 2894 ὠς
2529 2828 2693 2892 αὐτὸς
2722 2829 2821 2898 μὲν
2852 2827 3116 2898 σπείρων,
3150 2826 3313 2889 αὐτὸς
3366 2824 3423 2877 δὲ
3464 2823 3846 2893 σπειρόμενος,

2271 2920 2476 2991 μᾶλλον
2507 2921 2587 2985 δὲ,
2618 2920 2807 2991 ὥσπερ
2870 2919 3003 2983 ὀπὸς
3052 2918 3214 2987 γάλα,
3258 2917 3358 2989 τὴν
3404 2917 3533 2985 ὃλην
3560 2914 3728 2984 φύσιν
3771 2932 3850 2968 νι-

2270 3014 2407 3078 κῶν,
2434 3016 2528 3068 καὶ
2563 3012 2745 3084 ἑαυτῷ
2775 3011 3186 3084 περιπλάττων.
3221 3005 3348 3065 Οἶον
3373 3009 3431 3063 δὲ
3462 3008 3557 3063 καὶ
3594 3007 3659 3061 τὸ
3684 3009 3846 3077 ἀκρο-

2268 3104 2572 3159 τελεύτιονῑ
2608 3103 2685 3169 ὡς
2720 3101 3096 3175 πληρέστατόν
3124 3118 3185 3156 τε
3220 3102 3338 3171 ἅμα
3370 3099 3467 3154 καὶ
3497 3095 3846 3167 συντομώτα-

2270 3214 2362 3252 τον
2384 3195 2427 3270 I]

573 3282 660 3340 lae
686 3282 1030 3353 constringit,
1065 3283 1182 3352 ipse
1216 3278 1483 3353 integram
1510 3282 1616 3337 sibi
1641 3282 1866 3353 subjicit
1916 3292 2193 3353 naturam,
2234 3304 2465 3361 eamque
2492 3289 2791 3346 ell‘ormans
2856 3288 2961 3344 sibi
2995 3285 3323 3344 circumdat.
3349 3282 3541 3351 Qualis
3568 3295 3740 3353 porro
3768 3289 3847 3337 est

575 3375 727 3434 etrei
754 3374 956 3441 exitus,
996 3388 1162 3445 quam
1193 3373 1525 3430 immensum
1558 3374 1723 3430 simul
1763 3390 1901 3446 opus
1954 3383 2039 3432 est
2068 3421 2083 3444 ,
2106 3388 2161 3434 et
2199 3383 2437 3437 maxime
2470 3378 2975 3453 compendiosuml]

642 3466 956 3543 [Benedicta
997 3470 1129 3523 tuin
1160 3469 1496 3533 mulieribus,
1527 3480 1717 3539 aperte
1755 3485 1865 3540 prie
1900 3473 2161 3528 omnibus

2340 3475 2760 3548 [Εὐλογημένη
2789 3474 2872 3530 σὺ
2911 3474 2983 3528 ἐν
3015 3472 3280 3544 γυναιξὶ,
3314 3468 3467 3539 παρὰ
3507 3466 3693 3530 πάσας
3719 3463 3848 3536 ὁμοῦ

574 3563 787 3635 pariter
823 3561 1173 3617 mulieribus.
1209 3561 1314 3616 Sed
1355 3570 1410 3616 et
1441 3562 1744 3617 benedicta:
1778 3578 2005 3632 prorsus
2030 3564 2083 3617 in
2114 3575 2167 3620 te

579 3652 861 3717 mulieres,
893 3652 1356 3723 quemadmodum
1396 3662 1451 3707 et
1476 3654 1579 3707 viri
1616 3655 1667 3708 in
1694 3652 1835 3708 Filio
1882 3665 2013 3721 tuo;
2069 3672 2167 3712 seu

581 3745 768 3813 p0tius
798 3743 1074 3799 benedicti
1106 3742 1328 3812 utrique
1381 3742 1436 3797 in
1488 3755 1744 3813 utroque.
1796 3745 1971 3801 Sicuti
2020 3748 2167 3802 enim

584 3851 682 3906 per
717 3851 881 3890 unam
909 3844 963 3891 et
992 3851 1089 3906 per
1113 3851 1305 3901 unum,
1334 3836 1615 3892 mulierem
1649 3837 1861 3894 scilicet
1886 3850 1941 3895 et
1964 3840 2167 3907 virum,

585 3925 900 3981 maledictio
927 3933 982 3979 et
1008 3924 1211 3989 luctus,
1247 3925 1328 3980 sic
1353 3924 1519 3980 etiam
1574 3941 1723 3982 nunc
1754 3942 1850 3997 per
1902 3944 2074 3983 unum
2115 3940 2171 3986 et

583 4035 680 4090 per
708 4033 870 4072 unam
893 4027 946 4072 et
971 4018 1275 4074 benedictio
1297 4028 1349 4073 et
1373 4017 1634 4091 gaudium
1656 4020 1822 4075 etiam
1844 4020 1901 4076 in
1925 4020 2168 4093 reliquos

584 4124 779 4165 omnes
807 4108 1038 4164 effusum
1063 4116 1147 4164 est
1179 4108 1313 4181 (l).]

656 4220 773 4277 XII.
803 4219 1003 4277 Verum
1038 4221 1125 4277 hic
1150 4222 1405 4283 observa,
1448 4222 1724 4291 quomodo
1758 4224 2046 4292 praesentia
2066 4224 2169 4278 ista

585 4315 830 4384 antiquis
855 4314 963 4368 illis
990 4314 1174 4367 omnia
1206 4329 1269 4368 ex
1301 4314 1533 4370 adverso
1562 4330 1619 4369 se
1654 4315 1910 4371 habeant.
1937 4314 2071 4380 Illic,
2104 4314 2173 4369 In

586 4406 771 4461 dolore
799 4407 973 4474 paries
993 4406 1170 4474 ﬁlios,“
1200 4423 1214 4470 ;
1251 4405 1360 4468 bic,
1397 4405 1522 4470 Ave,
1548 4405 1896 4473 cttristitiam
1922 4406 2170 4476 eiiciens,

588 4510 643 4551 et
677 4498 919 4551 laetitiam
948 4497 1003 4550 in
1026 4496 1200 4551 vicem
1245 4497 1395 4550 illius
1451 4496 1718 4552 inducens
1749 4497 1899 4563 ;illic
1948 4498 2173 4553 tristitia

588 4590 747 4661 praeit
776 4588 1041 4658 parientis
1074 4588 1377 4650 doloribus,
1413 4586 1634 4642 dolores
1688 4602 1822 4642 vero
1891 4588 2171 4643 tristitiam

589 4683 873 4752 excipiunt
902 4698 917 4748 ;
947 4682 1259 4749 iterumque
1280 4679 1499 4735 dolores
1525 4680 1745 4734 tristitia
1765 4680 2174 4749 excipit,tristi-

592 4775 841 4843 tiamque
867 4773 1087 4828 dolores
1109 4770 1197 4844 [ac
1209 4771 1356 4841 jugis
1376 4787 1746 4825 aerumnarum
1782 4770 2131 4843 vicissitudo]
2157 4790 2170 4838 ;

2270 3570 2475 3641 δηλαδὴ
2502 3570 2600 3633 τὰς
2623 3572 2911 3638 γυναῖκας.
2960 3567 3121 3622 Ἀλλὰ
3169 3567 3266 3621 καὶ
3302 3561 3676 3633 εύλογημέναι
3721 3558 3848 3612 ’πάν⁵

2270 3680 2379 3724 τως
2404 3664 2462 3715 ὲν
2492 3662 2578 3715 σοὶ
2608 3663 2665 3716 al
2705 3663 2988 3729 γυναῖκες,
3021 3657 3280 3727 καθάπερ
3334 3657 3432 3710 καὶΙ
3481 3654 3531 3706 οἱ
3574 3653 3769 3722 ἄνδρες
3795 3650 3848 3702 ὲν

2269 3755 2349 3825 τῷ
2380 3754 2517 3824 Υίῷο
2556 3753 2759 3825 μᾶλλον
2815 3752 2873 3806 δὲ
2905 3753 3001 3805 καὶ
3041 3752 3101 3805 ἐν
3153 3748 3487 3820 ἀμφοτέροις
3521 3745 3841 3815 ἀμφότεροι.

2271 3843 2542 3915 Καθάπερ
2574 3844 2684 3912 γὰρ
2715 3841 2803 3895 διὰ
2844 3841 2973 3911 μιᾶς
3002 3840 3098 3894 καὶ
3126 3839 3269 3904 ἑνὸς,
3312 3835 3571 3907 γυναικὸς
3597 3834 3698 3888 καὶ
3752 3832 3841 3886 ἀνα

2270 3933 2416 4005 δρὸς,
2450 3934 2486 4004 ἡ
2531 3932 2641 4003 ἀρὰ
2683 3932 2776 3985 καὶ
2808 3930 2977 4001 λύπη,
3008 3930 3152 3983 οὕτω
3180 3929 3275 3983 καὶ
3327 3927 3421 3981 νῦν
3457 3924 3548 3979 διὰ
3595 3925 3726 3995 μιᾶς
3755 3920 3843 3975 καὶ
3894 3917 3901 3927 ’

2272 4024 2391 4088 ἑνὸς
2430 4026 2463 4094 ἡ
2494 4023 2715 4093 εὐλογία
2768 4040 2828 4078 τε
2858 4021 2954 4076 καὶ
2978 4022 3123 4095 χαρά
3162 4022 3260 4076 καὶ
3294 4020 3406 4084 τοῖς
3433 4017 3616 4082 ἄλλοις
3679 4015 3841 4071 ἅπασι

2272 4116 2535 4188 διεδόθη.]

2348 4225 2449 4280 ων.
2497 4224 2636 4279 Ἀλλ’
2676 4197 2799 4297 ὄρῖ,
2829 4226 2949 4289 πῶς
2995 4224 3255 4278 ἀντίθετα
3303 4225 3418 4285 τοῖς
3464 4221 3635 4275 πάλαι
3673 4218 3841 4272 πάντα

2273 4320 2343 4373 τὰ
2376 4319 2490 4375 νῦν.
2537 4320 2703 4382 Ἐκεῖ,
2754 4319 2857 4372 Ἐν
2888 4319 3117 4381 λύπαις
3163 4315 3307 4383 τέξῃ
3356 4315 3561 4368 τέκνω
3594 4308 3842 4366 ἐνταῦθα.

2275 4409 2469 4477 Xar'pa,
2496 4410 2591 4462 καὶ
2609 4408 2708 4479 τὴν
2735 4408 2913 4477 λύπην
2934 4405 3234 4465 ἐκϐάλλων,
3264 4403 3358 4457 xui.
3387 4399 3727 4467 ἀντεισάγων
3754 4394 3843 4462 τὴν

2275 4499 2618 4569 ἀγαλλίασιν*
2664 4499 2800 4563 ἐκεῖ,
2833 4497 3003 4550 λύπαι
3036 4497 3134 4566 μὲν
3157 4489 3699 4566 προηγούμεναιτῶν
3726 4483 3841 4538 ὠδί-

2276 4610 2403 4660 νων,
2426 4592 2616 4653 ὠδῖνες
2632 4589 2803 4654 δὲτὰς
2820 4589 2997 4654 λύπας
3019 4586 3412 4658 διαδεχόμεναι·
3440 4582 3536 4636 καὶ
3560 4581 3723 4635 πάλιν
3756 4576 3844 4638 τὰς

2276 4684 2472 4744 ὠδῖνας
2516 4680 2705 4746 λύπαι,
2736 4681 2831 4733 καὶ
2882 4680 2983 4743 τὰς
3040 4677 3216 4741 λύπας
3266 4673 3607 4746 ὠδῖνες[καὶ
3654 4666 3841 4727 κύκλος

2281 4771 2627 4843 συμφορῶν·]
2660 4771 2745 4824 ἀεὶ
2791 4770 2903 4841 γὰρ
2943 4770 2983 4837 ἡ
3035 4763 3393 4834 ἀποστροφὴ
3424 4762 3575 4830 πρὸς
3621 4760 3729 4814 τὸν
3755 4756 3846 4809 ἄν·

590 4880 810 4937 semper
838 4866 982 4922 enim
1041 4865 1111 4918 ad
1145 4866 1319 4918 uirum
1367 4864 1634 4916 conversio
1658 4863 1679 4894 '
1712 4903 1729 4927 ,
1754 4873 1810 4917 et
1852 4875 2163 4937 conceptus,

2282 4864 2415 4932 δρα,
2473 4864 2572 4917 καὶ
2612 4865 2647 4932 ἠ
2698 4861 2981 4931 σύλληψις,
3036 4859 3133 4913 καὶ
3181 4859 3218 4929 ἡ
3267 4853 3562 4924 ὲπικύησις
3610 4853 3712 4908 καὶ
3748 4848 3845 4902 τῶν

591 4960 839 5016 ﬁliorum
868 4958 1034 5015 simul
1060 4974 1125 5013 ac
1152 4958 1405 5013 dolorum
1436 4954 1670 5024 gestatio
1698 4997 1712 5015 ,
1784 4954 1873 5009 bic
1947 4970 2078 5009 vero
2114 4963 2171 5009 et

591 5054 855 5123 gaudium
875 5052 1169 5124 puerperio
1192 5058 1406 5121 praeest,
1441 5056 1497 5102 et
1527 5046 1728 5113 gaudio
1759 5046 1876 5115 ipsa
1906 5055 1990 5101 est
2044 5045 2173 5100 obs-

592 5143 755 5200 tetrix
782 5145 979 5215 gratia,
1003 5152 1058 5197 et
1088 5152 1204 5197 tum
1240 5138 1473 5209 gestatio
1504 5136 1713 5201 suavi’s,
1741 5148 1798 5191 et
1837 5136 2059 5191 suavior
2085 5136 2172 5190 di-

2284 4956 2493 5009 τέκνων
2544 4954 2662 5025 ἅμα
2718 4954 2815 5008 καὶ
2868 4953 2979 5007 τῶν
3008 4951 3234 5005 ὠδίνων
3284 4947 3521 5002 ἐνταῦθα
3558 4943 3703 5017 χαρὰ
3754 4940 3841 5010 μὲν

2282 5045 2522 5117 ὴγήτρια
2547 5043 2656 5099 τῶν
2700 5044 2927 5098 ὠδίνων·
2960 5042 3063 5112 τῆς
3101 5041 3161 5094 δὲ
3190 5040 3365 5112 χαρᾶς
3413 5039 3449 5108 ἡ
3502 5036 3664 5107 χάρις
3714 5028 3839 5098 αὑτὴ

2283 5136 2595 5209 μαιεύτρια,
2628 5138 2723 5191 καὶ
2754 5137 2985 5205 γλυκεῖα
3020 5134 3118 5204 μὲν
3147 5134 3181 5200 ἡ
3214 5130 3503 5203 κυοφορία,
3542 5122 3838 5199 γλυκυτέρα

663 5344 687 5376 ³
711 5340 848 5399 Gen.
876 5356 961 5409 ιιι,
996 5341 1082 5395 16.
1116 5334 1486 5407 Multiplieabo
1505 5349 1771 5389 wrumnas
1805 5335 2060 5392 tuas...'et
2088 5335 2140 5387 in
2163 5333 2343 5388 dolore
2370 5335 2544 5401 paries
2566 5334 2729 5403 ﬁlios.
2805 5334 2827 5366 ⁸
2852 5333 2987 5389 ibid.
3060 5334 3082 5366 "
3109 5331 3245 5388 ibid.

668 5526 750 5598 (I)
783 5522 923 5598 '[ota
958 5524 1075 5579 haec
1108 5525 1482 5594 paragrapbus
1523 5524 1604 5598 sie
1646 5522 1836 5593 paucis
1886 5520 2177 5576 exhibetur

597 5599 653 5653 in
679 5593 749 5651 VS.
790 5597 1016 5650 Thonue
1053 5605 1244 5650 catena
1278 5593 1439 5649 aurea
1477 5613 1489 5649 :
1530 5593 1645 5649 Hoc
1688 5604 1865 5647 autem
1898 5604 1976 5645 est
2009 5599 2177 5644 totum

601 5667 878 5738 legationis
910 5666 1367 5738 complementum.
1399 5665 1493 5720 Dei
1516 5667 1655 5738 enim
1682 5662 1908 5717 Verbum
1937 5672 1995 5714 ut
2019 5677 2178 5738 spon-

600 5733 688 5791 sus
721 5751 879 5802 supra
910 5733 1170 5789 rationem
1220 5737 1461 5789 union’em
1486 5736 1728 5805 efﬁciens.
1759 5745 2027 5801 tamquam
2067 5733 2177 5805 ipse

601 5809 899 5872 germinans
937 5808 1175 5873 idemque
1219 5802 1569 5875 germinatus,
1600 5815 1768 5857 totam
1796 5812 2044 5865 naturam
2073 5802 2176 5875 lcu-

603 5871 819 5927 inauam
858 5876 958 5927 sibi
988 5871 1097 5942 ipsi
1126 5871 1491 5943 con'formavit.
1529 5874 1783 5928 Ultimum
1816 5871 2175 5943 veroAponitur

610 5951 877 6009 ιαειεᾳιιαιη
904 5940 1339 6013 perfectissimum
1369 5957 1418 6002 et
1453 5944 1872 6014 compendiosum
1899 5958 1917 5997 ς
1946 5940 2175 5999 Benedi-

2283 5528 2371 5574 cta
2399 5526 2455 5572 tu
2488 5518 2542 5573 in
2576 5518 2900 5573 mulieribus
2931 5534 2948 5572 :
2974 5532 3081 5570 una
3118 5514 3318 5586 scilicet
3358 5526 3471 5581 pra!
3505 5509 3706 5586 cunctis
3740 5518 3845 5586 ut“:

2276 5590 2491 5644 lien-ibus
2521 5604 2538 5641 :
2563 5601 2619 5644 ut
2658 5589 2821 5643 etiam
2853 5587 3230 5641 benedicuntur
3258 5584 3316 5636 iu
3356 5578 3404 5637 te
3429 5582 3696 5644 mulieres,
3724 5578 3844 5644 sicut

2276 5643 2448 5714 inares
2484 5661 2537 5713 in
2566 5643 2702 5727 ﬁlio,
2745 5660 2835 5713 sed
2875 5660 3043 5728 magis
3084 5667 3300 5725 uterque
3327 5654 3382 5708 in
3413 5643 3686 5721 utrisque.
3709 5643 3842 5728 veliti

2274 5732 2435 5801 enim?
2460 5725 2573 5801 per‘
2598 5745 2760 5801 unum
2804 5725 3057 5801 [emittant
3084 5737 3133 5782 et
3163 5741 3324 5801 unum
3358 5739 3558 5776 murem
3588 5725 3840 5801 peccaluttt

2275 5800 2436 5855 simul
2461 5788 2528 5854 ἐι
2577 5788 3089 5861 tristitia'intravit;
3130 5798 3218 5869 sic_
3241 5804 3309 5869 et
3332 5810 3471 5869 nunc
3494 5808 3585 5869 per
3620 5788 3839 5869 unane!

2276 5852 2439 5925 unum
2466 5852 2755 5925 neiiedictio
2781 5879 3021 5926 revocata
3046 5852 3121 5924 est
3138 5876 3185 5921 et
3202 5866 3413 5929 laztitia,
3440 5852 3502 5918 ρι’
3519 5862 3585 5917 ad
3614 5852 3835 5927 εἱηθαιοδ

2274 5951 2351 5997 est
2384 5941 2631 6012 profusd.
