4164 6422
447 476 546 540 821

1234 485 1489 547 SERMO
1529 488 1610 549 IN
1653 489 1753 550 SS.
1799 491 2150 554 DEIPAﬂzE
2185 495 2906 567 ANNUNTIATIONEM.

3593 505 3700 567 822

446 591 500 642 δὲ
531 589 564 659 ἡ
589 586 864 654 οεοτοκία,
886 589 983 642 καὶ
1012 590 1109 660 τῆς
1140 593 1411 662 κοσμικῆς
1445 592 1698 657 εὐτοκίας
1716 595 2018 668 αὐτουργὸς

2129 602 2287 659 vinus
2344 603 2430 660 ille
2458 612 2665 675 partus,
2699 608 2792 677 qui
2855 608 3022 664 totius
3100 609 3288 665 mundi
3354 611 3699 673 fretinditatis

447 680 586 750 ὁμοῦ
619 681 712 734 καὶ
745 681 1102 751 προάγγελος.

524 774 620 826 II".
657 774 829 846 [Ὅρα
863 792 954 844 μοι
999 775 1098 843 τῆς
1144 775 1425 848 Παρθένου
1467 781 1566 850 τὴν
1616 781 1866 852 καθαράν
1921 782 2022 834 καὶ

450 865 618 936 σοφὴν
660 867 754 919 καὶ
787 866 968 938 ψυχὴν
993 865 1129 937 ὁμοῦ
1164 871 1256 923 καὶ
1290 872 1493 942 φωνήν.
1548 874 1742 944 Χαρόιν
1784 873 2022 927 ἀκούσα-

451 977 539 1024 σα,
569 959 670 1030 ούχ
705 959 931 1029 ἦπλωσε
960 960 1058 1030 τὴν
1087 959 1280 1032 ἀκοὴν,
1313 961 1429 1016 ἀλλ’
1467 963 1759 1019 ἐϐασάνισε
1789 966 1884 1036 τὴν
1910 983 2024 1035 φω-

447 1051 564 1122 νήψ
603 1053 697 1105 καὶ
717 1053 841 1106 οὔτε
868 1053 1117 1124 φανερῶς
1139 1050 1450 1108 ἀντιπίπτει
1486 1057 1572 1109 διὰ
1605 1057 1701 1128 τὴν
1730 1058 2015 1124 ἀπιστίαν,

444 1142 570 1196 οὗτε
613 1143 892 1207 παντελῶς
939 1143 1101 1208 εὐθὺς
1132 1144 1432 1200 ὑποπίπτει
1472 1145 1560 1201 διὰ
1608 1147 1705 1217 τὴν
1746 1149 2020 1201 εὐκολίανο

442 1233 558 1288 ἀλλ’
585 1233 768 1305 ὲξίσης
809 1234 1089 1304 φεύγουσα
1111 1235 1206 1290 καὶ
1243 1236 1343 1308 τὴν
1373 1237 1696 1308 ἁπαλότητα
1718 1239 1817 1309 τῆς
1851 1239 2015 1305 Εὔας,

447 1328 538 1380 καὶ
570 1325 670 1398 τὴν
705 1325 987 1380 ἀπείθειαν
1037 1327 1129 1381 τοῦ
1169 1329 1464 1399 Ζαχαρίου,
1517 1333 1656 1400 μέση
1709 1333 1879 1401 χωρεῖ
1931 1331 2021 1384 διὰ

443 1421 546 1490 τὴν
577 1420 898 1490 ἀσφάλειανο
926 1419 1018 1474 καὶ
1043 1421 1461 1491 διαταράττεται
1497 1425 1616 1492 μὲν,
1646 1423 1723 1486 ὡς
1756 1423 1921 1485 εἰκός·
1957 1424 2019 1475 ού

442 1513 534 1567 διὰ
563 1514 629 1566 τὰ
651 1512 902 1584 ὁρώμενα
929 1509 1150 1584 μᾶλλον·
1182 1513 1435 1567 τοσοῦτον
1465 1515 1604 1586 αὐτῇ
1637 1515 1695 1568 τὸ
1725 1516 2011 1586 παράστη-

446 1619 543 1676 μα’
571 1603 746 1668 ἄλλως
769 1621 829 1657 τε
863 1605 958 1657 καὶ
1009 1604 1219 1660 τούτων
1255 1603 1391 1659 οὖσα
1439 1605 1549 1660 τῶν
1592 1605 1882 1675 θεαμάτων
1915 1607 2018 1678 ἥδη

447 1697 704 1767 συνήθης,
735 1695 872 1750 ἀλλὰ
907 1696 997 1750 διὰ
1037 1697 1107 1751 τὰ
1150 1696 1443 1768 λεγόμενα.
1499 1697 1687 1752 Ταῦτά
1732 1715 1816 1751 τοι
1865 1698 1960 1752 καὶ
1990 1699 2019 1751 6

439 1791 832 1861 εύαγγελιστὴς
852 1792 913 1844 οὐ
941 1786 1008 1863 τῇ
1037 1790 1242 1864 θεωρίᾳ
1284 1793 1509 1863 μᾶλλον,
1547 1792 1685 1847 ἀλλὰ
1735 1795 1803 1862 τῇ
1833 1793 2012 1859 ἐπαγ-

2127 693 2348 749 είῐυρῑον
2373 696 2533 751 simul
2565 707 2619 752 et
2648 699 2874 755 nuntius
2904 701 3132 757 exstitit.

2199 785 2338 841 XIII.
2369 787 2497 859 [Sed
2533 797 2789 856 praeterea
2825 792 3049 862 inspice,
3106 809 3316 864 quaeso,
3355 809 3545 863 puram
3577 813 3694 866 pro.

2126 878 2453 949 dentemque
2482 879 2716 950 Virginis
2748 893 2985 939 mentem
3049 885 3252 955 pariter
3310 901 3374 941 ac
3433 887 3674 957 linguam

2126 970 2388 1038 Quamvis
2413 973 2592 1043 gaudii
2627 989 2730 1029 vox
2762 974 3067 1042 insonaret,
3100 991 3210 1034 non
3263 982 3471 1035 arrexit
3511 996 3697 1044 aures,

2126 1063 2218 1116 sed
2251 1078 2557 1118 sermonem
2595 1063 2883 1136 diligenter
2900 1067 3222 1137 perpendit;
3257 1078 3368 1124 tum
3424 1084 3552 1124 vero
3601 1085 3698 1124 ne-

2123 1167 2231 1222 que
2295 1153 2676 1210 incredulitate
2739 1165 2924 1226 aperte
2972 1157 3258 1224 obnititur,
3309 1176 3483 1228 neque
3509 1162 3696 1216 statim

2125 1245 2294 1298 nimia
2322 1244 2556 1314 quadam
2583 1245 2841 1302 facilitate
2862 1247 3089 1304 omnino
3118 1250 3262 1305 cedit
3286 1269 3302 1317 ;
3331 1254 3422 1306 sed
3449 1265 3512 1306 ex
3542 1265 3699 1322 aequo

2124 1341 2177 1390 et
2205 1333 2273 1391 ab
2305 1327 2430 1391 Eva:
2459 1338 2706 1403 mollitie,
2740 1347 2794 1395 et
2824 1340 2893 1395 ab
2917 1340 3198 1396 incredula
3238 1343 3515 1398 Zachariae
3545 1343 3699 1397 tlnri-

2123 1427 2196 1482 tie
2230 1427 2540 1493 declinans,
2570 1428 2624 1482 in
2663 1429 2844 1485 medio
2883 1441 3042 1486 caute
3081 1435 3482 1504 prudenterque
3522 1433 3700 1488 consi-

2123 1520 2238 1574 stit.
2265 1517 2332 1572 Et
2362 1520 2721 1574 conturbatur
2747 1520 2838 1575 illa
2864 1520 3104 1591 quidem,
3129 1525 3304 1592 prouti
3329 1537 3418 1578 res
3463 1522 3696 1589 ferebat;

2122 1617 2230 1665 non
2254 1609 2390 1665 adeo
2407 1623 2538 1666 sane
2553 1619 2616 1666 ex
2637 1611 2792 1678 visis,
2818 1611 2948 1668 licet
2962 1621 3072 1668 tam
3097 1614 3437 1668 tremendum
3458 1613 3509 1668 id
3529 1621 3694 1679 esset,

2121 1702 2266 1770 quod
2298 1700 2474 1756 oculis
2505 1700 2607 1770 ipsi
2634 1701 3049 1770 obversabatur,
3074 1703 3377 1776 praesertim
3414 1719 3539 1758 eum
3574 1719 3696 1760 cer-

2121 1791 2312 1846 nendis
2325 1790 2592 1860 ejusmodi
2611 1806 2828 1862 quoque
2842 1791 3141 1850 visionibus
3159 1794 3272 1864 jam
3294 1792 3432 1849 foret
3459 1802 3696 1860 assueta;

439 1877 598 1946 τελία
646 1872 739 1931 τὸν
794 1879 1032 1950 τάραχον
1085 1880 1399 1936 ἀποδίδωσι.
1462 1881 1822 1950 Διεταράχθη
1878 1881 2012 1954 γὰρ,

2122 1885 2213 1940 sed
2241 1883 2428 1953 utique
2451 1885 2812 1939 conturbatur
2852 1899 2919 1940 ex
2977 1885 3157 1942 dictis.
3211 1885 3288 1941 Ita
3343 1883 3589 1956 profecto
3646 1894 3701 1940 et

440 1959 598 2039 φησὶ,
628 1970 729 2023 ἐπὶ
761 1969 843 2036 τῷ
867 1970 1072 2042 λόγῳ.Ι
1240 1971 1377 2045 [Οὐχ
1416 1974 1444 2027 ὁ
1489 1973 1731 2036 τοκετός·
1792 1972 1874 2025 ἔτι
1906 1974 2016 2044 γάρ

2122 1975 2477 2044 evangelista,
2518 1988 2624 2028 non
2662 1981 2772 2028 tam
2798 1987 2864 2029 ex
2893 1974 3125 2043 visione,
3157 1977 3250 2032 sed
3291 1977 3475 2047 potius
3497 1991 3564 2031 ex
3601 1991 3700 2031 au-

439 2059 627 2128 ἠγνόει
666 2057 760 2113 τοῦ
795 2062 1096 2133 μυστηρίου
1125 2063 1184 2115 τὸ
1219 2063 1471 2132 μέγεθος.
1531 2063 1672 2116 Ἀλλ’
1718 2063 1868 2133 ὅμως
1900 2063 2016 2116 ἑδε-

2125 2063 2239 2117 dito
2271 2063 2464 2117 nuntio
2489 2063 2764 2118 incussam
2804 2077 2926 2120 esse
2953 2066 3320 2120 turbationem
3377 2067 3564 2122 tradit.
3599 2066 3690 2120 1η⁴

436 2148 608 2204 δοίκει
631 2151 726 2204 καὶ
755 2148 954 2222 ἔτρεμε
984 2152 1084 2223 τὴν
1117 2152 1270 2206 θείαν
1316 2153 1534 2223 ὁμιλίαν
1579 2154 1674 2207 καὶ
1701 2158 2009 2219 κοινωνίαν,

2122 2153 2230 2223 quit
2260 2153 2404 2208 enim
2440 2171 2454 2208 :
2487 2151 2723 2208 Turbata
2753 2163 2830 2208 est
2863 2156 2920 2209 in
2949 2165 3186 2210 sermone
3214 2157 3236 2189 ⁸
3436 2157 3700 2228 [Itemque

438 2235 536 2293 καὶ
561 2239 686 2293 καθ’
717 2240 888 2311 αὐτὴν
915 2241 1134 2311 ἠπόρει,
1171 2244 1390 2313 ποταπή
1418 2259 1503 2306 τις
1529 2241 1670 2311 αὕτη
1702 2244 1795 2295 καὶ
1823 2244 1971 2306 ὅπως
1994 2258 2011 2275 ο

2122 2259 2221 2300 non
2251 2257 2370 2299 eam
2399 2246 2454 2298 in
2485 2246 2630 2301 hunc
2653 2255 2912 2316 angorem
2941 2248 3178 2316 conjecit
3234 2250 3443 2303 mentio
3468 2259 3655 2319 partus
3680 2265 3698 2315 ;

437 2324 554 2400 ἆρα
576 2331 805 2402 πορνική
831 2343 918 2394 τις
946 2333 1040 2385 καὶ
1077 2333 1301 2397 ἄτοπος,
1343 2333 1419 2396 ὡς
1453 2332 1514 2398 ἐξ
1541 2331 1735 2402 ἀνδρὸς
1762 2332 1897 2402 πρὸς
1924 2322 2017 2386 κό-

2122 2335 2356 2390 nondum
2395 2337 2540 2389 enim
2573 2343 2910 2406 perspectam
2943 2339 3123 2408 magni
3158 2338 3306 2394 illius
3341 2339 3588 2408 my5terii
3614 2353 3702 2392 ra-

443 2434 570 2491 ρηνο
601 2420 634 2492 ἢ
673 2421 812 2486 θεία,
839 2421 1026 2493 ἐπειδὴ
1069 2424 1164 2477 καὶ
1193 2424 1330 2479 Θεοῦ
1380 2426 1571 2496 μνήμη
1605 2423 1740 2493 αὐτῇ
1767 2423 2013 2490 σύνεστι,

2122 2426 2320 2482 tionem
2347 2425 2600 2480 habebat.
2629 2425 3014 2482 Verumtamen
3047 2441 3079 2484 a
3105 2429 3286 2484 divina
3316 2430 3406 2483 illa
3438 2429 3695 2484 allocuti-

437 2511 527 2573 τὸ,
546 2511 606 2564 Ὅ
626 2513 840 2580 Κύριος
863 2513 1014 2582 μετὰ
1037 2513 1204 2587 σοῦ.]

2122 2531 2223 2572 one
2253 2517 2782 2587 conversationequc
2823 2518 3069 2584 timebat,
3107 2518 3506 2587 tremebatquc,
3535 2527 3700 2588 atque

438 2604 620 2660 anxiis
691 2603 994 2676 angebatur
1038 2608 1490 2676 dubitationibus,
1551 2613 1860 2684 cujusmodi
1917 2612 2008 2667 illa
2047 2610 2208 2678 foret,
2258 2626 2438 2681 quove
2511 2619 2830 2682 Spectaret;
2871 2627 3000 2668 num
3051 2613 3346 2668 inhonesta
3381 2614 3492 2666 ullo
3537 2613 3702 2668 modo

439 2709 510 2750 ac
537 2696 730 2768 turpis,
753 2699 955 2770 quippe
979 2713 1101 2771 quae
1126 2701 1229 2756 viri
1258 2703 1324 2757 ad
1383 2703 1641 2774 puellam,
1665 2720 1733 2759 an
1787 2719 1917 2760 vero
1973 2704 2183 2770 divina,
2244 2705 2505 2775 quoniam
2539 2703 2594 2758 in
2651 2704 2770 2774 ipso
2816 2705 3057 2776 alloquio
3100 2704 3313 2775 adjecta
3367 2705 3549 2760 fuerat
3605 2706 3701 2759 Dei

440 2794 670 2856 mentio,
703 2793 834 2848 illud
864 2807 1058 2866 nempe
1089 2796 1345 2852 Dominus
1367 2797 1588 2872 tecum.]
1773 2834 1782 2838 -
3135 2813 3142 2820 “

517 2881 612 2938 1Δ¹.
652 2882 869 2955 [Καίτοι
899 2886 1000 2957 τῆς
1046 2887 1215 2959 κόρης
1250 2889 1419 2959 μηδὲν
1472 2891 1754 2963 εἰπούσης,
1785 2889 1901 2944 ἀλλ’
1962 2891 2022 2943 ὲν

2193 2887 2330 2943 XIV.
2360 2887 2383 2960 ι
2417 2887 2552 2944 Cum
2584 2888 2769 2958 itaque
2801 2885 2967 2956 Virgo
3033 2887 3167 2941 nihil
3203 2887 3577 2956 responderet,
3609 2900 3702 2942 ver

439 2975 609 3045 ὲαυτῇ
642 2973 772 3045 περὶ
813 2975 908 3029 τοῦ
954 2978 1248 3050 ἀσπασμοῦ
1279 2981 1748 3052 διαλογιζομένης,
1792 2984 1820 3036 6
1858 2999 2023 3054 χαρο-

2123 2985 2245 3034 rum
2286 2991 2472 3034 secum
2499 2979 2614 3048 ipsa
2645 2977 2713 3032 de
2744 2977 3076 3033 salutatione
3107 2978 3198 3031 illa
3253 2977 3444 3032 sedulo
3490 2978 3703 3047 disqui-

444 3066 602 3128 ποιὸς
632 3063 1023 3134 νυμφοστόλος,
1062 3064 1150 3122 οἷα
1177 3072 1302 3132 νοῦς
1329 3071 1423 3124 τὸν
1466 3071 1590 3124 νοῦν
1633 3071 1806 3142 αὐτῆς
1857 3070 2022 3143 ὁρῶν,

437 3153 545 3208 οὐκ
581 3154 833 3209 ἐκϐάλλει
868 3157 1028 3226 μόνον
1057 3157 1148 3214 τὸν
1175 3160 1361 3231 φόϐον,
1388 3161 1528 3216 ἀλλὰ
1553 3161 1651 3216 καὶ
1686 3161 1864 3217 πᾶσαν
1892 3163 2022 3216 ἀντ-

2125 3077 2290 3139 t‘eret,
2348 3070 2756 3142 paranytnphus
2813 3069 2999 3137 gaudii
3048 3069 3321 3132 minister,
3379 3069 3581 3139 quippe
3605 3070 3702 3138 qui

2125 3171 2360 3218 mentem
2385 3162 2556 3226 illius,
2591 3169 2775 3232 utpote
2801 3171 2978 3226 mens,
3011 3160 3347 3231 pervidebat,
3387 3175 3496 3214 non
3537 3162 3702 3214 modo

439 3242 658 3313 εισάγει
713 3245 910 3316 χαράν,
979 3248 1075 3302 καὶ
1127 3249 1324 3320 μηνύει
1379 3251 1471 3306 τὸν
1519 3250 1798 3322 ἄφραστον
1839 3252 2020 3306 τόκονο

2130 3256 2380 3310 timorem
2435 3254 2696 3324 dispellit,
2745 3252 2843 3307 sed
2895 3253 3115 3323 plenum
3169 3267 3390 3322 quoque
3441 3252 3702 3323 gaudium

435 3336 540 3404 Μὴ
566 3335 778 3405 φοϐοῦ,
806 3338 986 3411 φησί.]
1017 3337 1188 3395 Τοῦτο
1208 3337 1296 3396 διὰ
1323 3342 1416 3396 τὸν
1436 3345 1542 3416 πρὸ
1571 3342 1665 3398 τοῦ
1689 3344 1796 3397 τῶν
1817 3344 2022 3399 ὠδίνων

2127 3353 2314 3402 contra
2342 3346 2560 3416 ingerit,
2592 3351 2646 3399 et
2678 3343 3005 3399 ineifabilem
3044 3341 3094 3396 ei
3123 3352 3338 3411 partum
3387 3342 3698 3396 annuntiat.

438 3425 630 3494 φόϐον.
671 3425 868 3494 Τέξεις
905 3428 1017 3497 γὰρ
1041 3429 1196 3497 uter,
1244 3431 1344 3486 καὶ
1398 3431 1684 3501 καλέσεις
1733 3435 1800 3489 τὸ
1831 3435 2022 3504 ὄνομα

434 3515 631 3570 αὐτοῦ
673 3517 939 3584 Ἰησοῦν·
990 3551 1062 3560 -
1101 3522 1296 3589 Αὐτὸς
1340 3524 1451 3594 γὰρ
1497 3524 1685 3580 σώσει
1737 3528 1846 3581 τὸν
1866 3530 2023 3582 λαὸν

434 3604 650 3660 αὐτοῦ.
687 3607 800 3678 Οὐχ
837 3607 961 3661 ὅσον
988 3610 1141 3663 οὐδὲν
1177 3613 1339 3682 αὑτὴ,
1389 3617 1576 3684 φησὶν,
1620 3616 1686 3669 ὲκ
1729 3615 1824 3670 τοῦ
1857 3619 2020 3672 τόκου

438 3699 614 3771 πείσῃ
658 3699 834 3753 δεινὸν
865 3701 900 3773 ἢ
933 3704 1152 3773 πικρὸν,
1183 3703 1322 3758 ἀλλά
1353 3707 1448 3760 καὶ
1471 3709 1498 3760 6
1519 3709 1677 3772 τόκος
1701 3708 1860 3763 ἔσται
1887 3729 2022 3766 παν-

435 3791 501 3845 τὶ
527 3791 604 3862 τῷ
635 3792 827 3864 κόσμῳ
877 3796 1166 3864 σωτήριος·
1211 3797 1306 3850 καὶ
1339 3798 1498 3868 δῆλον
1525 3799 1589 3852 τὸ
1619 3799 1784 3871 ἔργον
1821 3802 1887 3855 ἐκ
1921 3802 2018 3856 τοῦ

434 3883 724 3954 ὀνόματος.
752 3884 852 3957 [Τὸ
879 3884 1084 3957 μέντοι,
1111 3886 1268 3943 Ἰδοὺ
1302 3889 1364 3942 τὸ
1393 3891 1557 3962 τάχος
1579 3893 1676 3946 καὶ
1717 3893 1778 3946 τὸ
1797 3893 1894 3948 νῦν
1917 3894 2019 3963 δη-

437 3977 550 4031 λοῐο
595 3979 682 4032 ἵνα
708 3978 803 4032 καὶ
823 3979 914 4033 διὰ
944 3980 1138 4036 τούτου
1171 3983 1270 4054 τὴν
1308 3981 1398 4037 διὰ
1425 3985 1584 4053 λόγου
1609 3985 1705 4040 καὶ
1753 3987 1850 4040 σὺν
1875 3971 2043 4060 λόγῳ’

439 4071 667 4143 ἐμφήνῃ
705 4071 1110 4146 σύλληψιν.]....
1169 4071 1425 4147 [Ἐπειδὴ
1449 4071 1506 4131 δὲ
1535 4073 1652 4131 ἐστι
1686 4077 1782 4131 καὶ
1829 4077 1889 4132 ὲν
1921 4097 2020 4148 γα-

441 4165 568 4232 στρὶ
590 4163 731 4216 κατὰ
764 4162 856 4216 τὸν
899 4165 1189 4236 προφήτην
1234 4169 1300 4237 τῇ
1338 4183 1406 4234 γε
1455 4168 1841 4237 πνευματικῶς
1869 4187 2021 4222 νοου-

442 4259 586 4330 μένῃ
613 4253 839 4328 Πνεῦμα
874 4258 1237 4313 συλλαϐέσθαι
1261 4259 1417 4320 Θεοῦ.
1455 4263 1548 4313 καὶ
1592 4261 1816 4331 Πνεῦμα
1841 4279 2020 4333 σωτη-

437 4351 569 4421 ρίας
610 4350 919 4414 ἅποτεκεῖν,
951 4351 1087 4405 ἀλλὰ
1121 4349 1208 4417 σὺ,
1233 4352 1386 4422 φησὶ,
1422 4354 1514 4405 καὶ
1541 4353 1718 4418 τέξεις
1744 4354 1880 4407 υἱόν.
1918 4353 2014 4425 [Σὺ

431 4442 557 4508 οὖν,
589 4444 744 4512 φησὶ,
786 4443 1067 4510 καλέσεις
1107 4443 1226 4515 (οὐχ
1259 4444 1287 4495 ὁ
1318 4447 1526 4515 πατήρ·
1549 4446 1790 4516 άπάτωρ
1817 4447 1926 4518 γάρ
1955 4447 2017 4499 τό

432 4551 506 4602 γε
537 4535 677 4588 κατά
706 4533 808 4603 τὴν
855 4534 1007 4587 κάτω
1042 4535 1314 4603 γέννησιν,
1347 4535 1538 4606 ὥσπερ
1582 4538 1815 4608 ἀμήτωρ
1868 4539 2016 4592 κατὰ

2127 3436 2211 3492 Ne
2264 3436 2450 3490 timeas
2482 3435 2504 3467 ⁸
2533 3478 2548 3502 ,
2616 3435 2792 3505 inquit
2827 3433 2885 3506 .]
2917 3433 2975 3488 ld
3022 3433 3308 3488 enimvero
3366 3433 3572 3488 dictum
3617 3441 3706 3488 est

2123 3535 2344 3596 propter
2371 3527 2622 3580 timorem
2655 3527 2874 3580 illorum
2934 3525 3182 3580 dolorum
3219 3525 3308 3594 qui
3364 3524 3702 3594 parientibus

2124 3620 2252 3675 olim
2280 3618 2522 3674 intentati
2556 3617 2795 3673 fuerunt.
2828 3616 3016 3672 Parios
3039 3619 3179 3672 enim
3196 3617 3390 3686 ﬁlium,
3415 3626 3464 3670 et
3491 3616 3700 3670 vocabis

2123 3725 2311 3767 nomen
2344 3711 2459 3781 ejus
2476 3710 2660 3766 Iesum
2686 3710 2726 3745 '°
2761 3726 2778 3776 ;
2808 3709 3002 3778 —Ipse
3032 3709 3172 3763 enim
3195 3710 3400 3763 salvum
3433 3710 3592 3778 faciet
3611 3725 3702 3778 po-

2122 3804 2304 3874 pulum
2330 3819 2485 3858 suum
2511 3805 2575 3857 “.
2607 3800 2845 3867 Nedum,
2872 3802 3068 3872 inquit,
3091 3801 3205 3871 ipsa
3232 3801 3550 3855 existimare
3575 3815 3702 3869 pos-

2123 3897 2220 3962 sis,
2241 3897 2496 3952 acerbum
2537 3896 2814 3966 quidpiam
2847 3902 2943 3949 aut
2989 3895 3278 3950 molestum
3333 3908 3396 3948 ex
3430 3903 3584 3964 partu
3603 3893 3701 3948 tibi

2123 3987 2458 4057 impendere,
2525 3986 2639 4041 imo
2674 3995 2800 4041 Vero
2858 3994 3049 4055 partus
3094 3989 3219 4039 tuus
3276 3986 3534 4039 universo
3559 3996 3702 4055 quo-

2122 4090 2227 4148 que
2256 4079 2462 4134 mundo
2494 4079 2724 4134 salutem
2759 4079 2944 4134 aIl‘eret
2972 4095 2990 4144 ;
3018 4087 3072 4132 et
3103 4077 3268 4146 hujus
3317 4073 3536 4145 quidem
3573 4089 3703 4144 ope-

2121 4170 2198 4225 ris
2225 4179 2602 4238 argumentum
2651 4169 2704 4222 in
2740 4167 2857 4239 ipso
2889 4168 3108 4223 nomine
3135 4175 3360 4237 prostat.
3387 4163 3701 4236 [Enimvero

2123 4262 2252 4316 illud
2281 4259 2411 4314 Ecce
2457 4261 2718 4324 declarat,
2759 4260 2906 4313 nulla
2959 4259 3277 4328 interposita
3319 4271 3472 4310 mora
3524 4266 3576 4311 et
3605 4257 3700 4310 im-

2122 4352 2534 4421 praesentiarum
2565 4366 2675 4405 rem
2701 4360 2920 4415 actam;
2973 4359 3141 4418 utper
3165 4349 3216 4403 id
3261 4361 3480 4418 quoque
3518 4347 3695 4415 palam

2125 4444 2306 4508 faciat,
2334 4445 2740 4513 conceptionem
2783 4452 2876 4511 per
2906 4443 3129 4496 verbum
3149 4451 3348 4496 etcum
3382 4439 3548 4492 verbo
3575 4453 3698 4507 per-

2124 4535 2318 4589 fectam
2367 4533 2653 4605 esse.].....
2699 4531 2815 4604 [At
2851 4543 2997 4596 tero,
3046 4532 3487 4602 quandoquidem
3543 4529 3696 4599 juxta

433 4623 540 4696 τὴν
566 4626 722 4695 ἅνω),
758 4621 842 4679 σὺ
871 4625 1155 4693 καλέσεις
1185 4627 1442 4694 Ἰησοῦν.
1487 4627 1618 4680 Ἀπὸ
1650 4630 1750 4699 τῆς
1793 4629 2020 4700 εὐεργεο

2127 4627 2440 4696 prophetam
2478 4626 2764 4695 contingit,
2796 4635 2855 4678 ut
2890 4626 2942 4678 in
2987 4632 3144 4678 utero
3167 4621 3582 4693 spiritualisane
3609 4638 3700 4676 ra-

439 4720 568 4782 σίας
591 4721 625 4790 ἡ
659 4719 950 4789 ὀνομασία,
983 4719 1094 4773 ἀπὸ
1149 4719 1250 4788 τῆς
1295 4721 1548 4790 χρήσεως
1594 4723 1628 4792 ἡ
1669 4723 1883 4792 κλῆσις,
1907 4722 2018 4776 ἀπὸ

437 4811 556 4864 τῶν
584 4809 764 4882 ἔργων
793 4812 826 4882 ἡ
857 4809 1105 4881 εὐφημία
1127 4829 1142 4844 ο
1183 4809 1250 4865 δι’
1297 4811 1462 4866 αὐτοῦ
1497 4811 1608 4884 γὰρ
1648 4793 1958 4883 ἀνθρῶποις
1989 4815 2019 4867 6

438 4901 546 4972 τῆς
571 4903 844 4975 σωτηρίας
878 4905 1268 4975 ἁνεξάντλητος
1289 4905 1612 4977 ὲπιῤῥεύσει
1637 4905 2016 4978 πλοῦτος.]....

443 4993 635 5067 [Ἐπεὶ
669 4997 727 5049 δὲ
759 4997 940 5052 κοινὸν
994 4995 1145 5069 αύτῷ
1191 4997 1349 5052 τοῦτο
1389 4997 1484 5054 καὶ
1525 5001 1660 5070 πρὸς
1709 5001 1801 5054 τὸν
1851 5000 2019 5054 αὐτοῦ

442 5085 634 5152 τύπον,
663 5087 755 5140 τὸν
784 5087 1088 5158 στρατηγὸν
1119 5087 1212 5142 καὶ
1247 5089 1577 5159 δημαγωγὸν
1606 5089 1703 5143 καί⁸
1744 5090 1881 5159 πρὸς
1920 5091 2018 5161 τὴν

439 5178 548 5248 οτῆς
577 5179 913 5249 ἐπαγγελίας
935 5183 1039 5250 γῆν
1064 5181 1277 5250 ὁδηγὸν,
1299 5181 1387 5235 διὰ
1414 5180 1576 5235 τοῦτο
1609 5182 1822 5245 δεικνὺς
1852 5184 1880 5236 6
1918 5182 2020 5249 ἄγ-

437 5270 622 5339 ⁴γελος,
657 5269 734 5334 ὡς
764 5271 885 5325 κατ’
909 5273 1117 5325 ἐκεῖνον
1153 5272 1326 5337 ἔσται,
1369 5273 1589 5342 ὲπάγει“
1629 5269 1818 5340 Οὗτος
1849 5276 2020 5328 ἔσται

430 5362 747 5434 peragam]
799 5363 818 5436 [
853 5365 1035 5418 Δώσει
1067 5365 1246 5419 τοίνυν
1285 5366 1447 5432 αὐτῷ
1483 5367 1699 5434 Κύριος
1745 5367 1854 5420 τὸν
1891 5369 2020 5435 θρό-

437 5457 758 5523 νονᾷπϐίδ
802 5457 909 5510 τοῦ
946 5457 1170 5526 πατρὸς
1207 5455 1418 5520 αὑτοῦ,
1471 5456 1548 5521 ὡς
1599 5457 1893 5529 ἀνθρώπῳ,
1927 5457 2020 5510 καὶ

437 5547 522 5611 ὡς
550 5548 805 5602 ἐντεῦθεν
845 5549 1132 5620 ἀρχομένῳ
1173 5549 1274 5620 τῆς
1319 5549 1620 5621 βασιλείας,
1666 5549 1756 5603 διὰ
1785 5549 1895 5603 τῶν
1927 5565 2049 5602 πι··

441 5639 766 5702 στευὸντων,
793 5639 887 5703 οὓς
914 5642 1008 5694 καὶ
1053 5636 1202 5695 οἷκον
1230 5641 1324 5694 καὶ
1348 5641 1536 5712 θρόνον
1563 5641 1820 5712 ὀνομάζει
1853 5641 2018 5695 Δαὸίδ

438 5745 506 5782 τε
537 5729 634 5782 καὶ
668 5729 884 5783 Ἰακώϐ.
913 5729 1139 5794 Οὐδενὸς
1162 5729 1218 5784 δέ
1239 5731 1356 5784 ἐστι
1385 5730 1446 5784 τὸ
1479 5729 1786 5802 βασιλεύειν
1821 5731 1901 5794 είς
1929 5729 2020 5783 τὸν

2116 4721 2265 4775 tione
2322 4718 2614 4782 intellecto,
2679 4717 3019 4786 concipiatur
3056 4716 3220 4772 etiam
3287 4714 3526 4783 Spiritus
3579 4711 3697 4776 Dei,

2119 4825 2180 4864 ac
2210 4811 2453 4880 pariatur
2481 4808 2717 4879 Spiritus
2738 4809 2952 4870 salutis,
2977 4807 3070 4864 sed
3104 4817 3183 4874 tu,
3259 4807 3436 4876 inquit
3467 4806 3510 4836 "
3539 4846 3555 4872 ,
3600 4820 3701 4874 pa-

2119 4907 2229 4962 ries
2275 4904 2438 4962 etiam
2489 4905 2706 4977 lilium.]
2758 4905 2893 4977 [Tu
2944 4905 3131 4974 igitur,
3198 4902 3396 4972 inquit,
3464 4898 3698 4963 vocabis,

2121 5001 2230 5048 non
2301 5007 2429 5048 vero
2482 5002 2670 5062 pater;
2729 5008 2905 5062 neque
2954 4992 3101 5046 enim
3158 5001 3365 5060 patrem
3393 4988 3697 5045 secundum

2123 5090 2396 5141 terrenam
2445 5085 2850 5155 generationem
2940 5085 3102 5138 habet
3137 5121 3153 5148 ,
3232 5079 3698 5151 quemadmodum

2126 5179 2425 5234 secundum
2487 5179 2764 5232 cmlestem
2827 5192 2935 5231 non
2987 5176 3149 5231 habet
3203 5183 3454 5228 matrem.
3531 5169 3701 5224 Voca-

2125 5273 2202 5326 bis
2228 5287 2352 5325 eum
2396 5269 2598 5323 Jesum.
2643 5268 2719 5323 Ex
2769 5268 3120 5324 beneﬁcentia
3161 5278 3246 5322 est
3282 5264 3524 5320 nominis
3552 5279 3697 5317 nun-

2119 5362 2358 5432 eupatio,
2404 5377 2466 5416 ex
2519 5361 2719 5416 tributa
2752 5362 2922 5432 gratia
2950 5360 3316 5428 compellatio,
3347 5373 3416 5412 ex
3438 5356 3696 5426 operibus

2121 5451 2359 5505 nominis
2404 5450 2728 5505 celebritas:
2789 5465 2913 5504 nam
2959 5465 3052 5519 per
3104 5449 3282 5519 ipsum
3319 5448 3372 5503 in
3406 5448 3696 5501 universos

2122 5541 2370 5597 homines
2458 5541 2827 5598 indelicientes
2909 5540 3104 5596 salutis
3180 5540 3380 5595 divitia:
3447 5539 3701 5592 dimana-

2101 5635 2277 5694 .buut.
2301 5632 2723 5706 ]....[Quoniam
2789 5649 2918 5689 vero
2958 5648 3248 5689 commune
3273 5634 3376 5688 hoc
3407 5632 3456 5687 ei
3494 5645 3698 5686 nomen

2121 5739 2239 5783 erat
2292 5743 2415 5782 cum
2474 5727 2584 5794 illo,
2627 5727 2721 5797 qui
2764 5738 2818 5783 et
2865 5735 3028 5799 typus
3064 5725 3316 5797 ejusdem
3360 5725 3482 5792 fuit,
3539 5737 3700 5778 exer-

517 5912 540 5945 ⁸
567 5910 700 5969 Luc.
742 5929 783 5978 ι,
815 5913 904 5971 9.9.
938 5917 957 5947 °
992 5914 1122 5970 Luc.
1160 5915 1311 5982 1,50.
1369 5917 1409 5948 ¹⁰
1437 5915 1678 5971 ibid.3l.
1757 5913 1794 5946 ”
1827 5911 2015 5968 Matth.
2053 5929 2092 5981 ι,
2131 5910 2220 5968 ‘21.
2301 5913 2344 5944 “
2373 5911 2506 5968 Luc.
2549 5927 2588 5976 I,
2628 5912 2716 5967 5|.
