  <div class='ocr_page' id='page_1' title='image "/cluster/home/n/w/nwhite01/storage/ocr_20150623/106/coo.31924054870104/421.png"; bbox 0 0 4164 6434; ppageno 0'>
   <div class='ocr_carea' id='block_1_1' title="bbox 533 435 2089 507">
    <p class='ocr_par' dir='ltr' id='par_1_1' title="bbox 533 435 2089 507">
     <span class='ocr_line' id='line_1_1' title="bbox 533 435 2089 507; baseline -0.006 -3"><span class='ocrx_word' id='word_1_1' title='bbox 533 442 644 507; x_wconf 76' lang='grc'><strong>823</strong></span> <span class='ocrx_word' id='word_1_2' title='bbox 1772 436 1807 497; x_wconf 86' lang='lat' dir='ltr'>J</span> <span class='ocrx_word' id='word_1_3' title='bbox 1811 435 2013 498; x_wconf 87' lang='lat' dir='ltr'><strong>OANN</strong></span> <span class='ocrx_word' id='word_1_4' title='bbox 2020 438 2089 496; x_wconf 89' lang='lat' dir='ltr'>IS</span> 
     </span>
    </p>
   </div>
   <div class='ocr_carea' id='block_1_2' title="bbox 2194 435 3774 507">
    <p class='ocr_par' dir='ltr' id='par_1_2' title="bbox 2194 438 3774 502">
     <span class='ocr_line' id='line_1_2' title="bbox 2194 438 3774 502; baseline 0.003 -6"><span class='ocrx_word' id='word_1_5' title='bbox 2194 438 2560 497; x_wconf 73' lang='grc' dir='ltr'><strong>ΕΟΜΕΤΒᾹΞ</strong></span> <span class='ocrx_word' id='word_1_6' title='bbox 3665 440 3774 502; x_wconf 67' lang='grc' dir='ltr'><strong>ὃΞὶ</strong></span> 
     </span>
    </p>
   </div>
   <div class='ocr_carea' id='block_1_3' title="bbox 530 551 2089 631">
    <p class='ocr_par' dir='ltr' id='par_1_3' title="bbox 530 553 2089 627">
     <span class='ocr_line' id='line_1_3' title="bbox 530 553 2089 627; baseline -0.008 -10"><span class='ocrx_word' id='word_1_7' title='bbox 530 561 736 617; x_wconf 89' lang='lat' dir='ltr'><strong>cituum</strong></span> <span class='ocrx_word' id='word_1_8' title='bbox 773 560 929 624; x_wconf 86' lang='lat' dir='ltr'><strong>duce,</strong></span> <span class='ocrx_word' id='word_1_9' title='bbox 956 566 1009 613; x_wconf 92' lang='lat' dir='ltr'><strong>et</strong></span> <span class='ocrx_word' id='word_1_10' title='bbox 1042 556 1223 627; x_wconf 87' lang='lat' dir='ltr'><strong>populi</strong></span> <span class='ocrx_word' id='word_1_11' title='bbox 1248 555 1451 625; x_wconf 84' lang='lat' dir='ltr'><strong>judice,</strong></span> <span class='ocrx_word' id='word_1_12' title='bbox 1476 553 1714 622; x_wconf 87' lang='lat' dir='ltr'><strong>atquein</strong></span> <span class='ocrx_word' id='word_1_13' title='bbox 1747 562 1948 607; x_wconf 86' lang='lat' dir='ltr'><strong>terram</strong></span> <span class='ocrx_word' id='word_1_14' title='bbox 1975 568 2089 622; x_wconf 33' lang='lat' dir='ltr'><strong>pro‘</strong></span> 
     </span>
    </p>
   </div>
   <div class='ocr_carea' id='block_1_4' title="bbox 2194 551 3775 631">
    <p class='ocr_par' dir='ltr' id='par_1_4' title="bbox 2206 551 3775 626">
     <span class='ocr_line' id='line_1_4' title="bbox 2206 551 3775 626; baseline 0.003 -23"><span class='ocrx_word' id='word_1_15' title='bbox 2206 553 2395 619; x_wconf 82' lang='grc' dir='ltr'><strong>αἰῶνα,</strong></span> <span class='ocrx_word' id='word_1_16' title='bbox 2422 555 2470 605; x_wconf 81' lang='grc' dir='ltr'><strong>εί</strong></span> <span class='ocrx_word' id='word_1_17' title='bbox 2502 553 2576 622; x_wconf 79' lang='grc' dir='ltr'>μὴ</span> <span class='ocrx_word' id='word_1_18' title='bbox 2618 551 2775 605; x_wconf 81' lang='grc' dir='ltr'>Θεοῦ·</span> <span class='ocrx_word' id='word_1_19' title='bbox 2828 553 2969 606; x_wconf 81' lang='grc' dir='ltr'>ὥστε</span> <span class='ocrx_word' id='word_1_20' title='bbox 3000 555 3046 606; x_wconf 83' lang='grc' dir='ltr'>εἰ</span> <span class='ocrx_word' id='word_1_21' title='bbox 3080 553 3177 607; x_wconf 76' lang='grc' dir='ltr'>καὶ</span> <span class='ocrx_word' id='word_1_22' title='bbox 3202 554 3501 626; x_wconf 82' lang='grc' dir='ltr'>λαμϐάνειν</span> <span class='ocrx_word' id='word_1_23' title='bbox 3543 555 3631 609; x_wconf 63' lang='grc' dir='ltr'><strong>διὰ</strong></span> <span class='ocrx_word' id='word_1_24' title='bbox 3668 562 3775 625; x_wconf 74' lang='grc' dir='ltr'><strong>τὴν</strong></span> 
     </span>
    </p>
   </div>
   <div class='ocr_carea' id='block_1_5' title="bbox 529 644 2089 719">
    <p class='ocr_par' dir='ltr' id='par_1_5' title="bbox 529 646 2089 719">
     <span class='ocr_line' id='line_1_5' title="bbox 529 646 2089 719; baseline -0.006 -12"><span class='ocrx_word' id='word_1_25' title='bbox 529 652 809 708; x_wconf 75' lang='lat' dir='ltr'><strong>missionis</strong></span> <span class='ocrx_word' id='word_1_26' title='bbox 830 651 1053 705; x_wconf 87' lang='lat' dir='ltr'><strong>ductore</strong></span> <span class='ocrx_word' id='word_1_27' title='bbox 1084 648 1162 719; x_wconf 76' lang='lat'><strong>(9.)</strong></span> <span class='ocrx_word' id='word_1_28' title='bbox 1194 689 1209 713; x_wconf 94' lang='lat'><strong>,</strong></span> <span class='ocrx_word' id='word_1_29' title='bbox 1244 648 1445 701; x_wconf 88' lang='lat' dir='ltr'><strong>ideirco</strong></span> <span class='ocrx_word' id='word_1_30' title='bbox 1469 646 1715 716; x_wconf 80' lang='lat' dir='ltr'><strong>angelus,</strong></span> <span class='ocrx_word' id='word_1_31' title='bbox 1749 654 1809 699; x_wconf 89' lang='lat' dir='ltr'><strong>ut</strong></span> <span class='ocrx_word' id='word_1_32' title='bbox 1838 646 2089 700; x_wconf 87' lang='lat' dir='ltr'><strong>ostendat</strong></span> 
     </span>
    </p>
   </div>
   <div class='ocr_carea' id='block_1_6' title="bbox 2194 644 3776 719">
    <p class='ocr_par' dir='ltr' id='par_1_6' title="bbox 2206 644 3776 718">
     <span class='ocr_line' id='line_1_6' title="bbox 2206 644 3776 718; baseline 0.004 -24"><span class='ocrx_word' id='word_1_33' title='bbox 2206 644 2515 712; x_wconf 79' lang='grc' dir='ltr'>οἰκονομίαν</span> <span class='ocrx_word' id='word_1_34' title='bbox 2563 644 2920 715; x_wconf 80' lang='grc' dir='ltr'><strong>ἀνθρωπίνως</strong></span> <span class='ocrx_word' id='word_1_35' title='bbox 2948 645 3167 713; x_wconf 86' lang='grc' dir='ltr'>λέγεται</span> <span class='ocrx_word' id='word_1_36' title='bbox 3220 646 3311 700; x_wconf 82' lang='grc' dir='ltr'>τὸν</span> <span class='ocrx_word' id='word_1_37' title='bbox 3361 646 3551 718; x_wconf 84' lang='grc' dir='ltr'>θρόνον</span> <span class='ocrx_word' id='word_1_38' title='bbox 3586 648 3776 716; x_wconf 69' lang='grc' dir='ltr'>Δαϐὶδ,</span> 
     </span>
    </p>
   </div>
   <div class='ocr_carea' id='block_1_7' title="bbox 530 728 2089 812">
    <p class='ocr_par' dir='ltr' id='par_1_7' title="bbox 530 736 2089 812">
     <span class='ocr_line' id='line_1_7' title="bbox 530 736 2089 812; baseline -0.005 -13"><span class='ocrx_word' id='word_1_39' title='bbox 530 746 671 799; x_wconf 81' lang='lat' dir='ltr'><strong>haud</strong></span> <span class='ocrx_word' id='word_1_40' title='bbox 688 745 735 798; x_wconf 87' lang='lat' dir='ltr'><strong>ei</strong></span> <span class='ocrx_word' id='word_1_41' title='bbox 754 758 930 812; x_wconf 87' lang='lat' dir='ltr'><strong>parem</strong></span> <span class='ocrx_word' id='word_1_42' title='bbox 950 744 1091 795; x_wconf 87' lang='lat' dir='ltr'><strong>hunc</strong></span> <span class='ocrx_word' id='word_1_43' title='bbox 1112 739 1454 806; x_wconf 78' lang='lat' dir='ltr'><strong>fore,subdit:</strong></span> <span class='ocrx_word' id='word_1_44' title='bbox 1484 737 1589 791; x_wconf 83' lang='lat' dir='ltr'><strong>Hic</strong></span> <span class='ocrx_word' id='word_1_45' title='bbox 1611 739 1711 791; x_wconf 87' lang='lat' dir='ltr'><strong>erit</strong></span> <span class='ocrx_word' id='word_1_46' title='bbox 1732 736 2089 808; x_wconf 55' lang='lat' dir='ltr'><strong>magnus“...:</strong></span> 
     </span>
    </p>
   </div>
   <div class='ocr_carea' id='block_1_8' title="bbox 2194 728 3775 812">
    <p class='ocr_par' dir='ltr' id='par_1_8' title="bbox 2206 728 3775 810">
     <span class='ocr_line' id='line_1_8' title="bbox 2206 728 3775 810; baseline 0.003 -23"><span class='ocrx_word' id='word_1_47' title='bbox 2206 732 2321 787; x_wconf 81' lang='grc' dir='ltr'>ἀλλ’</span> <span class='ocrx_word' id='word_1_48' title='bbox 2356 733 2503 786; x_wconf 71' lang='grc' dir='ltr'>ἔστιν</span> <span class='ocrx_word' id='word_1_49' title='bbox 2535 728 2563 786; x_wconf 79' lang='grc' dir='ltr'>ὁ</span> <span class='ocrx_word' id='word_1_50' title='bbox 2616 734 2779 797; x_wconf 79' lang='grc' dir='ltr'>αὐτὸς</span> <span class='ocrx_word' id='word_1_51' title='bbox 2811 734 2906 787; x_wconf 78' lang='grc' dir='ltr'><strong>καὶ</strong></span> <span class='ocrx_word' id='word_1_52' title='bbox 2943 734 3139 799; x_wconf 86' lang='grc' dir='ltr'>θεῖκῶς</span> <span class='ocrx_word' id='word_1_53' title='bbox 3187 736 3441 806; x_wconf 84' lang='grc' dir='ltr'>βασιλεὺς</span> <span class='ocrx_word' id='word_1_54' title='bbox 3477 738 3775 810; x_wconf 85' lang='grc' dir='ltr'>ἀτελεύτη-</span> 
     </span>
    </p>
   </div>
   <div class='ocr_carea' id='block_1_9' title="bbox 530 824 2089 907">
    <p class='ocr_par' dir='ltr' id='par_1_9' title="bbox 530 827 2089 907">
     <span class='ocr_line' id='line_1_9' title="bbox 530 827 2089 907; baseline -0.004 -19"><span class='ocrx_word' id='word_1_55' title='bbox 530 835 712 907; x_wconf 83' lang='lat' dir='ltr'><strong>[Dabit</strong></span> <span class='ocrx_word' id='word_1_56' title='bbox 752 834 916 903; x_wconf 81' lang='lat' dir='ltr'><strong>igitur</strong></span> <span class='ocrx_word' id='word_1_57' title='bbox 940 832 1023 886; x_wconf 82' lang='lat' dir='ltr'><strong>illi</strong></span> <span class='ocrx_word' id='word_1_58' title='bbox 1073 831 1330 884; x_wconf 82' lang='lat' dir='ltr'><strong>Dominus</strong></span> <span class='ocrx_word' id='word_1_59' title='bbox 1374 828 1547 883; x_wconf 78' lang='lat' dir='ltr'><strong>sedem</strong></span> <span class='ocrx_word' id='word_1_60' title='bbox 1580 827 1748 907; x_wconf 75' lang='lat' dir='ltr'><strong>David</strong></span> <span class='ocrx_word' id='word_1_61' title='bbox 1770 829 1939 897; x_wconf 82' lang='lat' dir='ltr'><strong>patris</strong></span> <span class='ocrx_word' id='word_1_62' title='bbox 1961 829 2089 896; x_wconf 76' lang='lat' dir='ltr'><strong>ejus,</strong></span> 
     </span>
    </p>
   </div>
   <div class='ocr_carea' id='block_1_10' title="bbox 2194 824 3775 907">
    <p class='ocr_par' dir='ltr' id='par_1_10' title="bbox 2204 824 3775 897">
     <span class='ocr_line' id='line_1_10' title="bbox 2204 824 3775 897; baseline 0.004 -20"><span class='ocrx_word' id='word_1_63' title='bbox 2204 842 2316 891; x_wconf 90' lang='grc' dir='ltr'>τος,</span> <span class='ocrx_word' id='word_1_64' title='bbox 2348 824 2447 879; x_wconf 75' lang='grc' dir='ltr'>καὶ</span> <span class='ocrx_word' id='word_1_65' title='bbox 2479 824 2591 893; x_wconf 82' lang='grc' dir='ltr'>τῆς</span> <span class='ocrx_word' id='word_1_66' title='bbox 2620 826 2945 891; x_wconf 77' lang='grc' dir='ltr'><strong>βασιλείας</strong></span> <span class='ocrx_word' id='word_1_67' title='bbox 2976 827 3161 881; x_wconf 86' lang='grc' dir='ltr'>αὐτοῦ</span> <span class='ocrx_word' id='word_1_68' title='bbox 3197 829 3309 881; x_wconf 84' lang='grc' dir='ltr'>οὐκ</span> <span class='ocrx_word' id='word_1_69' title='bbox 3355 828 3526 882; x_wconf 70' lang='grc' dir='ltr'>ἔσται</span> <span class='ocrx_word' id='word_1_70' title='bbox 3576 829 3775 897; x_wconf 75' lang='grc' dir='ltr'>τέλος,</span> 
     </span>
    </p>
   </div>
   <div class='ocr_carea' id='block_1_11' title="bbox 527 915 2089 994">
    <p class='ocr_par' dir='ltr' id='par_1_11' title="bbox 527 919 2089 994">
     <span class='ocr_line' id='line_1_11' title="bbox 527 919 2089 994; baseline -0.003 -17"><span class='ocrx_word' id='word_1_71' title='bbox 527 933 791 994; x_wconf 77' lang='lat' dir='ltr'><strong>tanquam</strong></span> <span class='ocrx_word' id='word_1_72' title='bbox 842 922 1076 986; x_wconf 89' lang='lat' dir='ltr'><strong>homini,</strong></span> <span class='ocrx_word' id='word_1_73' title='bbox 1107 930 1162 975; x_wconf 91' lang='lat' dir='ltr'><strong>et</strong></span> <span class='ocrx_word' id='word_1_74' title='bbox 1187 929 1461 991; x_wconf 90' lang='lat' dir='ltr'><strong>quatenus</strong></span> <span class='ocrx_word' id='word_1_75' title='bbox 1494 934 1722 991; x_wconf 82' lang='lat' dir='ltr'><strong>regnum</strong></span> <span class='ocrx_word' id='word_1_76' title='bbox 1752 919 1950 974; x_wconf 80' lang='lat' dir='ltr'><strong>exinde</strong></span> <span class='ocrx_word' id='word_1_77' title='bbox 1985 934 2089 974; x_wconf 90' lang='lat' dir='ltr'><strong>au-</strong></span> 
     </span>
    </p>
   </div>
   <div class='ocr_carea' id='block_1_12' title="bbox 2194 915 3777 994">
    <p class='ocr_par' dir='ltr' id='par_1_12' title="bbox 2195 915 3777 991">
     <span class='ocr_line' id='line_1_12' title="bbox 2195 915 3777 991; baseline 0.004 -23"><span class='ocrx_word' id='word_1_78' title='bbox 2195 917 2257 968; x_wconf 85' lang='grc' dir='ltr'><strong>ού</strong></span> <span class='ocrx_word' id='word_1_79' title='bbox 2288 915 2423 969; x_wconf 83' lang='grc' dir='ltr'>καθὸ</span> <span class='ocrx_word' id='word_1_80' title='bbox 2451 916 2583 980; x_wconf 81' lang='grc' dir='ltr'>Θεὸς</span> <span class='ocrx_word' id='word_1_81' title='bbox 2618 917 2798 985; x_wconf 84' lang='grc' dir='ltr'>μόνον,</span> <span class='ocrx_word' id='word_1_82' title='bbox 2841 917 2977 970; x_wconf 87' lang='grc' dir='ltr'><strong>ἀλλά</strong></span> <span class='ocrx_word' id='word_1_83' title='bbox 3005 918 3141 971; x_wconf 85' lang='grc' dir='ltr'>καθὸ</span> <span class='ocrx_word' id='word_1_84' title='bbox 3183 920 3279 972; x_wconf 76' lang='grc' dir='ltr'><strong>καὶ</strong></span> <span class='ocrx_word' id='word_1_85' title='bbox 3330 918 3641 991; x_wconf 72' lang='grc' dir='ltr'>ἄνθρωπος,</span> <span class='ocrx_word' id='word_1_86' title='bbox 3679 922 3777 975; x_wconf 71' lang='grc' dir='ltr'>καὶ</span> 
     </span>
    </p>
   </div>
   <div class='ocr_carea' id='block_1_13' title="bbox 526 1009 2089 1085">
    <p class='ocr_par' dir='ltr' id='par_1_13' title="bbox 526 1009 2089 1085">
     <span class='ocr_line' id='line_1_13' title="bbox 526 1009 2089 1085; baseline -0.004 -15"><span class='ocrx_word' id='word_1_87' title='bbox 526 1015 827 1085; x_wconf 86' lang='lat' dir='ltr'><strong>spieabitur</strong></span> <span class='ocrx_word' id='word_1_88' title='bbox 848 1028 889 1069; x_wconf 69' lang='lat' dir='ltr'><strong>&#39;e</strong></span> <span class='ocrx_word' id='word_1_89' title='bbox 911 1014 1280 1075; x_wconf 73' lang='lat' dir='ltr'><strong>credentibus,</strong></span> <span class='ocrx_word' id='word_1_90' title='bbox 1309 1027 1452 1083; x_wconf 84' lang='lat' dir='ltr'><strong>quos</strong></span> <span class='ocrx_word' id='word_1_91' title='bbox 1482 1012 1646 1066; x_wconf 86' lang='lat' dir='ltr'><strong>etiam</strong></span> <span class='ocrx_word' id='word_1_92' title='bbox 1677 1011 1898 1066; x_wconf 92' lang='lat' dir='ltr'><strong>domum</strong></span> <span class='ocrx_word' id='word_1_93' title='bbox 1923 1009 2089 1065; x_wconf 82' lang='lat' dir='ltr'><strong>Jacoh</strong></span> 
     </span>
    </p>
   </div>
   <div class='ocr_carea' id='block_1_14' title="bbox 2194 1009 3769 1085">
    <p class='ocr_par' dir='ltr' id='par_1_14' title="bbox 2194 1009 3769 1083">
     <span class='ocr_line' id='line_1_14' title="bbox 2194 1009 3769 1083; baseline 0.004 -21"><span class='ocrx_word' id='word_1_94' title='bbox 2194 1009 2267 1073; x_wconf 84' lang='grc' dir='ltr'><strong>ὡς</strong></span> <span class='ocrx_word' id='word_1_95' title='bbox 2287 1010 2352 1063; x_wconf 87' lang='grc' dir='ltr'><strong>ού</strong></span> <span class='ocrx_word' id='word_1_96' title='bbox 2375 1010 2520 1063; x_wconf 84' lang='grc' dir='ltr'>κατὰ</span> <span class='ocrx_word' id='word_1_97' title='bbox 2560 1010 2723 1079; x_wconf 85' lang='grc' dir='ltr'>φύσιν</span> <span class='ocrx_word' id='word_1_98' title='bbox 2760 1010 2922 1081; x_wconf 87' lang='grc' dir='ltr'>μόνον</span> <span class='ocrx_word' id='word_1_99' title='bbox 2957 1010 3233 1079; x_wconf 83' lang='grc' dir='ltr'>βασιλεὺς,</span> <span class='ocrx_word' id='word_1_100' title='bbox 3264 1011 3398 1066; x_wconf 84' lang='grc' dir='ltr'><strong>ἀλλά</strong></span> <span class='ocrx_word' id='word_1_101' title='bbox 3430 1012 3769 1083; x_wconf 81' lang='grc' dir='ltr'><strong>βασιλεύσων</strong></span> 
     </span>
    </p>
   </div>
   <div class='ocr_carea' id='block_1_15' title="bbox 524 1097 2089 1176">
    <p class='ocr_par' dir='ltr' id='par_1_15' title="bbox 524 1102 2089 1176">
     <span class='ocr_line' id='line_1_15' title="bbox 524 1102 2089 1176; baseline -0.005 -13"><span class='ocrx_word' id='word_1_102' title='bbox 524 1117 581 1164; x_wconf 92' lang='lat' dir='ltr'><strong>et</strong></span> <span class='ocrx_word' id='word_1_103' title='bbox 607 1110 866 1163; x_wconf 92' lang='lat' dir='ltr'><strong>thronum</strong></span> <span class='ocrx_word' id='word_1_104' title='bbox 893 1106 1111 1161; x_wconf 90' lang='lat' dir='ltr'><strong>Davidis</strong></span> <span class='ocrx_word' id='word_1_105' title='bbox 1129 1104 1385 1176; x_wconf 89' lang='lat' dir='ltr'><strong>appellat.</strong></span> <span class='ocrx_word' id='word_1_106' title='bbox 1415 1102 1630 1157; x_wconf 84' lang='lat' dir='ltr'><strong>Nullius</strong></span> <span class='ocrx_word' id='word_1_107' title='bbox 1686 1109 1867 1156; x_wconf 90' lang='lat' dir='ltr'><strong>autem</strong></span> <span class='ocrx_word' id='word_1_108' title='bbox 1897 1110 1984 1156; x_wconf 89' lang='lat' dir='ltr'><strong>est</strong></span> <span class='ocrx_word' id='word_1_109' title='bbox 2009 1116 2089 1155; x_wconf 86' lang='lat' dir='ltr'><strong>re-</strong></span> 
     </span>
    </p>
   </div>
   <div class='ocr_carea' id='block_1_16' title="bbox 2194 1097 3775 1176">
    <p class='ocr_par' dir='ltr' id='par_1_16' title="bbox 2197 1097 3775 1173">
     <span class='ocr_line' id='line_1_16' title="bbox 2197 1097 3775 1173; baseline 0.005 -23"><span class='ocrx_word' id='word_1_110' title='bbox 2197 1098 2293 1151; x_wconf 73' lang='grc' dir='ltr'><strong>καὶ</strong></span> <span class='ocrx_word' id='word_1_111' title='bbox 2307 1097 2450 1151; x_wconf 83' lang='grc' dir='ltr'>κατὰ</span> <span class='ocrx_word' id='word_1_112' title='bbox 2474 1099 2824 1170; x_wconf 79' lang='grc' dir='ltr'>γνώμην,καὶ</span> <span class='ocrx_word' id='word_1_113' title='bbox 2846 1098 2941 1153; x_wconf 90' lang='grc' dir='ltr'>νῦν</span> <span class='ocrx_word' id='word_1_114' title='bbox 2963 1100 3060 1170; x_wconf 84' lang='grc' dir='ltr'><strong>μὲν</strong></span> <span class='ocrx_word' id='word_1_115' title='bbox 3081 1100 3314 1166; x_wconf 83' lang='grc' dir='ltr'><strong>πολλῶν,</strong></span> <span class='ocrx_word' id='word_1_116' title='bbox 3335 1102 3421 1155; x_wconf 74' lang='grc' dir='ltr'><strong>ἐπ’</strong></span> <span class='ocrx_word' id='word_1_117' title='bbox 3450 1103 3694 1173; x_wconf 73' lang='grc' dir='ltr'>ἐσχάτων</span> <span class='ocrx_word' id='word_1_118' title='bbox 3715 1104 3775 1158; x_wconf 70' lang='grc' dir='ltr'><strong>δὲ</strong></span> 
     </span>
    </p>
   </div>
   <div class='ocr_carea' id='block_1_17' title="bbox 524 1191 2089 1272">
    <p class='ocr_par' dir='ltr' id='par_1_17' title="bbox 524 1191 2089 1269">
     <span class='ocr_line' id='line_1_17' title="bbox 524 1191 2089 1269; baseline -0.005 -16"><span class='ocrx_word' id='word_1_119' title='bbox 524 1213 693 1269; x_wconf 79' lang='lat' dir='ltr'><strong>gnare</strong></span> <span class='ocrx_word' id='word_1_120' title='bbox 725 1199 779 1253; x_wconf 92' lang='lat' dir='ltr'><strong>in</strong></span> <span class='ocrx_word' id='word_1_121' title='bbox 826 1208 1111 1260; x_wconf 61' lang='lat' dir='ltr'><strong>aeternum,</strong></span> <span class='ocrx_word' id='word_1_122' title='bbox 1147 1194 1251 1250; x_wconf 90' lang='lat' dir='ltr'><strong>nisi</strong></span> <span class='ocrx_word' id='word_1_123' title='bbox 1284 1193 1377 1249; x_wconf 86' lang='lat' dir='ltr'><strong>Dei</strong></span> <span class='ocrx_word' id='word_1_124' title='bbox 1433 1193 1649 1259; x_wconf 87' lang='lat' dir='ltr'><strong>solius;</strong></span> <span class='ocrx_word' id='word_1_125' title='bbox 1697 1191 1925 1255; x_wconf 90' lang='lat' dir='ltr'><strong>idcirco,</strong></span> <span class='ocrx_word' id='word_1_126' title='bbox 1988 1192 2089 1247; x_wconf 89' lang='lat' dir='ltr'><strong>etsi</strong></span> 
     </span>
    </p>
   </div>
   <div class='ocr_carea' id='block_1_18' title="bbox 2194 1191 3777 1272">
    <p class='ocr_par' dir='ltr' id='par_1_18' title="bbox 2194 1194 3777 1272">
     <span class='ocr_line' id='line_1_18' title="bbox 2194 1194 3777 1272; baseline 0.003 -24"><span class='ocrx_word' id='word_1_127' title='bbox 2194 1196 2281 1248; x_wconf 75' lang='grc' dir='ltr'>καὶ</span> <span class='ocrx_word' id='word_1_128' title='bbox 2295 1194 2697 1265; x_wconf 79' lang='grc' dir='ltr'>πάντων,ήνίκα</span> <span class='ocrx_word' id='word_1_129' title='bbox 2712 1195 2810 1249; x_wconf 75' lang='grc' dir='ltr'><strong>καί</strong></span> <span class='ocrx_word' id='word_1_130' title='bbox 2824 1195 3264 1265; x_wconf 79' lang='grc' dir='ltr'><strong>ὑποταγήσεται</strong></span> <span class='ocrx_word' id='word_1_131' title='bbox 3277 1195 3436 1262; x_wconf 86' lang='grc' dir='ltr'>αὐτῷ</span> <span class='ocrx_word' id='word_1_132' title='bbox 3447 1198 3517 1251; x_wconf 83' lang='grc' dir='ltr'>τὰ</span> <span class='ocrx_word' id='word_1_133' title='bbox 3532 1196 3777 1272; x_wconf 62' lang='grc' dir='ltr'>πάντα]</span> 
     </span>
    </p>
   </div>
   <div class='ocr_carea' id='block_1_19' title="bbox 528 1288 3775 1358">
    <p class='ocr_par' dir='ltr' id='par_1_19' title="bbox 528 1288 3775 1358">
     <span class='ocr_line' id='line_1_19' title="bbox 528 1288 3775 1358; baseline -0.001 -6"><span class='ocrx_word' id='word_1_134' title='bbox 528 1297 741 1352; x_wconf 79' lang='lat' dir='ltr'><strong>ratione</strong></span> <span class='ocrx_word' id='word_1_135' title='bbox 766 1292 1158 1349; x_wconf 87' lang='lat' dir='ltr'><strong>incarnationis</strong></span> <span class='ocrx_word' id='word_1_136' title='bbox 1180 1291 1437 1344; x_wconf 90' lang='lat' dir='ltr'><strong>thronum</strong></span> <span class='ocrx_word' id='word_1_137' title='bbox 1476 1288 1697 1343; x_wconf 90' lang='lat' dir='ltr'><strong>Davidis</strong></span> <span class='ocrx_word' id='word_1_138' title='bbox 1749 1288 2007 1358; x_wconf 89' lang='lat' dir='ltr'><strong>accipere</strong></span> <span class='ocrx_word' id='word_1_139' title='bbox 2050 1291 2354 1346; x_wconf 89' lang='lat' dir='ltr'><strong>secundum</strong></span> <span class='ocrx_word' id='word_1_140' title='bbox 2388 1290 2619 1347; x_wconf 77' lang='lat' dir='ltr'><strong>formam</strong></span> <span class='ocrx_word' id='word_1_141' title='bbox 2676 1292 2918 1348; x_wconf 85' lang='lat' dir='ltr'><strong>hominis</strong></span> <span class='ocrx_word' id='word_1_142' title='bbox 2977 1293 3213 1355; x_wconf 87' lang='lat' dir='ltr'><strong>dicatur,</strong></span> <span class='ocrx_word' id='word_1_143' title='bbox 3239 1302 3477 1349; x_wconf 88' lang='lat' dir='ltr'><strong>attamen</strong></span> <span class='ocrx_word' id='word_1_144' title='bbox 3537 1304 3775 1349; x_wconf 80' lang='lat' dir='ltr'><strong>aeternus</strong></span> 
     </span>
    </p>
   </div>
   <div class='ocr_carea' id='block_1_20' title="bbox 521 1378 3772 1459">
    <p class='ocr_par' dir='ltr' id='par_1_20' title="bbox 521 1378 3772 1459">
     <span class='ocr_line' id='line_1_20' title="bbox 521 1378 3772 1459; baseline 0 -16"><span class='ocrx_word' id='word_1_145' title='bbox 521 1402 741 1459; x_wconf 91' lang='lat' dir='ltr'><strong>quoque</strong></span> <span class='ocrx_word' id='word_1_146' title='bbox 766 1402 860 1442; x_wconf 84' lang='lat' dir='ltr'><strong>rex</strong></span> <span class='ocrx_word' id='word_1_147' title='bbox 892 1386 1011 1456; x_wconf 84' lang='lat' dir='ltr'><strong>ipse</strong></span> <span class='ocrx_word' id='word_1_148' title='bbox 1055 1382 1371 1453; x_wconf 78' lang='lat' dir='ltr'><strong>agnoscitur</strong></span> <span class='ocrx_word' id='word_1_149' title='bbox 1409 1380 1463 1435; x_wconf 92' lang='lat' dir='ltr'><strong>in</strong></span> <span class='ocrx_word' id='word_1_150' title='bbox 1495 1378 1671 1434; x_wconf 81' lang='lat' dir='ltr'><strong>forma</strong></span> <span class='ocrx_word' id='word_1_151' title='bbox 1728 1378 1844 1444; x_wconf 91' lang='lat' dir='ltr'><strong>Dei,</strong></span> <span class='ocrx_word' id='word_1_152' title='bbox 1873 1390 1923 1434; x_wconf 86' lang='lat' dir='ltr'><strong>et</strong></span> <span class='ocrx_word' id='word_1_153' title='bbox 1954 1382 2103 1450; x_wconf 82' lang='lat' dir='ltr'><strong>regni</strong></span> <span class='ocrx_word' id='word_1_154' title='bbox 2137 1381 2250 1452; x_wconf 78' lang='lat' dir='ltr'><strong>ejus</strong></span> <span class='ocrx_word' id='word_1_155' title='bbox 2274 1398 2379 1436; x_wconf 90' lang='lat' dir='ltr'><strong>non</strong></span> <span class='ocrx_word' id='word_1_156' title='bbox 2427 1383 2525 1437; x_wconf 84' lang='lat' dir='ltr'><strong>erit</strong></span> <span class='ocrx_word' id='word_1_157' title='bbox 2552 1383 2675 1453; x_wconf 76' lang='lat' dir='ltr'><strong>ﬁnis</strong></span> <span class='ocrx_word' id='word_1_158' title='bbox 2709 1384 2754 1415; x_wconf 74' lang='lat'>“</span> <span class='ocrx_word' id='word_1_159' title='bbox 2778 1424 2795 1450; x_wconf 96' lang='lat'><strong>,</strong></span> <span class='ocrx_word' id='word_1_160' title='bbox 2830 1399 2938 1440; x_wconf 87' lang='lat' dir='ltr'><strong>non</strong></span> <span class='ocrx_word' id='word_1_161' title='bbox 2999 1385 3161 1441; x_wconf 88' lang='lat' dir='ltr'><strong>modo</strong></span> <span class='ocrx_word' id='word_1_162' title='bbox 3193 1397 3464 1457; x_wconf 82' lang='lat' dir='ltr'><strong>quatenus</strong></span> <span class='ocrx_word' id='word_1_163' title='bbox 3500 1397 3583 1444; x_wconf 89' lang='lat' dir='ltr'><strong>est</strong></span> <span class='ocrx_word' id='word_1_164' title='bbox 3606 1387 3772 1455; x_wconf 90' lang='lat' dir='ltr'><strong>Deus,</strong></span> 
     </span>
    </p>
   </div>
   <div class='ocr_carea' id='block_1_21' title="bbox 519 1477 3774 1552">
    <p class='ocr_par' dir='ltr' id='par_1_21' title="bbox 519 1477 3774 1552">
     <span class='ocr_line' id='line_1_21' title="bbox 519 1477 3774 1552; baseline -0.001 -13"><span class='ocrx_word' id='word_1_165' title='bbox 519 1498 712 1539; x_wconf 85' lang='lat' dir='ltr'><strong>verum</strong></span> <span class='ocrx_word' id='word_1_166' title='bbox 738 1482 901 1537; x_wconf 84' lang='lat' dir='ltr'><strong>etiam</strong></span> <span class='ocrx_word' id='word_1_167' title='bbox 932 1480 1593 1552; x_wconf 85' lang='lat' dir='ltr'><strong>quatenushomo,neque</strong></span> <span class='ocrx_word' id='word_1_168' title='bbox 1618 1477 1792 1532; x_wconf 90' lang='lat' dir='ltr'><strong>solum</strong></span> <span class='ocrx_word' id='word_1_169' title='bbox 1815 1484 2079 1547; x_wconf 88' lang='lat' dir='ltr'><strong>tanquam</strong></span> <span class='ocrx_word' id='word_1_170' title='bbox 2120 1488 2316 1533; x_wconf 84' lang='lat' dir='ltr'><strong>natura</strong></span> <span class='ocrx_word' id='word_1_171' title='bbox 2364 1494 2464 1535; x_wconf 91' lang='lat' dir='ltr'><strong>sua</strong></span> <span class='ocrx_word' id='word_1_172' title='bbox 2530 1496 2646 1545; x_wconf 82' lang='lat' dir='ltr'><strong>rex,</strong></span> <span class='ocrx_word' id='word_1_173' title='bbox 2675 1479 2773 1537; x_wconf 90' lang='lat' dir='ltr'><strong>sed</strong></span> <span class='ocrx_word' id='word_1_174' title='bbox 2834 1494 3063 1551; x_wconf 77' lang='lat' dir='ltr'><strong>regnum</strong></span> <span class='ocrx_word' id='word_1_175' title='bbox 3117 1489 3379 1551; x_wconf 85' lang='lat' dir='ltr'><strong>praeterea</strong></span> <span class='ocrx_word' id='word_1_176' title='bbox 3427 1481 3656 1547; x_wconf 88' lang='lat' dir='ltr'><strong>adeptus</strong></span> <span class='ocrx_word' id='word_1_177' title='bbox 3706 1497 3774 1536; x_wconf 71' lang='lat' dir='ltr'><strong>ex</strong></span> 
     </span>
    </p>
   </div>
   <div class='ocr_carea' id='block_1_22' title="bbox 519 1573 3767 1648">
    <p class='ocr_par' dir='ltr' id='par_1_22' title="bbox 519 1573 3767 1648">
     <span class='ocr_line' id='line_1_22' title="bbox 519 1573 3767 1648; baseline 0.001 -16"><span class='ocrx_word' id='word_1_178' title='bbox 519 1578 802 1634; x_wconf 80' lang='lat' dir='ltr'><strong>voluntate</strong></span> <span class='ocrx_word' id='word_1_179' title='bbox 829 1576 1065 1647; x_wconf 91' lang='lat' dir='ltr'><strong>primum</strong></span> <span class='ocrx_word' id='word_1_180' title='bbox 1096 1576 1315 1646; x_wconf 87' lang='lat' dir='ltr'><strong>quidem</strong></span> <span class='ocrx_word' id='word_1_181' title='bbox 1343 1573 1661 1642; x_wconf 87' lang='lat' dir='ltr'><strong>multorum,</strong></span> <span class='ocrx_word' id='word_1_182' title='bbox 1709 1588 1936 1645; x_wconf 88' lang='lat' dir='ltr'><strong>prorsus</strong></span> <span class='ocrx_word' id='word_1_183' title='bbox 1958 1589 2088 1630; x_wconf 86' lang='lat' dir='ltr'><strong>vero</strong></span> <span class='ocrx_word' id='word_1_184' title='bbox 2127 1575 2373 1631; x_wconf 90' lang='lat' dir='ltr'><strong>omnium</strong></span> <span class='ocrx_word' id='word_1_185' title='bbox 2404 1576 2470 1632; x_wconf 90' lang='lat' dir='ltr'><strong>ad</strong></span> <span class='ocrx_word' id='word_1_186' title='bbox 2524 1576 2684 1632; x_wconf 81' lang='lat' dir='ltr'><strong>tinem</strong></span> <span class='ocrx_word' id='word_1_187' title='bbox 2740 1577 2949 1643; x_wconf 59' lang='lat' dir='ltr'><strong>saeculi,</strong></span> <span class='ocrx_word' id='word_1_188' title='bbox 2983 1577 3203 1648; x_wconf 89' lang='lat' dir='ltr'><strong>quando</strong></span> <span class='ocrx_word' id='word_1_189' title='bbox 3226 1586 3275 1631; x_wconf 84' lang='lat' dir='ltr'><strong>et</strong></span> <span class='ocrx_word' id='word_1_190' title='bbox 3304 1577 3485 1632; x_wconf 84' lang='lat' dir='ltr'><strong>omnia</strong></span> <span class='ocrx_word' id='word_1_191' title='bbox 3510 1578 3611 1648; x_wconf 76' lang='lat' dir='ltr'><strong>ipsi</strong></span> <span class='ocrx_word' id='word_1_192' title='bbox 3639 1582 3767 1635; x_wconf 82' lang='lat' dir='ltr'><strong>sub-</strong></span> 
     </span>
    </p>
   </div>
   <div class='ocr_carea' id='block_1_23' title="bbox 517 1667 920 1741">
    <p class='ocr_par' dir='ltr' id='par_1_23' title="bbox 517 1667 920 1741">
     <span class='ocr_line' id='line_1_23' title="bbox 517 1667 920 1741; baseline 0.005 -18"><span class='ocrx_word' id='word_1_193' title='bbox 517 1669 772 1741; x_wconf 77' lang='lat' dir='ltr'><strong>jicientu&#39;r</strong></span> <span class='ocrx_word' id='word_1_194' title='bbox 799 1670 841 1701; x_wconf 84' lang='lat'><strong>“’</strong></span> 
     </span>
    </p>
   </div>
   <div class='ocr_carea' id='block_1_24' title="bbox 594 1760 2089 1836">
    <p class='ocr_par' dir='ltr' id='par_1_24' title="bbox 594 1760 2089 1832">
     <span class='ocr_line' id='line_1_24' title="bbox 594 1760 2089 1832; baseline 0.001 -18"><span class='ocrx_word' id='word_1_195' title='bbox 594 1760 710 1816; x_wconf 82' lang='lat' dir='ltr'><strong>XV.</strong></span> <span class='ocrx_word' id='word_1_196' title='bbox 733 1760 837 1817; x_wconf 88' lang='lat' dir='ltr'><strong>Sed</strong></span> <span class='ocrx_word' id='word_1_197' title='bbox 873 1777 972 1832; x_wconf 76' lang='lat' dir='ltr'><strong>age</strong></span> <span class='ocrx_word' id='word_1_198' title='bbox 1001 1760 1133 1831; x_wconf 91' lang='lat' dir='ltr'><strong>jam,</strong></span> <span class='ocrx_word' id='word_1_199' title='bbox 1163 1760 1305 1830; x_wconf 88' lang='lat' dir='ltr'><strong>quod</strong></span> <span class='ocrx_word' id='word_1_200' title='bbox 1356 1761 1627 1831; x_wconf 90' lang='lat' dir='ltr'><strong>reliquum</strong></span> <span class='ocrx_word' id='word_1_201' title='bbox 1657 1771 1741 1816; x_wconf 91' lang='lat' dir='ltr'><strong>est</strong></span> <span class='ocrx_word' id='word_1_202' title='bbox 1790 1760 2089 1823; x_wconf 83' lang='lat' dir='ltr'><strong>videamus,</strong></span> 
     </span>
    </p>
   </div>
   <div class='ocr_carea' id='block_1_25' title="bbox 2194 1760 3772 1836">
    <p class='ocr_par' dir='ltr' id='par_1_25' title="bbox 2272 1763 3772 1836">
     <span class='ocr_line' id='line_1_25' title="bbox 2272 1763 3772 1836; baseline 0 -19"><span class='ocrx_word' id='word_1_203' title='bbox 2272 1763 2374 1821; x_wconf 84' lang='lat' dir='ltr'><strong>IE&#39;.</strong></span> <span class='ocrx_word' id='word_1_204' title='bbox 2414 1765 2555 1820; x_wconf 83' lang='grc' dir='ltr'>Ἀλλ’</span> <span class='ocrx_word' id='word_1_205' title='bbox 2608 1766 2807 1836; x_wconf 79' lang='grc' dir='ltr'>ῐδωμεν</span> <span class='ocrx_word' id='word_1_206' title='bbox 2862 1765 3047 1821; x_wconf 77' lang='grc' dir='ltr'>λοιπὸν</span> <span class='ocrx_word' id='word_1_207' title='bbox 3083 1765 3179 1817; x_wconf 63' lang='grc' dir='ltr'><strong>κα)⁸</strong></span> <span class='ocrx_word' id='word_1_208' title='bbox 3205 1764 3304 1834; x_wconf 81' lang='grc' dir='ltr'>τῆς</span> <span class='ocrx_word' id='word_1_209' title='bbox 3336 1764 3555 1835; x_wconf 79' lang='grc' dir='ltr'><strong>νύμφης</strong></span> <span class='ocrx_word' id='word_1_210' title='bbox 3602 1763 3772 1833; x_wconf 84' lang='grc' dir='ltr'>αὐτῆς</span> 
     </span>
    </p>
   </div>
   <div class='ocr_carea' id='block_1_26' title="bbox 523 1854 2089 1929">
    <p class='ocr_par' dir='ltr' id='par_1_26' title="bbox 523 1854 2089 1924">
     <span class='ocr_line' id='line_1_26' title="bbox 523 1854 2089 1924; baseline 0.001 -14"><span class='ocrx_word' id='word_1_211' title='bbox 523 1854 730 1910; x_wconf 88' lang='lat' dir='ltr'><strong>scilicet</strong></span> <span class='ocrx_word' id='word_1_212' title='bbox 764 1870 979 1924; x_wconf 75' lang='lat' dir='ltr'><strong>sponsae</strong></span> <span class='ocrx_word' id='word_1_213' title='bbox 1006 1854 1179 1923; x_wconf 92' lang='lat' dir='ltr'><strong>ipsius</strong></span> <span class='ocrx_word' id='word_1_214' title='bbox 1200 1864 1255 1909; x_wconf 87' lang='lat' dir='ltr'><strong>et</strong></span> <span class='ocrx_word' id='word_1_215' title='bbox 1287 1854 1451 1909; x_wconf 83' lang='lat' dir='ltr'><strong>verba</strong></span> <span class='ocrx_word' id='word_1_216' title='bbox 1474 1855 1638 1908; x_wconf 91' lang='lat' dir='ltr'><strong>simul</strong></span> <span class='ocrx_word' id='word_1_217' title='bbox 1665 1863 1719 1909; x_wconf 90' lang='lat' dir='ltr'><strong>et</strong></span> <span class='ocrx_word' id='word_1_218' title='bbox 1741 1856 2014 1919; x_wconf 89' lang='lat' dir='ltr'><strong>animum,</strong></span> <span class='ocrx_word' id='word_1_219' title='bbox 2042 1865 2089 1911; x_wconf 90' lang='lat' dir='ltr'><strong>et</strong></span> 
     </span>
    </p>
   </div>
   <div class='ocr_carea' id='block_1_27' title="bbox 2194 1854 3774 1929">
    <p class='ocr_par' dir='ltr' id='par_1_27' title="bbox 2200 1856 3774 1929">
     <span class='ocr_line' id='line_1_27' title="bbox 2200 1856 3774 1929; baseline -0.001 -20"><span class='ocrx_word' id='word_1_220' title='bbox 2200 1857 2294 1910; x_wconf 72' lang='grc' dir='ltr'><strong>καὶ</strong></span> <span class='ocrx_word' id='word_1_221' title='bbox 2326 1856 2423 1928; x_wconf 85' lang='grc' dir='ltr'>τὴν</span> <span class='ocrx_word' id='word_1_222' title='bbox 2448 1858 2696 1926; x_wconf 85' lang='grc' dir='ltr'>γλῶτταν</span> <span class='ocrx_word' id='word_1_223' title='bbox 2729 1859 2846 1929; x_wconf 76' lang='grc' dir='ltr'><strong>ἅμα</strong></span> <span class='ocrx_word' id='word_1_224' title='bbox 2872 1861 2966 1913; x_wconf 72' lang='grc' dir='ltr'><strong>καὶ</strong></span> <span class='ocrx_word' id='word_1_225' title='bbox 2989 1858 3087 1929; x_wconf 86' lang='grc' dir='ltr'>τὴν</span> <span class='ocrx_word' id='word_1_226' title='bbox 3116 1856 3317 1929; x_wconf 77' lang='grc' dir='ltr'>ψυχὴν,</span> <span class='ocrx_word' id='word_1_227' title='bbox 3344 1856 3440 1910; x_wconf 78' lang='grc' dir='ltr'>καὶ</span> <span class='ocrx_word' id='word_1_228' title='bbox 3477 1856 3599 1910; x_wconf 81' lang='grc' dir='ltr'>ὅσον</span> <span class='ocrx_word' id='word_1_229' title='bbox 3628 1856 3774 1926; x_wconf 72' lang='grc' dir='ltr'>αὕτη</span> 
     </span>
    </p>
   </div>
   <div class='ocr_carea' id='block_1_28' title="bbox 523 1945 2089 2022">
    <p class='ocr_par' dir='ltr' id='par_1_28' title="bbox 523 1945 2089 2017">
     <span class='ocr_line' id='line_1_28' title="bbox 523 1945 2089 2017; baseline 0.003 -17"><span class='ocrx_word' id='word_1_230' title='bbox 523 1961 808 2016; x_wconf 87' lang='lat' dir='ltr'><strong>quousque</strong></span> <span class='ocrx_word' id='word_1_231' title='bbox 824 1948 1040 2017; x_wconf 85' lang='lat' dir='ltr'><strong>sapiens</strong></span> <span class='ocrx_word' id='word_1_232' title='bbox 1064 1946 1177 2016; x_wconf 92' lang='lat' dir='ltr'><strong>ipsa</strong></span> <span class='ocrx_word' id='word_1_233' title='bbox 1196 1945 1358 2001; x_wconf 78' lang='lat' dir='ltr'><strong>fuerit</strong></span> <span class='ocrx_word' id='word_1_234' title='bbox 1383 1962 1448 2001; x_wconf 89' lang='lat' dir='ltr'><strong>ac</strong></span> <span class='ocrx_word' id='word_1_235' title='bbox 1476 1947 1803 2016; x_wconf 77' lang='lat' dir='ltr'><strong>virginitatis</strong></span> <span class='ocrx_word' id='word_1_236' title='bbox 1828 1947 2089 2006; x_wconf 87' lang='lat' dir='ltr'><strong>studiosa.</strong></span> 
     </span>
    </p>
   </div>
   <div class='ocr_carea' id='block_1_29' title="bbox 2194 1945 3775 2022">
    <p class='ocr_par' dir='ltr' id='par_1_29' title="bbox 2200 1947 3775 2022">
     <span class='ocr_line' id='line_1_29' title="bbox 2200 1947 3775 2022; baseline -0.001 -20"><span class='ocrx_word' id='word_1_237' title='bbox 2200 1950 2335 2019; x_wconf 86' lang='grc' dir='ltr'>σοφή</span> <span class='ocrx_word' id='word_1_238' title='bbox 2364 1966 2423 2002; x_wconf 89' lang='grc' dir='ltr'><strong>τε</strong></span> <span class='ocrx_word' id='word_1_239' title='bbox 2461 1949 2553 2003; x_wconf 78' lang='grc' dir='ltr'><strong>καὶ</strong></span> <span class='ocrx_word' id='word_1_240' title='bbox 2592 1950 3006 2022; x_wconf 85' lang='grc' dir='ltr'>φιλοπάρθενος.</span> <span class='ocrx_word' id='word_1_241' title='bbox 3039 1949 3178 2004; x_wconf 79' lang='grc' dir='ltr'>υῦτε</span> <span class='ocrx_word' id='word_1_242' title='bbox 3215 1949 3295 2020; x_wconf 82' lang='grc' dir='ltr'>τῷ</span> <span class='ocrx_word' id='word_1_243' title='bbox 3333 1947 3552 2019; x_wconf 84' lang='grc' dir='ltr'>ἀγγέλῳ</span> <span class='ocrx_word' id='word_1_244' title='bbox 3589 1948 3775 2003; x_wconf 82' lang='grc' dir='ltr'>διαπι-</span> 
     </span>
    </p>
   </div>
   <div class='ocr_carea' id='block_1_30' title="bbox 524 2036 2089 2109">
    <p class='ocr_par' dir='ltr' id='par_1_30' title="bbox 524 2036 2089 2108">
     <span class='ocr_line' id='line_1_30' title="bbox 524 2036 2089 2108; baseline 0.003 -20"><span class='ocrx_word' id='word_1_245' title='bbox 524 2036 617 2089; x_wconf 85' lang='lat' dir='ltr'><strong>Illa</strong></span> <span class='ocrx_word' id='word_1_246' title='bbox 675 2050 848 2104; x_wconf 89' lang='lat' dir='ltr'><strong>neque</strong></span> <span class='ocrx_word' id='word_1_247' title='bbox 913 2036 1140 2090; x_wconf 88' lang='lat' dir='ltr'><strong>omnino</strong></span> <span class='ocrx_word' id='word_1_248' title='bbox 1201 2036 1361 2091; x_wconf 85' lang='lat' dir='ltr'><strong>tidem</strong></span> <span class='ocrx_word' id='word_1_249' title='bbox 1413 2038 1626 2107; x_wconf 82' lang='lat' dir='ltr'><strong>angelo,</strong></span> <span class='ocrx_word' id='word_1_250' title='bbox 1661 2039 2089 2108; x_wconf 78' lang='lat' dir='ltr'><strong>proptermulta</strong></span> 
     </span>
    </p>
   </div>
   <div class='ocr_carea' id='block_1_31' title="bbox 2194 2036 3771 2109">
    <p class='ocr_par' dir='ltr' id='par_1_31' title="bbox 2200 2036 3771 2109">
     <span class='ocr_line' id='line_1_31' title="bbox 2200 2036 3771 2109; baseline 0 -19"><span class='ocrx_word' id='word_1_251' title='bbox 2200 2042 2347 2093; x_wconf 82' lang='grc' dir='ltr'><strong>στεῖν</strong></span> <span class='ocrx_word' id='word_1_252' title='bbox 2374 2039 2487 2109; x_wconf 78' lang='grc' dir='ltr'>ἔχει</span> <span class='ocrx_word' id='word_1_253' title='bbox 2515 2040 2602 2093; x_wconf 88' lang='grc' dir='ltr'><strong>διὰ</strong></span> <span class='ocrx_word' id='word_1_254' title='bbox 2638 2039 2694 2092; x_wconf 79' lang='grc' dir='ltr'>τὸ</span> <span class='ocrx_word' id='word_1_255' title='bbox 2720 2039 3051 2105; x_wconf 82' lang='grc' dir='ltr'>ἀξιόπιστον,</span> <span class='ocrx_word' id='word_1_256' title='bbox 3073 2038 3201 2093; x_wconf 73' lang='grc' dir='ltr'>οὔτε</span> <span class='ocrx_word' id='word_1_257' title='bbox 3240 2037 3405 2092; x_wconf 87' lang='grc' dir='ltr'>πάλιν</span> <span class='ocrx_word' id='word_1_258' title='bbox 3428 2038 3526 2109; x_wconf 81' lang='grc' dir='ltr'>τὴν</span> <span class='ocrx_word' id='word_1_259' title='bbox 3558 2036 3771 2107; x_wconf 82' lang='grc' dir='ltr'>παρθε-</span> 
     </span>
    </p>
   </div>
   <div class='ocr_carea' id='block_1_32' title="bbox 523 2128 2097 2201">
    <p class='ocr_par' dir='ltr' id='par_1_32' title="bbox 523 2128 2097 2201">
     <span class='ocr_line' id='line_1_32' title="bbox 523 2128 2097 2201; baseline 0.003 -20"><span class='ocrx_word' id='word_1_260' title='bbox 523 2129 764 2183; x_wconf 81' lang='lat' dir='ltr'><strong>veritatis</strong></span> <span class='ocrx_word' id='word_1_261' title='bbox 786 2129 1006 2193; x_wconf 92' lang='lat' dir='ltr'><strong>indicia,</strong></span> <span class='ocrx_word' id='word_1_262' title='bbox 1035 2128 1297 2191; x_wconf 86' lang='lat' dir='ltr'><strong>abnuere,</strong></span> <span class='ocrx_word' id='word_1_263' title='bbox 1314 2143 1491 2197; x_wconf 89' lang='lat' dir='ltr'><strong>neque</strong></span> <span class='ocrx_word' id='word_1_264' title='bbox 1515 2144 1708 2185; x_wconf 86' lang='lat' dir='ltr'><strong>rursus</strong></span> <span class='ocrx_word' id='word_1_265' title='bbox 1732 2130 1784 2183; x_wconf 93' lang='lat' dir='ltr'><strong>in</strong></span> <span class='ocrx_word' id='word_1_266' title='bbox 1816 2138 1968 2185; x_wconf 90' lang='lat' dir='ltr'><strong>tanto</strong></span> <span class='ocrx_word' id='word_1_267' title='bbox 2000 2146 2097 2201; x_wconf 87' lang='lat' dir='ltr'><strong>pu-</strong></span> 
     </span>
    </p>
   </div>
   <div class='ocr_carea' id='block_1_33' title="bbox 520 2220 2096 2290">
    <p class='ocr_par' dir='ltr' id='par_1_33' title="bbox 520 2220 2096 2290">
     <span class='ocr_line' id='line_1_33' title="bbox 520 2220 2096 2290; baseline 0.001 -17"><span class='ocrx_word' id='word_1_268' title='bbox 520 2220 696 2274; x_wconf 88' lang='lat' dir='ltr'><strong>ritatis</strong></span> <span class='ocrx_word' id='word_1_269' title='bbox 730 2220 911 2275; x_wconf 85' lang='lat' dir='ltr'><strong>studio</strong></span> <span class='ocrx_word' id='word_1_270' title='bbox 950 2237 979 2281; x_wconf 79' lang='lat' dir='ltr'><strong>a</strong></span> <span class='ocrx_word' id='word_1_271' title='bbox 1019 2220 1329 2290; x_wconf 80' lang='lat' dir='ltr'><strong>virginitate</strong></span> <span class='ocrx_word' id='word_1_272' title='bbox 1378 2220 1686 2276; x_wconf 89' lang='lat' dir='ltr'><strong>desciscere</strong></span> <span class='ocrx_word' id='word_1_273' title='bbox 1720 2221 1965 2275; x_wconf 89' lang='lat' dir='ltr'><strong>animum</strong></span> <span class='ocrx_word' id='word_1_274' title='bbox 2013 2224 2096 2275; x_wconf 86' lang='lat' dir='ltr'><strong>in-</strong></span> 
     </span>
    </p>
   </div>
   <div class='ocr_carea' id='block_1_34' title="bbox 517 2312 2093 2384">
    <p class='ocr_par' dir='ltr' id='par_1_34' title="bbox 517 2312 2093 2384">
     <span class='ocr_line' id='line_1_34' title="bbox 517 2312 2093 2384; baseline 0.003 -20"><span class='ocrx_word' id='word_1_275' title='bbox 517 2313 710 2378; x_wconf 88' lang='lat' dir='ltr'><strong>ducit;</strong></span> <span class='ocrx_word' id='word_1_276' title='bbox 744 2312 838 2367; x_wconf 92' lang='lat' dir='ltr'><strong>sed</strong></span> <span class='ocrx_word' id='word_1_277' title='bbox 872 2313 1050 2367; x_wconf 90' lang='lat' dir='ltr'><strong>media</strong></span> <span class='ocrx_word' id='word_1_278' title='bbox 1096 2312 1450 2367; x_wconf 78' lang='lat' dir='ltr'><strong>diliidentiam</strong></span> <span class='ocrx_word' id='word_1_279' title='bbox 1500 2312 1642 2367; x_wconf 88' lang='lat' dir='ltr'><strong>inter</strong></span> <span class='ocrx_word' id='word_1_280' title='bbox 1668 2327 1733 2367; x_wconf 89' lang='lat' dir='ltr'><strong>ac</strong></span> <span class='ocrx_word' id='word_1_281' title='bbox 1774 2322 2093 2384; x_wconf 86' lang='lat' dir='ltr'><strong>promptum</strong></span> 
     </span>
    </p>
   </div>
   <div class='ocr_carea' id='block_1_35' title="bbox 518 2404 2096 2476">
    <p class='ocr_par' dir='ltr' id='par_1_35' title="bbox 518 2404 2096 2476">
     <span class='ocr_line' id='line_1_35' title="bbox 518 2404 2096 2476; baseline 0.003 -19"><span class='ocrx_word' id='word_1_282' title='bbox 518 2405 813 2461; x_wconf 86' lang='lat' dir='ltr'><strong>voluntatis</strong></span> <span class='ocrx_word' id='word_1_283' title='bbox 840 2404 1162 2475; x_wconf 87' lang='lat' dir='ltr'><strong>obsequium</strong></span> <span class='ocrx_word' id='word_1_284' title='bbox 1189 2414 1395 2471; x_wconf 90' lang='lat' dir='ltr'><strong>manet,</strong></span> <span class='ocrx_word' id='word_1_285' title='bbox 1420 2406 1751 2476; x_wconf 88' lang='lat' dir='ltr'><strong>modumque</strong></span> <span class='ocrx_word' id='word_1_286' title='bbox 1774 2407 1935 2475; x_wconf 84' lang='lat' dir='ltr'><strong>hujus</strong></span> <span class='ocrx_word' id='word_1_287' title='bbox 1955 2422 2096 2475; x_wconf 85' lang='lat' dir='ltr'><strong>prae-</strong></span> 
     </span>
    </p>
   </div>
   <div class='ocr_carea' id='block_1_36' title="bbox 517 2494 2091 2569">
    <p class='ocr_par' dir='ltr' id='par_1_36' title="bbox 517 2494 2091 2569">
     <span class='ocr_line' id='line_1_36' title="bbox 517 2494 2091 2569; baseline 0.004 -21"><span class='ocrx_word' id='word_1_288' title='bbox 517 2505 600 2548; x_wconf 88' lang='lat' dir='ltr'><strong>ter</strong></span> <span class='ocrx_word' id='word_1_289' title='bbox 639 2494 799 2549; x_wconf 81' lang='lat' dir='ltr'><strong>ﬁdem</strong></span> <span class='ocrx_word' id='word_1_290' title='bbox 825 2508 1123 2566; x_wconf 87' lang='lat' dir='ltr'><strong>conceptus</strong></span> <span class='ocrx_word' id='word_1_291' title='bbox 1147 2507 1200 2552; x_wconf 88' lang='lat' dir='ltr'><strong>et</strong></span> <span class='ocrx_word' id='word_1_292' title='bbox 1241 2506 1433 2567; x_wconf 87' lang='lat' dir='ltr'><strong>partus</strong></span> <span class='ocrx_word' id='word_1_293' title='bbox 1479 2499 1740 2569; x_wconf 84' lang='lat' dir='ltr'><strong>exquirit.</strong></span> <span class='ocrx_word' id='word_1_294' title='bbox 1794 2499 2091 2567; x_wconf 82' lang='lat' dir='ltr'><strong>Quomodo,</strong></span> 
     </span>
    </p>
   </div>
   <div class='ocr_carea' id='block_1_37' title="bbox 514 2585 2093 2660">
    <p class='ocr_par' dir='ltr' id='par_1_37' title="bbox 514 2585 2093 2660">
     <span class='ocr_line' id='line_1_37' title="bbox 514 2585 2093 2660; baseline 0.003 -21"><span class='ocrx_word' id='word_1_295' title='bbox 514 2585 713 2655; x_wconf 86' lang='lat' dir='ltr'><strong>inquit,</strong></span> <span class='ocrx_word' id='word_1_296' title='bbox 735 2587 834 2639; x_wconf 87' lang='lat' dir='ltr'><strong>erit</strong></span> <span class='ocrx_word' id='word_1_297' title='bbox 865 2587 959 2641; x_wconf 84' lang='lat' dir='ltr'><strong>hoc</strong></span> <span class='ocrx_word' id='word_1_298' title='bbox 983 2588 1131 2652; x_wconf 83' lang='lat' dir='ltr'><strong>mihi,</strong></span> <span class='ocrx_word' id='word_1_299' title='bbox 1161 2590 1410 2658; x_wconf 84' lang='lat' dir='ltr'><strong>quoniam</strong></span> <span class='ocrx_word' id='word_1_300' title='bbox 1436 2590 1605 2643; x_wconf 83' lang='lat' dir='ltr'><strong>virum</strong></span> <span class='ocrx_word' id='word_1_301' title='bbox 1625 2607 1726 2644; x_wconf 89' lang='lat' dir='ltr'><strong>non</strong></span> <span class='ocrx_word' id='word_1_302' title='bbox 1747 2592 2093 2660; x_wconf 81' lang='lat' dir='ltr'><strong>cognosco&quot;?</strong></span> 
     </span>
    </p>
   </div>
   <div class='ocr_carea' id='block_1_38' title="bbox 515 2677 2090 2751">
    <p class='ocr_par' dir='ltr' id='par_1_38' title="bbox 515 2677 2090 2751">
     <span class='ocr_line' id='line_1_38' title="bbox 515 2677 2090 2751; baseline 0.005 -20"><span class='ocrx_word' id='word_1_303' title='bbox 515 2677 822 2749; x_wconf 78' lang='lat' dir='ltr'><strong>[Videlicet,</strong></span> <span class='ocrx_word' id='word_1_304' title='bbox 852 2680 1128 2749; x_wconf 89' lang='lat' dir='ltr'><strong>quomodo</strong></span> <span class='ocrx_word' id='word_1_305' title='bbox 1157 2696 1296 2750; x_wconf 90' lang='lat' dir='ltr'><strong>opus</strong></span> <span class='ocrx_word' id='word_1_306' title='bbox 1322 2681 1615 2751; x_wconf 87' lang='lat' dir='ltr'><strong>ejusmodi,</strong></span> <span class='ocrx_word' id='word_1_307' title='bbox 1645 2697 1756 2737; x_wconf 84' lang='lat' dir='ltr'><strong>non</strong></span> <span class='ocrx_word' id='word_1_308' title='bbox 1792 2684 1954 2738; x_wconf 88' lang='lat' dir='ltr'><strong>modo</strong></span> <span class='ocrx_word' id='word_1_309' title='bbox 1979 2693 2090 2739; x_wconf 91' lang='lat' dir='ltr'><strong>tam</strong></span> 
     </span>
    </p>
   </div>
   <div class='ocr_carea' id='block_1_39' title="bbox 513 2770 2090 2841">
    <p class='ocr_par' dir='ltr' id='par_1_39' title="bbox 513 2770 2090 2841">
     <span class='ocr_line' id='line_1_39' title="bbox 513 2770 2090 2841; baseline 0.003 -17"><span class='ocrx_word' id='word_1_310' title='bbox 513 2770 760 2825; x_wconf 85' lang='lat' dir='ltr'><strong>divinum</strong></span> <span class='ocrx_word' id='word_1_311' title='bbox 794 2780 849 2825; x_wconf 90' lang='lat' dir='ltr'><strong>et</strong></span> <span class='ocrx_word' id='word_1_312' title='bbox 891 2771 1271 2826; x_wconf 89' lang='lat' dir='ltr'><strong>admirandum</strong></span> <span class='ocrx_word' id='word_1_313' title='bbox 1325 2780 1379 2827; x_wconf 90' lang='lat' dir='ltr'><strong>et</strong></span> <span class='ocrx_word' id='word_1_314' title='bbox 1416 2781 1637 2841; x_wconf 87' lang='lat' dir='ltr'><strong>captum</strong></span> <span class='ocrx_word' id='word_1_315' title='bbox 1679 2775 1876 2829; x_wconf 87' lang='lat' dir='ltr'><strong>mentis</strong></span> <span class='ocrx_word' id='word_1_316' title='bbox 1931 2790 2090 2829; x_wconf 81' lang='lat' dir='ltr'><strong>exce-</strong></span> 
     </span>
    </p>
   </div>
   <div class='ocr_carea' id='block_1_40' title="bbox 512 2860 2094 2929">
    <p class='ocr_par' dir='ltr' id='par_1_40' title="bbox 512 2860 2094 2929">
     <span class='ocr_line' id='line_1_40' title="bbox 512 2860 2094 2929; baseline 0.003 -14"><span class='ocrx_word' id='word_1_317' title='bbox 512 2860 673 2928; x_wconf 83' lang='lat' dir='ltr'><strong>dens,</strong></span> <span class='ocrx_word' id='word_1_318' title='bbox 704 2878 893 2916; x_wconf 82' lang='lat' dir='ltr'><strong>vcrnm</strong></span> <span class='ocrx_word' id='word_1_319' title='bbox 917 2865 1076 2917; x_wconf 87' lang='lat' dir='ltr'><strong>etiam</strong></span> <span class='ocrx_word' id='word_1_320' title='bbox 1112 2863 1211 2917; x_wconf 87' lang='lat' dir='ltr'><strong>sibi</strong></span> <span class='ocrx_word' id='word_1_321' title='bbox 1244 2863 1380 2917; x_wconf 89' lang='lat' dir='ltr'><strong>adeo</strong></span> <span class='ocrx_word' id='word_1_322' title='bbox 1404 2864 1585 2918; x_wconf 91' lang='lat' dir='ltr'><strong>minus</strong></span> <span class='ocrx_word' id='word_1_323' title='bbox 1604 2864 1908 2929; x_wconf 67' lang='lat' dir='ltr'><strong>cohaerens,</strong></span> <span class='ocrx_word' id='word_1_324' title='bbox 1927 2864 1980 2917; x_wconf 91' lang='lat' dir='ltr'><strong>in</strong></span> <span class='ocrx_word' id='word_1_325' title='bbox 2006 2879 2094 2919; x_wconf 89' lang='lat' dir='ltr'><strong>me</strong></span> 
     </span>
    </p>
   </div>
   <div class='ocr_carea' id='block_1_41' title="bbox 513 2953 2092 3025">
    <p class='ocr_par' dir='ltr' id='par_1_41' title="bbox 513 2953 2092 3025">
     <span class='ocr_line' id='line_1_41' title="bbox 513 2953 2092 3025; baseline 0.003 -18"><span class='ocrx_word' id='word_1_326' title='bbox 513 2954 875 3024; x_wconf 86' lang='lat' dir='ltr'><strong>implebitur?</strong></span> <span class='ocrx_word' id='word_1_327' title='bbox 900 2953 1035 3010; x_wconf 88' lang='lat' dir='ltr'><strong>Nam</strong></span> <span class='ocrx_word' id='word_1_328' title='bbox 1070 2963 1121 3010; x_wconf 92' lang='lat' dir='ltr'><strong>et</strong></span> <span class='ocrx_word' id='word_1_329' title='bbox 1155 2955 1301 3025; x_wconf 90' lang='lat' dir='ltr'><strong>quod</strong></span> <span class='ocrx_word' id='word_1_330' title='bbox 1340 2955 1482 3010; x_wconf 80' lang='lat' dir='ltr'><strong>forte</strong></span> <span class='ocrx_word' id='word_1_331' title='bbox 1532 2958 1719 3010; x_wconf 88' lang='lat' dir='ltr'><strong>virum</strong></span> <span class='ocrx_word' id='word_1_332' title='bbox 1757 2971 2092 3025; x_wconf 80' lang='lat' dir='ltr'><strong>cognoscere</strong></span> 
     </span>
    </p>
   </div>
   <div class='ocr_carea' id='block_1_42' title="bbox 512 3044 2163 3155">
    <p class='ocr_par' dir='ltr' id='par_1_42' title="bbox 512 3044 2163 3155">
     <span class='ocr_line' id='line_1_42' title="bbox 512 3044 2163 3155; baseline -0.001 -55"><span class='ocrx_word' id='word_1_333' title='bbox 512 3047 629 3116; x_wconf 84' lang='lat' dir='ltr'><strong>ipsa</strong></span> <span class='ocrx_word' id='word_1_334' title='bbox 658 3046 887 3116; x_wconf 86' lang='lat' dir='ltr'><strong>possim,</strong></span> <span class='ocrx_word' id='word_1_335' title='bbox 936 3045 986 3100; x_wconf 87' lang='lat' dir='ltr'><strong>id</strong></span> <span class='ocrx_word' id='word_1_336' title='bbox 1018 3044 1333 3116; x_wconf 79' lang='lat' dir='ltr'><strong>centingere</strong></span> <span class='ocrx_word' id='word_1_337' title='bbox 1373 3046 1601 3102; x_wconf 90' lang='lat' dir='ltr'><strong>omnino</strong></span> <span class='ocrx_word' id='word_1_338' title='bbox 1642 3047 1853 3115; x_wconf 88' lang='lat' dir='ltr'><strong>nequit,</strong></span> <span class='ocrx_word' id='word_1_339' title='bbox 1888 3047 2090 3116; x_wconf 85' lang='lat' dir='ltr'><strong>quippe</strong></span> <span class='ocrx_word' id='word_1_340' title='bbox 2119 3097 2163 3155; x_wconf 62' lang='grc' dir='ltr'>ϐ</span> 
     </span>
    </p>
   </div>
   <div class='ocr_carea' id='block_1_43' title="bbox 510 3134 2087 3207">
    <p class='ocr_par' dir='ltr' id='par_1_43' title="bbox 510 3134 2087 3207">
     <span class='ocr_line' id='line_1_43' title="bbox 510 3134 2087 3207; baseline 0.003 -20"><span class='ocrx_word' id='word_1_341' title='bbox 510 3136 622 3189; x_wconf 78' lang='lat' dir='ltr'><strong>voti</strong></span> <span class='ocrx_word' id='word_1_342' title='bbox 652 3136 913 3206; x_wconf 79' lang='lat' dir='ltr'><strong>religione</strong></span> <span class='ocrx_word' id='word_1_343' title='bbox 937 3134 1047 3189; x_wconf 91' lang='lat' dir='ltr'><strong>Deo</strong></span> <span class='ocrx_word' id='word_1_344' title='bbox 1079 3145 1397 3190; x_wconf 90' lang='lat' dir='ltr'><strong>consecrata</strong></span> <span class='ocrx_word' id='word_1_345' title='bbox 1425 3151 1546 3189; x_wconf 89' lang='lat' dir='ltr'><strong>sum</strong></span> <span class='ocrx_word' id='word_1_346' title='bbox 1582 3152 1599 3189; x_wconf 86' lang='lat'><strong>:</strong></span> <span class='ocrx_word' id='word_1_347' title='bbox 1624 3135 1772 3207; x_wconf 77' lang='lat' dir='ltr'><strong>quod</strong></span> <span class='ocrx_word' id='word_1_348' title='bbox 1795 3150 1924 3190; x_wconf 87' lang='lat' dir='ltr'><strong>vero</strong></span> <span class='ocrx_word' id='word_1_349' title='bbox 1939 3151 2087 3206; x_wconf 71' lang='lat' dir='ltr'><strong>qua:-</strong></span> 
     </span>
    </p>
   </div>
   <div class='ocr_carea' id='block_1_44' title="bbox 510 3227 2085 3299">
    <p class='ocr_par' dir='ltr' id='par_1_44' title="bbox 510 3227 2085 3299">
     <span class='ocr_line' id='line_1_44' title="bbox 510 3227 2085 3299; baseline 0.002 -19"><span class='ocrx_word' id='word_1_350' title='bbox 510 3228 657 3297; x_wconf 88' lang='lat' dir='ltr'><strong>piam</strong></span> <span class='ocrx_word' id='word_1_351' title='bbox 686 3227 976 3296; x_wconf 80' lang='lat' dir='ltr'><strong>concipere</strong></span> <span class='ocrx_word' id='word_1_352' title='bbox 1006 3242 1070 3280; x_wconf 90' lang='lat' dir='ltr'><strong>ac</strong></span> <span class='ocrx_word' id='word_1_353' title='bbox 1096 3242 1289 3295; x_wconf 88' lang='lat' dir='ltr'><strong>parere</strong></span> <span class='ocrx_word' id='word_1_354' title='bbox 1318 3227 1436 3281; x_wconf 88' lang='lat' dir='ltr'><strong>sine</strong></span> <span class='ocrx_word' id='word_1_355' title='bbox 1468 3227 1573 3281; x_wconf 85' lang='lat' dir='ltr'><strong>viri</strong></span> <span class='ocrx_word' id='word_1_356' title='bbox 1595 3229 1878 3283; x_wconf 91' lang='lat' dir='ltr'><strong>consortio</strong></span> <span class='ocrx_word' id='word_1_357' title='bbox 1898 3237 2085 3299; x_wconf 88' lang='lat' dir='ltr'><strong>queat,</strong></span> 
     </span>
    </p>
   </div>
   <div class='ocr_carea' id='block_1_45' title="bbox 514 3316 2090 3387">
    <p class='ocr_par' dir='ltr' id='par_1_45' title="bbox 514 3316 2090 3387">
     <span class='ocr_line' id='line_1_45' title="bbox 514 3316 2090 3387; baseline 0.001 -16"><span class='ocrx_word' id='word_1_358' title='bbox 514 3318 571 3371; x_wconf 88' lang='lat' dir='ltr'><strong>id</strong></span> <span class='ocrx_word' id='word_1_359' title='bbox 600 3332 665 3370; x_wconf 79' lang='lat' dir='ltr'><strong>ex</strong></span> <span class='ocrx_word' id='word_1_360' title='bbox 705 3330 864 3386; x_wconf 63' lang='lat' dir='ltr'><strong>aequo</strong></span> <span class='ocrx_word' id='word_1_361' title='bbox 895 3316 1039 3369; x_wconf 90' lang='lat' dir='ltr'><strong>inter</strong></span> <span class='ocrx_word' id='word_1_362' title='bbox 1068 3316 1430 3385; x_wconf 88' lang='lat' dir='ltr'><strong>impossibilia</strong></span> <span class='ocrx_word' id='word_1_363' title='bbox 1490 3318 1889 3387; x_wconf 85' lang='lat' dir='ltr'><strong>reponendum.</strong></span> <span class='ocrx_word' id='word_1_364' title='bbox 1918 3318 2090 3372; x_wconf 88' lang='lat' dir='ltr'><strong>Porro</strong></span> 
     </span>
    </p>
   </div>
   <div class='ocr_carea' id='block_1_46' title="bbox 507 3408 2088 3479">
    <p class='ocr_par' dir='ltr' id='par_1_46' title="bbox 507 3408 2088 3479">
     <span class='ocr_line' id='line_1_46' title="bbox 507 3408 2088 3479; baseline 0.001 -18"><span class='ocrx_word' id='word_1_365' title='bbox 507 3408 654 3478; x_wconf 88' lang='lat' dir='ltr'><strong>quod</strong></span> <span class='ocrx_word' id='word_1_366' title='bbox 682 3408 909 3471; x_wconf 82' lang='lat' dir='ltr'><strong>addidit,</strong></span> <span class='ocrx_word' id='word_1_367' title='bbox 939 3409 1188 3476; x_wconf 82' lang='lat' dir='ltr'><strong>quoniam</strong></span> <span class='ocrx_word' id='word_1_368' title='bbox 1218 3409 1386 3461; x_wconf 84' lang='lat' dir='ltr'><strong>virum</strong></span> <span class='ocrx_word' id='word_1_369' title='bbox 1427 3424 1529 3462; x_wconf 83' lang='lat' dir='ltr'><strong>non</strong></span> <span class='ocrx_word' id='word_1_370' title='bbox 1549 3425 1823 3478; x_wconf 82' lang='lat' dir='ltr'><strong>coqnosco,</strong></span> <span class='ocrx_word' id='word_1_371' title='bbox 1853 3409 1905 3463; x_wconf 90' lang='lat' dir='ltr'><strong>id</strong></span> <span class='ocrx_word' id='word_1_372' title='bbox 1928 3424 2088 3479; x_wconf 88' lang='lat' dir='ltr'><strong>pror-</strong></span> 
     </span>
    </p>
   </div>
   <div class='ocr_carea' id='block_1_47' title="bbox 506 3496 2086 3569">
    <p class='ocr_par' dir='ltr' id='par_1_47' title="bbox 506 3496 2086 3569">
     <span class='ocr_line' id='line_1_47' title="bbox 506 3496 2086 3569; baseline 0 -16"><span class='ocrx_word' id='word_1_373' title='bbox 506 3513 603 3553; x_wconf 88' lang='lat' dir='ltr'><strong>sus</strong></span> <span class='ocrx_word' id='word_1_374' title='bbox 629 3500 791 3553; x_wconf 89' lang='lat' dir='ltr'><strong>etiam</strong></span> <span class='ocrx_word' id='word_1_375' title='bbox 828 3498 892 3553; x_wconf 86' lang='lat' dir='ltr'><strong>ad</strong></span> <span class='ocrx_word' id='word_1_376' title='bbox 921 3496 1219 3567; x_wconf 77' lang='lat' dir='ltr'><strong>losephum</strong></span> <span class='ocrx_word' id='word_1_377' title='bbox 1239 3497 1528 3563; x_wconf 79' lang='lat' dir='ltr'><strong>referebat,</strong></span> <span class='ocrx_word' id='word_1_378' title='bbox 1560 3498 1764 3568; x_wconf 91' lang='lat' dir='ltr'><strong>quippe</strong></span> <span class='ocrx_word' id='word_1_379' title='bbox 1791 3514 1915 3568; x_wconf 67' lang='lat' dir='ltr'><strong>qua:</strong></span> <span class='ocrx_word' id='word_1_380' title='bbox 1940 3515 2086 3569; x_wconf 91' lang='lat' dir='ltr'><strong>nup-</strong></span> 
     </span>
    </p>
   </div>
   <div class='ocr_carea' id='block_1_48' title="bbox 506 3581 2089 3659">
    <p class='ocr_par' dir='ltr' id='par_1_48' title="bbox 506 3581 2089 3659">
     <span class='ocr_line' id='line_1_48' title="bbox 506 3581 2089 3659; baseline 0.001 -15"><span class='ocrx_word' id='word_1_381' title='bbox 506 3592 709 3644; x_wconf 87' lang='lat' dir='ltr'><strong>tiarum</strong></span> <span class='ocrx_word' id='word_1_382' title='bbox 739 3606 864 3644; x_wconf 85' lang='lat' dir='ltr'><strong>eum</strong></span> <span class='ocrx_word' id='word_1_383' title='bbox 898 3590 1157 3659; x_wconf 87' lang='lat' dir='ltr'><strong>ipsojura</strong></span> <span class='ocrx_word' id='word_1_384' title='bbox 1192 3590 1368 3644; x_wconf 89' lang='lat' dir='ltr'><strong>solum</strong></span> <span class='ocrx_word' id='word_1_385' title='bbox 1391 3581 1565 3659; x_wconf 88' lang='lat' dir='ltr'><strong>usque</strong></span> <span class='ocrx_word' id='word_1_386' title='bbox 1588 3590 1654 3643; x_wconf 89' lang='lat' dir='ltr'><strong>ad</strong></span> <span class='ocrx_word' id='word_1_387' title='bbox 1682 3590 1958 3659; x_wconf 87' lang='lat' dir='ltr'><strong>sponsalia</strong></span> <span class='ocrx_word' id='word_1_388' title='bbox 1988 3606 2089 3645; x_wconf 85' lang='lat' dir='ltr'><strong>no-</strong></span> 
     </span>
    </p>
   </div>
   <div class='ocr_carea' id='block_1_49' title="bbox 506 3680 2086 3750">
    <p class='ocr_par' dir='ltr' id='par_1_49' title="bbox 506 3680 2086 3750">
     <span class='ocr_line' id='line_1_49' title="bbox 506 3680 2086 3750; baseline 0.001 -16"><span class='ocrx_word' id='word_1_389' title='bbox 506 3691 685 3746; x_wconf 82' lang='lat' dir='ltr'><strong>verat,</strong></span> <span class='ocrx_word' id='word_1_390' title='bbox 725 3696 913 3749; x_wconf 85' lang='lat' dir='ltr'><strong>seque,</strong></span> <span class='ocrx_word' id='word_1_391' title='bbox 951 3689 1141 3750; x_wconf 85' lang='lat' dir='ltr'><strong>utpote</strong></span> <span class='ocrx_word' id='word_1_392' title='bbox 1161 3682 1452 3735; x_wconf 88' lang='lat' dir='ltr'><strong>donarium</strong></span> <span class='ocrx_word' id='word_1_393' title='bbox 1491 3680 1599 3733; x_wconf 87' lang='lat' dir='ltr'><strong>Deu</strong></span> <span class='ocrx_word' id='word_1_394' title='bbox 1622 3695 1842 3735; x_wconf 90' lang='lat' dir='ltr'><strong>sacrum</strong></span> <span class='ocrx_word' id='word_1_395' title='bbox 1866 3696 1929 3735; x_wconf 86' lang='lat' dir='ltr'><strong>ac</strong></span> <span class='ocrx_word' id='word_1_396' title='bbox 1958 3696 2086 3750; x_wconf 90' lang='lat' dir='ltr'><strong>pro-</strong></span> 
     </span>
    </p>
   </div>
   <div class='ocr_carea' id='block_1_50' title="bbox 505 3755 2085 3843">
    <p class='ocr_par' dir='ltr' id='par_1_50' title="bbox 505 3755 2085 3843">
     <span class='ocr_line' id='line_1_50' title="bbox 505 3755 2085 3843; baseline -0.001 -18"><span class='ocrx_word' id='word_1_397' title='bbox 505 3782 695 3843; x_wconf 80' lang='lat' dir='ltr'><strong>pterea</strong></span> <span class='ocrx_word' id='word_1_398' title='bbox 724 3773 870 3843; x_wconf 76' lang='lat' dir='ltr'><strong>tangi</strong></span> <span class='ocrx_word' id='word_1_399' title='bbox 916 3755 1092 3837; x_wconf 77' lang='lat' dir='ltr'><strong>nefas,</strong></span> <span class='ocrx_word' id='word_1_400' title='bbox 1148 3787 1181 3827; x_wconf 90' lang='lat' dir='ltr'><strong>a</strong></span> <span class='ocrx_word' id='word_1_401' title='bbox 1210 3772 1308 3826; x_wconf 83' lang='lat' dir='ltr'><strong>viri</strong></span> <span class='ocrx_word' id='word_1_402' title='bbox 1374 3771 1771 3825; x_wconf 85' lang='lat' dir='ltr'><strong>consuetudine</strong></span> <span class='ocrx_word' id='word_1_403' title='bbox 1820 3771 2085 3840; x_wconf 78' lang='lat' dir='ltr'><strong>integram</strong></span> 
     </span>
    </p>
   </div>
   <div class='ocr_carea' id='block_1_51' title="bbox 507 3864 2086 3933">
    <p class='ocr_par' dir='ltr' id='par_1_51' title="bbox 507 3864 2086 3933">
     <span class='ocr_line' id='line_1_51' title="bbox 507 3864 2086 3933; baseline 0.001 -16"><span class='ocrx_word' id='word_1_404' title='bbox 507 3879 619 3917; x_wconf 89' lang='lat' dir='ltr'><strong>non</strong></span> <span class='ocrx_word' id='word_1_405' title='bbox 653 3866 834 3918; x_wconf 85' lang='lat' dir='ltr'><strong>solum</strong></span> <span class='ocrx_word' id='word_1_406' title='bbox 860 3864 911 3918; x_wconf 92' lang='lat' dir='ltr'><strong>iu</strong></span> <span class='ocrx_word' id='word_1_407' title='bbox 944 3879 1207 3933; x_wconf 64' lang='lat' dir='ltr'><strong>prmsens,</strong></span> <span class='ocrx_word' id='word_1_408' title='bbox 1245 3864 1338 3918; x_wconf 87' lang='lat' dir='ltr'><strong>sed</strong></span> <span class='ocrx_word' id='word_1_409' title='bbox 1388 3864 1442 3917; x_wconf 92' lang='lat' dir='ltr'><strong>in</strong></span> <span class='ocrx_word' id='word_1_410' title='bbox 1498 3873 1818 3933; x_wconf 88' lang='lat' dir='ltr'><strong>perpetuum</strong></span> <span class='ocrx_word' id='word_1_411' title='bbox 1866 3879 2086 3919; x_wconf 78' lang='lat' dir='ltr'><strong>scrvare</strong></span> 
     </span>
    </p>
   </div>
   <div class='ocr_carea' id='block_1_52' title="bbox 505 3956 2088 4027">
    <p class='ocr_par' dir='ltr' id='par_1_52' title="bbox 505 3956 2088 4027">
     <span class='ocr_line' id='line_1_52' title="bbox 505 3956 2088 4027; baseline -0.001 -17"><span class='ocrx_word' id='word_1_412' title='bbox 505 3956 842 4012; x_wconf 86' lang='lat' dir='ltr'><strong>decreverat.</strong></span> <span class='ocrx_word' id='word_1_413' title='bbox 876 3957 1049 4026; x_wconf 83' lang='lat' dir='ltr'><strong>Atque</strong></span> <span class='ocrx_word' id='word_1_414' title='bbox 1082 3957 1151 4010; x_wconf 89' lang='lat' dir='ltr'><strong>ita</strong></span> <span class='ocrx_word' id='word_1_415' title='bbox 1186 3957 1345 4027; x_wconf 88' lang='lat' dir='ltr'><strong>plane</strong></span> <span class='ocrx_word' id='word_1_416' title='bbox 1374 3956 1530 4012; x_wconf 85' lang='lat' dir='ltr'><strong>[idem</strong></span> <span class='ocrx_word' id='word_1_417' title='bbox 1563 3957 1638 4011; x_wconf 89' lang='lat' dir='ltr'><strong>illi</strong></span> <span class='ocrx_word' id='word_1_418' title='bbox 1666 3972 1886 4027; x_wconf 85' lang='lat' dir='ltr'><strong>quoque</strong></span> <span class='ocrx_word' id='word_1_419' title='bbox 1920 3956 2088 4011; x_wconf 87' lang='lat' dir='ltr'><strong>tradi-</strong></span> 
     </span>
    </p>
   </div>
   <div class='ocr_carea' id='block_1_53' title="bbox 504 4048 2087 4123">
    <p class='ocr_par' dir='ltr' id='par_1_53' title="bbox 504 4048 2087 4123">
     <span class='ocr_line' id='line_1_53' title="bbox 504 4048 2087 4123; baseline 0.002 -19"><span class='ocrx_word' id='word_1_420' title='bbox 504 4050 642 4105; x_wconf 89' lang='lat' dir='ltr'><strong>tioni</strong></span> <span class='ocrx_word' id='word_1_421' title='bbox 674 4048 924 4116; x_wconf 79' lang='lat' dir='ltr'><strong>faciebat,</strong></span> <span class='ocrx_word' id='word_1_422' title='bbox 958 4066 1078 4120; x_wconf 62' lang='lat' dir='ltr'><strong>quae</strong></span> <span class='ocrx_word' id='word_1_423' title='bbox 1099 4050 1166 4104; x_wconf 87' lang='lat' dir='ltr'><strong>ad</strong></span> <span class='ocrx_word' id='word_1_424' title='bbox 1191 4066 1291 4106; x_wconf 92' lang='lat' dir='ltr'><strong>nos</strong></span> <span class='ocrx_word' id='word_1_425' title='bbox 1306 4050 1567 4106; x_wconf 79' lang='lat' dir='ltr'><strong>derenita</strong></span> <span class='ocrx_word' id='word_1_426' title='bbox 1596 4050 1871 4118; x_wconf 86' lang='lat' dir='ltr'><strong>Patribus,</strong></span> <span class='ocrx_word' id='word_1_427' title='bbox 1906 4051 2087 4123; x_wconf 82' lang='lat' dir='ltr'><strong>Virgi-</strong></span> 
     </span>
    </p>
   </div>
   <div class='ocr_carea' id='block_1_54' title="bbox 504 4143 2086 4214">
    <p class='ocr_par' dir='ltr' id='par_1_54' title="bbox 504 4143 2086 4214">
     <span class='ocr_line' id='line_1_54' title="bbox 504 4143 2086 4214; baseline 0.003 -16"><span class='ocrx_word' id='word_1_428' title='bbox 504 4157 635 4198; x_wconf 88' lang='lat' dir='ltr'><strong>nem</strong></span> <span class='ocrx_word' id='word_1_429' title='bbox 672 4159 778 4198; x_wconf 90' lang='lat' dir='ltr'><strong>non</strong></span> <span class='ocrx_word' id='word_1_430' title='bbox 824 4143 987 4199; x_wconf 86' lang='lat' dir='ltr'><strong>modo</strong></span> <span class='ocrx_word' id='word_1_431' title='bbox 1043 4144 1356 4214; x_wconf 87' lang='lat' dir='ltr'><strong>nuptiarum</strong></span> <span class='ocrx_word' id='word_1_432' title='bbox 1408 4159 1595 4208; x_wconf 89' lang='lat' dir='ltr'><strong>usum,</strong></span> <span class='ocrx_word' id='word_1_433' title='bbox 1647 4147 1742 4201; x_wconf 88' lang='lat' dir='ltr'><strong>sed</strong></span> <span class='ocrx_word' id='word_1_434' title='bbox 1775 4160 1840 4199; x_wconf 91' lang='lat' dir='ltr'><strong>ne</strong></span> <span class='ocrx_word' id='word_1_435' title='bbox 1865 4146 2086 4202; x_wconf 85' lang='lat' dir='ltr'><strong>deside-</strong></span> 
     </span>
    </p>
   </div>
   <div class='ocr_carea' id='block_1_55' title="bbox 506 4234 2082 4308">
    <p class='ocr_par' dir='ltr' id='par_1_55' title="bbox 506 4234 2082 4308">
     <span class='ocr_line' id='line_1_55' title="bbox 506 4234 2082 4308; baseline 0.003 -21"><span class='ocrx_word' id='word_1_436' title='bbox 506 4234 654 4287; x_wconf 88' lang='lat' dir='ltr'><strong>rium</strong></span> <span class='ocrx_word' id='word_1_437' title='bbox 682 4235 900 4304; x_wconf 89' lang='lat' dir='ltr'><strong>quidem</strong></span> <span class='ocrx_word' id='word_1_438' title='bbox 937 4235 1183 4304; x_wconf 87' lang='lat' dir='ltr'><strong>ejusdem</strong></span> <span class='ocrx_word' id='word_1_439' title='bbox 1209 4236 1445 4291; x_wconf 85' lang='lat' dir='ltr'><strong>novisse.</strong></span> <span class='ocrx_word' id='word_1_440' title='bbox 1479 4234 1721 4301; x_wconf 83' lang='lat' dir='ltr'><strong>Nullum,</strong></span> <span class='ocrx_word' id='word_1_441' title='bbox 1748 4238 1944 4308; x_wconf 87' lang='lat' dir='ltr'><strong>inquit,</strong></span> <span class='ocrx_word' id='word_1_442' title='bbox 1981 4239 2082 4293; x_wconf 88' lang='lat' dir='ltr'><strong>viri</strong></span> 
     </span>
    </p>
   </div>
   <div class='ocr_carea' id='block_1_56' title="bbox 505 4326 2080 4392">
    <p class='ocr_par' dir='ltr' id='par_1_56' title="bbox 505 4326 2080 4392">
     <span class='ocr_line' id='line_1_56' title="bbox 505 4326 2080 4392; baseline 0.006 -17"><span class='ocrx_word' id='word_1_443' title='bbox 505 4326 837 4381; x_wconf 80' lang='lat' dir='ltr'><strong>desiderium</strong></span> <span class='ocrx_word' id='word_1_444' title='bbox 867 4328 1015 4392; x_wconf 86' lang='lat' dir='ltr'><strong>novi,</strong></span> <span class='ocrx_word' id='word_1_445' title='bbox 1069 4328 1216 4382; x_wconf 91' lang='lat' dir='ltr'><strong>nulla</strong></span> <span class='ocrx_word' id='word_1_446' title='bbox 1264 4329 1396 4383; x_wconf 91' lang='lat' dir='ltr'><strong>mihi</strong></span> <span class='ocrx_word' id='word_1_447' title='bbox 1438 4330 1623 4385; x_wconf 90' lang='lat' dir='ltr'><strong>carnis</strong></span> <span class='ocrx_word' id='word_1_448' title='bbox 1672 4331 1929 4385; x_wconf 87' lang='lat' dir='ltr'><strong>voluntas</strong></span> <span class='ocrx_word' id='word_1_449' title='bbox 1974 4341 2080 4387; x_wconf 87' lang='lat' dir='ltr'><strong>est.</strong></span> 
     </span>
    </p>
   </div>
   <div class='ocr_carea' id='block_1_57' title="bbox 2199 2127 3773 2202">
    <p class='ocr_par' dir='ltr' id='par_1_57' title="bbox 2199 2127 3773 2202">
     <span class='ocr_line' id='line_1_57' title="bbox 2199 2127 3773 2202; baseline 0 -22"><span class='ocrx_word' id='word_1_450' title='bbox 2199 2130 2317 2184; x_wconf 90' lang='grc' dir='ltr'>νίαν</span> <span class='ocrx_word' id='word_1_451' title='bbox 2341 2130 2625 2202; x_wconf 85' lang='grc' dir='ltr'>ἀρκεῖσθαι</span> <span class='ocrx_word' id='word_1_452' title='bbox 2653 2131 2741 2184; x_wconf 81' lang='grc' dir='ltr'><strong>διὰ</strong></span> <span class='ocrx_word' id='word_1_453' title='bbox 2767 2131 2864 2201; x_wconf 85' lang='grc' dir='ltr'><strong>τὴν</strong></span> <span class='ocrx_word' id='word_1_454' title='bbox 2914 2131 3283 2201; x_wconf 82' lang='grc' dir='ltr'>καθαρότητα’</span> <span class='ocrx_word' id='word_1_455' title='bbox 3324 2128 3462 2182; x_wconf 85' lang='grc' dir='ltr'><strong>ἀλλά</strong></span> <span class='ocrx_word' id='word_1_456' title='bbox 3493 2127 3632 2198; x_wconf 86' lang='grc' dir='ltr'>μέση</span> <span class='ocrx_word' id='word_1_457' title='bbox 3663 2145 3773 2197; x_wconf 78' lang='grc' dir='ltr'><strong>χω-</strong></span> 
     </span>
    </p>
   </div>
   <div class='ocr_carea' id='block_1_58' title="bbox 2199 2218 3769 2292">
    <p class='ocr_par' dir='ltr' id='par_1_58' title="bbox 2199 2218 3769 2292">
     <span class='ocr_line' id='line_1_58' title="bbox 2199 2218 3769 2292; baseline -0.001 -18"><span class='ocrx_word' id='word_1_458' title='bbox 2199 2224 2285 2291; x_wconf 87' lang='grc' dir='ltr'><strong>ρεῖ</strong></span> <span class='ocrx_word' id='word_1_459' title='bbox 2313 2223 2409 2292; x_wconf 83' lang='grc' dir='ltr'><strong>τῆς</strong></span> <span class='ocrx_word' id='word_1_460' title='bbox 2458 2223 2716 2285; x_wconf 73' lang='grc' dir='ltr'><strong>ἀπιστίας</strong></span> <span class='ocrx_word' id='word_1_461' title='bbox 2771 2239 2829 2274; x_wconf 86' lang='grc' dir='ltr'><strong>τε</strong></span> <span class='ocrx_word' id='word_1_462' title='bbox 2869 2222 2967 2276; x_wconf 81' lang='grc' dir='ltr'><strong>καὶ</strong></span> <span class='ocrx_word' id='word_1_463' title='bbox 3014 2222 3115 2291; x_wconf 86' lang='grc' dir='ltr'><strong>τῆς</strong></span> <span class='ocrx_word' id='word_1_464' title='bbox 3166 2220 3437 2283; x_wconf 76' lang='grc' dir='ltr'>εὐκολίας,</span> <span class='ocrx_word' id='word_1_465' title='bbox 3470 2219 3569 2272; x_wconf 80' lang='grc' dir='ltr'>καὶ</span> <span class='ocrx_word' id='word_1_466' title='bbox 3612 2218 3769 2289; x_wconf 85' lang='grc' dir='ltr'>ζητεῖ</span> 
     </span>
    </p>
   </div>
   <div class='ocr_carea' id='block_1_59' title="bbox 2196 2309 3757 2385">
    <p class='ocr_par' dir='ltr' id='par_1_59' title="bbox 2196 2309 3757 2385">
     <span class='ocr_line' id='line_1_59' title="bbox 2196 2309 3757 2385; baseline -0.002 -20"><span class='ocrx_word' id='word_1_467' title='bbox 2196 2315 2288 2366; x_wconf 83' lang='grc' dir='ltr'><strong>τὸν</strong></span> <span class='ocrx_word' id='word_1_468' title='bbox 2328 2314 2528 2385; x_wconf 80' lang='grc' dir='ltr'><strong>τρόπον</strong></span> <span class='ocrx_word' id='word_1_469' title='bbox 2559 2315 2660 2385; x_wconf 87' lang='grc' dir='ltr'><strong>τῆς</strong></span> <span class='ocrx_word' id='word_1_470' title='bbox 2722 2314 3029 2385; x_wconf 80' lang='grc' dir='ltr'>παραδόξου</span> <span class='ocrx_word' id='word_1_471' title='bbox 3083 2311 3290 2382; x_wconf 80' lang='grc' dir='ltr'>ταύτης</span> <span class='ocrx_word' id='word_1_472' title='bbox 3332 2309 3757 2380; x_wconf 78' lang='grc' dir='ltr'>νυμφεύσεωςῆ</span> 
     </span>
    </p>
   </div>
   <div class='ocr_carea' id='block_1_60' title="bbox 2195 2401 3771 2475">
    <p class='ocr_par' dir='ltr' id='par_1_60' title="bbox 2195 2401 3771 2475">
     <span class='ocr_line' id='line_1_60' title="bbox 2195 2401 3771 2475; baseline -0.001 -19"><span class='ocrx_word' id='word_1_473' title='bbox 2195 2406 2465 2475; x_wconf 84' lang='grc' dir='ltr'><strong>κυήσεως.</strong></span> <span class='ocrx_word' id='word_1_474' title='bbox 2499 2403 2630 2470; x_wconf 85' lang='grc' dir='ltr'><strong>Πῶς</strong></span> <span class='ocrx_word' id='word_1_475' title='bbox 2681 2405 2852 2459; x_wconf 78' lang='grc' dir='ltr'>ἔσται</span> <span class='ocrx_word' id='word_1_476' title='bbox 2892 2422 2994 2473; x_wconf 86' lang='grc' dir='ltr'><strong>μοι</strong></span> <span class='ocrx_word' id='word_1_477' title='bbox 3040 2404 3238 2467; x_wconf 86' lang='grc' dir='ltr'>τοῦτο,</span> <span class='ocrx_word' id='word_1_478' title='bbox 3281 2402 3413 2456; x_wconf 76' lang='grc' dir='ltr'>ἐπεὶ</span> <span class='ocrx_word' id='word_1_479' title='bbox 3461 2401 3653 2470; x_wconf 76' lang='grc' dir='ltr'>ἄνδρα</span> <span class='ocrx_word' id='word_1_480' title='bbox 3697 2403 3771 2455; x_wconf 80' lang='grc' dir='ltr'>οὐ</span> 
     </span>
    </p>
   </div>
   <div class='ocr_carea' id='block_1_61' title="bbox 2195 2492 3768 2567">
    <p class='ocr_par' dir='ltr' id='par_1_61' title="bbox 2195 2492 3768 2567">
     <span class='ocr_line' id='line_1_61' title="bbox 2195 2492 3768 2567; baseline 0 -20"><span class='ocrx_word' id='word_1_481' title='bbox 2195 2494 2539 2564; x_wconf 77' lang='grc' dir='ltr'>τιγνώσκω;</span> <span class='ocrx_word' id='word_1_482' title='bbox 2593 2495 2740 2567; x_wconf 85' lang='grc' dir='ltr'><strong>[Πῶς</strong></span> <span class='ocrx_word' id='word_1_483' title='bbox 2775 2497 2954 2549; x_wconf 79' lang='grc' dir='ltr'>τοίνυν</span> <span class='ocrx_word' id='word_1_484' title='bbox 2978 2495 3131 2549; x_wconf 75' lang='grc' dir='ltr'>ἔσται</span> <span class='ocrx_word' id='word_1_485' title='bbox 3187 2512 3277 2564; x_wconf 89' lang='grc' dir='ltr'><strong>μοι</strong></span> <span class='ocrx_word' id='word_1_486' title='bbox 3313 2493 3471 2547; x_wconf 82' lang='grc' dir='ltr'>τοῦτο</span> <span class='ocrx_word' id='word_1_487' title='bbox 3519 2496 3583 2547; x_wconf 75' lang='grc' dir='ltr'><strong>τὸ</strong></span> <span class='ocrx_word' id='word_1_488' title='bbox 3627 2492 3768 2547; x_wconf 84' lang='grc' dir='ltr'>θεῖον</span> 
     </span>
    </p>
   </div>
   <div class='ocr_carea' id='block_1_62' title="bbox 2195 2581 3769 2656">
    <p class='ocr_par' dir='ltr' id='par_1_62' title="bbox 2195 2581 3769 2656">
     <span class='ocr_line' id='line_1_62' title="bbox 2195 2581 3769 2656; baseline -0.001 -18"><span class='ocrx_word' id='word_1_489' title='bbox 2195 2584 2339 2638; x_wconf 77' lang='grc' dir='ltr'>οὕτω</span> <span class='ocrx_word' id='word_1_490' title='bbox 2368 2588 2460 2639; x_wconf 81' lang='grc' dir='ltr'><strong>καὶ</strong></span> <span class='ocrx_word' id='word_1_491' title='bbox 2491 2586 2807 2656; x_wconf 80' lang='grc' dir='ltr'>θαυμαστὸν</span> <span class='ocrx_word' id='word_1_492' title='bbox 2844 2586 2939 2639; x_wconf 72' lang='grc' dir='ltr'><strong>καὶ</strong></span> <span class='ocrx_word' id='word_1_493' title='bbox 2968 2585 3351 2656; x_wconf 86' lang='grc' dir='ltr'>ἀπερινόητον,</span> <span class='ocrx_word' id='word_1_494' title='bbox 3377 2585 3473 2637; x_wconf 75' lang='grc' dir='ltr'>καὶ</span> <span class='ocrx_word' id='word_1_495' title='bbox 3492 2584 3554 2637; x_wconf 87' lang='grc' dir='ltr'><strong>ού</strong></span> <span class='ocrx_word' id='word_1_496' title='bbox 3594 2581 3769 2637; x_wconf 79' lang='grc' dir='ltr'>ταῦτα</span> 
     </span>
    </p>
   </div>
   <div class='ocr_carea' id='block_1_63' title="bbox 2198 2673 3766 2747">
    <p class='ocr_par' dir='ltr' id='par_1_63' title="bbox 2198 2673 3766 2747">
     <span class='ocr_line' id='line_1_63' title="bbox 2198 2673 3766 2747; baseline -0.003 -18"><span class='ocrx_word' id='word_1_497' title='bbox 2198 2676 2377 2747; x_wconf 86' lang='grc' dir='ltr'>μόνον,</span> <span class='ocrx_word' id='word_1_498' title='bbox 2418 2676 2554 2731; x_wconf 77' lang='grc' dir='ltr'>ἀλλὰ</span> <span class='ocrx_word' id='word_1_499' title='bbox 2583 2678 2678 2730; x_wconf 73' lang='grc' dir='ltr'>καὶ</span> <span class='ocrx_word' id='word_1_500' title='bbox 2702 2675 3099 2743; x_wconf 84' lang='grc' dir='ltr'>ἁνακόλουθον;</span> <span class='ocrx_word' id='word_1_501' title='bbox 3146 2675 3220 2728; x_wconf 88' lang='grc' dir='ltr'><strong>Τό</strong></span> <span class='ocrx_word' id='word_1_502' title='bbox 3246 2692 3307 2728; x_wconf 89' lang='grc' dir='ltr'><strong>τε</strong></span> <span class='ocrx_word' id='word_1_503' title='bbox 3336 2674 3447 2744; x_wconf 77' lang='grc' dir='ltr'><strong>γὰρ</strong></span> <span class='ocrx_word' id='word_1_504' title='bbox 3480 2673 3651 2740; x_wconf 78' lang='grc' dir='ltr'>ἄνδρα</span> <span class='ocrx_word' id='word_1_505' title='bbox 3699 2689 3766 2741; x_wconf 89' lang='grc' dir='ltr'><strong>με</strong></span> 
     </span>
    </p>
   </div>
   <div class='ocr_carea' id='block_1_64' title="bbox 2194 2764 3768 2837">
    <p class='ocr_par' dir='ltr' id='par_1_64' title="bbox 2194 2764 3768 2837">
     <span class='ocr_line' id='line_1_64' title="bbox 2194 2764 3768 2837; baseline -0.002 -16"><span class='ocrx_word' id='word_1_506' title='bbox 2194 2767 2417 2835; x_wconf 86' lang='grc' dir='ltr'>γνῶναι,</span> <span class='ocrx_word' id='word_1_507' title='bbox 2456 2767 2710 2837; x_wconf 82' lang='grc' dir='ltr'>καθάπερ</span> <span class='ocrx_word' id='word_1_508' title='bbox 2740 2766 2857 2836; x_wconf 84' lang='grc' dir='ltr'><strong>Θεῴ</strong></span> <span class='ocrx_word' id='word_1_509' title='bbox 2907 2766 3356 2834; x_wconf 81' lang='grc' dir='ltr'>καθιερωθεῖσαν,</span> <span class='ocrx_word' id='word_1_510' title='bbox 3389 2764 3499 2817; x_wconf 80' lang='grc' dir='ltr'><strong>τῶν</strong></span> <span class='ocrx_word' id='word_1_511' title='bbox 3548 2764 3768 2835; x_wconf 79' lang='grc' dir='ltr'>ἀμηχά-</span> 
     </span>
    </p>
   </div>
   <div class='ocr_carea' id='block_1_65' title="bbox 2194 2854 3760 2928">
    <p class='ocr_par' dir='ltr' id='par_1_65' title="bbox 2194 2854 3760 2928">
     <span class='ocr_line' id='line_1_65' title="bbox 2194 2854 3760 2928; baseline -0.003 -17"><span class='ocrx_word' id='word_1_512' title='bbox 2194 2873 2323 2911; x_wconf 89' lang='grc' dir='ltr'>νων·</span> <span class='ocrx_word' id='word_1_513' title='bbox 2363 2858 2458 2911; x_wconf 76' lang='grc' dir='ltr'><strong>καὶ</strong></span> <span class='ocrx_word' id='word_1_514' title='bbox 2507 2857 2589 2922; x_wconf 90' lang='grc' dir='ltr'><strong>τὸ,</strong></span> <span class='ocrx_word' id='word_1_515' title='bbox 2644 2859 2815 2928; x_wconf 75' lang='grc' dir='ltr'>χωρὶς</span> <span class='ocrx_word' id='word_1_516' title='bbox 2874 2856 3066 2926; x_wconf 83' lang='grc' dir='ltr'>ἀνδρὸς</span> <span class='ocrx_word' id='word_1_517' title='bbox 3099 2858 3189 2909; x_wconf 74' lang='grc' dir='ltr'>καὶ</span> <span class='ocrx_word' id='word_1_518' title='bbox 3226 2854 3511 2908; x_wconf 88' lang='grc' dir='ltr'>συλλαϐεῖν</span> <span class='ocrx_word' id='word_1_519' title='bbox 3539 2857 3635 2907; x_wconf 79' lang='grc' dir='ltr'><strong>καὶ</strong></span> <span class='ocrx_word' id='word_1_520' title='bbox 3672 2870 3760 2906; x_wconf 83' lang='grc' dir='ltr'>τε-</span> 
     </span>
    </p>
   </div>
   <div class='ocr_carea' id='block_1_66' title="bbox 2197 2947 3765 3019">
    <p class='ocr_par' dir='ltr' id='par_1_66' title="bbox 2197 2947 3765 3019">
     <span class='ocr_line' id='line_1_66' title="bbox 2197 2947 3765 3019; baseline -0.002 -15"><span class='ocrx_word' id='word_1_521' title='bbox 2197 2954 2334 3018; x_wconf 86' lang='grc' dir='ltr'>κεῖν,</span> <span class='ocrx_word' id='word_1_522' title='bbox 2354 2950 2464 3005; x_wconf 86' lang='grc' dir='ltr'><strong>τῶν</strong></span> <span class='ocrx_word' id='word_1_523' title='bbox 2484 2952 2781 3005; x_wconf 84' lang='grc' dir='ltr'>ἀδυνάτων.</span> <span class='ocrx_word' id='word_1_524' title='bbox 2806 2951 2878 3003; x_wconf 75' lang='grc' dir='ltr'><strong>Τὸ</strong></span> <span class='ocrx_word' id='word_1_525' title='bbox 2895 2951 2972 3014; x_wconf 79' lang='grc' dir='ltr'>δὲ,</span> <span class='ocrx_word' id='word_1_526' title='bbox 2989 2950 3118 3003; x_wconf 75' lang='grc' dir='ltr'>ἐπεὶ</span> <span class='ocrx_word' id='word_1_527' title='bbox 3141 2948 3330 3019; x_wconf 72' lang='grc' dir='ltr'>ἄνδρα</span> <span class='ocrx_word' id='word_1_528' title='bbox 3345 2950 3416 3003; x_wconf 86' lang='grc' dir='ltr'>οὐ</span> <span class='ocrx_word' id='word_1_529' title='bbox 3433 2947 3765 3019; x_wconf 70' lang='grc' dir='ltr'>τιγνάκτκω,</span> 
     </span>
    </p>
   </div>
   <div class='ocr_carea' id='block_1_67' title="bbox 2195 3038 3764 3113">
    <p class='ocr_par' dir='ltr' id='par_1_67' title="bbox 2195 3038 3764 3113">
     <span class='ocr_line' id='line_1_67' title="bbox 2195 3038 3764 3113; baseline -0.003 -17"><span class='ocrx_word' id='word_1_530' title='bbox 2195 3040 2315 3097; x_wconf 85' lang='grc' dir='ltr'>εἷπε</span> <span class='ocrx_word' id='word_1_531' title='bbox 2341 3044 2559 3104; x_wconf 82' lang='grc' dir='ltr'>πάντως</span> <span class='ocrx_word' id='word_1_532' title='bbox 2594 3046 2691 3113; x_wconf 83' lang='grc' dir='ltr'>μὲν</span> <span class='ocrx_word' id='word_1_533' title='bbox 2716 3042 2811 3095; x_wconf 74' lang='grc' dir='ltr'>καὶ</span> <span class='ocrx_word' id='word_1_534' title='bbox 2844 3042 2981 3112; x_wconf 85' lang='grc' dir='ltr'>πρὸς</span> <span class='ocrx_word' id='word_1_535' title='bbox 3010 3041 3103 3094; x_wconf 82' lang='grc' dir='ltr'><strong>τὸν</strong></span> <span class='ocrx_word' id='word_1_536' title='bbox 3152 3039 3350 3111; x_wconf 81' lang='grc' dir='ltr'>Ἰωσὴφ</span> <span class='ocrx_word' id='word_1_537' title='bbox 3394 3038 3764 3110; x_wconf 79' lang='grc' dir='ltr'>ἀναφέρουσα,</span> 
     </span>
    </p>
   </div>
   <div class='ocr_carea' id='block_1_68' title="bbox 2198 3129 3767 3204">
    <p class='ocr_par' dir='ltr' id='par_1_68' title="bbox 2198 3129 3767 3204">
     <span class='ocr_line' id='line_1_68' title="bbox 2198 3129 3767 3204; baseline -0.003 -18"><span class='ocrx_word' id='word_1_538' title='bbox 2198 3134 2273 3197; x_wconf 86' lang='grc' dir='ltr'>ὼς</span> <span class='ocrx_word' id='word_1_539' title='bbox 2308 3134 2469 3204; x_wconf 88' lang='grc' dir='ltr'>μέχρι</span> <span class='ocrx_word' id='word_1_540' title='bbox 2501 3131 2798 3203; x_wconf 81' lang='grc' dir='ltr'>μνηστείας</span> <span class='ocrx_word' id='word_1_541' title='bbox 2831 3133 2992 3202; x_wconf 82' lang='grc' dir='ltr'>μόνον</span> <span class='ocrx_word' id='word_1_542' title='bbox 3025 3132 3198 3185; x_wconf 80' lang='grc' dir='ltr'>εἰδυῖα</span> <span class='ocrx_word' id='word_1_543' title='bbox 3241 3130 3334 3183; x_wconf 80' lang='grc' dir='ltr'><strong>τὸν</strong></span> <span class='ocrx_word' id='word_1_544' title='bbox 3373 3130 3538 3184; x_wconf 83' lang='grc' dir='ltr'>αὐτοῦ</span> <span class='ocrx_word' id='word_1_545' title='bbox 3566 3129 3767 3199; x_wconf 81' lang='grc' dir='ltr'>γάμον,</span> 
     </span>
    </p>
   </div>
   <div class='ocr_carea' id='block_1_69' title="bbox 2198 3220 3769 3294">
    <p class='ocr_par' dir='ltr' id='par_1_69' title="bbox 2198 3220 3769 3294">
     <span class='ocr_line' id='line_1_69' title="bbox 2198 3220 3769 3294; baseline -0.004 -15"><span class='ocrx_word' id='word_1_546' title='bbox 2198 3227 2294 3279; x_wconf 83' lang='grc' dir='ltr'>καὶ</span> <span class='ocrx_word' id='word_1_547' title='bbox 2316 3226 2392 3288; x_wconf 85' lang='grc' dir='ltr'>ὼς</span> <span class='ocrx_word' id='word_1_548' title='bbox 2419 3225 2481 3277; x_wconf 86' lang='grc' dir='ltr'><strong>ού</strong></span> <span class='ocrx_word' id='word_1_549' title='bbox 2513 3223 2606 3277; x_wconf 87' lang='grc' dir='ltr'>νῦν</span> <span class='ocrx_word' id='word_1_550' title='bbox 2638 3224 2821 3294; x_wconf 82' lang='grc' dir='ltr'>μόνον,</span> <span class='ocrx_word' id='word_1_551' title='bbox 2851 3222 2989 3277; x_wconf 84' lang='grc' dir='ltr'><strong>ἁλλά</strong></span> <span class='ocrx_word' id='word_1_552' title='bbox 3029 3224 3124 3278; x_wconf 74' lang='grc' dir='ltr'><strong>καὶ</strong></span> <span class='ocrx_word' id='word_1_553' title='bbox 3145 3222 3231 3275; x_wconf 81' lang='grc' dir='ltr'>διὰ</span> <span class='ocrx_word' id='word_1_554' title='bbox 3259 3220 3447 3284; x_wconf 84' lang='grc' dir='ltr'>τέλους</span> <span class='ocrx_word' id='word_1_555' title='bbox 3503 3220 3769 3292; x_wconf 77' lang='grc' dir='ltr'>ἄχραντος</span> 
     </span>
    </p>
   </div>
   <div class='ocr_carea' id='block_1_70' title="bbox 2197 3309 3768 3386">
    <p class='ocr_par' dir='ltr' id='par_1_70' title="bbox 2197 3309 3768 3386">
     <span class='ocr_line' id='line_1_70' title="bbox 2197 3309 3768 3386; baseline -0.004 -16"><span class='ocrx_word' id='word_1_556' title='bbox 2197 3318 2471 3386; x_wconf 80' lang='grc' dir='ltr'>ὲγνωκυῖα</span> <span class='ocrx_word' id='word_1_557' title='bbox 2509 3315 2690 3386; x_wconf 84' lang='grc' dir='ltr'>μένειν</span> <span class='ocrx_word' id='word_1_558' title='bbox 2714 3314 2930 3385; x_wconf 70' lang='grc' dir='ltr'>ἀνδρὸς,</span> <span class='ocrx_word' id='word_1_559' title='bbox 2983 3309 3073 3367; x_wconf 78' lang='grc' dir='ltr'>οἷα</span> <span class='ocrx_word' id='word_1_560' title='bbox 3119 3314 3213 3367; x_wconf 72' lang='grc' dir='ltr'><strong>καὶ</strong></span> <span class='ocrx_word' id='word_1_561' title='bbox 3265 3312 3407 3366; x_wconf 90' lang='grc' dir='ltr'>θεῖον</span> <span class='ocrx_word' id='word_1_562' title='bbox 3452 3314 3545 3365; x_wconf 77' lang='grc' dir='ltr'>καὶ</span> <span class='ocrx_word' id='word_1_563' title='bbox 3594 3312 3768 3381; x_wconf 81' lang='grc' dir='ltr'>ἄψαυ-</span> 
     </span>
    </p>
   </div>
   <div class='ocr_carea' id='block_1_71' title="bbox 2198 3402 3769 3479">
    <p class='ocr_par' dir='ltr' id='par_1_71' title="bbox 2198 3402 3769 3479">
     <span class='ocr_line' id='line_1_71' title="bbox 2198 3402 3769 3479; baseline -0.006 -17"><span class='ocrx_word' id='word_1_564' title='bbox 2198 3426 2321 3462; x_wconf 87' lang='grc' dir='ltr'>στον</span> <span class='ocrx_word' id='word_1_565' title='bbox 2352 3408 2667 3479; x_wconf 84' lang='grc' dir='ltr'>ἀφιέρωμα.</span> <span class='ocrx_word' id='word_1_566' title='bbox 2704 3406 2929 3469; x_wconf 83' lang='grc' dir='ltr'>Πάντως</span> <span class='ocrx_word' id='word_1_567' title='bbox 2954 3406 3011 3460; x_wconf 78' lang='grc' dir='ltr'><strong>δὲ</strong></span> <span class='ocrx_word' id='word_1_568' title='bbox 3062 3407 3314 3460; x_wconf 86' lang='grc' dir='ltr'>κάκεῖνον</span> <span class='ocrx_word' id='word_1_569' title='bbox 3353 3403 3648 3474; x_wconf 87' lang='grc' dir='ltr'>βεϐαιοῦσα</span> <span class='ocrx_word' id='word_1_570' title='bbox 3677 3402 3769 3455; x_wconf 79' lang='grc' dir='ltr'><strong>τὸν</strong></span> 
     </span>
    </p>
   </div>
   <div class='ocr_carea' id='block_1_72' title="bbox 2196 3494 3771 3573">
    <p class='ocr_par' dir='ltr' id='par_1_72' title="bbox 2196 3494 3771 3573">
     <span class='ocr_line' id='line_1_72' title="bbox 2196 3494 3771 3573; baseline -0.007 -16"><span class='ocrx_word' id='word_1_571' title='bbox 2196 3504 2374 3572; x_wconf 89' lang='grc' dir='ltr'>λόγον,</span> <span class='ocrx_word' id='word_1_572' title='bbox 2406 3503 2465 3566; x_wconf 78' lang='grc' dir='ltr'>ὃς</span> <span class='ocrx_word' id='word_1_573' title='bbox 2513 3506 2577 3556; x_wconf 80' lang='grc' dir='ltr'>ὲκ</span> <span class='ocrx_word' id='word_1_574' title='bbox 2612 3502 2867 3573; x_wconf 84' lang='grc' dir='ltr'>πατέρων</span> <span class='ocrx_word' id='word_1_575' title='bbox 2917 3501 2998 3564; x_wconf 89' lang='grc' dir='ltr'><strong>είς</strong></span> <span class='ocrx_word' id='word_1_576' title='bbox 3048 3500 3197 3569; x_wconf 82' lang='grc' dir='ltr'>ἡμᾶς</span> <span class='ocrx_word' id='word_1_577' title='bbox 3251 3500 3399 3569; x_wconf 76' lang='grc' dir='ltr'>ἥκει,</span> <span class='ocrx_word' id='word_1_578' title='bbox 3440 3498 3524 3550; x_wconf 83' lang='grc' dir='ltr'>ὅτι</span> <span class='ocrx_word' id='word_1_579' title='bbox 3561 3496 3636 3566; x_wconf 80' lang='grc' dir='ltr'>μὴ</span> <span class='ocrx_word' id='word_1_580' title='bbox 3672 3494 3771 3564; x_wconf 80' lang='grc' dir='ltr'><strong>τὴν</strong></span> 
     </span>
    </p>
   </div>
   <div class='ocr_carea' id='block_1_73' title="bbox 2196 3586 3765 3663">
    <p class='ocr_par' dir='ltr' id='par_1_73' title="bbox 2196 3586 3765 3663">
     <span class='ocr_line' id='line_1_73' title="bbox 2196 3586 3765 3663; baseline -0.004 -16"><span class='ocrx_word' id='word_1_581' title='bbox 2196 3597 2390 3663; x_wconf 82' lang='grc' dir='ltr'>πεῖραν</span> <span class='ocrx_word' id='word_1_582' title='bbox 2425 3592 2518 3647; x_wconf 84' lang='grc' dir='ltr'><strong>τοῦ</strong></span> <span class='ocrx_word' id='word_1_583' title='bbox 2560 3594 2743 3662; x_wconf 80' lang='grc' dir='ltr'>γάμου</span> <span class='ocrx_word' id='word_1_584' title='bbox 2798 3592 2983 3663; x_wconf 88' lang='grc' dir='ltr'>μόνον,</span> <span class='ocrx_word' id='word_1_585' title='bbox 3027 3591 3167 3644; x_wconf 83' lang='grc' dir='ltr'><strong>ἀλλά</strong></span> <span class='ocrx_word' id='word_1_586' title='bbox 3209 3590 3305 3643; x_wconf 78' lang='grc' dir='ltr'>καὶ</span> <span class='ocrx_word' id='word_1_587' title='bbox 3358 3588 3458 3659; x_wconf 81' lang='grc' dir='ltr'><strong>τὴν</strong></span> <span class='ocrx_word' id='word_1_588' title='bbox 3481 3588 3670 3656; x_wconf 75' lang='grc' dir='ltr'>ἔφεσιν</span> <span class='ocrx_word' id='word_1_589' title='bbox 3732 3586 3765 3656; x_wconf 82' lang='grc' dir='ltr'><strong>ή</strong></span> 
     </span>
    </p>
   </div>
   <div class='ocr_carea' id='block_1_74' title="bbox 2197 3679 3770 3757">
    <p class='ocr_par' dir='ltr' id='par_1_74' title="bbox 2197 3679 3770 3757">
     <span class='ocr_line' id='line_1_74' title="bbox 2197 3679 3770 3757; baseline -0.004 -18"><span class='ocrx_word' id='word_1_590' title='bbox 2197 3687 2476 3757; x_wconf 83' lang='grc' dir='ltr'>Παρθένος</span> <span class='ocrx_word' id='word_1_591' title='bbox 2510 3686 2798 3756; x_wconf 77' lang='grc' dir='ltr'>ἠγνόησεν.</span> <span class='ocrx_word' id='word_1_592' title='bbox 2833 3685 2947 3738; x_wconf 87' lang='grc' dir='ltr'>Ούκ</span> <span class='ocrx_word' id='word_1_593' title='bbox 2971 3683 3220 3752; x_wconf 78' lang='grc' dir='ltr'>ἔγνωκα,</span> <span class='ocrx_word' id='word_1_594' title='bbox 3246 3682 3436 3752; x_wconf 76' lang='grc' dir='ltr'>φησὶν,</span> <span class='ocrx_word' id='word_1_595' title='bbox 3473 3679 3770 3744; x_wconf 79' lang='grc' dir='ltr'>ἐπιθυμίαν</span> 
     </span>
    </p>
   </div>
   <div class='ocr_carea' id='block_1_75' title="bbox 2194 3768 3771 3847">
    <p class='ocr_par' dir='ltr' id='par_1_75' title="bbox 2194 3768 3771 3847">
     <span class='ocr_line' id='line_1_75' title="bbox 2194 3768 3771 3847; baseline -0.005 -17"><span class='ocrx_word' id='word_1_596' title='bbox 2194 3777 2407 3847; x_wconf 84' lang='grc' dir='ltr'>ἀνδρὸς,</span> <span class='ocrx_word' id='word_1_597' title='bbox 2449 3775 2550 3829; x_wconf 81' lang='grc' dir='ltr'><strong>οὐκ</strong></span> <span class='ocrx_word' id='word_1_598' title='bbox 2575 3774 2681 3846; x_wconf 80' lang='grc' dir='ltr'>ἔχω</span> <span class='ocrx_word' id='word_1_599' title='bbox 2701 3775 2913 3845; x_wconf 84' lang='grc' dir='ltr'>θέλημα</span> <span class='ocrx_word' id='word_1_600' title='bbox 2937 3775 3036 3844; x_wconf 82' lang='grc' dir='ltr'>τῆς</span> <span class='ocrx_word' id='word_1_601' title='bbox 3061 3772 3291 3841; x_wconf 70' lang='grc' dir='ltr'>σαρκός.</span> <span class='ocrx_word' id='word_1_602' title='bbox 3314 3772 3378 3825; x_wconf 90' lang='grc' dir='ltr'><strong>Ὃ</strong></span> <span class='ocrx_word' id='word_1_603' title='bbox 3412 3769 3485 3842; x_wconf 73' lang='grc' dir='ltr'><strong>δὴ</strong></span> <span class='ocrx_word' id='word_1_604' title='bbox 3505 3771 3599 3824; x_wconf 81' lang='grc' dir='ltr'>καὶ</span> <span class='ocrx_word' id='word_1_605' title='bbox 3629 3768 3771 3824; x_wconf 86' lang='grc' dir='ltr'><strong>κατά</strong></span> 
     </span>
    </p>
   </div>
   <div class='ocr_carea' id='block_1_76' title="bbox 2195 3861 3769 3939">
    <p class='ocr_par' dir='ltr' id='par_1_76' title="bbox 2195 3861 3769 3939">
     <span class='ocr_line' id='line_1_76' title="bbox 2195 3861 3769 3939; baseline -0.004 -19"><span class='ocrx_word' id='word_1_606' title='bbox 2195 3870 2378 3937; x_wconf 77' lang='grc' dir='ltr'>πάσης</span> <span class='ocrx_word' id='word_1_607' title='bbox 2398 3868 2543 3939; x_wconf 76' lang='grc' dir='ltr'>αὐτῇ</span> <span class='ocrx_word' id='word_1_608' title='bbox 2571 3868 2670 3937; x_wconf 84' lang='grc' dir='ltr'>τῆς</span> <span class='ocrx_word' id='word_1_609' title='bbox 2717 3865 3036 3935; x_wconf 83' lang='grc' dir='ltr'>γυναικείας</span> <span class='ocrx_word' id='word_1_610' title='bbox 3064 3863 3343 3934; x_wconf 78' lang='grc' dir='ltr'>ἐξαίρετον</span> <span class='ocrx_word' id='word_1_611' title='bbox 3391 3862 3629 3933; x_wconf 89' lang='grc' dir='ltr'>φύσεως,</span> <span class='ocrx_word' id='word_1_612' title='bbox 3686 3861 3769 3914; x_wconf 84' lang='grc' dir='ltr'><strong>ὄτι</strong></span> 
     </span>
    </p>
   </div>
   <div class='ocr_carea' id='block_1_77' title="bbox 2195 3951 3769 4029">
    <p class='ocr_par' dir='ltr' id='par_1_77' title="bbox 2195 3951 3769 4029">
     <span class='ocr_line' id='line_1_77' title="bbox 2195 3951 3769 4029; baseline -0.005 -17"><span class='ocrx_word' id='word_1_613' title='bbox 2195 3960 2291 4012; x_wconf 72' lang='grc' dir='ltr'>καὶ</span> <span class='ocrx_word' id='word_1_614' title='bbox 2321 3958 2461 4029; x_wconf 80' lang='grc' dir='ltr'>ὑπὲρ</span> <span class='ocrx_word' id='word_1_615' title='bbox 2496 3958 2673 4020; x_wconf 83' lang='grc' dir='ltr'>πάσας</span> <span class='ocrx_word' id='word_1_616' title='bbox 2696 3956 2838 4027; x_wconf 79' lang='grc' dir='ltr'>αὐτῇ</span> <span class='ocrx_word' id='word_1_617' title='bbox 2866 3958 2963 4009; x_wconf 78' lang='grc' dir='ltr'><strong>καὶ</strong></span> <span class='ocrx_word' id='word_1_618' title='bbox 3007 3955 3072 4008; x_wconf 80' lang='grc' dir='ltr'>ἐκ</span> <span class='ocrx_word' id='word_1_619' title='bbox 3100 3953 3329 4024; x_wconf 83' lang='grc' dir='ltr'>γνώμης</span> <span class='ocrx_word' id='word_1_620' title='bbox 3356 3952 3492 4014; x_wconf 82' lang='grc' dir='ltr'>ὅλως</span> <span class='ocrx_word' id='word_1_621' title='bbox 3516 3951 3769 4005; x_wconf 77' lang='grc' dir='ltr'>ἀνεπιδέ-</span> 
     </span>
    </p>
   </div>
   <div class='ocr_carea' id='block_1_78' title="bbox 2195 4044 3769 4120">
    <p class='ocr_par' dir='ltr' id='par_1_78' title="bbox 2195 4044 3769 4120">
     <span class='ocr_line' id='line_1_78' title="bbox 2195 4044 3769 4120; baseline -0.005 -16"><span class='ocrx_word' id='word_1_622' title='bbox 2195 4068 2323 4104; x_wconf 89' lang='grc' dir='ltr'>κτου</span> <span class='ocrx_word' id='word_1_623' title='bbox 2362 4050 2461 4120; x_wconf 80' lang='grc' dir='ltr'>τῆς</span> <span class='ocrx_word' id='word_1_624' title='bbox 2492 4048 2753 4120; x_wconf 85' lang='grc' dir='ltr'>τοιαύτης</span> <span class='ocrx_word' id='word_1_625' title='bbox 2780 4047 2980 4110; x_wconf 89' lang='grc' dir='ltr'>κακίας</span> <span class='ocrx_word' id='word_1_626' title='bbox 3007 4048 3041 4117; x_wconf 80' lang='grc' dir='ltr'><strong>ἡ</strong></span> <span class='ocrx_word' id='word_1_627' title='bbox 3074 4044 3421 4117; x_wconf 82' lang='grc' dir='ltr'>σωφροσύνη·</span> <span class='ocrx_word' id='word_1_628' title='bbox 3451 4044 3618 4112; x_wconf 82' lang='grc' dir='ltr'>ὥστε]</span> <span class='ocrx_word' id='word_1_629' title='bbox 3686 4044 3769 4098; x_wconf 82' lang='grc' dir='ltr'><strong>δι-</strong></span> 
     </span>
    </p>
   </div>
   <div class='ocr_carea' id='block_1_79' title="bbox 2194 4136 3769 4213">
    <p class='ocr_par' dir='ltr' id='par_1_79' title="bbox 2194 4136 3769 4213">
     <span class='ocr_line' id='line_1_79' title="bbox 2194 4136 3769 4213; baseline -0.006 -15"><span class='ocrx_word' id='word_1_630' title='bbox 2194 4144 2363 4209; x_wconf 83' lang='grc' dir='ltr'>πλοῦς</span> <span class='ocrx_word' id='word_1_631' title='bbox 2408 4146 2437 4197; x_wconf 87' lang='grc' dir='ltr'>ὁ</span> <span class='ocrx_word' id='word_1_632' title='bbox 2481 4143 2659 4213; x_wconf 76' lang='grc' dir='ltr'>λόγος’</span> <span class='ocrx_word' id='word_1_633' title='bbox 2697 4142 2731 4213; x_wconf 79' lang='grc' dir='ltr'><strong>ἢ</strong></span> <span class='ocrx_word' id='word_1_634' title='bbox 2780 4141 2891 4211; x_wconf 85' lang='grc' dir='ltr'>γὰρ</span> <span class='ocrx_word' id='word_1_635' title='bbox 2933 4140 3069 4203; x_wconf 78' lang='grc' dir='ltr'>ὅλως</span> <span class='ocrx_word' id='word_1_636' title='bbox 3122 4140 3463 4209; x_wconf 85' lang='grc' dir='ltr'>διαπορεῖται</span> <span class='ocrx_word' id='word_1_637' title='bbox 3497 4139 3626 4208; x_wconf 80' lang='grc' dir='ltr'>περὶ</span> <span class='ocrx_word' id='word_1_638' title='bbox 3671 4136 3769 4207; x_wconf 81' lang='grc' dir='ltr'><strong>τὴν</strong></span> 
     </span>
    </p>
   </div>
   <div class='ocr_carea' id='block_1_80' title="bbox 2195 4228 3769 4308">
    <p class='ocr_par' dir='ltr' id='par_1_80' title="bbox 2195 4228 3769 4308">
     <span class='ocr_line' id='line_1_80' title="bbox 2195 4228 3769 4308; baseline -0.006 -16"><span class='ocrx_word' id='word_1_639' title='bbox 2195 4238 2486 4308; x_wconf 75' lang='grc' dir='ltr'>σύλληψιν,</span> <span class='ocrx_word' id='word_1_640' title='bbox 2514 4238 2588 4300; x_wconf 83' lang='grc' dir='ltr'>ὡς</span> <span class='ocrx_word' id='word_1_641' title='bbox 2618 4236 2679 4289; x_wconf 86' lang='grc' dir='ltr'><strong>οὐ</strong></span> <span class='ocrx_word' id='word_1_642' title='bbox 2710 4234 2944 4304; x_wconf 82' lang='grc' dir='ltr'>δυνατὴν</span> <span class='ocrx_word' id='word_1_643' title='bbox 2991 4234 3120 4287; x_wconf 80' lang='grc' dir='ltr'>ἄνευ</span> <span class='ocrx_word' id='word_1_644' title='bbox 3158 4232 3375 4302; x_wconf 85' lang='grc' dir='ltr'>ἀνδρὸς,</span> <span class='ocrx_word' id='word_1_645' title='bbox 3421 4229 3531 4282; x_wconf 71' lang='grc' dir='ltr'>εἴτε</span> <span class='ocrx_word' id='word_1_646' title='bbox 3559 4228 3769 4283; x_wconf 75' lang='grc' dir='ltr'>καὶτὸν</span> 
     </span>
    </p>
   </div>
   <div class='ocr_carea' id='block_1_81' title="bbox 2192 4313 3768 4399">
    <p class='ocr_par' dir='ltr' id='par_1_81' title="bbox 2192 4313 3768 4399">
     <span class='ocr_line' id='line_1_81' title="bbox 2192 4313 3768 4399; baseline -0.008 -14"><span class='ocrx_word' id='word_1_647' title='bbox 2192 4332 2391 4399; x_wconf 88' lang='grc' dir='ltr'>τρόπον</span> <span class='ocrx_word' id='word_1_648' title='bbox 2421 4330 2585 4383; x_wconf 80' lang='grc' dir='ltr'>αὑτὸν</span> <span class='ocrx_word' id='word_1_649' title='bbox 2612 4327 2860 4395; x_wconf 75' lang='grc' dir='ltr'>ἐπιζητεί</span> <span class='ocrx_word' id='word_1_650' title='bbox 2890 4325 2991 4394; x_wconf 82' lang='grc' dir='ltr'>τῆς</span> <span class='ocrx_word' id='word_1_651' title='bbox 3023 4324 3361 4394; x_wconf 73' lang='grc' dir='ltr'>συλλήψεως,</span> <span class='ocrx_word' id='word_1_652' title='bbox 3392 4322 3450 4389; x_wconf 81' lang='grc' dir='ltr'><strong>ἐξ</strong></span> <span class='ocrx_word' id='word_1_653' title='bbox 3473 4313 3682 4382; x_wconf 73' lang='grc' dir='ltr'>οὗτινος</span> <span class='ocrx_word' id='word_1_654' title='bbox 3703 4320 3768 4374; x_wconf 84' lang='grc' dir='ltr'><strong>ἂν</strong></span> 
     </span>
    </p>
   </div>
   <div class='ocr_carea' id='block_1_82' title="bbox 506 4406 2089 4526">
    <p class='ocr_par' dir='ltr' id='par_1_82' title="bbox 506 4417 2083 4493">
     <span class='ocr_line' id='line_1_82' title="bbox 506 4417 2083 4493; baseline 0.005 -22"><span class='ocrx_word' id='word_1_655' title='bbox 506 4417 663 4483; x_wconf 82' lang='lat' dir='ltr'><strong>Quod</strong></span> <span class='ocrx_word' id='word_1_656' title='bbox 691 4420 911 4488; x_wconf 85' lang='lat' dir='ltr'><strong>quidem</strong></span> <span class='ocrx_word' id='word_1_657' title='bbox 943 4422 1027 4474; x_wconf 90' lang='lat' dir='ltr'><strong>vel</strong></span> <span class='ocrx_word' id='word_1_658' title='bbox 1064 4437 1126 4475; x_wconf 81' lang='lat' dir='ltr'><strong>ex</strong></span> <span class='ocrx_word' id='word_1_659' title='bbox 1159 4422 1309 4475; x_wconf 87' lang='lat' dir='ltr'><strong>omni</strong></span> <span class='ocrx_word' id='word_1_660' title='bbox 1337 4420 1578 4478; x_wconf 82' lang='lat' dir='ltr'><strong>femineo</strong></span> <span class='ocrx_word' id='word_1_661' title='bbox 1607 4438 1739 4476; x_wconf 77' lang='lat' dir='ltr'><strong>soxu</strong></span> <span class='ocrx_word' id='word_1_662' title='bbox 1805 4424 2083 4493; x_wconf 78' lang='lat' dir='ltr'><strong>singulare</strong></span> 
     </span>
    </p>
   </div>
   <div class='ocr_carea' id='block_1_83' title="bbox 2194 4406 3765 4526">
    <p class='ocr_par' dir='ltr' id='par_1_83' title="bbox 2194 4406 3765 4526">
     <span class='ocr_line' id='line_1_83' title="bbox 2194 4406 3765 4526; baseline -0.009 -50"><span class='ocrx_word' id='word_1_663' title='bbox 2194 4424 2287 4476; x_wconf 74' lang='grc' dir='ltr'><strong>καὶ</strong></span> <span class='ocrx_word' id='word_1_664' title='bbox 2319 4422 2551 4490; x_wconf 86' lang='grc' dir='ltr'>γένοιτο,</span> <span class='ocrx_word' id='word_1_665' title='bbox 2603 4418 2707 4471; x_wconf 85' lang='grc' dir='ltr'><strong>Τὸν</strong></span> <span class='ocrx_word' id='word_1_666' title='bbox 2738 4417 2846 4488; x_wconf 79' lang='grc' dir='ltr'>γὰρ</span> <span class='ocrx_word' id='word_1_667' title='bbox 2909 4416 3103 4486; x_wconf 81' lang='grc' dir='ltr'>Ἰωσὴφ</span> <span class='ocrx_word' id='word_1_668' title='bbox 3156 4414 3447 4485; x_wconf 81' lang='grc' dir='ltr'>μνηστῆρα</span> <span class='ocrx_word' id='word_1_669' title='bbox 3485 4412 3582 4482; x_wconf 82' lang='grc' dir='ltr'>μὲν</span> <span class='ocrx_word' id='word_1_670' title='bbox 3600 4406 3765 4526; x_wconf 41' lang='grc' dir='ltr'><strong>λοῐῗαὶ,</strong></span> 
     </span>
    </p>
   </div>
   <div class='ocr_carea' id='block_1_84' title="bbox 504 4500 2089 4585">
    <p class='ocr_par' dir='ltr' id='par_1_84' title="bbox 504 4509 2081 4583">
     <span class='ocr_line' id='line_1_84' title="bbox 504 4509 2081 4583; baseline 0.004 -21"><span class='ocrx_word' id='word_1_671' title='bbox 504 4511 583 4562; x_wconf 87' lang='lat' dir='ltr'><strong>illi</strong></span> <span class='ocrx_word' id='word_1_672' title='bbox 638 4509 757 4576; x_wconf 79' lang='lat' dir='ltr'><strong>fuit,</strong></span> <span class='ocrx_word' id='word_1_673' title='bbox 785 4512 1043 4581; x_wconf 88' lang='lat' dir='ltr'><strong>quoniam</strong></span> <span class='ocrx_word' id='word_1_674' title='bbox 1081 4522 1134 4566; x_wconf 90' lang='lat' dir='ltr'><strong>et</strong></span> <span class='ocrx_word' id='word_1_675' title='bbox 1171 4527 1283 4581; x_wconf 68' lang='lat' dir='ltr'><strong>prae</strong></span> <span class='ocrx_word' id='word_1_676' title='bbox 1332 4514 1612 4578; x_wconf 90' lang='lat' dir='ltr'><strong>omnibus,</strong></span> <span class='ocrx_word' id='word_1_677' title='bbox 1636 4522 1691 4568; x_wconf 86' lang='lat' dir='ltr'><strong>et</strong></span> <span class='ocrx_word' id='word_1_678' title='bbox 1710 4529 1776 4568; x_wconf 79' lang='lat' dir='ltr'><strong>ex</strong></span> <span class='ocrx_word' id='word_1_679' title='bbox 1801 4516 2081 4583; x_wconf 84' lang='lat' dir='ltr'><strong>proposito</strong></span> 
     </span>
    </p>
   </div>
   <div class='ocr_carea' id='block_1_85' title="bbox 2194 4500 3766 4585">
    <p class='ocr_par' dir='ltr' id='par_1_85' title="bbox 2194 4500 3766 4585">
     <span class='ocr_line' id='line_1_85' title="bbox 2194 4500 3766 4585; baseline -0.008 -18"><span class='ocrx_word' id='word_1_680' title='bbox 2194 4514 2377 4585; x_wconf 72' lang='grc' dir='ltr'>φησὶν,</span> <span class='ocrx_word' id='word_1_681' title='bbox 2410 4513 2579 4583; x_wconf 80' lang='grc' dir='ltr'>ἄνδρα</span> <span class='ocrx_word' id='word_1_682' title='bbox 2605 4510 2663 4563; x_wconf 81' lang='grc' dir='ltr'>δὲ</span> <span class='ocrx_word' id='word_1_683' title='bbox 2684 4508 2959 4579; x_wconf 77' lang='grc' dir='ltr'>οὐδαμῶς,</span> <span class='ocrx_word' id='word_1_684' title='bbox 2994 4506 3106 4560; x_wconf 69' lang='grc' dir='ltr'>οὔτ’</span> <span class='ocrx_word' id='word_1_685' title='bbox 3154 4506 3372 4577; x_wconf 76' lang='grc' dir='ltr'>ἔχουσα,</span> <span class='ocrx_word' id='word_1_686' title='bbox 3404 4505 3544 4574; x_wconf 83' lang='grc' dir='ltr'>τάχα</span> <span class='ocrx_word' id='word_1_687' title='bbox 3568 4502 3625 4556; x_wconf 85' lang='grc' dir='ltr'>δὲ</span> <span class='ocrx_word' id='word_1_688' title='bbox 3651 4500 3766 4555; x_wconf 72' lang='grc' dir='ltr'>οὔθ’</span> 
     </span>
    </p>
   </div>
   <div class='ocr_carea' id='block_1_86' title="bbox 503 4595 2089 4674">
    <p class='ocr_par' dir='ltr' id='par_1_86' title="bbox 503 4601 2083 4671">
     <span class='ocr_line' id='line_1_86' title="bbox 503 4601 2083 4671; baseline 0.005 -17"><span class='ocrx_word' id='word_1_689' title='bbox 503 4601 803 4656; x_wconf 82' lang='lat' dir='ltr'><strong>voluntatis</strong></span> <span class='ocrx_word' id='word_1_690' title='bbox 840 4603 989 4656; x_wconf 87' lang='lat' dir='ltr'><strong>hisce</strong></span> <span class='ocrx_word' id='word_1_691' title='bbox 1042 4603 1471 4671; x_wconf 88' lang='lat' dir='ltr'><strong>inquinamentis</strong></span> <span class='ocrx_word' id='word_1_692' title='bbox 1510 4604 1828 4671; x_wconf 65' lang='lat' dir='ltr'><strong>inaccessae,</strong></span> <span class='ocrx_word' id='word_1_693' title='bbox 1854 4607 2083 4662; x_wconf 87' lang='lat' dir='ltr'><strong>castitas</strong></span> 
     </span>
    </p>
   </div>
   <div class='ocr_carea' id='block_1_87' title="bbox 2194 4595 3755 4674">
    <p class='ocr_par' dir='ltr' id='par_1_87' title="bbox 2194 4595 3755 4674">
     <span class='ocr_line' id='line_1_87' title="bbox 2194 4595 3755 4674; baseline -0.008 -15"><span class='ocrx_word' id='word_1_694' title='bbox 2194 4605 2398 4670; x_wconf 70' lang='grc' dir='ltr'>ἕξουσα.</span> <span class='ocrx_word' id='word_1_695' title='bbox 2428 4603 2506 4659; x_wconf 75' lang='grc' dir='ltr'><strong>Οὐ</strong></span> <span class='ocrx_word' id='word_1_696' title='bbox 2530 4602 2640 4673; x_wconf 80' lang='grc' dir='ltr'>γὰρ</span> <span class='ocrx_word' id='word_1_697' title='bbox 2664 4601 2730 4672; x_wconf 82' lang='grc' dir='ltr'><strong>δὴ</strong></span> <span class='ocrx_word' id='word_1_698' title='bbox 2759 4602 2970 4654; x_wconf 85' lang='grc' dir='ltr'>δέδοται</span> <span class='ocrx_word' id='word_1_699' title='bbox 3014 4600 3110 4654; x_wconf 76' lang='grc' dir='ltr'><strong>καὶ</strong></span> <span class='ocrx_word' id='word_1_700' title='bbox 3141 4599 3202 4674; x_wconf 77' lang='grc' dir='ltr'><strong>τὸ</strong></span> <span class='ocrx_word' id='word_1_701' title='bbox 3228 4598 3425 4668; x_wconf 75' lang='grc' dir='ltr'>ψαύειν</span> <span class='ocrx_word' id='word_1_702' title='bbox 3448 4596 3599 4665; x_wconf 82' lang='grc' dir='ltr'>αὐτῷ</span> <span class='ocrx_word' id='word_1_703' title='bbox 3647 4595 3755 4650; x_wconf 87' lang='grc' dir='ltr'>τῶν</span> 
     </span>
    </p>
   </div>
   <div class='ocr_carea' id='block_1_88' title="bbox 507 4692 2089 4767">
    <p class='ocr_par' dir='ltr' id='par_1_88' title="bbox 507 4692 2089 4767">
     <span class='ocr_line' id='line_1_88' title="bbox 507 4692 2089 4767; baseline 0.004 -22"><span class='ocrx_word' id='word_1_704' title='bbox 507 4694 559 4745; x_wconf 89' lang='lat' dir='ltr'><strong>in</strong></span> <span class='ocrx_word' id='word_1_705' title='bbox 588 4706 651 4744; x_wconf 87' lang='lat' dir='ltr'><strong>ea</strong></span> <span class='ocrx_word' id='word_1_706' title='bbox 690 4692 923 4748; x_wconf 80' lang='lat' dir='ltr'><strong>refulsit.</strong></span> <span class='ocrx_word' id='word_1_707' title='bbox 963 4692 1219 4763; x_wconf 78' lang='lat' dir='ltr'><strong>JExinde</strong></span> <span class='ocrx_word' id='word_1_708' title='bbox 1269 4695 1541 4764; x_wconf 80' lang='lat' dir='ltr'><strong>duplicem</strong></span> <span class='ocrx_word' id='word_1_709' title='bbox 1578 4711 1641 4750; x_wconf 83' lang='lat' dir='ltr'><strong>ea</strong></span> <span class='ocrx_word' id='word_1_710' title='bbox 1698 4697 1862 4751; x_wconf 87' lang='lat' dir='ltr'><strong>verba</strong></span> <span class='ocrx_word' id='word_1_711' title='bbox 1913 4698 2089 4767; x_wconf 80' lang='lat' dir='ltr'><strong>expli-</strong></span> 
     </span>
    </p>
   </div>
   <div class='ocr_carea' id='block_1_89' title="bbox 506 4783 2087 4860">
    <p class='ocr_par' dir='ltr' id='par_1_89' title="bbox 506 4783 2087 4860">
     <span class='ocr_line' id='line_1_89' title="bbox 506 4783 2087 4860; baseline 0.006 -24"><span class='ocrx_word' id='word_1_712' title='bbox 506 4783 780 4838; x_wconf 74' lang='lat' dir='ltr'><strong>cationem</strong></span> <span class='ocrx_word' id='word_1_713' title='bbox 808 4785 1007 4840; x_wconf 84' lang='lat' dir='ltr'><strong>habent</strong></span> <span class='ocrx_word' id='word_1_714' title='bbox 1031 4803 1045 4839; x_wconf 91' lang='lat'><strong>:</strong></span> <span class='ocrx_word' id='word_1_715' title='bbox 1068 4786 1150 4839; x_wconf 86' lang='lat' dir='ltr'><strong>vel</strong></span> <span class='ocrx_word' id='word_1_716' title='bbox 1168 4787 1313 4840; x_wconf 87' lang='lat' dir='ltr'><strong>enim</strong></span> <span class='ocrx_word' id='word_1_717' title='bbox 1333 4789 1630 4857; x_wconf 80' lang='lat' dir='ltr'><strong>generatim</strong></span> <span class='ocrx_word' id='word_1_718' title='bbox 1655 4788 1859 4844; x_wconf 84' lang='lat' dir='ltr'><strong>incerta</strong></span> <span class='ocrx_word' id='word_1_719' title='bbox 1876 4788 2087 4860; x_wconf 81' lang='lat' dir='ltr'><strong>(Virgo)</strong></span> 
     </span>
    </p>
   </div>
   <div class='ocr_carea' id='block_1_90' title="bbox 504 4877 2090 4951">
    <p class='ocr_par' dir='ltr' id='par_1_90' title="bbox 504 4877 2090 4951">
     <span class='ocr_line' id='line_1_90' title="bbox 504 4877 2090 4951; baseline 0.003 -21"><span class='ocrx_word' id='word_1_720' title='bbox 504 4878 674 4930; x_wconf 65' lang='lat' dir='ltr'><strong>lueret</strong></span> <span class='ocrx_word' id='word_1_721' title='bbox 709 4877 775 4930; x_wconf 88' lang='lat' dir='ltr'><strong>de</strong></span> <span class='ocrx_word' id='word_1_722' title='bbox 809 4888 1075 4946; x_wconf 90' lang='lat' dir='ltr'><strong>conceptu</strong></span> <span class='ocrx_word' id='word_1_723' title='bbox 1105 4878 1246 4946; x_wconf 87' lang='lat' dir='ltr'><strong>ipso,</strong></span> <span class='ocrx_word' id='word_1_724' title='bbox 1279 4886 1468 4947; x_wconf 90' lang='lat' dir='ltr'><strong>utpote</strong></span> <span class='ocrx_word' id='word_1_725' title='bbox 1510 4879 1604 4951; x_wconf 92' lang='lat' dir='ltr'><strong>qui</strong></span> <span class='ocrx_word' id='word_1_726' title='bbox 1650 4881 1771 4935; x_wconf 86' lang='lat' dir='ltr'><strong>sine</strong></span> <span class='ocrx_word' id='word_1_727' title='bbox 1816 4881 1921 4935; x_wconf 88' lang='lat' dir='ltr'><strong>viri</strong></span> <span class='ocrx_word' id='word_1_728' title='bbox 1956 4897 2090 4936; x_wconf 87' lang='lat' dir='ltr'><strong>con-</strong></span> 
     </span>
    </p>
   </div>
   <div class='ocr_carea' id='block_1_91' title="bbox 504 4969 2080 5040">
    <p class='ocr_par' dir='ltr' id='par_1_91' title="bbox 504 4969 2080 5040">
     <span class='ocr_line' id='line_1_91' title="bbox 504 4969 2080 5040; baseline 0.004 -18"><span class='ocrx_word' id='word_1_729' title='bbox 504 4969 797 5023; x_wconf 87' lang='lat' dir='ltr'><strong>suetudine</strong></span> <span class='ocrx_word' id='word_1_730' title='bbox 830 4969 1016 5025; x_wconf 85' lang='lat' dir='ltr'><strong>haberi</strong></span> <span class='ocrx_word' id='word_1_731' title='bbox 1062 4980 1317 5040; x_wconf 80' lang='lat' dir='ltr'><strong>nequeat,</strong></span> <span class='ocrx_word' id='word_1_732' title='bbox 1343 4972 1428 5025; x_wconf 90' lang='lat' dir='ltr'><strong>vel</strong></span> <span class='ocrx_word' id='word_1_733' title='bbox 1483 4972 1647 5027; x_wconf 88' lang='lat' dir='ltr'><strong>etiam</strong></span> <span class='ocrx_word' id='word_1_734' title='bbox 1698 4974 1920 5028; x_wconf 88' lang='lat' dir='ltr'><strong>modum</strong></span> <span class='ocrx_word' id='word_1_735' title='bbox 1948 4989 2080 5028; x_wconf 87' lang='lat' dir='ltr'><strong>con-</strong></span> 
     </span>
    </p>
   </div>
   <div class='ocr_carea' id='block_1_92' title="bbox 502 5063 2078 5131">
    <p class='ocr_par' dir='ltr' id='par_1_92' title="bbox 502 5063 2078 5131">
     <span class='ocr_line' id='line_1_92' title="bbox 502 5063 2078 5131; baseline 0.003 -17"><span class='ocrx_word' id='word_1_736' title='bbox 502 5069 693 5129; x_wconf 90' lang='lat' dir='ltr'><strong>ceptus</strong></span> <span class='ocrx_word' id='word_1_737' title='bbox 724 5063 983 5131; x_wconf 85' lang='lat' dir='ltr'><strong>exquirit,</strong></span> <span class='ocrx_word' id='word_1_738' title='bbox 1012 5063 1285 5118; x_wconf 89' lang='lat' dir='ltr'><strong>undenam</strong></span> <span class='ocrx_word' id='word_1_739' title='bbox 1318 5064 1528 5119; x_wconf 88' lang='lat' dir='ltr'><strong>scilicet</strong></span> <span class='ocrx_word' id='word_1_740' title='bbox 1580 5064 1793 5120; x_wconf 80' lang='lat' dir='ltr'><strong>futurus</strong></span> <span class='ocrx_word' id='word_1_741' title='bbox 1819 5066 1909 5121; x_wconf 93' lang='lat' dir='ltr'><strong>sit.</strong></span> <span class='ocrx_word' id='word_1_742' title='bbox 1943 5065 2078 5120; x_wconf 88' lang='lat' dir='ltr'><strong>Nam</strong></span> 
     </span>
    </p>
   </div>
   <div class='ocr_carea' id='block_1_93' title="bbox 503 5152 2081 5224">
    <p class='ocr_par' dir='ltr' id='par_1_93' title="bbox 503 5152 2081 5224">
     <span class='ocr_line' id='line_1_93' title="bbox 503 5152 2081 5224; baseline 0.004 -21"><span class='ocrx_word' id='word_1_743' title='bbox 503 5165 770 5219; x_wconf 81' lang='lat' dir='ltr'><strong>sponsum</strong></span> <span class='ocrx_word' id='word_1_744' title='bbox 800 5152 1076 5221; x_wconf 87' lang='lat' dir='ltr'><strong>equidem,</strong></span> <span class='ocrx_word' id='word_1_745' title='bbox 1132 5152 1329 5223; x_wconf 89' lang='lat' dir='ltr'><strong>inquit,</strong></span> <span class='ocrx_word' id='word_1_746' title='bbox 1386 5152 1683 5224; x_wconf 83' lang='lat' dir='ltr'><strong>Josephum</strong></span> <span class='ocrx_word' id='word_1_747' title='bbox 1734 5155 1884 5221; x_wconf 88' lang='lat' dir='ltr'><strong>novi,</strong></span> <span class='ocrx_word' id='word_1_748' title='bbox 1923 5164 1977 5209; x_wconf 91' lang='lat' dir='ltr'><strong>at</strong></span> <span class='ocrx_word' id='word_1_749' title='bbox 2002 5155 2081 5209; x_wconf 84' lang='lat' dir='ltr'><strong>vi-</strong></span> 
     </span>
    </p>
   </div>
   <div class='ocr_carea' id='block_1_94' title="bbox 500 5244 2078 5318">
    <p class='ocr_par' dir='ltr' id='par_1_94' title="bbox 500 5244 2078 5318">
     <span class='ocr_line' id='line_1_94' title="bbox 500 5244 2078 5318; baseline 0.004 -23"><span class='ocrx_word' id='word_1_750' title='bbox 500 5258 621 5295; x_wconf 87' lang='lat' dir='ltr'><strong>rum</strong></span> <span class='ocrx_word' id='word_1_751' title='bbox 662 5244 812 5299; x_wconf 92' lang='lat' dir='ltr'><strong>nullo</strong></span> <span class='ocrx_word' id='word_1_752' title='bbox 835 5246 1021 5311; x_wconf 86' lang='lat' dir='ltr'><strong>modo,</strong></span> <span class='ocrx_word' id='word_1_753' title='bbox 1057 5262 1218 5317; x_wconf 91' lang='lat' dir='ltr'><strong>quem</strong></span> <span class='ocrx_word' id='word_1_754' title='bbox 1262 5262 1363 5302; x_wconf 84' lang='lat' dir='ltr'><strong>nec</strong></span> <span class='ocrx_word' id='word_1_755' title='bbox 1395 5247 1590 5312; x_wconf 88' lang='lat' dir='ltr'><strong>habeo,</strong></span> <span class='ocrx_word' id='word_1_756' title='bbox 1617 5262 1720 5302; x_wconf 91' lang='lat' dir='ltr'><strong>nec</strong></span> <span class='ocrx_word' id='word_1_757' title='bbox 1760 5247 1948 5318; x_wconf 91' lang='lat' dir='ltr'><strong>utique</strong></span> <span class='ocrx_word' id='word_1_758' title='bbox 1979 5248 2078 5302; x_wconf 87' lang='lat' dir='ltr'><strong>ha-</strong></span> 
     </span>
    </p>
   </div>
   <div class='ocr_carea' id='block_1_95' title="bbox 500 5334 2077 5409">
    <p class='ocr_par' dir='ltr' id='par_1_95' title="bbox 500 5334 2077 5409">
     <span class='ocr_line' id='line_1_95' title="bbox 500 5334 2077 5409; baseline 0.006 -23"><span class='ocrx_word' id='word_1_759' title='bbox 500 5334 678 5389; x_wconf 86' lang='lat' dir='ltr'><strong>bitura</strong></span> <span class='ocrx_word' id='word_1_760' title='bbox 697 5351 843 5390; x_wconf 91' lang='lat' dir='ltr'><strong>sum.</strong></span> <span class='ocrx_word' id='word_1_761' title='bbox 871 5336 987 5391; x_wconf 85' lang='lat' dir='ltr'><strong>Non</strong></span> <span class='ocrx_word' id='word_1_762' title='bbox 1010 5339 1157 5393; x_wconf 91' lang='lat' dir='ltr'><strong>enim</strong></span> <span class='ocrx_word' id='word_1_763' title='bbox 1186 5339 1287 5406; x_wconf 90' lang='lat' dir='ltr'><strong>ipsi</strong></span> <span class='ocrx_word' id='word_1_764' title='bbox 1314 5339 1500 5393; x_wconf 89' lang='lat' dir='ltr'><strong>datum</strong></span> <span class='ocrx_word' id='word_1_765' title='bbox 1521 5348 1622 5405; x_wconf 86' lang='lat' dir='ltr'><strong>est,</strong></span> <span class='ocrx_word' id='word_1_766' title='bbox 1646 5350 1703 5394; x_wconf 90' lang='lat' dir='ltr'><strong>ut</strong></span> <span class='ocrx_word' id='word_1_767' title='bbox 1728 5356 1850 5409; x_wconf 76' lang='lat' dir='ltr'><strong>qua:</strong></span> <span class='ocrx_word' id='word_1_768' title='bbox 1876 5340 2077 5395; x_wconf 87' lang='lat' dir='ltr'><strong>intacta</strong></span> 
     </span>
    </p>
   </div>
   <div class='ocr_carea' id='block_1_96' title="bbox 2182 4690 3759 4767">
    <p class='ocr_par' dir='ltr' id='par_1_96' title="bbox 2182 4690 3759 4767">
     <span class='ocr_line' id='line_1_96' title="bbox 2182 4690 3759 4767; baseline -0.006 -17"><span class='ocrx_word' id='word_1_769' title='bbox 2182 4696 2502 4767; x_wconf 74' lang='grc' dir='ltr'>ἀψαύστων,</span> <span class='ocrx_word' id='word_1_770' title='bbox 2540 4695 2666 4748; x_wconf 82' lang='grc' dir='ltr'>οὐδὲ</span> <span class='ocrx_word' id='word_1_771' title='bbox 2694 4695 2786 4747; x_wconf 83' lang='grc' dir='ltr'>τὸν</span> <span class='ocrx_word' id='word_1_772' title='bbox 2818 4692 3321 4762; x_wconf 83' lang='grc' dir='ltr'>ἁποκεκλεισμένον</span> <span class='ocrx_word' id='word_1_773' title='bbox 3344 4692 3522 4760; x_wconf 80' lang='grc' dir='ltr'>κῆπον</span> <span class='ocrx_word' id='word_1_774' title='bbox 3551 4690 3759 4743; x_wconf 80' lang='grc' dir='ltr'>ἀποσυ-</span> 
     </span>
    </p>
   </div>
   <div class='ocr_carea' id='block_1_97' title="bbox 2184 4781 3742 4859">
    <p class='ocr_par' dir='ltr' id='par_1_97' title="bbox 2184 4781 3742 4859">
     <span class='ocr_line' id='line_1_97' title="bbox 2184 4781 3742 4859; baseline -0.006 -17"><span class='ocrx_word' id='word_1_775' title='bbox 2184 4789 2302 4859; x_wconf 79' lang='grc' dir='ltr'>λᾷν,</span> <span class='ocrx_word' id='word_1_776' title='bbox 2318 4788 2437 4841; x_wconf 83' lang='grc' dir='ltr'>οὐδὲ</span> <span class='ocrx_word' id='word_1_777' title='bbox 2452 4788 2510 4841; x_wconf 86' lang='grc' dir='ltr'><strong>τὸ</strong></span> <span class='ocrx_word' id='word_1_778' title='bbox 2529 4785 2969 4858; x_wconf 85' lang='grc' dir='ltr'>ὲσφραγισμένον</span> <span class='ocrx_word' id='word_1_779' title='bbox 2988 4783 3195 4856; x_wconf 79' lang='grc' dir='ltr'>βιϐλίον</span> <span class='ocrx_word' id='word_1_780' title='bbox 3211 4781 3742 4851; x_wconf 78' lang='grc' dir='ltr'>ἀποσφραγίζεσθαι.</span> 
     </span>
    </p>
   </div>
   <div class='ocr_carea' id='block_1_98' title="bbox 2186 4871 3757 4950">
    <p class='ocr_par' dir='ltr' id='par_1_98' title="bbox 2186 4871 3757 4950">
     <span class='ocr_line' id='line_1_98' title="bbox 2186 4871 3757 4950; baseline -0.006 -16"><span class='ocrx_word' id='word_1_781' title='bbox 2186 4881 2461 4950; x_wconf 84' lang='grc' dir='ltr'>Σύμφωνα</span> <span class='ocrx_word' id='word_1_782' title='bbox 2512 4879 2685 4932; x_wconf 84' lang='grc' dir='ltr'>ταῦτα</span> <span class='ocrx_word' id='word_1_783' title='bbox 2730 4878 2840 4930; x_wconf 86' lang='grc' dir='ltr'>τῶν</span> <span class='ocrx_word' id='word_1_784' title='bbox 2912 4878 2971 4930; x_wconf 83' lang='grc' dir='ltr'>ἐν</span> <span class='ocrx_word' id='word_1_785' title='bbox 3035 4874 3379 4945; x_wconf 82' lang='grc' dir='ltr'>ἀποκρύφοις</span> <span class='ocrx_word' id='word_1_786' title='bbox 3435 4871 3757 4945; x_wconf 79' lang='grc' dir='ltr'>ἱστορουμέ-</span> 
     </span>
    </p>
   </div>
   <div class='ocr_carea' id='block_1_99' title="bbox 2190 4963 3762 5039">
    <p class='ocr_par' dir='ltr' id='par_1_99' title="bbox 2190 4963 3762 5039">
     <span class='ocr_line' id='line_1_99' title="bbox 2190 4963 3762 5039; baseline -0.006 -12"><span class='ocrx_word' id='word_1_787' title='bbox 2190 4992 2295 5027; x_wconf 89' lang='grc' dir='ltr'>νων</span> <span class='ocrx_word' id='word_1_788' title='bbox 2324 4990 2337 5004; x_wconf 90' lang='grc'><strong>·</strong></span> <span class='ocrx_word' id='word_1_789' title='bbox 2367 4974 2449 5025; x_wconf 81' lang='grc' dir='ltr'>ὅτι</span> <span class='ocrx_word' id='word_1_790' title='bbox 2480 4969 2733 5024; x_wconf 85' lang='grc' dir='ltr'>τοσοῦτον</span> <span class='ocrx_word' id='word_1_791' title='bbox 2766 4970 2994 5039; x_wconf 81' lang='grc' dir='ltr'>ἐξελέγη</span> <span class='ocrx_word' id='word_1_792' title='bbox 3042 4969 3201 5039; x_wconf 82' lang='grc' dir='ltr'>μόνον</span> <span class='ocrx_word' id='word_1_793' title='bbox 3242 4970 3270 5021; x_wconf 85' lang='grc' dir='ltr'>ὁ</span> <span class='ocrx_word' id='word_1_794' title='bbox 3313 4968 3510 5037; x_wconf 85' lang='grc' dir='ltr'>Ἰωσὴφ</span> <span class='ocrx_word' id='word_1_795' title='bbox 3539 4965 3625 5019; x_wconf 78' lang='grc' dir='ltr'><strong>ἐπ’</strong></span> <span class='ocrx_word' id='word_1_796' title='bbox 3648 4963 3762 5018; x_wconf 81' lang='grc' dir='ltr'><strong>ὀνό-</strong></span> 
     </span>
    </p>
   </div>
   <div class='ocr_carea' id='block_1_100' title="bbox 2194 5055 3756 5136">
    <p class='ocr_par' dir='ltr' id='par_1_100' title="bbox 2194 5055 3756 5136">
     <span class='ocr_line' id='line_1_100' title="bbox 2194 5055 3756 5136; baseline -0.007 -18"><span class='ocrx_word' id='word_1_797' title='bbox 2194 5083 2327 5136; x_wconf 83' lang='grc' dir='ltr'>ματι</span> <span class='ocrx_word' id='word_1_798' title='bbox 2359 5064 2459 5132; x_wconf 79' lang='grc' dir='ltr'><strong>τῆς</strong></span> <span class='ocrx_word' id='word_1_799' title='bbox 2504 5062 2799 5135; x_wconf 88' lang='grc' dir='ltr'>μνηστείας</span> <span class='ocrx_word' id='word_1_800' title='bbox 2840 5063 2939 5132; x_wconf 80' lang='grc' dir='ltr'><strong>τὴν</strong></span> <span class='ocrx_word' id='word_1_801' title='bbox 2984 5060 3234 5130; x_wconf 77' lang='grc' dir='ltr'>φυλακὴν</span> <span class='ocrx_word' id='word_1_802' title='bbox 3272 5058 3440 5127; x_wconf 79' lang='grc' dir='ltr'>αὐτῆς</span> <span class='ocrx_word' id='word_1_803' title='bbox 3486 5055 3756 5110; x_wconf 82' lang='grc' dir='ltr'>ποιεῖσθαι</span> 
     </span>
    </p>
   </div>
   <div class='ocr_carea' id='block_1_101' title="bbox 2180 5148 3758 5227">
    <p class='ocr_par' dir='ltr' id='par_1_101' title="bbox 2180 5148 3758 5227">
     <span class='ocr_line' id='line_1_101' title="bbox 2180 5148 3758 5227; baseline -0.005 -16"><span class='ocrx_word' id='word_1_804' title='bbox 2180 5158 2276 5227; x_wconf 79' lang='grc' dir='ltr'><strong>τῆς</strong></span> <span class='ocrx_word' id='word_1_805' title='bbox 2335 5156 2661 5227; x_wconf 80' lang='grc' dir='ltr'>παρθενίας’</span> <span class='ocrx_word' id='word_1_806' title='bbox 2698 5156 2759 5209; x_wconf 86' lang='grc' dir='ltr'><strong>ού</strong></span> <span class='ocrx_word' id='word_1_807' title='bbox 2788 5155 2899 5226; x_wconf 84' lang='grc' dir='ltr'>γὰρ</span> <span class='ocrx_word' id='word_1_808' title='bbox 2947 5153 3011 5224; x_wconf 81' lang='grc' dir='ltr'><strong>δὴ</strong></span> <span class='ocrx_word' id='word_1_809' title='bbox 3055 5152 3236 5207; x_wconf 80' lang='grc' dir='ltr'>καὶτὸ</span> <span class='ocrx_word' id='word_1_810' title='bbox 3286 5150 3619 5220; x_wconf 79' lang='grc' dir='ltr'>κοινωνῆσαι</span> <span class='ocrx_word' id='word_1_811' title='bbox 3661 5148 3758 5216; x_wconf 82' lang='grc' dir='ltr'>γά-</span> 
     </span>
    </p>
   </div>
   <div class='ocr_carea' id='block_1_102' title="bbox 2185 5239 3759 5317">
    <p class='ocr_par' dir='ltr' id='par_1_102' title="bbox 2185 5239 3759 5317">
     <span class='ocr_line' id='line_1_102' title="bbox 2185 5239 3759 5317; baseline -0.006 -16"><span class='ocrx_word' id='word_1_812' title='bbox 2185 5266 2302 5317; x_wconf 91' lang='grc' dir='ltr'><strong>μων</strong></span> <span class='ocrx_word' id='word_1_813' title='bbox 2356 5249 2494 5317; x_wconf 78' lang='grc' dir='ltr'>αὐτῇ</span> <span class='ocrx_word' id='word_1_814' title='bbox 2549 5264 2700 5311; x_wconf 89' lang='grc' dir='ltr'>ποτε,</span> <span class='ocrx_word' id='word_1_815' title='bbox 2739 5245 2815 5317; x_wconf 84' lang='grc' dir='ltr'>μὴ</span> <span class='ocrx_word' id='word_1_816' title='bbox 2859 5245 2952 5298; x_wconf 75' lang='grc' dir='ltr'>καὶ</span> <span class='ocrx_word' id='word_1_817' title='bbox 3001 5243 3308 5314; x_wconf 72' lang='grc' dir='ltr'>ἱεροσυλίαν</span> <span class='ocrx_word' id='word_1_818' title='bbox 3353 5239 3759 5312; x_wconf 85' lang='grc' dir='ltr'>κατακριθῶσιν</span> 
     </span>
    </p>
   </div>
   <div class='ocr_carea' id='block_1_103' title="bbox 2180 5334 3556 5411">
    <p class='ocr_par' dir='ltr' id='par_1_103' title="bbox 2180 5334 3556 5411">
     <span class='ocr_line' id='line_1_103' title="bbox 2180 5334 3556 5411; baseline -0.004 -17"><span class='ocrx_word' id='word_1_819' title='bbox 2180 5340 2460 5411; x_wconf 82' lang='grc' dir='ltr'>ἄντικρυς,</span> <span class='ocrx_word' id='word_1_820' title='bbox 2491 5338 2872 5402; x_wconf 85' lang='grc' dir='ltr'>ἁποσυλῶντες</span> <span class='ocrx_word' id='word_1_821' title='bbox 2900 5335 2994 5390; x_wconf 86' lang='grc' dir='ltr'><strong>τοῦ</strong></span> <span class='ocrx_word' id='word_1_822' title='bbox 3021 5335 3158 5389; x_wconf 81' lang='grc' dir='ltr'>Θεοῦ</span> <span class='ocrx_word' id='word_1_823' title='bbox 3184 5334 3246 5389; x_wconf 86' lang='grc' dir='ltr'><strong>τὸ</strong></span> <span class='ocrx_word' id='word_1_824' title='bbox 3272 5334 3556 5404; x_wconf 82' lang='grc' dir='ltr'>ἀνάθημα.</span> 
     </span>
    </p>
   </div>
   <div class='ocr_carea' id='block_1_104' title="bbox 573 5561 2089 5641">
    <p class='ocr_par' dir='ltr' id='par_1_104' title="bbox 573 5561 2079 5641">
     <span class='ocr_line' id='line_1_104' title="bbox 573 5561 2079 5641; baseline 0.009 -28"><span class='ocrx_word' id='word_1_825' title='bbox 573 5561 615 5591; x_wconf 77' lang='grc'>’³</span> <span class='ocrx_word' id='word_1_826' title='bbox 674 5561 811 5641; x_wconf 51' lang='grc' dir='ltr'>μιᾳ</span> <span class='ocrx_word' id='word_1_827' title='bbox 846 5562 1006 5641; x_wconf 61' lang='lat' dir='ltr'><strong>t,_§_2.</strong></span> <span class='ocrx_word' id='word_1_828' title='bbox 1088 5566 1131 5596; x_wconf 72' lang='lat'>“</span> <span class='ocrx_word' id='word_1_829' title='bbox 1156 5566 1287 5621; x_wconf 88' lang='lat' dir='ltr'><strong>Luc.</strong></span> <span class='ocrx_word' id='word_1_830' title='bbox 1322 5584 1360 5633; x_wconf 90' lang='grc' dir='ltr'><strong>ι,</strong></span> <span class='ocrx_word' id='word_1_831' title='bbox 1390 5568 1478 5621; x_wconf 80' lang='grc'><strong>55.</strong></span> <span class='ocrx_word' id='word_1_832' title='bbox 1559 5571 1600 5601; x_wconf 78' lang='grc'><strong>¹⁵</strong></span> <span class='ocrx_word' id='word_1_833' title='bbox 1634 5570 1646 5622; x_wconf 94' lang='lat' dir='ltr'><strong>l</strong></span> <span class='ocrx_word' id='word_1_834' title='bbox 1675 5568 1800 5623; x_wconf 80' lang='lat' dir='ltr'><strong>Cor.</strong></span> <span class='ocrx_word' id='word_1_835' title='bbox 1842 5586 1932 5637; x_wconf 71' lang='lat' dir='ltr'><strong>xv,</strong></span> <span class='ocrx_word' id='word_1_836' title='bbox 1963 5568 2031 5624; x_wconf 77' lang='lat'><strong>‘28</strong></span> <span class='ocrx_word' id='word_1_837' title='bbox 2065 5587 2079 5627; x_wconf 83' lang='lat'><strong>:</strong></span> 
     </span>
    </p>
   </div>
   <div class='ocr_carea' id='block_1_105' title="bbox 2194 5561 3763 5641">
    <p class='ocr_par' dir='ltr' id='par_1_105' title="bbox 2194 5563 3763 5641">
     <span class='ocr_line' id='line_1_105' title="bbox 2194 5563 3763 5641; baseline -0.004 -16"><span class='ocrx_word' id='word_1_838' title='bbox 2194 5588 2276 5625; x_wconf 73' lang='lat' dir='ltr'><strong>raw</strong></span> <span class='ocrx_word' id='word_1_839' title='bbox 2304 5569 2355 5624; x_wconf 77' lang='grc' dir='ltr'><strong>δὲ</strong></span> <span class='ocrx_word' id='word_1_840' title='bbox 2385 5568 2630 5641; x_wconf 71' lang='grc' dir='ltr'>ὑποταγῇ</span> <span class='ocrx_word' id='word_1_841' title='bbox 2662 5568 2811 5641; x_wconf 78' lang='grc' dir='ltr'>αὐτῷ</span> <span class='ocrx_word' id='word_1_842' title='bbox 2850 5567 2917 5623; x_wconf 77' lang='grc' dir='ltr'>τὰ</span> <span class='ocrx_word' id='word_1_843' title='bbox 2970 5567 3218 5624; x_wconf 79' lang='grc' dir='ltr'>πάντα...</span> <span class='ocrx_word' id='word_1_844' title='bbox 3268 5564 3403 5623; x_wconf 86' lang='lat' dir='ltr'><strong>Cum</strong></span> <span class='ocrx_word' id='word_1_845' title='bbox 3431 5574 3609 5622; x_wconf 78' lang='lat' dir='ltr'><strong>autem</strong></span> <span class='ocrx_word' id='word_1_846' title='bbox 3637 5563 3763 5620; x_wconf 80' lang='lat' dir='ltr'><strong>sub-</strong></span> 
     </span>
    </p>
   </div>
   <div class='ocr_carea' id='block_1_106' title="bbox 500 5633 1827 5704">
    <p class='ocr_par' dir='ltr' id='par_1_106' title="bbox 500 5633 1827 5704">
     <span class='ocr_line' id='line_1_106' title="bbox 500 5633 1827 5704; baseline 0.008 -19"><span class='ocrx_word' id='word_1_847' title='bbox 500 5633 636 5696; x_wconf 78' lang='lat' dir='ltr'><strong>jecta</strong></span> <span class='ocrx_word' id='word_1_848' title='bbox 663 5633 858 5700; x_wconf 79' lang='lat' dir='ltr'><strong>fuerint</strong></span> <span class='ocrx_word' id='word_1_849' title='bbox 889 5634 968 5688; x_wconf 84' lang='lat' dir='ltr'><strong>illi</strong></span> <span class='ocrx_word' id='word_1_850' title='bbox 1012 5640 1211 5704; x_wconf 81' lang='lat' dir='ltr'><strong>omnia,</strong></span> <span class='ocrx_word' id='word_1_851' title='bbox 1243 5648 1347 5693; x_wconf 89' lang='lat' dir='ltr'><strong>etc.</strong></span> <span class='ocrx_word' id='word_1_852' title='bbox 1429 5640 1471 5670; x_wconf 82' lang='lat'>”</span> <span class='ocrx_word' id='word_1_853' title='bbox 1502 5640 1632 5695; x_wconf 81' lang='lat' dir='ltr'><strong>Luc.</strong></span> <span class='ocrx_word' id='word_1_854' title='bbox 1673 5657 1709 5704; x_wconf 84' lang='grc' dir='ltr'><strong>ι,</strong></span> <span class='ocrx_word' id='word_1_855' title='bbox 1737 5640 1827 5696; x_wconf 69' lang='lat' dir='ltr'><strong>Si.</strong></span> 
     </span>
    </p>
   </div>
   <div class='ocr_carea' id='block_1_107' title="bbox 577 5794 1547 5903">
    <p class='ocr_par' dir='ltr' id='par_1_107' title="bbox 577 5794 1547 5903">
     <span class='ocr_line' id='line_1_107' title="bbox 577 5794 1547 5903; baseline 0.01 -19"><span class='ocrx_word' id='word_1_856' title='bbox 577 5832 652 5891; x_wconf 75' lang='lat' dir='ltr'><strong>(2i</strong></span> <span class='ocrx_word' id='word_1_857' title='bbox 691 5794 1144 5903; x_wconf 39' lang='lat' dir='ltr'><strong>lntelligcoiesttm</strong></span> <span class='ocrx_word' id='word_1_858' title='bbox 1177 5838 1345 5892; x_wconf 87' lang='lat' dir='ltr'><strong>tilium</strong></span> <span class='ocrx_word' id='word_1_859' title='bbox 1383 5838 1547 5894; x_wconf 75' lang='lat' dir='ltr'><strong>Nave.</strong></span> 
     </span>
    </p>
   </div>
  </div>
