4164 6456
463 488 568 552 825
1237 483 1494 546 SERMO
1534 482 1616 544 IN
1655 484 1761 545 SS.
1807 484 2158 545 DEIPARE
2202 485 2922 547 ANNUNTIATIONEM.
3600 487 3708 549 826

461 609 588 653 sunt
611 605 818 667 tangat,
851 603 1108 666 nequeut
1140 595 1359 650 hortum
1423 594 1745 650 conclusum
1809 595 2168 665 deprmdetnr,
2229 612 2404 662 neque
2447 601 2911 667 utconsignatum
2936 596 3134 652 librum
3189 594 3720 666 resignct.Cor.sona

457 699 574 752 batc
605 701 884 748 suntcum
914 689 980 742 iis
1034 701 1156 756 qua:
1226 685 1280 739 in
1335 685 1662 756 apocrypbis
1720 696 2016 739 narrantur
2045 725 2060 750 ,
2101 686 2396 756 Josephum
2457 689 2709 743 videlicet
2748 691 2801 742 in
2841 689 2991 744 hunc
3015 687 3366 744 solummodo
3410 687 3572 741 linem
3606 688 3718 742 elc-

457 798 606 844 ctum
632 783 824 845 fuisse,
858 789 917 833 ut
944 774 1386 846 desponsationis
1453 775 1676 827 nomine
1725 774 2051 843 virginitatis
2091 777 2264 844 ipsius
2316 777 2624 831 custodiam
2657 779 2907 844 haberet,
2946 778 3092 832 baud
3119 793 3251 833 vero
3317 792 3470 844 sane,
3496 785 3555 831 ut
3594 792 3720 832 cum

461 885 577 954 ipsa
615 881 669 936 in
691 875 949 932 connubii
978 887 1198 943 quoque
1243 871 1694 926 consuetudinem
1724 871 2018 940 aliquando
2084 874 2295 929 veniret
2330 890 2346 939 ;
2392 875 2533 928 absit
2568 874 2715 928 enim
2778 882 2838 928 ut
2867 875 2922 928 in
2959 873 3248 930 donarium
3307 871 3418 929 Deo
3461 872 3718 929 devotum

462 992 656 1036 manus
687 973 995 1045 iujicientes
1041 969 1304 1024 continuo
1352 968 1438 1022 vel
1477 967 1751 1036 sacrilegii
1803 967 2220 1025 damnarentur.

529 1073 648 1138 Iq'.
680 1067 767 1130 Τί,
791 1065 884 1120 οὖν
917 1065 946 1117 6
987 1063 1354 1133 νυμφαγωγός
1388 1077 1446 1112 τε
1476 1061 1573 1114 καὶ
1619 1061 1991 1130 νυμφοστόλος
2017 1079 2031 1128 ;

2208 1061 2349 1117 XVI.
2386 1061 2528 1128 Quid
2559 1062 2743 1133 itaque
2791 1062 2880 1120 ille
2920 1078 3137 1133 sponsae
3189 1064 3474 1127 adductor,
3501 1061 3725 1131 nuptia-

461 1140 651 1237 [νορὲι,
685 1160 804 1223 πῶς
834 1161 900 1229 τῇ
934 1155 1200 1226 Παρθένῳ
1231 1153 1351 1208 λύει
1403 1154 1503 1225 τὴν
1530 1155 1768 1224 ἀπορίαν
1807 1155 1837 1206 6
1873 1155 2042 1222 ἀγγε-

457 1257 549 1320 lo;
579 1254 697 1327 xui]
726 1245 846 1315 πῶς
866 1252 1002 1320 αὐτῇ
1025 1246 1373 1319 διερμηνεύει
1395 1248 1488 1299 τὸν
1530 1246 1808 1317 ἄφθαρτον
1839 1246 2037 1316 γάμον,

462 1351 559 1402 καὶ
592 1349 684 1400 τὸν
717 1347 994 1416 ἄφραστον
1019 1340 1176 1395 τόκον
1212 1338 1333 1410 [καὶ
1379 1339 1471 1392 τὸν
1499 1338 1887 1407 ἀκατάληπτον
1913 1339 2041 1406 τρό-

465 1439 611 1511 πον],
646 1438 738 1491 καὶ
781 1435 898 1505 ἅμα
949 1433 1304 1503 μυσταγωγεῖ
1326 1429 1387 1484 τὸ
1445 1430 1544 1500 τῆς
1598 1429 1830 1500 Τριάδος
1883 1431 2024 1500 αὐτῇ

469 1531 808 1603 μυστήριονο
881 1525 980 1598 [Οὐ
1027 1523 1204 1595 χρεία,
1268 1523 1456 1591 φησὶν,
1523 1521 1721 1593 ἀνδρός
1759 1539 1772 1552 ·
1823 1521 1884 1574 οὐ
1934 1523 2043 1590 γὰρ

464 1623 664 1694 ὁμοίως
718 1622 838 1683 ταῖς
873 1618 1060 1680 ἄλλαις
1089 1616 1182 1692 ’τὰ
1242 1615 1311 1668 σὰ
1344 1653 1361 1680 ,
1419 1615 1608 1685 ὥσπερ
1673 1614 1794 1667 οὐδὲ
1840 1614 1910 1668 τά
1948 1614 2042 1667 τοῦ

466 1719 596 1773 Υίοῦ
631 1721 741 1781 τοῖς
763 1717 918 1780 υἱοῖς.
947 1715 1023 1769 Οὐ
1055 1713 1164 1784 γὰρ
1190 1713 1223 1782 ἠ
1260 1710 1327 1782 σὴ
1352 1710 1614 1781 σύλληψις
1626 1711 1723 1778 τῆς
1744 1709 2045 1780 παρθενίας

463 1813 756 1882 ἀφαίρεσις
782 1850 797 1872 ,
859 1807 993 1863 ἀλλά
1061 1805 1159 1858 καὶ
1257 1803 1568 1856 τούναντίον
1654 1802 1888 1872 σφραγὶς
1949 1801 2044 1854 καὶ

466 1902 817 1970 συντήρησις.
881 1897 1048 1966 Δέχου
1087 1893 1201 1957 οὖν,
1253 1885 1299 1945 ὦ
1357 1893 1624 1963 Παρθένε,
1681 1893 1743 1945 τὸ
1805 1891 2040 1961 λεχθέν’

465 1993 544 2064 μὴ
609 1991 764 2062 ζήτει
815 1989 876 2042 τὺ
936 1987 1180 2059 σιγηθὲν.
1235 1985 1326 2056 Τῷ
1395 1986 1532 2056 τόκῳ
1604 1983 1868 2055 μαρτυρῶ
1898 1997 1914 2013 ·
1966 1981 2046 2052 τῷ

462 2083 663 2154 πρόπῳ
711 2077 1058 2150 παραχωρῶ.
1106 2075 1376 2144 Ἀγγελος
1447 2074 1594 2146 γὰρ,
1657 2073 1715 2125 οὐ
1793 2072 2047 2126 διδάσκα-

461 2176 555 2240 λός
616 2191 700 2228 σοι
751 2174 852 2243 τῆς
900 2169 1217 2240 οἰκονομίας
1275 2165 1518 2238 ἐλήλυθα
1549 2181 1564 2197 ⁶
1629 2166 1878 2228 διάκονος
1951 2164 2046 2218 καὶ

461 2263 642 2336 κήρυξ
687 2263 786 2334 τῆς
827 2261 1166 2330 Δεσποτικῆς
1228 2256 1543 2327 ἀπεστάλην
1597 2255 1918 2326 ἐπιδημίας,
1945 2256 2047 2309 οὐκ

461 2355 758 2428 ἑρμηνεὺς,
789 2352 900 2407 οὐδ’
953 2350 1230 2422 ἐξηγητὴς
1292 2348 1390 2403 τοῦ
1436 2349 1882 2418 προστάγματος.
1917 2346 2047 2411 Πῶς

460 2447 618 2499 ἔσται
672 2442 852 2510 τοῦτο,
888 2435 1029 2494 οἶδεν
1075 2441 1237 2503 αὐτὸς
1285 2440 1314 2493 6
1371 2440 1586 2509 παρών·
1624 2439 1706 2492 ὅτι
1754 2437 2040 2507 πάρεστιν,
2077 2424 2117 2476 Β

463 2536 770 2605 ἐπίσταμαι
799 2550 816 2566 ·
864 2531 958 2586 τὸν
1022 2531 1080 2584 δὲ
1118 2531 1322 2602 τρόπον
1375 2529 1596 2598 λέγειν,
1650 2528 1713 2582 οὐ
1753 2526 2038 2598 δύναμαι.]

459 2626 709 2695 Πνεῦμα
734 2624 906 2694 ἅγιον
937 2623 1332 2677 ἐπελεύσεται
1379 2620 1480 2675 ἐπὶ
1527 2621 1604 2675 σὲ
1632 2619 1755 2689 (καὶ
1787 2618 2041 2688 δύναμις

473 2720 771 2788 ’Υψίστου
823 2715 1164 2770 ἐπισκιάσει
1200 2714 1347 2784 σοι).
1388 2713 1486 2785 [Οὐ
1516 2712 1626 2784 γὰρ
1683 2711 1896 2781 ἀνδρὸς,
1924 2709 2040 2764 ἀλλ’

460 2811 625 2879 ἁγίου
661 2808 978 2879 Πνεύματος
1023 2809 1058 2878 ἡ
1102 2807 1412 2872 ὲπὲλευσις,
1445 2806 1540 2858 καὶ
1572 2804 1742 2874 αὐτῆς
1791 2803 1891 2872 τῆς
1942 2802 2038 2856 τοῦ

469 2900 733 2972 ’Υψίστου
763 2899 1044 2968 δυνάμεως
1066 2899 1101 2968 ἡ
1115 2897 1446 2960 ὲπισκίασις.
1467 2894 1541 2948 Τὸ
1568 2895 1666 2965 μὲν
1685 2890 1779 2948 οὖν
1794 2892 2038 2963 Πνεῦμα,

457 2995 652 3064 φησὶν,
676 2989 1054 3062 ἐπελεύσεται]
1088 2989 1474 3060 προοδοποιοῦν
1509 2988 1587 3058 τῷ
1613 2988 1728 3058 Υἱῷ
1778 2987 1878 3056 τὴν
1925 2986 2041 3038 εἵσ-

457 3087 582 3140 οδον
631 3085 724 3139 καὶ
779 3081 1133 3154 προενοικοῦν
1188 3082 1282 3136 καὶ
1338 3081 1710 3153 προκαθαίρον
1775 3078 1922 3146 αὐτῷ
1950 3077 2041 3132 τὸν

451 3175 728 3244 Θάλαμον,
794 3172 996 3242 μᾶλλον
1043 3171 1100 3224 δὲ
1155 3171 1252 3224 καὶ
1303 3169 1813 3240 προσκαλλωπίζσν,
1855 3169 1905 3222 εί
1947 3166 2040 3220 καὶ

451 3266 908 3340 προκεκάθαρται
930 3265 1026 3318 καὶ
1051 3261 1620 3335 προκεκαλλώπισται.

533 3528 646 3584 Καὶ
670 3527 928 3596 δύναμις
970 3526 1266 3595 Ὑψίστου
1292 3523 1638 3578 ἐπισκιάσει
1678 3537 1775 3576 σοι
1806 3537 1821 3553 ⁸
1853 3520 2035 3587 τοῦτο,

454 3623 559 3675 καὶ
581 3624 609 3674 6
651 3620 778 3684 Υἱὸς
807 3621 926 3690 ἃμα
969 3618 1064 3672 καὶ
1089 3619 1118 3670 6
1151 3618 1343 3686 Πατήρ
1374 3632 1389 3647 ο
1425 3617 1454 3668 6
1493 3616 1614 3686 μὲν,
1645 3616 1680 3684 ή
1732 3613 1983 3682 δύναμις,
2012 3615 2041 3667 6

457 3713 594 3776 Υίός
624 3729 640 3746 ’
687 3715 716 3766 6
772 3712 852 3775 δὲ,
887 3705 1060 3780 οὗπερ
1097 3712 1132 3780 ὴ
1181 3709 1435 3777 δύναμις,
1470 3709 1499 3760 6
1531 3707 1746 3778 Πατήρ.
1785 3705 2040 3775 Χριστὸς
2064 3749 2110 3812 C

454 3808 576 3876 γὰρ
616 3804 762 3859 Θεοῦ
794 3803 1049 3871 δύναμις
1082 3801 1180 3855 καὶ
1211 3799 1361 3855 Θεοῦ
1387 3799 1594 3868 σοφία.

536 3897 646 3949 Καὶ
682 3893 1032 3949 ἐπισκιάσει
1081 3909 1184 3947 σοι
1218 3907 1232 3921 ·
1273 3893 1508 3945 σκιάσει’
1543 3889 1644 3962 μὲν
1688 3889 1752 3944 τὸ
1789 3888 2040 3961 Πνεῦμα,

461 3986 780 4042 ἐπισκιάσει
806 3986 861 4039 δὲ
904 3986 1054 4048 Υἱὸς,
1093 3982 1344 4052 καθάπερ
1372 3982 1914 4053 ὲσκιαγραφημένοις
1959 3998 2042 4033 τι·

460 4081 557 4132 σἰν
581 4078 680 4149 ήδη
721 4076 874 4148 παρὰ
904 4075 1000 4129 τοῦ
1030 4073 1347 4144 Πνεύματος
1378 4075 1492 4136 τοῖς
1521 4073 1857 4144 χαρίσμασιν
1913 4074 2038 4126 ἐπι-

458 4171 675 4224 ϐάλλων
697 4171 790 4223 καὶ
808 4169 947 4223 αὐτὰ
966 4167 1036 4220 τὰ
1065 4167 1352 4238 χρώματα,
1384 4164 1524 4218 αὐτὰ
1547 4166 1605 4218 δὲ
1633 4165 1831 4219 ἑαυτοῦ
1862 4165 2041 4218 πάντα

456 4263 535 4316 τὰ
577 4262 822 4332 πατρικὰ
846 4259 1205 4331 γνωρίσματα
1225 4275 1240 4290 ι
1273 4258 1306 4329 ἢ
1341 4258 1435 4311 καὶ
1466 4255 1566 4329 τὴν
1587 4257 1814 4310 ἀθέατον
1844 4255 2038 4323 αὑτοῦ,

456 4354 621 4424 φησὶ,
654 4353 870 4423 μορφὴν
913 4353 971 4405 ὲν
1003 4351 1085 4404 σοὶ
1137 4351 1233 4404 καὶ
1270 4349 1515 4413 σκιωδῶς
1553 4350 1911 4420 περιγράψει,
1944 4350 2039 4403 καὶ

451 4445 524 4497 τὸ
553 4443 675 4497 καθ’
707 4444 852 4513 ἡμᾶς
868 4444 927 4496 ὲν
951 4441 1034 4494 σοὶ
1067 4440 1485 4511 μορφωθήσεται
1509 4456 1524 4472 ⁸
1548 4442 1581 4512 ἢ
1608 4443 1702 4494 καὶ
1740 4444 1774 4512 ὴ
1799 4441 1894 4494 τοῦ
1921 4444 2036 4494 Πα-

449 4534 590 4607 τρδς
622 4534 762 4605 αὑτὴ
793 4533 1050 4604 σφραγὶς,
1078 4534 1140 4585 τὸ
1172 4531 1537 4602 ἀπαύγασμα,
1567 4533 1630 4585 τὸ
1653 4532 2032 4603 ἀποσκίασμα,

453 4629 568 4682 κάν
609 4628 694 4680 σοὶ
715 4625 1236 4696 διασημανθήσεται,
1263 4625 1441 4686 πασας
1463 4623 1600 4694 ὁμοῦ
1623 4625 1724 4686 τὰς
1755 4625 2030 4695 πατρικάς

451 4718 744 4788 ἐνεργείας
794 4717 971 4770 εῐτουν
1026 4715 1182 4779 σκιὰς
1249 4715 1345 4768 καὶ
1388 4716 1518 4777 τοὺς
1568 4715 1923 4786 χαρακτῆρας
1973 4717 2035 4767 ὲν

451 4811 642 4880 ἐαυτῷ
697 4808 1008 4881 περιφέρων
1063 4806 1182 4878 [καὶ
1220 4807 1310 4870 σὸς
1343 4806 1542 4871 Υἱὸς,ό
1591 4806 1688 4860 καὶ
1739 4805 1836 4858 τοῦ
1888 4804 2025 4858 Θεοῦ

453 4903 556 4956 καὶ
577 4900 790 4972 Πατρδς
815 4903 963 4967 Υἱὸς,
990 4900 1274 4970 γινόμενος
1297 4901 1390 4953 καὶ
1415 4896 1804 4971 καλούμενος.]

531 5075 627 5133 IZ'.
672 5077 834 5131 Ἀλλὰ
877 5075 1072 5129 σκόπει
1129 5085 1224 5145 μοι
1273 5076 1374 5146 τὴν
1414 5075 1722 5146 ἀκρίϐειαν.
1767 5073 1874 5128 Τοῦ
1931 5075 2038 5146 μὲν

453 5169 799 5241 Πνεύματος,
834 5169 1018 5237 φησὶν,
1043 5169 1078 5238 ἡ
1107 5168 1408 5229 ὲπέλευσις,
1447 5170 1585 5238 μόνη
1605 5168 1639 5237 ἡ
1664 5166 1805 5220 κατὰ
1843 5167 2031 5237 σχέσιν

452 5259 725 5331 ἔλλαμψις
753 5274 766 5288 °
801 5260 834 5329 ἡ
867 5259 924 5311 δὲ
969 5257 1064 5310 τοῦ
1097 5256 1227 5310 Υἱοῦ
1267 5261 1361 5309 καὶ
1413 5256 1747 5319 ὲπισκίασις,
1778 5257 1947 5326 ἥγουν
1999 5259 2032 5328 ἡ

451 5353 581 5406 κατ’
611 5351 798 5404 οὐσίαν
827 5349 1064 5421 οἴκησις,
1096 5349 1128 5419 ἢ
1181 5350 1274 5402 καὶ
1313 5351 1345 5419 ἡ
1382 5348 1480 5418 τῆς
1508 5349 1710 5418 σαρκὸς
1735 5348 2028 5419 ἀνάληψις.

449 5445 558 5499 Διό
582 5443 678 5497 καὶ
725 5443 795 5497 τὸ
834 5443 1208 5512 γεννώμενον
1262 5440 1434 5508 ἅγιον
1481 5439 1850 5506 κληθήσεται
1899 5441 2030 5507 Υἱὸς

451 5534 630 5589 Θεοῦ.
661 5535 736 5588 Οὐ
767 5534 854 5588 διὰ
879 5534 977 5604 τὴν
1012 5532 1134 5586 καθ’
1160 5532 1458 5585 ὑπόστασιν
1498 5532 1658 5600 μόνον
1691 5531 1905 5596 ἕνωσιν,
1938 5533 2032 5586 καὶ

2144 1167 2376 1223 rumque
2406 1169 2612 1224 auspex
2638 1155 2905 1224 angelus?
2935 1153 3095 1226 [Vide
3127 1157 3406 1224 quomodo
3433 1170 3464 1208 a
3497 1152 3722 1224 Virgine

2143 1244 2515 1299 dubitationes
2562 1246 2742 1314 abigat
2797 1245 2873 1317 et]
2919 1249 3196 1314 quomodo
3256 1247 3720 1301 incontaminatas

2144 1338 2248 1408 ipsi
2282 1339 2502 1406 nuptias
2543 1339 2982 1408 ineli‘abilemquc
3019 1353 3237 1410 partum
3293 1346 3373 1412 [et
3414 1343 3722 1410 incompre-

2144 1429 2468 1484 bensibilem
2507 1429 2752 1499 ejusdem
2797 1431 3088 1502 rationem]
3120 1433 3276 1500 quasi
3313 1433 3584 1501 interpres
3623 1446 3722 1486 ex-

2143 1531 2333 1591 ponat,
2356 1537 2419 1576 ac
2451 1521 2774 1592 mysterium
2807 1521 2972 1577 simul
3001 1522 3287 1577 Trinitatis
3321 1539 3442 1595 eam
3469 1523 3719 1577 edoceat.

2149 1613 2342 1685 [Nibi|,
2368 1614 2566 1682 inquit,
2593 1629 2732 1682 Opus
2760 1623 2844 1669 est
2873 1614 3029 1679 viro;
3067 1630 3244 1684 neque
3273 1616 3419 1668 enim
3473 1624 3566 1668 tua
3591 1629 3718 1669 cum

2146 1707 2268 1761 aliis
2294 1706 2639 1771 mulieribus,
2696 1706 2858 1761 sicuti
2901 1721 3001 1760 nec
3023 1722 3146 1775 qua:
3183 1715 3312 1761 sunt
3359 1705 3451 1759 lilii
3490 1705 3565 1759 tui
3593 1719 3718 1758 cum

2146 1797 2266 1850 aliis
2282 1797 2425 1861 liliis,
2445 1797 2742 1866 quidquam
2760 1811 3054 1852 commune
3075 1797 3298 1851 habent.
3319 1794 3720 1864 Conceptiotua

2147 1890 2292 1944 baud
2321 1905 2452 1944 sane
2481 1891 2815 1960 virginitatis
2842 1898 2925 1943 est
2944 1888 3130 1952 furnis,
3151 1890 3246 1943 sed
3269 1904 3300 1942 e
3327 1902 3594 1942 converso
3619 1886 3722 1940 ob-

2147 1979 2381 2048 signatio
2421 1981 2604 2048 potius
2657 1991 2711 2034 et
2752 1979 3022 2036 custodia.
3061 1980 3210 2034 Tene
3241 1979 3429 2050 igitur,
3463 1994 3496 2032 o
3528 1977 3719 2046 Virgo,

2147 2067 2291 2136 quod
2324 2068 2417 2122 tibi
2451 2069 2785 2135 revelatum;
2817 2069 2961 2138 quod
2994 2069 3211 2123 silentio
3246 2078 3331 2124 est
3355 2069 3709 2127 obvolutum.

2147 2172 2217 2214 ne
2255 2174 2488 2227 quaeras.
2521 2159 2594 2213 De
2629 2168 2782 2229 partu
2817 2160 2976 2214 iidem
3019 2158 3192 2225 iacio;
3228 2159 3297 2214 de
3342 2161 3504 2213 modo
3541 2157 3722 2212 dicere
3803 2147 3807 2150 ’

2149 2250 2324 2305 mitto.
2353 2249 2588 2306 Nuntius
2632 2253 2776 2306 enim
2827 2252 2920 2307 tibi
2969 2251 3419 2321 dispensationis,
3457 2267 3566 2306 non
3599 2265 3723 2304 ma-

2149 2343 2316 2413 gister
2355 2344 2504 2397 veni:
2535 2343 2786 2398 minister
2804 2351 2859 2398 et
2900 2357 3078 2412 praeco
3122 2343 3393 2398 Dominici
3449 2341 3721 2396 adventus

2146 2433 2346 2488 missus
2371 2448 2516 2499 sum,
2550 2448 2658 2486 non
2683 2434 2974 2502 interpres,
2998 2449 3174 2503 neque
3206 2435 3530 2503 explanator
3555 2447 3716 2485 man-

2146 2523 2277 2579 dati.
2302 2522 2592 2587 Quomodo
2611 2522 2854 2577 i‘uturum
2881 2523 2936 2578 id
2967 2524 3059 2589 sit,
3081 2527 3230 2580 novit
3259 2524 3376 2593 ipse
3403 2524 3498 2593 qui
3524 2507 3677 2576 adest
3703 2539 3718 2575 :

2145 2629 2270 2669 nam
2328 2615 2520 2670 adesse
2573 2631 2722 2680 eum,
2753 2625 3096 2686 perspectum
3143 2617 3349 2682 habeo;
3385 2625 3440 2670 at
3496 2614 3719 2669 modum

2144 2707 2380 2772 edicere,
2406 2707 2538 2760 inibi
2564 2723 2669 2762 non
2703 2706 2988 2779 suppetit].
3025 2706 3261 2776 Spiritus
3292 2717 3510 2762 sanctus
3536 2722 3723 2774 super-

2145 2796 2310 2849 veniet
2350 2797 2402 2849 iu
2429 2806 2478 2849 te
2517 2796 2585 2862 (et
2615 2798 2784 2850 virtus
2829 2796 3098 2850 Altissimi
3144 2796 3474 2850 obumbrabit
3505 2796 3600 2848 tibi
3630 2794 3721 2865 ﬂ).

2145 2885 2283 2959 [Non
2310 2887 2455 2942 enim
2479 2887 2600 2951 viri,
2640 2888 2733 2944 sed
2760 2887 2998 2958 Spiritus
3025 2889 3198 2943 sancti
3228 2888 3333 2942 erit
3357 2890 3642 2952 adventus,
3670 2896 3727 2942 et

2144 2979 2320 3050 ipsius
2387 2979 2610 3034 virtutis
2678 2980 2948 3035 Altissimi
3008 2979 3378 3034 obumbratio.
3441 2979 3720 3048 Spiritus,

2143 3086 2274 3140 ergo
2318 3071 2513 3140 inquit,
2548 3071 2919 3143 superveniet]
2976 3071 3069 3141 qui
3128 3070 3270 3124 Filio
3324 3070 3469 3124 viam
3513 3071 3724 3139 ingres-

2144 3177 2373 3231 sumque
2406 3171 2690 3231 prwparet,
2733 3179 2798 3218 ac
2839 3164 2988 3232 prior
3011 3164 3066 3217 in
3107 3171 3160 3217 te
3198 3163 3378 3228 sistat,
3407 3170 3520 3216 tum
3550 3161 3724 3216 thala-

2050 3288 2066 3294 -
2144 3271 2292 3308 mum
2327 3255 2406 3309 illi
2440 3255 2798 3324 praamundet,
2827 3271 2924 3311 seu
2970 3255 3154 3325 potius
3198 3254 3310 3324 jam
3357 3263 3517 3309 antea
3557 3269 3723 3308 mun-

2141 3346 2328 3400 datum
2389 3355 2445 3400 et
2485 3355 2810 3401 exornatum
2865 3345 3223 3416 splendidiori
3269 3345 3452 3401 adhuc
3519 3344 3723 3401 decore

2141 3447 2391 3492 exornet.

2214 3529 2283 3582 Et
2305 3529 2474 3583 virtus
2505 3527 2772 3582 Altissimi
2802 3527 3138 3582 obumbrabit
3154 3528 3286 3594 tibi;
3318 3528 3372 3583 id
3416 3534 3524 3593 est,
3549 3536 3603 3582 et
3633 3515 3746 3581 Fi:

2141 3619 2248 3676 lius
2295 3620 2460 3675 simul
2504 3629 2562 3675 et
2622 3618 2815 3684 Pater;
2845 3619 3019 3675 Filius
3065 3629 3151 3675 est
3201 3619 3370 3683 enim,
3401 3619 3494 3689 qui
3547 3619 3725 3674 virtus

2144 3705 2486 3780 appellatur;
2522 3710 2685 3766 Pater
2723 3725 2874 3778 vero,
2900 3712 3060 3781 cujus
3120 3711 3212 3767 ille
3273 3712 3450 3766 virtus
3498 3710 3720 3765 dicitur.

2141 3797 2278 3854 Nam
2312 3799 2556 3854 Christus
2580 3799 2677 3854 Dei
2709 3801 2874 3854 virtus
2903 3811 2981 3854 est
3021 3809 3071 3854 et
3101 3801 3190 3855 Dei
3226 3800 3496 3870 sapientia
3543 3799 3608 3852 ⁸⁸.
3651 3797 3723 3851 Et

2143 3891 2474 3946 obumbrabit
2529 3893 2625 3945 tibi
2691 3909 2712 3948 :
2780 3893 3136 3948 obumbrabit
3195 3901 3250 3947 te
3310 3893 3529 3962 quidem
3597 3888 3725 3960 Spi-

2143 3985 2282 4040 ritus
2340 3993 2599 4052 sauctus,
2659 3985 2752 4041 sed
2795 3986 3144 4042 obumbrabit
3183 3995 3237 4040 et
3293 3983 3484 4050 Filius,
3534 3983 3725 4054 gratia:

2142 4077 2300 4132 donis
2349 4077 2463 4146 jam
2518 4091 2549 4132 a
2610 4077 2818 4147 Spiritu
2883 4078 3288 4148 quodammodo
3364 4075 3712 4132 adumbratis

2139 4169 2303 4223 etiam
2332 4183 2465 4223 suos
2490 4169 2608 4238 (per
2626 4168 2707 4239 se)
2741 4168 3009 4237 adjiciens
3061 4169 3293 4230 colores,
3320 4167 3469 4237 ipsas
3527 4167 3722 4237 utique

2140 4277 2168 4315 a
2223 4261 2378 4316 Patre
2429 4269 2680 4330 acceptas
2727 4261 2812 4315 sui
2865 4261 3040 4330 ipsius
3073 4260 3433 4330 proprietates
3477 4272 3717 4326 omnes;

2141 4370 2235 4411 seu
2293 4353 2482 4416 etiam,
2535 4353 2735 4423 inquit,
2779 4351 3112 4407 invisibilem
3165 4366 3324 4407 suam
3371 4350 3601 4405 formam
3663 4351 3719 4404 in

2141 4457 2193 4502 te
2246 4444 2482 4514 quadam
2547 4444 2694 4496 velut
2755 4445 2948 4497 umbra
2991 4441 3425 4503 circumscribet,
3471 4432 3717 4494 nostram
3757 4481 3760 4484 .

2141 4538 2349 4593 scilicet
2378 4537 2610 4590 formam
2651 4535 2706 4589 in
2764 4545 2815 4589 te
2859 4546 3136 4600 assumet;
3174 4549 3270 4589 seu
3307 4533 3494 4596 etiam,
3538 4531 3717 4600 ipsum

2137 4629 2316 4684 Patris
2361 4627 2727 4698 signaculum,
2757 4625 3016 4696 splendor
3053 4625 3118 4689 ¹⁹,
3171 4622 3516 4680 adumbratio
3552 4621 3716 4676 etiam

2136 4721 2189 4774 in
2237 4728 2288 4774 te
2321 4718 2779 4784 manifestabitur,
2807 4732 3000 4772 omnes
3039 4716 3243 4786 pariter
3294 4723 3553 4784 paternas
3594 4712 3716 4767 vir-

2137 4818 2278 4865 tutes
2306 4851 2321 4875 ,
2380 4824 2478 4865 seu
2525 4810 2753 4864 umbras
2819 4816 2986 4879 atque
3048 4807 3380 4863 lineamenta
3427 4806 3484 4860 in
3525 4805 3713 4876 seipso

2135 4897 2530 4954 circumferens
2560 4897 2636 4970 [et
2683 4898 2826 4954 tilius
2883 4908 3011 4954 tuus
3051 4899 3322 4954 exsistens
3367 4905 3424 4952 et
3456 4905 3712 4964 vocatus,

2061 4991 2235 5062 uni
2265 4993 2426 5045 etiam
2489 4991 2582 5045 Dei
2627 5007 2692 5046 ac
2745 4989 2926 5046 Patris
2993 4999 3078 5046 est
3119 4988 3339 5058 Filius].

2199 5081 2358 5136 XVII.
2393 5081 2593 5138 Verum
2627 5083 2855 5150 inspice,
2884 5097 3094 5152 quaeso,
3136 5089 3458 5138 accuratum
3498 5096 3713 5138 sermo-

2129 5190 2276 5229 nem.
2319 5174 2504 5228 Sancti
2570 5173 2826 5243 Spiritus,
2869 5174 3068 5244 inquit,
3104 5175 3376 5231 adventus
3438 5174 3721 5230 illumina-

2129 5268 2332 5320 tiunem
2391 5265 2772 5319 tantummodo
2818 5265 2952 5320 dicit
2991 5281 3087 5336 per
3127 5267 3372 5321 habitum
3405 5265 3714 5331 ;advcntus

2127 5372 2259 5412 vero
2298 5357 2416 5412 Filii
2449 5366 2533 5412 est
2564 5366 2823 5426 praeterea
2869 5357 3243 5423 obumbratio,
3280 5357 3534 5413 videlicet
3558 5356 3719 5410 inha-

2137 5449 2329 5504 bitatio
2373 5449 2675 5504 secundum
2735 5450 3146 5518 substantiam,
3197 5467 3292 5506 seu
3364 5450 3480 5520 ipsa
3544 5449 3713 5504 etiam

2137 5540 2319 5594 carnis
2377 5540 2702 5610 assumptio.
2737 5538 2965 5610 Ideoque
3004 5539 3066 5595 ‘et
3122 5541 3260 5610 quod
3305 5543 3548 5596 nascitur
3580 5557 3712 5594 san-

449 5627 548 5682 δεὰ
579 5628 676 5699 τὴν
710 5628 852 5682 κατὰ
898 5627 1060 5697 χάριν
1111 5623 1307 5678 θέωσιν
1335 5625 1364 5677 6
1393 5624 1556 5688 αὐτὸς
1604 5625 1697 5677 καὶ
1735 5623 1862 5687 Υἱὸς
1890 5622 2027 5676 Θεοῦ

2139 5637 2298 5694 clum,
2334 5629 2606 5683 vocabitur
2642 5629 2818 5686 Filius
2848 5631 2940 5684 Dei
2981 5633 3050 5685 ὀ.
3083 5630 3223 5686 Tum
3251 5633 3422 5688 Filius
3457 5633 3550 5688 Dei
3583 5641 3700 5686 tum

456 5725 552 5775 ιαὶ
586 5722 712 5785 Υἱὸς
761 5719 1052 5792 ἀνθρώπου
1084 5717 1178 5774 καὶ
1228 5717 1304 5772 ὢν
1354 5716 1452 5771 καὶ
1496 5716 1851 5787 καλούμενος,
1889 5715 2026 5770 ἀλλὰ

2139 5717 2304 5775 Filius
2348 5721 2586 5777 hominis
2644 5721 2758 5793 ipse
2787 5732 2841 5778 ct
2877 5731 2961 5779 est
2997 5733 3052 5779 et
3093 5733 3340 5792 vocatur,
3374 5740 3482 5782 non
3523 5723 3710 5782 solum

538 5902 578 5933 "
610 5899 746 5957 Luc.
785 5917 826 5967 ι,
875 5900 963 5956 55.
1047 5902 1088 5933 ³⁸
1122 5899 1141 5954 Ι
1171 5899 1298 5954 Cor.
1326 5915 1363 5966 l,
1397 5899 1490 5956 24.
1567 5900 1608 5932 ¹⁹
1669 5897 1832 5956 Hebr.
1884 5915 1922 5967 l,
1959 5899 2012 5954 5.

2158 5899 2293 5960 Luc.
2327 5921 2365 5970 ι,
2426 5902 2518 5958 55.
