4164 6410
576 436 683 500 827
1822 425 2144 487 ῙΟΑΝΝΙΞ

2240 421 2612 484 EOMETR/E
3711 421 3808 481 8‘28

573 554 795 617 propter
850 546 1107 600 unionem
1171 543 1470 599 secundum
1527 538 1862 609 ltypostasim
1928 553 1994 592 ac
2046 552 2143 606 per

2257 536 2353 588 καὶ
2375 534 2461 587 διὰ
2496 534 2595 603 τὴν
2626 533 2736 585 τῶν
2777 532 3058 602 ὀνομάτων
3093 530 3446 593 ἁντίπτωσιν,
3476 530 3549 592 ὡς
3593 548 3684 585 του
3725 537 3813 603 μὲν

571 639 974 694 όεὶἣροιίυηοηι
1000 637 1300 692 secundum
1329 634 1579 703 gratiam,
1602 632 1695 685 sed
1717 631 1880 684 etiam
1924 639 2144 698 propter

2256 626 2543 694 ἀνθρώπου
2577 625 2836 687 πολλάκις
2882 624 2941 677 τὸ
2970 624 3064 676 τοῦ
3108 624 3269 691 φύσει
3294 621 3453 682 Θεοῦ.
3483 624 3574 675 τοῦ
3610 624 3664 675 δὲ
3692 626 3814 679 Θεοῦ

574 730 898 783 idiomatnm
946 724 1705 787 communicationem;adeo
1740 731 1799 776 ut
1849 731 1903 774 et
1940 721 2144 774 homini

2254 716 2316 769 τὸ
2341 716 2433 769 τοῦ
2479 714 2638 782 φύσει
2688 715 3024 783 καλουμένου
3060 713 3220 766 πάλιν
3251 711 3539 782 ἀνθρώπου
3597 712 3683 765 διὰ
3725 714 3812 783 τὴν

572 832 812 887 ροισειερε
829 818 1287 885 tribuantur,qu:e
1308 824 1503 868 natura
1521 827 1620 866 sua
1633 820 1762 867 sunt
1783 810 1873 864 Dei
1906 809 2143 879 pr0pria,

2255 808 2434 878 ἄκραν
2472 806 2667 860 ἕνωσίν
2695 824 2755 859 τε
2776 808 2871 859 καὶ
2900 804 3296 875 περιχώρησιν.

571 915 626 959 ct
666 908 901 961 vicissim
954 906 1084 970 Deo,
1116 921 1237 973 qnze
1272 913 1465 973 suapte
1500 912 1693 956 natura
1756 911 1886 957 sunt
1942 899 2163 970 propria
2202 898 2466 962 hominis,
2520 897 2837 983 videlicetet
2875 905 3094 969 propter
3147 894 3509 950 arctissimam
3572 894 3810 951 unionem

569 1010 626 1052 et
656 1006 875 1066 propter
904 998 1503 1052 cireuminscssionem.

636 1089 825 1143 XVIII.
859 1089 1124 1162 [Curnam
1162 1106 1289 1145 vero
1331 1090 1604 1161 (angelus)
1663 1105 1774 1144 non
1817 1088 1977 1154 dixit,
2005 1087 2144 1156 quod

2318 1087 2425 1140 ΠΡ.
2458 1084 2583 1157 [Διὰ
2609 1084 2661 1138 τί
2688 1084 2747 1138 δὲ
2771 1084 2871 1137 οὐκ
2898 1079 3041 1148 εἷπε,
3066 1078 3133 1136 τὸ
3156 1082 3532 1153 γεννώμενον
3550 1084 3664 1137 ὑπὸ
3684 1085 3810 1149 σοῦ,

567 1191 851 1249 generatur
867 1197 933 1235 ea:
963 1193 1032 1247 te,
1076 1183 1171 1237 sed
1204 1182 1548 1251 simpliciter,
1578 1184 1717 1252 quod
1749 1190 2028 1251 generatur
2063 1179 2144 1232 ¹¹Ἱ

2246 1178 2359 1232 ἀλλ’
2391 1179 2597 1242 ἁπλῶς,
2628 1178 2693 1230 τὸ
2731 1175 3151 1245 τεννώμενον;
3189 1176 3313 1228 ’Ότι
3362 1170 3525 1235 οἶδεν,
3561 1178 3658 1229 οὐκ
3705 1177 3801 1230 ἀπὸ

569 1270 707 1335 Quia
736 1282 982 1335 noverat,
1016 1287 1124 1327 non
1158 1273 1426 1335 innlieris,
1455 1274 1549 1328 sed
1584 1274 1799 1341 proprie
1839 1286 1906 1326 ac
1938 1270 2144 1340 prima-

2245 1270 2528 1338 γυναικὸς,
2550 1269 2668 1323 ἀλλ’
2708 1269 2816 1323 ἀπὸ
2847 1269 3037 1339 ἀνδρὸς
3073 1266 3279 1338 κυρίως
3317 1269 3413 1319 καὶ
3444 1266 3675 1334 πρώτως
3718 1271 3812 1338 τὴν

569 1364 654 1416 rio
688 1362 789 1416 viri
817 1378 940 1419 esse
982 1366 1409 1434 generationem.
1456 1367 1517 1420 Et
1573 1382 1705 1421 sane
1752 1365 1921 1434 patris
1948 1372 2027 1419 est
2054 1378 2144 1432 3c-

2247 1363 2520 1433 γέννησιν.
2552 1362 2661 1415 Καὶ
2683 1362 2849 1432 γεννᾷ
2880 1362 2978 1431 μὲν
3003 1364 3031 1414 ὁ
3065 1359 3273 1430 πατὴρ,
3300 1362 3333 1430 ἡ
3360 1359 3417 1412 δὲ
3439 1360 3623 1429 μήτηρ
3649 1361 3808 1413 διαδε-

570 1466 796 1520 nerare;
823 1456 1014 1510 matris
1065 1470 1216 1523 vero,
1254 1469 1377 1510 cum
1429 1457 1714 1525 receperit,
1743 1456 2142 1525 generationem

2251 1452 2479 1523 χομένη,
2494 1451 2809 1522 τελεσφορεῖ
2826 1452 2918 1505 καὶ
2934 1452 3165 1521 προάγει
3194 1450 3292 1521 τὴν
3315 1452 3588 1519 γέννησιν.
3612 1450 3705 1505 Ἰν’
3730 1446 3814 1505 οὖν

568 1547 635 1599 ad
671 1545 833 1601 ﬁnem
864 1549 1185 1615 perducere,
1222 1559 1386 1618 atque
1415 1549 1466 1603 in
1518 1550 1693 1603 lucem
1745 1549 1925 1603 edere.
1960 1546 2144 1615 Itaque

2256 1547 2393 1613 μήτε
2431 1544 2540 1596 ἀπὸ
2581 1543 2786 1613 ταύτης
2831 1544 2973 1607 ὅλον,
3027 1544 3165 1613 μήτε
3199 1542 3256 1595 δὲ
3293 1542 3387 1597 καὶ
3426 1542 3535 1595 ἀπὸ
3599 1543 3811 1614 πατρὸς,

568 1644 630 1689 ut
682 1638 1018 1704 ostenderet,
1051 1641 1255 1708 prolem
1302 1639 1470 1703 illam.
1506 1650 1854 1708 generantem
1886 1638 2049 1695 simul
2092 1646 2144 1691 et

2251 1635 2365 1705 ἀλλ’
2397 1632 2492 1703 ἀφ’
2522 1632 2717 1686 ἑαυτοῦ
2744 1632 2891 1703 δείξῃ
2938 1634 2999 1684 τὸ
3031 1633 3298 1702 γέννημα,
3336 1634 3430 1685 καὶ
3466 1634 3811 1702 γεννῶνόμοῦ

567 1729 835 1793 genitam,
869 1742 978 1782 non
1044 1729 1145 1798 ipsi
1200 1730 1455 1798 (Virgini)
1516 1745 1583 1785 ex
1651 1733 1871 1795 integro
1905 1767 1921 1796 ,
1973 1743 2144 1797 neque

2252 1726 2346 1779 καὶ
2400 1723 2759 1793 γεννώμενον,
2785 1723 2873 1776 διὰ
2914 1722 3074 1776 τοῦτο
3109 1721 3285 1786 οὕτως
3348 1720 3561 1795 errrem]
3593 1722 3809 1799 [Πίστις,

566 1818 733 1873 etiam
770 1820 909 1888 patri
949 1821 1323 1889 cuipiam,sed
1343 1822 1869 1891 sibimetipsideberi
1906 1828 1965 1875 ut
1981 1836 2144 1892 gene-

2253 1817 2410 1887 φησὶ,
2434 1810 2601 1869 τῶνδε
2627 1814 2735 1868 τῶν
2752 1814 3108 1882 εὐαγγελίων,
3142 1813 3307 1885 ἔτερα
3330 1810 3625 1882 εὐαγγέλια
3656 1831 3811 1885 προσ-

566 1922 802 1975 raretur,
841 1923 1126 1982 propterea
1169 1914 1249 1968 slc
1273 1915 1488 1969 locutus
1523 1914 1655 1985 est.]
1695 1912 1929 1985 [Fidem,
1969 1913 2144 1981 inquit

2250 1909 2470 1981 εμφερῆ
2521 1909 2616 1963 καὶ
2653 1908 2927 1979 ὑπερφυῆ,
2952 1907 3019 1961 δι’
3043 1907 3177 1979 ἐμοῦ
3203 1908 3297 1961 καὶ
3327 1908 3701 1978 γινωσκόμενα
3729 1906 3814 1962 καὶ

567 1999 872 2071 (angelus),
916 2002 1112 2059 faustis
1143 2002 1293 2059 hisce
1319 2005 1528 2060 nuntiis
1556 2005 1664 2059 alia
1680 2004 1889 2059 faciant
1921 2004 2142 2070 nuntia,

2244 2001 2526 2070 γινόμενα.
2553 1999 2770 2051 Τούτων
2792 1998 2849 2051 δέ
2866 2014 2948 2052 σοι
2979 1998 3131 2069 παρὰ
3162 1998 3373 2052 πολλῶν
3394 1996 3688 2064 ἀπόδειξις,
3717 1997 3813 2052 ἀπὸ

566 2091 723 2146 hisce
745 2093 947 2147 similia
992 2103 1048 2149 et
1085 2095 1355 2151 miraculo
1385 2099 1679 2166 stupenda,
1712 2111 1834 2167 qua:
1862 2111 1958 2166 per
1984 2110 2070 2149 me
2095 2104 2144 2149 et

2244 2096 2339 2149 τοῦ
2378 2094 2665 2162 ὀνόματος.
2690 2086 2798 2144 ἀπὸ
2823 2092 2921 2161 τῆς
2943 2091 3292 2159 συγγενείας,
3319 2090 3429 2144 ἀπὸ
3454 2088 3548 2144 τοῦ
3574 2091 3812 2161 πράγμα-

565 2180 991 2237 tnanifestantur
1029 2194 1083 2239 et
1109 2186 1449 2239 exsecutioni
1494 2186 1916 2241 demandantur.
1941 2184 2144 2238 Horum

2245 2206 2359 2250 τος.
2381 2187 2488 2240 ἀπὸ
2504 2184 2599 2238 τοῦ
2614 2186 2831 2256 χρόνου,
2850 2185 2946 2237 καὶ
2967 2183 3238 2237 ἁπάύτοῦ
3257 2183 3348 2236 τοῦ
3368 2183 3519 2245 θαύμ
3532 2200 3674 2246 ατος.
3694 2183 3811 2238 ’ἰδοῦ

564 2281 745 2325 autem
773 2274 1148 2341 probationem
1181 2256 1469 2346 multiplici
1500 2293 1567 2333 ex
1601 2278 1779 2347 capite
1821 2285 2019 2345 praesto
2052 2275 2144 2329 ha-

2247 2279 2357 2349 γὰρ
2397 2276 2733 2340 Ἐλισάὅετ,
2764 2276 2801 2343 ὴ
2838 2274 3143 2345 συγγενής
3172 2290 3313 2339 σου,
3365 2276 3704 2329 συνέλαϐεν
3747 2275 3811 2329 ἐν

566 2363 683 2424 bes.
724 2364 776 2417 in
810 2367 1051 2432 nomine,
1080 2366 1136 2421 in
1182 2370 1529 2437 cognatione,
1561 2369 1614 2423 in
1648 2386 1706 2425 re
1745 2370 1882 2439 ipsa,
1914 2370 1967 2421 in
2001 2376 2144 2421 tem-

2251 2367 2496 2439 γήρει.ιή
2513 2363 2862 2433 καλουμένη
2885 2365 3110 2431 στείρα·
3129 2364 3382 2418 τοσοῦτον
3396 2365 3477 2427 είς
3489 2360 3599 2429 ἕξιν
3611 2358 3704 2435 ἧκε
3721 2364 3809 2433 τῆς

566 2470 722 2523 pore,
753 2456 806 2509 in
844 2458 965 2527 ipso
985 2458 1206 2514 demum
1239 2461 1508 2530 prodigio.
1539 2461 1678 2515 Ecce
1707 2462 1853 2515 enim
1878 2460 2140 2523 Elisabet,

564 2558 793 2617 cognata
826 2552 1195 2619 tua.concepit
1227 2553 1281 2605 in
1306 2561 1588 2617 senectute,
1621 2569 1739 2623 qua:
1784 2563 2003 2607 vocatur
2037 2560 2144 2605 ste-

566 2640 685 2692 rilis
705 2642 750 2672 “
778 2644 867 2709 (eo
893 2657 1067 2711 usque
1094 2643 1241 2697 enim
1274 2643 1554 2699 indomita
1573 2644 1877 2699 sterilitatis
1907 2644 2145 2699 deverre-

2253 2456 2694 2522 ἁπαιδίας,ὥστε
2728 2455 2823 2509 καὶ
2859 2457 2940 2519 εἰς
2979 2455 3172 2525 κλῆσιν
3198 2456 3336 2526 αὐτῇ
3366 2452 3654 2526 γνώρισμα
3684 2448 3809 2510 εἶναι

2252 2549 2314 2601 τὸ
2333 2546 2624 2617 ἀτύχημα·
2662 2546 2757 2599 καὶ
2795 2545 2862 2616 δὴ
2907 2544 3091 2613 πλέον,
3119 2545 3214 2601 ὅτι
3251 2546 3434 2601 οὐδὲν
3462 2544 3811 2614 ἀδυνατήσει

2253 2639 2416 2708 παρὰ
2435 2635 2706 2709 τῷθεῷ].

566 2739 671 2789 rat.
703 2741 760 2784 ut
802 2732 1163 2787 infortunium
1198 2734 1417 2791 cederet
1438 2736 1487 2790 ci
1516 2736 1568 2790 in
1590 2752 1813 2801 nomen,
1839 2750 1949 2807 quo
1970 2736 2369 2803 deuotaretur),
2426 2741 2501 2798 et,
2556 2728 2705 2802 quod
2764 2729 2931 2786 etiam
2978 2729 3158 2802 majus
3217 2739 3321 2798 est,
3370 2732 3501 2802 quia
3549 2731 3677 2785 nihil
3719 2731 3807 2784 im-

565 2823 813 2890 possibile
845 2825 983 2891 apud
1010 2823 1177 2879 Deum
1192 2824 1280 2897 ⁸³].

640 2916 776 2969 XIX.
812 2918 900 2989 [Et
933 2921 1022 2975 hic
1056 2922 1276 2991 quidem
1326 2924 1623 2993 perpende,
1646 2940 1858 2995 quasso,
1894 2922 2142 2995 Virginis

568 3024 770 3069 mores.
804 3021 858 3065 et
909 3025 1169 3079 quantam
1212 3015 1263 3068 in
1310 3014 1537 3083 juvenili
1581 3018 1874 3073 admodum
1914 3030 2146 3086 corpore

568 3112 619 3154 et
646 3103 841 3158 mentis
872 3113 927 3159 et
961 3107 1188 3174 spiritus
1226 3108 1619 3177 perfectionem
1669 3119 1904 3180 gereret.
1933 3110 2142 3177 Quam-

568 3193 662 3247 diu
703 3194 848 3250 enim
902 3198 1126 3254 suberat
1176 3200 1279 3254 viri
1320 3203 1586 3271 suspicio,
1619 3204 1671 3257 in
1727 3204 2143 3274 conceptionem

568 3285 888 3341 nullatenus
938 3291 1242 3346 consensit.
1287 3292 1392 3347 Sed
1426 3294 1575 3357 licet,
1610 3294 1810 3364 inquit,
1851 3304 1907 3349 tu
1950 3295 2027 3349 sis
2056 3310 2150 3349 ar-

565 3376 887 3447 changelus,
915 3379 1041 3436 licet
1066 3396 1304 3453 superna
1358 3387 1607 3455 quaedam
1639 3387 1772 3441 mihi
1803 3397 1858 3441 et
1899 3388 2147 3442 coelestia

571 3470 763 3524 nuntia
802 3470 1040 3540 deferas,
1064 3484 1118 3529 at
1147 3477 1291 3530 enim
1336 3466 1398 3532 ut
1420 3493 1547 3532 cum
1580 3479 1699 3533 viro
1757 3479 1871 3548 ipsa
1918 3494 2147 3550 congre-

565 3560 709 3629 diar,
743 3566 1164 3636 concipiamque
1196 3583 1263 3624 ac
1302 3568 1537 3639 pariam,
1574 3571 1626 3645 id
1684 3571 2043 3640 impossibile.
2081 3572 2149 3626 At

565 3662 858 3722 postquam
916 3659 1250 3712 commonita
1291 3668 1379 3714 est
1426 3669 1540 3715 tum
1585 3661 1654 3715 de
1690 3662 1865 3715 sancti
1912 3660 2149 3731 Spiritus

565 3740 826 3809 adventu,
854 3753 970 3799 tum
1006 3748 1072 3802 de
1098 3746 1190 3803 Dei
1224 3749 1363 3805 Filio
1399 3750 1454 3805 in
1486 3751 1603 3821 ipsa
1629 3750 2025 3817 inhabitatum,
2055 3770 2148 3809 ac-

567 3836 803 3902 quiescit
831 3838 918 3891 illa
948 3840 1171 3909 quidem
1208 3852 1264 3897 et
1289 3844 1498 3912 credit;
1524 3845 1661 3898 nihil
1692 3847 1837 3899 enim
1874 3842 1983 3900 Deo
2041 3849 2146 3901 im-

567 3927 827 3995 possibile
883 3945 1045 3995 esse;
1092 3946 1268 4001 neque
1334 3943 1516 3989 tamen
1566 3936 1790 3990 inﬂatur
1836 3948 2145 4007 propterea,

567 4029 735 4089 atque
780 4023 1085 4087 extollitur,
1114 4026 1208 4080 sed
1262 4027 1588 4097 deprimitur
1644 4030 1847 4100 potius,
1916 4046 2147 4101 seseque

566 4114 837 4181 demittit;
875 4126 929 4170 et
984 4130 1092 4170 non
1144 4118 1309 4173 modo
1358 4118 1615 4174 ancillam
1667 4135 1726 4175 se
1761 4122 2019 4191 appellat,
2057 4138 2148 4177 ve-

566 4218 710 4269 rum,
756 4217 815 4259 ut
874 4217 1305 4265 consentaneum
1356 4219 1463 4276 est,
1512 4220 1757 4280 paratam
1821 4227 2042 4282 quoque
2087 4229 2147 4269 se

564 4312 688 4352 esse
733 4299 800 4353 ad
837 4299 1203 4356 ministerium
1259 4302 1523 4367 aﬂirmat;
1578 4314 1957 4360 verumtamen
2018 4323 2144 4361 cum

566 4392 903 4459 propositum
941 4409 1142 4450 munus
1164 4410 1224 4450 se
1253 4394 1369 4465 ipsa
1402 4397 1676 4462 sitaltius,
1714 4416 1818 4453 non
1863 4408 1970 4453 tam
2010 4400 2142 4454 illud

2326 2920 2426 2974 IG'.
2465 2918 2635 2991 [Ὅρα
2666 2934 2759 2987 μοι
2788 2915 3073 2974 κάνταῦθα
3110 2918 3210 2987 τῆς
3239 2918 3529 2983 Παρθένου
3574 2919 3633 2971 τὸ
3664 2905 3803 2987 ἦθος,

2252 3011 2348 3065 καὶ
2409 3011 2541 3079 ὅσην
2587 3006 2732 3079 εἶχεν
2780 3013 2837 3064 ὲν
2880 3011 3060 3081 νεαρῷ
3102 3008 3297 3082 κομιδῇ
3344 3011 3422 3081 τῷ
3468 3010 3672 3081 σώματι
3723 3006 3806 3063 καί

2253 3105 2600 3175 φρονήματος
2638 3102 2774 3172 ὁμοῦ
2810 3104 2905 3156 καὶ
2957 3102 3265 3173 πνεύματος
3312 3103 3643 3172 τελειότητα.
3677 3104 3804 3166 Ἕως

2255 3195 2354 3265 μὲν
2402 3195 2509 3265 γὰρ
2543 3194 2736 3261 ἀνδρὸς
2796 3194 3066 3264 ὑπόληψις
3112 3190 3202 3265 ἦν,
3264 3196 3364 3266 τὴν
3424 3196 3683 3266 σύλληψιν
3718 3196 3804 3248 οὐκ

2251 3285 2486 3355 ἐδέχετο.
2551 3284 2710 3337 Ἀλλὰ
2753 3284 2857 3339 κᾶν
2922 3284 3264 3356 ἀρχάγγελος
3311 3283 3378 3359 ᾖς
3409 3327 3425 3351 ,
3487 3289 3618 3358 φησι
3646 3331 3661 3354 ,
3718 3285 3805 3339 κᾶν

2251 3382 2508 3454 ὑπερφυῆ
2561 3380 2650 3452 μοί
2676 3398 2799 3435 τινα
2844 3381 2941 3434 καὶ
2988 3381 3217 3453 οὐράνια
3265 3382 3502 3453 κομίςης
3547 3383 3612 3437 τὰ
3658 3382 3805 3447 εὐαγ-

2250 3474 2428 3543 γέλια,
2458 3475 2573 3529 ἀλλ’
2628 3474 2729 3545 ἐμὲ
2765 3474 2863 3528 καὶ
2920 3472 3078 3544 ἀνδρὶ
3130 3473 3406 3527 συνελθεῖν
3471 3474 3565 3527 καὶ
3628 3474 3804 3526 συλλα-

2250 3565 2368 3619 ϐεῖν
2408 3567 2521 3626 ,καὶ
2578 3567 2778 3630 τεκεῖν,
2814 3566 3119 3635 ἀμήχανον.
3180 3564 3401 3635 Ἐπειδὴ
3455 3565 3515 3618 δὲ
3580 3565 3669 3619 καὶ
3722 3562 3805 3634 τὴν

2250 3655 2555 3723 παρουσίαν
2596 3692 2613 3719 ,
2668 3655 2765 3709 καὶ
2817 3654 2917 3725 τὴν
2973 3644 3248 3724 ἐνοίκησιν
3286 3692 3301 3715 .
3358 3655 3465 3722 τὴν
3549 3655 3646 3723 μὲν
3721 3651 3805 3705 τοῦ

2253 3747 2592 3818 Πνεύματος,
2614 3747 2711 3818 τὴν
2739 3748 2796 3800 δὲ
2828 3745 2924 3801 τοῦ
2959 3748 3088 3800 Υίοῦ
3136 3748 3668 3819 προσευηγγελίσθη,
3694 3746 3801 3799 πεί-

2251 3838 2404 3893 θεται
2456 3840 2558 3910 μὲν
2595 3840 2689 3893 καὶ
2738 3839 3025 3893 πιστεύει·
3056 3840 3224 3909 μηδὲν
3264 3838 3371 3909 γὰρ
3420 3839 3681 3893 ἀδύνατον
3734 3833 3801 3890 εἷο

2250 3949 2338 3985 ναι
2377 3931 2496 4001 Θεῴ
2527 3947 2541 3962 ·
2595 3931 2832 3999 φυσᾶται
2887 3930 2944 3984 δὲ
3003 3932 3097 3984 καὶ
3157 3931 3449 4000 ἐπαίρεται
3519 3931 3639 3984 οὐδὲ
3718 3927 3799 3981 οὖ-

2249 4038 2379 4086 τως,
2417 4020 2549 4075 ἀλλὰ
2589 4021 2926 4074 καταπίπτει
2978 4020 3180 4089 μᾶλλον
3242 4022 3335 4073 καὶ
3388 4020 3800 4073 ὑποστέλλεται·

2249 4112 2346 4165 καὶ
2390 4110 2585 4182 δούλην
2627 4110 2731 4180 μὲν
2754 4110 2955 4181 ἑαυτὴν
2990 4110 3092 4162 οὐκ
3147 4110 3402 4180 ὀνομάζει
3470 4110 3647 4180 μόνον,
3680 4104 3801 4160 ἀλλὰ

2247 4206 2365 4269 καὶ,
2395 4204 2469 4268 ὼς
2515 4206 2682 4267 εἰκὸς,
2719 4204 2943 4275 ἑτοίμην
2983 4201 3125 4258 εἶναι
3170 4204 3317 4272 λέγει
3364 4204 3503 4273 πρὸς
3532 4202 3592 4255 τὸ
3624 4200 3798 4267 ὑπούρ-

2248 4313 2405 4366 γημα
2433 4311 2445 4324 °
2476 4295 2551 4360 ὡς
2580 4295 2636 4348 δὲ
2667 4296 2760 4348 καὶ
2795 4295 2935 4364 ὑπὲρ
2967 4295 3139 4363 αὐτὴν
3167 4294 3247 4360 ὃν,
3274 4295 3334 4348 οὐ
3359 4276 3605 4365 δέχεταί
3626 4292 3803 4364 μᾶλλον

2247 4389 2280 4458 ἢ
2319 4387 2611 4457 ἐπεύχεται
2647 4387 2709 4438 τὸ
2762 4386 3133 4459 ὲπάγγελμα.]
3178 4387 3371 4449 Ἄλλος
3414 4385 3518 4456 μὲν
3572 4385 3661 4438 οὖν
3692 4382 3804 4436 ἄλλο

564 4486 818 4545 assumit,
855 4498 1018 4552 quam
1048 4502 1107 4540 se
1141 4488 1189 4541 ei
1220 4486 1483 4541 famulatu
1499 4504 1612 4542 ram
1643 4506 1765 4544 esse
1807 4490 2143 4561 pollicetur.)

2247 4499 2298 4534 τι
2327 4482 2435 4534 τῶν
2490 4482 2619 4549 περὶ
2668 4481 2876 4549 ταύτην
2942 4479 3043 4549 τὴν
3088 4481 3481 4550 μυσταγωγίαν
3536 4477 3804 4531 ἐπαινείτω

563 4572 666 4626 Alii
696 4575 882 4643 itaque
905 4577 1010 4629 alia
1036 4592 1101 4630 ex
1123 4577 1214 4641 iis,
1245 4592 1367 4646 qua:
1390 4579 1457 4632 ad
1486 4580 1588 4632 hoc
1622 4582 1941 4649 mysterium
1972 4581 2140 4646 perti-

564 4672 715 4728 nent,
741 4665 1066 4720 celebranda
1099 4678 1404 4733 assumant,
1445 4678 1499 4722 et
1536 4667 1779 4739 Virginis
1803 4670 2146 4724 demircntur

564 4752 706 4807 alius
749 4755 967 4823 quidem
1013 4757 1385 4825 prudentiam,
1420 4759 1561 4813 alius
1598 4774 1725 4813 vero
1774 4760 2142 4828 obsequium;

563 4844 728 4906 alius,
759 4846 904 4914 quod
933 4847 1233 4915 splendidis
1268 4850 1405 4903 adeo
1438 4850 1864 4921 ingentibusque
1886 4850 2146 4922 fulgentis

562 4951 627 4990 ac
666 4939 849 5008 magni
929 4940 1245 5011 archangeli
1296 4942 1764 5011 promissionibus
1825 4952 1983 5013 capta
2036 4958 2146 4999 non

561 5026 762 5095 fuerit;
803 5030 963 5096 alius,
997 5033 1143 5101 quod
1180 5047 1286 5087 non
1329 5034 1449 5103 plus
1488 5050 1643 5104 aequo
1692 5051 1722 5089 a
1768 5035 1872 5090 fide
1922 5043 2136 5105 tempe-

561 5122 734 5173 rando
764 5134 882 5176 sese
904 5123 1227 5177 renitentem
1264 5124 1608 5192 exhibuerit;
1647 5125 1741 5181 sed
1770 5126 1993 5196 perinde
2013 5134 2068 5180 ct
2108 5141 2141 5180 a

561 5213 799 5267 seducta:
848 5215 1252 5285 progenitricis,
1305 5216 1451 5283 Evm,
1500 5220 1745 5288 inquam,
1804 5218 2137 5287 imprudenti

560 5302 933 5372 simplicitate,
967 5317 1023 5359 et
1072 5321 1099 5359 a
1136 5323 1341 5376 nupera
1378 5309 1640 5364 increduli
1671 5309 1889 5379 cognati
1924 5306 2139 5363 Zacha-

561 5395 656 5450 riae
701 5396 998 5453 diﬂidentia
1037 5402 1263 5455 caverit.
1292 5404 1533 5471 At_mihi
1570 5403 1714 5457 haud
1747 5403 1997 5457 miranda
2038 5403 2144 5455 mi-

562 5489 918 5560 nus(5),imo
944 5507 1071 5547 vero
1100 5494 1266 5548 etiam
1315 5496 1557 5552 maximo
1609 5511 1722 5566 prae
1761 5495 1987 5567 reliquis
2045 5496 2145 5567 (si-

630 5634 833 5691 “Luc.
874 5652 916 5700 ι,
955 5635 1046 5690 ⁸55.
1124 5637 1170 5669 ’³
1195 5635 1332 5692 Ibid.
1375 5637 1465 5692 56.
1541 5638 1588 5670 ³³
1623 5637 1758 5693 Ibid.
1788 5638 1878 5693 57.

634 5798 712 5872 (ἦ)
765 5798 1043 5853 Sententia
1105 5817 1237 5857 sane
1297 5803 1619 5870 dignissima
1671 5812 1754 5857 est
1793 5818 1956 5872 quam
2018 5815 2132 5870 prae

568 5868 741 5923 oculis
796 5882 1076 5935 nunquam
1114 5887 1221 5926 non
1270 5868 1468 5928 habent
1517 5874 1768 5943 quisquis
1813 5868 1896 5928 'de
1928 5868 2135 5928 sancta:

2249 4574 2344 4628 καὶ
2383 4572 2710 4642 θαυμαζέτω
2760 4573 2858 4642 τῆς
2892 4572 3085 4642 κόρης,
3112 4574 3141 4625 ὁ
3172 4572 3269 4641 μὲν
3304 4572 3403 4641 τὴν
3448 4568 3804 4639 ἀσφάλειαν,ὁ

2243 4664 2301 4717 δὲ
2334 4664 2434 4733 τὴν
2460 4662 2773 4716 εὐπείθειαν
2806 4679 2821 4694 ’
2852 4664 2881 4715 ὁ
2917 4662 3037 4733 μὲν,
3068 4662 3149 4715 ὃτι
3190 4663 3265 4732 μὴ
3323 4661 3656 4731 συνηρπάγη
3681 4657 3803 4725 λαμ·

2245 4758 2411 4827 πραῖς
2439 4756 2580 4809 οὕτω
2618 4757 2714 4810 καὶ
2762 4755 3031 4825 μεγάλαις
3074 4756 3169 4808 καὶ
3210 4756 3362 4826 παρὰ
3415 4752 3670 4826 λαμπροῦ
3720 4748 3804 4803 καὶ

2248 4848 2487 4918 μεγάλου
2507 4847 2602 4902 τοῦ
2619 4847 2964 4918 ἀρχαγγέλου
3008 4848 3128 4910 ταῖς
3159 4847 3520 4917 ὑποσχέσεσιν
3545 4862 3558 4874 ·
3593 4847 3620 4897 ὁ
3658 4842 3700 4895 δ’
3729 4843 3801 4893 ὅτι

2250 4943 2326 5011 μὴ
2369 4942 2511 5011 πέρα
2557 4941 2653 4994 τοῦ
2708 4943 2931 5012 μετρίου
2993 4941 3301 5004 δυσπειθῶς
3364 4942 3636 5012 ἐχρήσατο
3697 4936 3803 4997 ταῖς

2247 5031 2668 5084 ὲναντιώτεσινο
2707 5031 2821 5083 ἀλλ’
2874 5030 3072 5100 ἐπίσης
3122 5029 3359 5098 ἐξέφυγε
3402 5029 3503 5082 καὶ
3532 5031 3631 5096 τῆς
3677 5040 3803 5093 προ·

2240 5123 2465 5193 γονικῆς
2492 5124 2728 5191 ἀπάτης,
2758 5124 2856 5193 τῆς
2886 5121 3050 5187 Εὔας,
3082 5123 3244 5193 φημὶ,
3278 5121 3376 5192 τὴν
3410 5119 3687 5191 εὐήθειαν,
3724 5110 3807 5166 καὶ

2240 5219 2339 5286 τῆς
2375 5218 2703 5286 συγγενικῆς
2755 5215 3141 5279 ἀπιστίαςτοῦ
3181 5214 3453 5285 Ζαχαρίου
3477 5212 3601 5282 πρὸῗ
3626 5201 3805 5280 μικροῦ

2241 5311 2342 5381 τὴν
2368 5310 2672 5365 ἀπείθειαν.
2711 5310 2867 5379 Ἐμοὶ
2885 5310 2942 5364 δὲ
2970 5310 3066 5363 καὶ
3094 5311 3156 5362 τὸ
3177 5309 3311 5380 ὕψος
3343 5309 3441 5378 τῆς
3459 5318 3806 5371 ταπεινοφροο

2245 5402 2410 5471 σύνης
2467 5402 2566 5471 οὐχ
2616 5397 2782 5473 ἦττον
2833 5401 2981 5455 δοκεῖ
3024 5402 3362 5472 θαυμαστὸν,
3395 5400 3514 5453 ἀλλ’
3562 5397 3715 5464 εἴπερ
3761 5406 3805 5441 τι

2243 5495 2353 5549 τῶν
2403 5493 2599 5560 ἀλλων,
2625 5494 3161 5566 ἐκπληκτικώτατον,
3190 5496 3260 5549 δι’
3313 5496 3381 5567 ἢν
3406 5493 3546 5564 τάχα
3587 5489 3679 5545 καὶ
3724 5481 3805 5537 ἐπὶ

2244 5797 2485 5865 Virginis
2514 5794 2892 5864 przerogativis
2921 5795 3126 5862 absque
3153 5791 3356 5847 errm‘is
3405 5786 3645 5865 [reticulo
3669 5781 3796 5865 ilijm

2240 5853 2425 5925 dicare
2454 5853 2626 5934 cu'pit.
2664 5853 2808 5922 Mira
2835 5867 3015 5923 omnia
3043 5853 3282 5929 fuerunt,
3317 5853 3432 5923 ante
3487 5858 3555 5911 ad
3590 5853 3802 5910 Mariam
