4164 6478
598 520 710 588 8‘29

1381 521 1640 582 SERMO
1679 521 1768 583 IN
1801 520 1903 582 SS.
1949 520 2306 582 DEIPARIE
2348 515 3071 585 ANNUNTIATIONEM.

3752 519 3858 580 830

593 632 850 690 τοσοῦτον
909 633 1133 703 ὑψώθη,
1184 631 1278 686 καὶ
1336 632 1473 703 πρὸς
1528 634 1832 705 ὑπουργίαν
1889 633 2170 704 ἀφιερώθη

2278 637 2500 705 quidem
2556 635 2609 688 in
2659 633 2876 703 Virgine
2907 633 3052 687 aliud
3092 642 3202 701 prae
3249 629 3358 685 alio
3404 629 3711 683 mirandum
3765 640 3839 685 stt

592 725 701 780 τοῦ
739 725 1223 790 ταπεινώσαντος
1259 721 1478 777 ἑαυτὸν
1523 722 1696 794 μέχρι
1754 725 1852 777 καὶ
1899 724 2176 792 σώματος

593 813 693 870 καὶ
715 813 998 874 θανάτου.
1035 812 1297 868 θανάτου
1332 813 1401 866 δὲ
1423 816 1708 884 σταιιροῦ.
1745 815 1810 866 Τί
1841 815 1946 886 γάρ
1977 831 2174 885 φησινς

593 905 754 960 Οὕτω
783 905 880 959 τοῦ
915 906 1262 976 ἀρχαγγέλου
1291 907 1386 959 καὶ
1417 907 1719 977 σχημάτων
1758 909 1853 960 καὶ
1906 906 2173 977 ῥημάτων

592 997 858 1069 τυχοῦσα,
901 1001 994 1051 καὶ
1043 999 1457 1069 κεχαριτωμένη
1509 999 1603 1052 καὶ
1653 999 1838 1070 νύμφη
1889 997 2174 1052 ἀκούσασα

590 1091 686 1144 τοῦ
737 1088 900 1156 Θεοῦ,
937 1089 1033 1143 καὶ
1080 1091 1193 1152 τοῖς
1228 1091 1543 1160 λεγομένοις
1589 1091 1949 1157 πιστεύσασα,
1979 1089 2175 1160 δούλην

590 1178 793 1249 ἑαυτὴν
841 1180 994 1249 ὅμως
1017 1179 1174 1234 καλεῖ
1208 1196 1223 1211 ο
1279 1180 1375 1233 καὶ
1418 1183 1516 1251 τὴν
1573 1179 1909 1248 ἐπαγγελίαν
1955 1180 2172 1250 δέχεται

595 1270 697 1339 μὲν
742 1273 839 1325 καὶ
878 1269 1360 1338 συγκατατίθεται,
1404 1271 1480 1334 ὡς
1538 1272 1594 1323 δὲ
1645 1271 1722 1341 μὴ
1771 1273 1892 1324 κατ’
1950 1271 2163 1339 αὐτὴν,

593 1363 733 1415 ἀλλὰ
770 1363 1055 1432 κρείττονα
1115 1364 1211 1416 καὶ
1273 1364 1601 1434 προσδοκίας
1635 1363 1823 1426 οὖσαν,
1857 1364 2168 1434 ἐπεύχεται.

607 1451 764 1506 Ἰδοὺ
811 1452 850 1522 ἢ
908 1451 1099 1520 δούλη
1165 1453 1406 1522 Κυρίου,
1478 1455 1712 1525 γένοιτό
1760 1473 1862 1525 μοι
1896 1456 2048 1510 κατὰ
2102 1457 2172 1511 τὸ

586 1542 757 1613 ῥῆμά
810 1558 949 1599 σου.
1005 1545 1192 1598 Ταῦτά
1244 1562 1328 1598 τοι
1382 1546 1635 1610 κάκεῖνος
1713 1543 1956 1618 ἀπῆλθεν
2008 1547 2171 1613 εὐθὺς

593 1634 692 1690 ἀπ’
743 1635 914 1707 αὐτῆς
964 1638 992 1690 ὁ
1047 1636 1298 1706 ἄγγελος,
1342 1635 1427 1708 [οὑ
1488 1639 1648 1708 μόνον
1680 1639 1990 1710 ἀπαρτίσας
2032 1639 2168 1710 ὅπερ

588 1723 847 1778 ἐδούλετο
881 1769 896 1792 ,
960 1725 1097 1780 ἀλλὰ
1171 1727 1269 1782 καὶ
1315 1727 1748 1801 ὑπερθαυμάσας
1805 1727 1899 1782 τοῦ
1965 1728 2171 1800 παρθε-

595 1813 749 1867 νικοῦ
794 1815 1024 1880 κάλλους
1072 1815 1174 1888 τὴν
1244 1819 1584 1891 ὡραιότητα,
1637 1818 1734 1872 καὶ
1803 1819 1905 1889 τῆς
1967 1819 2169 1890 ἀρετῆς

589 1903 693 1978 τὴν
737 1907 1046 1978 ὑπερϐολὴν
1077 1947 1093 1974 ,
1155 1907 1253 1964 καὶ
1311 1909 1478 1981 μηδὲν
1527 1909 1622 1964 ἐπὶ
1673 1911 1835 1963 πλέον
1877 1909 2167 1980 βασανίσαι

2283 737 2505 796 stupore
2532 727 2694 797 digna
2723 726 2940 780 videtur
2972 723 3295 778 humilitatis
3315 722 3685 793 profunditas,
3719 735 3848 790 pro-

2281 828 2399 888 pter
2421 832 2581 888 quam
2633 827 2687 872 et
2729 817 2795 870 ad
2831 817 3120 871 sublimem
3153 815 3290 870 adeo
3319 814 3663 868 altitudinem
3701 813 3858 867 facile

2278 918 2462 966 evecta
2487 919 2594 974 est,
2623 916 2675 964 et
2703 912 2918 964 sacrata
2951 907 3215 962 divinitus
3239 906 3342 960 fuit
3368 901 3655 960 tremendo
3707 905 3856 958 illius

2279 999 2624 1066 ministerio,
2687 999 2782 1068 qui
2835 998 3134 1052 humiliavit
3187 997 3522 1063 semeptt'sttm
3571 1011 3734 1066 tuque
3780 995 3848 1047 ad

2278 1091 2713 1162 (assumendum)
2737 1105 2962 1160 corpus,
2985 1097 3040 1146 et
3058 1090 3125 1144 ad
3146 1098 3390 1148 mortem.
3427 1098 3648 1141 mortem
3676 1097 3854 1140 autem

2277 1185 2449 1239 crucis
2483 1183 2550 1238 ³⁸.
2584 1182 2726 1249 Quid
2775 1184 2921 1236 enim
2973 1184 3092 1252 ipsa
3139 1179 3677 1247 fatur?Arcbangeli
3738 1187 3853 1232 tum

2276 1275 2534 1344 adspectu
2567 1282 2682 1329 tum
2727 1273 2970 1342 alloquio
3025 1271 3093 1326 ad
3156 1271 3303 1326 hunc
3354 1271 3576 1325 modum
3608 1271 3852 1340 dignata,

2275 1376 2330 1422 et
2387 1377 2503 1420 tum
2543 1365 2716 1436 gratia
2745 1365 2904 1434 plena
2935 1374 3050 1418 tum
3078 1363 3173 1417 Dei
3210 1377 3408 1432 sponsa
3436 1363 3721 1432 appellata,
3749 1377 3851 1431 pro

2272 1457 2577 1512 verissimis
2611 1456 2836 1525 insuper
2865 1455 2976 1519 illa,
3005 1469 3128 1523 qua
3164 1455 3511 1515 dicebantur,
3546 1455 3706 1522 plane
3745 1454 3846 1506 ha-

2273 1547 2430 1611 bens,
2457 1545 2709 1600 ancillam
2733 1554 2912 1599 tamen
2946 1545 3293 1610 semetipsam
3325 1554 3518 1610 vocat;
3546 1555 3599 1597 et
3619 1545 3706 1609 iis,
3727 1559 3850 1611 quae

2273 1639 2375 1695 sibi
2406 1646 2810 1709 proponuntur.
2844 1636 3147 1705 acquiescit
3182 1636 3272 1690 illa
3328 1636 3572 1704 quidem,
3605 1644 3659 1689 et
3713 1649 3848 1689 con-

2271 1742 2491 1783 sensum
2529 1727 2765 1796 prmbct;
2793 1735 2972 1780 tamen
2997 1725 3162 1780 veluti
3201 1739 3325 1795 quae
3355 1727 3567 1778 meritis
3593 1725 3710 1779 suis
3739 1725 3851 1778 celo

2272 1817 2420 1872 siora
2461 1817 2592 1882 sint,
2633 1817 2728 1870 sed
2770 1823 2824 1870 et
2874 1825 3070 1886 praeter
3117 1829 3338 1870 omnem
3386 1814 3849 1883 exspectationem

2273 1910 2424 1975 fiant,
2470 1908 2535 1962 ad
2606 1922 2667 1960 ea
2722 1920 2872 1960 mere
2936 1907 3172 1961 oﬂicium
3233 1903 3447 1959 famula:
3507 1905 3845 1974 pollicetur:

587 1993 848 2066 θελήσας,
892 1997 1027 2050 ἀλλὰ
1077 1996 1178 2068 τὴν
1215 1998 1510 2070 ὁμολογίαν
1571 1997 1670 2069 τῆς
1733 1996 1970 2062 πίστεως
2023 1996 2166 2051 ὲκεί-

2272 1999 2407 2054 Ecce
2445 1998 2644 2052 ancilla
2695 1998 2931 2063 Domini,
2971 1999 3069 2068 fiat
3111 1998 3239 2051 n’n’hi
3289 1997 3574 2050 secundum
3634 1994 3850 2050 verbum

583 2099 686 2156 tn];
717 2085 1034 2156 δεξάμενος.

2283 2101 2430 2145 tuum
2460 2092 2528 2145 ⁸⁸.
2564 2091 2656 2146 Sic
2686 2091 2808 2162 ipsa
2863 2091 3120 2161 quidem;
3156 2099 3211 2143 et
3244 2090 3428 2143 statim
3467 2087 3727 2142 discessit
3777 2087 3847 2140 ab

579 2191 645 2231 ea
661 2179 888 2248 angelus
913 2195 1019 2234 nou
1039 2177 1214 2235 solum
1249 2194 1493 2246 munere,
1531 2182 1676 2251 quod
1709 2181 1810 2236 sibi
1855 2182 2004 2238 cordi
2062 2191 2199 2249 erat,
2238 2183 2472 2239 feliciter
2502 2184 2845 2253 perfunctus,
2885 2184 2979 2240 sed
3013 2183 3240 2252 insuper
3287 2192 3512 2251 stupore
3556 2181 3847 2251 perculsus

585 2283 700 2336 prae
759 2270 1017 2340 virgineae
1071 2271 1500 2340 pulchritudinis
1550 2281 1857 2340 venustate,
1912 2288 2132 2344 prteque
2184 2273 2403 2329 virtutis
2446 2274 2768 2338 eminentia,
2825 2273 3074 2344 nihilque
3130 2272 3361 2327 ulterius
3407 2272 3634 2337 habens,
3693 2269 3842 2340 quod

580 2360 976 2430 sciscitaretur,
1013 2362 1105 2418 sed
1125 2363 1239 2432 jam
1276 2379 1534 2420 assensus
1573 2364 1717 2418 illius
1743 2365 2142 2420 confessionem
2176 2379 2483 2421 assecutus.

656 2453 744 2508 ις’.
797 2451 1051 2524 Εῦὸρομά
1089 2471 1180 2523 μοι
1209 2455 1277 2508 τὰ
1306 2455 1469 2525 μέχρι
1504 2453 1709 2508 τούτων
1730 2471 1743 2484 ⁸
1770 2455 1840 2508 τὰ
1901 2454 1947 2509 δ’
1974 2456 2161 2509 ἐντεῦ-

581 2543 679 2598 θεν
709 2541 947 2613 εὔστομα
977 2542 1202 2608 κείσθω,
1266 2543 1340 2607 ὡς
1375 2545 1475 2598 οὑκ
1506 2545 1721 2615 ᾰρῤητα
1785 2545 1969 2615 μόνον,
2023 2546 2161 2599 ἀλλὰ

582 2635 682 2690 καὶ
708 2635 946 2706 ᾶληπτα,
980 2636 1073 2689 καὶ
1094 2635 1272 2708 χρόνῳ
1302 2636 1482 2708 μόνον,
1531 2635 1646 2691 ἀλλ’
1672 2637 1794 2709 οὐχὶ
1828 2640 1924 2691 καὶ.
1973 2639 2160 2710 τρόπῳ

575 2728 680 2795 τῆς
705 2728 820 2783 ἄνω
851 2729 948 2782 καὶ
974 2726 1197 2800 πρώτης
1230 2730 1537 2800 γεννήσεως
1567 2728 1600 2802 ἢ
1646 2731 1811 2802 μόνης
1841 2731 2160 2800 λειπόμενα.

579 2819 694 2874 Καὶ
721 2820 864 2890 τάχα
887 2819 1077 2892 ὥσπερ
1110 2821 1304 2892 ἀνδρὸς
1331 2821 1620 2894 ἄχραντον,
1671 2820 1814 2876 οὕτω
1870 2824 1964 2875 καὶ
1988 2822 2161 2891 λόγων

578 2909 907 2981 ἀμέθεκτον,
939 2912 967 2966 ὁ
996 2912 1211 2982 τεχθεὶς
1233 2913 1404 2982 Λόγος
1422 2912 1519 2984 τὴν
1539 2913 1798 2984 σύλληψιν
1816 2913 2158 2982 διεφύλαξεν,

579 3000 824 3073 ἄσπορον
855 3003 956 3073 μὲν
991 3003 1347 3074 πιστευθῆναι
1374 3003 1629 3075 θελήσας,
1684 3004 1892 3074 ἄπορον
1938 3004 1995 3059 δὲ
2028 3005 2160 3059 ταύ-

575 3108 680 3161 την
702 3090 1109 3162 ἐρμηνευθῆναι
1141 3091 1501 3163 διατηρήσας.
1555 3091 1761 3146 Ἐκεῖνο
1789 3091 1834 3146 δ’
1880 3093 1980 3145 οὐκ
2023 3093 2157 3148 ἄπο-

577 3197 696 3252 ρον,
724 3181 863 3236 ἀλλὰ
896 3185 992 3235 καὶ
1021 3182 1144 3237 λίαν
1167 3183 1401 3256 εύπορον
1431 3184 1526 3238 καὶ
1553 3183 1652 3254 τῆς
1681 3183 1978 3255 ἀμερίστου
2001 3186 2160 3256 Τριά-

2330 2456 2450 2512 ΧΧ.
2487 2456 2651 2513 Plana
2684 2457 2818 2512 mihi
2860 2457 2970 2512 huc
2997 2469 3171 2527 usque
3207 2457 3431 2518 omnia;
3465 2463 3520 2508 at
3547 2461 3675 2524 Quae
3709 2454 3837 2508 dein

2259 2553 2584 2618 succedunt,
2649 2552 2867 2609 silentio
2915 2561 3137 2622 prastat
3197 2552 3594 2611 transmittere,
3633 2549 3839 2618 quippe

2260 2663 2383 2719 quae
2409 2661 2517 2702 non
2547 2647 2715 2702 modo
2743 2647 2926 2702 verbis
2956 2647 3268 2701 nullatenus
3296 2645 3565 2710 enarrari,
3609 2645 3702 2698 sed
3772 2655 3840 2697 ne

2261 2739 2597 2809 cogitatione
2627 2737 2850 2808 quidem
2876 2738 3068 2808 attingi
3093 2736 3327 2808 possint.
3389 2748 3622 2805 quaeque
3651 2745 3683 2788 a
3724 2747 3838 2789 cte-

2267 2831 2391 2886 lesti
2421 2829 2514 2884 illa
2547 2845 2612 2884 ac
2642 2830 2843 2899 prima,
2885 2830 3132 2899 alioquin
3158 2827 3620 2897 singularissima,
3678 2839 3843 2894 gene-

2263 2919 2498 2987 ratione,
2530 2921 2634 2976 etsi
2664 2919 2876 2976 ratione
2903 2919 3166 2991 temporis
3213 2917 3491 2981 deficiant,
3531 2927 3586 2972 at
3611 2931 3718 2971 non
3748 2918 3845 2973 de-

2259 3011 2449 3067 ﬁciunt
2478 3013 2692 3067 ratione
2723 3011 2894 3067 modi.
2946 3011 3032 3080 Et,
3069 3020 3128 3067 ut
3158 3011 3318 3067 facile
3360 3019 3530 3082 patet,
3574 3009 3840 3074 Verbum,

2257 3104 2411 3158 nasci
2446 3103 2724 3173 dignatus,
2749 3102 3163 3171 conceptionem
3190 3117 3344 3158 suam
3374 3102 3841 3172 quemadmodum

2257 3209 2289 3249 a
2322 3193 2424 3250 viri
2451 3209 2617 3265 opera
2671 3209 2890 3265 puram,
2931 3195 3005 3250 ita
3057 3195 3576 3250 ratiocinationibus
3633 3194 3841 3261 imper-

569 3275 666 3336 δος
690 3273 985 3344 ἀμέριστον
1012 3293 1024 3306 ο
1053 3275 1128 3339 ὡς
1155 3277 1237 3330 ὅτι
1268 3275 1566 3348 σαρκοῦται
1603 3277 1721 3346 μὲν,
1754 3278 1852 3330 οὑκ
1879 3277 2037 3341 ἄλλος
2073 3295 2154 3343 τις

2263 3289 2400 3342 viam
2429 3287 2747 3353 cuStodivit,
2789 3289 2981 3342 volens
3026 3303 3242 3358 nempe,
3277 3297 3336 3342 ut
3364 3287 3563 3342 factam
3599 3286 3720 3340 sine
3747 3300 3840 3338 se-

571 3367 676 3433 τῆς
698 3365 945 3437 Τριάδος,
967 3365 1083 3420 ἀλλ’
1099 3367 1127 3419 ὀ
1144 3367 1290 3434 Υξὸς,
1313 3368 1399 3420 ἵνα
1423 3369 1517 3420 καί⁷
1541 3368 1701 3422 πάλιν
1717 3369 1794 3432 ὡς
1811 3369 1940 3434 Υἱὸς
1966 3370 2148 3442 μείνῃ,

579 3455 656 3525 μὴ
704 3455 1134 3528 μετατιθεμένης
1173 3460 1273 3530 τῆς
1313 3458 1610 3528 ἰδιότητος·
1642 3459 1675 3531 ἢ
1711 3461 1804 3514 καὶ
1848 3461 2012 3515 πάλιν
2040 3464 2145 3532 Δη-

577 3547 862 3617 μιουργὸς,
895 3548 1143 3620 καθάπερ
1172 3551 1366 3614 κτίσας
1395 3551 1455 3604 τὸ
1515 3549 1800 3622 πρότερον,
1863 3552 2006 3606 οὑτω
2057 3555 2153 3608 καὶ

572 3640 932 3704 ἀνακαινίσας
956 3641 1016 3694 τὸ
1040 3641 1292 3713 δεύτερον
1317 3659 1332 3675 ⁸
1362 3641 1499 3699 ἀλλὰ
1527 3643 1623 3696 καὶ
1643 3644 1748 3696 υἱοὶ
1771 3643 2059 3716 γενώμεθα
2083 3645 2152 3700 δι’

575 3729 737 3797 Υίοῦ,
773 3730 864 3786 διὰ
899 3731 993 3786 τοῦ
1047 3733 1228 3803 φύσει,
1276 3734 1424 3788 θέσει
1467 3735 1994 3807 προσοικειούμενοι,
2057 3740 2152 3794 καὶ

569 3823 645 3876 δι’
689 3824 856 3880 αὑτοῦ
912 3825 1007 3880 τοῦ
1067 3826 1404 3899 κληρονόμου
1456 3829 1594 3899 πρὸς
1643 3827 1742 3899 τὴν
1782 3830 2154 3901 συγκληρονο-

577 3913 708 3982 μίαν
732 3917 1232 3988 παρακαλούμενοι.
1501 3921 1504 3923 “

2261 3378 2406 3434 mine
2437 3377 2572 3434 ﬁdes
2609 3393 2730 3433 eam
2767 3379 3034 3444 crederet,
3068 3387 3124 3432 et
3153 3381 3400 3435 eamdem
3441 3379 3589 3430 omni
3617 3374 3845 3430 investi-

2266 3470 2473 3538 gationi
2533 3485 2762 3526 servans
2818 3469 3183 3525 inaccessam.
3265 3469 3402 3525 illud
3453 3479 3632 3524 tamen
3692 3466 3840 3520 haud

2259 3571 2421 3632 captu
2461 3559 2700 3629 difﬁcile,
2738 3561 2988 3633 quinimo
3037 3561 3197 3618 facile
3245 3573 3331 3618 est
3377 3571 3434 3616 et
3469 3560 3714 3623 obvium,
3754 3563 3841 3613 at-

2259 3669 2368 3726 que
2395 3653 2693 3709 individua:
2718 3651 2970 3709 Trinitati
2997 3668 3221 3725 prorsus
3253 3652 3570 3709 necessario
3634 3664 3838 3706 conve-

2262 3747 2448 3807 niens.
2476 3743 2623 3815 quod
2655 3760 2765 3800 non
2793 3746 2899 3801 alia
2940 3746 3209 3816 quaepiam
3259 3743 3550 3799 Trinitatis
3577 3756 3835 3813 persona,

2267 3839 2362 3896 sed
2389 3837 2563 3894 Filius
2602 3853 2822 3893 carnem
2866 3839 3081 3902 induat,
3107 3846 3240 3892 utet
3260 3837 3463 3901 denuo,
3494 3849 3598 3890 non
3632 3841 3837 3888 mutata

2252 3927 2534 3998 personali
2589 3928 2946 3997 proprietate,
3006 3939 3267 3998 tanquam
3302 3927 3476 3981 Filius
3532 3925 3831 3995 persistat;

573 4009 662 4062 vel
700 4011 862 4065 etiam
898 4021 956 4066 ut
985 4021 1195 4067 naturae
1221 4013 1429 4068 Artifex
1483 4013 1948 4084 quemadmodum
1993 4019 2142 4090 prius
2175 4021 2404 4089 creavit,
2467 4020 2539 4076 ita
2577 4036 2726 4077 nunc
2796 4023 3075 4092 opificium
3138 4037 3301 4078 suum
3375 4021 3617 4076 secundo
3670 4033 3834 4073 reno-

571 4111 698 4169 vet;
731 4102 860 4174 quin
903 4104 1069 4159 etiam
1104 4112 1164 4159 ut
1195 4103 1287 4159 filii
1323 4121 1420 4176 per
1453 4093 1658 4162 [Filium
1691 4107 2011 4179 efficiamur,
2048 4127 2142 4182 per
2166 4128 2291 4168 eum
2334 4114 2617 4180 nimirum,
2650 4116 2743 4185 qui
2782 4114 2956 4171 Filius
3001 4123 3083 4170 est
3112 4125 3333 4180 natura,
3363 4110 3742 4166 adsciscamur
3779 4111 3837 4165 in

568 4193 718 4250 filios
753 4196 1082 4265 adoptionis,
1119 4211 1322 4267 perque
1388 4212 1537 4263 eum,
1571 4199 1665 4268 qui
1698 4199 1873 4256 haeres
1900 4209 1987 4256 est
2035 4205 2329 4276 naturalis,
2357 4206 2410 4260 in
2441 4205 2889 4261 communionem
2933 4205 3272 4260 haereditatis
3302 4215 3591 4271 vocemur.

647 4289 756 4341 Καὶ
780 4289 861 4342 ὅτι
893 4287 1106 4343 ἑνοῦται
1140 4289 1237 4359 μὲν
1263 4292 1328 4361 τῇ
1352 4290 1516 4360 σαρκὶ
1542 4291 1693 4347 πᾶσα
1719 4292 1814 4344 καὶ
1842 4292 2066 4357 τελείως
2119 4295 2152 4366 ἠ

570 4379 789 4449 θεότης,
827 4381 1135 4446 ούσιωδῶςο
1181 4381 1342 4452 μόνος
1363 4382 1421 4436 δὲ
1473 4384 1501 4436 ὀ
1527 4383 1676 4448 Υἱὸς,
1732 4385 2150 4452 ὑποστατικῶςο

569 4471 733 4541 εἴπερ
759 4475 854 4525 καὶ
875 4472 1074 4536 ὑλικῶς
1130 4472 1231 4544 μὲν
1267 4475 1402 4544 ἡμῖν
1435 4473 1468 4544 ἡ
1499 4473 1690 4544 θεότης
1727 4474 1786 4528 ἐν
1818 4477 1896 4546 τῷ
1951 4478 2149 4549 Πατρὶ,

567 4562 771 4627 ὑλικῶς
795 4564 850 4617 δὲ
897 4564 974 4634 τῷ
1016 4564 1151 4634 Υίῷ,
1202 4565 1399 4627 ὑλικῶς
1430 4565 1485 4618 δὲ
1543 4566 1639 4618 καὶ
1676 4565 1752 4637 τῷ
1780 4568 1920 4638 ἁγίῳ
1965 4570 2144 4624 Πνεύ-

2328 4296 2464 4354 lilud
2496 4306 2757 4369 praeterea
2815 4298 3158 4366 exploratum
3208 4305 3316 4360 est,
3383 4302 3552 4349 totam
3613 4289 3832 4362 quidem

2252 4387 2595 4444 divinitatem
2653 4385 2890 4455 perfecte
2924 4401 2988 4440 ac
3019 4385 3476 4444 substantiaiitcr.
3512 4383 3686 4437 solum
3745 4391 3832 4436 ta-

2251 4493 2372 4532 men
2398 4475 2595 4532 Filium
2622 4477 2986 4548 hypostatice,
3016 4477 3169 4531 carni
3201 4475 3484 4546 conjungi.
3517 4473 3824 4543 Siquidem,

2248 4576 2308 4624 ut
2357 4570 2460 4624 fide
2522 4578 2793 4635 tenemus,
2848 4568 3108 4624 divinitas
3168 4577 3252 4623 est
3308 4567 3517 4637 integra
3567 4563 3835 4629 inPatre,

574 4673 741 4726 ματιο
774 4657 869 4710 καὶ
895 4656 1067 4721 οὑτως
1101 4657 1199 4728 ὅλη
1233 4659 1332 4728 μὲν
1362 4658 1395 4728 ἡ
1421 4658 1520 4726 τῆς
1548 4656 1804 4730 θεότητος
1834 4658 1996 4727 φύσις
2047 4661 2144 4734 ὅλῃ

2273 4668 2460 4729 ntegra
2515 4660 2571 4713 in
2625 4658 2785 4725 Filio,
2828 4660 3036 4730 integra
3104 4668 3160 4714 et
3207 4658 3262 4712 in
3321 4655 3532 4726 Spiritu
3593 4664 3831 4721 sancto;

569 4751 642 4823 τῇ
695 4750 1012 4822 ἀνθρωπίνῃ
1078 4749 1344 4822 κραθεῖσα
1404 4748 1592 4820 φύσει,
1642 4749 1735 4803 τὸν
1794 4749 2145 4821 θεάνθρωπον

570 4843 924 4898 ἀπετέλεσεν.
981 4844 1053 4898 Οὑ
1103 4843 1209 4916 μὴν
1281 4842 1472 4914 ὥσπερ
1539 4843 1640 4915 ὅλῃ
1690 4845 1757 4914 τῇ
1820 4844 1981 4913 φύσει
2036 4846 2136 4916 τὴν

575 4934 741 5006 φύσιν
797 4935 947 5007 ὅλην,
977 4935 1118 4989 οὔτω
1166 4936 1262 4990 καὶ
1300 4936 1400 5000 τὰς
1448 4923 1778 4998 ὑποστάσεις
1825 4934 1952 5001 ὅλας
2001 4935 2152 5001 ὅλαις

575 5031 694 5093 ταῖς
720 5027 1089 5100 ἀνθρωπίναις
1115 5028 1385 5099 ἑνωθῆναι
1411 5028 1592 5098 λέγειν
1619 5028 2098 5099 ἐκϐιασθησόμεθα
2124 5045 2139 5062 ·

578 5121 793 5191 ἄπαγεί
832 5122 954 5175 οὐδὲ
1014 5119 1509 5193 διανοηθησόμεθα.
1552 5120 1693 5174 Ἀλλ’
1742 5119 1872 5192 ὃλην
1927 5121 2028 5189 μὲν
2054 5121 2152 5194 ὅλῃ

575 5216 646 5286 τῇ
711 5213 1096 5285 ἁνθρωπότητι
1177 5215 1278 5287 τὴν
1352 5213 1623 5283 θεότητα,
1685 5214 1763 5277 ὡς
1837 5215 1974 5286 πρὸς
2048 5213 2149 5279 τὰς

577 5306 790 5376 φύσεις,
847 5307 1006 5380 μόνον
1057 5305 1113 5362 δὲ
1162 5307 1254 5362 τὸν
1287 5307 1413 5360 Υῑὸν
1447 5307 1582 5379 μόνῃ
1620 5308 1686 5377 τῇ
1717 5303 1811 5359 τοῦ
1860 5305 1992 5360 Υίοῦ
2048 5324 2144 5360 κε·-

579 5396 818 5468 κρᾶσθαι
861 5399 1044 5471 σαρκὶ,
1091 5397 1166 5462 ὡς
1219 5397 1352 5470 πρὸς
1392 5398 1490 5462 τὰς
1521 5396 1846 5463 ὑποστάσεις
1875 5383 2164 5471 ὀμολογήέ

652 5553 699 5585 ³⁸
721 5551 920 5625 Philip.
950 5569 1013 5619 li,
1039 5554 1094 5610 8.
1166 5554 1214 5586 "
1245 5554 1378 5609 Luc.
1407 5569 1446 5620 ι,
1474 5553 1564 5609 58.

577 5733 941 5803 pertinent,ac
971 5732 1107 5804 inira
1137 5732 1289 5804 adeo,
1320 5740 1383 5804 ut
1402 5730 1527 5800 jure
1549 5731 1779 5797 nescias,
1800 5734 1925 5804 quid
1945 5743 2154 5803 stupere

579 5802 637 5856 in
677 5804 794 5872 ipsa
841 5802 1010 5870 magis
1065 5802 1272 5857 debeas.
1303 5802 1374 5855 At
1402 5818 1530 5856 vero
1581 5802 1851 5871 patiturne
1888 5805 2000 5859 haec
2032 5802 2151 5859 εἰὺί

580 5879 1141 5942 ροτιιυιιιυγοοιιεῑιιιιε
1178 5873 1568 5926 miraculorum
1602 5874 1794 5936 series,
1829 5884 1887 5928 ιιι
1911 5875 1962 5928 itt
2015 5876 2149 5942 ipsis

577 5941 825 6013 ejusdem
853 5941 1022 5998 initiis
1037 5943 1315 5998 communi
1349 5949 1666 5999 cwtcrurum
1696 5945 1896 6001 misero
1917 5941 2068 6015 aeque
2098 5955 2152 6002 ct

2249 4759 2305 4807 et
2336 4751 2418 4807 sic
2449 4749 2699 4820 profecto
2729 4758 2842 4804 tota
2871 4763 3065 4804 natura
3091 4750 3416 4812 divinitatis,
3457 4748 3555 4803 toti
3581 4747 3838 4802 humanae

2251 4843 2542 4914 conjuncta
2576 4851 2810 4911 naturaz,
2837 4840 3135 4913 perfectum
3171 4840 3342 4898 Deum
3384 4841 3664 4896 hominem
3695 4854 3837 4894 con-

2251 4936 2449 4992 stituit.
2477 4931 2664 5005 Neque
2688 4944 2870 4990 tamcn
2921 4948 2989 4990 eo
3019 4935 3360 4990 adducemur
3395 4943 3457 4988 ut
3491 4940 3698 4988 temere
3747 4931 3834 4984 di-

2252 5045 2462 5092 camus,
2486 5029 2948 5098 quemadmodum
2979 5036 3150 5082 totam
3185 5037 3438 5082 naturam
3469 5035 3679 5080 natura:
3711 5023 3837 5090 toti,

2253 5123 2335 5178 sic
2361 5123 2523 5176 etiam
2566 5135 2831 5192 personas
2857 5135 3048 5174 omnes
3097 5118 3354 5190 (divinas)
3416 5118 3677 5172 humanis
3711 5130 3838 5169 σου·

2256 5215 2420 5269 nibus
2449 5214 2632 5269 unitas
2656 5211 2850 5268 fuisse.
2909 5213 3088 5278 Absit,
3132 5226 3197 5267 ac
3231 5227 3296 5266 ue
3353 5209 3548 5266 leviter
3611 5206 3836 5276 quidem

2257 5306 2310 5361 id
2335 5313 2568 5360 mentem
2607 5305 2822 5360 subeat.
2871 5303 2976 5360 Sed
3009 5304 3388 5375 profiteamur,
3435 5303 3699 5371 integram
3736 5299 3838 5351 hu-

2258 5397 2750 5468 manitatiintegrze
2776 5397 3142 5465 divinitatem,
3196 5395 3377 5468 quoad
3431 5400 3661 5449 naturas
3706 5391 3833 5461 qui-

2250 5727 3274 5817 a‘bjectissimofatqobvolutaAdivina
3311 5727 3502 5817 Xirg‘o!
3536 5729 3831 5817 appareat?

2250 5797 2480 5857 EsSettte
2511 5801 2794 5856 dubitandi
2836 5801 3021 5870 locus,
3051 5815 3120 5853 an
3158 5800 3361 5870 aliquid
3391 5800 3460 5854 sit
3491 5799 3543 5852 in
3579 5797 3844 5870 Virgine,‘

2248 5875 2393 5942 quod
2434 5887 2544 5940 prae
2582 5873 2702 5928 aliis
2739 5869 3116 5942 praerogativis
3161 5869 3346 5927 minus
3371 5869 3702 5941 stupendum
3747 5871 3827 5925 vi-

2249 5943 2366 6000 dcri
2421 5942 2630 6014 possit?
