4164 6422
431 12 1022 30 maawm.
1029 20 1042 22 _

533 433 597 498 31
1733 451 2058 514 JOANNIS
2098 455 2535 518 GEOMETRIE

3635 459 3744 523 832

497 546 620 599 dem
651 544 867 613 attinet,
897 550 1106 606 unitam
1149 565 1270 608 esse
1299 566 1314 606 :
1352 554 1532 622 quoad
1558 555 1882 626 hypostases
1911 576 2060 624 vero.

2168 581 2370 633 σωμεν.
2401 565 2476 619 Οὐ
2538 565 2646 635 μὴν
2675 566 2798 618 οὐδὲ
2845 565 3006 619 πάλιν
3062 567 3253 639 ὥσπερ
3277 567 3654 634 ὑποστατικῶς
3709 575 3740 626 6

496 638 674 692 solum
706 637 901 694 Filium
932 643 1034 696 soli
1077 643 1290 698 'suimet
1317 645 1494 713 ipsius
1521 648 1672 701 carni
1708 651 2065 720 conjunctum

497 726 688 783 fuisse.
717 731 785 784 At
807 747 997 786 rursus
1031 747 1145 787 non
1179 735 1324 788 sicut
1355 736 1697 806 hypostatice
1718 754 1940 796 carnem
1975 757 2066 798 as-

496 822 664 873 sumit
693 819 844 875 solus
886 821 1081 889 Filius,
1114 825 1188 879 ita
1222 825 1385 881 etiam
1416 828 1470 882 in
1503 829 1784 902 ellicienda
1811 846 2068 904 assump-

495 912 645 965 tione
679 912 792 981 agit
815 912 931 983 ipse
975 916 1147 982 solus,
1190 917 1283 972 sed
1318 927 1521 976 etcum
1568 921 1911 992 beneplacito
1960 925 2066 981 Pa-

495 1001 614 1065 tris,
639 1010 692 1056 ct
733 1005 1121 1072 cooperatione
1143 1006 1421 1078 Spiritus;
1470 1022 1526 1067 et
1573 1013 1655 1068 sic
1688 1015 1820 1069 mihi
1869 1031 2066 1073 rursus

494 1091 547 1144 in
580 1106 678 1145 sua
709 1093 914 1149 unitate
946 1094 1188 1152 Trinitas
1217 1099 1575 1170 dignoscitur,
1612 1113 1669 1159 et
1709 1121 1855 1162 unus
1916 1108 2066 1164 exsi—

491 1192 641 1234 stens
673 1181 836 1250 Deus,
869 1200 976 1240 non
1022 1187 1264 1257 divisim,
1289 1193 1382 1246 sed
1415 1194 1750 1259 coniunctim
1784 1207 2062 1266 operatur.

561 1269 703 1326 XXI.
734 1271 1001 1331 Praeterea
1025 1277 1165 1334 inter
1212 1295 1298 1347 ea,
1339 1297 1462 1350 quae
1495 1285 1638 1339 scitu
1687 1287 1923 1341 maxime
1973 1303 2069 1341 ne-

489 1364 731 1418 cessaria
788 1377 937 1432 sunt,
1017 1383 1082 1424 ac
1141 1373 1390 1442 mysterii
1462 1374 1862 1434 incarnationis
1906 1379 2068 1448 quasi

489 1469 762 1509 summam
823 1452 1227 1525 constituunt,
1283 1463 1415 1518 illud
1473 1466 1636 1526 etiam
1691 1470 2064 1538 reponendum

488 1559 710 1608 censeo,
740 1563 808 1602 ne
845 1550 1134 1606 minimum
1165 1554 1387 1622 quidem
1430 1559 1689 1621 temporis
1744 1560 1896 1629 prius
1939 1556 2093 1615 car-'

490 1649 612 1689 nem
636 1652 730 1690 seu
759 1640 1034 1697 hominem
1056 1645 1358 1712 exstitisse,
1398 1657 1588 1716 postea
1615 1665 1743 1705 vero
1776 1651 1869 1706 Dei
1899 1653 2061 1707 Verbi

489 1743 709 1784 carnem
734 1746 832 1786 seu
855 1733 1020 1789 etiam
1051 1738 1326 1792 hominem
1355 1741 1619 1807 evasisse,
1651 1743 1790 1798 adeo
1821 1753 1881 1797 ut
1932 1745 2062 1798 dum

491 1819 593 1872 hac
624 1821 838 1878 ratione
888 1828 1350 1894 preexsistentem
1382 1840 1670 1902 utramque
1717 1837 1922 1903 pariter
1964 1851 2066 1888 na-

2170 656 2297 720 Υίὸς
2333 657 2512 726 μόνος,
2573 656 2716 710 οὕτω
2750 659 2845 711 καὶ
2875 661 3267 729 ὲνεργητικῶς,
3329 660 3447 714 ἀλλ’
3509 661 3733 734 εὐδοκία

2171 746 2271 817 μὲν
2301 747 2395 800 τοῦ
2446 748 2679 818 Πατρὸς,
2729 749 2990 822 συνεργίᾳ
3031 751 3088 802 δὲ
3135 751 3228 803 τοῦ
3289 751 3607 822 Πνεύματος
3638 755 3739 824 τὴν

2167 834 2472 904 πρόσληψιν
2500 838 3012 909 ἀπεργάζεται,καὶ
3033 839 3176 893 οὕτω
3201 857 3291 909 μοι
3318 840 3482 895 πάλιν
3501 842 3535 912 ἡ
3567 843 3739 912 Τριὰς

2167 923 2432 992 ὲνουμένη
2464 925 2808 996 γνωρίζεται,
2844 926 2942 980 καὶ
2964 926 2994 980 6
3020 920 3099 991 εἷς
3133 927 3268 991 Θεὸς
3289 928 3419 999 πρὶν
3447 929 3730 1002 διαιρεθῆ-

2167 1031 2256 1069 ναι
2283 1015 2599 1083 συνάγεται.

2245 1274 2372 1330 KA'.
2419 1277 2654 1331 Κάκετνο
2718 1277 2775 1330 δὲ
2833 1280 2940 1331 τῶν
3012 1279 3458 1347 ἀναγκαιοτάτων
3519 1284 3744 1350 εἰδέναι,

2164 1369 2245 1421 ὅτι
2279 1369 2374 1421 καὶ
2412 1369 2520 1422 τῶν
2557 1370 2653 1438 τῆς
2687 1370 2992 1441 οἰκονομίας
3022 1374 3202 1442 θῐομαι
3242 1378 3745 1444 συνεκτικωτάτων,

2165 1463 2246 1514 ὅτι
2279 1462 2399 1532 μηδ’
2438 1462 2562 1516 ὅσον
2625 1461 2720 1517 οὖν
2769 1463 2988 1533 πρῶτον
3018 1465 3176 1536 σὰρξ,
3233 1467 3367 1537 μηδὲ
3431 1467 3745 1538 ἄνθρωπος,

2166 1550 2286 1608 εἶτα
2318 1553 2455 1608 Θεοῦ
2511 1555 2689 1623 Λόγου
2749 1553 2886 1628 σὰρξ
2926 1557 2959 1628 ἥ
2991 1559 3088 1612 καὶ
3119 1559 3428 1630 ἄνθρωπος,
3463 1560 3550 1615 ἶνα
3601 1561 3748 1616 οὕτω

2168 1645 2589 1716 προῦποστάσας
2619 1647 2712 1700 καὶ
2737 1647 2906 1717 ἄμφω
2927 1649 3026 1712 τὰς
3056 1649 3247 1717 φύσεις
3279 1650 3745 1721 ὁμολογήσαντες,

2166 1739 2245 1797 εἰς
2271 1737 2467 1808 διπλῆν
2496 1738 2911 1810 ωτενεχθῶμεν
2944 1741 3244 1794 ὑπόστασιν
3290 1743 3355 1795 ὲκ
3397 1743 3500 1811 τῆς
3547 1743 3748 1813 διπλῆς

2166 1827 2262 1880 καὶ
2297 1827 2405 1897 ἰδίᾳ
2438 1829 2861 1897 προῦποστάσης
2888 1829 3135 1901 ἐκατέρῳ
3183 1832 3433 1900 φύσεως·
3472 1831 3597 1886 ἀλλ’
3628 1834 3748 1900 ἅμα

492 1917 666 1964 turam
700 1915 1041 1982 prolitemur,
1075 1934 1139 1972 ex
1177 1920 1376 1989 duplici
1406 1929 1460 1976 et
1489 1923 1718 1978 scorsim
1768 1926 2057 1994 praeexsis-

2169 1919 2268 1988 μὲν
2294 1918 2373 1988 τῷ
2414 1918 2574 1990 Λόγῳ
2619 1921 2654 1989 ἡ
2715 1920 2872 1990 σὰρξ,
2941 1919 3059 1991 ἆμα
3092 1920 3151 1973 δὲ
3173 1923 3241 1994 τῇ
3267 1920 3271 1922 ’
3297 1923 3462 1988 σαρκὶ
3491 1923 3520 1976 6
3549 1924 3747 1990 Λόγος,

490 2009 636 2056 lente
670 2003 984 2074 singulatim
1018 2022 1235 2076 natura,
1275 2015 1341 2065 ad
1373 2015 1736 2082 prolilendam
1784 2018 2058 2087 duplicem

487 2109 777 2162 personam
841 2101 1232 2171 prolabamur;
1301 2105 1396 2160 sed
1439 2121 1570 2161 caro
1627 2107 1794 2163 simul
1851 2109 2063 2165 exstitit

486 2200 610 2238 cum
648 2185 844 2257 Verbo,
870 2201 925 2248 et
953 2193 1116 2248 simul
1149 2210 1281 2250 cum
1313 2211 1479 2252 carne
1529 2196 1789 2264 Verbum,
1819 2207 1874 2254 et
1902 2199 2052 2254 Deus

484 2291 609 2331 cum
643 2279 882 2349 homine,
926 2288 1180 2354 quamvis
1229 2299 1494 2360 tanquam
1551 2289 1792 2346 Verbum
1822 2301 1877 2346 et
1910 2291 2056 2348 Deus

485 2373 904 2442 praeexstiterit;
941 2378 1254 2448 hypostasis
1281 2383 1424 2435 enim
1455 2381 1781 2452 pmexsistit
1809 2383 1881 2445 ei,
1915 2383 2062 2452 quod

486 2476 632 2516 nunc
669 2462 747 2528 ﬁt,
797 2465 1060 2523 divinitas
1096 2471 1311 2526 scilicet
1339 2457 1687 2527 humanitati.
1749 2473 1964 2528 Etenim
2003 2484 2064 2528 ut

485 2566 624 2606 nova
659 2555 774 2610 hac
800 2568 1060 2630 exsurgat
1109 2573 1385 2627 creatura,
1411 2565 1519 2617 ciet
1546 2563 1792 2634 profecto
1823 2563 2061 2629 Verbum

485 2652 760 2712 naturam,
786 2663 1096 2720 quanquam
1130 2669 1237 2708 non
1261 2670 1356 2725 per
1378 2656 1629 2719 sationis,
1661 2657 1754 2711 sed
1788 2673 1883 2727 per
1907 2659 2061 2728 plas-

486 2735 744 2792 mationis
775 2753 914 2807 opus
944 2756 1066 2796 eam
1119 2745 1285 2809 cieat,
1323 2757 1479 2816 prout
1514 2747 1692 2815 inquit
1718 2749 1884 2802 etiam
1942 2749 2064 2818 qni-

487 2827 610 2879 dam
645 2842 863 2896 eorum,
896 2833 991 2902 qui
1020 2844 1147 2890 ante
1195 2851 1298 2892 nos
1329 2837 1588 2905 fuerunt;
1652 2839 1904 2894 consistit
1962 2855 2064 2893 au-

495 2924 604 2970 tem
635 2917 688 2972 in
724 2917 904 2976 Verbo
925 2934 1146 2990 natura,
1181 2933 1293 2981 tota
1343 2929 1441 2983 toti
1472 2929 1745 2998 copulata.
1776 2938 1830 2984 ct
1857 2945 1921 2983 ea
1945 2929 2065 3000 qui-

485 3005 614 3063 dem
666 3011 948 3068 sensibilis
991 3014 1147 3084 juxta
1207 3022 1274 3074 ac
1335 3019 1642 3085 rationalis,
1674 3019 1955 3090 passibilis
2000 3035 2064 3076 ac

488 3099 830 3170 spiritualis;
866 3112 1032 3175 atque
1072 3108 1144 3161 ita
1175 3109 1396 3164 demum
1429 3126 1662 3180 persona
1689 3112 1890 3180 prodiit
1913 3127 2064 3167 com-

487 3191 664 3256 posita
687 3192 779 3247 illa
809 3211 961 3260 sane,
995 3199 1088 3253 sed
1118 3215 1226 3254 non
1259 3200 1482 3272 duplex,
1512 3211 1566 3258 et
1594 3219 1624 3258 e
1645 3219 1917 3260 converso
1963 3221 2060 3260 na-

2165 2008 2259 2061 καὶ
2286 2007 2314 2059 6
2354 2007 2487 2068 Θεὸς
2519 2008 2599 2078 τῷ
2645 2008 2940 2081 ἀνθρώπῳ,
2973 2011 3022 2064 εί
3080 2013 3176 2064 καὶ
3214 2013 3410 2083 προῆν,
3443 2015 3521 2076 ὡς
3569 2015 3749 2082 Λόγος

2161 2115 2222 2152 τε
2251 2100 2344 2153 καὶ
2377 2099 2539 2163 Θεός·
2569 2099 2868 2165 ὑπόστασις
2898 2101 2957 2155 δὲ
2987 2102 3048 2155 τὸ
3083 2102 3253 2174 προὸν
3279 2103 3358 2176 τῷ
3414 2105 3531 2173 νῦν,
3563 2108 3598 2175 ἡ
3629 2106 3750 2159 θεό-

2161 2208 2264 2261 της
2293 2195 2359 2262 τῇ
2391 2191 2806 2264 ἀνθρωπότητι.
2859 2193 2996 2265 Περὶ
3030 2195 3140 2265 γὰρ
3173 2194 3234 2248 τὸ
3275 2195 3335 2248 ὃν
3356 2196 3417 2248 τὸ
3437 2197 3747 2266 γινόμενον,

2164 2283 2309 2336 κινεῖ
2335 2282 2436 2352 μὲν
2470 2281 2581 2353 γὰρ
2606 2283 2635 2336 6
2665 2283 2838 2352 Λόγος
2874 2284 2973 2353 τὴν
3012 2283 3193 2354 φύσιν·
3224 2288 3367 2339 κινεῖ
3391 2286 3447 2338 δὲ
3488 2287 3748 2358 δημιουρ-

2163 2374 2355 2443 γικῶς,
2407 2373 2522 2426 ἀλλ’
2567 2374 2629 2428 ού
2709 2376 3155 2446 σπερμαντικῶς,
3217 2377 3294 2440 ὥς
3349 2360 3433 2442 τις
3487 2377 3592 2448 ἔφη
3651 2381 3748 2433 καὶ

2162 2465 2272 2517 τῶν
2305 2463 2412 2535 πρὸ
2441 2465 2632 2534 ήμῶν⁸
2665 2465 2984 2520 συνίσταται
3033 2467 3093 2520 δὲ
3139 2467 3393 2539 καὶπερὶ
3419 2468 3510 2522 τὸν
3573 2469 3748 2538 Λόγον

2164 2555 2411 2628 ἡφύσις,
2468 2555 2566 2628 ὅλη
2617 2557 2758 2628 πρὸς
2817 2558 2958 2622 ὅλον,
3004 2558 3240 2630 αίσθητή
3305 2577 3367 2612 τε
3407 2561 3502 2613 καὶ
3529 2560 3746 2632 λογικὴ,

2166 2646 2384 2716 παθητή
2419 2663 2480 2699 τε
2511 2647 2605 2700 καὶ
2634 2646 2797 2718 νοερὰ
2847 2663 2864 2678 ο
2901 2649 2995 2700 καὶ
3023 2648 3167 2702 οὕτω
3199 2649 3473 2720 προῆλθεν
3504 2652 3747 2706 ὑπόστα-

2165 2754 2272 2803 σις,
2305 2736 2560 2802 σύνθετος
2588 2737 2709 2806 μὲν,
2731 2737 2793 2792 οὐ
2814 2737 2977 2808 διπλῆ
3003 2738 3060 2792 δέ
3083 2757 3096 2770 ο
3127 2741 3221 2794 καὶ
3245 2741 3405 2811 φύσις
3425 2741 3588 2812 διπλῆ
3625 2745 3747 2814 μὲν,

2164 2830 2226 2883 ού
2262 2828 2516 2893 σύνθετος
2559 2830 2617 2883 δέ
2641 2845 2657 2862 ’
2707 2829 2925 2901 άφυρτα
2978 2832 3088 2902 γὰρ
3132 2833 3227 2886 καὶ
3263 2834 3519 2906 ἑκάτερα.
3539 2835 3605 2887 Τί
3637 2834 3747 2904 γάρ

2166 2923 2262 2975 καὶ
2307 2923 2459 2976 ἔσται
2513 2923 2770 2994 Χριστὸς,
2844 2925 2893 2978 εἰ
2950 2927 3091 2995 μήτε
3145 2924 3407 2998 καθαρῶς
3457 2927 3748 2998 ἄνθρωπος

2166 3015 2344 3079 ἔσται,
2411 3016 2546 3086 μήτε
2573 3016 2832 3087 καθαρῶς
2881 3016 3035 3071 ἔσται
3081 3017 3236 3081 Θεὸς,
3284 3017 3401 3072 ἀλλ’
3440 3018 3510 3072 ἵν’
3565 3020 3745 3091 ἀμφό-

2164 3125 2298 3178 τερα
2359 3107 2775 3178 συμπεφυρκὼς
2821 3105 2878 3184 ᾖ,
2934 3110 3030 3164 καὶ
3089 3110 3416 3182 ἀμφοτέρων
3469 3112 3626 3176 ἐκτὸς
3673 3108 3744 3187 ᾖς

2167 3199 2300 3253 τίδὲ
2355 3203 2446 3253 καὶ
2482 3200 2620 3263 ὅλως
2642 3200 2889 3271 ἐθελήσει
2929 3202 3024 3255 καὶ
3075 3203 3287 3272 δράσει,
3352 3203 3478 3274 μήτ’
3537 3204 3747 3273 ἀνθρω·

486 3285 610 3334 tura
640 3283 857 3351 quidem
889 3286 1109 3357 duplex,
1143 3305 1253 3345 non
1283 3305 1464 3348 autem
1499 3296 1825 3364 composita,
1858 3296 2061 3367 quippe

2171 3293 2364 3357 πίνως,
2433 3294 2572 3363 μήτε
2612 3293 2794 3358 θείως,
2845 3293 2962 3346 ἀλλ’
2993 3293 3151 3348 ἄλλον
3203 3295 3329 3348 τινὰ
3386 3295 3589 3366 τρόπον
3621 3296 3748 3350 σύν-

486 3369 700 3426 illarum
756 3383 992 3446 utraque
1047 3380 1333 3438 inconfusa
1389 3395 1591 3441 manet.
1628 3385 1694 3442 Ει
1719 3403 1873 3453 sane,
1930 3388 2061 3460 quid

2171 3384 2326 3439 θετον
2374 3384 2577 3440 ἐθέλων
2622 3387 2716 3440 καὶ
2744 3385 2888 3456 δρῶν
2913 3402 2928 3451 ;
2962 3386 2996 3456 ἦ
3052 3386 3226 3441 ταῦτα
3254 3387 3354 3458 μὲν
3375 3387 3532 3442 ἔσται
3554 3389 3622 3442 τὰ
3645 3405 3747 3460 μυ-

485 3457 590 3512 crit
630 3461 848 3517 tandem
913 3464 1188 3532 Christus,
1237 3472 1282 3527 si
1319 3475 1544 3530 omnino
1573 3492 1751 3548 neque
1783 3457 2060 3545 Deus—sit,

2170 3476 2314 3549 θώδη
2353 3477 2461 3530 τῶν
2489 3476 2668 3542 ζώων,
2700 3477 2815 3546 εἴγε
2845 3479 3075 3532 κάκεῖνα
3105 3457 3280 3545 ἔσται,
3306 3479 3402 3534 καὶ
3433 3480 3510 3552 μὴ
3535 3483 3594 3533 ὲν
3623 3457 3748 3534 επι-

489 3563 666 3621 neque
699 3557 923 3612 omnino
959 3559 1146 3625 homo,
1186 3564 1282 3620 sed
1320 3567 1598 3636 quidpiam
1633 3570 1704 3624 sit
1727 3585 1792 3624 ex
1833 3581 2061 3642 utroque

2170 3571 2344 3634 νοίαις
2376 3570 2557 3640 μόνον,
2593 3571 2847 3642 καθάπερ
2871 3571 3141 3642 ἀκούομεν
3173 3575 3270 3627 καὶ
3319 3573 3671 3643 πιστεύομεν.

486 3647 882 3716 (ιοιηιιιίιιιιιιι,
940 3653 1183 3725 nihilque
1210 3673 1331 3712 cum
1408 3661 1668 3715 alterutra
1707 3672 1903 3718 natura
1969 3661 2528 3718 communehabeat?
2599 3661 2823 3731 Insuper
2886 3679 3058 3734 ecqua
3124 3665 3346 3721 tandem
3395 3668 3446 3723 ei
3485 3667 3742 3724 voluntas

485 3741 579 3786 aut
604 3739 849 3804 Operatio
884 3740 981 3810 (ιι),
1019 3743 1062 3796 si
1101 3761 1279 3815 neque
1321 3746 1563 3803 humano
1602 3767 1779 3820 neque
1809 3753 2016 3816 divino,
2053 3753 2148 3808 sed
2181 3752 2289 3806 alio
2313 3753 2550 3822 quodam
2615 3753 2786 3808 modo
2806 3756 3076 3823 permixto
3105 3765 3160 3810 et
3218 3757 3345 3811 velit
3371 3767 3425 3813 et
3455 3760 3748 3828 operetur?

489 3820 690 3894 Nempe
721 3835 1086 3899 comparanda
1118 3836 1232 3890 haec
1272 3838 1337 3894 iis
1375 3848 1556 3907 erunt,
1591 3857 1714 3912 quae
1782 3843 1837 3898 in
1902 3843 2102 3900 fabulis
2167 3844 2235 3898 de
2286 3820 2614 3912 quibusdam
2669 3845 3044 3901 animantibus
3111 3856 3431 3917 narrantur,
3481 3852 3526 3906 si
3567 3859 3746 3906 tamen

486 3924 540 3970 et
570 3917 672 3972 ista
716 3935 842 3974 vera
877 3923 1006 3987 sint,
1041 3934 1094 3980 et
1127 3942 1236 3982 non
1296 3945 1446 3985 mere
1471 3931 1728 4001 conficta,
1781 3933 2248 4006 quemadmodum
2278 3933 2532 3988 audimus
2566 3941 2621 3988 et
2675 3933 2974 3990 credimus.

559 4003 724 4063 XXII.
767 4010 962 4068 Verum
1001 4016 1105 4071 ista
1144 4028 1198 4072 et
1228 4019 1298 4074 ad
1327 4022 1494 4077 alium
1529 4026 1711 4093 potius
1740 4003 2052 4082 sermonem

485 4109 542 4153 ct
567 4101 633 4154 ad
663 4103 811 4158 aliud
868 4115 1116 4174 spectant
1175 4117 1408 4180 tempus,
1448 4129 1556 4168 non
1592 4130 1719 4170 vero
1752 4118 1818 4171 ad
1846 4118 2054 4188 gratia-

487 4207 607 4247 rum
641 4194 877 4251 actionis
906 4199 1089 4267 potius
1147 4216 1312 4270 quam
1365 4206 1682 4262 certaminis
1739 4209 2059 4263 solemnita-

488 4295 617 4342 tem.
649 4284 766 4342 lloc
792 4289 925 4343 mihi
966 4306 1111 4348 nunc
1139 4296 1478 4363 propositum
1538 4307 1642 4362 est,
1677 4308 1737 4353 ut
1792 4309 1844 4355 et
1897 4300 2061 4355 simul

483 4377 832 4433 vehementer
864 4380 1126 4450 admirer,
1158 4393 1213 4439 et
1265 4387 1555 4456 gaudeam,
1596 4397 1650 4444 et
1707 4400 1900 4446 sancto
1946 4403 2059 4446 lcr-

484 4483 608 4522 rore
643 4473 924 4539 percellar,
959 4482 1124 4544 atque
1143 4476 1278 4531 adeo
1306 4481 1443 4549 grati
1468 4496 1687 4552 quoque
1709 4483 1878 4537 animi
1908 4484 2061 4538 obla-

2242 4023 2373 4078 K8"
2436 4024 2594 4079 Ἀλλὰ
2634 4025 2808 4080 ταῦτα
2864 4028 2963 4098 μὲν
2986 4030 3118 4091 ἴσως
3149 4031 3338 4099 ἑτέρου
3361 4033 3615 4101 λόγου¹τε
3641 4037 3738 4090 καὶ

2160 4115 2378 4187 καιροῦ,
2412 4117 2505 4170 καὶ
2538 4118 2599 4170 ού
2640 4118 2748 4170 τῶν
2797 4123 3170 4194 χαριστηρίων
3229 4125 3509 4198 μᾶλλον,ἢ
3543 4130 3747 4197 ἐναγω-

2158 4209 2311 4264 νίων.
2341 4211 2482 4262 Νυνὶ
2514 4209 2570 4263 δὲ
2593 4210 2858 4282 βούλομαι
2891 4213 2994 4282 μὲν
3055 4216 3173 4286 ὅιμα
3206 4216 3378 4272 πολλὰ
3425 4217 3744 4290 θαυμάζειν,

2161 4301 2258 4355 καὶ
2291 4302 2527 4371 χαίρειν,
2571 4303 2666 4355 καὶ
2715 4303 2984 4374 φρίττειν,
3043 4308 3146 4378 ἥδη
3199 4307 3259 4360 δὲ
3293 4310 3388 4362 καὶ
3423 4311 3551 4375 τοὺς
3589 4329 3745 4382 χαρι-

2169 4392 2428 4462 στηρίους
2463 4393 2785 4463 προσάγειν.
2819 4395 2934 4449 Οὐκ
2971 4395 3081 4466 ἔχω
3102 4398 3146 4450 δ’
3169 4392 3376 4464 οὗτινος
3404 4401 3470 4454 ἂν
3497 4401 3592 4454 καὶ
3619 4403 3746 4473 μᾶλ-

2170 4485 2261 4538 λον
2304 4486 2569 4556 γένωμαι,
2610 4486 2705 4540 τοῦ
2735 4487 3070 4560 θαύματοςῆ
3104 4491 3204 4560 τῆς
3232 4493 3460 4564 φρίκης,
3504 4495 3604 4564 τῆς
3648 4513 3744 4566 χα-

484 4560 687 4614 tionem
720 4562 993 4629 adjiciam.
1027 4564 1368 4636 Quamquam
1407 4570 1564 4639 plane
1597 4575 1802 4636 nescio,
1834 4576 2056 4629 cuinam

2173 4579 2270 4647 ρᾶς
2294 4578 2327 4648 ἢ
2351 4578 2452 4648 τῆς
2479 4579 2830 4650 εὐχαριστίας
2850 4599 2864 4612 ·
2899 4581 2992 4636 καὶ
3019 4582 3115 4636 τοῦ
3153 4583 3435 4654 θαύματος
3481 4586 3746 4656 ὁποτέρου

483 4652 718 4720 amplius
749 4652 966 4710 aﬂectui
1027 4657 1358 4728 indulgeam,
1393 4661 1844 4719 admirationisue
1873 4681 1940 4719 au
1972 4682 2063 4721 sa-

482 4742 561 4794 cri
595 4743 859 4807 horroris,
891 4763 1022 4801 num
1052 4751 1234 4819 gaudii
1294 4767 1362 4806 an
1409 4755 1814 4822 gratulationis,
1842 4773 1905 4812 ac
1936 4774 2062 4812 rur-

483 4849 580 4889 sus
608 4851 902 4904 quamuam
955 4839 1244 4914 (mystcrii)
1292 4855 1498 4910 partem
1552 4849 1727 4918 magis
1787 4858 2060 4918 stupeam,

483 4940 551 4978 an
581 4941 690 4996 quo
719 4939 873 4996 pacto
896 4930 1036 4987 Deus
1059 4935 1252 4989 evadat
1283 4937 1464 5005 homo,
1489 4953 1557 4992 an
1584 4939 1864 5008 quomodo
1897 4943 2060 4996 homo

480 5017 575 5070 ﬁat
639 5018 815 5085 Deus;
891 5037 956 5078 ac
1015 5029 1293 5096 quomodo
1354 5038 1500 5084 totus
1582 5031 1724 5086 Deus
1772 5041 1825 5085 et
1885 5034 2049 5087 simul

481 5107 632 5164 solus
685 5108 855 5166 Filius
908 5127 1162 5174 naturam
1220 5121 1512 5174 humanam
1555 5120 1882 5187 induat;ch
1915 5140 2056 5194 quo-

483 5198 644 5252 modo
669 5199 844 5258 Filius
871 5215 924 5257 et
984 5215 1136 5261 totus
1185 5208 1236 5261 in
1272 5210 1396 5264 sinu
1459 5211 1656 5278 Patris,
1713 5223 1769 5267 et
1791 5223 1936 5268 totus
1985 5215 2056 5270 sit

482 5295 536 5348 in
569 5300 720 5347 utero
746 5297 970 5361 matris;
1011 5306 1066 5351 et
1114 5301 1388 5366 quomodo
1421 5299 1656 5357 Verbum
1690 5320 1815 5360 vero
1839 5306 2052 5362 dimen-

2169 4668 2371 4738 μᾶλλον
2397 4668 2492 4722 τοῦ
2537 4670 2762 4741 μέρους,
2795 4672 2943 4735 ὅπως
2963 4675 2992 4726 6
3028 4674 3161 4739 Θεὸς
3186 4675 3497 4747 ἄνθρωπος,
3532 4677 3564 4748 ἢ
3600 4679 3746 4740 ὅπως

2162 4762 2190 4812 6
2216 4759 2503 4830 ἄνθρωπος
2537 4762 2748 4830 γίνεται
2772 4764 2906 4828 Θεός
2927 4782 2941 4796 ·
2978 4767 3072 4819 καὶ
3104 4767 3253 4831 ὅπως
3283 4768 3312 4820 6
3342 4767 3475 4831 Θεὸς
3501 4769 3623 4831 ὅλος
3651 4769 3745 4820 καὶ

2161 4852 2190 4904 6
2216 4851 2344 4915 Υἱὸς
2377 4853 2560 4922 μόνος,
2600 4855 2808 4925 ἢ-ὅπως
2833 4857 2928 4909 καὶ
2957 4858 3078 4921 ὅλος
3111 4859 3169 4913 ἐν
3192 4859 3268 4932 τῷ
3293 4861 3479 4930 κόλπῳ
3507 4860 3586 4929 τῷ
3638 4878 3744 4914 πα-

2159 4943 2354 5014 τρικῷ,
2392 4950 2483 4998 καὶ
2499 4945 2617 5009 ὅλος
2645 4948 2702 5001 ὲν
2726 4951 2793 5018 τῇ
2830 4949 2986 5020 νηδύϊ
3008 4954 3075 5022 τῇ
3106 4955 3347 5024 μητρικῇ
3379 4968 3394 4982 ·
3449 4953 3546 5006 καὶ
3599 4955 3744 5014 ὅπως

2163 5037 2192 5088 6
2224 5035 2394 5102 Λόγος
2425 5038 2488 5088 ὲκ
2521 5037 2694 5104 Λόγου
2732 5042 3055 5110 παχύνεται,
3095 5043 3127 5114 ἢ
3159 5043 3306 5106 ὅπως
3334 5044 3397 5096 τὸ
3450 5045 3622 5115 πάχος
3661 5044 3740 5115 τῷ

2164 5126 2324 5197 Λόγῳ
2355 5128 2675 5199 συνέρχεται
2697 5146 2711 5162 ο
2743 5131 2777 5202 ἢ
2807 5132 2977 5199 ὅπως,
3008 5133 3093 5188 ἵνα
3117 5134 3180 5187 τὸ
3214 5133 3526 5188 τελευταῖον
3580 5133 3740 5194 εἴπω,

2164 5217 2428 5288 παρθένος
2451 5222 2635 5291 γεννᾷ,
2659 5222 2691 5292 ἡ
2721 5222 2988 5294 παρθένος
3008 5226 3105 5296 τὴν
3124 5225 3384 5295 σύλληψιν
3395 5226 3632 5296 δέχεται,
3652 5224 3744 5278 καὶ

2167 5314 2306 5383 μετὰ
2345 5314 2445 5385 τὴν
2487 5315 2750 5388 σύλληψιν
2789 5319 3054 5391 παρθένος
3079 5321 3523 5390 διαφυλάττεται.

479 5383 690 5439 sionem
716 5401 1035 5456 corpoream
1084 5393 1352 5460 acquirat,
1401 5405 1498 5448 aut
1549 5399 1824 5465 quomodo
1861 5415 2041 5456 massa
2087 5403 2265 5459 Verbo
2330 5411 2623 5466 convenire
2685 5422 2867 5481 queat,
2927 5415 3033 5477 vel,
3069 5427 3125 5469 ιιι
3153 5417 3312 5472 linem
3345 5417 3568 5486 faciam,
3626 5431 3733 5488 quo

480 5488 639 5546 pacto
666 5479 821 5551 virgo
852 5482 1054 5553 gignat,
1117 5485 1199 5538 vel
1232 5487 1385 5556 virgo
1440 5490 1813 5560 conceptionis
1868 5508 2040 5564 capax
2081 5496 2172 5564 sit,
2207 5507 2262 5553 ct
2287 5509 2408 5570 post
2431 5479 2752 5573 conceptum
2783 5506 2938 5577 virgo
2964 5518 3234 5564 servetur.

554 5679 632 5747 (6)
665 5680 876 5751 Cunjici
927 5698 993 5736 ex
1042 5683 1125 5739 his
1157 5694 1352 5753 potest,
1382 5685 1644 5743 Joannem
1708 5691 2053 5748 Geometram

485 5760 607 5818 post
639 5763 887 5803 exortam
942 5757 1427 5810 monothelitarnm
1487 5761 1737 5814 Inercsim
1778 5763 2052 5818 ﬂoruisse.

488 5813 672 5869 Palam
699 5829 780 5873 est
808 5821 978 5887 enim,
1037 5824 1360 5893 Eutychiani
1400 5813 1870 5900 errorispartein,
1929 5852 2052 5906 quin

2164 5697 2218 5751 in
2247 5702 2720 5783 monothcliticam
2753 5705 2918 5764 desiit
2973 5709 3247 5775 haeresim,
3282 5709 3372 5765 hic
3403 5712 3472 5766 ab
3505 5728 3572 5769 co
3615 5726 3709 5784 per

2164 5779 2379 5822 Sll‘lmll.

2163 5785 2379 5841 smngr.
