4164 6440
447 359 553 422 833
1234 359 1490 420 SERMO
1527 360 1607 420 ΙΝ
1648 363 1752 422 SS.
1793 363 1994 425 DEIPx‘

2096 364 2146 424 Ἐ
2179 365 2905 431 ΑΝΝΗΝΤΙΑΤΙΟΝΕΜ.
3600 379 3706 442 834

520 469 666 522 [Ιόσα
721 486 812 540 μοι
859 469 953 523 καὶ
1003 469 1210 539 πηλίκα
1240 470 1432 522 τούτου
1455 469 1552 523 τοῦ
1600 473 1902 542 μυστηρίου
1961 490 1991 526 τ

2096 519 2107 544 γ
2203 474 2348 541 Quot
2382 482 2436 528 et
2470 489 2632 544 quam
2687 478 2940 532 sublimia
2974 478 3028 532 in
3082 478 3184 533 hoc
3249 481 3508 552 mysterio
3570 487 3704 539 mihi

444 561 727 631 θαύματα,
797 562 893 614 καὶ
927 561 1130 631 ὁμοίιος
1181 561 1436 631 άφραστα
1461 563 1558 616 καὶ
1589 563 1792 632 ὁμοίως
1839 563 1990 631 άγνω

2131 565 2350 620 elucent
2384 567 2674 628 miracula,
2703 579 2907 638 quanta
2969 573 3243 626 sermonis
3271 573 3424 641 juxta
3457 589 3521 628 ac
3550 591 3704 630 men-

443 652 574 706 σται
605 653 788 704 Πάντα
819 651 918 722 μὲν
955 651 1086 722 γὰρ,
1119 651 1218 704 ὅσα
1248 651 1380 719 ἐγὼ,
1407 653 1475 707 δι’
1506 654 1605 723 ἐμὲ
1635 654 1845 722 γίνεται
1887 655 1994 708 Θεδ

2133 657 2202 710 tis
2233 673 2368 713 mete
2402 660 2508 712 vim
2529 662 2873 728 superantia!
2906 661 3181 732 Quidquid
3212 665 3356 718 enim
3393 665 3506 733 ipse
3558 682 3706 732 sum,

443 741 676 811 ’ύστερον
698 759 711 772 ·
745 743 805 794 o6
841 741 1001 812 μόνον
1027 744 1055 794 6
1085 741 1340 810 ἀόρατος,
1373 744 1508 798 ἀλλὰ
1537 747 1634 799 καὶ
1670 748 1698 799 6
1723 747 1994 818 ἁπερινόη-

2129 747 2234 803 hoc
2262 749 2440 818 ipsum
2474 751 2615 805 Deus
2673 751 2971 806 novissime
3006 764 3227 822 pt'nptcr
3279 770 3365 810 me
3419 757 3704 825 nascitur;

438 851 530 897 τος
572 833 802 903 ὁρατός·
863 835 893 886 ό
945 833 1194 904 ἀόριστος
1255 835 1490 904 όριστὺς,
1571 837 1600 888 6
1638 839 1994 910 dmpuﬁptno

2127 840 2221 907 qui
2252 843 2452 895 nedum
2488 842 2780 897 invisibilis
2799 845 2998 908 oculis,
3031 847 3126 900 sed
3168 863 3236 901 ne
3272 857 3454 902 mente
3480 850 3700 918 quidem

442 925 838 997 περιγραπτὸς,
877 927 905 978 6
948 925 1114 989 άῡλος
1165 926 1370 990 ὑλικὸς,
1402 927 1432 978 6
1493 928 1706 1000 ἀναφὴς
1743 929 1938 993 άπτὺς,
1989 952 1994 977 t

2127 931 2640 999 comprehensibilis
2698 943 2804 999 est,
2866 934 2955 989 hic
3019 936 3079 989 tit
3135 937 3408 1000 visibilis;
3456 939 3704 997 inﬁnitus

439 1017 654 1088 ἀπαθὴς
681 1017 948 1087 παθητὸς,
994 1017 1024 1068 6
1039 1018 1387 1088 ύπερούσιος.
1406 1021 1434 1072 6
1455 1019 1809 1091 ὑπέρχρονος,
1832 1024 1862 1075 6
1883 1023 1990 1077 ἀθά

2126 1023 2312 1076 evadit
2361 1023 2570 1089 linitus,
2632 1025 3148 1097 incircumscriptus
3201 1030 3701 1096 circumscribitur,

439 1127 617 1174 νατος,
639 1109 883 1174 κτιστὸς,
912 1109 1192 1180 ἐφήμερος
1220 1112 1313 1163 καὶ
1339 1110 1555 1181 θνητός.
1589 1111 1756 1165 Οὕπω
1775 1113 1831 1166 δὲ
1862 1115 1958 1166 καὶ
1989 1135 1994 1163 ι

2125 1114 2408 1166 materiam
2442 1115 2616 1170 induit
2659 1117 2750 1186 qui
2783 1119 2958 1172 nescit
3006 1109 3310 1184 materiam,
3367 1119 3422 1174 ﬁt
3456 1123 3701 1192 palpabi-

437 1203 845 1273 άνερμήνευτος
897 1203 1264 1273 ὲρμηνευτδς,
1315 1203 1437 1256 οὐδὲ
1500 1204 1595 1256 καὶ
1650 1205 1679 1255 6
1730 1206 2012 1276 ἀκατάλη-

437 1310 593 1358 πτος,
619 1295 666 1346 εἰ
698 1293 795 1347 καὶ
820 1296 884 1364 τῇ
921 1296 1083 1360 σαρκὶ
1108 1295 1334 1365 ληπτός,
1387 1295 1733 1366 καταληπτὸς
1757 1297 1837 1367 τῷ
1881 1298 2014 1352 θαύα

443 1402 575 1455 ματι
604 1385 702 1454 τῆς
743 1385 1092 1455 σαρκώσεως.
1149 1387 1290 1439 Ἀλλ’
1339 1389 1386 1440 εί
1415 1388 1496 1440 δεῖ
1520 1405 1571 1440 τι
1598 1391 1692 1441 καὶ
1728 1389 2006 1461 τολμηρόο

441 1492 601 1546 τερον
648 1477 844 1539 εἰπεῖν,
903 1477 1444 1547 άκαταληπτότερος,
1491 1479 1602 1548 ὅσῳ
1632 1484 1698 1550 τῇ
1747 1481 1882 1549 πρὸς
1912 1484 2012 1550 τῆς

439 1566 656 1634 φύσεως
701 1567 1052 1638 άκαταληψίᾳ
1103 1569 1197 1621 καὶ
1258 1568 1362 1639 τὴν
1397 1569 1460 1622 ὲκ
1504 1571 1602 1636 τῆς
1654 1570 2011 1641 προσλήψεως

2121 1201 2190 1254 Iis
2219 1202 2312 1270 qui
2341 1203 2485 1272 tangi
2519 1205 2731 1272 nequit,
2758 1219 2956 1260 exsors
2986 1208 3302 1275 passionum
3348 1209 3404 1261 ﬁt
3452 1208 3700 1280 'passinni

2127 1291 2426 1359 obnoxius,
2455 1305 2508 1348 et
2533 1305 2786 1349 creatura
2815 1299 3140 1364 temporalis
3169 1314 3234 1352 ac
3296 1301 3544 1356 mortalis
3598 1317 3698 1372 ap-

2126 1386 2392 1453 paretqui
2446 1384 2807 1439 substantiam
2871 1402 3089 1440 omnem
3150 1397 3204 1441 et
3255 1403 3419 1444 omne
3485 1401 3698 1462 tempus

2120 1476 2591 1544 prmtergrcditur,
2643 1491 2708 1530 ac
2764 1487 2959 1530 natura
3013 1488 3099 1532 cst
3127 1480 3478 1537 immortalis.
3512 1484 3699 1553 Neque

2120 1573 2301 1618 tamen
2330 1575 2554 1634 prepter
2592 1565 2975 1620 admirandam
3033 1568 3468 1625 incarnationem
3523 1575 3695 1627 ellici-

437 1655 806 1724 προσελάϐετο
827 1673 840 1685 ·
873 1657 974 1709 ούκ
1007 1655 1392 1727 άνθρωπότητι
1419 1655 1582 1726 μίξας
1635 1655 1865 1725 θεότητα
1915 1657 1994 1727 μό-

2119 1663 2229 1719 lur,
2275 1665 2335 1710 ut
2364 1658 2457 1726 qui
2510 1671 2728 1711 omnem
2764 1659 3017 1712 vincebat
3072 1661 3569 1731 investigationem,
3612 1666 3695 1719 in-

431 1761 545 1809 νον,
571 1746 705 1800 άλλά
731 1748 826 1800 καὶ
858 1746 1019 1817 μίξας
1045 1735 1391 1814 άδιαιόἐτως.
1439 1747 1534 1800 καὶ
1567 1748 1808 1816 κεράσας
1828 1749 1994 1819 άσφύρε

2116 1748 2462 1818 vestigationi
2522 1751 2718 1804 deinde
2762 1759 2964 1820 pateat,
3021 1767 3197 1820 neque
3253 1754 3453 1808 iterum
3511 1759 3692 1826 utqui

428 1851 542 1899 τως
564 1854 576 1868 ’
612 1837 734 1890 οὐδὲ
763 1837 1004 1907 κεράσας
1033 1835 1175 1890 οὕτω
1199 1838 1296 1900 τὰς
1325 1835 1538 1904 φύσεις,
1567 1837 1600 1908 ἢ
1634 1837 1794 1907 μίξας
1823 1839 1994 1906 μόνον1

2109 1838 2678 1908 incomprehensibilis
2707 1850 2849 1903 erat,
2891 1853 3011 1895 utut
3032 1858 3200 1897 carne
3230 1844 3690 1913 comprehensus,

427 1927 570 1982 ἀλλὰ
593 1930 688 1982 καὶ
717 1931 815 1993 τὰς
838 1929 1120 2000 ἐνεργείας
1152 1931 1248 1984 καὶ
1277 1930 1344 1983 τὰ
1373 1930 1675 1998 θελήματα.
1698 1931 1754 1983 '0
1785 1932 1882 1999 μὲν
1911 1931 1994 1984 οὖν

2109 1933 2498 2002 comprehendi
2534 1934 2866 2003 cogitatione
2897 1943 3082 2003 queat.
3119 1935 3261 2001 Quin
3296 1936 3425 2001 imo,
3473 1937 3516 1992 si
3552 1940 3682 2007 quid

426 2020 528 2091 ούχ
551 2019 738 2094 ὥσπερ
763 2022 867 2075 ὑπὸ
891 2022 1102 2093 χρόνον,
1132 2021 1275 2074 οὕτω
1305 2022 1400 2074 καὶ
1430 2021 1536 2074 ὑπὸ
1559 2020 1718 2090 λόγον
1741 2013 1994 2091 εύδόκησε

2109 2025 2275 2079 etiam
2309 2025 2573 2080 audacius
2609 2025 2711 2079 fari
2766 2026 2915 2088 licet,
2949 2027 3108 2098 longe
3156 2027 3684 2096 incomprehensibi-

424 2113 714 2184 τεχθῆναι,
743 2115 836 2168 καὶ
855 2115 1016 2185 χάρις
1037 2114 1184 2182 αύτῷ
1203 2113 1377 2183 τούτῳ
1397 2127 1411 2142 ·
1448 2113 1530 2167 ὅτι
1559 2115 1652 2167 καὶ
1675 2114 1814 2185 ὑπὲρ
1845 2114 1994 2182 λόγον

2111 2115 2214 2170 lior
2225 2115 2422 2177 evadit,
2446 2125 2718 2185 quatenus
2738 2117 3402 2186 incomprehensibilitati,
3422 2133 3542 2187 qua
3562 2134 3691 2188 pro—

424 2205 524 2257 καὶ
551 2206 584 2275 ή
615 2205 776 2275 χάρις
803 2208 832 2259 6
853 2207 946 2259 καὶ
973 2204 1176 2276 τρόπος
1213 2205 1312 2276 τῆς
1357 2205 1599 2276 χάριτος.

2108 2207 2226 2274 pria
2247 2216 2333 2261 est
2357 2205 2553 2260 divinae
2581 2219 2806 2269 natum,
2825 2223 2968 2268 eam,
2993 2223 3112 2277 quae
3136 2224 3198 2262 ex
3229 2219 3525 2278 assumpta:
3563 2225 3688 2265 car-

425 2301 515 2354 nis
557 2301 817 2371 mysterio
867 2300 1254 2369 proﬁciscitur,
1320 2297 2031 2368 incomprehensibilitatem
2071 2299 2260 2370 adjicit
2296 2319 2311 2355 :
2349 2300 2478 2354 dum
2502 2301 2757 2356 videlicet
2819 2303 3146 2356 humanitati
3177 2302 3520 2359 divinitatem
3578 2313 3686 2357 non

419 2392 702 2447 connectit
733 2390 916 2457 modo,
983 2390 1078 2446 sed
1131 2388 1538 2446 indivisibiliter
1589 2387 1884 2451 connectit,
1935 2395 1989 2440 et
2028 2395 2239 2442 semota
2287 2390 2480 2457 quavis
2539 2386 3384 2460 confusionepertniscet;neque
3403 2391 3506 2444 hoc
3530 2399 3688 2460 pacto

421 2490 874 2540 naturastantum
895 2482 1058 2536 modo
1077 2483 1480 2554 permiscetseu
1497 2480 1791 2545 connectit,
1855 2493 2044 2533 verum
2085 2480 2250 2534 etiam
2281 2479 2626 2550 operationes
2691 2487 2746 2533 et
2784 2481 3115 2535 voluntates.
3145 2479 3301 2544 Quod
3348 2481 3532 2551 itaque
3581 2498 3686 2536 non

418 2587 490 2626 ea
524 2573 738 2628 ratione
765 2572 868 2642 ipsi
895 2573 1047 2627 nasci
1107 2571 1392 2641 placuerit,
1433 2579 1493 2624 ut
1528 2571 1992 2639 quemadmodum
2033 2569 2268 2640 tempori
2335 2569 2608 2624 obnoxius
2679 2568 2858 2626 factus
2889 2579 2994 2635 est,
3042 2571 3116 2624 ita
3153 2586 3407 2627 sermone
3453 2573 3687 2629 etl'abilis

417 2664 696 2727 evaderet,
721 2663 886 2718 etiam
914 2663 968 2716 in
995 2664 1100 2720 hoc
1132 2664 1253 2735 ipso
1287 2663 1560 2718 revelatur
1583 2663 1759 2732 gratia
1791 2678 1810 2720 :
1876 2663 2138 2732 quoniam
2170 2672 2287 2717 tum
2361 2661 2564 2731 gratia,
2631 2671 2747 2717 tum
2801 2663 2944 2718 ratio
2971 2664 3160 2733 gratia
3208 2679 3427 2720 omnem
3459 2663 3677 2721 dicendi

417 2756 736 2813 facultatem
772 2764 1052 2827 superant.

495 2849 622 2904 Kl".
667 2845 729 2902 '0
758 2848 816 2901 δὲ
846 2845 1004 2916 λόγος
1041 2847 1146 2918 ἥδη
1181 2847 1278 2902 καὶ
1297 2845 1394 2901 τοῦ
1425 2847 1554 2919 περὶ
1582 2847 1682 2918 τὴν
1723 2846 1999 2917 Παρθένον

417 2940 702 3012 θαύματος
723 2939 965 3010 ἅψασθαι
993 2940 1090 3011 μὲν
1120 2941 1241 3012 ἐρᾷ,
1273 2939 1650 3011 προσπελάσαι
1680 2939 1737 2993 δὲ
1771 2939 1999 3010 ίλιγγιᾷ.

2173 2842 2366 2899 XXIII.
2434 2843 2636 2900 Verum
2693 2861 2876 2902 sermo
2905 2848 3017 2918 jam
3081 2857 3136 2904 et
3186 2849 3318 2906 illud
3375 2862 3685 2920 portentum

2102 2943 2325 3006 exoptat
2353 2937 2617 3002 delibare,
2641 2937 2788 3008 quod
2836 2939 2890 2993 in
2938 2939 3162 3009 Virgine
3185 2943 3513 3012 suSpicimus
3541 2963 3557 3011 ;
3589 2945 3686 3000 sed

412 3032 598 3087 Πολλά
630 3034 730 3104 μὲν
757 3032 867 3103 γάρ
898 3033 992 3085 καὶ
1021 3032 1232 3102 μεγάλα
1254 3034 1348 3086 καὶ
1374 3032 1443 3086 τὰ
1461 3033 1601 3086 κατά
1622 3033 1722 3103 τὴν
1755 3030 1994 3085 Παλαιὰν

2101 3042 2167 3082 eo
2199 3029 2460 3084 accedere
2480 3029 2609 3083 dum
2659 3031 2852 3085 nititur
2875 3073 2891 3098 ,
2921 3033 3159 3102 quadam
3214 3035 3378 3088 veluti
3414 3037 3686 3106 vertigine

411 3123 674 3194 Θαύματα
700 3139 712 3150 ⁸
735 3123 982 3177 θάλασσά
996 3140 1054 3175 τε
1087 3123 1408 3194 διισταμένη
1427 3123 1522 3176 καὶ
1539 3122 1696 3176 πάλιν
1721 3138 1994 3175 συναπτο-

2099 3135 2159 3176 se
2183 3120 2436 3176 laborare
2466 3125 2746 3191 persentit.
2770 3122 2833 3178 Et
2849 3139 2981 3178 sane
3004 3125 3173 3180 multa
3197 3127 3382 3194 utique
3403 3143 3466 3183 ac
3487 3143 3685 3198 magna

427 3214 566 3285 μένη
596 3228 613 3246 ο
671 3215 767 3268 καὶ
823 3213 998 3285 πέτρα
1031 3214 1506 3284 πλημμυρουμένη
1542 3213 1781 3284 νάμασιο
1826 3229 1996 3266 ποτα·

418 3304 515 3374 μοὶ
563 3303 890 3375 ῥηγνύμενοί
930 3322 993 3358 τε
1032 3307 1128 3358 καὶ
1152 3304 1652 3374 άναχαιτιζόμενοιο
1700 3303 1852 3374 ἥλιος
1899 3303 1998 3372 μὲν

418 3397 748 3466 ἑπεχόμενος
779 3412 794 3426 ·
857 3397 1054 3468 νεφέλη
1113 3397 1172 3449 δὲ
1232 3398 1327 3450 καὶ
1360 3395 1762 3468 προτρέχουσα,
1804 3394 1996 3458 στύλος

417 3487 820 3557 προερχόμενός
845 3503 906 3540 τε
936 3488 1032 3540 καὶ
1051 3486 1418 3557 ἐπερχόμενος
1449 3499 1466 3515 ’
1491 3487 1641 3556 πηγὴ
1671 3485 1846 3554 πικρά
1875 3484 1996 3554 μέλι

411 3576 637 3648 ῥέουσα,
673 3579 767 3630 καὶ
819 3577 961 3648 ξηρά
988 3578 1182 3648 ῥάϐδος
1222 3576 1409 3630 ἄνθεσι
1441 3575 1684 3648 βρύουσα
1715 3593 1731 3608 ο
1769 3578 1865 3630 καὶ
1914 3575 1994 3629 ἔτι

408 3669 521 3740 πρὸ
549 3670 754 3724 τούτων
779 3668 1043 3740 καιομένη
1072 3686 1134 3722 τε
1163 3670 1324 3740 βάτος
1349 3669 1597 3723 άκαυστα
1621 3709 1637 3733 ,
1679 3668 1776 3723 καὶ
1813 3668 1996 3740 δροσι-

405 3759 617 3831 ζομένη
661 3762 888 3831 κάμινος
945 3760 1184 3814 ἄσϐεστα
1212 3777 1227 3790 ·
1284 3761 1380 3813 καὶ
1407 3759 1551 3832 ὕδωρ
1583 3759 1772 3814 ὕδασιν
1801 3761 1992 3814 είσπυ-

411 3851 700 3922 ρούμενον,
715 3853 812 3905 καὶ
836 3852 902 3905 ἶν’
931 3852 1005 3904 ea»
1030 3851 1099 3904 τά
1131 3851 1320 3917 πολλὰ,
1345 3852 1553 3916 πλάκες
1580 3852 1827 3922 δακτύλῳ
1856 3851 1990 3905 Θεοῦ

406 3944 779 4013 γραφόμεναι,
829 3943 924 3996 καὶ
980 3942 1113 3996 ὡσεὶ
1143 3943 1330 4014 ἄμμος
1374 3943 1598 3997 πετεινὰ
1656 3943 1987 4014 βρεχόμενα*

406 4034 510 4087 καὶ
538 4035 606 4086 τὰ
632 4034 836 4088 τούτων
877 4035 1210 4106 ἁρχαιότερά
1238 4052 1297 4088 τε
1323 4035 1419 4089 καὶ
1465 4036 1864 4106 ἐμφανέστερα,
1896 4035 1991 4089 καὶ

404 4127 510 4178 νῦν
538 4127 698 4180 πάλιν
719 4125 962 4197 νεώτερα
997 4143 1010 4156 ⁸
1044 4129 1255 4198 στεῖραι
1297 4127 1595 4192 τίκτουσαι,
1637 4127 1730 4180 καὶ
1759 4126 1990 4198 γηραιαὶ

403 4217 850 4288 βλαστάνουσαι,
903 4218 1230 4289 παραλόγως
1276 4218 1376 4289 μὲν
1398 4259 1414 4285 ,
1448 4219 1549 4272 ούκ
1601 4218 1858 4290 άσπόρως
1889 4218 1985 4272 δέί

415 4308 587 4362 ’Λλλὰ
615 4309 668 4362 τί
700 4326 792 4380 μοι
821 4310 1190 4380 ταῦτα,“πρὸς
1223 4311 1284 4363 τὸ
1309 4312 1506 4380 νόμους
1557 4309 1784 4380 λυθῆναι
1828 4311 1987 4378 λόγου

401 4403 507 4455 καὶ
539 4401 753 4472 φύσεως
777 4419 792 4468 ;
827 4402 969 4457 Ἀλλ’
995 4401 1116 4473 οὐχὶ
1153 4401 1347 4471 χρόνου
1368 4417 1427 4454 τε
1455 4402 1550 4455 καὶ
1567 4399 1870 4471 πηρώσεως
1891 4401 1989 4454 καὶ

401 4493 693 4547 συλλαϐεῖν
743 4495 840 4548 καὶ
890 4496 1072 4548 τεκεῖν
1116 4493 1435 4564 παρθένον;
1487 4495 1604 4547 Ούκ
1652 4493 1814 4558 άνθος
1863 4493 1984 4547 οὐδὲ

403 4585 644 4655 καρπὸν,
678 4584 754 4648 ὡς
787 4587 822 4655 ἡ
852 4584 1068 4655 ῥάϐδος,
1111 4584 1293 4655 μόνον,
1343 4582 1463 4636 οὐδέ
1487 4601 1541 4636 τι
1576 4583 1799 4653 ρευστὺν
1826 4583 1860 4654 ἢ
1888 4583 1986 4638 καὶ

403 4676 636 4746 ἄψυχον,
665 4675 744 4740 ὡς
780 4677 814 4747 ἡ
845 4676 1023 4746 πέτρα
1044 4676 1105 4729 τὸ
1133 4676 1303 4745 νᾶμα,
1335 4674 1474 4729 ἀλλὰ
1504 4674 1694 4745 βροτὸν
1717 4715 1733 4740 ,
1779 4675 1984 4746 μᾶλλον

399 4765 466 4818 δὲ
494 4766 625 4818 Θεὸν
646 4764 783 4835 όμοῦ
816 4765 914 4820 καὶ
935 4763 1147 4835 βροτὸν,
1171 4763 1390 4831 λογικόν
1409 4779 1468 4816 τε
1499 4763 1593 4816 καὶ
1627 4761 1810 4831 νοερόν
1839 4777 1853 4793 ο
1887 4760 1984 4816 καὶ

398 4855 506 4927 οὐχ
534 4857 658 4908 ὅσον
686 4854 763 4926 μὴ
795 4855 1090 4927 φλεχθῆναι
1114 4894 1130 4921 ,
1161 4854 1300 4909 ἀλλὰ
1345 4853 1440 4906 καὶ
1497 4851 1789 4922 θεωθῆναι,
1859 4849 1984 4922 μηδ’

403 4949 591 5019 ὑλικῇ,
629 4949 884 5018 καθάπερ
913 4948 964 5000 οἱ
997 4947 1210 5014 παῖδες,
1240 4945 1377 5001 ἀλλὰ
1410 4943 1544 4999 Θεοῦ
1595 4944 1752 5014 φλογί
1785 4958 1801 4974 ⁸
1859 4942 1983 5013 μηδ’

405 5039 591 5109 ἀκαρῇ
652 5039 746 5093 καὶ
801 5036 1001 5102 ἔξωθεν
1056 5038 1205 5106 σχεῖν
1262 5035 1360 5106 τὴν
1409 5033 1583 5104 φλόγα
1606 5071 1622 5099 ,
1673 5031 1924 5102 καθάπερ
1949 5033 1984 5102 ἠ

405 5132 594 5204 βάτος,
626 5131 741 5185 ἀλλ’
777 5130 924 5184 ἔνδον
957 5147 1018 5183 τε
1043 5131 1134 5182 καὶ
1161 5128 1256 5181 ἐπὶ
1283 5129 1538 5181 τοσοῦτον
1567 5142 1581 5158 ο
1612 5128 1705 5180 καὶ
1737 5125 1813 5196 μὴ
1845 5125 1985 5178 διελ-

402 5226 522 5278 θεῖν
579 5223 763 5278 δοῦναι
819 5222 1002 5293 μόνον,
1055 5220 1200 5275 καθά
1229 5221 1326 5273 καὶ
1358 5220 1392 5288 ἡ
1433 5217 1674 5288 Ἐρυθρὰ
1698 5217 1866 5271 πάλαι
1906 5214 1984 5286 τῷ

413 5315 659 5384 Ἰσραὴλ,
688 5313 826 5367 ἀλλὰ
869 5312 965 5368 καὶ
989 5311 1169 5384 σάρκα
1211 5309 1395 5365 δοῦναι
1428 5307 1504 5378 τῷ
1537 5307 1598 5373 ἐξ
1621 5307 1794 5377 αὐτῆς
1826 5323 1842 5340 ο
1877 5325 1983 5378 μη-

395 5407 462 5460 δὲ
489 5406 678 5470 ἁπλῶς
748 5405 1066 5476 γραφῆναι,
1121 5401 1374 5471 καθάπερ
1441 5400 1498 5452 αἱ
1577 5398 1784 5461 πλάκες
1843 5396 1979 5452 Θεοῦ

391 5500 674 5569 δακτύλῳ,
709 5497 847 5550 ἀλλὰ
879 5496 974 5549 καὶ
998 5493 1162 5549 αὐτὸν
1195 5490 1620 5562 συνουσιωθῆναι
1651 5489 1742 5544 τὸν
1783 5490 1976 5558 Λόγον,

392 5589 498 5644 καὶ
527 5589 834 5659 ὑποστῆναι
869 5586 930 5639 τὸ
957 5581 1312 5656 πρόσλημμα,
1339 5580 1448 5634 τίσι
1497 5577 1674 5633 ταῦτα
1720 5576 1978 5648 παρασαο

389 5683 509 5736 λεῖν
539 5679 684 5742 εἰκός
703 5695 720 5745 ;

2099 3209 2390 3280 splendent
2411 3210 2576 3266 etiam
2614 3211 2669 3266 in
2715 3213 2886 3267 veteri
2934 3213 3142 3269 ﬁndere
3175 3217 3419 3286 prodigia
3455 3234 3470 3272 :
3517 3217 3685 3273 mat-is

2099 3301 2260 3356 undae
2289 3301 2418 3357 hinc
2452 3302 2580 3356 inde
2596 3303 2934 3368 recedentes,
2965 3314 3132 3374 atque
3167 3306 3362 3359 iterum
3411 3307 3465 3360 in
3510 3323 3682 3362 unum

2097 3390 2477 3455 confluentes,
2518 3393 2708 3448 latices
2738 3408 2768 3448 e
2825 3403 2980 3462 petra
3036 3403 3389 3478 erumpentes
3427 3406 3481 3452 et
3508 3413 3683 3451 exuu-

2099 3482 2343 3539 dantes:
2383 3483 2672 3538 ﬂuminum
2727 3485 2963 3554 impetus
3015 3495 3129 3540 tum
3168 3483 3510 3556 interruptus
3565 3499 3681 3544 tum

2097 3582 2444 3642 retrnactus;
2505 3576 2585 3630 sol
2645 3583 2793 3630 stare
2846 3576 3080 3645 jussus;
3131 3587 3242 3631 tum
3286 3578 3450 3631 etiam
3502 3579 3678 3633 nubes

2096 3679 2465 3734 praecurrens,
2521 3674 2577 3720 et
2639 3666 2896 3722 columna
2941 3667 3086 3738 ignis
3129 3667 3292 3722 modo
3343 3668 3679 3737 praecedens,

2095 3757 2259 3811 modo
2291 3759 2686 3827 subsequens:
2726 3757 2848 3814 fons
2906 3773 3132 3814 amarus
3191 3759 3349 3813 melle
3404 3758 3680 3822 dillluens,

2093 3857 2149 3902 et
2187 3849 2340 3905 arida
2383 3852 2535 3922 virga
2591 3849 2816 3906 tioribus
2845 3861 3079 3918 onusta;
3113 3865 3179 3906 ac
3235 3859 3498 3920 praeterea
3553 3859 3682 3906 ante

2093 3938 2197 3993 ista
2237 3939 2408 3995 rubus
2439 3940 2638 3995 ardens
2665 3949 2720 3996 et
2751 3956 2862 3995 non
2894 3943 3260 4010 combustus;
3309 3951 3421 3996 tum
3475 3941 3674 3996 fornax

2093 4031 2447 4097 inexstincta,
2473 4032 2564 4087 sed
2580 4047 2706 4087 rore
2725 4037 2985 4100 madens;
3015 4043 3070 4088 et
3093 4049 3234 4103 aqua
3253 4034 3411 4103 aquis
3425 4033 3678 4100 incensa,

2092 4132 2281 4190 atque,
2316 4133 2376 4176 ut
2419 4124 2576 4192 plura
2610 4125 3069 4194 praetermittam,
3103 4126 3305 4180 tabulae
3363 4124 3457 4179 Dei
3511 4125 3680 4196 digito

2090 4214 2430 4284 conscripta,
2457 4225 2511 4268 et
2545 4215 2793 4270 volucres
2826 4215 3002 4270 instar
3029 4230 3211 4270 arenae
3233 4215 3576 4284 depluentes.
3614 4226 3669 4270 et
3759 4206 3766 4227 '

2091 4321 2294 4359 manna
2329 4306 2549 4362 coalitus
2580 4306 2904 4370 demissum,
2935 4307 3152 4375 aliaque
3179 4307 3262 4361 his
3278 4313 3334 4360 et
3364 4307 3677 4376 antiquiora

2089 4394 2538 4464 ctpraaclariora,
2587 4410 2651 4450 ac
2706 4396 3006 4450 recentiora
3046 4410 3287 4465 quoque,
3340 4410 3464 4464 qua)
3515 4411 3662 4451 nunc

2094 4487 2296 4541 iterum
2346 4502 2605 4554 evenere,
2647 4485 2866 4542 steriles
2896 4486 3171 4556 parientes
3214 4487 3334 4557 (4‘),
3382 4497 3439 4542 et
3486 4487 3673 4543 el‘lmta

2087 4585 2251 4632 aetate
2319 4579 2580 4634 mulieres
2637 4578 2952 4648 inepinate,
3001 4593 3316 4649 quanquam
3373 4593 3484 4634 non
3549 4579 3674 4635 sine

2091 4677 2349 4738 suscepto
2383 4669 2612 4733 semine,
2639 4669 2692 4723 in
2732 4677 2886 4722 utero
2906 4669 3222 4740 gestantes!
3262 4667 3462 4724 Verum
3497 4669 3675 4723 enitu-

2089 4774 2222 4816 vcro
2247 4761 2379 4830 quid
2415 4760 2522 4816 ista
2562 4759 2740 4823 mihi,
2774 4759 2822 4814 si
2859 4775 2982 4815 cum
3011 4758 3400 4816 deﬁcientibus
3430 4759 3510 4829 (in
3544 4757 3673 4814 Vir-

2089 4849 2236 4921 gine)
2272 4858 2386 4904 tum
2415 4848 2854 4904 ratiocinationis
2879 4858 3103 4913 nostra},
3138 4857 3250 4903 tum
3297 4857 3507 4902 natura:
3539 4847 3676 4918 legi-

2087 4943 2191 4998 bus
2220 4941 2618 4998 conferantur?
2656 4943 2736 4994 An
2770 4956 2898 4995 vero
2935 4949 3069 4995 artas
3091 4939 3286 5018 effata.
3310 4955 3376 4995 ac
3408 4939 3674 4994 sterilitas

2089 5036 2271 5103 (partu
2317 5033 2453 5088 mire
2503 5033 2713 5103 ditatm)
2749 5033 2858 5086 ullo
2908 5031 3072 5086 modo
3131 5031 3440 5100 comparari
3471 5040 3676 5100 queant

2089 5141 2216 5181 cum
2270 5125 2540 5196 portentis
2580 5123 2724 5178 illius
2750 5161 2766 5186 ,
2813 5137 2936 5193 qua:
2965 5122 3121 5190 virgo
3158 5130 3214 5178 et
3251 5122 3582 5190 conceperit,
3618 5129 3677 5177 et

2091 5215 2401 5286 pepererit?
2446 5212 2603 5279 Quod
2645 5220 2828 5266 autem
2885 5225 2996 5264 non
3047 5209 3236 5264 ﬂorem
3293 5210 3672 5264 tantummodo

2092 5309 2404 5364 fructumve
2457 5303 2766 5376 protulerit,
2821 5303 2899 5358 uti
2937 5302 3114 5373 prisca
3156 5301 3246 5356 illa
3273 5302 3461 5371 virga,
3493 5315 3672 5370 neque

2092 5399 2300 5454 ﬂuxum
2341 5396 2622 5468 quidpiam
2669 5403 2834 5466 atque
2886 5394 3270 5459 inanimatam,
3341 5391 3486 5448 sicut
3533 5390 3666 5445 olim

2088 5502 2240 5560 petra
2270 5489 2508 5553 laticem,
2541 5486 2637 5542 sed
2666 5485 2967 5552 hominem,
3007 5485 3256 5556 quinimo
3287 5482 3456 5538 Deum
3503 5482 3666 5538 simul

2086 5591 2142 5637 et
2189 5580 2466 5635 hominem
2526 5577 2738 5634 ratione
2809 5575 3274 5646 intelligentiaque
3341 5573 3654 5644 praeditum.

2089 5673 2356 5746 Quodque
2384 5687 2494 5730 non
2523 5671 2690 5729 modo
2721 5671 3004 5729 combusta
3049 5685 3159 5727 non
3186 5669 3374 5734 fuerit,
3418 5668 3526 5722 imo
3570 5665 3658 5722 di-

473 5795 575 5867 (4‘)
609 5794 690 5850 Ad
730 5793 970 5852 Elisabet
1014 5788 1380 5847 Praeeursoris
1433 5795 1664 5844 matrem
1691 5789 1806 5844 haec
1835 5799 2106 5860 spectant.
