4164 6440
535 370 643 432 835
1780 358 1909 419 JOA
1921 357 2100 417 NNIS
2140 353 2573 416 GEOMETRIE
3687 347 3797 411 8:16

534 478 666 532 vina
699 476 772 535 sit
793 474 1013 540 effecta,
1037 487 1162 530 cum
1196 480 1382 528 tamen
1416 482 1528 525 non
1554 464 1823 523 matcriali
1874 465 2116 532 flamma,
2158 473 2221 523 ut
2253 464 2388 521 olim
2451 475 2561 520 tres
2585 460 2762 532 pueri,
2794 461 2892 518 sed
2929 460 3275 518 comburenti
3340 459 3438 516 Dei
3468 459 3641 530 ipsius
3669 460 3796 528 igne

532 569 922 639 corriperetur,
1001 578 1182 634 neque
1253 562 1325 616 ad
1375 560 1597 618 brevem
1667 557 1859 613 horam
1920 565 1977 612 ct
2037 559 2402 621 extrinsecus,
2466 563 2529 611 ut
2559 554 2692 609 olim
2748 552 2945 619 rubus,
2992 563 3183 609 verum
3231 553 3562 607 intrinsecus
3614 560 3671 607 et
3723 552 3795 607 ad

533 672 751 735 tempus
789 670 901 718 tam
928 658 1250 712 diuturnum
1285 669 1301 707 :
1341 666 1408 711 ac
1428 664 1623 708 rursus
1652 647 1803 718 quod
1824 661 1934 703 non
2000 661 2151 702 mere
2187 647 2484 703 transitum
2519 643 2752 709 dederit,
2786 651 2849 700 ut
2890 642 3022 698 olim
3087 643 3338 700 Rubrum
3378 644 3662 707 lsraelitis,
3694 646 3793 702 sed

533 761 700 816 etiam
727 770 950 813 carnem
976 751 1267 821 prodeunti
1313 763 1382 804 ex
1434 746 1553 816 ipsa
1604 742 1930 813 praebuerit;
2000 738 2148 808 quod
2186 739 2413 810 insuper
2428 753 2536 794 non
2605 738 2948 808 simpliciter,
2992 746 3054 794 ut
3089 738 3365 808 quondam
3398 739 3531 811 legis
3571 741 3791 802 tabulae.

534 852 631 909 Dei
679 849 852 920 digito
898 846 1211 914 conscripta
1260 843 1371 908 sit,
1411 840 1508 897 sed
1587 835 1837 894 eamdem
1883 848 2010 891 eum
2051 833 2143 889 illa
2179 831 2542 889 substantiam
2580 830 2763 902 ipsum
2825 830 3067 888 Verbum
3119 830 3393 897 habuerit,
3442 841 3499 887 et
3548 834 3693 903 quod
3722 849 3790 889 ex

535 947 653 1016 ipsa
680 942 1026 1005 assumebat,
1070 939 1126 993 in
1200 951 1354 994 suam
1424 931 1732 1006 hypotasim
1800 930 2131 998 adsciverit;
2212 930 2368 997 haec,
2414 928 2686 999 inquam,
2741 927 2925 984 omnia
2985 926 3311 998 quibusnam
3351 928 3473 984 aliis
3527 933 3795 999 portentis

532 1032 839 1103 comparari
871 1038 1103 1101 possunt
1125 1029 1149 1083 ἲ

600 1120 796 1178 XXIV.
829 1120 983 1186 Quod
1014 1132 1146 1174 vero
1200 1132 1311 1172 non
1360 1116 1522 1170 modo
1565 1111 1883 1183 conceperit
1936 1108 2113 1180 virgo,

2289 1111 2415 1166 ΚΝ.
2449 1110 2525 1164 Τὸ
2577 1112 2634 1166 δὲ
2689 1112 2767 1181 μὴ
2825 1110 2987 1181 μόνον
3015 1112 3110 1165 καὶ
3167 1111 3452 1167 συλλαϐεῖν
3506 1110 3793 1180 παρθένον,

533 1220 590 1265 et
612 1218 934 1277 cenceptum
966 1207 1094 1263 dein
1129 1205 1322 1259 foetum
1366 1203 1422 1259 in
1456 1202 1633 1257 lucem
1694 1198 1972 1264 ediderit,
2021 1196 2117 1253 sed

2232 1204 2319 1258 καὶ
2348 1203 2721 1257 συλλαϐοῦσαν
2748 1204 3035 1271 διατελεῖν,
3070 1204 3207 1259 ἀλλὰ
3242 1206 3336 1260 καὶ
3378 1203 3643 1255 τεκοῦσαν
3695 1206 3795 1271 τὴν

537 1312 802 1371 praeterea
840 1299 1004 1356 enixa
1045 1296 1415 1367 virginitatem
1434 1291 1756 1358 servaverit,
1808 1304 1988 1345 nonne
2016 1290 2119 1342 dw-

2232 1294 2522 1365 παρθενίαν
2571 1296 2873 1365 διατηρεῖν,
2937 1295 3133 1358 πῶςοὺ
3167 1295 3389 1349 διπλοῦν
3440 1294 3537 1364 μὲν
3575 1297 3705 1364 ἡμῖν
3732 1295 3796 1349 τὺ

537 1394 660 1464 plex
701 1391 1011 1461 prodigium
1043 1389 1126 1443 vel
1157 1390 1210 1441 iu
1254 1390 1373 1457 ipsa
1406 1396 1620 1441 tantum
1654 1383 1864 1452 virgine
1919 1389 2123 1451 myste-

537 1488 681 1543 rium
719 1485 877 1541 nobis
895 1481 1173 1538 ostendit?
1200 1480 1470 1535 Caeterum
1493 1479 1673 1533 adhuc
1713 1477 1891 1547 majus
1941 1475 2007 1545 (si
2040 1484 2120 1529 ta-

541 1591 664 1632 men
686 1574 979 1645 quodpiam
1013 1572 1192 1641 majus
1219 1571 1402 1625 dicere
1460 1570 1602 1639 licet)
1635 1568 1803 1637 priori
1847 1565 2122 1634 posterius

539 1673 784 1736 apparet.
806 1663 939 1717 Nam
971 1662 1113 1731 quod
1138 1660 1372 1717 Verbum
1392 1662 1635 1715 nondum
1661 1674 1923 1727 corporea
1943 1675 2121 1716 IIIaSa‘a

541 1756 1009 1814 circumvestitum
1039 1753 1301 1809 ineffabili
1331 1755 1551 1822 quidem
1574 1754 1805 1817 ratione,
1833 1756 1927 1809 sed
1962 1771 2120 1827 pror-

544 1863 642 1907 sus
672 1847 901 1916 integris
929 1845 1283 1913 virginalibus
1315 1845 1571 1899 claustris
1615 1846 1898 1916 ingressus
1938 1852 2120 1917 fuerit,

544 1949 880 2003 carnemque
912 1931 1295 2000 assumpserit,
1333 1931 1438 1986 hoc
1465 1946 1599 1987 sane
1642 1934 1892 1989 mirabile
1917 1948 2021 2002 est,
2068 1950 2123 1993 et

545 2025 861 2081 nullatenus
876 2021 1261 2092 comprehendi
1278 2030 1475 2090 potest.
1494 2022 1629 2089 Quis
1644 2025 1790 2081 enim
1807 2026 1911 2081 hoe
1926 2038 2083 2098 neget
2101 2030 2125 2083 ἵ

543 2115 663 2172 Non
694 2117 833 2172 adeo
854 2125 1037 2171 tamen
1068 2114 1447 2172 admirandum
1475 2117 1607 2172 illud
1635 2124 2123 2189 est,‘qnemadmo-

543 2210 670 2263 dum
690 2209 837 2276 quod
889 2222 1011 2262 cum
1053 2216 1337 2276 assumpto
1398 2225 1621 2279 quoque
1661 2226 1851 2266 crasso
1898 2227 2127 2281 corpore

541 2316 819 2374 egressus,
855 2309 1091 2371 portam,
1117 2303 1195 2358 uti
1233 2304 1385 2371 prius
1405 2341 1420 2366 ,
1448 2303 1797 2373 ouaignatam
1821 2305 2123 2374 reliquerit,

541 2394 692 2449 velut
710 2394 775 2449 ac
808 2408 1082 2463 nunquam
1115 2393 1441 2449 transiisset.

2223 1387 2367 1440 κατά
2384 1387 2485 1458 τὴν
2510 1388 2779 1458 παρθένον
2800 1388 2964 1458 μόνον
2979 1389 3324 1443 ἀναδείκνυσι
3356 1388 3542 1458 θαῦμα
3568 1387 3662 1440 τοῦ
3695 1405 3798 1457 μυ-

2223 1480 2483 1550 στηρίου;
2534 1481 2721 1550 μεῖζον
2744 1480 2824 1545 δὲ,
2844 1482 3024 1552 ἐιπερ
3049 1498 3103 1535 τι
3137 1482 3321 1551 μεῖζον
3375 1482 3550 1534 εἰπεῖν
3585 1479 3758 1545 ἔξεστι
3778 1520 3793 1543 ,

2221 1572 2318 1626 καὶ
2350 1571 2447 1626 τοῦ
2481 1572 2848 1641 προλαϐόντος
2872 1614 2887 1637 ,
2949 1574 3222 1642 φαίνεται.
3248 1572 3322 1625 Τὸ
3355 1570 3453 1642 μὲν
3496 1571 3606 1641 γάρ
3634 1571 3799 1639 μήπω

2222 1665 2567 1737 παχυνθέντα
2595 1666 2688 1719 τὸν
2714 1666 2908 1735 Λόγον,
2936 1666 3231 1737 ἀφράστως
3261 1664 3383 1735 μὲν,
3426 1662 3690 1725 ἀσείστως
3737 1662 3798 1715 δὲ

2221 1761 2331 1815 τῶν
2364 1759 2655 1830 νυμφικῶν
2674 1759 2936 1812 είσελθεῖν
2960 1759 3245 1829 κλείθρων,
3277 1757 3371 1811 καὶ
3398 1757 3579 1827 σάρκα
3593 1754 3795 1821 λαϐεῖν,

2225 1853 2539 1921 θαυμαστὸν
2566 1852 2664 1921 μὲν
2692 1851 2786 1905 καὶ
2833 1851 2955 1904 οὐδὲ
3000 1849 3376 1920 καταληπτόν·
3408 1849 3526 1912 πῶς
3554 1846 3663 1919 γάρ
3689 1847 3749 1901 οὗ
3779 1864 3797 1913 ;

2224 1942 2377 1998 οὔπω
2396 1944 2451 1997 δὲ
2477 1945 2752 2009 τοσοῦτον,
2781 1944 2907 1997 ὅσον
2931 1943 3070 2013 μετά
3094 1942 3187 1995 τοῦ
3214 1946 3421 2012 πάχους
3443 1941 3567 1993 ὅλου
3592 1942 3685 1993 καὶ
3701 1939 3796 1993 τοῦ

2229 2035 2657 2106 προσλήμματος
2678 2034 2984 2100 ἐξελθόντα,
3021 2034 3121 2104 τὴν
3154 2032 3331 2102 πύλην
3348 2033 3797 2105 ὲσφραγισμένην

2225 2126 2549 2191 ἀπολιπεῖν,
2611 2126 2802 2198 ὥσπερ
2854 2126 2923 2180 ἂν
2968 2126 3019 2179 εί
3089 2124 3227 2197 μηδὲ
3275 2124 3373 2197 τὴν
3424 2124 3601 2197 ἀρχὴν
3656 2124 3790 2179 διελ-

2228 2215 2336 2271 θὼν
2360 2212 2451 2288 ἦν.

613 2481 783 2537 XXV.
809 2482 915 2548 Qui
947 2497 1112 2553 porro
1134 2498 1314 2538 meum
1333 2499 1452 2538 esse
1469 2485 1663 2553 possit,
1693 2486 1931 2556 prodigii
1960 2488 2122 2554 hujus

2295 2484 2426 2539 KE'.
2458 2481 2570 2538 Καὶ
2592 2481 2645 2534 τί
2678 2497 2768 2550 μοι
2799 2479 2894 2533 τοῦ
2916 2478 3196 2549 θαύματος
3224 2476 3529 2549 ἀνιχνεύειν
3548 2477 3609 2529 τὸ
3630 2476 3793 2530 πέλα-

544 2576 771 2647 pelagus
801 2573 1174 2643 inveStigare?
1211 2572 1326 2629 Hoc
1349 2575 1529 2644 ipsum
1564 2579 1709 2631 enim
1743 2578 2122 2635 admirandum

545 2666 683 2723 adeo
713 2666 989 2722 veteribus
1017 2680 1238 2737 quoque
1265 2665 1440 2722 visum
1472 2675 1574 2734 est,
1610 2677 1671 2723 ut
1708 2672 1792 2723 vel
1822 2672 2120 2740 propheta),

543 2773 574 2813 a
607 2758 768 2829 longe
799 2758 927 2811 illttd
963 2759 1259 2821 intuentes,
1294 2773 1573 2824 nunquam
1606 2775 1715 2813 non
1756 2770 1980 2829 stupore
2011 2777 2129 2832 per-

545 2850 894 2913 cellerentur,
930 2858 986 2905 et
1016 2864 1125 2905 non
1168 2849 1327 2903 modo
1351 2850 1535 2920 ipsum
1568 2851 1957 2905 annuntiarent
2004 2853 2127 2906 ubi-

545 2957 677 3012 que,
718 2941 813 2998 sed
854 2950 908 2997 et
954 2942 1221 3012 symbolis
1240 2943 1572 3013 quibusdam
1616 2943 1934 3014 umbrisque
1989 2944 2129 2999 deli-

549 3041 805 3096 nearent,
837 3032 884 3087 si
915 3032 1057 3087 forte
1089 3033 1502 3089 obscurioribus
1538 3034 1812 3105 aliquibus
1839 3035 2010 3091 veluti
2032 3051 2129 3092 co-

550 3124 761 3180 loribus
811 3133 976 3180 tanta:
1038 3125 1114 3181 rei
1192 3125 1620 3194 magnitudinem
1674 3127 1887 3182 ratione
1945 3127 2129 3196 aliqua

548 3213 876 3268 adumbrare
901 3223 1145 3283 possent.
1174 3216 1349 3284 Atque
1384 3215 1470 3269 bis
1499 3218 1745 3283 edoctus,
1771 3218 1885 3287 ipse
1913 3233 2132 3287 quoque

550 3320 672 3359 cum
700 3304 976 3373 prioribus
997 3319 1061 3359 ea
1082 3317 1401 3373 comparare
1435 3305 1583 3371 novi,
1628 3321 1755 3377 quae
1791 3308 1942 3376 prius
1979 3322 2131 3362 com-

548 3398 833 3465 paratione
863 3397 1140 3453 carebant.
1177 3397 1263 3451 Ad
1284 3397 1414 3452 illud
1442 3398 1591 3452 enim
1628 3399 1714 3454 vel
1756 3415 1925 3454 unum
1957 3400 2133 3469 virg'k

550 3488 741 3545 nitatis
767 3488 1073 3557 prodigium
1101 3488 1179 3544 sic
1203 3504 1262 3545 se
1294 3489 1499 3545 habent
1524 3504 1590 3544 ea
1617 3491 1798 3545 omnia
1828 3530 1847 3556 ,
1877 3500 2039 3560 prout
2060 3490 2132 3545 ad

548 3579 833 3659 veritatem
863 3596 922 3635 se
964 3581 1126 3635 habet
1153 3590 1332 3648 typus,
1363 3582 1427 3635 ad
1461 3596 1664 3650 corpus
1714 3583 1931 3648 umbra,
1967 3593 2135 3653 atque

549 3669 619 3723 ad
657 3684 775 3722 rem
791 3670 964 3737 ipsam
1011 3672 1307 3726 somnium.
1337 3670 1613 3741 Virginem
1644 3672 1847 3742 quippe
1894 3674 1987 3728 illa
2016 3689 2134 3728 om-

550 3761 642 3816 nia
697 3761 1138 3829 aduutbrabant;
1190 3763 1368 3831 iisque
1431 3765 1693 3833 symbolis
1752 3764 2133 3835 praesignem»

548 3865 672 3905 esse
702 3866 896 3907 outnes
924 3853 1096 3920 ipsam
1130 3854 1511 3919 exsistimant,
1544 3857 1913 3926 congruisque
1953 3858 2132 3911 nomi-

551 3941 712 4001 nibus
730 3941 1029 4009 appellant,
1057 3958 1206 3999 mare
1223 3944 1452 3999 divisum
1478 3945 1788 4014 iterumque
1805 3947 2133 4006 adunatum;

551 4041 767 4102 portam
794 4034 1037 4101 perviam
1071 4035 1237 4089 simul
1277 4046 1332 4089 et
1373 4035 1657 4102 clausam;
1704 4035 1980 4092 fornacem
2016 4052 2139 4091 rore

553 4123 863 4181 madentem
878 4125 1069 4192 simul,
1085 4136 1250 4196 atque
1265 4127 1547 4183 ardentem
1567 4144 1585 4194 ;
1606 4126 1801 4182 rubum
1825 4129 2133 4192 incensum,

551 4217 647 4272 sed
702 4233 809 4273 non
845 4219 1227 4286 combustum;
1297 4221 1500 4276 nubem
1535 4221 1641 4277 diei
1696 4221 1860 4277 simul
1891 4230 1947 4276 et
2000 4220 2137 4275 recti

553 4309 764 4365 itineris
783 4310 1066 4377 nuntiam;
1100 4311 1413 4368 columnam
1452 4312 1617 4383 ignis,
1652 4329 1759 4368 non
1797 4315 1981 4379 modo,
2012 4328 2134 4368 cre-

552 4404 820 4470 diderim,
879 4406 1125 4461 divinum
1178 4409 1356 4477 ignem
1393 4410 1447 4463 in
1498 4425 1559 4464 se
1596 4410 1884 4475 ferentem,
1945 4426 2133 4467 verum

552 4498 716 4553 etiam
757 4498 999 4554 divinum
1030 4515 1342 4566 novumque
1366 4502 1628 4570 populum
1659 4512 1850 4557 contra
1876 4504 2137 4573 spiritua-

553 4589 657 4643 lcm
716 4587 1055 4644 Pharaonem
1110 4593 1646 4657 eonnnnnientem;
1700 4603 1909 4662 petram
1987 4594 2133 4659 mel,

552 4679 793 4735 Verbum
846 4682 1073 4743 scilicet,
1117 4682 1527 4749 effundentem;
1570 4686 1776 4754 virgam
1828 4688 2136 4756 progermi-

554 4780 771 4824 nantcm
795 4770 1007 4835 ﬂorem,
1039 4774 1131 4841 qui
1150 4776 1369 4842 generis
1400 4776 1624 4829 humani
1650 4777 1945 4845 fragrantia
1968 4786 2052 4832 est
2082 4785 2139 4830 et

554 4864 760 4932 gloria;
799 4863 1045 4935 [terram,
1071 4881 1194 4932 quae
1230 4881 1446 4936 semper
1475 4869 1559 4922 sui
1590 4868 1807 4934 similis,
1836 4884 1900 4923 ac
1928 4870 2137 4939 ccelesti

557 4955 817 5007 alimento
848 4954 1044 5008 referta
1100 4957 1318 5009 inventa
1348 4963 1460 5020 est;
1511 4971 1741 5025 quaeque
1783 4970 2000 5020 manna,
2044 4970 2137 5024 pa-

558 5062 678 5100 nem
717 5046 943 5099 minime
972 5047 1202 5111 cultum,
1241 5046 1469 5116 profert,
1501 5061 1661 5115 quem
1702 5045 1909 5101 scilicet
1962 5059 2138 5114 neque

2226 2594 2322 2646 γος
2349 2593 2364 2641 ;
2396 2573 2552 2627 Οὕτω
2580 2574 2688 2642 γὰρ
2716 2571 2863 2636 εδοξε
2892 2571 3124 2633 καὶτοῖς
3166 2569 3334 2622 πάλαι
3376 2567 3539 2621 τοῦτο
3589 2567 3799 2636 θαυμα-

2228 2668 2375 2733 στὸν,
2438 2665 2513 2728 ὡς
2560 2662 2767 2721 ἄνωθεν
2819 2662 2909 2717 ἀεὶ
2966 2660 3125 2714 τοῦτο
3177 2661 3273 2713 καὶ
3329 2661 3457 2723 τοὺς
3515 2660 3799 2730 προφήτας

2228 2757 2655 2831 ἐκπλήττεσθαι,
2694 2755 2788 2808 καὶ
2819 2754 2893 2824 μὴ
2920 2753 3079 2823 μόνον
3131 2751 3411 2821 πανταχοῦ
3462 2751 3797 2821 περιφέρειν,

2226 2852 2364 2908 ἀλλὰ
2394 2852 2489 2904 καὶ
2516 2847 2854 2919 ὑπογράφειν
2879 2845 3169 2916 συμϐόλοις
3190 2846 3260 2913 λγέ
3305 2861 3418 2897 τισι
3450 2844 3545 2897 καὶ
3576 2845 3751 2904 σκιαῖς

2228 2945 2285 2998 εί
2307 2960 2465 3009 πως,
2522 2940 2711 3011 ὥσπερ
2775 2942 2833 2993 ιν
2908 2936 3310 3008 ἀνμαυροτέροις
3356 2937 3468 2990 τισὶ
3524 2935 3796 3005 χρώμασι,

2230 3035 2705 3107 σκιαγραφήσουσι
2751 3031 2815 3084 τὸ
2864 3030 2960 3082 τοῦ
3011 3029 3339 3099 πράγματος
3374 3027 3624 3099 μέγεθος,
3659 3027 3800 3079 Κάν-

2230 3127 2408 3182 ταῦθα
2479 3122 2688 3195 μαθὼν,
2744 3121 2958 3191 ἔγνωκα
2981 3159 2999 3185 ,
3059 3120 3361 3190 συγκρίνας
3427 3118 3684 3188 ἀνωτέρω
3734 3117 3802 3170 τὰ

2230 3219 2457 3274 αὐτόθεν
2483 3215 2814 3285 ἀσύγκριτα.
2845 3213 3008 3266 Ὅσον
3046 3211 3156 3282 γάρ
3182 3211 3356 3264 τύπου
3407 3209 3505 3263 καὶ
3551 3208 3802 3280 ἀληθείας

2230 3306 2291 3358 τὸ
2325 3306 2510 3375 μέσον,
2542 3304 2638 3357 καί⁵
2657 3302 2909 3371 σώματος
2934 3300 3033 3355 καὶ
3047 3300 3225 3365 σκιᾶς,
3252 3299 3348 3353 καὶ
3366 3299 3685 3368 πράγματος
3713 3300 3806 3351 καὶ

2230 3398 2532 3468 ὀνείρατος,
2549 3393 2803 3448 τοσοῦτον
2818 3392 3088 3447 κάκείνων
3103 3390 3322 3444 πάντων
3345 3389 3482 3459 ὁμοῦ
3511 3392 3605 3444 καὶ
3640 3390 3807 3459 μόνου

2231 3488 2326 3543 τοῦ
2352 3486 2495 3543 κατά
2508 3487 2607 3557 τὴν
2635 3485 2911 3557 Παρθένον
2943 3484 3243 3554 θαύματος.
3275 3484 3459 3537 Πάντα
3487 3483 3597 3552 γὰρ
3624 3483 3804 3535 ἐκεῖνα

2233 3581 2440 3650 ταύτην
2469 3579 2724 3643 ἐτύπουν,
2752 3578 2848 3630 καὶ
2870 3578 3046 3630 πάντα
3078 3575 3284 3645 ταύτην
3303 3575 3503 3637 πάντες
3530 3573 3807 3642 νομίζουσί

2233 3689 2292 3726 τε
2311 3672 2409 3725 καί
2440 3668 2771 3741 ὀνομάζουσι
2798 3686 2812 3701 ’
2840 3669 3119 3723 θάλασσαν
3151 3666 3474 3737 σχιζομένην
3526 3667 3619 3719 καὶ
3652 3666 3809 3719 πάλιν

2237 3762 2639 3833 συνερχομένην
2668 3777 2681 3791 ⁸
2720 3761 2901 3831 πύλην
2944 3759 3369 3828 διαϐαινομένην
3409 3758 3527 3827 ἄμα
3572 3758 3667 3810 καὶ
3713 3773 3802 3808 κε-

2238 3857 2567 3926 κλεισμένην
2591 3872 2606 3887 ·
2643 3855 2872 3924 κάμινον
2910 3852 3299 3926 δροσιζομένην
3329 3853 3447 3922 ἄμα
3468 3852 3561 3904 καὶ
3612 3851 3803 3918 φλεγο-

2242 3950 2410 4019 μένην
2431 3964 2444 3978 ·
2479 3946 2639 4017 βάτον
2685 3947 3007 4018 καιομένην,
3056 3944 3172 3999 ἀλλ’
3219 3945 3283 3997 ού
3326 3943 3764 4011 κατακαιομέυην
3788 3959 3801 3972 ·

2238 4038 2468 4107 νεφέλην
2518 4038 2732 4108 ἡμέρας
2792 4039 2911 4107 ἄμα
2984 4036 3083 4091 καὶ
3147 4036 3480 4106 εὐθυπορίας
3542 4035 3799 4102 ἄγγελον

2240 4126 2433 4181 στύλον
2464 4126 2658 4196 πυρὸς,
2684 4128 2747 4179 ού
2780 4127 2840 4179 τὸ
2867 4128 3031 4193 θεῖον,
3080 4123 3256 4195 οἶμαι,
3290 4127 3451 4195 μόνον
3483 4124 3593 4195 πῦρ
3626 4126 3805 4191 ἐπιφε-

2239 4221 2496 4291 ρομένην,
2520 4220 2656 4273 ἀλλὰ
2681 4219 2889 4272 καὶτοῦ
2912 4220 3057 4274 θείου
3086 4220 3179 4273 καὶ
3198 4220 3325 4273 νέου
3341 4217 3476 4271 λαοῦ
3502 4219 3595 4270 τὸν
3615 4213 3807 4284 Φαραὼ

2236 4313 2329 4366 τὸν
2355 4312 2544 4382 νοητὸν
2577 4313 3107 4383 ἀποφραγνυμένην·
3141 4312 3347 4381 πέτραν
3375 4310 3496 4379 μέλι
3524 4311 3614 4362 τὸν
3644 4309 3806 4375 Λόγον

2241 4409 2493 4477 ῥέουσαν,
2521 4405 2715 4474 ῥάϐδον
2756 4404 2938 4469 ἄνθος,
2978 4406 3077 4474 τὴν
3114 4404 3345 4458 εὐωδίαν
3395 4404 3490 4456 καὶ
3534 4403 3689 4466 δόξαν
3717 4400 3806 4453 τοῦ

2240 4499 2450 4566 γένους,
2470 4498 2742 4567 φέρουσαν
2766 4513 2780 4529 ·
2813 4495 2939 4567 [γῆν
2968 4498 3231 4565 μείνασαν
3256 4496 3346 4550 οἱα
3368 4496 3505 4559 ἐστὶ,
3522 4498 3616 4548 καὶ
3635 4496 3804 4564 πλήρη

2237 4591 2337 4660 τῆς
2391 4589 2542 4652 θείας
2609 4591 3013 4660 εὕρισκομένην
3041 4591 3291 4660 τροφῆςδ
3349 4590 3445 4643 καὶ
3477 4589 3673 4659 μάννα,
3720 4588 3810 4639 τὸν

2237 4679 2590 4749 ἀγεώργητον
2645 4678 2832 4748 ἄρτον,
2889 4681 3184 4749 φέρουσαν,
3215 4679 3275 4731 δν
3301 4677 3424 4730 οὔτε
3476 4677 3663 4746 ἄροσις
3691 4675 3809 4729 οὒτε

2241 4772 2421 4842 σπορὰ
2483 4769 2801 4840 ἑγεώργησε
2958 4770 3195 4823 κιϐωτὸν
3257 4770 3532 4839 ἄψαυστον
3559 4812 3573 4835 ,
3641 4771 3809 4837 κῆπον

2238 4862 2457 4926 ἄσυλον,
2491 4862 2713 4932 λυχνίαν
2736 4861 3019 4926 ἄσϐεστον,
3041 4863 3168 4916 ναὸν
3191 4861 3411 4928 ἄϐατον,
3441 4863 3565 4933 ὅρος
3595 4863 3810 4931 ἄτομον,

2238 4954 2459 5022 ἀρεταῖς
2489 4953 2821 5023 κατάκομον,
2851 4952 3034 5007 πλάκα
3057 4954 3388 5024 θεόγραφον,
3431 4953 3667 5022 στάμνον
3701 4952 3816 5004 θεο-

2238 5044 2414 5112 δόχον,
2441 5042 2751 5115 τράπεζαν,
2785 5044 2871 5113 ἐφ’
2902 5038 2936 5116 ᾖ
2990 5046 3018 5096 ὁ
3062 5045 3161 5115 τῆς
3195 5043 3342 5111 ζωῆς
3390 5045 3576 5115 ἄρτος,
3608 5044 3810 5110 κλίνην,

556 5139 732 5193 aratie
770 5153 948 5208 neque
976 5139 1331 5193 commissum
1353 5153 1539 5193 semen
1570 5138 1753 5192 attulit
1771 5134 1826 5210 ;]
1854 5151 2130 5206 nunquam

2244 5133 2329 5200 ἐφ’
2357 5129 2423 5204 ἦς
2448 5135 2478 5186 ὁ
2533 5133 2759 5195 δυνατὸς
2792 5133 3160 5199 ἀνεπαύσατο,
3189 5134 3454 5201 κλίμακα,
3492 5134 3559 5186 δι’
3591 5129 3657 5205 ἦς
3682 5150 3815 5187 κατ-

554 5238 871 5283 temeratam
904 5244 1088 5285 arcam
1113 5269 1129 5297 ,
1168 5230 1385 5283 hortum
1416 5228 1809 5293 inviolabilem,
1855 5226 2136 5281 lucernam

555 5336 829 5391 nunquam
860 5336 965 5376 non
988 5322 1277 5386 lucentem,
1302 5320 1563 5390 templum
1594 5321 1955 5383 inaccessum,
1978 5331 2137 5370 mon-

553 5420 658 5468 tem
692 5429 799 5468 non
830 5424 1041 5469 sectum
1087 5429 1152 5468 ac
1182 5412 1473 5468 virtutibus
1499 5411 1862 5476 frondentem,
1892 5409 2130 5464 tabulam

2245 5224 2463 5295 έρχεται
2523 5224 2621 5299 μὲν
2647 5224 2801 5287 Θεὸς,
2826 5223 3112 5293 ἀνέρχεται
3136 5224 3193 5276 δὲ
3217 5226 3245 5275 ὁ
3269 5224 3479 5294 θνητὸς,
3512 5225 3819 5294 ἀρχομένην

2248 5317 2351 5384 μὲν
2412 5317 2521 5370 τῶν
2576 5316 2827 5387 χθονίων,
2890 5317 3207 5387 ἁπτομένην
3251 5318 3309 5369 δὲ
3364 5320 3459 5371 καὶ
3502 5318 3610 5370 τῶν
3655 5318 3815 5385 οὐρα-

2240 5410 2389 5463 νίων.

553 5522 585 5560 a
624 5508 737 5563 Deo
786 5508 1198 5577 conscriptam;
1250 5520 1443 5560 urnam
1499 5503 1671 5557 Deum
1735 5502 2144 5567 continentem;
2185 5515 2432 5556 mensam
2488 5500 2543 5553 in
2572 5514 2681 5570 qua
2714 5500 2872 5570 panis
2901 5508 2985 5555 est
3014 5500 3174 5566 vitae;
3209 5500 3463 5555 lectulum
3510 5501 3561 5554 in
3603 5516 3815 5570 quone-
3888 5550 3889 5553 η

554 5601 760 5669 quievit
788 5601 881 5670 qui
913 5609 1105 5669 potens
1132 5610 1255 5667 est,
1288 5600 1491 5656 scalam
1519 5612 1615 5668 per
1639 5611 1806 5667 quam
1832 5607 1887 5652 et
1912 5606 1920 5614 ‘
1942 5592 2229 5650 descendit
2283 5592 2447 5658 Deus,
2480 5602 2535 5647 et
2586 5594 2836 5648 ascendit
2874 5594 3039 5649 homo
3064 5633 3079 5658 ,
3151 5596 3312 5650 terris
3364 5594 3606 5659 innixam
3660 5604 3815 5663 atque

553 5692 717 5743 cmlos
748 5690 1122 5759 attingentem.

628 5777 819 5833 XXVI.
850 5780 976 5833 Iimc
1004 5789 1111 5834 tam
1142 5779 1423 5849 praeclara,
1446 5789 1606 5851 atque
1628 5778 1712 5834 his
1735 5777 1896 5834 etiam
1930 5777 2141 5847 potiora

2321 5771 2467 5840 KG’.
2523 5774 2772 5831 Τοσαῦτά
2805 5793 2897 5846 μοι
2920 5777 3012 5831 καὶ
3042 5778 3121 5832 ἔτι
3143 5778 3314 5833 πλείω
3340 5780 3469 5851 περὶ
3522 5779 3618 5852 τὴν
3670 5782 3809 5849 Παρ-
