4164 6454
437 358 544 421 837

1223 360 1482 420 SERMO
1517 361 1599 422 IN
1636 363 1754 434 SS.
1787 364 2139 427 DEIPAR/E
2176 368 2899 435 ANNUNTIATIONEM.

3589 385 3695 448 838

433 468 589 520 θένον
611 465 680 519 τὰ
707 465 984 538 θαύματα,
1009 466 1210 540 μᾶλλον
1245 467 1303 526 δὲ
1332 468 1401 524 τὰ
1424 469 1518 522 τοῦ
1547 469 1824 540 θαύματος
1868 474 2014 526 εἰκο-

2122 477 2174 532 in
2210 476 2431 551 Virgine
2470 481 2743 553 prodigia,
2799 499 2893 538 seu
2937 482 3118 553 potius
3159 487 3532 558 prodigiorum
3565 495 3696 552 ima-

431 560 711 630 νίσματα·
747 559 842 620 καὶ
889 559 978 613 διὰ
1025 559 1199 621 ταῦτά
1251 578 1342 630 μοι
1395 562 1456 616 τὸ
1491 563 1618 636 περὶ
1655 564 1753 638 τὴν
1814 565 2007 619 συλλα-

431 651 634 704 ϐοῦσαν
667 650 984 721 θαυμάζειν,
1017 652 1198 708 ἔπεισι
1230 653 1352 722 μὲν,
1376 655 1472 711 οὐκ
1493 653 1667 720 ἔξεστι
1693 656 1769 722 δὲ,
1803 659 1876 726 μὴ
1913 656 2020 734 καὶ,

429 740 750 812 καθυϐρίσω
781 740 842 793 τὸ
893 738 1078 810 θαῦμα
1100 740 1179 811 τῷ
1228 742 1467 814 θαύματι
1495 760 1510 776 ·
1543 744 1605 797 τὸ
1633 744 1687 798 δὲ
1741 747 1835 800 καὶ
1878 749 2008 818 περὶ

429 832 523 883 τὸν
550 829 924 900 συλληφθέντα
957 830 1236 901 θαυμάσαι
1265 833 1397 902 μὲν,
1453 834 1564 902 ὅσῳ
1613 835 1775 888 πλέον
1822 838 2006 908 εὖρείν

431 922 693 976 ἀδύνατον
722 937 736 952 ·
763 921 951 992 φρίξαι
975 923 1031 976 δὲ
1056 924 1276 992 μᾶλλον,
1295 924 1336 996 Δἥ
1366 925 1648 994 θαυμάσαι
1673 928 1812 994 δέον,
1865 929 2007 983 ᾶποο

435 1029 564 1083 ρον·
614 1013 879 1084 κροτῆσαι
907 1014 963 1073 δὲ.
999 1015 1222 1084 μᾶλλον,
1269 1016 1304 1087 ἦ
1365 1017 1556 1088 φρῖξαι
1601 1020 1696 1072 καὶ
1729 1018 2007 1089 θαυμάσαι

433 1105 662 1176 πρέπον,
698 1105 1048 1175 ἀσύγκριτον.
1091 1106 1248 1160 Οὕτω
1281 1125 1373 1178 μοι
1413 1110 1507 1164 καὶ
1541 1109 1712 1163 πολλὰ
1743 1113 1836 1164 καὶ
1880 1112 2010 1165 πολιν

427 1197 658 1268 λαχόθεν
693 1197 786 1250 καὶ
816 1199 904 1256 ῖσα
933 1198 1032 1266 τῆς
1055 1198 1250 1268 ἑορτῆς
1284 1200 1354 1256 τὰ
1383 1201 1660 1273 μυστήρια
1692 1219 1706 1232 ·
1749 1202 1887 1256 ἀλλὰ
1911 1202 2004 1258 τοῦ

432 1289 533 1361 μὲν
558 1289 1115 1359 θαύματοςτοσοῦτον
1143 1291 1517 1362 ἐνδειξάμενος
1547 1293 1711 1366 μόνον
1738 1295 1835 1348 καὶ
1866 1296 2007 1358 dim-

426 1381 728 1446 λελαυκὼς,
758 1382 1086 1454 ἀφίσταμαι.

2118 567 2272 638 gines
2300 582 2589 641 contueor;
2626 590 2690 630 ac
2730 586 3015 645 propterea
3065 580 3430 648 coucipientis
3478 598 3693 653 porten-

2115 667 2230 713 tum
2255 662 2532 720 celebrare
2557 665 2690 718 mihi
2713 666 2932 734 quidem
2961 668 3128 731 subit.
3150 671 3247 727 sed
3278 672 3363 730 fas
3393 689 3500 732 non
3527 675 3692 743 duco,

2120 765 2210 816 ne,
2267 751 2396 805 dum
2431 753 2653 812 laudare
2681 755 2992 825 aggredior,
3052 759 3299 818 miraculi
3354 763 3691 834 tttajatatem

2118 842 2440 899 imminuam
2474 860 2488 898 :
2523 845 2669 913 quod
2700 861 2828 901 vero
2879 859 3140 917 praeterea
3180 852 3247 906 ad
3292 868 3418 910 eum
3456 868 3689 927 spectat,

2116 934 2208 1003 qui
2239 944 2536 1004 conceptus
2563 946 2666 1003 est,
2716 953 2784 993 co
2822 941 3041 1008 quidem
3077 945 3254 1013 magis
3293 946 3690 1018 Obstupescat:-

2117 1027 2245 1080 dum
2274 1035 2379 1089 est,
2400 1041 2510 1096 quo
2537 1029 2720 1084 minus
2753 1031 2836 1086 vel
2887 1033 3184 1103 excogitari
3219 1037 3269 1092 id
3305 1043 3522 1112 potuit;
3581 1059 3690 1112 quo

2117 1115 2300 1170 minus
2349 1132 2482 1174 vero
2534 1120 2778 1189 pervium
2838 1121 2967 1177 illud
3002 1134 3107 1189 est,
3139 1134 3417 1197 stuporem
3465 1143 3690 1190 sanctus

2118 1206 2316 1262 horror
2340 1208 2523 1266 vincat
2546 1220 2789 1280 oportet;
2820 1213 3074 1281 plaudere
3103 1219 3326 1275 demum
3357 1223 3478 1291 plus
3517 1228 3687 1280 etiam

2115 1298 2304 1364 decet,
2358 1314 2524 1368 quam
2563 1311 2617 1358 et
2655 1312 2888 1364 tremere
2944 1321 3010 1363 ac
3057 1318 3317 1378 stupere,
3371 1314 3494 1370 ideo
3539 1319 3689 1387 quod

2113 1389 2318 1446 nullam
2349 1393 2814 1460 comparationem
2846 1396 3124 1457 admittat.
3148 1398 3239 1458 Sic
3263 1404 3397 1459 mihi
3424 1415 3478 1460 et
3519 1409 3688 1462 multa

428 1485 488 1535 et
514 1477 794 1572 tmtltiplici
827 1492 892 1530 cx
916 1477 1103 1572 capite
1135 1486 1190 1532 et
1243 1477 1508 1552 dignitate
1575 1481 1732 1550 paria
1779 1496 1902 1538 sese
1951 1483 2225 1554 objiciunt
2292 1485 2660 1544 solemnitatis
2703 1487 2868 1557 hujus
2944 1496 3242 1562 mysteria;
3279 1499 3372 1552 sed
3433 1500 3502 1554 ad
3559 1516 3689 1572 por.

429 1578 578 1628 tenta
632 1570 778 1642 quod
830 1570 1044 1636 attinet,
1083 1586 1205 1624 cum
1233 1573 1314 1630 vel
1363 1573 1468 1629 hoc
1521 1591 1688 1630 unum
1740 1584 1850 1632 tam
1897 1578 2159 1639 eximium
2190 1579 2541 1636 indicaverim
2571 1591 2627 1638 et
2653 1583 3026 1652 delibaverim,
3057 1587 3172 1656 jam
3203 1591 3432 1648 absisto.

503 1659 626 1720 KZ'.
654 1659 864 1730 Φρίττω
885 1661 962 1726 δὲ,
985 1661 1118 1718 Θεὸν
1139 1663 1314 1734 εὑρὼν
1336 1667 1430 1720 καὶ
1457 1667 1637 1724 λαϐὼν
1659 1669 1760 1739 τῆς
1781 1670 1997 1739 φύσεως

2175 1671 2392 1729 XXV“.
2418 1673 2655 1730 Maximo
2702 1691 2866 1746 porro
2899 1667 3046 1734 metti
3077 1683 3362 1750 percellor,
3420 1702 3488 1742 ne
3535 1700 3687 1758 post-

425 1751 708 1817 κοινωνὸν,
739 1754 833 1807 καὶ
853 1754 977 1850 Θεῷ
1002 1756 1359 1834 τρερόμενος,
1390 1759 1466 1824 ὡς
1486 1761 1719 1832 τρώγων
1740 1763 1802 1817 τὸ
1835 1755 1998 1835 σῶμα

2104 1779 2268 1834 quam
2290 1764 2462 1821 Deum
2509 1778 2720 1823 natura:
2775 1781 2980 1826 nostra:
3035 1783 3351 1832 consortem
3388 1751 3584 1848 reperi,
3633 1791 3690 1836 et

423 1843 522 1898 καὶ
544 1844 714 1898 πίνων
736 1843 796 1899 τὸ
824 1839 965 1914 αἷμα
997 1862 1010 1876 ·
1041 1846 1115 1921 μὴ
1147 1848 1244 1903 καὶ
1265 1851 1628 1922 καταφλεχθῶ
1651 1858 1746 1914 νῦν
1777 1856 2000 1924 μᾶλλον,

421 1935 488 1989 ού
519 1935 759 2008 καθαρὸς
811 1936 907 1996 τοῦ
955 1937 1198 2010 καθαροῦ
1264 1944 1740 2014 προσαπτόμενος,
1788 1949 1884 2005 καὶ
1933 1951 2002 2022 τῇ

420 2028 683 2100 κοινωνίᾳ
739 2030 898 2084 κοινὰ
949 2032 1019 2089 τὰ
1058 2035 1264 2103 φρικτὰ
1314 2035 1694 2109 λογισάμενος,
1739 2043 1836 2097 καὶ
1867 2043 2006 2099 Θεὸν

421 2117 623 2173 ἐννοῶν
659 2119 753 2176 καὶ
781 2119 923 2189 ὁρῶν
946 2119 1207 2192 δευτέραν
1241 2125 1451 2192 μοικαὶ
1481 2127 1815 2200 τηλικαύτην
1839 2132 2000 2204 εὐερ-

420 2209 618 2278 γεσίαν
661 2211 1115 2283 κατατιθέμενον,
1141 2214 1322 2287 πολλῷ
1354 2217 1450 2276 καὶ
1478 2220 1576 2289 τῆς
1607 2222 1880 2294 προτέρας
1931 2227 2001 2296 τῇ

416 2302 576 2370 τάξει
605 2302 702 2355 καὶ
745 2305 812 2374 τῇ
854 2303 1084 2376 δυνάμει
1129 2309 1424 2380 προτέραν,
1447 2311 1559 2382 ὅσῳ
1604 2314 1724 2368 τότε
1772 2315 1875 2385 μὲν
1899 2317 2004 2385 τῆς

417 2392 650 2459 εἰκόνος,
685 2392 781 2448 νῦν
799 2395 856 2448 δὲ
893 2396 1115 2466 καὶτῆς
1144 2400 1334 2465 οὐσίας
1371 2402 1546 2472 αὐτῆς
1579 2406 1888 2476 μετέδωκε,
1925 2407 2002 2480 μὴ

416 2485 519 2540 καὶ
541 2486 669 2556 περί
697 2486 794 2558 τὴν
842 2489 1078 2560 ἐσχάτην
1123 2490 1332 2566 ταύτην
1363 2495 1459 2550 καὶ
1492 2495 1722 2568 πρώτην
1778 2499 2002 2570 εὐεργεῳ

417 2575 544 2629 σίαν
575 2577 667 2630 καὶ
689 2579 994 2648 κοινωνίαν,
1023 2580 1529 2655 ὰγνωμονέστερος,
1555 2583 1590 2655 ἢ
1642 2586 1868 2657 προτοῦ,
1911 2588 2004 2657 γέ.

415 2686 599 2738 νωμαι
631 2685 645 2700 ⁸
674 2670 768 2724 καὶ
790 2670 1109 2742 καθυῦρίσω
1149 2673 1228 2743 μὴ
1255 2674 1354 2746 τὴν
1402 2676 1590 2734 εἰκόνα
1615 2681 1778 2748 μόνον
1797 2718 1814 2744 ,
1863 2680 2002 2740 ἀλλὰ

412 2759 518 2814 καὶ
544 2759 607 2814 τὸ
626 2759 934 2830 ἀρχέτυπον
961 2776 976 2792 ο
1006 2763 1057 2814 εἰ
1103 2763 1199 2818 καὶ
1225 2763 1543 2836 καθυϐρίσω
1576 2767 1676 2838 μὲν
1712 2767 1846 2836 ἐγὼ,
1871 2761 2002 2824 καθτ

411 2850 706 2923 υϐρίξεται
735 2851 794 2905 δὲ
820 2851 952 2917 Θεὸς
993 2853 1263 2924 οὐδαμῶς.
1297 2856 1510 2926 Φρίττω
1543 2859 1638 2914 καὶ
1661 2859 1794 2912 ὅσον
1847 2859 2001 2915 οὔπω

311 3024 320 3029 η
407 2947 513 3000 τὸν
532 2945 940 3018 ἁκριὸέστερον,
969 2947 1002 3016 ἢ
1054 2947 1282 3018 πρότου,
1311 2947 1661 3020 λογιζόμενος
1685 2953 1996 3023 νομοδότην,

409 3040 486 3096 οὐ
511 3039 906 3110 νομοθετοῦντα
931 3040 1093 3110 μόνον
1115 3044 1227 3105 τοῖς
1253 3044 1536 3114 ῥήμασιν,
1579 3045 1718 3102 ἀλλὰ
1757 3047 1854 3100 καὶ
1896 3065 2002 3101 πα·

2109 1856 2498 1924 animadverti,
2523 1868 2817 1930 postquam
2852 1862 3018 1916 etiam
3047 1861 3161 1920 Deo
3191 1869 3457 1935 enutrior,
3503 1880 3690 1940 utpote

2104 1946 2196 2014 qui
2227 1952 2282 2002 et
2312 1961 2514 2016 corpus
2544 1947 2664 2017 ejus
2709 1950 3033 2006 manducem
3063 1992 3079 2019 ,
3120 1963 3175 2009 et
3225 1958 3546 2028 sanguinem
3600 1961 3688 2016 bi-

2103 2035 2228 2090 bam
2261 2035 2363 2106 (5),
2393 2037 2800 2098 comburendus
2832 2041 3082 2097 acerbius
3113 2043 3223 2113 igni
3261 2045 3374 2115 jam
3412 2048 3553 2104 tradi
3588 2050 3689 2105 de-

2103 2126 2284 2194 beam,
2316 2130 2578 2212 quoniam
2611 2145 2784 2198 purus
2817 2147 2928 2189 non
2980 2135 3254 2191 exsiStens
3284 2139 3554 2208 attingere
3581 2155 3685 2210 pu-

2103 2233 2232 2273 rum
2267 2220 2464 2286 audeo,
2516 2229 2572 2276 et
2631 2232 2852 2292 propter
2905 2227 3361 2282 consuetudinem
3415 2244 3503 2293 ca,
3559 2246 3686 2299 qua

2101 2309 2340 2372 maxime
2369 2313 2648 2370 tremenda
2677 2323 2827 2380 sunt,
2863 2316 3029 2373 veluti
3060 2320 3375 2374 communia
3408 2321 3682 2390 arbitror;

2102 2399 2451 2460 vehementer
2511 2404 2710 2468 timeo,
2764 2421 2832 2462 ne
2891 2407 3022 2463 dum
3063 2417 3214 2464 certo
3260 2411 3382 2465 scio
3415 2426 3479 2466 ac
3513 2413 3684 2467 veluti

2101 2507 2268 2552 cerno
2328 2494 2522 2560 Deum,
2579 2499 2682 2553 hoc
2729 2499 2960 2554 alterum
3006 2500 3143 2554 mihi
3192 2510 3411 2571 tamque
3470 2503 3688 2571 insigne

2101 2585 2472 2645 conferentem
2509 2589 2860 2656 beneﬁcium,
2883 2590 3032 2659 quod
3059 2600 3114 2646 et
3140 2591 3470 2662 dignitateet
3488 2595 3688 2649 virtute

2102 2677 2260 2749 longe
2287 2679 2452 2734 etiam
2504 2681 2684 2749 primo
2749 2681 2844 2736 illo
2901 2683 3302 2751 praecellentius
3345 2695 3450 2748 est,
3483 2693 3688 2754 quanto

2102 2771 2311 2830 scilicet
2339 2772 2577 2842 imagine
2603 2786 2724 2837 sua,
2758 2787 2922 2843 quam
2951 2783 3080 2830 tunc
3106 2764 3485 2846 estelargitus,
3508 2779 3688 2846 potéor

2100 2872 2186 2918 est
2239 2863 2356 2932 ipsa
2413 2864 2742 2925 substantia.
2781 2880 2945 2934 quam
2986 2865 3145 2920 nobis
3171 2883 3318 2921 nunc
3348 2869 3685 2937 participan-

2099 2954 2223 3011 dam
2251 2954 2488 3022 praebuit
2529 2971 2545 3022 ;
2580 2970 2808 3020 vereor,
2846 2955 3109 3023 inquam,
3148 2971 3215 3012 ne
3257 2958 3522 3014 adversus
3583 2959 3686 3014 hoc

2100 3063 2319 3116 quoque
2352 3058 2688 3117 postremum
2712 3059 2876 3117 atque
2912 3050 3160 3104 omnium
3192 3051 3490 3106 maximum
3518 3053 3654 3107 bene
3683 3087 3688 3094 -

413 3130 780 3204 ραδεικνύντα
801 3134 921 3240 sciet
940 3133 1233 3203 πράγμασι
1258 3136 1354 3192 καὶ
1393 3137 1506 3199 τοῖς
1556 3136 2000 3210 νομοθετηθεῖσιν

2104 3138 2285 3198 licium
2326 3141 2500 3209 magis
2565 3144 2732 3195 etiam
2794 3157 2960 3210 quam
3015 3142 3281 3198 adversus
3331 3153 3491 3198 vetus
3522 3144 3682 3207 illud,

411 3222 558 3290 ἡμῖν
587 3219 1109 3292 παρεξεταζόμενον.

2104 3227 2350 3298 ingratus
2373 3229 2626 3293 evadam,
2654 3241 2709 3284 et
2737 3244 2847 3283 non
2894 3231 3186 3296 imaginem
3229 3230 3429 3297 modo,
3479 3231 3576 3286 sed
3628 3239 3687 3284 et

419 3311 608 3383 ipsum
663 3314 1017 3384 archetypum
1059 3310 1261 3382 injuria
1309 3309 1560 3377 alliciam,
1623 3320 1906 3382 utcunque
1958 3311 2167 3371 inferre
2229 3314 2449 3384 quidem
2483 3318 2599 3386 ipse
2666 3316 2925 3388 injuriam
2982 3317 3212 3384 possim,
3246 3319 3558 3386 praecelsior
3583 3333 3687 3372 auo

423 3417 538 3469 lem
569 3408 639 3469 Sit
670 3406 834 3473 DeuS.
862 3421 1028 3476 quam
1063 3415 1121 3466 ut
1170 3404 1314 3476 tangi
1344 3403 1566 3474 injuriis
1611 3404 1749 3462 lueis
1796 3405 1985 3476 possit.
2029 3404 2134 3461 Sed
2154 3417 2210 3462 et
2235 3421 2506 3471 summus,
2563 3409 2609 3463 si
2638 3424 2882 3478 unquam
2949 3409 3105 3472 alias,
3131 3423 3218 3465 me
3239 3423 3412 3476 pavor
3430 3418 3683 3480 occupat,

418 3502 557 3562 dum
582 3499 914 3569 severiorem
936 3513 1103 3575 quam
1137 3506 1299 3556 antea
1329 3497 1694 3566 lcgislatorem
1760 3498 2028 3568 recogito,
2068 3499 2164 3567 qui
2223 3499 2438 3554 vivendi
2493 3515 2741 3556 normam
2781 3515 2890 3554 non
2947 3501 3110 3554 modo
3153 3499 3333 3555 verbis
3381 3502 3681 3569 proposuit.

414 3610 614 3654 verum
665 3594 830 3653 etiam
873 3592 1130 3658 operibus
1186 3591 1681 3659 comtnonstravit,
1742 3592 2010 3662 nobisque
2047 3594 2153 3664 legi
2177 3592 2442 3662 subjectis
2466 3593 2747 3649 accenseri
2779 3593 2967 3647 voluit.

493 3688 626 3740 κη’.
647 3686 840 3756 Χαίρω
862 3685 922 3738 δὲ
943 3684 1037 3738 καὶ
1063 3683 1152 3738 διὰ
1184 3684 1362 3737 πάντα
1393 3683 1492 3754 μὲν
1508 3683 1677 3738 τᾶλλα
1705 3700 1720 3715 ⁸
1747 3685 1866 3748 πῶς
1885 3684 1996 3754 γὰρ

2169 3683 2408 3739 XXVIII.
2443 3683 2621 3740 Laetor
2647 3700 2778 3740 vero
2811 3685 2882 3740 ob
2909 3685 3014 3739 alia
3048 3685 3254 3740 omnia.
3282 3682 3384 3750 Qui
3418 3682 3566 3738 enim
3584 3682 3684 3736 ali-

408 3777 481 3838 οὖ
506 3796 520 3844 ;
547 3779 610 3834 οὐ
639 3777 795 3850 μόνον
825 3778 924 3847 τῆς
949 3775 1220 3848 τιμωρίας
1240 3773 1715 3846 ὲλευθερούμενος,
1747 3777 1884 3832 ἀλλὰ
1905 3779 1998 3832 καὶ

2104 3777 2224 3832 ter?
2255 3775 2369 3832 Non
2414 3776 2574 3831 modo
2594 3777 2739 3832 enim
2769 3791 2801 3831 e
2834 3776 3105 3846 supplicio
3136 3776 3358 3837 liberer,
3395 3775 3487 3829 sed
3516 3773 3684 3828 etiam

412 3869 735 3940 θεούμενος,
769 3869 828 3922 ού
857 3867 1021 3938 μόνον
1043 3868 1108 3924 ὲκ
1147 3869 1251 3936 γῆς
1296 3867 1666 3937 ἀναγόμενος,
1715 3869 1852 3928 ἀλλὰ
1905 3871 2002 3928 καὶ

2104 3867 2294 3926 divinat
2341 3882 2570 3924 censors
2587 3881 2798 3923 natura
2827 3869 3040 3934 evado;
3072 3883 3180 3922 non
3240 3866 3404 3921 modo
3448 3881 3480 3919 θ
3532 3877 3682 3920 terra

413 3965 502 4027 εἰς
526 3961 625 4031 τὴν
659 3959 824 4029 Ἐδὲμ
850 3957 1227 4028 εἰσαγόμενος,
1255 3959 1456 4028 μᾶλλον
1475 3958 1533 4012 δὲ
1571 3959 1665 4018 καὶ
1690 3960 1772 4024 εἰς
1798 3960 1998 4025 αὐτοὺς

2104 3961 2303 4032 arigor,
2337 3974 2528 4017 verum
2552 3961 2720 4016 etiam
2756 3960 2812 4013 in
2837 3957 2987 4014 Eden
3037 3959 3380 4022 introducor,
3438 3971 3536 4011 seu
3581 3971 3678 4025 pn-

412 4053 550 4115 τοὺς
579 4051 837 4122 οὐρανοὺς
867 4048 1157 4120 αἰρόμενος
1188 4060 1203 4079 ⁸
1234 4049 1296 4101 ού
1333 4047 1430 4103 τοῦ
1461 4047 1661 4120 ἐχθροῦ
1693 4049 1956 4118 λούμενος
1979 4088 2000 4115 ,

411 4142 562 4198 ἀλλὰ
612 4142 706 4196 καὶ
762 4140 841 4211 τῷ
876 4139 1097 4200 Βασιλεῖ
1147 4139 1654 4211 προσκολλώμενος,
1697 4140 1835 4209 ὁμοῦ
1895 4140 1998 4210 μὲν

410 4233 604 4302 πάσης
633 4231 1106 4304 ἀπολυτρούμενος
1139 4231 1237 4300 τῆς
1269 4229 1570 4300 ἁμαρτίας,
1616 4229 1754 4302 όμοῦ
1805 4229 1863 4288 δὲ
1903 4230 2001 4286 καὶ.

407 4327 550 4395 ὅλης
580 4325 680 4395 τῆς
724 4325 767 4375 Τ
773 4323 954 4394 ριάδος
1004 4322 1494 4392 ἀναπιμπλάμενος
1525 4338 1538 4352 ·
1589 4324 1688 4391 οὐχ
1735 4322 1858 4376 ὅσον
1895 4325 1995 4393 τῆς

409 4418 621 4488 ἔχθρας
648 4415 1044 4485 ἀπολυόμενος,
1093 4414 1231 4472 ἀλλὰ
1273 4413 1370 4468 καὶ
1397 4413 1491 4466 τὸν
1523 4414 1786 4482 μονογενῆ
1821 4413 1996 4479 Λόγον

2105 4052 2214 4112 tius
2243 4053 2298 4110 in
2331 4052 2499 4108 caelos
2533 4051 2684 4124 ipsos
2710 4051 2950 4117 evehor;
2989 4066 3102 4105 non
3152 4050 3330 4104 solum
3366 4064 3398 4103 e
3425 4049 3683 4103 manibus

2101 4143 2311 4202 inimici
2345 4144 2572 4213 eripior,
2607 4143 2702 4200 sed
2739 4144 2968 4214 insuper
3002 4141 3136 4211 Regi
3189 4141 3472 4204 associor;
3514 4140 3682 4194 simul

2101 4239 2170 4296 ab
2199 4236 2348 4294 omni
2371 4246 2592 4307 peccato
2614 4236 2872 4303 redimor,
2903 4243 2958 4291 et
2988 4235 3151 4291 simul
3184 4235 3356 4288 totius
3392 4233 3681 4287 Trinitatis

2102 4329 2366 4397 templum
2445 4328 2788 4394 constituor;
2865 4327 3066 4382 nedum
3140 4326 3324 4385 divina
3391 4325 3680 4381 inimicitia

2101 4419 2337 4486 exintor,
2365 4420 2458 4475 sed
2486 4435 2518 4473 e
2561 4432 2832 4474 converso
2857 4418 3198 4488 unigenitum
3255 4415 3490 4470 Verbum
3530 4415 3680 4470 dono

409 4507 1053 4577 ἀντικαταλλασσόμενος
1079 4523 1094 4536 ·
1141 4505 1240 4575 ούχ
1315 4505 1440 4562 ὅσον
1502 4504 1650 4572 θῦμα
1702 4503 1996 4573 λαμϐάνων

2106 4511 2329 4580 recipio,
2360 4525 2598 4579 eumque
2629 4509 2804 4564 habeo
2829 4523 2940 4564 non
2963 4508 3123 4562 modo
3155 4517 3216 4562 ut
3267 4508 3544 4563 victimam
3582 4523 3680 4562 co-

413 4600 554 4670 ἒμοῦ
585 4600 984 4671 προθυόμενον,
1018 4596 1158 4656 ἀλλὰ
1187 4596 1282 4654 καὶ
1339 4597 1464 4668 ἐμοὶ
1500 4596 1760 4666 θυόμενον
1793 4612 1851 4647 τε
1901 4595 1997 4652 καὶ

410 4691 752 4762 ἐσθιόμενον.

491 4783 620 4836 ΚΘ’.
655 4781 845 4851 Χαίρω
879 4779 978 4851 μὲν
1009 4778 1104 4834 οὖν
1137 4779 1232 4834 καὶ
1278 4778 1366 4835 διὰ
1393 4777 1567 4836 ταῦτα
1608 4779 1702 4833 καὶ
1728 4778 1796 4838 τὰ
1824 4779 1997 4836 πλείω

405 4873 641 4928 τούτων.
689 4873 882 4941 Χαίρω
925 4873 984 4927 δὲ
1013 4873 1166 4926 οὐδὲν
1195 4867 1357 4945 ἦττον
1379 4911 1394 4938 ,
1431 4871 1481 4924 εἰ
1515 4871 1590 4942 μὴ
1628 4873 1722 4925 κα)⁸
1758 4871 1993 4942 μᾶλλον,

407 4965 506 5016 διὰ
551 4962 648 5030 τὴν
686 4961 894 5016 τούτων
931 4963 1114 5016 αὐτῶν
1145 4962 1422 5033 πρόφασιν
1461 4961 1494 5033 ἦ
1530 4961 1854 5030 ἀσφάλειαν,
1901 4963 1995 5014 καὶ

408 5056 500 5108 ὅτι
555 5069 646 5124 μοι
679 5054 788 5107 τῶν
815 5053 1088 5110 τοσούτων
1139 5055 1234 5106 καὶ⁵
1265 5053 1600 5122 τηλικούτων
1649 5054 1682 5123 ἠ
1723 5052 1818 5106 τοῦ
1857 5052 1991 5122 ἐμοῦ

405 5145 608 5216 γένους
650 5143 893 5216 θυγάτηρ
931 5144 1225 5215 πρόξενος·
1257 5143 1401 5201 ’ἀλλὰ
1441 5143 1538 5200 καὶ
1572 5141 1729 5207 αὖθις
1763 5143 1994 5212 σφαλλο-

407 5236 562 5308 μένῳ
591 5235 754 5290 πάλιν
782 5237 817 5306 η
848 5236 1106 5298 ιπάνοδος
1133 5237 1168 5306 ὴ
1199 5234 1360 5305 αὑτὴ,
1406 5235 1500 5288 καὶ
1530 5234 1668 5304 πρὸς
1695 5235 1791 5287 τὸν
1817 5234 1990 5296 οὕτως

404 5329 512 5401 ἥδη
551 5327 963 5397 καταλλαγέντα
992 5329 1133 5399 μετὰ
1164 5328 1425 5400 δευτέραν
1454 5324 1652 5400 ἔχθραν
1682 5329 1776 5381 καὶ
1805 5325 1988 5382 ἀδιάλ-

401 5422 610 5475 λακτον
652 5421 816 5490 ἑτέρα
865 5420 1175 5483 διαλλακτὶς
1229 5418 1458 5490 εὓρηται
1481 5435 1498 5454 ο
1549 5421 1642 5477 καὶ
1695 5419 1988 5488 φάρμακον

363 5587 366 5589 Δ
407 5513 554 5592 μετὰ
586 5513 852 5584 δευτέραν
877 5514 974 5569 καὶ
1001 5513 1217 5568 τελείαν
1241 5513 1578 5582 ἀπόγνωσιν,
1613 5513 1709 5566 καὶ
1750 5511 1988 5582 ἀνάκλη-

401 5797 460 5844 tu
491 5811 542 5842 :t.

2103 4616 2221 4658 ram
2253 4616 2344 4657 me
2381 4601 2720 4656 immolatam
2754 4615 2852 4670 pro
2889 4614 2996 4666 me,
3044 4598 3138 4654 sed
3173 4607 3432 4668 praeterea
3482 4600 3654 4654 immo

2101 4695 2270 4747 latam
2289 4703 2343 4747 et
2378 4692 2448 4746 ad
2477 4694 2805 4749 vescendum
2841 4691 2976 4747 mihi
3001 4690 3360 4760 propositam.

2173 4783 2363 4838 XXIX.
2416 4782 2640 4841 Gaudeo
2697 4785 2866 4854 igitur
2913 4794 3026 4840 tum
3084 4791 3310 4852 propter
3365 4780 3508 4845 ista,
3565 4790 3676 4835 tum

2101 4885 2328 4945 propter
2361 4875 2468 4930 alia
2512 4874 2598 4928 his
2624 4875 2860 4944 potiora.
2896 4873 3082 4929 Nihilo
3110 4881 3291 4927 autem
3335 4871 3538 4936 minus,
3566 4870 3679 4925 imo

2098 4965 2241 5022 forte
2268 4967 2433 5022 etiam
2474 4967 2671 5035 magis,
2705 4967 2773 5021 de
2811 4965 3006 5021 horum
3048 4965 3340 5019 occasione
3383 4972 3435 5017 et
3470 4964 3677 5018 securi-

2098 5066 2207 5113 tate
2255 5057 2503 5128 gaudeo,
2557 5066 2612 5111 et
2657 5057 2787 5127 quia
2835 5064 2916 5111 tot
2962 5063 3354 5124 tantorumque
3405 5053 3674 5107 bonorum

2094 5149 2442 5207 conciliatrix
2495 5149 2766 5204 exstiterit
2812 5148 3030 5217 generis
3085 5149 3192 5202 mei
3239 5147 3387 5213 tilia;
3454 5147 3678 5216 insuper

2094 5252 2279 5298 autem
2334 5241 2479 5314 quod
2528 5257 2723 5301 rursus
2785 5240 3127 5296 aberrantem
3182 5239 3298 5309 ipsa
3357 5253 3549 5295 rursus
3616 5237 3672 5291 in

2096 5333 2239 5390 viam
2263 5332 2623 5396 revocaverit,
2658 5341 2825 5402 atque
2851 5332 2922 5388 ita
2950 5331 2998 5387 ei
3024 5330 3120 5399 qui
3147 5329 3260 5398 jam
3289 5329 3678 5384 reconciliatus

2097 5423 2299 5489 fuerat,
2351 5432 2472 5494 post
2520 5427 2818 5479 secundam
2868 5422 3233 5487 inimicitiam,
3282 5431 3402 5474 utut
3437 5420 3677 5475 acerbis-

2095 5515 2326 5582 simam,
2362 5515 2481 5586 ipsa
2527 5515 2723 5570 iterum
2759 5525 2980 5574 ostensa
3010 5515 3080 5572 sit
3122 5511 3526 5571 reconciliatrix
3550 5551 3566 5574 ,
3608 5519 3663 5564 ct

486 5719 566 5785 (5)
623 5717 986 5776 Luculentum
1046 5721 1219 5777 habes
1268 5718 1644 5777 testimonium
1706 5716 1985 5774 catholicae
2025 5719 2149 5778 ﬁdei
2197 5719 2347 5778 circa
2422 5723 2870 5794 augustissimum
2921 5720 3279 5779 Eucharistiae
3357 5728 3673 5773 sacramen-
