4164 6420
641 374 757 438 839

1885 357 2209 420 JOANNIS
2244 353 2677 417 GEUMETRE
3776 356 3867 421 843

634 486 941 542 remedium
1003 490 1124 551 post
1190 475 1484 530 secundam
1546 489 1777 543 eamque
1838 475 2210 526 omnimodam
2241 476 2278 534 Α

2241 476 2288 534 Α
2319 489 2402 535 σις
2464 471 2601 541 μετὰ
2658 469 2756 539 τὴν
2817 468 3086 523 τοσούτων
3136 468 3229 522 καὶ
3288 468 3623 539 τηλικούτων
3669 472 3867 539 ἀγαθῶν

639 580 836 635 salutis
865 571 1296 643 desperationem
1344 579 1398 622 et
1433 565 1704 634 reparatio
1736 573 1860 633 post
1908 572 1987 617 tot
2030 573 2208 616 tanto-

2314 561 2669 614 όιπόπτωσιν⁹
2730 561 2823 612 καὶ
2890 560 3190 623 ἀνάπλασις
3251 560 3346 614 καὶ
3395 562 3695 626 ἀνάστασις
3750 566 3869 633 μετὰ

639 680 874 735 rumque
901 665 1166 717 bonorum
1196 658 1490 727 jacturam,
1518 664 1573 709 et
1605 671 1743 709 nova
1772 664 1892 723 post
1916 655 2209 707 secundam

2312 653 2579 723 δευτέραν
2628 652 2920 722 συντριΰὴν
2964 653 3061 705 καὶ
3108 652 3337 707 θάνατον
3376 654 3668 725 δεύτερον,
3712 658 3870 729 πολλῷ

640 755 1070 814 confractioncm
1105 749 1420 817 plasmatio,
1469 755 1523 800 et
1561 756 1685 815 post
1734 746 2031 800 secundam
2064 760 2213 798 mor-

640 859 771 911 tem,
806 859 1036 912 eamque
1070 842 1241 895 multo
1290 838 1703 909 profundiorem
1746 846 1800 891 et
1830 836 1898 891 ad
1934 838 2214 891 excutien-

639 940 769 993 dum
799 935 1177 995 diﬂicilioretn,
1212 930 1543 985 resurrectio
1578 929 1870 982 exstiterit.

710 1027 878 1082 XXX.
914 1024 1390 1095 Opportunissime
1434 1037 1599 1091 porro
1646 1036 1828 1075 sermo
1884 1019 2213 1074 mentionem

643 1119 770 1174 fecit
824 1132 978 1171 novae
1038 1114 1417 1184 plasmationis
1471 1120 1527 1166 et
1578 1110 2019 1166 resurrectionis.
2093 1108 2215 1162 Jam

640 1207 784 1260 enim
814 1206 925 1259 haec
956 1206 1143 1257 eadem
1170 1203 1222 1256 in
1270 1211 1505 1255 mentem
1539 1201 1695 1254 nobis
1730 1201 2059 1254 revocabant
2102 1208 2215 1251 tmn

638 1297 1037 1367 jucundissima
1065 1295 1227 1363 hujus
1258 1294 1366 1347 diei
1397 1294 1605 1356 lmtitia,
1635 1304 1748 1346 tum
1780 1293 1990 1347 collata:
2034 1292 2221 1362 gratiae

644 1405 753 1442 non
788 1389 983 1442 modus
1017 1395 1254 1449 tantum,
1285 1386 1380 1440 sed
1409 1395 1463 1439 et
1500 1394 1713 1453 tempus
1739 1398 1963 1452 prorsus
1989 1397 2221 1436 consen-

642 1490 884 1534 taneum.
925 1478 1082 1533 Nune
1124 1480 1325 1533 etenim
1366 1478 1565 1533 coelum
1607 1486 1660 1530 et
1705 1485 1867 1529 terra.
1902 1483 1959 1528 et
1992 1474 2221 1541 hujusce

645 1589 827 1626 rerum
871 1572 1246 1626 universitatis
1297 1581 1408 1623 tum
1446 1570 1765 1639 magnitudo
1812 1576 1926 1620 tum
1965 1566 2223 1634 splendor

645 1678 786 1717 nova
835 1674 890 1716 et
924 1662 1298 1716 concinnitate
1336 1671 1391 1714 et
1428 1660 1693 1728 sapientia
1745 1658 2016 1711 conditur.
2056 1656 2221 1709 llodic

646 1769 812 1808 manu
863 1753 990 1818 Dei,
1042 1764 1094 1806 et
1137 1752 1203 1806 ad
1264 1752 1354 1805 Dei
1412 1752 1701 1819 imaginem
1760 1751 1922 1803 homo
1980 1750 2219 1817 plasma-

2317 746 2616 817 βαθύτερον
2644 748 2738 800 καὶ
2765 745 3315 818 δυσανακλητότερον.

2389 1015 2468 1069 Λ⁰.
2532 1014 2671 1067 Ἀλλ’
2726 1012 2785 1066 εὖ
2834 1030 2897 1081 γε
2950 1013 3120 1067 ποιῶν
3149 1014 3178 1065 6
3215 1013 3373 1083 λόγος
3403 1014 3496 1068 καὶ
3540 1014 3873 1082 αναπλάσεως

2319 1106 2589 1177 ἐμνήσθη,
2614 1108 2708 1160 καὶ
2730 1104 3102 1170 ἀναστάσεως.
3133 1107 3275 1175 Ἤδη
3293 1108 3399 1178 γὰρ
3420 1109 3778 1179 προσυπεμνή
3789 1110 3873 1181 σθη

2320 1201 2415 1252 καὶ
2447 1198 2546 1266 τῆς
2576 1198 2790 1268 ἡμέρας
2818 1198 2878 1250 τὸ
2908 1198 3262 1267 χαριέστατον
3294 1198 3388 1250 καὶ
3419 1199 3517 1268 οὐχ
3539 1197 3617 1261 ὡς
3640 1201 3667 1251 6
3700 1201 3874 1269 τρόπος

2324 1290 2515 1359 μόνον,
2567 1289 2707 1343 ἀλλὰ
2750 1291 2844 1343 καὶ
2893 1291 2922 1342 6
2966 1290 3156 1361 καιρὸς
3196 1290 3253 1341 ὲν
3298 1289 3474 1360 καιρῷ
3509 1290 3612 1359 τῆς
3651 1290 3873 1359 χάριτος.

2319 1382 2434 1435 Νῦν
2467 1383 2565 1452 μὲν
2599 1383 2706 1454 γὰρ
2738 1382 2971 1453 οὐρανὸς
3000 1384 3095 1435 καὶ
3134 1381 3237 1452 γῆ,
3268 1382 3362 1434 καὶ
3394 1381 3453 1433 τὸ
3484 1381 3707 1451 σύμπαν
3737 1382 3875 1434 τοῦτο

2324 1475 2551 1545 μέγεθός
2577 1492 2637 1528 τε
2665 1476 2761 1527 καὶ⁹
2780 1475 2975 1537 κάλλος
3002 1476 3141 1545 μετά
3166 1476 3258 1527 καὶ
3280 1474 3379 1544 τῆς
3401 1473 3571 1543 ἄλλης
3596 1473 3873 1543 εὐρυθμίας

2320 1560 2380 1618 τε
2422 1568 2517 1619 καὶ
2548 1568 2739 1635 σοφίας
2765 1567 3201 1638 δημιουργεῖται.
3237 1568 3483 1637 Σήμερον
3512 1566 3572 1618 δὲ
3610 1565 3872 1635 ἄνθρωπος

2322 1659 2637 1722 πλάττεται,
2662 1658 2806 1728 χειρὶ
2837 1657 2971 1710 Θεοῦ
2998 1658 3091 1710 καὶ
3114 1657 3303 1721 εἰκόνι,
3341 1658 3436 1710 καὶ
3467 1656 3627 1718 αὖθις
3659 1659 3872 1724 σήμερον

2322 1747 2721 1801 ἀναπλάττεται
2757 1747 2922 1818 σαρκὶ
2953 1746 3087 1800 Θεοῦ
3122 1747 3215 1800 καὶ
3240 1746 3419 1818 οὐσίᾳ,
3455 1747 3617 1815 Λόγῳ
3655 1748 3748 1816 μὲν
3776 1747 3869 1798 Πα-

648 1852 737 1897 tur
774 1843 889 1913 (6);
926 1858 992 1897 ac
1026 1858 1219 1897 rursns
1255 1842 1413 1896 hodie
1451 1856 1590 1895 novo
1620 1856 1781 1909 opere
1814 1840 2095 1908 relingitur
2123 1839 2213 1892 Dei
2254 1817 2292 1869 Β

2254 1817 2293 1869 Β
2322 1840 2447 1910 τρὸς
2476 1841 2571 1893 καὶ
2618 1832 2884 1909 βραχίονι,
2922 1840 3204 1909 φυσήματι
3233 1839 3288 1891 δὲ
3324 1817 3401 1908 τῷ
3446 1837 3759 1907 Πνεύματγ
3791 1840 3869 1909 σή-

647 1949 814 1989 carne
857 1944 909 1987 et
938 1933 1241 1989 substantia
1263 1973 1277 1998 ,
1322 1934 1502 1988 Patris
1530 1932 1749 2002 quidem
1786 1930 1965 1985 Verbo
2006 1942 2061 1985 et
2089 1931 2219 1984 bra-

646 2027 795 2091 chio,
831 2028 999 2081 halitu
1034 2038 1241 2089 autem,
1279 2025 1487 2097 Spiritu
1528 2026 1771 2092 scilicet;
1806 2023 1962 2079 hodie
1997 2024 2221 2092 insuper

647 2121 792 2175 Deus
833 2136 987 2174 meus
1045 2132 1096 2175 et
1139 2120 1401 2174 Dominus
1454 2128 1507 2173 et
1548 2120 1711 2173 homo
1750 2120 1818 2172 de
1869 2128 2221 2171 monumento

646 2212 904 2280 resurgit,
948 2228 1013 2266 ac
1059 2213 1222 2267 simul
1265 2214 1435 2266 Adam
1468 2214 1534 2266 de
1578 2212 1851 2281 sepulcro,
1892 2222 2054 2279 atque
2095 2210 2220 2263 uni-

646 2317 864 2355 versum
897 2317 1070 2371 genus
1098 2302 1394 2356 humanum
1426 2302 1661 2368 resurgit
1694 2316 1723 2353 a
1752 2301 1929 2369 lapsu,
1959 2308 2013 2352 et
2045 2299 2221 2367 pra-da

644 2393 871 2459 antiqua
900 2391 1146 2446 infernus
1179 2394 1469 2462 spoliatur,
1493 2401 1546 2446 et
1571 2391 1878 2457 clauditur;
1903 2392 2222 2459 aperiuntur

644 2498 675 2537 e
709 2497 1014 2547 converso,
1068 2494 1121 2537 et
1167 2500 1347 2539 massa
1384 2493 1569 2540 nostra
1622 2485 1915 2553 implentur
1958 2483 2128 2548 emli;'
2169 2491 2224 2536 et

647 2574 870 2642 insuper
904 2576 986 2643 (ut
1048 2584 1379 2643 postremum
1442 2576 1576 2630 illud
1616 2575 1847 2640 addam,
1890 2576 2224 2645 jucundissi—

648 2680 796 2719 mum
852 2667 1007 2735 juxta
1059 2681 1124 2721 ac
1179 2667 1709 2732 tremendissimum,
1750 2677 1803 2721 et
1850 2667 2009 2735 cujus
2049 2667 2221 2735 gratia

647 2757 833 2810 Omnia
878 2768 1068 2810 nostra
1104 2757 1495 2827 disponuntur,
1529 2759 1795 2828 firmaque
1834 2759 1914 2813 vel
1961 2761 2223 2813 adversus

648 2860 842 2899 onmes
876 2846 1126 2902 inimicos
1157 2832 1487 2916 consistunt,
1520 2852 1664 2907 sicut
1706 2851 1931 2920 antiqua
1978 2864 2043 2905 ac
2081 2865 2222 2920 prte-

649 2943 806 2991 stans
840 2937 908 2990 ad
950 2951 1052 2993 nos
1100 2954 1272 3007 usque
1319 2939 1427 2992 fert
1463 2939 1682 2995 traditio
1721 2941 1969 3009 ratioque
2021 2941 2225 2994 contir-

650 3025 800 3092 mat)
846 3025 1038 3079 eadem
1097 3027 1198 3081 hac
1243 3026 1333 3083 die
1367 3028 1679 3083 communis
1712 3028 1957 3081 omnium
2009 3028 2226 3082 terribi-

649 3113 829 3186 lisque
859 3131 955 3170 rex
998 3118 1163 3172 simul
1194 3128 1250 3173 et
1276 3118 1417 3173 Deus
1447 3129 1501 3173 et
1522 3118 1687 3187 judex
1714 3128 1977 3173 venturus
2011 3130 2095 3175 est
2121 3121 2220 3191 (7),

647 3212 703 3257 et
759 3205 940 3261 omnis
996 3216 1245 3262 creatura
1306 3208 1431 3262 inde
1486 3208 1726 3263 discedet
1774 3208 1859 3262 vel
1918 3209 2221 3264 divinitatis

618 3296 624 3301 ’
648 3295 921 3364 particeps
948 3296 1030 3351 vel
1061 3296 1173 3366 igni
1218 3296 1491 3352 destinata
1515 3336 1530 3361 ,
1560 3305 1616 3351 et
1664 3297 1854 3351 mundi
1885 3313 2026 3351 unus
2063 3306 2223 3352 erunt

650 3386 888 3442 mundus
916 3386 1019 3458 (8),
1046 3397 1213 3458 atque
1247 3404 1416 3443 unum
1447 3390 1554 3444 erit
1591 3403 1820 3459 regnum
1853 3390 1953 3459 (9),
1987 3397 2041 3443 et
2069 3388 2225 3444 aufe-

649 3483 804 3530 retur
833 3493 864 3529 e
899 3477 1077 3531 medio
1118 3479 1397 3548 tyrannis,
1434 3488 1489 3533 et
1528 3480 1712 3550 regina
1746 3481 1813 3534 ad
1847 3478 2009 3549 Regis
2038 3480 2225 3534 dexte-

649 3580 767 3618 ram
812 3566 1073 3621 assidebit
1099 3568 1144 3598 ²⁶
1182 3568 1594 3637 pulchritudine
1646 3569 1940 3641 refulgens,
1971 3579 2026 3625 et
2068 3572 2221 3625 dotav

650 3654 795 3710 libus
844 3656 1187 3720 muneribus,
1237 3659 1499 3713 nimirum
1540 3660 1705 3715 simul
1746 3661 2003 3715 onmibus
2044 3660 2223 3715 Trini-

2326 1947 2491 2000 μερον
2515 1930 2609 1982 καὶ¹
2637 1929 2666 1981 6
2711 1929 2843 1999 ἐμὸς
2874 1929 3006 1992 Θεὸς
3036 1930 3131 1981 καὶ
3162 1929 3439 1997 Δεσπότης
3486 1928 3582 1980 καὶ
3612 1926 3867 1998 ἄνθρωπος

2321 2019 2415 2074 τοῦ
2459 2021 2741 2089 μνήματος
2778 2019 3156 2086 ἐξανίσταται,
3214 2019 3601 2071 συνανίσταται
3638 2017 3692 2069 δὲ
3726 2018 3809 2069 καὶ
3846 2020 3869 2069 6

2335 2111 2506 2182 ’Δδὰμ
2565 2110 2681 2179 ἅμα
2725 2109 2819 2163 τοῦ
2875 2112 3157 2180 μνήματος
3202 2109 3296 2162 καὶ
3336 2108 3397 2161 τδ
3444 2108 3600 2176 γένος
3632 2108 3747 2161 ὅλον
3786 2106 3865 2160 τοῦ

2323 2203 2636 2271 πτώματος,
2664 2200 2759 2255 καὶ
2786 2198 3036 2253 κενοῦται
3069 2200 3167 2268 μὲν
3195 2201 3222 2251 6
3246 2198 3377 2268 ᾅδης
3406 2197 3501 2251 τοῦ
3531 2198 3694 2251 πάλαι
3723 2195 3864 2249 πλού-

2322 2310 2416 2345 του
2447 2294 2539 2345 καὶ
2565 2290 2802 2344 κλείεται
2825 2306 2840 2322 ο
2871 2290 3146 2357 ἀνοίγεται
3169 2288 3225 2342 δὲ
3257 2287 3485 2358 οὐρανὸς
3503 2329 3517 2354 ,
3549 2287 3644 2341 καὶ
3670 2286 3864 2357 γεμίζε-

2323 2399 2414 2436 ται
2444 2382 2538 2434 τοῦ
2578 2382 2927 2450 φυράματος*
2957 2380 3053 2434 καὶ
3081 2379 3169 2432 ἵνα
3198 2379 3259 2432 τὸ
3286 2378 3602 2431 τελευταῖον
3635 2380 3763 2431 εἴπω
3788 2378 3864 2429 καὶ

2325 2473 2683 2543 χαριέστατον
2711 2469 2849 2540 ὁμοῦ
2879 2471 2973 2524 καὶ
3021 2470 3383 2539 φρικτότατον
3413 2470 3516 2523 καὶ
3544 2470 3610 2523 δι’
3642 2469 3671 2522 ὃ
3714 2470 3861 2522 πάντα

2324 2563 2689 2632 οἰκονομεῖται
2737 2561 2832 2615 καὶ
2886 2560 3199 2630 βεὸαιοῦται
3248 2562 3384 2614 πᾶσι
3414 2562 3650 2620 καὶτοῖς
3681 2560 3861 2630 ἐχθροῖς

2324 2654 2394 2707 τὰ
2423 2652 2688 2722 ἡμέτερα,
2735 2652 2879 2706 καθὰ
2920 2653 3016 2705 καὶ
3049 2652 3281 2716 παλαιὸς
3307 2653 3403 2705 καὶ
3433 2652 3600 2721 σοφὸς
3630 2652 3705 2714 είς
3740 2652 3863 2721 ήμᾶς

2326 2745 2450 2815 ἥκει
2481 2745 2658 2813 λόγος,
2696 2745 2790 2797 καὶ
2831 2747 2859 2798 6
2896 2744 3054 2812 λόγος
3092 2745 3434 2814 στοχάζεται,
3478 2744 3861 2815 σήμερον,καὶό

2327 2837 2507 2899 κοινὸς
2538 2836 2633 2890 καὶ
2661 2836 2887 2907 φρικτὺς
2911 2836 3045 2907 ὁμοῦ
3080 2836 3333 2907 βασιλεὺς
3372 2838 3469 2889 καὶ
3504 2836 3635 2899 Θεὸς
3658 2836 3744 2887 καὶ
3766 2851 3862 2904 κρι-

2328 2926 2425 2998 τὴς
2477 2926 2754 2979 ἐλεύσεται
2775 2965 2790 2990 ,
2838 2929 2934 2980 καὶ
2970 2927 3033 2980 τὸ
3072 2928 3298 2997 πλάσμα
3329 2929 3439 2981 πᾶν
3471 2926 3858 2992 ἀπελεύσεταιῆ

2330 3016 2620 3087 θεούμενον
2650 3016 2683 3087 ἦ
2714 3017 3078 3087 πυρούμενον,
3109 3019 3204 3071 καὶ
3237 3019 3442 3087 κόσμος
3471 3019 3521 3070 oi
3555 3018 3757 3085 κόσμοι,
3787 3015 3860 3067 καὶ

2330 3110 2364 3179 ἡ
2397 3109 2641 3179 βασιλεία
2678 3109 2796 3179 μία,
2831 3111 2926 3163 καὶ
2957 3111 2991 3180 ή
3022 3112 3277 3181 τυραννὶς
3305 3110 3576 3177 ἐκποδὼν,
3617 3110 3705 3163 καὶ
3728 3110 3759 3179 ή
3786 3108 3860 3177 βα-

2327 3201 2544 3255 σίλισσα
2591 3201 2687 3255 τοῦ
2734 3202 3005 3266 Βασιλέως
3057 3204 3121 3255 ὲκ
3166 3202 3383 3269 δεξιῶν,
3424 3202 3507 3273 τῷ
3536 3201 3711 3256 κάλλει
3746 3200 3859 3267 λάμ-

2326 3310 2503 3346 πουσα
2535 3292 2632 3346 καὶ
2663 3294 3105 3364 περιόεὸλημένη
3139 3294 3237 3365 τὴν
3267 3298 3493 3364 προῖκα,
3532 3295 3628 3364 τῆς
3663 3292 3859 3363 Τριάδος

2325 3384 2452 3447 ὅλας
2492 3383 2632 3454 ὁμοῦ
2676 3386 2774 3447 τὰς
2811 3386 3061 3455 χάριτας,
3096 3388 3193 3439 καὶ
3234 3387 3631 3457 πεποικιλμένη
3663 3384 3733 3455 τῷ
3764 3384 3857 3436 δια-

2328 3475 2482 3547 φόρῳ
2520 3475 2628 3529 τῶν
2667 3476 2734 3529 δι’
2764 3477 2935 3547 αὐτῆς
2969 3477 3248 3531 σωθέντων
3279 3479 3465 3549 κλήρῳ
3506 3481 3599 3533 καὶ
3626 3476 3857 3546 ἀξιώματι

2330 3568 2425 3621 καὶ
2455 3567 2810 3637 ἀνηρτημένη
2847 3569 2947 3639 τήν
2972 3570 3102 3640 ὃλην
3132 3569 3315 3641 κρίσιν
3342 3573 3410 3640 τῇ
3442 3569 3540 3640 νέᾳ
3575 3583 3857 3637 καινουργη-

2332 3659 2517 3712 θεῖσαν
2546 3659 2752 3729 χάριτι.

651 3750 779 3805 tatis
802 3751 987 3817 gratiis
1034 3751 1441 3809 circumvestita
1467 3770 1482 3819 ;
1508 3762 1564 3807 et
1627 3755 1883 3811 decorata
1935 3772 2147 3824 eorum,
2178 3757 2272 3826 qui
2312 3772 2408 3827 per
2474 3758 2647 3825 ipsam
2690 3759 2832 3813 nacti
2885 3769 3014 3814 sunt
3056 3758 3320 3823 salutem,
3360 3757 3510 3813 varia
3554 3751 3857 3812 multitudine

653 3854 719 3896 ac
755 3840 1051 3909 dignitate,
1088 3853 1369 3898 creaturas
1417 3860 1611 3901 omnes
1668 3863 1808 3902 nova
1860 3849 2032 3917 gratia
2065 3858 2344 3919 reparatas
2372 3849 2478 3906 sibi
2509 3850 2787 3908 beneﬁciis
2814 3852 3106 3906 obstrictas
3136 3851 3405 3907 ostendet.

728 3932 923 3987 XXXI.
960 3934 1051 3989 Sic
1081 3936 1267 4006 itaque
1310 3954 1416 3993 non
1462 3949 1666 3996 temere
1710 3942 1765 3996 in
1811 3943 1930 4012 ipso
1964 3946 2234 4000 sermonis

2405 3944 2531 4001 AA'.
2564 3945 2751 4010 Οῦτως
2776 3945 2876 3999 οὐκ
2905 3946 3115 4011 ἀλόγως
3153 3949 3183 4000 6
3224 3945 3379 4014 λόγος
3419 3943 3534 4015 ἄρα
3563 3942 3659 4013 τὴν
3699 3937 3855 4010 ἑορτήν
3932 3926 3941 3942 ’

652 4027 880 4083 exordio
906 4029 1047 4084 hanc
1074 4029 1476 4086 solemnitatem
1503 4042 1559 4088 et
1586 4034 1919 4104 principium
1966 4036 2149 4106 gaudii
2179 4046 2235 4091 ct

2213 4046 2235 4091 t
2331 4038 2391 4089 ἰν
2438 4038 2583 4109 ἀρχῇ
2630 4039 2726 4091 καὶ
2768 4039 2942 4110 ἀρχὴν
2970 4035 3093 4091 εἷπε
3122 4042 3223 4110 τῆς
3258 4039 3434 4109 χαρᾶς
3466 4038 3563 4091 καὶ
3604 4036 3756 4106 μέσην
3779 4029 3851 4084 καὶ

654 4118 895 4172 medium
950 4128 1004 4174 et
1051 4120 1218 4175 finem
1267 4121 1547 4189 diximus;
1594 4126 1676 4181 sic
1718 4126 1835 4194 ipsa
1884 4142 2076 4183 rursus
2122 4143 2231 4182 non

653 4211 817 4266 modo
898 4228 1009 4281 pra:
1075 4217 1289 4270 caeteris
1354 4216 1745 4273 festivitatibus
1802 4219 2231 4289 stupendissima

652 4312 877 4370 apparet
927 4314 1088 4373 atque
1124 4305 1687 4376 magnificentissima,
1734 4309 1829 4364 sed
1868 4326 2000 4365 sane
2046 4320 2102 4365 et
2137 4311 2226 4382 ju-

653 4392 989 4447 cundissima
1030 4396 1194 4448 simul
1246 4405 1300 4450 et
1352 4400 1590 4453 maxima
1628 4401 1978 4456 veneratione
2008 4403 2165 4472 digna
2207 4420 2222 4457 :

657 4481 800 4535 istud
834 4484 1055 4551 quidem
1084 4495 1305 4555 propter
1332 4492 1528 4544 miram
1553 4500 1609 4544 et
1631 4493 1876 4561 mysterii
1896 4500 1953 4547 et
1977 4494 2226 4548 miraculi

656 4575 1063 4641 priestautiatn;
1119 4578 1251 4632 illud
1309 4595 1437 4635 vero
1496 4594 1717 4650 propter
1770 4583 2036 4653 fulgorem
2090 4586 2231 4641 lucis

658 4662 1026 4730 undequaque
1084 4664 1457 4731 emicantem;
1512 4676 1568 4721 et
1626 4679 1685 4723 ut
1732 4671 2009 4741 quidpiam
2050 4672 2229 4727 adhuc

656 4750 851 4818 majori
918 4752 1281 4809 admiratione
1338 4756 1563 4825 dignum
1619 4759 1880 4828 eloquar.
1941 4761 2059 4831 ipsa
2111 4766 2225 4818 sola

727 4927 774 4958 ⁸³
812 4924 952 4983 Psal.
986 4944 1133 4996 κων,
1169 4929 1258 4986 10.

854 5107 1077 5190 Auctor,
1129 5110 1203 5163 uti
1246 5119 1392 5181 patet
1426 5110 1588 5167 etiam
1626 5127 1692 5169 ex
1732 5128 1850 5190 seq.
1907 5114 1936 5187 ᾗ
1990 5115 2231 5184 XXXIII,

657 5186 1335 5253 existimavittvernum
1371 5191 1622 5253 tempus,
1673 5186 1927 5253 quinimo
1979 5190 2231 5243 eumdem

659 5248 807 5302 hunc
856 5249 998 5303 diem
1044 5249 1115 5305 25
1169 5251 1371 5305 mensis
1426 5248 1615 5307 Martii
1650 5248 2084 5311 anniversarium
2138 5258 2235 5311 ha-

658 5316 903 5392 bendum
916 5334 1043 5392 esse
1067 5322 1447 5389 plasmationis
1473 5324 1633 5392 primi
1666 5326 1926 5389 hominis,
1958 5334 2012 5380 et
2038 5329 2231 5381 eadem

658 5386 816 5455 plane
876 5389 984 5460 die,
1049 5386 1197 5445 utin
1247 5386 1603 5460 sequentibus
1652 5396 1846 5460 tradit,
1888 5386 1985 5450 Dei
2035 5397 2231 5451 Filium

660 5472 767 5511 non
797 5459 957 5536 modo
984 5474 1203 5536 carnem
1232 5459 1526 5536 humanam
1545 5459 1928 5536 assumpsisse,
1949 5468 2042 5521 sed
2069 5468 2233 5521 etiam

658 5541 689 5579 e
720 5527 972 5585 sepulcro
999 5531 1121 5584 dein
1158 5533 1489 5586 surrexisse.

732 5599 808 5676 (7)
862 5596 1039 5652 Habes
1089 5601 1252 5676 igitur
1283 5604 1569 5676 vestigium
1615 5604 1929 5676 traditionis
1962 5622 2059 5676 per
2092 5606 2233 5660 Geo-

662 5674 849 5743 metras
902 5678 1114 5743 aetatem
1172 5671 1443 5743 vigentis,
1499 5672 1779 5743 Christum
1831 5671 2118 5731 Dominum
2169 5676 2233 5729 ad

661 5735 983 5795 iudicandos
1018 5753 1208 5795 omnes
1230 5735 1493 5798 homines
1531 5742 1720 5799 eadem
1752 5745 2009 5816 vigesima
2044 5746 2234 5815 quinta

2328 4126 2627 4198 τελευτήν
2676 4128 2772 4181 καὶ
2822 4128 2965 4181 οὕτω
2992 4128 3102 4182 τῶν
3130 4129 3333 4199 ἑορτῶν
3374 4129 3437 4181 οὐ
3478 4122 3850 4197 θαυμασιωτάτη

2332 4219 2496 4291 μόνον
2548 4217 2688 4290 αῦτη
2733 4220 2828 4273 καὶ
2864 4220 3348 4291 μεγαλοδωροτάτη
3374 4260 3389 4285 ,
3422 4220 3561 4273 ἀλλὰ
3585 4219 3644 4289 δὴ
3669 4217 3751 4269 καὶ
3778 4228 3851 4281 )(G‘

2333 4310 2592 4381 ριεστάτη
2629 4311 2751 4364 κατ’
2794 4312 2927 4366 αὐτὸ
2973 4313 3067 4366 καὶ
3106 4313 3525 4382 φρικωδεστάτη
3548 4328 3563 4342 ·
3614 4308 3752 4362 τοῦτο
3785 4300 3851 4355 διὰ

2330 4401 2391 4454 τὸ
2416 4402 2757 4473 ὑπερϐάλλον
2789 4404 2884 4457 τοῦ
2920 4404 3221 4475 μυστηρίου
3249 4422 3308 4457 τε
3339 4405 3433 4457 καί⁸
3460 4404 3557 4457 τοῦ
3586 4399 3818 4467 θαύματος
3835 4407 3847 4422 ⁸

2331 4494 2508 4546 ἐκεῖνο
2540 4494 2629 4547 διὰ
2660 4494 2759 4564 τὴν
2808 4496 3144 4565 πανταχόθεν
3194 4495 3386 4565 αἴγλην
3427 4512 3489 4548 τε
3527 4494 3618 4548 καὶ⁹
3643 4484 3847 4559 idP-“96‘

2335 4599 2493 4654 τητα·
2537 4585 2634 4638 καὶ
2676 4585 2762 4639 ἵνα
2792 4586 2854 4639 τὸ
2885 4586 3317 4657 παραδοξότερον
3354 4587 3521 4652 εἴπω,
3550 4584 3640 4638 καὶ
3665 4582 3847 4649 ἀρχαιο-

2334 4676 2470 4745 τάτη
2508 4676 2642 4746 μόνη
2673 4676 2781 4730 τῶν
2828 4677 3005 4731 ἄλλων
3037 4679 3153 4748 ἅμα
3198 4679 3291 4731 καὶ
3323 4678 3642 4744 ἀῖδιωτάτη,
3675 4667 3851 4733 σύνδρ⁰’

2338 4783 2435 4836 μσς
2468 4768 2569 4837 μὲν
2606 4772 2673 4839 τῇ
2702 4769 3057 4842 δημιουργίᾳ,
3087 4771 3353 4833 συναῒδιος
3389 4770 3446 4823 δὲ
3479 4772 3546 4840 τῇ
3579 4764 3848 4829 παλιγγενε-

2340 5121 2425 5176 die
2455 5120 2662 5176 mensis
2688 5121 2865 5177 Martii
2896 5137 3017 5178 esse
3045 5130 3356 5178 venturum.

2415 5191 2491 5261 (ὃ)
2522 5191 2781 5261 Spectare
2806 5194 2919 5247 haec
2944 5192 3196 5247 videntur
3225 5196 3290 5247 ad
3314 5195 3444 5248 illud
3469 5191 3603 5248 Petri
3632 5185 3709 5255 (11
3730 5182 3844 5261 Petr.

2344 5256 2433 5326 ιιι,
2462 5256 2685 5330 12,’15)
2722 5281 2734 5316 :
2782 5278 2873 5331 per
2902 5279 3053 5332 quem
3081 5265 3194 5317 caeli
3240 5266 3476 5317 ardentes
3512 5263 3767 5332 solventur.
3809 5256 3846 5301 εί

2340 5333 2590 5385 elementa
2617 5332 2757 5400 ignis
2784 5330 2977 5387 ardore
3010 5332 3270 5389 tabescens
3301 5350 3319 5387 :
3355 5350 3509 5387 novos
3537 5330 3679 5383 corios
3708 5335 3749 5376 et
3774 5334 3843 5400 ηοέ

2334 5418 2451 5455 vam
2483 5399 2675 5456 terram
2709 5404 2991 5472 secundum
3017 5404 3278 5470 promissa
3315 5405 3475 5472 ipsius
3493 5399 3842 5472 exapertam‘usf

2337 5481 2449 5524 tum
2478 5473 2544 5526 ad
2567 5472 2698 5526 illud
2727 5471 2954 5528 Joannis
2978 5459 3164 5541 (Ᾱροσ.
3198 5489 3310 5539 XXI,
3336 5459 3408 5541 'l);
3434 5492 3445 5527 :
3486 5471 3546 5524 Et
3576 5459 3671 5523 uidi
3698 5459 3843 5541 fwlwlf

2334 5556 2524 5594 novum
2574 5552 2622 5594 et
2669 5551 2865 5595 terram
2911 5530 3121 5598 nouant.
3174 5530 3415 5597 Primum
3454 5543 3587 5596 enim
3630 5531 3783 5590 calum
3806 5530 3841 5574 ει

2334 5612 2504 5678 prima
2535 5621 2676 5664 terra
2710 5614 2863 5667 abiit.
3731 5674 3739 5678 ,
3789 5661 3797 5671 .

2406 5679 2482 5751 (9)
2531 5684 2696 5750 Apoc.
2745 5680 2837 5747 ΧΙ,
2901 5682 2965 5737 I5
3017 5701 3031 5737 :
3090 5681 3317 5735 Factum
3365 5692 3441 5737 est
3486 5689 3682 5750 regnum
3722 5674 3843 5732 hujus

2335 5753 2518 5804 mundi
2552 5752 2763 5806 Donzini
2797 5755 2961 5807 nostri
2987 5763 3034 5806 et
3068 5752 3266 5807 Christi
3299 5752 3433 5822 ejus.
