  <div class='ocr_page' id='page_1' title='image "/cluster/home/n/w/nwhite01/storage/ocr_20150623/106/coo.31924054870104/430.png"; bbox 0 0 4164 6446; ppageno 0'>
   <div class='ocr_carea' id='block_1_1' title="bbox 429 345 540 410">
    <p class='ocr_par' dir='ltr' id='par_1_1' title="bbox 429 345 540 410">
     <span class='ocr_line' id='line_1_1' title="bbox 429 345 540 410; baseline -0.018 0"><span class='ocrx_word' id='word_1_1' title='bbox 429 345 540 410; x_wconf 69' lang='grc'><strong>841</strong></span> 
     </span>
    </p>
   </div>
   <div class='ocr_carea' id='block_1_2' title="bbox 1223 341 2896 409">
    <p class='ocr_par' dir='ltr' id='par_1_2' title="bbox 1223 341 2896 409">
     <span class='ocr_line' id='line_1_2' title="bbox 1223 341 2896 409; baseline 0.001 -3"><span class='ocrx_word' id='word_1_2' title='bbox 1223 343 1484 406; x_wconf 81' lang='lat' dir='ltr'><strong>SERMO</strong></span> <span class='ocrx_word' id='word_1_3' title='bbox 1519 341 1600 404; x_wconf 88' lang='lat' dir='ltr'><strong>IN</strong></span> <span class='ocrx_word' id='word_1_4' title='bbox 1637 342 1744 404; x_wconf 89' lang='lat' dir='ltr'><strong>SS.</strong></span> <span class='ocrx_word' id='word_1_5' title='bbox 1779 342 2135 404; x_wconf 67' lang='lat' dir='ltr'><strong>DEIPARIE</strong></span> <span class='ocrx_word' id='word_1_6' title='bbox 2172 341 2896 409; x_wconf 79' lang='lat' dir='ltr'><strong>ANNUNTIATIONEM.</strong></span> 
     </span>
    </p>
   </div>
   <div class='ocr_carea' id='block_1_3' title="bbox 3603 349 3711 414">
    <p class='ocr_par' dir='ltr' id='par_1_3' title="bbox 3603 349 3711 414">
     <span class='ocr_line' id='line_1_3' title="bbox 3603 349 3711 414; baseline 0.019 -3"><span class='ocrx_word' id='word_1_7' title='bbox 3603 349 3711 414; x_wconf 80' lang='lat' dir='ltr'><strong>8l2</strong></span> 
     </span>
    </p>
   </div>
   <div class='ocr_carea' id='block_1_4' title="bbox 423 453 2046 531">
    <p class='ocr_par' dir='ltr' id='par_1_4' title="bbox 423 453 2020 531">
     <span class='ocr_line' id='line_1_4' title="bbox 423 453 2020 531; baseline -0.004 -17"><span class='ocrx_word' id='word_1_8' title='bbox 423 461 526 531; x_wconf 81' lang='grc' dir='ltr'><strong>σίᾳ</strong></span> <span class='ocrx_word' id='word_1_9' title='bbox 547 474 565 492; x_wconf 73' lang='grc' dir='ltr'><strong><em>ο</em></strong></span> <span class='ocrx_word' id='word_1_10' title='bbox 600 458 738 531; x_wconf 83' lang='grc' dir='ltr'>μηδὲ</span> <span class='ocrx_word' id='word_1_11' title='bbox 759 456 871 530; x_wconf 83' lang='grc' dir='ltr'><strong>γὰρ</strong></span> <span class='ocrx_word' id='word_1_12' title='bbox 891 455 1038 528; x_wconf 81' lang='grc' dir='ltr'>ἔχειν</span> <span class='ocrx_word' id='word_1_13' title='bbox 1069 455 1241 528; x_wconf 83' lang='grc' dir='ltr'>πέρας</span> <span class='ocrx_word' id='word_1_14' title='bbox 1263 454 1514 510; x_wconf 78' lang='grc' dir='ltr'>ἐντεῦθεν</span> <span class='ocrx_word' id='word_1_15' title='bbox 1533 454 1656 526; x_wconf 73' lang='grc' dir='ltr'>ἤδη,</span> <span class='ocrx_word' id='word_1_16' title='bbox 1683 453 1785 525; x_wconf 84' lang='grc' dir='ltr'>τῆς</span> <span class='ocrx_word' id='word_1_17' title='bbox 1807 455 2020 508; x_wconf 77' lang='grc' dir='ltr'>ἐκεῖθεν</span> 
     </span>
    </p>
   </div>
   <div class='ocr_carea' id='block_1_5' title="bbox 2125 453 3709 531">
    <p class='ocr_par' dir='ltr' id='par_1_5' title="bbox 2125 454 3709 528">
     <span class='ocr_line' id='line_1_5' title="bbox 2125 454 3709 528; baseline 0.006 -18"><span class='ocrx_word' id='word_1_18' title='bbox 2125 465 2348 510; x_wconf 83' lang='lat' dir='ltr'><strong>caeteras</strong></span> <span class='ocrx_word' id='word_1_19' title='bbox 2373 469 2568 510; x_wconf 86' lang='lat' dir='ltr'><strong>omnes</strong></span> <span class='ocrx_word' id='word_1_20' title='bbox 2600 465 2714 510; x_wconf 90' lang='lat' dir='ltr'><strong>tum</strong></span> <span class='ocrx_word' id='word_1_21' title='bbox 2736 454 3068 526; x_wconf 76' lang='lat' dir='ltr'><strong>antiquitate</strong></span> <span class='ocrx_word' id='word_1_22' title='bbox 3097 459 3376 528; x_wconf 73' lang='lat' dir='ltr'><strong>praecedit,</strong></span> <span class='ocrx_word' id='word_1_23' title='bbox 3399 468 3514 518; x_wconf 89' lang='lat' dir='ltr'><strong>tum</strong></span> <span class='ocrx_word' id='word_1_24' title='bbox 3539 464 3709 522; x_wconf 87' lang='lat' dir='ltr'><strong>dura-</strong></span> 
     </span>
    </p>
   </div>
   <div class='ocr_carea' id='block_1_6' title="bbox 420 541 2018 624">
    <p class='ocr_par' dir='ltr' id='par_1_6' title="bbox 420 541 2018 624">
     <span class='ocr_line' id='line_1_6' title="bbox 420 541 2018 624; baseline -0.005 -18"><span class='ocrx_word' id='word_1_25' title='bbox 420 552 754 624; x_wconf 81' lang='grc' dir='ltr'><strong>ἀρξαμένης</strong></span> <span class='ocrx_word' id='word_1_26' title='bbox 781 549 1015 623; x_wconf 85' lang='grc' dir='ltr'>ἡμέρας,</span> <span class='ocrx_word' id='word_1_27' title='bbox 1058 549 1298 612; x_wconf 74' lang='grc' dir='ltr'>καὶτοῖς</span> <span class='ocrx_word' id='word_1_28' title='bbox 1334 546 1577 611; x_wconf 79' lang='grc' dir='ltr'><strong>αἰωνίοις</strong></span> <span class='ocrx_word' id='word_1_29' title='bbox 1611 547 1836 600; x_wconf 76' lang='grc' dir='ltr'>αἰωνίαν</span> <span class='ocrx_word' id='word_1_30' title='bbox 1874 541 2018 601; x_wconf 72' lang='grc' dir='ltr'>εἷναί</span> 
     </span>
    </p>
   </div>
   <div class='ocr_carea' id='block_1_7' title="bbox 418 641 1344 712">
    <p class='ocr_par' dir='ltr' id='par_1_7' title="bbox 418 641 1344 712">
     <span class='ocr_line' id='line_1_7' title="bbox 418 641 1344 712; baseline -0.004 -14"><span class='ocrx_word' id='word_1_31' title='bbox 418 662 488 698; x_wconf 84' lang='grc' dir='ltr'>τε</span> <span class='ocrx_word' id='word_1_32' title='bbox 524 645 622 699; x_wconf 74' lang='grc' dir='ltr'>καὶ</span> <span class='ocrx_word' id='word_1_33' title='bbox 649 645 890 698; x_wconf 87' lang='grc' dir='ltr'>συνεῖναι</span> <span class='ocrx_word' id='word_1_34' title='bbox 924 641 1344 712; x_wconf 88' lang='grc' dir='ltr'>πιστευομένην.</span> 
     </span>
    </p>
   </div>
   <div class='ocr_carea' id='block_1_8' title="bbox 2130 547 3710 629">
    <p class='ocr_par' dir='ltr' id='par_1_8' title="bbox 2130 547 3710 629">
     <span class='ocr_line' id='line_1_8' title="bbox 2130 547 3710 629; baseline 0.009 -27"><span class='ocrx_word' id='word_1_35' title='bbox 2130 547 2278 602; x_wconf 90' lang='lat' dir='ltr'><strong>tione</strong></span> <span class='ocrx_word' id='word_1_36' title='bbox 2305 549 2769 619; x_wconf 66' lang='lat' dir='ltr'><strong>praetergrcditur,</strong></span> <span class='ocrx_word' id='word_1_37' title='bbox 2803 550 3006 620; x_wconf 84' lang='lat' dir='ltr'><strong>quippe</strong></span> <span class='ocrx_word' id='word_1_38' title='bbox 3037 567 3160 621; x_wconf 77' lang='lat' dir='ltr'><strong>qua:</strong></span> <span class='ocrx_word' id='word_1_39' title='bbox 3187 554 3354 609; x_wconf 89' lang='lat' dir='ltr'><strong>simul</strong></span> <span class='ocrx_word' id='word_1_40' title='bbox 3382 572 3510 612; x_wconf 89' lang='lat' dir='ltr'><strong>eum</strong></span> <span class='ocrx_word' id='word_1_41' title='bbox 3536 562 3710 629; x_wconf 84' lang='lat' dir='ltr'><strong>prima</strong></span> 
     </span>
    </p>
   </div>
   <div class='ocr_carea' id='block_1_9' title="bbox 2127 640 3712 710">
    <p class='ocr_par' dir='ltr' id='par_1_9' title="bbox 2127 640 3712 710">
     <span class='ocr_line' id='line_1_9' title="bbox 2127 640 3712 710; baseline 0.008 -15"><span class='ocrx_word' id='word_1_42' title='bbox 2127 655 2312 696; x_wconf 91' lang='lat' dir='ltr'><strong>rerum</strong></span> <span class='ocrx_word' id='word_1_43' title='bbox 2365 640 2644 695; x_wconf 73' lang='lat' dir='ltr'><strong>creatione</strong></span> <span class='ocrx_word' id='word_1_44' title='bbox 2705 651 2886 696; x_wconf 88' lang='lat' dir='ltr'><strong>ortum</strong></span> <span class='ocrx_word' id='word_1_45' title='bbox 2928 643 3150 708; x_wconf 85' lang='lat' dir='ltr'><strong>habuit,</strong></span> <span class='ocrx_word' id='word_1_46' title='bbox 3191 656 3246 702; x_wconf 91' lang='lat' dir='ltr'><strong>et</strong></span> <span class='ocrx_word' id='word_1_47' title='bbox 3304 663 3428 704; x_wconf 91' lang='lat' dir='ltr'><strong>cum</strong></span> <span class='ocrx_word' id='word_1_48' title='bbox 3467 656 3712 710; x_wconf 88' lang='lat' dir='ltr'><strong>universi</strong></span> 
     </span>
    </p>
   </div>
   <div class='ocr_carea' id='block_1_10' title="bbox 423 730 3776 816">
    <p class='ocr_par' dir='ltr' id='par_1_10' title="bbox 423 730 3776 816">
     <span class='ocr_line' id='line_1_10' title="bbox 423 730 3776 816; baseline 0.004 -23"><span class='ocrx_word' id='word_1_49' title='bbox 423 738 598 809; x_wconf 85' lang='lat' dir='ltr'><strong>hujus</strong></span> <span class='ocrx_word' id='word_1_50' title='bbox 651 737 1066 806; x_wconf 83' lang='lat' dir='ltr'><strong>regeneratione</strong></span> <span class='ocrx_word' id='word_1_51' title='bbox 1115 737 1442 800; x_wconf 87' lang='lat' dir='ltr'><strong>conveniet;</strong></span> <span class='ocrx_word' id='word_1_52' title='bbox 1501 748 1679 802; x_wconf 86' lang='lat' dir='ltr'><strong>neque</strong></span> <span class='ocrx_word' id='word_1_53' title='bbox 1720 746 1858 788; x_wconf 90' lang='lat' dir='ltr'><strong>sane</strong></span> <span class='ocrx_word' id='word_1_54' title='bbox 1897 730 2012 801; x_wconf 82' lang='lat' dir='ltr'><strong>jam</strong></span> <span class='ocrx_word' id='word_1_55' title='bbox 2051 731 2180 788; x_wconf 88' lang='lat' dir='ltr'><strong>inde</strong></span> <span class='ocrx_word' id='word_1_56' title='bbox 2209 733 2370 788; x_wconf 82' lang='lat' dir='ltr'><strong>tinem</strong></span> <span class='ocrx_word' id='word_1_57' title='bbox 2406 749 2436 788; x_wconf 93' lang='lat' dir='ltr'><strong>a</strong></span> <span class='ocrx_word' id='word_1_58' title='bbox 2475 733 2564 788; x_wconf 88' lang='lat' dir='ltr'><strong>die</strong></span> <span class='ocrx_word' id='word_1_59' title='bbox 2628 742 2760 790; x_wconf 91' lang='lat' dir='ltr'><strong>tunc</strong></span> <span class='ocrx_word' id='word_1_60' title='bbox 2825 735 3122 806; x_wconf 80' lang='lat' dir='ltr'><strong>incipiente</strong></span> <span class='ocrx_word' id='word_1_61' title='bbox 3151 740 3407 798; x_wconf 89' lang='lat' dir='ltr'><strong>habitura</strong></span> <span class='ocrx_word' id='word_1_62' title='bbox 3451 758 3558 814; x_wconf 84' lang='lat' dir='ltr'><strong>est,</strong></span> <span class='ocrx_word' id='word_1_63' title='bbox 3588 752 3710 816; x_wconf 82' lang='lat' dir='ltr'><strong>sed,</strong></span> <span class='ocrx_word' id='word_1_64' title='bbox 3773 783 3776 786; x_wconf 98' lang='lat'><strong><em>-</em></strong></span> 
     </span>
    </p>
   </div>
   <div class='ocr_carea' id='block_1_11' title="bbox 425 827 3185 903">
    <p class='ocr_par' dir='ltr' id='par_1_11' title="bbox 425 827 3185 903">
     <span class='ocr_line' id='line_1_11' title="bbox 425 827 3185 903; baseline 0.001 -15"><span class='ocrx_word' id='word_1_65' title='bbox 425 846 492 889; x_wconf 89' lang='lat' dir='ltr'><strong>ut</strong></span> <span class='ocrx_word' id='word_1_66' title='bbox 533 831 666 886; x_wconf 90' lang='lat' dir='ltr'><strong>lides</strong></span> <span class='ocrx_word' id='word_1_67' title='bbox 698 829 888 892; x_wconf 84' lang='lat' dir='ltr'><strong>docet,</strong></span> <span class='ocrx_word' id='word_1_68' title='bbox 931 829 1264 899; x_wconf 91' lang='lat' dir='ltr'><strong>sempiterne</strong></span> <span class='ocrx_word' id='word_1_69' title='bbox 1297 829 1612 884; x_wconf 86' lang='lat' dir='ltr'><strong>viventibus</strong></span> <span class='ocrx_word' id='word_1_70' title='bbox 1643 829 1761 899; x_wconf 88' lang='lat' dir='ltr'><strong>ipsa</strong></span> <span class='ocrx_word' id='word_1_71' title='bbox 1804 827 2008 898; x_wconf 89' lang='lat' dir='ltr'><strong>pariter</strong></span> <span class='ocrx_word' id='word_1_72' title='bbox 2047 837 2344 894; x_wconf 79' lang='lat' dir='ltr'><strong>coaeterna,</strong></span> <span class='ocrx_word' id='word_1_73' title='bbox 2407 841 2784 903; x_wconf 87' lang='lat' dir='ltr'><strong>perpetuoque</strong></span> <span class='ocrx_word' id='word_1_74' title='bbox 2817 836 3025 890; x_wconf 86' lang='lat' dir='ltr'><strong>sociata</strong></span> <span class='ocrx_word' id='word_1_75' title='bbox 3062 835 3185 892; x_wconf 89' lang='lat' dir='ltr'><strong>erit.</strong></span> 
     </span>
    </p>
   </div>
   <div class='ocr_carea' id='block_1_12' title="bbox 505 921 2024 994">
    <p class='ocr_par' dir='ltr' id='par_1_12' title="bbox 505 921 2024 994">
     <span class='ocr_line' id='line_1_12' title="bbox 505 921 2024 994; baseline -0.005 -13"><span class='ocrx_word' id='word_1_76' title='bbox 505 923 626 982; x_wconf 81' lang='lat' dir='ltr'><strong>AB&#39;.</strong></span> <span class='ocrx_word' id='word_1_77' title='bbox 672 923 830 978; x_wconf 77' lang='grc' dir='ltr'>Ἐπεὶ</span> <span class='ocrx_word' id='word_1_78' title='bbox 862 923 918 976; x_wconf 84' lang='grc' dir='ltr'>δὲ</span> <span class='ocrx_word' id='word_1_79' title='bbox 949 923 1048 994; x_wconf 87' lang='grc' dir='ltr'>τῆς</span> <span class='ocrx_word' id='word_1_80' title='bbox 1073 925 1270 994; x_wconf 75' lang='grc' dir='ltr'>ἑορτῆς</span> <span class='ocrx_word' id='word_1_81' title='bbox 1301 923 1461 993; x_wconf 81' lang='grc' dir='ltr'><strong>ὀλίγα</strong></span> <span class='ocrx_word' id='word_1_82' title='bbox 1495 923 1590 976; x_wconf 78' lang='grc' dir='ltr'>καὶ</span> <span class='ocrx_word' id='word_1_83' title='bbox 1621 923 1759 993; x_wconf 77' lang='grc' dir='ltr'>πρὸς</span> <span class='ocrx_word' id='word_1_84' title='bbox 1783 921 1966 988; x_wconf 79' lang='grc' dir='ltr'><strong>ὀλίγον</strong></span> <span class='ocrx_word' id='word_1_85' title='bbox 1993 921 2024 974; x_wconf 80' lang='grc' dir='ltr'><strong>ὁ</strong></span> 
     </span>
    </p>
   </div>
   <div class='ocr_carea' id='block_1_13' title="bbox 427 1015 2026 1090">
    <p class='ocr_par' dir='ltr' id='par_1_13' title="bbox 427 1015 2026 1090">
     <span class='ocr_line' id='line_1_13' title="bbox 427 1015 2026 1090; baseline -0.017 2"><span class='ocrx_word' id='word_1_86' title='bbox 427 1021 592 1090; x_wconf 77' lang='grc' dir='ltr'>λόγος</span> <span class='ocrx_word' id='word_1_87' title='bbox 620 1016 961 1087; x_wconf 76' lang='grc' dir='ltr'>ὑπέγραψεν,</span> <span class='ocrx_word' id='word_1_88' title='bbox 990 1016 1018 1070; x_wconf 84' lang='grc' dir='ltr'><strong>ὃ</strong></span> <span class='ocrx_word' id='word_1_89' title='bbox 1051 1017 1146 1071; x_wconf 78' lang='grc' dir='ltr'>καὶ</span> <span class='ocrx_word' id='word_1_90' title='bbox 1170 1018 1332 1088; x_wconf 85' lang='grc' dir='ltr'>μόνον</span> <span class='ocrx_word' id='word_1_91' title='bbox 1357 1017 1477 1070; x_wconf 72' lang='grc' dir='ltr'>ἐστὶ</span> <span class='ocrx_word' id='word_1_92' title='bbox 1501 1016 1562 1070; x_wconf 75' lang='grc' dir='ltr'>τὸ</span> <span class='ocrx_word' id='word_1_93' title='bbox 1593 1017 1802 1079; x_wconf 79' lang='grc' dir='ltr'>λεῖπον,</span> <span class='ocrx_word' id='word_1_94' title='bbox 1832 1015 2026 1085; x_wconf 76' lang='grc' dir='ltr'>ἐπιζη-</span> 
     </span>
    </p>
   </div>
   <div class='ocr_carea' id='block_1_14' title="bbox 427 1105 2024 1184">
    <p class='ocr_par' dir='ltr' id='par_1_14' title="bbox 427 1105 2024 1184">
     <span class='ocr_line' id='line_1_14' title="bbox 427 1105 2024 1184; baseline -0.006 -16"><span class='ocrx_word' id='word_1_95' title='bbox 427 1115 728 1184; x_wconf 82' lang='grc' dir='ltr'>τήσωμεν·</span> <span class='ocrx_word' id='word_1_96' title='bbox 784 1108 939 1172; x_wconf 88' lang='grc' dir='ltr'>τίνας</span> <span class='ocrx_word' id='word_1_97' title='bbox 1005 1111 1102 1163; x_wconf 75' lang='grc' dir='ltr'>καὶ</span> <span class='ocrx_word' id='word_1_98' title='bbox 1161 1109 1288 1173; x_wconf 76' lang='grc' dir='ltr'>τοὺς</span> <span class='ocrx_word' id='word_1_99' title='bbox 1350 1108 1747 1182; x_wconf 82' lang='grc' dir='ltr'><strong>χαριστηρίους</strong></span> <span class='ocrx_word' id='word_1_100' title='bbox 1809 1105 2024 1160; x_wconf 87' lang='grc' dir='ltr'>τούτων</span> 
     </span>
    </p>
   </div>
   <div class='ocr_carea' id='block_1_15' title="bbox 423 1200 2024 1275">
    <p class='ocr_par' dir='ltr' id='par_1_15' title="bbox 423 1200 2024 1275">
     <span class='ocr_line' id='line_1_15' title="bbox 423 1200 2024 1275; baseline 0 -21"><span class='ocrx_word' id='word_1_101' title='bbox 423 1202 714 1268; x_wconf 83' lang='grc' dir='ltr'>ἁπάντων,</span> <span class='ocrx_word' id='word_1_102' title='bbox 738 1205 772 1274; x_wconf 80' lang='grc' dir='ltr'>ἢ</span> <span class='ocrx_word' id='word_1_103' title='bbox 807 1203 912 1258; x_wconf 90' lang='grc' dir='ltr'>τίνι</span> <span class='ocrx_word' id='word_1_104' title='bbox 943 1203 1164 1275; x_wconf 85' lang='grc' dir='ltr'>πρῶτον</span> <span class='ocrx_word' id='word_1_105' title='bbox 1194 1204 1586 1274; x_wconf 84' lang='grc' dir='ltr'>προσοίσομεν,</span> <span class='ocrx_word' id='word_1_106' title='bbox 1613 1202 1692 1273; x_wconf 82' lang='grc' dir='ltr'>τῷ</span> <span class='ocrx_word' id='word_1_107' title='bbox 1716 1200 1896 1272; x_wconf 73' lang='grc' dir='ltr'>Πατρὶ</span> <span class='ocrx_word' id='word_1_108' title='bbox 1925 1203 2024 1254; x_wconf 84' lang='grc' dir='ltr'>καὶ</span> 
     </span>
    </p>
   </div>
   <div class='ocr_carea' id='block_1_16' title="bbox 423 1291 2022 1368">
    <p class='ocr_par' dir='ltr' id='par_1_16' title="bbox 423 1291 2022 1368">
     <span class='ocr_line' id='line_1_16' title="bbox 423 1291 2022 1368; baseline -0.001 -20"><span class='ocrx_word' id='word_1_109' title='bbox 423 1295 656 1368; x_wconf 82' lang='grc' dir='ltr'>νυμφίῳ</span> <span class='ocrx_word' id='word_1_110' title='bbox 681 1297 778 1351; x_wconf 80' lang='grc' dir='ltr'>καὶ</span> <span class='ocrx_word' id='word_1_111' title='bbox 813 1295 928 1366; x_wconf 84' lang='grc' dir='ltr'>Υίῷ</span> <span class='ocrx_word' id='word_1_112' title='bbox 956 1296 1051 1350; x_wconf 76' lang='grc' dir='ltr'><strong>καὶ</strong></span> <span class='ocrx_word' id='word_1_113' title='bbox 1079 1294 1199 1366; x_wconf 86' lang='grc' dir='ltr'><strong>Θεῷ</strong></span> <span class='ocrx_word' id='word_1_114' title='bbox 1223 1311 1237 1360; x_wconf 91' lang='grc'><strong>;</strong></span> <span class='ocrx_word' id='word_1_115' title='bbox 1260 1295 1294 1366; x_wconf 83' lang='grc' dir='ltr'>ἢ</span> <span class='ocrx_word' id='word_1_116' title='bbox 1330 1297 1396 1365; x_wconf 86' lang='grc' dir='ltr'><strong>τῇ</strong></span> <span class='ocrx_word' id='word_1_117' title='bbox 1430 1293 1594 1366; x_wconf 81' lang='grc' dir='ltr'>δούλῃ</span> <span class='ocrx_word' id='word_1_118' title='bbox 1624 1311 1686 1347; x_wconf 90' lang='grc' dir='ltr'><strong>τε</strong></span> <span class='ocrx_word' id='word_1_119' title='bbox 1709 1293 1806 1347; x_wconf 75' lang='grc' dir='ltr'>καὶ</span> <span class='ocrx_word' id='word_1_120' title='bbox 1833 1291 2022 1364; x_wconf 82' lang='grc' dir='ltr'>νύμφῃ</span> 
     </span>
    </p>
   </div>
   <div class='ocr_carea' id='block_1_17' title="bbox 425 1383 2024 1459">
    <p class='ocr_par' dir='ltr' id='par_1_17' title="bbox 425 1383 2024 1459">
     <span class='ocr_line' id='line_1_17' title="bbox 425 1383 2024 1459; baseline -0.003 -19"><span class='ocrx_word' id='word_1_121' title='bbox 425 1389 530 1440; x_wconf 74' lang='grc' dir='ltr'>καὶ</span> <span class='ocrx_word' id='word_1_122' title='bbox 555 1388 787 1459; x_wconf 78' lang='grc' dir='ltr'>θυγατρὶ</span> <span class='ocrx_word' id='word_1_123' title='bbox 814 1389 908 1442; x_wconf 71' lang='grc' dir='ltr'>καὶ</span> <span class='ocrx_word' id='word_1_124' title='bbox 939 1386 1146 1458; x_wconf 87' lang='grc' dir='ltr'>μητρί;</span> <span class='ocrx_word' id='word_1_125' title='bbox 1186 1386 1410 1458; x_wconf 80' lang='grc' dir='ltr'><strong>Ἐπειδὴ</strong></span> <span class='ocrx_word' id='word_1_126' title='bbox 1445 1385 1542 1440; x_wconf 78' lang='grc' dir='ltr'>καὶ</span> <span class='ocrx_word' id='word_1_127' title='bbox 1580 1385 1680 1456; x_wconf 86' lang='grc' dir='ltr'>τὴν</span> <span class='ocrx_word' id='word_1_128' title='bbox 1717 1383 1882 1453; x_wconf 90' lang='grc' dir='ltr'>φύσιν</span> <span class='ocrx_word' id='word_1_129' title='bbox 1913 1383 2024 1455; x_wconf 83' lang='grc' dir='ltr'>ὁρῶ</span> 
     </span>
    </p>
   </div>
   <div class='ocr_carea' id='block_1_18' title="bbox 429 1476 2020 1551">
    <p class='ocr_par' dir='ltr' id='par_1_18' title="bbox 429 1476 2020 1551">
     <span class='ocr_line' id='line_1_18' title="bbox 429 1476 2020 1551; baseline -0.002 -18"><span class='ocrx_word' id='word_1_130' title='bbox 429 1480 534 1533; x_wconf 72' lang='grc' dir='ltr'>καὶ</span> <span class='ocrx_word' id='word_1_131' title='bbox 561 1479 656 1551; x_wconf 84' lang='grc' dir='ltr'>τὴν</span> <span class='ocrx_word' id='word_1_132' title='bbox 685 1479 865 1534; x_wconf 83' lang='grc' dir='ltr'><strong>κτίσιν</strong></span> <span class='ocrx_word' id='word_1_133' title='bbox 899 1479 1029 1550; x_wconf 84' lang='grc' dir='ltr'>ὅλην</span> <span class='ocrx_word' id='word_1_134' title='bbox 1064 1478 1532 1550; x_wconf 79' lang='grc' dir='ltr'>φιλοτιμουμένην</span> <span class='ocrx_word' id='word_1_135' title='bbox 1565 1477 1634 1532; x_wconf 82' lang='grc' dir='ltr'>τὰ</span> <span class='ocrx_word' id='word_1_136' title='bbox 1667 1476 2020 1550; x_wconf 82' lang='grc' dir='ltr'>χαριστήρια,</span> 
     </span>
    </p>
   </div>
   <div class='ocr_carea' id='block_1_19' title="bbox 428 1569 2022 1643">
    <p class='ocr_par' dir='ltr' id='par_1_19' title="bbox 428 1569 2022 1643">
     <span class='ocr_line' id='line_1_19' title="bbox 428 1569 2022 1643; baseline -0.001 -19"><span class='ocrx_word' id='word_1_137' title='bbox 428 1573 534 1626; x_wconf 76' lang='grc' dir='ltr'><strong>καὶ</strong></span> <span class='ocrx_word' id='word_1_138' title='bbox 561 1573 701 1626; x_wconf 77' lang='grc' dir='ltr'>οὕτω</span> <span class='ocrx_word' id='word_1_139' title='bbox 741 1572 1013 1643; x_wconf 79' lang='grc' dir='ltr'>προῆλθεν</span> <span class='ocrx_word' id='word_1_140' title='bbox 1059 1573 1196 1642; x_wconf 85' lang='grc' dir='ltr'>ἡμῖν</span> <span class='ocrx_word' id='word_1_141' title='bbox 1241 1571 1382 1642; x_wconf 81' lang='grc' dir='ltr'>μετὰ</span> <span class='ocrx_word' id='word_1_142' title='bbox 1409 1570 1520 1624; x_wconf 87' lang='grc' dir='ltr'><strong>τῶν</strong></span> <span class='ocrx_word' id='word_1_143' title='bbox 1563 1569 1742 1626; x_wconf 76' lang='grc' dir='ltr'>ἄλλων</span> <span class='ocrx_word' id='word_1_144' title='bbox 1785 1571 1819 1642; x_wconf 80' lang='grc' dir='ltr'>ἡ</span> <span class='ocrx_word' id='word_1_145' title='bbox 1859 1569 2022 1641; x_wconf 79' lang='grc' dir='ltr'>ἑορτὴ</span> 
     </span>
    </p>
   </div>
   <div class='ocr_carea' id='block_1_20' title="bbox 425 1662 2020 1736">
    <p class='ocr_par' dir='ltr' id='par_1_20' title="bbox 425 1662 2020 1736">
     <span class='ocr_line' id='line_1_20' title="bbox 425 1662 2020 1736; baseline -0.001 -19"><span class='ocrx_word' id='word_1_146' title='bbox 425 1667 532 1717; x_wconf 79' lang='grc' dir='ltr'><strong>καὶ</strong></span> <span class='ocrx_word' id='word_1_147' title='bbox 565 1665 874 1736; x_wconf 74' lang='grc' dir='ltr'>ὡραιοτάτη</span> <span class='ocrx_word' id='word_1_148' title='bbox 913 1666 1008 1719; x_wconf 82' lang='grc' dir='ltr'>καὶ</span> <span class='ocrx_word' id='word_1_149' title='bbox 1049 1664 1313 1735; x_wconf 77' lang='grc' dir='ltr'>ἡδυτάτη.</span> <span class='ocrx_word' id='word_1_150' title='bbox 1347 1662 1465 1718; x_wconf 86' lang='grc' dir='ltr'><strong>Νῦν</strong></span> <span class='ocrx_word' id='word_1_151' title='bbox 1509 1663 1609 1734; x_wconf 76' lang='grc' dir='ltr'>μὲν</span> <span class='ocrx_word' id='word_1_152' title='bbox 1637 1665 1746 1735; x_wconf 84' lang='grc' dir='ltr'><strong>γὰρ</strong></span> <span class='ocrx_word' id='word_1_153' title='bbox 1777 1665 1810 1734; x_wconf 80' lang='grc' dir='ltr'>ὴ</span> <span class='ocrx_word' id='word_1_154' title='bbox 1840 1664 2020 1727; x_wconf 85' lang='grc' dir='ltr'>κτίσις</span> 
     </span>
    </p>
   </div>
   <div class='ocr_carea' id='block_1_21' title="bbox 2199 923 3714 1008">
    <p class='ocr_par' dir='ltr' id='par_1_21' title="bbox 2199 923 3714 1008">
     <span class='ocr_line' id='line_1_21' title="bbox 2199 923 3714 1008; baseline 0.012 -32"><span class='ocrx_word' id='word_1_155' title='bbox 2199 923 2416 980; x_wconf 77' lang='lat' dir='ltr'><strong>XXXII.</strong></span> <span class='ocrx_word' id='word_1_156' title='bbox 2471 924 2930 998; x_wconf 84' lang='lat' dir='ltr'><strong>Quandoquidem</strong></span> <span class='ocrx_word' id='word_1_157' title='bbox 2982 946 3114 987; x_wconf 73' lang='lat' dir='ltr'><strong>vero</strong></span> <span class='ocrx_word' id='word_1_158' title='bbox 3165 948 3340 1003; x_wconf 78' lang='lat' dir='ltr'><strong>pauca</strong></span> <span class='ocrx_word' id='word_1_159' title='bbox 3391 936 3494 992; x_wconf 86' lang='lat' dir='ltr'><strong>ista</strong></span> <span class='ocrx_word' id='word_1_160' title='bbox 3547 947 3714 1008; x_wconf 82' lang='lat' dir='ltr'><strong>atque</strong></span> 
     </span>
    </p>
   </div>
   <div class='ocr_carea' id='block_1_22' title="bbox 2123 1017 3714 1101">
    <p class='ocr_par' dir='ltr' id='par_1_22' title="bbox 2123 1017 3714 1101">
     <span class='ocr_line' id='line_1_22' title="bbox 2123 1017 3714 1101; baseline 0.013 -33"><span class='ocrx_word' id='word_1_161' title='bbox 2123 1030 2186 1069; x_wconf 88' lang='lat' dir='ltr'><strong>ea</strong></span> <span class='ocrx_word' id='word_1_162' title='bbox 2213 1017 2436 1085; x_wconf 87' lang='lat' dir='ltr'><strong>quidem</strong></span> <span class='ocrx_word' id='word_1_163' title='bbox 2481 1033 2644 1088; x_wconf 87' lang='lat' dir='ltr'><strong>parce</strong></span> <span class='ocrx_word' id='word_1_164' title='bbox 2681 1021 2828 1076; x_wconf 88' lang='lat' dir='ltr'><strong>circa</strong></span> <span class='ocrx_word' id='word_1_165' title='bbox 2859 1023 3268 1081; x_wconf 81' lang='lat' dir='ltr'><strong>solemnitatem</strong></span> <span class='ocrx_word' id='word_1_166' title='bbox 3311 1043 3494 1084; x_wconf 88' lang='lat' dir='ltr'><strong>sermo</strong></span> <span class='ocrx_word' id='word_1_167' title='bbox 3521 1047 3714 1101; x_wconf 89' lang='lat' dir='ltr'><strong>prose-</strong></span> 
     </span>
    </p>
   </div>
   <div class='ocr_carea' id='block_1_23' title="bbox 2122 1111 3712 1193">
    <p class='ocr_par' dir='ltr' id='par_1_23' title="bbox 2122 1111 3712 1193">
     <span class='ocr_line' id='line_1_23' title="bbox 2122 1111 3712 1193; baseline 0.013 -32"><span class='ocrx_word' id='word_1_168' title='bbox 2122 1117 2286 1164; x_wconf 84' lang='lat' dir='ltr'><strong>cutus</strong></span> <span class='ocrx_word' id='word_1_169' title='bbox 2319 1119 2428 1178; x_wconf 88' lang='lat' dir='ltr'><strong>est,</strong></span> <span class='ocrx_word' id='word_1_170' title='bbox 2469 1111 2586 1180; x_wconf 90' lang='lat' dir='ltr'><strong>jam</strong></span> <span class='ocrx_word' id='word_1_171' title='bbox 2633 1121 2689 1168; x_wconf 89' lang='lat' dir='ltr'><strong>et</strong></span> <span class='ocrx_word' id='word_1_172' title='bbox 2739 1115 2886 1183; x_wconf 89' lang='lat' dir='ltr'><strong>quod</strong></span> <span class='ocrx_word' id='word_1_173' title='bbox 2944 1115 3216 1186; x_wconf 83' lang='lat' dir='ltr'><strong>reliquum</strong></span> <span class='ocrx_word' id='word_1_174' title='bbox 3266 1129 3394 1184; x_wconf 87' lang='lat' dir='ltr'><strong>est,</strong></span> <span class='ocrx_word' id='word_1_175' title='bbox 3449 1127 3712 1193; x_wconf 78' lang='lat' dir='ltr'><strong>exquira-</strong></span> 
     </span>
    </p>
   </div>
   <div class='ocr_carea' id='block_1_24' title="bbox 2123 1207 3710 1281">
    <p class='ocr_par' dir='ltr' id='par_1_24' title="bbox 2123 1207 3710 1281">
     <span class='ocr_line' id='line_1_24' title="bbox 2123 1207 3710 1281; baseline 0.014 -27"><span class='ocrx_word' id='word_1_176' title='bbox 2123 1216 2279 1268; x_wconf 86' lang='lat' dir='ltr'><strong>mus;</strong></span> <span class='ocrx_word' id='word_1_177' title='bbox 2323 1218 2596 1272; x_wconf 86' lang='lat' dir='ltr'><strong>quosnam</strong></span> <span class='ocrx_word' id='word_1_178' title='bbox 2631 1207 2772 1276; x_wconf 78' lang='lat' dir='ltr'><strong>grati</strong></span> <span class='ocrx_word' id='word_1_179' title='bbox 2811 1207 2980 1262; x_wconf 86' lang='lat' dir='ltr'><strong>animi</strong></span> <span class='ocrx_word' id='word_1_180' title='bbox 3010 1210 3240 1280; x_wconf 83' lang='lat' dir='ltr'><strong>hymnos</strong></span> <span class='ocrx_word' id='word_1_181' title='bbox 3269 1229 3368 1281; x_wconf 86' lang='lat' dir='ltr'><strong>pro</strong></span> <span class='ocrx_word' id='word_1_182' title='bbox 3409 1215 3560 1273; x_wconf 85' lang='lat' dir='ltr'><strong>hisce</strong></span> <span class='ocrx_word' id='word_1_183' title='bbox 3585 1234 3710 1274; x_wconf 91' lang='lat' dir='ltr'><strong>om-</strong></span> 
     </span>
    </p>
   </div>
   <div class='ocr_carea' id='block_1_25' title="bbox 2123 1292 3712 1376">
    <p class='ocr_par' dir='ltr' id='par_1_25' title="bbox 2123 1292 3712 1376">
     <span class='ocr_line' id='line_1_25' title="bbox 2123 1292 3712 1376; baseline 0.012 -31"><span class='ocrx_word' id='word_1_184' title='bbox 2123 1292 2312 1360; x_wconf 87' lang='lat' dir='ltr'><strong>nibus,</strong></span> <span class='ocrx_word' id='word_1_185' title='bbox 2349 1293 2432 1348; x_wconf 92' lang='lat' dir='ltr'><strong>vel</strong></span> <span class='ocrx_word' id='word_1_186' title='bbox 2469 1295 2689 1350; x_wconf 89' lang='lat' dir='ltr'><strong>cuinam</strong></span> <span class='ocrx_word' id='word_1_187' title='bbox 2731 1297 2968 1365; x_wconf 86' lang='lat' dir='ltr'><strong>primum</strong></span> <span class='ocrx_word' id='word_1_188' title='bbox 3001 1301 3340 1358; x_wconf 79' lang='lat' dir='ltr'><strong>oﬂ&#39;eramus‘.’</strong></span> <span class='ocrx_word' id='word_1_189' title='bbox 3367 1302 3608 1376; x_wconf 81' lang='lat' dir='ltr'><strong>Patriae,</strong></span> <span class='ocrx_word' id='word_1_190' title='bbox 3643 1325 3712 1366; x_wconf 87' lang='lat' dir='ltr'><strong>ac</strong></span> 
     </span>
    </p>
   </div>
   <div class='ocr_carea' id='block_1_26' title="bbox 2121 1387 3712 1472">
    <p class='ocr_par' dir='ltr' id='par_1_26' title="bbox 2121 1387 3712 1472">
     <span class='ocr_line' id='line_1_26' title="bbox 2121 1387 3712 1472; baseline 0.012 -32"><span class='ocrx_word' id='word_1_191' title='bbox 2121 1401 2330 1456; x_wconf 80' lang='lat' dir='ltr'><strong>sponso</strong></span> <span class='ocrx_word' id='word_1_192' title='bbox 2353 1396 2408 1444; x_wconf 88' lang='lat' dir='ltr'><strong>et.</strong></span> <span class='ocrx_word' id='word_1_193' title='bbox 2434 1387 2576 1442; x_wconf 85' lang='lat' dir='ltr'><strong>Filio</strong></span> <span class='ocrx_word' id='word_1_194' title='bbox 2607 1399 2660 1444; x_wconf 88' lang='lat' dir='ltr'><strong>et</strong></span> <span class='ocrx_word' id='word_1_195' title='bbox 2695 1387 2806 1443; x_wconf 89' lang='lat' dir='ltr'><strong>Deo</strong></span> <span class='ocrx_word' id='word_1_196' title='bbox 2831 1391 2854 1442; x_wconf 85' lang='lat'><strong>?</strong></span> <span class='ocrx_word' id='word_1_197' title='bbox 2882 1391 2964 1445; x_wconf 85' lang='lat' dir='ltr'><strong>An</strong></span> <span class='ocrx_word' id='word_1_198' title='bbox 2993 1408 3124 1448; x_wconf 88' lang='lat' dir='ltr'><strong>vero</strong></span> <span class='ocrx_word' id='word_1_199' title='bbox 3159 1397 3376 1453; x_wconf 77' lang='lat' dir='ltr'><strong>ancilla:</strong></span> <span class='ocrx_word' id='word_1_200' title='bbox 3397 1410 3454 1454; x_wconf 87' lang='lat' dir='ltr'><strong>et</strong></span> <span class='ocrx_word' id='word_1_201' title='bbox 3491 1417 3712 1472; x_wconf 72' lang='lat' dir='ltr'><strong>sponsae</strong></span> 
     </span>
    </p>
   </div>
   <div class='ocr_carea' id='block_1_27' title="bbox 2121 1480 3710 1560">
    <p class='ocr_par' dir='ltr' id='par_1_27' title="bbox 2121 1480 3710 1560">
     <span class='ocr_line' id='line_1_27' title="bbox 2121 1480 3710 1560; baseline 0.009 -25"><span class='ocrx_word' id='word_1_202' title='bbox 2121 1489 2176 1535; x_wconf 89' lang='lat' dir='ltr'><strong>et</strong></span> <span class='ocrx_word' id='word_1_203' title='bbox 2220 1480 2344 1534; x_wconf 73' lang='lat' dir='ltr'><strong>tiliae</strong></span> <span class='ocrx_word' id='word_1_204' title='bbox 2375 1495 2442 1536; x_wconf 88' lang='lat' dir='ltr'><strong>ac</strong></span> <span class='ocrx_word' id='word_1_205' title='bbox 2479 1482 2680 1536; x_wconf 84' lang='lat' dir='ltr'><strong>matri?</strong></span> <span class='ocrx_word' id='word_1_206' title='bbox 2705 1483 2948 1538; x_wconf 81' lang='lat' dir='ltr'><strong>Maxime</strong></span> <span class='ocrx_word' id='word_1_207' title='bbox 2981 1501 3110 1542; x_wconf 91' lang='lat' dir='ltr'><strong>vero</strong></span> <span class='ocrx_word' id='word_1_208' title='bbox 3137 1499 3425 1560; x_wconf 84' lang='lat' dir='ltr'><strong>postquam</strong></span> <span class='ocrx_word' id='word_1_209' title='bbox 3455 1503 3510 1548; x_wconf 85' lang='lat' dir='ltr'><strong>et</strong></span> <span class='ocrx_word' id='word_1_210' title='bbox 3546 1507 3710 1551; x_wconf 87' lang='lat' dir='ltr'><strong>natu-</strong></span> 
     </span>
    </p>
   </div>
   <div class='ocr_carea' id='block_1_28' title="bbox 2122 1581 3711 1655">
    <p class='ocr_par' dir='ltr' id='par_1_28' title="bbox 2122 1581 3711 1655">
     <span class='ocr_line' id='line_1_28' title="bbox 2122 1581 3711 1655; baseline 0.009 -27"><span class='ocrx_word' id='word_1_211' title='bbox 2122 1587 2240 1628; x_wconf 88' lang='lat' dir='ltr'><strong>ram</strong></span> <span class='ocrx_word' id='word_1_212' title='bbox 2289 1587 2548 1637; x_wconf 89' lang='lat' dir='ltr'><strong>omnem,</strong></span> <span class='ocrx_word' id='word_1_213' title='bbox 2603 1582 2659 1628; x_wconf 91' lang='lat' dir='ltr'><strong>et</strong></span> <span class='ocrx_word' id='word_1_214' title='bbox 2713 1585 3002 1632; x_wconf 88' lang='lat' dir='ltr'><strong>creaturas</strong></span> <span class='ocrx_word' id='word_1_215' title='bbox 3061 1581 3350 1638; x_wconf 80' lang='lat' dir='ltr'><strong>universas</strong></span> <span class='ocrx_word' id='word_1_216' title='bbox 3395 1587 3711 1655; x_wconf 76' lang='lat' dir='ltr'><strong>gratulandi</strong></span> 
     </span>
    </p>
   </div>
   <div class='ocr_carea' id='block_1_29' title="bbox 2123 1663 3710 1738">
    <p class='ocr_par' dir='ltr' id='par_1_29' title="bbox 2123 1663 3710 1738">
     <span class='ocr_line' id='line_1_29' title="bbox 2123 1663 3710 1738; baseline 0.011 -19"><span class='ocrx_word' id='word_1_217' title='bbox 2123 1663 2306 1719; x_wconf 86' lang='lat' dir='ltr'><strong>studio</strong></span> <span class='ocrx_word' id='word_1_218' title='bbox 2336 1663 2502 1719; x_wconf 82' lang='lat' dir='ltr'><strong>veluti</strong></span> <span class='ocrx_word' id='word_1_219' title='bbox 2534 1673 2814 1722; x_wconf 87' lang='lat' dir='ltr'><strong>certantes</strong></span> <span class='ocrx_word' id='word_1_220' title='bbox 2845 1667 3028 1734; x_wconf 87' lang='lat' dir='ltr'><strong>video,</strong></span> <span class='ocrx_word' id='word_1_221' title='bbox 3061 1679 3227 1738; x_wconf 85' lang='lat' dir='ltr'><strong>atque</strong></span> <span class='ocrx_word' id='word_1_222' title='bbox 3255 1673 3394 1729; x_wconf 87' lang='lat' dir='ltr'><strong>adeo</strong></span> <span class='ocrx_word' id='word_1_223' title='bbox 3435 1682 3710 1736; x_wconf 83' lang='lat' dir='ltr'><strong>venustis-</strong></span> 
     </span>
    </p>
   </div>
   <div class='ocr_carea' id='block_1_30' title="bbox 419 1730 2046 1828">
    <p class='ocr_par' dir='ltr' id='par_1_30' title="bbox 419 1730 2018 1828">
     <span class='ocr_line' id='line_1_30' title="bbox 419 1730 2018 1828; baseline 0.001 -21"><span class='ocrx_word' id='word_1_224' title='bbox 419 1730 724 1826; x_wconf 40' lang='grc' dir='ltr'>ὁμοία-καὶ</span> <span class='ocrx_word' id='word_1_225' title='bbox 756 1730 990 1811; x_wconf 75' lang='grc' dir='ltr'>παστάδι</span> <span class='ocrx_word' id='word_1_226' title='bbox 1027 1730 1188 1828; x_wconf 80' lang='grc' dir='ltr'>καινῇ</span> <span class='ocrx_word' id='word_1_227' title='bbox 1225 1730 1293 1827; x_wconf 63' lang='grc' dir='ltr'><strong>τῇ</strong></span> <span class='ocrx_word' id='word_1_228' title='bbox 1325 1757 1488 1828; x_wconf 80' lang='grc' dir='ltr'>καινῇ</span> <span class='ocrx_word' id='word_1_229' title='bbox 1511 1730 1726 1827; x_wconf 43' lang='grc' dir='ltr'>-νύμφῃ-</span> <span class='ocrx_word' id='word_1_230' title='bbox 1761 1730 2018 1826; x_wconf 81' lang='grc' dir='ltr'>λαμπρύ-</span> 
     </span>
    </p>
   </div>
   <div class='ocr_carea' id='block_1_31' title="bbox 2125 1730 3712 1828">
    <p class='ocr_par' dir='ltr' id='par_1_31' title="bbox 2125 1756 3712 1828">
     <span class='ocr_line' id='line_1_31' title="bbox 2125 1756 3712 1828; baseline 0.011 -17"><span class='ocrx_word' id='word_1_231' title='bbox 2125 1756 2263 1811; x_wconf 86' lang='lat' dir='ltr'><strong>sima</strong></span> <span class='ocrx_word' id='word_1_232' title='bbox 2319 1757 2478 1812; x_wconf 90' lang='lat' dir='ltr'><strong>nobis</strong></span> <span class='ocrx_word' id='word_1_233' title='bbox 2510 1767 2676 1828; x_wconf 91' lang='lat' dir='ltr'><strong>atque</strong></span> <span class='ocrx_word' id='word_1_234' title='bbox 2719 1759 2863 1816; x_wconf 90' lang='lat' dir='ltr'><strong>inter</strong></span> <span class='ocrx_word' id='word_1_235' title='bbox 2899 1761 3039 1818; x_wconf 88' lang='lat' dir='ltr'><strong>alias</strong></span> <span class='ocrx_word' id='word_1_236' title='bbox 3077 1766 3408 1823; x_wconf 69' lang='lat' dir='ltr'><strong>suat&#39;issima</strong></span> <span class='ocrx_word' id='word_1_237' title='bbox 3457 1772 3572 1826; x_wconf 66' lang='lat' dir='ltr'><strong>haec</strong></span> <span class='ocrx_word' id='word_1_238' title='bbox 3616 1790 3712 1828; x_wconf 88' lang='lat' dir='ltr'><strong>so-</strong></span> 
     </span>
    </p>
   </div>
   <div class='ocr_carea' id='block_1_32' title="bbox 421 1848 2018 1920">
    <p class='ocr_par' dir='ltr' id='par_1_32' title="bbox 421 1848 2018 1920">
     <span class='ocr_line' id='line_1_32' title="bbox 421 1848 2018 1920; baseline 0 -18"><span class='ocrx_word' id='word_1_239' title='bbox 421 1867 620 1914; x_wconf 82' lang='grc' dir='ltr'>νεται,</span> <span class='ocrx_word' id='word_1_240' title='bbox 671 1851 765 1904; x_wconf 75' lang='grc' dir='ltr'>καὶ</span> <span class='ocrx_word' id='word_1_241' title='bbox 819 1851 998 1904; x_wconf 72' lang='grc' dir='ltr'>κοινὸν</span> <span class='ocrx_word' id='word_1_242' title='bbox 1051 1851 1284 1920; x_wconf 86' lang='grc' dir='ltr'>καταχεῖ</span> <span class='ocrx_word' id='word_1_243' title='bbox 1333 1848 1532 1912; x_wconf 86' lang='grc' dir='ltr'>κάλλος</span> <span class='ocrx_word' id='word_1_244' title='bbox 1573 1849 1684 1904; x_wconf 86' lang='grc' dir='ltr'><strong>τῶν</strong></span> <span class='ocrx_word' id='word_1_245' title='bbox 1719 1848 2018 1920; x_wconf 81' lang='grc' dir='ltr'>ὁρωμένων</span> 
     </span>
    </p>
   </div>
   <div class='ocr_carea' id='block_1_33' title="bbox 419 1941 1552 2014">
    <p class='ocr_par' dir='ltr' id='par_1_33' title="bbox 419 1941 1552 2014">
     <span class='ocr_line' id='line_1_33' title="bbox 419 1941 1552 2014; baseline -0.002 -18"><span class='ocrx_word' id='word_1_246' title='bbox 419 1941 690 1998; x_wconf 78' lang='grc' dir='ltr'>ἁπάντων</span> <span class='ocrx_word' id='word_1_247' title='bbox 709 1986 724 2012; x_wconf 91' lang='grc'><strong>,</strong></span> <span class='ocrx_word' id='word_1_248' title='bbox 759 1945 854 1998; x_wconf 61' lang='grc' dir='ltr'><strong>καί⁹</strong></span> <span class='ocrx_word' id='word_1_249' title='bbox 882 1945 1294 2014; x_wconf 84' lang='grc' dir='ltr'>καινουργεῖται</span> <span class='ocrx_word' id='word_1_250' title='bbox 1325 1941 1552 2013; x_wconf 89' lang='grc' dir='ltr'>κόσμος.</span> 
     </span>
    </p>
   </div>
   <div class='ocr_carea' id='block_1_34' title="bbox 2125 1845 3712 1919">
    <p class='ocr_par' dir='ltr' id='par_1_34' title="bbox 2125 1845 3712 1919">
     <span class='ocr_line' id='line_1_34' title="bbox 2125 1845 3712 1919; baseline 0.013 -20"><span class='ocrx_word' id='word_1_251' title='bbox 2125 1845 2380 1901; x_wconf 86' lang='lat' dir='ltr'><strong>lemnitas</strong></span> <span class='ocrx_word' id='word_1_252' title='bbox 2409 1845 2600 1902; x_wconf 78' lang='lat' dir='ltr'><strong>eluxit.</strong></span> <span class='ocrx_word' id='word_1_253' title='bbox 2646 1847 2804 1905; x_wconf 86' lang='lat' dir='ltr'><strong>Nunc</strong></span> <span class='ocrx_word' id='word_1_254' title='bbox 2845 1851 2992 1907; x_wconf 90' lang='lat' dir='ltr'><strong>enim</strong></span> <span class='ocrx_word' id='word_1_255' title='bbox 3037 1869 3222 1910; x_wconf 89' lang='lat' dir='ltr'><strong>rerum</strong></span> <span class='ocrx_word' id='word_1_256' title='bbox 3265 1860 3592 1916; x_wconf 84' lang='lat' dir='ltr'><strong>universitas</strong></span> <span class='ocrx_word' id='word_1_257' title='bbox 3643 1866 3712 1919; x_wconf 87' lang='lat' dir='ltr'><strong>ad</strong></span> 
     </span>
    </p>
   </div>
   <div class='ocr_carea' id='block_1_35' title="bbox 2129 1935 3714 2018">
    <p class='ocr_par' dir='ltr' id='par_1_35' title="bbox 2129 1935 3714 2018">
     <span class='ocr_line' id='line_1_35' title="bbox 2129 1935 3714 2018; baseline 0.011 -28"><span class='ocrx_word' id='word_1_258' title='bbox 2129 1936 2306 1991; x_wconf 86' lang='lat' dir='ltr'><strong>instar</strong></span> <span class='ocrx_word' id='word_1_259' title='bbox 2333 1935 2458 1992; x_wconf 88' lang='lat' dir='ltr'><strong>novi</strong></span> <span class='ocrx_word' id='word_1_260' title='bbox 2489 1936 2718 1992; x_wconf 83' lang='lat' dir='ltr'><strong>thalami</strong></span> <span class='ocrx_word' id='word_1_261' title='bbox 2757 1953 2816 1994; x_wconf 87' lang='lat' dir='ltr'><strong>se</strong></span> <span class='ocrx_word' id='word_1_262' title='bbox 2841 1950 3092 1998; x_wconf 90' lang='lat' dir='ltr'><strong>ornatam</strong></span> <span class='ocrx_word' id='word_1_263' title='bbox 3121 1959 3276 2000; x_wconf 71' lang='lat' dir='ltr'><strong>novae</strong></span> <span class='ocrx_word' id='word_1_264' title='bbox 3312 1963 3532 2018; x_wconf 68' lang='lat' dir='ltr'><strong>sponsae</strong></span> <span class='ocrx_word' id='word_1_265' title='bbox 3559 1953 3714 2008; x_wconf 54' lang='lat' dir='ltr'><strong>exiti-</strong></span> 
     </span>
    </p>
   </div>
   <div class='ocr_carea' id='block_1_36' title="bbox 421 2027 3208 2105">
    <p class='ocr_par' dir='ltr' id='par_1_36' title="bbox 421 2027 3208 2105">
     <span class='ocr_line' id='line_1_36' title="bbox 421 2027 3208 2105; baseline 0 -12"><span class='ocrx_word' id='word_1_266' title='bbox 421 2040 548 2101; x_wconf 81' lang='lat' dir='ltr'><strong>bet,</strong></span> <span class='ocrx_word' id='word_1_267' title='bbox 593 2050 904 2105; x_wconf 87' lang='lat' dir='ltr'><strong>novamque</strong></span> <span class='ocrx_word' id='word_1_268' title='bbox 947 2037 1002 2089; x_wconf 91' lang='lat' dir='ltr'><strong>in</strong></span> <span class='ocrx_word' id='word_1_269' title='bbox 1035 2035 1275 2090; x_wconf 76' lang='lat' dir='ltr'><strong>visibilis</strong></span> <span class='ocrx_word' id='word_1_270' title='bbox 1315 2035 1504 2090; x_wconf 85' lang='lat' dir='ltr'><strong>omnia</strong></span> <span class='ocrx_word' id='word_1_271' title='bbox 1547 2032 2018 2104; x_wconf 83' lang='lat' dir='ltr'><strong>pulchritudinem</strong></span> <span class='ocrx_word' id='word_1_272' title='bbox 2056 2027 2308 2094; x_wconf 82' lang='lat' dir='ltr'><strong>eﬂ&#39;undit,</strong></span> <span class='ocrx_word' id='word_1_273' title='bbox 2344 2037 2401 2105; x_wconf 70' lang='lat' dir='ltr'><strong>et</strong></span> <span class='ocrx_word' id='word_1_274' title='bbox 2435 2039 2583 2085; x_wconf 88' lang='lat' dir='ltr'><strong>totus</strong></span> <span class='ocrx_word' id='word_1_275' title='bbox 2615 2042 2912 2088; x_wconf 86' lang='lat' dir='ltr'><strong>renovatur</strong></span> <span class='ocrx_word' id='word_1_276' title='bbox 2943 2036 3208 2093; x_wconf 75' lang='lat' dir='ltr'><strong>mundus.</strong></span> 
     </span>
    </p>
   </div>
   <div class='ocr_carea' id='block_1_37' title="bbox 505 2123 2021 2197">
    <p class='ocr_par' dir='ltr' id='par_1_37' title="bbox 505 2123 2021 2197">
     <span class='ocr_line' id='line_1_37' title="bbox 505 2123 2021 2197; baseline -0.004 -14"><span class='ocrx_word' id='word_1_277' title='bbox 505 2129 628 2184; x_wconf 81' lang='lat' dir='ltr'><strong>AI&quot;.</strong></span> <span class='ocrx_word' id='word_1_278' title='bbox 668 2128 820 2180; x_wconf 72' lang='grc' dir='ltr'>Ἐπεὶ</span> <span class='ocrx_word' id='word_1_279' title='bbox 853 2127 950 2180; x_wconf 74' lang='grc' dir='ltr'>καὶ</span> <span class='ocrx_word' id='word_1_280' title='bbox 982 2125 1050 2179; x_wconf 79' lang='grc' dir='ltr'><strong>δι’</strong></span> <span class='ocrx_word' id='word_1_281' title='bbox 1081 2125 1140 2180; x_wconf 83' lang='grc' dir='ltr'>ὃν</span> <span class='ocrx_word' id='word_1_282' title='bbox 1171 2127 1200 2179; x_wconf 85' lang='grc' dir='ltr'>ὁ</span> <span class='ocrx_word' id='word_1_283' title='bbox 1237 2125 1466 2196; x_wconf 87' lang='grc' dir='ltr'>κόσμος,</span> <span class='ocrx_word' id='word_1_284' title='bbox 1496 2125 1611 2180; x_wconf 74' lang='grc' dir='ltr'>ἄνω</span> <span class='ocrx_word' id='word_1_285' title='bbox 1646 2125 1746 2197; x_wconf 80' lang='grc' dir='ltr'>μὲν</span> <span class='ocrx_word' id='word_1_286' title='bbox 1767 2123 2021 2197; x_wconf 70' lang='grc' dir='ltr'>οὐρανὸς,</span> 
     </span>
    </p>
   </div>
   <div class='ocr_carea' id='block_1_38' title="bbox 421 2216 2022 2292">
    <p class='ocr_par' dir='ltr' id='par_1_38' title="bbox 421 2216 2022 2292">
     <span class='ocr_line' id='line_1_38' title="bbox 421 2216 2022 2292; baseline -0.004 -15"><span class='ocrx_word' id='word_1_287' title='bbox 421 2218 524 2277; x_wconf 75' lang='grc' dir='ltr'>οἶα</span> <span class='ocrx_word' id='word_1_288' title='bbox 550 2220 755 2292; x_wconf 81' lang='grc' dir='ltr'>χιτῶνα</span> <span class='ocrx_word' id='word_1_289' title='bbox 782 2219 1046 2290; x_wconf 75' lang='grc' dir='ltr'>πένθιμον</span> <span class='ocrx_word' id='word_1_290' title='bbox 1063 2259 1078 2284; x_wconf 93' lang='grc'><strong>,</strong></span> <span class='ocrx_word' id='word_1_291' title='bbox 1107 2218 1168 2272; x_wconf 87' lang='grc' dir='ltr'><strong>τὺ</strong></span> <span class='ocrx_word' id='word_1_292' title='bbox 1195 2219 1480 2290; x_wconf 84' lang='grc' dir='ltr'>χειμέριον</span> <span class='ocrx_word' id='word_1_293' title='bbox 1506 2218 1668 2287; x_wconf 80' lang='grc' dir='ltr'>νέφος</span> <span class='ocrx_word' id='word_1_294' title='bbox 1700 2216 2022 2282; x_wconf 78' lang='grc' dir='ltr'>ἀποϐαλὼν,</span> 
     </span>
    </p>
   </div>
   <div class='ocr_carea' id='block_1_39' title="bbox 423 2307 2025 2382">
    <p class='ocr_par' dir='ltr' id='par_1_39' title="bbox 423 2307 2025 2382">
     <span class='ocr_line' id='line_1_39' title="bbox 423 2307 2025 2382; baseline -0.003 -15"><span class='ocrx_word' id='word_1_295' title='bbox 423 2317 517 2378; x_wconf 83' lang='grc' dir='ltr'><strong>είς</strong></span> <span class='ocrx_word' id='word_1_296' title='bbox 563 2313 750 2371; x_wconf 74' lang='grc' dir='ltr'>καινὸν</span> <span class='ocrx_word' id='word_1_297' title='bbox 806 2313 864 2366; x_wconf 85' lang='grc' dir='ltr'><strong>δέ</strong></span> <span class='ocrx_word' id='word_1_298' title='bbox 927 2327 982 2364; x_wconf 91' lang='grc' dir='ltr'><strong>τι</strong></span> <span class='ocrx_word' id='word_1_299' title='bbox 1031 2310 1222 2382; x_wconf 88' lang='grc' dir='ltr'>χρυσῷ</span> <span class='ocrx_word' id='word_1_300' title='bbox 1269 2310 1366 2363; x_wconf 78' lang='grc' dir='ltr'>καὶ</span> <span class='ocrx_word' id='word_1_301' title='bbox 1416 2308 1676 2380; x_wconf 69' lang='grc' dir='ltr'>πορφύρα</span> <span class='ocrx_word' id='word_1_302' title='bbox 1730 2311 1922 2380; x_wconf 83' lang='grc' dir='ltr'>κρᾶμα</span> <span class='ocrx_word' id='word_1_303' title='bbox 1963 2307 2025 2362; x_wconf 78' lang='grc' dir='ltr'>τὸ</span> 
     </span>
    </p>
   </div>
   <div class='ocr_carea' id='block_1_40' title="bbox 422 2401 2024 2481">
    <p class='ocr_par' dir='ltr' id='par_1_40' title="bbox 422 2401 2024 2481">
     <span class='ocr_line' id='line_1_40' title="bbox 422 2401 2024 2481; baseline -0.004 -20"><span class='ocrx_word' id='word_1_304' title='bbox 422 2407 636 2481; x_wconf 83' lang='grc' dir='ltr'>χρῶμα</span> <span class='ocrx_word' id='word_1_305' title='bbox 679 2405 1002 2478; x_wconf 79' lang='grc' dir='ltr'>μεταϐαλών</span> <span class='ocrx_word' id='word_1_306' title='bbox 1021 2421 1038 2436; x_wconf 76' lang='grc' dir='ltr'><strong>ο</strong></span> <span class='ocrx_word' id='word_1_307' title='bbox 1069 2405 1166 2459; x_wconf 63' lang='grc' dir='ltr'><strong>καί¹</strong></span> <span class='ocrx_word' id='word_1_308' title='bbox 1197 2403 1363 2473; x_wconf 83' lang='grc' dir='ltr'>αίθὴρ</span> <span class='ocrx_word' id='word_1_309' title='bbox 1392 2401 1635 2456; x_wconf 80' lang='grc' dir='ltr'>ἀπειλῶν</span> <span class='ocrx_word' id='word_1_310' title='bbox 1665 2402 1896 2474; x_wconf 82' lang='grc' dir='ltr'>φρικτὸν</span> <span class='ocrx_word' id='word_1_311' title='bbox 1925 2401 2024 2472; x_wconf 84' lang='grc' dir='ltr'>μὲν</span> 
     </span>
    </p>
   </div>
   <div class='ocr_carea' id='block_1_41' title="bbox 424 2493 2021 2568">
    <p class='ocr_par' dir='ltr' id='par_1_41' title="bbox 424 2493 2021 2568">
     <span class='ocr_line' id='line_1_41' title="bbox 424 2493 2021 2568; baseline -0.004 -16"><span class='ocrx_word' id='word_1_312' title='bbox 424 2498 525 2560; x_wconf 84' lang='grc' dir='ltr'>οὒ,</span> <span class='ocrx_word' id='word_1_313' title='bbox 553 2498 715 2551; x_wconf 85' lang='grc' dir='ltr'>καλὸν</span> <span class='ocrx_word' id='word_1_314' title='bbox 746 2496 803 2549; x_wconf 82' lang='grc' dir='ltr'>δὲ</span> <span class='ocrx_word' id='word_1_315' title='bbox 839 2495 1072 2568; x_wconf 86' lang='grc' dir='ltr'>λάμπων</span> <span class='ocrx_word' id='word_1_316' title='bbox 1103 2495 1246 2560; x_wconf 90' lang='grc' dir='ltr'>λίαν,</span> <span class='ocrx_word' id='word_1_317' title='bbox 1288 2495 1385 2549; x_wconf 76' lang='grc' dir='ltr'>καὶ</span> <span class='ocrx_word' id='word_1_318' title='bbox 1419 2493 1836 2561; x_wconf 83' lang='grc' dir='ltr'>ἅπαστράπτων</span> <span class='ocrx_word' id='word_1_319' title='bbox 1883 2493 1982 2563; x_wconf 79' lang='grc' dir='ltr'>ἡδύ</span> <span class='ocrx_word' id='word_1_320' title='bbox 2005 2507 2021 2524; x_wconf 92' lang='grc'><strong>·</strong></span> 
     </span>
    </p>
   </div>
   <div class='ocr_carea' id='block_1_42' title="bbox 425 2585 2025 2661">
    <p class='ocr_par' dir='ltr' id='par_1_42' title="bbox 425 2585 2025 2661">
     <span class='ocr_line' id='line_1_42' title="bbox 425 2585 2025 2661; baseline -0.004 -16"><span class='ocrx_word' id='word_1_321' title='bbox 425 2594 532 2645; x_wconf 74' lang='grc' dir='ltr'>καὶ</span> <span class='ocrx_word' id='word_1_322' title='bbox 566 2591 765 2661; x_wconf 80' lang='grc' dir='ltr'>σελήνη</span> <span class='ocrx_word' id='word_1_323' title='bbox 809 2588 908 2658; x_wconf 83' lang='grc' dir='ltr'>μὲν</span> <span class='ocrx_word' id='word_1_324' title='bbox 948 2587 1409 2658; x_wconf 80' lang='grc' dir='ltr'>ἑγκαινιζομένη,</span> <span class='ocrx_word' id='word_1_325' title='bbox 1443 2587 1539 2640; x_wconf 73' lang='grc' dir='ltr'>καὶ</span> <span class='ocrx_word' id='word_1_326' title='bbox 1583 2587 1646 2640; x_wconf 84' lang='grc' dir='ltr'>τὸ</span> <span class='ocrx_word' id='word_1_327' title='bbox 1695 2587 1815 2640; x_wconf 87' lang='grc' dir='ltr'>νέον</span> <span class='ocrx_word' id='word_1_328' title='bbox 1864 2585 2025 2649; x_wconf 83' lang='grc' dir='ltr'>σέλας</span> 
     </span>
    </p>
   </div>
   <div class='ocr_carea' id='block_1_43' title="bbox 421 2675 2022 2752">
    <p class='ocr_par' dir='ltr' id='par_1_43' title="bbox 421 2675 2022 2752">
     <span class='ocr_line' id='line_1_43' title="bbox 421 2675 2022 2752; baseline -0.005 -15"><span class='ocrx_word' id='word_1_329' title='bbox 421 2684 572 2752; x_wconf 79' lang='grc' dir='ltr'>αὐτῇ</span> <span class='ocrx_word' id='word_1_330' title='bbox 609 2701 666 2736; x_wconf 80' lang='grc' dir='ltr'><strong>τε</strong></span> <span class='ocrx_word' id='word_1_331' title='bbox 700 2682 793 2735; x_wconf 90' lang='grc' dir='ltr'><strong>τοῦ</strong></span> <span class='ocrx_word' id='word_1_332' title='bbox 834 2679 1005 2735; x_wconf 88' lang='grc' dir='ltr'>καλοῦ</span> <span class='ocrx_word' id='word_1_333' title='bbox 1035 2680 1330 2751; x_wconf 85' lang='grc' dir='ltr'>δεχομένου</span> <span class='ocrx_word' id='word_1_334' title='bbox 1357 2679 1598 2749; x_wconf 82' lang='grc' dir='ltr'>νυμφίου</span> <span class='ocrx_word' id='word_1_335' title='bbox 1636 2675 2022 2748; x_wconf 83' lang='grc' dir='ltr'>λαμπρότερόν</span> 
     </span>
    </p>
   </div>
   <div class='ocr_carea' id='block_1_44' title="bbox 422 2769 2022 2845">
    <p class='ocr_par' dir='ltr' id='par_1_44' title="bbox 422 2769 2022 2845">
     <span class='ocr_line' id='line_1_44' title="bbox 422 2769 2022 2845; baseline -0.005 -16"><span class='ocrx_word' id='word_1_336' title='bbox 422 2793 496 2829; x_wconf 82' lang='grc' dir='ltr'><strong>τε</strong></span> <span class='ocrx_word' id='word_1_337' title='bbox 551 2775 644 2830; x_wconf 76' lang='grc' dir='ltr'>καὶ</span> <span class='ocrx_word' id='word_1_338' title='bbox 690 2773 1102 2845; x_wconf 80' lang='grc' dir='ltr'>ἀφθονώτερον,</span> <span class='ocrx_word' id='word_1_339' title='bbox 1137 2774 1235 2827; x_wconf 78' lang='grc' dir='ltr'>καὶ</span> <span class='ocrx_word' id='word_1_340' title='bbox 1273 2771 1380 2826; x_wconf 81' lang='grc' dir='ltr'><strong>ὑπὸ</strong></span> <span class='ocrx_word' id='word_1_341' title='bbox 1412 2771 1623 2842; x_wconf 83' lang='grc' dir='ltr'>μείζονι</span> <span class='ocrx_word' id='word_1_342' title='bbox 1669 2773 1766 2826; x_wconf 83' lang='grc' dir='ltr'>καὶ</span> <span class='ocrx_word' id='word_1_343' title='bbox 1794 2769 2022 2841; x_wconf 86' lang='grc' dir='ltr'>φαιδρο-</span> 
     </span>
    </p>
   </div>
   <div class='ocr_carea' id='block_1_45' title="bbox 420 2863 2021 2940">
    <p class='ocr_par' dir='ltr' id='par_1_45' title="bbox 420 2863 2021 2940">
     <span class='ocr_line' id='line_1_45' title="bbox 420 2863 2021 2940; baseline -0.005 -17"><span class='ocrx_word' id='word_1_344' title='bbox 420 2871 570 2940; x_wconf 73' lang='grc' dir='ltr'>τέρᾳ</span> <span class='ocrx_word' id='word_1_345' title='bbox 621 2867 868 2938; x_wconf 77' lang='grc' dir='ltr'>λαμπάδι</span> <span class='ocrx_word' id='word_1_346' title='bbox 923 2867 1022 2938; x_wconf 83' lang='grc' dir='ltr'>τὴν</span> <span class='ocrx_word' id='word_1_347' title='bbox 1066 2865 1240 2920; x_wconf 82' lang='grc' dir='ltr'>νύκτα</span> <span class='ocrx_word' id='word_1_348' title='bbox 1300 2866 1744 2938; x_wconf 80' lang='grc' dir='ltr'>προπέμπουσα,</span> <span class='ocrx_word' id='word_1_349' title='bbox 1802 2863 1897 2917; x_wconf 78' lang='grc' dir='ltr'>καὶ</span> <span class='ocrx_word' id='word_1_350' title='bbox 1951 2863 2021 2932; x_wconf 77' lang='grc' dir='ltr'>τῇ</span> 
     </span>
    </p>
   </div>
   <div class='ocr_carea' id='block_1_46' title="bbox 422 2955 2024 3032">
    <p class='ocr_par' dir='ltr' id='par_1_46' title="bbox 422 2955 2024 3032">
     <span class='ocr_line' id='line_1_46' title="bbox 422 2955 2024 3032; baseline -0.005 -17"><span class='ocrx_word' id='word_1_351' title='bbox 422 2964 613 3016; x_wconf 82' lang='grc' dir='ltr'>κτίσει</span> <span class='ocrx_word' id='word_1_352' title='bbox 640 2961 788 3032; x_wconf 87' lang='grc' dir='ltr'>πάσῃ</span> <span class='ocrx_word' id='word_1_353' title='bbox 815 2959 1171 3030; x_wconf 82' lang='grc' dir='ltr'>πυρσεύουσα</span> <span class='ocrx_word' id='word_1_354' title='bbox 1194 2974 1208 2989; x_wconf 81' lang='grc'><strong>’</strong></span> <span class='ocrx_word' id='word_1_355' title='bbox 1241 2955 1418 3027; x_wconf 79' lang='grc' dir='ltr'>ἄστρα</span> <span class='ocrx_word' id='word_1_356' title='bbox 1449 2956 1530 3022; x_wconf 84' lang='grc' dir='ltr'>δὲ,</span> <span class='ocrx_word' id='word_1_357' title='bbox 1551 2957 1620 3010; x_wconf 77' lang='grc' dir='ltr'>τὰ</span> <span class='ocrx_word' id='word_1_358' title='bbox 1643 2957 1783 3019; x_wconf 86' lang='grc' dir='ltr'>τέως</span> <span class='ocrx_word' id='word_1_359' title='bbox 1813 2971 2024 3024; x_wconf 90' lang='grc' dir='ltr'>συγκα-</span> 
     </span>
    </p>
   </div>
   <div class='ocr_carea' id='block_1_47' title="bbox 421 3045 2022 3122">
    <p class='ocr_par' dir='ltr' id='par_1_47' title="bbox 421 3045 2022 3122">
     <span class='ocr_line' id='line_1_47' title="bbox 421 3045 2022 3122; baseline -0.004 -16"><span class='ocrx_word' id='word_1_360' title='bbox 421 3053 770 3122; x_wconf 73' lang='grc' dir='ltr'>λυπτὸμενα,</span> <span class='ocrx_word' id='word_1_361' title='bbox 811 3053 909 3105; x_wconf 78' lang='grc' dir='ltr'>καὶ</span> <span class='ocrx_word' id='word_1_362' title='bbox 952 3047 1178 3104; x_wconf 82' lang='grc' dir='ltr'>πλείονα</span> <span class='ocrx_word' id='word_1_363' title='bbox 1215 3047 1311 3102; x_wconf 72' lang='grc' dir='ltr'>καὶ</span> <span class='ocrx_word' id='word_1_364' title='bbox 1349 3047 1578 3119; x_wconf 79' lang='grc' dir='ltr'>μείζονα</span> <span class='ocrx_word' id='word_1_365' title='bbox 1632 3047 1730 3100; x_wconf 85' lang='grc' dir='ltr'>καὶ</span> <span class='ocrx_word' id='word_1_366' title='bbox 1781 3045 2022 3119; x_wconf 80' lang='grc' dir='ltr'>ἡδύτερα</span> 
     </span>
    </p>
   </div>
   <div class='ocr_carea' id='block_1_48' title="bbox 425 3137 2022 3214">
    <p class='ocr_par' dir='ltr' id='par_1_48' title="bbox 425 3137 2022 3214">
     <span class='ocr_line' id='line_1_48' title="bbox 425 3137 2022 3214; baseline -0.005 -14"><span class='ocrx_word' id='word_1_367' title='bbox 425 3147 530 3200; x_wconf 81' lang='grc' dir='ltr'>καὶ</span> <span class='ocrx_word' id='word_1_368' title='bbox 557 3145 829 3214; x_wconf 82' lang='grc' dir='ltr'>φανότερα</span> <span class='ocrx_word' id='word_1_369' title='bbox 849 3159 864 3174; x_wconf 89' lang='grc'>·</span> <span class='ocrx_word' id='word_1_370' title='bbox 898 3141 1190 3212; x_wconf 75' lang='grc' dir='ltr'>φωσφόρος</span> <span class='ocrx_word' id='word_1_371' title='bbox 1210 3139 1291 3206; x_wconf 80' lang='grc' dir='ltr'>δὲ,</span> <span class='ocrx_word' id='word_1_372' title='bbox 1321 3139 1383 3193; x_wconf 76' lang='grc' dir='ltr'>τὸ</span> <span class='ocrx_word' id='word_1_373' title='bbox 1409 3140 1510 3211; x_wconf 87' lang='grc' dir='ltr'>μὲν</span> <span class='ocrx_word' id='word_1_374' title='bbox 1539 3137 1770 3211; x_wconf 83' lang='grc' dir='ltr'>μέγεθος</span> <span class='ocrx_word' id='word_1_375' title='bbox 1795 3138 2022 3210; x_wconf 79' lang='grc' dir='ltr'>μείζων,</span> 
     </span>
    </p>
   </div>
   <div class='ocr_carea' id='block_1_49' title="bbox 421 3227 2025 3304">
    <p class='ocr_par' dir='ltr' id='par_1_49' title="bbox 421 3227 2025 3304">
     <span class='ocr_line' id='line_1_49' title="bbox 421 3227 2025 3304; baseline -0.003 -17"><span class='ocrx_word' id='word_1_376' title='bbox 421 3237 496 3289; x_wconf 81' lang='grc' dir='ltr'>τὸ</span> <span class='ocrx_word' id='word_1_377' title='bbox 541 3235 598 3288; x_wconf 85' lang='grc' dir='ltr'>δὲ</span> <span class='ocrx_word' id='word_1_378' title='bbox 629 3234 822 3296; x_wconf 85' lang='grc' dir='ltr'>κάλλος</span> <span class='ocrx_word' id='word_1_379' title='bbox 858 3233 1117 3298; x_wconf 76' lang='grc' dir='ltr'>καλλίων,</span> <span class='ocrx_word' id='word_1_380' title='bbox 1153 3230 1490 3304; x_wconf 78' lang='grc' dir='ltr'>ὑψηλότερος</span> <span class='ocrx_word' id='word_1_381' title='bbox 1525 3229 1584 3284; x_wconf 79' lang='grc' dir='ltr'>δὲ</span> <span class='ocrx_word' id='word_1_382' title='bbox 1620 3229 1682 3283; x_wconf 79' lang='grc' dir='ltr'>τὸ</span> <span class='ocrx_word' id='word_1_383' title='bbox 1727 3228 1884 3298; x_wconf 78' lang='grc' dir='ltr'>ὕψος,</span> <span class='ocrx_word' id='word_1_384' title='bbox 1925 3227 2025 3284; x_wconf 76' lang='grc' dir='ltr'>καὶ</span> 
     </span>
    </p>
   </div>
   <div class='ocr_carea' id='block_1_50' title="bbox 433 3320 2026 3398">
    <p class='ocr_par' dir='ltr' id='par_1_50' title="bbox 433 3320 2026 3398">
     <span class='ocr_line' id='line_1_50' title="bbox 433 3320 2026 3398; baseline -0.003 -18"><span class='ocrx_word' id='word_1_385' title='bbox 433 3328 568 3380; x_wconf 77' lang='grc' dir='ltr'>ἰδεῖν</span> <span class='ocrx_word' id='word_1_386' title='bbox 598 3327 858 3398; x_wconf 83' lang='grc' dir='ltr'>ὴδύτερος</span> <span class='ocrx_word' id='word_1_387' title='bbox 889 3327 982 3380; x_wconf 80' lang='grc' dir='ltr'>καὶ</span> <span class='ocrx_word' id='word_1_388' title='bbox 1015 3325 1350 3396; x_wconf 79' lang='grc' dir='ltr'>προσϐαλεῖν</span> <span class='ocrx_word' id='word_1_389' title='bbox 1387 3322 1746 3394; x_wconf 83' lang='grc' dir='ltr'>ἀλυπότερος.</span> <span class='ocrx_word' id='word_1_390' title='bbox 1783 3321 1901 3376; x_wconf 88' lang='grc' dir='ltr'><strong>Νῦν</strong></span> <span class='ocrx_word' id='word_1_391' title='bbox 1927 3320 2026 3376; x_wconf 74' lang='grc' dir='ltr'>καὶ</span> 
     </span>
    </p>
   </div>
   <div class='ocr_carea' id='block_1_51' title="bbox 430 3417 2022 3491">
    <p class='ocr_par' dir='ltr' id='par_1_51' title="bbox 430 3417 2022 3491">
     <span class='ocr_line' id='line_1_51' title="bbox 430 3417 2022 3491; baseline -0.003 -19"><span class='ocrx_word' id='word_1_392' title='bbox 430 3421 518 3491; x_wconf 80' lang='grc' dir='ltr'>τῷ</span> <span class='ocrx_word' id='word_1_393' title='bbox 559 3421 692 3489; x_wconf 79' lang='grc' dir='ltr'>φωτὶ</span> <span class='ocrx_word' id='word_1_394' title='bbox 742 3420 842 3491; x_wconf 82' lang='grc' dir='ltr'>μὲν</span> <span class='ocrx_word' id='word_1_395' title='bbox 889 3420 1074 3491; x_wconf 80' lang='grc' dir='ltr'>ἡμέρα</span> <span class='ocrx_word' id='word_1_396' title='bbox 1121 3420 1466 3486; x_wconf 83' lang='grc' dir='ltr'>πλεονεκτεῖ,</span> <span class='ocrx_word' id='word_1_397' title='bbox 1530 3419 1629 3473; x_wconf 71' lang='grc' dir='ltr'>καὶ</span> <span class='ocrx_word' id='word_1_398' title='bbox 1673 3417 1903 3489; x_wconf 84' lang='grc' dir='ltr'>χορηγεῖ</span> <span class='ocrx_word' id='word_1_399' title='bbox 1953 3417 2022 3488; x_wconf 75' lang='grc' dir='ltr'>τῇ</span> 
     </span>
    </p>
   </div>
   <div class='ocr_carea' id='block_1_52' title="bbox 429 3509 2023 3586">
    <p class='ocr_par' dir='ltr' id='par_1_52' title="bbox 429 3509 2023 3586">
     <span class='ocr_line' id='line_1_52' title="bbox 429 3509 2023 3586; baseline -0.003 -20"><span class='ocrx_word' id='word_1_400' title='bbox 429 3513 699 3586; x_wconf 75' lang='grc' dir='ltr'>τικτούσῃ</span> <span class='ocrx_word' id='word_1_401' title='bbox 735 3513 826 3565; x_wconf 85' lang='grc' dir='ltr'>τὸν</span> <span class='ocrx_word' id='word_1_402' title='bbox 871 3513 1024 3584; x_wconf 82' lang='grc' dir='ltr'>ἥλιον</span> <span class='ocrx_word' id='word_1_403' title='bbox 1049 3528 1064 3545; x_wconf 87' lang='grc'><strong>·</strong></span> <span class='ocrx_word' id='word_1_404' title='bbox 1111 3513 1440 3584; x_wconf 87' lang='grc' dir='ltr'>παραχωρεῖ</span> <span class='ocrx_word' id='word_1_405' title='bbox 1480 3511 1539 3566; x_wconf 84' lang='grc' dir='ltr'>δὲ</span> <span class='ocrx_word' id='word_1_406' title='bbox 1581 3513 1650 3582; x_wconf 80' lang='grc' dir='ltr'>τῇ</span> <span class='ocrx_word' id='word_1_407' title='bbox 1684 3509 1946 3583; x_wconf 83' lang='grc' dir='ltr'>δεσποίνῃ</span> <span class='ocrx_word' id='word_1_408' title='bbox 1987 3510 2023 3580; x_wconf 76' lang='grc' dir='ltr'><strong>ἡ</strong></span> 
     </span>
    </p>
   </div>
   <div class='ocr_carea' id='block_1_53' title="bbox 427 3603 2028 3678">
    <p class='ocr_par' dir='ltr' id='par_1_53' title="bbox 427 3603 2028 3678">
     <span class='ocr_line' id='line_1_53' title="bbox 427 3603 2028 3678; baseline -0.002 -16"><span class='ocrx_word' id='word_1_409' title='bbox 427 3607 558 3673; x_wconf 79' lang='grc' dir='ltr'>νὺξ,</span> <span class='ocrx_word' id='word_1_410' title='bbox 596 3607 658 3660; x_wconf 77' lang='grc' dir='ltr'>τὸ</span> <span class='ocrx_word' id='word_1_411' title='bbox 707 3606 928 3678; x_wconf 86' lang='grc' dir='ltr'>πρῶτον</span> <span class='ocrx_word' id='word_1_412' title='bbox 957 3603 1341 3678; x_wconf 80' lang='grc' dir='ltr'>ὲγκυμονούσῃ</span> <span class='ocrx_word' id='word_1_413' title='bbox 1373 3606 1466 3660; x_wconf 64' lang='grc' dir='ltr'>καὶ</span> <span class='ocrx_word' id='word_1_414' title='bbox 1499 3604 1896 3677; x_wconf 78' lang='grc' dir='ltr'>δημιουργικὸν</span> <span class='ocrx_word' id='word_1_415' title='bbox 1929 3603 2028 3658; x_wconf 82' lang='grc' dir='ltr'>καὶ</span> 
     </span>
    </p>
   </div>
   <div class='ocr_carea' id='block_1_54' title="bbox 425 3697 2026 3771">
    <p class='ocr_par' dir='ltr' id='par_1_54' title="bbox 425 3697 2026 3771">
     <span class='ocr_line' id='line_1_54' title="bbox 425 3697 2026 3771; baseline -0.002 -18"><span class='ocrx_word' id='word_1_416' title='bbox 425 3699 604 3754; x_wconf 68' lang='grc' dir='ltr'>καλὸν</span> <span class='ocrx_word' id='word_1_417' title='bbox 644 3700 780 3770; x_wconf 85' lang='grc' dir='ltr'>φῶς.</span> <span class='ocrx_word' id='word_1_418' title='bbox 821 3697 936 3754; x_wconf 90' lang='grc' dir='ltr'><strong>Νῦν</strong></span> <span class='ocrx_word' id='word_1_419' title='bbox 969 3700 1065 3754; x_wconf 75' lang='grc' dir='ltr'>καὶ</span> <span class='ocrx_word' id='word_1_420' title='bbox 1105 3699 1216 3771; x_wconf 83' lang='grc' dir='ltr'><strong>ἀὴρ</strong></span> <span class='ocrx_word' id='word_1_421' title='bbox 1245 3699 1552 3771; x_wconf 88' lang='grc' dir='ltr'>πραότερος</span> <span class='ocrx_word' id='word_1_422' title='bbox 1590 3698 1710 3770; x_wconf 74' lang='grc' dir='ltr'>ἃμα</span> <span class='ocrx_word' id='word_1_423' title='bbox 1749 3697 1847 3752; x_wconf 80' lang='grc' dir='ltr'>καὶ</span> <span class='ocrx_word' id='word_1_424' title='bbox 1871 3697 2026 3750; x_wconf 86' lang='grc' dir='ltr'>διαυ-</span> 
     </span>
    </p>
   </div>
   <div class='ocr_carea' id='block_1_55' title="bbox 427 3786 2028 3862">
    <p class='ocr_par' dir='ltr' id='par_1_55' title="bbox 427 3786 2028 3862">
     <span class='ocr_line' id='line_1_55' title="bbox 427 3786 2028 3862; baseline -0.002 -18"><span class='ocrx_word' id='word_1_425' title='bbox 427 3793 740 3862; x_wconf 77' lang='grc' dir='ltr'>γέστερος,</span> <span class='ocrx_word' id='word_1_426' title='bbox 791 3793 887 3846; x_wconf 76' lang='grc' dir='ltr'>καὶ</span> <span class='ocrx_word' id='word_1_427' title='bbox 943 3790 1192 3846; x_wconf 82' lang='grc' dir='ltr'>θάλασσα</span> <span class='ocrx_word' id='word_1_428' title='bbox 1247 3790 1492 3862; x_wconf 84' lang='grc' dir='ltr'>γαλήνης</span> <span class='ocrx_word' id='word_1_429' title='bbox 1536 3789 1637 3859; x_wconf 81' lang='grc' dir='ltr'>ὅλη</span> <span class='ocrx_word' id='word_1_430' title='bbox 1689 3787 1785 3842; x_wconf 77' lang='grc' dir='ltr'>καὶ</span> <span class='ocrx_word' id='word_1_431' title='bbox 1829 3786 2028 3859; x_wconf 79' lang='grc' dir='ltr'>ἡδονῆς</span> 
     </span>
    </p>
   </div>
   <div class='ocr_carea' id='block_1_56' title="bbox 432 3881 2026 3955">
    <p class='ocr_par' dir='ltr' id='par_1_56' title="bbox 432 3881 2026 3955">
     <span class='ocr_line' id='line_1_56' title="bbox 432 3881 2026 3955; baseline -0.001 -17"><span class='ocrx_word' id='word_1_432' title='bbox 432 3885 700 3953; x_wconf 81' lang='grc' dir='ltr'>πέλαγος,</span> <span class='ocrx_word' id='word_1_433' title='bbox 735 3885 828 3937; x_wconf 81' lang='grc' dir='ltr'>καὶ</span> <span class='ocrx_word' id='word_1_434' title='bbox 855 3885 1060 3954; x_wconf 87' lang='grc' dir='ltr'>κόσμος</span> <span class='ocrx_word' id='word_1_435' title='bbox 1083 3884 1228 3947; x_wconf 82' lang='grc' dir='ltr'>ὅλος,</span> <span class='ocrx_word' id='word_1_436' title='bbox 1252 3884 1288 3955; x_wconf 80' lang='grc' dir='ltr'><strong>ἡ</strong></span> <span class='ocrx_word' id='word_1_437' title='bbox 1319 3883 1515 3954; x_wconf 85' lang='grc' dir='ltr'>χέρσος</span> <span class='ocrx_word' id='word_1_438' title='bbox 1541 3881 1732 3938; x_wconf 79' lang='grc' dir='ltr'>ἄνθεσι</span> <span class='ocrx_word' id='word_1_439' title='bbox 1762 3881 2026 3952; x_wconf 86' lang='grc' dir='ltr'>βρύουσα,</span> 
     </span>
    </p>
   </div>
   <div class='ocr_carea' id='block_1_57' title="bbox 435 3975 2023 4046">
    <p class='ocr_par' dir='ltr' id='par_1_57' title="bbox 435 3975 2023 4046">
     <span class='ocr_line' id='line_1_57' title="bbox 435 3975 2023 4046; baseline -0.001 -17"><span class='ocrx_word' id='word_1_440' title='bbox 435 3979 606 4040; x_wconf 59' lang='lat' dir='ltr'><strong>sidat;</strong></span> <span class='ocrx_word' id='word_1_441' title='bbox 659 3977 930 4031; x_wconf 80' lang='grc' dir='ltr'>θάλλουσα</span> <span class='ocrx_word' id='word_1_442' title='bbox 981 3975 1288 4044; x_wconf 82' lang='grc' dir='ltr'>πάντοθεν,</span> <span class='ocrx_word' id='word_1_443' title='bbox 1336 3979 1433 4031; x_wconf 73' lang='grc' dir='ltr'>καὶ</span> <span class='ocrx_word' id='word_1_444' title='bbox 1481 3975 1660 4030; x_wconf 86' lang='grc' dir='ltr'>πάντα</span> <span class='ocrx_word' id='word_1_445' title='bbox 1707 3975 2023 4046; x_wconf 81' lang='grc' dir='ltr'>τέρπουσα,</span> 
     </span>
    </p>
   </div>
   <div class='ocr_carea' id='block_1_58' title="bbox 433 4066 2024 4142">
    <p class='ocr_par' dir='ltr' id='par_1_58' title="bbox 433 4066 2024 4142">
     <span class='ocr_line' id='line_1_58' title="bbox 433 4066 2024 4142; baseline -0.001 -22"><span class='ocrx_word' id='word_1_446' title='bbox 433 4067 727 4139; x_wconf 80' lang='grc' dir='ltr'>λειμώνων</span> <span class='ocrx_word' id='word_1_447' title='bbox 777 4069 992 4142; x_wconf 82' lang='grc' dir='ltr'>ὀδμαῖς,</span> <span class='ocrx_word' id='word_1_448' title='bbox 1033 4069 1240 4140; x_wconf 84' lang='grc' dir='ltr'>ὀρνέων</span> <span class='ocrx_word' id='word_1_449' title='bbox 1286 4070 1516 4138; x_wconf 87' lang='grc' dir='ltr'>φωναῖς,</span> <span class='ocrx_word' id='word_1_450' title='bbox 1566 4067 1754 4137; x_wconf 86' lang='grc' dir='ltr'>φυτῶν</span> <span class='ocrx_word' id='word_1_451' title='bbox 1801 4066 2024 4136; x_wconf 87' lang='grc' dir='ltr'>κόμαις,</span> 
     </span>
    </p>
   </div>
   <div class='ocr_carea' id='block_1_59' title="bbox 431 4154 2028 4230">
    <p class='ocr_par' dir='ltr' id='par_1_59' title="bbox 431 4154 2028 4230">
     <span class='ocr_line' id='line_1_59' title="bbox 431 4154 2028 4230; baseline -0.003 -18"><span class='ocrx_word' id='word_1_452' title='bbox 431 4158 667 4229; x_wconf 77' lang='grc' dir='ltr'>ἀψύχων</span> <span class='ocrx_word' id='word_1_453' title='bbox 703 4157 980 4223; x_wconf 81' lang='grc' dir='ltr'>κάλλεσιν,</span> <span class='ocrx_word' id='word_1_454' title='bbox 1023 4157 1286 4230; x_wconf 79' lang='grc' dir='ltr'>ἐμψύχων</span> <span class='ocrx_word' id='word_1_455' title='bbox 1315 4157 1545 4226; x_wconf 73' lang='grc' dir='ltr'>ἄλμασι.</span> <span class='ocrx_word' id='word_1_456' title='bbox 1583 4155 1700 4209; x_wconf 89' lang='grc' dir='ltr'>Νῦν</span> <span class='ocrx_word' id='word_1_457' title='bbox 1729 4155 1826 4209; x_wconf 76' lang='grc' dir='ltr'>καὶ</span> <span class='ocrx_word' id='word_1_458' title='bbox 1865 4154 2028 4224; x_wconf 81' lang='grc' dir='ltr'>ὡρῶν</span> 
     </span>
    </p>
   </div>
   <div class='ocr_carea' id='block_1_60' title="bbox 431 4247 2028 4323">
    <p class='ocr_par' dir='ltr' id='par_1_60' title="bbox 431 4247 2028 4323">
     <span class='ocr_line' id='line_1_60' title="bbox 431 4247 2028 4323; baseline -0.003 -17"><span class='ocrx_word' id='word_1_459' title='bbox 431 4255 672 4322; x_wconf 75' lang='grc' dir='ltr'>κράσεις</span> <span class='ocrx_word' id='word_1_460' title='bbox 709 4252 804 4307; x_wconf 76' lang='grc' dir='ltr'>καὶ</span> <span class='ocrx_word' id='word_1_461' title='bbox 829 4251 1006 4323; x_wconf 80' lang='grc' dir='ltr'>μίξεις</span> <span class='ocrx_word' id='word_1_462' title='bbox 1043 4251 1328 4322; x_wconf 80' lang='grc' dir='ltr'>στοιχείων</span> <span class='ocrx_word' id='word_1_463' title='bbox 1359 4248 1641 4320; x_wconf 80' lang='grc' dir='ltr'>εΰκρατοι,</span> <span class='ocrx_word' id='word_1_464' title='bbox 1672 4247 1770 4302; x_wconf 78' lang='grc' dir='ltr'>καὶ</span> <span class='ocrx_word' id='word_1_465' title='bbox 1807 4247 2028 4317; x_wconf 83' lang='grc' dir='ltr'>ἀνέμων</span> 
     </span>
    </p>
   </div>
   <div class='ocr_carea' id='block_1_61' title="bbox 2193 2101 3713 2203">
    <p class='ocr_par' dir='ltr' id='par_1_61' title="bbox 2193 2101 3713 2203">
     <span class='ocr_line' id='line_1_61' title="bbox 2193 2101 3713 2203; baseline 0.013 -31"><span class='ocrx_word' id='word_1_466' title='bbox 2193 2101 2440 2174; x_wconf 71' lang='lat' dir='ltr'><strong>XXXIII.</strong></span> <span class='ocrx_word' id='word_1_467' title='bbox 2493 2120 2632 2176; x_wconf 79' lang='lat' dir='ltr'><strong>Nam</strong></span> <span class='ocrx_word' id='word_1_468' title='bbox 2679 2131 2736 2178; x_wconf 89' lang='lat' dir='ltr'><strong>et</strong></span> <span class='ocrx_word' id='word_1_469' title='bbox 2770 2125 2972 2180; x_wconf 66' lang='lat' dir='ltr'><strong>coelum</strong></span> <span class='ocrx_word' id='word_1_470' title='bbox 3005 2127 3264 2200; x_wconf 85' lang='lat' dir='ltr'><strong>desuper,</strong></span> <span class='ocrx_word' id='word_1_471' title='bbox 3303 2147 3333 2186; x_wconf 93' lang='lat' dir='ltr'><strong>e</strong></span> <span class='ocrx_word' id='word_1_472' title='bbox 3367 2150 3478 2203; x_wconf 87' lang='lat' dir='ltr'><strong>quo</strong></span> <span class='ocrx_word' id='word_1_473' title='bbox 3521 2139 3713 2195; x_wconf 88' lang='lat' dir='ltr'><strong>mumli</strong></span> 
     </span>
    </p>
   </div>
   <div class='ocr_carea' id='block_1_62' title="bbox 2122 2212 3710 2294">
    <p class='ocr_par' dir='ltr' id='par_1_62' title="bbox 2122 2212 3710 2294">
     <span class='ocr_line' id='line_1_62' title="bbox 2122 2212 3710 2294; baseline 0.009 -24"><span class='ocrx_word' id='word_1_474' title='bbox 2122 2221 2372 2278; x_wconf 82' lang='lat' dir='ltr'><strong>ornatus,</strong></span> <span class='ocrx_word' id='word_1_475' title='bbox 2401 2212 2694 2269; x_wconf 84' lang='lat' dir='ltr'><strong>hiemalem</strong></span> <span class='ocrx_word' id='word_1_476' title='bbox 2735 2215 3024 2287; x_wconf 79' lang='lat' dir='ltr'><strong>caliginem</strong></span> <span class='ocrx_word' id='word_1_477' title='bbox 3051 2235 3150 2276; x_wconf 91' lang='lat' dir='ltr'><strong>ceu</strong></span> <span class='ocrx_word' id='word_1_478' title='bbox 3181 2223 3466 2294; x_wconf 80' lang='lat' dir='ltr'><strong>lugubrem</strong></span> <span class='ocrx_word' id='word_1_479' title='bbox 3506 2241 3710 2286; x_wconf 82' lang='lat' dir='ltr'><strong>vestem</strong></span> 
     </span>
    </p>
   </div>
   <div class='ocr_carea' id='block_1_63' title="bbox 2122 2304 3716 2387">
    <p class='ocr_par' dir='ltr' id='par_1_63' title="bbox 2122 2304 3716 2387">
     <span class='ocr_line' id='line_1_63' title="bbox 2122 2304 3716 2387; baseline 0.014 -29"><span class='ocrx_word' id='word_1_480' title='bbox 2122 2304 2343 2374; x_wconf 83' lang='lat' dir='ltr'><strong>ahjeeit,</strong></span> <span class='ocrx_word' id='word_1_481' title='bbox 2387 2313 2442 2358; x_wconf 90' lang='lat' dir='ltr'><strong>et</strong></span> <span class='ocrx_word' id='word_1_482' title='bbox 2489 2305 2732 2361; x_wconf 90' lang='lat' dir='ltr'><strong>colorem</strong></span> <span class='ocrx_word' id='word_1_483' title='bbox 2763 2321 2928 2363; x_wconf 91' lang='lat' dir='ltr'><strong>suum</strong></span> <span class='ocrx_word' id='word_1_484' title='bbox 2979 2311 3032 2365; x_wconf 92' lang='lat' dir='ltr'><strong>in</strong></span> <span class='ocrx_word' id='word_1_485' title='bbox 3067 2329 3272 2370; x_wconf 88' lang='lat' dir='ltr'><strong>novum</strong></span> <span class='ocrx_word' id='word_1_486' title='bbox 3303 2318 3432 2387; x_wconf 88' lang='lat' dir='ltr'><strong>quid</strong></span> <span class='ocrx_word' id='word_1_487' title='bbox 3473 2335 3612 2377; x_wconf 86' lang='lat' dir='ltr'><strong>auro</strong></span> <span class='ocrx_word' id='word_1_488' title='bbox 3657 2337 3716 2380; x_wconf 87' lang='lat' dir='ltr'><strong>et</strong></span> 
     </span>
    </p>
   </div>
   <div class='ocr_carea' id='block_1_64' title="bbox 2122 2397 3715 2472">
    <p class='ocr_par' dir='ltr' id='par_1_64' title="bbox 2122 2397 3715 2472">
     <span class='ocr_line' id='line_1_64' title="bbox 2122 2397 3715 2472; baseline 0.014 -23"><span class='ocrx_word' id='word_1_489' title='bbox 2122 2411 2366 2466; x_wconf 87' lang='lat' dir='ltr'><strong>purpura</strong></span> <span class='ocrx_word' id='word_1_490' title='bbox 2392 2397 2747 2453; x_wconf 88' lang='lat' dir='ltr'><strong>commistum</strong></span> <span class='ocrx_word' id='word_1_491' title='bbox 2777 2399 3127 2470; x_wconf 89' lang='lat' dir='ltr'><strong>immutavit;</strong></span> <span class='ocrx_word' id='word_1_492' title='bbox 3159 2415 3215 2460; x_wconf 90' lang='lat' dir='ltr'><strong>et</strong></span> <span class='ocrx_word' id='word_1_493' title='bbox 3248 2411 3422 2464; x_wconf 72' lang='lat' dir='ltr'><strong>azther</strong></span> <span class='ocrx_word' id='word_1_494' title='bbox 3455 2427 3564 2468; x_wconf 89' lang='lat' dir='ltr'><strong>non</strong></span> <span class='ocrx_word' id='word_1_495' title='bbox 3601 2425 3715 2472; x_wconf 89' lang='lat' dir='ltr'><strong>tre-</strong></span> 
     </span>
    </p>
   </div>
   <div class='ocr_carea' id='block_1_65' title="bbox 2125 2491 3711 2578">
    <p class='ocr_par' dir='ltr' id='par_1_65' title="bbox 2125 2491 3711 2578">
     <span class='ocr_line' id='line_1_65' title="bbox 2125 2491 3711 2578; baseline 0.015 -36"><span class='ocrx_word' id='word_1_496' title='bbox 2125 2491 2352 2546; x_wconf 84' lang='lat' dir='ltr'><strong>mendas</strong></span> <span class='ocrx_word' id='word_1_497' title='bbox 2387 2491 2674 2546; x_wconf 84' lang='lat' dir='ltr'><strong>minitatur</strong></span> <span class='ocrx_word' id='word_1_498' title='bbox 2719 2494 3012 2562; x_wconf 85' lang='lat' dir='ltr'><strong>procellas,</strong></span> <span class='ocrx_word' id='word_1_499' title='bbox 3050 2499 3146 2552; x_wconf 87' lang='lat' dir='ltr'><strong>sed</strong></span> <span class='ocrx_word' id='word_1_500' title='bbox 3175 2515 3506 2568; x_wconf 80' lang='lat' dir='ltr'><strong>pervenuste</strong></span> <span class='ocrx_word' id='word_1_501' title='bbox 3551 2509 3711 2578; x_wconf 86' lang='lat' dir='ltr'><strong>nitet,</strong></span> 
     </span>
    </p>
   </div>
   <div class='ocr_carea' id='block_1_66' title="bbox 2124 2581 3710 2666">
    <p class='ocr_par' dir='ltr' id='par_1_66' title="bbox 2124 2581 3710 2666">
     <span class='ocr_line' id='line_1_66' title="bbox 2124 2581 3710 2666; baseline 0.013 -30"><span class='ocrx_word' id='word_1_502' title='bbox 2124 2589 2182 2636; x_wconf 86' lang='lat' dir='ltr'><strong>et</strong></span> <span class='ocrx_word' id='word_1_503' title='bbox 2226 2581 2382 2637; x_wconf 88' lang='lat' dir='ltr'><strong>suavi</strong></span> <span class='ocrx_word' id='word_1_504' title='bbox 2437 2583 2561 2639; x_wconf 90' lang='lat' dir='ltr'><strong>luce</strong></span> <span class='ocrx_word' id='word_1_505' title='bbox 2616 2597 2912 2654; x_wconf 88' lang='lat' dir='ltr'><strong>coruscat;</strong></span> <span class='ocrx_word' id='word_1_506' title='bbox 2969 2601 3264 2646; x_wconf 85' lang='lat' dir='ltr'><strong>renovatur</strong></span> <span class='ocrx_word' id='word_1_507' title='bbox 3319 2599 3481 2652; x_wconf 88' lang='lat' dir='ltr'><strong>etiam</strong></span> <span class='ocrx_word' id='word_1_508' title='bbox 3547 2602 3710 2666; x_wconf 87' lang='lat' dir='ltr'><strong>luna,</strong></span> 
     </span>
    </p>
   </div>
   <div class='ocr_carea' id='block_1_67' title="bbox 2126 2675 3716 2762">
    <p class='ocr_par' dir='ltr' id='par_1_67' title="bbox 2126 2675 3716 2762">
     <span class='ocr_line' id='line_1_67' title="bbox 2126 2675 3716 2762; baseline 0.015 -34"><span class='ocrx_word' id='word_1_509' title='bbox 2126 2689 2367 2746; x_wconf 85' lang='lat' dir='ltr'><strong>cumque</strong></span> <span class='ocrx_word' id='word_1_510' title='bbox 2407 2675 2618 2743; x_wconf 87' lang='lat' dir='ltr'><strong>lumen,</strong></span> <span class='ocrx_word' id='word_1_511' title='bbox 2659 2679 2808 2748; x_wconf 90' lang='lat' dir='ltr'><strong>quod</strong></span> <span class='ocrx_word' id='word_1_512' title='bbox 2859 2679 2914 2734; x_wconf 89' lang='lat' dir='ltr'><strong>in</strong></span> <span class='ocrx_word' id='word_1_513' title='bbox 2950 2681 3124 2753; x_wconf 82' lang='lat' dir='ltr'><strong>ipsam</strong></span> <span class='ocrx_word' id='word_1_514' title='bbox 3159 2686 3451 2758; x_wconf 83' lang='lat' dir='ltr'><strong>redundat,</strong></span> <span class='ocrx_word' id='word_1_515' title='bbox 3489 2695 3716 2762; x_wconf 89' lang='lat' dir='ltr'><strong>pulcher</strong></span> 
     </span>
    </p>
   </div>
   <div class='ocr_carea' id='block_1_68' title="bbox 2125 2766 3715 2858">
    <p class='ocr_par' dir='ltr' id='par_1_68' title="bbox 2125 2766 3715 2858">
     <span class='ocr_line' id='line_1_68' title="bbox 2125 2766 3715 2858; baseline 0.011 -36"><span class='ocrx_word' id='word_1_516' title='bbox 2125 2766 2372 2838; x_wconf 88' lang='lat' dir='ltr'><strong>ejusdem</strong></span> <span class='ocrx_word' id='word_1_517' title='bbox 2425 2785 2662 2840; x_wconf 88' lang='lat' dir='ltr'><strong>sponsus</strong></span> <span class='ocrx_word' id='word_1_518' title='bbox 2709 2786 2951 2839; x_wconf 86' lang='lat' dir='ltr'><strong>novum,</strong></span> <span class='ocrx_word' id='word_1_519' title='bbox 2989 2772 3364 2850; x_wconf 81' lang='lat' dir='ltr'><strong>fulgidiusque</strong></span> <span class='ocrx_word' id='word_1_520' title='bbox 3405 2791 3462 2836; x_wconf 90' lang='lat' dir='ltr'><strong>et</strong></span> <span class='ocrx_word' id='word_1_521' title='bbox 3511 2790 3715 2858; x_wconf 83' lang='lat' dir='ltr'><strong>copio—</strong></span> 
     </span>
    </p>
   </div>
   <div class='ocr_carea' id='block_1_69' title="bbox 2127 2859 3716 2942">
    <p class='ocr_par' dir='ltr' id='par_1_69' title="bbox 2127 2859 3716 2942">
     <span class='ocr_line' id='line_1_69' title="bbox 2127 2859 3716 2942; baseline 0.014 -30"><span class='ocrx_word' id='word_1_522' title='bbox 2127 2859 2248 2914; x_wconf 85' lang='lat' dir='ltr'><strong>sius</strong></span> <span class='ocrx_word' id='word_1_523' title='bbox 2285 2861 2568 2930; x_wconf 86' lang='lat' dir='ltr'><strong>acquirat,</strong></span> <span class='ocrx_word' id='word_1_524' title='bbox 2601 2861 2720 2932; x_wconf 89' lang='lat' dir='ltr'><strong>ipsa</strong></span> <span class='ocrx_word' id='word_1_525' title='bbox 2755 2867 2978 2932; x_wconf 88' lang='lat' dir='ltr'><strong>quoque</strong></span> <span class='ocrx_word' id='word_1_526' title='bbox 3022 2866 3274 2936; x_wconf 86' lang='lat' dir='ltr'><strong>ampliori</strong></span> <span class='ocrx_word' id='word_1_527' title='bbox 3319 2871 3716 2942; x_wconf 89' lang='lat' dir='ltr'><strong>splendidiori-</strong></span> 
     </span>
    </p>
   </div>
   <div class='ocr_carea' id='block_1_70' title="bbox 2053 2950 3716 3045">
    <p class='ocr_par' dir='ltr' id='par_1_70' title="bbox 2053 2950 3716 3045">
     <span class='ocr_line' id='line_1_70' title="bbox 2053 2950 3716 3045; baseline 0.016 -42"><span class='ocrx_word' id='word_1_528' title='bbox 2053 2985 2098 3045; x_wconf 63' lang='grc' dir='ltr'><em>α</em></span> <span class='ocrx_word' id='word_1_529' title='bbox 2131 2965 2240 3022; x_wconf 90' lang='lat' dir='ltr'><strong>que</strong></span> <span class='ocrx_word' id='word_1_530' title='bbox 2294 2950 2414 3007; x_wconf 84' lang='lat' dir='ltr'><strong>face</strong></span> <span class='ocrx_word' id='word_1_531' title='bbox 2463 2962 2680 3010; x_wconf 88' lang='lat' dir='ltr'><strong>noctem</strong></span> <span class='ocrx_word' id='word_1_532' title='bbox 2733 2955 3069 3023; x_wconf 83' lang='lat' dir='ltr'><strong>comitatur,</strong></span> <span class='ocrx_word' id='word_1_533' title='bbox 3103 2971 3157 3015; x_wconf 91' lang='lat' dir='ltr'><strong>et</strong></span> <span class='ocrx_word' id='word_1_534' title='bbox 3205 2963 3480 3022; x_wconf 87' lang='lat' dir='ltr'><strong>universis</strong></span> <span class='ocrx_word' id='word_1_535' title='bbox 3513 2975 3716 3029; x_wconf 88' lang='lat' dir='ltr'><strong>creatis</strong></span> 
     </span>
    </p>
   </div>
   <div class='ocr_carea' id='block_1_71' title="bbox 2128 3043 3716 3131">
    <p class='ocr_par' dir='ltr' id='par_1_71' title="bbox 2128 3043 3716 3131">
     <span class='ocr_line' id='line_1_71' title="bbox 2128 3043 3716 3131; baseline 0.014 -32"><span class='ocrx_word' id='word_1_536' title='bbox 2128 3043 2307 3100; x_wconf 89' lang='lat' dir='ltr'><strong>lucem</strong></span> <span class='ocrx_word' id='word_1_537' title='bbox 2365 3044 2636 3114; x_wconf 82' lang='lat' dir='ltr'><strong>all‘undit;</strong></span> <span class='ocrx_word' id='word_1_538' title='bbox 2691 3058 2841 3104; x_wconf 89' lang='lat' dir='ltr'><strong>astra</strong></span> <span class='ocrx_word' id='word_1_539' title='bbox 2893 3065 3045 3120; x_wconf 89' lang='lat' dir='ltr'><strong>vero,</strong></span> <span class='ocrx_word' id='word_1_540' title='bbox 3090 3067 3216 3124; x_wconf 83' lang='lat' dir='ltr'><strong>quae</strong></span> <span class='ocrx_word' id='word_1_541' title='bbox 3271 3055 3557 3131; x_wconf 76' lang='lat' dir='ltr'><strong>hucusque</strong></span> <span class='ocrx_word' id='word_1_542' title='bbox 3597 3063 3716 3120; x_wconf 84' lang='lat' dir='ltr'><strong>fere</strong></span> 
     </span>
    </p>
   </div>
   <div class='ocr_carea' id='block_1_72' title="bbox 2127 3136 3716 3216">
    <p class='ocr_par' dir='ltr' id='par_1_72' title="bbox 2127 3136 3716 3216">
     <span class='ocr_line' id='line_1_72' title="bbox 2127 3136 3716 3216; baseline 0.014 -24"><span class='ocrx_word' id='word_1_543' title='bbox 2127 3136 2440 3204; x_wconf 87' lang='lat' dir='ltr'><strong>latitabaut,</strong></span> <span class='ocrx_word' id='word_1_544' title='bbox 2487 3151 2544 3198; x_wconf 90' lang='lat' dir='ltr'><strong>et</strong></span> <span class='ocrx_word' id='word_1_545' title='bbox 2595 3142 2754 3212; x_wconf 90' lang='lat' dir='ltr'><strong>plura</strong></span> <span class='ocrx_word' id='word_1_546' title='bbox 2792 3155 2849 3200; x_wconf 89' lang='lat' dir='ltr'><strong>et</strong></span> <span class='ocrx_word' id='word_1_547' title='bbox 2879 3145 3089 3216; x_wconf 84' lang='lat' dir='ltr'><strong>majora</strong></span> <span class='ocrx_word' id='word_1_548' title='bbox 3135 3157 3190 3203; x_wconf 90' lang='lat' dir='ltr'><strong>et</strong></span> <span class='ocrx_word' id='word_1_549' title='bbox 3222 3153 3478 3210; x_wconf 88' lang='lat' dir='ltr'><strong>suaviora</strong></span> <span class='ocrx_word' id='word_1_550' title='bbox 3509 3167 3565 3211; x_wconf 94' lang='lat' dir='ltr'><strong>et</strong></span> <span class='ocrx_word' id='word_1_551' title='bbox 3607 3161 3716 3214; x_wconf 89' lang='lat' dir='ltr'><strong>mi-</strong></span> 
     </span>
    </p>
   </div>
   <div class='ocr_carea' id='block_1_73' title="bbox 2129 3231 3715 3318">
    <p class='ocr_par' dir='ltr' id='par_1_73' title="bbox 2129 3231 3715 3318">
     <span class='ocr_line' id='line_1_73' title="bbox 2129 3231 3715 3318; baseline 0.011 -33"><span class='ocrx_word' id='word_1_552' title='bbox 2129 3231 2380 3287; x_wconf 87' lang='lat' dir='ltr'><strong>cantiora</strong></span> <span class='ocrx_word' id='word_1_553' title='bbox 2411 3243 2718 3290; x_wconf 88' lang='lat' dir='ltr'><strong>cernuntur</strong></span> <span class='ocrx_word' id='word_1_554' title='bbox 2750 3253 2764 3290; x_wconf 88' lang='lat'><strong>:</strong></span> <span class='ocrx_word' id='word_1_555' title='bbox 2799 3235 2997 3291; x_wconf 79' lang='lat' dir='ltr'><strong>lucifer</strong></span> <span class='ocrx_word' id='word_1_556' title='bbox 3035 3247 3218 3295; x_wconf 86' lang='lat' dir='ltr'><strong>autem</strong></span> <span class='ocrx_word' id='word_1_557' title='bbox 3253 3251 3308 3297; x_wconf 89' lang='lat' dir='ltr'><strong>et</strong></span> <span class='ocrx_word' id='word_1_558' title='bbox 3345 3247 3488 3302; x_wconf 88' lang='lat' dir='ltr'><strong>mole</strong></span> <span class='ocrx_word' id='word_1_559' title='bbox 3515 3250 3715 3318; x_wconf 84' lang='lat' dir='ltr'><strong>major,</strong></span> 
     </span>
    </p>
   </div>
   <div class='ocr_carea' id='block_1_74' title="bbox 2125 3328 3714 3406">
    <p class='ocr_par' dir='ltr' id='par_1_74' title="bbox 2125 3328 3714 3406">
     <span class='ocr_line' id='line_1_74' title="bbox 2125 3328 3714 3406; baseline 0.011 -25"><span class='ocrx_word' id='word_1_560' title='bbox 2125 3334 2182 3381; x_wconf 88' lang='lat' dir='ltr'><strong>et</strong></span> <span class='ocrx_word' id='word_1_561' title='bbox 2209 3328 2395 3397; x_wconf 85' lang='lat' dir='ltr'><strong>specie</strong></span> <span class='ocrx_word' id='word_1_562' title='bbox 2419 3328 2722 3399; x_wconf 85' lang='lat' dir='ltr'><strong>pulchrior,</strong></span> <span class='ocrx_word' id='word_1_563' title='bbox 2753 3337 2809 3384; x_wconf 88' lang='lat' dir='ltr'><strong>et</strong></span> <span class='ocrx_word' id='word_1_564' title='bbox 2836 3329 3129 3388; x_wconf 86' lang='lat' dir='ltr'><strong>altitudine</strong></span> <span class='ocrx_word' id='word_1_565' title='bbox 3153 3336 3464 3406; x_wconf 88' lang='lat' dir='ltr'><strong>sublimior,</strong></span> <span class='ocrx_word' id='word_1_566' title='bbox 3509 3351 3561 3395; x_wconf 91' lang='lat' dir='ltr'><strong>et</strong></span> <span class='ocrx_word' id='word_1_567' title='bbox 3593 3343 3714 3398; x_wconf 88' lang='lat' dir='ltr'><strong>visu</strong></span> 
     </span>
    </p>
   </div>
   <div class='ocr_carea' id='block_1_75' title="bbox 2129 3419 3719 3492">
    <p class='ocr_par' dir='ltr' id='par_1_75' title="bbox 2129 3419 3719 3492">
     <span class='ocr_line' id='line_1_75' title="bbox 2129 3419 3719 3492; baseline 0.011 -19"><span class='ocrx_word' id='word_1_568' title='bbox 2129 3419 2365 3484; x_wconf 88' lang='lat' dir='ltr'><strong>dulcior,</strong></span> <span class='ocrx_word' id='word_1_569' title='bbox 2395 3428 2450 3475; x_wconf 88' lang='lat' dir='ltr'><strong>ct</strong></span> <span class='ocrx_word' id='word_1_570' title='bbox 2495 3436 2718 3477; x_wconf 89' lang='lat' dir='ltr'><strong>accessu</strong></span> <span class='ocrx_word' id='word_1_571' title='bbox 2750 3421 3050 3492; x_wconf 88' lang='lat' dir='ltr'><strong>jucundior</strong></span> <span class='ocrx_word' id='word_1_572' title='bbox 3081 3428 3278 3482; x_wconf 86' lang='lat' dir='ltr'><strong>evasit.</strong></span> <span class='ocrx_word' id='word_1_573' title='bbox 3311 3427 3471 3486; x_wconf 89' lang='lat' dir='ltr'><strong>Nune</strong></span> <span class='ocrx_word' id='word_1_574' title='bbox 3517 3445 3573 3488; x_wconf 91' lang='lat' dir='ltr'><strong>et</strong></span> <span class='ocrx_word' id='word_1_575' title='bbox 3599 3435 3719 3490; x_wconf 79' lang='lat' dir='ltr'><strong>dies</strong></span> 
     </span>
    </p>
   </div>
   <div class='ocr_carea' id='block_1_76' title="bbox 2129 3511 3720 3599">
    <p class='ocr_par' dir='ltr' id='par_1_76' title="bbox 2129 3511 3720 3599">
     <span class='ocr_line' id='line_1_76' title="bbox 2129 3511 3720 3599; baseline 0.011 -33"><span class='ocrx_word' id='word_1_576' title='bbox 2129 3511 2347 3583; x_wconf 87' lang='lat' dir='ltr'><strong>quidem</strong></span> <span class='ocrx_word' id='word_1_577' title='bbox 2383 3514 2506 3569; x_wconf 91' lang='lat' dir='ltr'><strong>luce</strong></span> <span class='ocrx_word' id='word_1_578' title='bbox 2541 3515 2802 3583; x_wconf 88' lang='lat' dir='ltr'><strong>abundat,</strong></span> <span class='ocrx_word' id='word_1_579' title='bbox 2834 3517 3180 3589; x_wconf 86' lang='lat' dir='ltr'><strong>chorumque</strong></span> <span class='ocrx_word' id='word_1_580' title='bbox 3205 3522 3437 3578; x_wconf 82' lang='lat' dir='ltr'><strong>adornat</strong></span> <span class='ocrx_word' id='word_1_581' title='bbox 3465 3525 3564 3590; x_wconf 90' lang='lat' dir='ltr'><strong>illi,</strong></span> <span class='ocrx_word' id='word_1_582' title='bbox 3593 3543 3720 3599; x_wconf 67' lang='lat' dir='ltr'><strong>qua:</strong></span> 
     </span>
    </p>
   </div>
   <div class='ocr_carea' id='block_1_77' title="bbox 2128 3602 3720 3689">
    <p class='ocr_par' dir='ltr' id='par_1_77' title="bbox 2128 3602 3720 3689">
     <span class='ocr_line' id='line_1_77' title="bbox 2128 3602 3720 3689; baseline 0.009 -31"><span class='ocrx_word' id='word_1_583' title='bbox 2128 3602 2301 3658; x_wconf 80' lang='lat' dir='ltr'><strong>solem</strong></span> <span class='ocrx_word' id='word_1_584' title='bbox 2335 3603 2516 3674; x_wconf 86' lang='lat' dir='ltr'><strong>parit;</strong></span> <span class='ocrx_word' id='word_1_585' title='bbox 2551 3620 2659 3659; x_wconf 80' lang='lat' dir='ltr'><strong>nox</strong></span> <span class='ocrx_word' id='word_1_586' title='bbox 2695 3621 2824 3660; x_wconf 90' lang='lat' dir='ltr'><strong>vero</strong></span> <span class='ocrx_word' id='word_1_587' title='bbox 2856 3607 3060 3664; x_wconf 89' lang='lat' dir='ltr'><strong>recedit</strong></span> <span class='ocrx_word' id='word_1_588' title='bbox 3089 3619 3218 3666; x_wconf 89' lang='lat' dir='ltr'><strong>ante</strong></span> <span class='ocrx_word' id='word_1_589' title='bbox 3257 3612 3554 3684; x_wconf 85' lang='lat' dir='ltr'><strong>dominam,</strong></span> <span class='ocrx_word' id='word_1_590' title='bbox 3594 3633 3720 3689; x_wconf 65' lang='lat' dir='ltr'><strong>quae</strong></span> 
     </span>
    </p>
   </div>
   <div class='ocr_carea' id='block_1_78' title="bbox 2129 3695 3718 3766">
    <p class='ocr_par' dir='ltr' id='par_1_78' title="bbox 2129 3695 3718 3766">
     <span class='ocr_line' id='line_1_78' title="bbox 2129 3695 3718 3766; baseline 0.011 -17"><span class='ocrx_word' id='word_1_591' title='bbox 2129 3695 2364 3766; x_wconf 89' lang='lat' dir='ltr'><strong>primam</strong></span> <span class='ocrx_word' id='word_1_592' title='bbox 2415 3695 2566 3751; x_wconf 84' lang='lat' dir='ltr'><strong>illam</strong></span> <span class='ocrx_word' id='word_1_593' title='bbox 2614 3705 2668 3752; x_wconf 89' lang='lat' dir='ltr'><strong>et</strong></span> <span class='ocrx_word' id='word_1_594' title='bbox 2714 3698 3038 3756; x_wconf 89' lang='lat' dir='ltr'><strong>creatricem</strong></span> <span class='ocrx_word' id='word_1_595' title='bbox 3097 3712 3149 3758; x_wconf 88' lang='lat' dir='ltr'><strong>et</strong></span> <span class='ocrx_word' id='word_1_596' title='bbox 3189 3715 3478 3762; x_wconf 76' lang='lat' dir='ltr'><strong>venostam</strong></span> <span class='ocrx_word' id='word_1_597' title='bbox 3541 3711 3718 3766; x_wconf 88' lang='lat' dir='ltr'><strong>lucem</strong></span> 
     </span>
    </p>
   </div>
   <div class='ocr_carea' id='block_1_79' title="bbox 2128 3786 3721 3860">
    <p class='ocr_par' dir='ltr' id='par_1_79' title="bbox 2128 3786 3721 3860">
     <span class='ocr_line' id='line_1_79' title="bbox 2128 3786 3721 3860; baseline 0.011 -19"><span class='ocrx_word' id='word_1_598' title='bbox 2128 3786 2187 3842; x_wconf 91' lang='lat' dir='ltr'><strong>in</strong></span> <span class='ocrx_word' id='word_1_599' title='bbox 2219 3797 2380 3844; x_wconf 89' lang='lat' dir='ltr'><strong>utero</strong></span> <span class='ocrx_word' id='word_1_600' title='bbox 2422 3799 2620 3860; x_wconf 76' lang='lat' dir='ltr'><strong>gestat.</strong></span> <span class='ocrx_word' id='word_1_601' title='bbox 2657 3789 2813 3847; x_wconf 83' lang='lat' dir='ltr'><strong>Nunc</strong></span> <span class='ocrx_word' id='word_1_602' title='bbox 2843 3802 2899 3847; x_wconf 87' lang='lat' dir='ltr'><strong>et</strong></span> <span class='ocrx_word' id='word_1_603' title='bbox 2943 3808 3040 3849; x_wconf 89' lang='lat' dir='ltr'><strong>aer</strong></span> <span class='ocrx_word' id='word_1_604' title='bbox 3069 3795 3257 3851; x_wconf 89' lang='lat' dir='ltr'><strong>mitior</strong></span> <span class='ocrx_word' id='word_1_605' title='bbox 3289 3799 3455 3854; x_wconf 85' lang='lat' dir='ltr'><strong>simul</strong></span> <span class='ocrx_word' id='word_1_606' title='bbox 3485 3817 3550 3858; x_wconf 89' lang='lat' dir='ltr'><strong>ac</strong></span> <span class='ocrx_word' id='word_1_607' title='bbox 3598 3805 3721 3858; x_wconf 87' lang='lat' dir='ltr'><strong>lim-</strong></span> 
     </span>
    </p>
   </div>
   <div class='ocr_carea' id='block_1_80' title="bbox 2128 3879 3725 3966">
    <p class='ocr_par' dir='ltr' id='par_1_80' title="bbox 2128 3879 3725 3966">
     <span class='ocr_line' id='line_1_80' title="bbox 2128 3879 3725 3966; baseline 0.01 -30"><span class='ocrx_word' id='word_1_608' title='bbox 2128 3879 2331 3951; x_wconf 90' lang='lat' dir='ltr'><strong>pidior,</strong></span> <span class='ocrx_word' id='word_1_609' title='bbox 2367 3891 2422 3936; x_wconf 89' lang='lat' dir='ltr'><strong>et</strong></span> <span class='ocrx_word' id='word_1_610' title='bbox 2457 3897 2626 3951; x_wconf 87' lang='lat' dir='ltr'><strong>mare,</strong></span> <span class='ocrx_word' id='word_1_611' title='bbox 2682 3895 2789 3954; x_wconf 86' lang='lat' dir='ltr'><strong>qua</strong></span> <span class='ocrx_word' id='word_1_612' title='bbox 2835 3885 2942 3940; x_wconf 88' lang='lat' dir='ltr'><strong>late</strong></span> <span class='ocrx_word' id='word_1_613' title='bbox 2985 3888 3358 3956; x_wconf 89' lang='lat' dir='ltr'><strong>protenditur,</strong></span> <span class='ocrx_word' id='word_1_614' title='bbox 3411 3897 3725 3966; x_wconf 83' lang='lat' dir='ltr'><strong>tranquilli-</strong></span> 
     </span>
    </p>
   </div>
   <div class='ocr_carea' id='block_1_81' title="bbox 2130 3972 3719 4056">
    <p class='ocr_par' dir='ltr' id='par_1_81' title="bbox 2130 3972 3719 4056">
     <span class='ocr_line' id='line_1_81' title="bbox 2130 3972 3719 4056; baseline 0.013 -29"><span class='ocrx_word' id='word_1_615' title='bbox 2130 3972 2262 4029; x_wconf 87' lang='lat' dir='ltr'><strong>tatis</strong></span> <span class='ocrx_word' id='word_1_616' title='bbox 2311 3981 2398 4030; x_wconf 89' lang='lat' dir='ltr'><strong>est</strong></span> <span class='ocrx_word' id='word_1_617' title='bbox 2453 3973 2894 4048; x_wconf 87' lang='lat' dir='ltr'><strong>deliciarumque</strong></span> <span class='ocrx_word' id='word_1_618' title='bbox 2937 3979 3188 4052; x_wconf 78' lang='lat' dir='ltr'><strong>pelagus,</strong></span> <span class='ocrx_word' id='word_1_619' title='bbox 3233 3992 3293 4038; x_wconf 91' lang='lat' dir='ltr'><strong>et</strong></span> <span class='ocrx_word' id='word_1_620' title='bbox 3350 3993 3497 4041; x_wconf 86' lang='lat' dir='ltr'><strong>totus</strong></span> <span class='ocrx_word' id='word_1_621' title='bbox 3543 3989 3719 4056; x_wconf 90' lang='lat' dir='ltr'><strong>orbis,</strong></span> 
     </span>
    </p>
   </div>
   <div class='ocr_carea' id='block_1_82' title="bbox 2131 4069 3718 4139">
    <p class='ocr_par' dir='ltr' id='par_1_82' title="bbox 2131 4069 3718 4139">
     <span class='ocr_line' id='line_1_82' title="bbox 2131 4069 3718 4139; baseline 0.011 -18"><span class='ocrx_word' id='word_1_622' title='bbox 2131 4075 2277 4121; x_wconf 89' lang='lat' dir='ltr'><strong>terra</strong></span> <span class='ocrx_word' id='word_1_623' title='bbox 2309 4081 2504 4138; x_wconf 90' lang='lat' dir='ltr'><strong>nempe</strong></span> <span class='ocrx_word' id='word_1_624' title='bbox 2533 4069 2744 4138; x_wconf 86' lang='lat' dir='ltr'><strong>pridem</strong></span> <span class='ocrx_word' id='word_1_625' title='bbox 2771 4071 3012 4139; x_wconf 90' lang='lat' dir='ltr'><strong>deserta,</strong></span> <span class='ocrx_word' id='word_1_626' title='bbox 3045 4090 3196 4131; x_wconf 88' lang='lat' dir='ltr'><strong>nunc</strong></span> <span class='ocrx_word' id='word_1_627' title='bbox 3227 4075 3426 4134; x_wconf 83' lang='lat' dir='ltr'><strong>ﬂorum</strong></span> <span class='ocrx_word' id='word_1_628' title='bbox 3457 4095 3718 4138; x_wconf 87' lang='lat' dir='ltr'><strong>venusta-</strong></span> 
     </span>
    </p>
   </div>
   <div class='ocr_carea' id='block_1_83' title="bbox 2129 4160 3720 4236">
    <p class='ocr_par' dir='ltr' id='par_1_83' title="bbox 2129 4160 3720 4236">
     <span class='ocr_line' id='line_1_83' title="bbox 2129 4160 3720 4236; baseline 0.011 -24"><span class='ocrx_word' id='word_1_629' title='bbox 2129 4165 2222 4212; x_wconf 89' lang='lat' dir='ltr'><strong>tur</strong></span> <span class='ocrx_word' id='word_1_630' title='bbox 2271 4160 2454 4229; x_wconf 87' lang='lat' dir='ltr'><strong>c0pia,</strong></span> <span class='ocrx_word' id='word_1_631' title='bbox 2515 4161 2813 4232; x_wconf 89' lang='lat' dir='ltr'><strong>herbisque</strong></span> <span class='ocrx_word' id='word_1_632' title='bbox 2855 4165 3096 4236; x_wconf 86' lang='lat' dir='ltr'><strong>undique</strong></span> <span class='ocrx_word' id='word_1_633' title='bbox 3146 4169 3395 4234; x_wconf 69' lang='lat' dir='ltr'><strong>Virescit,</strong></span> <span class='ocrx_word' id='word_1_634' title='bbox 3443 4181 3500 4226; x_wconf 86' lang='lat' dir='ltr'><strong>et</strong></span> <span class='ocrx_word' id='word_1_635' title='bbox 3537 4175 3720 4230; x_wconf 89' lang='lat' dir='ltr'><strong>modis</strong></span> 
     </span>
    </p>
   </div>
   <div class='ocr_carea' id='block_1_84' title="bbox 2132 4251 3720 4330">
    <p class='ocr_par' dir='ltr' id='par_1_84' title="bbox 2132 4251 3720 4330">
     <span class='ocr_line' id='line_1_84' title="bbox 2132 4251 3720 4330; baseline 0.011 -26"><span class='ocrx_word' id='word_1_636' title='bbox 2132 4251 2413 4314; x_wconf 81' lang='lat' dir='ltr'><strong>omnibus,</strong></span> <span class='ocrx_word' id='word_1_637' title='bbox 2445 4261 2724 4322; x_wconf 88' lang='lat' dir='ltr'><strong>pratorum</strong></span> <span class='ocrx_word' id='word_1_638' title='bbox 2764 4254 3088 4329; x_wconf 77' lang='lat' dir='ltr'><strong>fragrantia,</strong></span> <span class='ocrx_word' id='word_1_639' title='bbox 3121 4261 3308 4316; x_wconf 89' lang='lat' dir='ltr'><strong>avium</strong></span> <span class='ocrx_word' id='word_1_640' title='bbox 3346 4275 3536 4330; x_wconf 87' lang='lat' dir='ltr'><strong>cantu,</strong></span> <span class='ocrx_word' id='word_1_641' title='bbox 3570 4266 3720 4322; x_wconf 81' lang='lat' dir='ltr'><strong>fron-</strong></span> 
     </span>
    </p>
   </div>
   <div class='ocr_carea' id='block_1_85' title="bbox 435 4342 2046 4430">
    <p class='ocr_par' dir='ltr' id='par_1_85' title="bbox 435 4343 2028 4416">
     <span class='ocr_line' id='line_1_85' title="bbox 435 4343 2028 4416; baseline -0.001 -18"><span class='ocrx_word' id='word_1_642' title='bbox 435 4345 669 4398; x_wconf 83' lang='grc' dir='ltr'>σπονδαὶ</span> <span class='ocrx_word' id='word_1_643' title='bbox 702 4347 795 4398; x_wconf 72' lang='grc' dir='ltr'>καὶ</span> <span class='ocrx_word' id='word_1_644' title='bbox 852 4345 1095 4415; x_wconf 67' lang='grc' dir='ltr'><strong>μαλακαὶ¹</strong></span> <span class='ocrx_word' id='word_1_645' title='bbox 1133 4343 1394 4416; x_wconf 82' lang='grc' dir='ltr'>ζεφύρων</span> <span class='ocrx_word' id='word_1_646' title='bbox 1417 4343 1604 4415; x_wconf 74' lang='grc' dir='ltr'>φοραὶ,</span> <span class='ocrx_word' id='word_1_647' title='bbox 1650 4343 1746 4398; x_wconf 77' lang='grc' dir='ltr'>καὶ</span> <span class='ocrx_word' id='word_1_648' title='bbox 1777 4343 1900 4415; x_wconf 77' lang='grc' dir='ltr'>ῥοαὶ</span> <span class='ocrx_word' id='word_1_649' title='bbox 1927 4359 2028 4397; x_wconf 88' lang='grc' dir='ltr'>πο-</span> 
     </span>
    </p>
   </div>
   <div class='ocr_carea' id='block_1_86' title="bbox 2125 4342 3718 4430">
    <p class='ocr_par' dir='ltr' id='par_1_86' title="bbox 2130 4342 3718 4430">
     <span class='ocr_line' id='line_1_86' title="bbox 2130 4342 3718 4430; baseline 0.013 -34"><span class='ocrx_word' id='word_1_650' title='bbox 2130 4342 2248 4398; x_wconf 88' lang='lat' dir='ltr'><strong>deis</strong></span> <span class='ocrx_word' id='word_1_651' title='bbox 2293 4344 2604 4414; x_wconf 87' lang='lat' dir='ltr'><strong>plantarum</strong></span> <span class='ocrx_word' id='word_1_652' title='bbox 2659 4349 2868 4414; x_wconf 82' lang='lat' dir='ltr'><strong>comis,</strong></span> <span class='ocrx_word' id='word_1_653' title='bbox 2921 4349 3344 4410; x_wconf 89' lang='lat' dir='ltr'><strong>inanimantium</strong></span> <span class='ocrx_word' id='word_1_654' title='bbox 3397 4371 3582 4413; x_wconf 88' lang='lat' dir='ltr'><strong>rerum</strong></span> <span class='ocrx_word' id='word_1_655' title='bbox 3624 4359 3718 4430; x_wconf 89' lang='lat' dir='ltr'><strong>ju-</strong></span> 
     </span>
    </p>
   </div>
   <div class='ocr_carea' id='block_1_87' title="bbox 429 4434 2024 4507">
    <p class='ocr_par' dir='ltr' id='par_1_87' title="bbox 429 4434 2024 4507">
     <span class='ocr_line' id='line_1_87' title="bbox 429 4434 2024 4507; baseline 0 -19"><span class='ocrx_word' id='word_1_656' title='bbox 429 4439 634 4506; x_wconf 79' lang='grc' dir='ltr'>ταμὼν</span> <span class='ocrx_word' id='word_1_657' title='bbox 659 4437 884 4506; x_wconf 88' lang='grc' dir='ltr'>πραεῖαι</span> <span class='ocrx_word' id='word_1_658' title='bbox 905 4477 920 4501; x_wconf 90' lang='grc'><strong>,</strong></span> <span class='ocrx_word' id='word_1_659' title='bbox 953 4435 1050 4489; x_wconf 75' lang='grc' dir='ltr'>καὶ</span> <span class='ocrx_word' id='word_1_660' title='bbox 1089 4436 1264 4507; x_wconf 74' lang='grc' dir='ltr'>πηγαὶ</span> <span class='ocrx_word' id='word_1_661' title='bbox 1293 4435 1502 4506; x_wconf 77' lang='grc' dir='ltr'>ψυχραί</span> <span class='ocrx_word' id='word_1_662' title='bbox 1529 4452 1588 4488; x_wconf 90' lang='grc' dir='ltr'><strong>τε</strong></span> <span class='ocrx_word' id='word_1_663' title='bbox 1619 4435 1714 4488; x_wconf 69' lang='grc' dir='ltr'>καὶ</span> <span class='ocrx_word' id='word_1_664' title='bbox 1757 4434 2024 4503; x_wconf 73' lang='grc' dir='ltr'>καθαραὶ,</span> 
     </span>
    </p>
   </div>
   <div class='ocr_carea' id='block_1_88' title="bbox 432 4518 2025 4596">
    <p class='ocr_par' dir='ltr' id='par_1_88' title="bbox 432 4518 2025 4596">
     <span class='ocr_line' id='line_1_88' title="bbox 432 4518 2025 4596; baseline 0.003 -22"><span class='ocrx_word' id='word_1_665' title='bbox 432 4523 536 4575; x_wconf 75' lang='grc' dir='ltr'>καὶ</span> <span class='ocrx_word' id='word_1_666' title='bbox 563 4518 688 4593; x_wconf 82' lang='grc' dir='ltr'>ἦχοι</span> <span class='ocrx_word' id='word_1_667' title='bbox 733 4523 1022 4594; x_wconf 80' lang='grc' dir='ltr'>ῥευμάτων</span> <span class='ocrx_word' id='word_1_668' title='bbox 1051 4523 1273 4596; x_wconf 78' lang='grc' dir='ltr'>ἥμεροι.</span> <span class='ocrx_word' id='word_1_669' title='bbox 1315 4525 1432 4577; x_wconf 86' lang='grc' dir='ltr'><strong>Νῦν</strong></span> <span class='ocrx_word' id='word_1_670' title='bbox 1469 4525 1565 4578; x_wconf 74' lang='grc' dir='ltr'>καὶ</span> <span class='ocrx_word' id='word_1_671' title='bbox 1599 4523 1762 4593; x_wconf 87' lang='grc' dir='ltr'>φύσις</span> <span class='ocrx_word' id='word_1_672' title='bbox 1805 4524 1902 4596; x_wconf 81' lang='grc' dir='ltr'>ὅλη</span> <span class='ocrx_word' id='word_1_673' title='bbox 1932 4523 2025 4578; x_wconf 84' lang='grc' dir='ltr'><strong>τδν</strong></span> 
     </span>
    </p>
   </div>
   <div class='ocr_carea' id='block_1_89' title="bbox 435 4607 2028 4690">
    <p class='ocr_par' dir='ltr' id='par_1_89' title="bbox 435 4607 2028 4690">
     <span class='ocr_line' id='line_1_89' title="bbox 435 4607 2028 4690; baseline 0.002 -23"><span class='ocrx_word' id='word_1_674' title='bbox 435 4607 599 4668; x_wconf 69' lang='grc' dir='ltr'>τόκον</span> <span class='ocrx_word' id='word_1_675' title='bbox 650 4616 730 4679; x_wconf 84' lang='grc' dir='ltr'>ὡς</span> <span class='ocrx_word' id='word_1_676' title='bbox 781 4615 954 4685; x_wconf 86' lang='grc' dir='ltr'>δῶρον</span> <span class='ocrx_word' id='word_1_677' title='bbox 1005 4619 1070 4688; x_wconf 77' lang='grc' dir='ltr'><strong>τῇ</strong></span> <span class='ocrx_word' id='word_1_678' title='bbox 1121 4616 1312 4690; x_wconf 86' lang='grc' dir='ltr'>νύμφῃ</span> <span class='ocrx_word' id='word_1_679' title='bbox 1349 4616 1574 4682; x_wconf 89' lang='grc' dir='ltr'>δίδωσι,</span> <span class='ocrx_word' id='word_1_680' title='bbox 1604 4616 1700 4671; x_wconf 80' lang='grc' dir='ltr'>καὶ</span> <span class='ocrx_word' id='word_1_681' title='bbox 1731 4619 1884 4672; x_wconf 81' lang='grc' dir='ltr'>πᾶσα</span> <span class='ocrx_word' id='word_1_682' title='bbox 1926 4617 2028 4688; x_wconf 74' lang='grc' dir='ltr'>μὲν</span> 
     </span>
    </p>
   </div>
   <div class='ocr_carea' id='block_1_90' title="bbox 437 4707 2027 4780">
    <p class='ocr_par' dir='ltr' id='par_1_90' title="bbox 437 4707 2027 4780">
     <span class='ocr_line' id='line_1_90' title="bbox 437 4707 2027 4780; baseline 0.003 -21"><span class='ocrx_word' id='word_1_683' title='bbox 437 4707 645 4778; x_wconf 80' lang='grc' dir='ltr'>πτηνὴ,</span> <span class='ocrx_word' id='word_1_684' title='bbox 679 4709 830 4761; x_wconf 81' lang='grc' dir='ltr'>πᾶσα</span> <span class='ocrx_word' id='word_1_685' title='bbox 869 4708 926 4761; x_wconf 74' lang='grc' dir='ltr'>δὲ</span> <span class='ocrx_word' id='word_1_686' title='bbox 974 4709 1168 4779; x_wconf 83' lang='grc' dir='ltr'>νηκτὴ,</span> <span class='ocrx_word' id='word_1_687' title='bbox 1211 4711 1359 4763; x_wconf 79' lang='grc' dir='ltr'>πᾶσα</span> <span class='ocrx_word' id='word_1_688' title='bbox 1388 4709 1444 4763; x_wconf 85' lang='grc' dir='ltr'>δὲ</span> <span class='ocrx_word' id='word_1_689' title='bbox 1479 4709 1575 4763; x_wconf 73' lang='grc' dir='ltr'>καὶ</span> <span class='ocrx_word' id='word_1_690' title='bbox 1617 4707 1760 4780; x_wconf 77' lang='grc' dir='ltr'>πεζὴ</span> <span class='ocrx_word' id='word_1_691' title='bbox 1789 4709 2027 4778; x_wconf 84' lang='grc' dir='ltr'>γένεσις,</span> 
     </span>
    </p>
   </div>
   <div class='ocr_carea' id='block_1_91' title="bbox 433 4799 2030 4874">
    <p class='ocr_par' dir='ltr' id='par_1_91' title="bbox 433 4799 2030 4874">
     <span class='ocr_line' id='line_1_91' title="bbox 433 4799 2030 4874; baseline 0.003 -23"><span class='ocrx_word' id='word_1_692' title='bbox 433 4801 478 4871; x_wconf 82' lang='grc' dir='ltr'><strong>ἡ</strong></span> <span class='ocrx_word' id='word_1_693' title='bbox 511 4799 610 4868; x_wconf 78' lang='grc' dir='ltr'>μὲν</span> <span class='ocrx_word' id='word_1_694' title='bbox 637 4799 990 4871; x_wconf 79' lang='grc' dir='ltr'>προέρχεται,</span> <span class='ocrx_word' id='word_1_695' title='bbox 1014 4801 1048 4870; x_wconf 77' lang='grc' dir='ltr'>ἡ</span> <span class='ocrx_word' id='word_1_696' title='bbox 1077 4801 1135 4855; x_wconf 83' lang='grc' dir='ltr'>δὲ</span> <span class='ocrx_word' id='word_1_697' title='bbox 1156 4801 1572 4871; x_wconf 74' lang='grc' dir='ltr'>ἐπαγγέλλεται,</span> <span class='ocrx_word' id='word_1_698' title='bbox 1603 4805 1638 4874; x_wconf 81' lang='grc' dir='ltr'>ἠ</span> <span class='ocrx_word' id='word_1_699' title='bbox 1666 4803 1722 4856; x_wconf 70' lang='grc' dir='ltr'>δὲ</span> <span class='ocrx_word' id='word_1_700' title='bbox 1742 4803 2030 4874; x_wconf 84' lang='grc' dir='ltr'>τρέφεται,</span> 
     </span>
    </p>
   </div>
   <div class='ocr_carea' id='block_1_92' title="bbox 438 4895 2098 4968">
    <p class='ocr_par' dir='ltr' id='par_1_92' title="bbox 438 4895 2098 4968">
     <span class='ocr_line' id='line_1_92' title="bbox 438 4895 2098 4968; baseline 0.003 -21"><span class='ocrx_word' id='word_1_701' title='bbox 438 4896 482 4964; x_wconf 82' lang='grc' dir='ltr'><strong>ἡ</strong></span> <span class='ocrx_word' id='word_1_702' title='bbox 521 4896 565 4947; x_wconf 84' lang='grc' dir='ltr'>δ’</span> <span class='ocrx_word' id='word_1_703' title='bbox 601 4895 725 4968; x_wconf 81' lang='grc' dir='ltr'>ἄρτι</span> <span class='ocrx_word' id='word_1_704' title='bbox 757 4895 850 4948; x_wconf 80' lang='grc' dir='ltr'>καὶ</span> <span class='ocrx_word' id='word_1_705' title='bbox 889 4896 1251 4966; x_wconf 84' lang='grc' dir='ltr'>κεκρυμμένη</span> <span class='ocrx_word' id='word_1_706' title='bbox 1287 4895 1574 4966; x_wconf 85' lang='grc' dir='ltr'>φαίνεται·</span> <span class='ocrx_word' id='word_1_707' title='bbox 1607 4898 1675 4952; x_wconf 85' lang='grc' dir='ltr'>τὰ</span> <span class='ocrx_word' id='word_1_708' title='bbox 1713 4897 1813 4968; x_wconf 83' lang='grc' dir='ltr'>μὲν</span> <span class='ocrx_word' id='word_1_709' title='bbox 1846 4898 1924 4961; x_wconf 82' lang='grc' dir='ltr'><strong>ὡς</strong></span> <span class='ocrx_word' id='word_1_710' title='bbox 1961 4899 2028 4952; x_wconf 78' lang='grc' dir='ltr'>ἐκ</span> <span class='ocrx_word' id='word_1_711' title='bbox 2091 4917 2098 4922; x_wconf 72' lang='grc'><strong>’</strong></span> 
     </span>
    </p>
   </div>
   <div class='ocr_carea' id='block_1_93' title="bbox 441 4972 2028 5060">
    <p class='ocr_par' dir='ltr' id='par_1_93' title="bbox 441 4972 2028 5060">
     <span class='ocr_line' id='line_1_93' title="bbox 441 4972 2028 5060; baseline 0.004 -21"><span class='ocrx_word' id='word_1_712' title='bbox 441 4987 707 5055; x_wconf 75' lang='grc' dir='ltr'>θαλάμων</span> <span class='ocrx_word' id='word_1_713' title='bbox 733 4972 1080 5052; x_wconf 55' lang='grc' dir='ltr'>ἐπιφαίνεται</span> <span class='ocrx_word' id='word_1_714' title='bbox 1101 4987 1211 5041; x_wconf 85' lang='grc' dir='ltr'><strong>τῶν</strong></span> <span class='ocrx_word' id='word_1_715' title='bbox 1236 4987 1410 5058; x_wconf 80' lang='grc' dir='ltr'>ὀρῶν·</span> <span class='ocrx_word' id='word_1_716' title='bbox 1446 4988 1518 5042; x_wconf 84' lang='grc' dir='ltr'>τὰ</span> <span class='ocrx_word' id='word_1_717' title='bbox 1547 4988 1604 5044; x_wconf 85' lang='grc' dir='ltr'>δὲ</span> <span class='ocrx_word' id='word_1_718' title='bbox 1638 4989 1714 5054; x_wconf 86' lang='grc' dir='ltr'><strong>ὡς</strong></span> <span class='ocrx_word' id='word_1_719' title='bbox 1747 4990 1812 5043; x_wconf 83' lang='grc' dir='ltr'>ὲκ</span> <span class='ocrx_word' id='word_1_720' title='bbox 1840 4990 2028 5060; x_wconf 73' lang='grc' dir='ltr'>τάφων</span> 
     </span>
    </p>
   </div>
   <div class='ocr_carea' id='block_1_94' title="bbox 437 5077 2030 5155">
    <p class='ocr_par' dir='ltr' id='par_1_94' title="bbox 437 5077 2030 5155">
     <span class='ocr_line' id='line_1_94' title="bbox 437 5077 2030 5155; baseline 0.003 -23"><span class='ocrx_word' id='word_1_721' title='bbox 437 5077 554 5132; x_wconf 75' lang='grc' dir='ltr'><strong>τῶν</strong></span> <span class='ocrx_word' id='word_1_722' title='bbox 580 5079 727 5132; x_wconf 84' lang='grc' dir='ltr'>όπῶν</span> <span class='ocrx_word' id='word_1_723' title='bbox 755 5079 1115 5150; x_wconf 84' lang='grc' dir='ltr'>ἀναφαίνεται</span> <span class='ocrx_word' id='word_1_724' title='bbox 1143 5098 1156 5112; x_wconf 89' lang='grc'><strong>·</strong></span> <span class='ocrx_word' id='word_1_725' title='bbox 1199 5083 1269 5136; x_wconf 76' lang='grc' dir='ltr'><strong>τὰ</strong></span> <span class='ocrx_word' id='word_1_726' title='bbox 1306 5081 1405 5152; x_wconf 83' lang='grc' dir='ltr'>μὲν</span> <span class='ocrx_word' id='word_1_727' title='bbox 1442 5082 1520 5153; x_wconf 85' lang='grc' dir='ltr'>τῷ</span> <span class='ocrx_word' id='word_1_728' title='bbox 1545 5081 1729 5153; x_wconf 83' lang='grc' dir='ltr'>γάμῳ,</span> <span class='ocrx_word' id='word_1_729' title='bbox 1761 5083 1830 5136; x_wconf 75' lang='grc' dir='ltr'>τὰ</span> <span class='ocrx_word' id='word_1_730' title='bbox 1861 5083 1918 5138; x_wconf 82' lang='grc' dir='ltr'>δὲ</span> <span class='ocrx_word' id='word_1_731' title='bbox 1950 5083 2030 5155; x_wconf 86' lang='grc' dir='ltr'><strong>τῷ</strong></span> 
     </span>
    </p>
   </div>
   <div class='ocr_carea' id='block_1_95' title="bbox 433 5173 2098 5248">
    <p class='ocr_par' dir='ltr' id='par_1_95' title="bbox 433 5173 2098 5248">
     <span class='ocr_line' id='line_1_95' title="bbox 433 5173 2098 5248; baseline 0 -22"><span class='ocrx_word' id='word_1_732' title='bbox 433 5173 589 5242; x_wconf 76' lang='grc' dir='ltr'>τόκῳ</span> <span class='ocrx_word' id='word_1_733' title='bbox 614 5173 900 5244; x_wconf 86' lang='grc' dir='ltr'>τέρπεται,</span> <span class='ocrx_word' id='word_1_734' title='bbox 940 5177 1094 5244; x_wconf 83' lang='grc' dir='ltr'>κοινῇ</span> <span class='ocrx_word' id='word_1_735' title='bbox 1121 5174 1178 5228; x_wconf 81' lang='grc' dir='ltr'>δὲ</span> <span class='ocrx_word' id='word_1_736' title='bbox 1218 5173 1400 5228; x_wconf 85' lang='grc' dir='ltr'>πάντα</span> <span class='ocrx_word' id='word_1_737' title='bbox 1428 5175 1646 5238; x_wconf 81' lang='grc' dir='ltr'>πάντως</span> <span class='ocrx_word' id='word_1_738' title='bbox 1680 5175 1866 5247; x_wconf 81' lang='grc' dir='ltr'>κοινὴν</span> <span class='ocrx_word' id='word_1_739' title='bbox 1905 5178 2032 5248; x_wconf 82' lang='grc' dir='ltr'>ἑορ-</span> <span class='ocrx_word' id='word_1_740' title='bbox 2089 5191 2098 5197; x_wconf 90' lang='grc'>·</span> 
     </span>
    </p>
   </div>
   <div class='ocr_carea' id='block_1_96' title="bbox 431 5263 2030 5339">
    <p class='ocr_par' dir='ltr' id='par_1_96' title="bbox 431 5263 2030 5339">
     <span class='ocr_line' id='line_1_96' title="bbox 431 5263 2030 5339; baseline 0.003 -21"><span class='ocrx_word' id='word_1_741' title='bbox 431 5263 540 5334; x_wconf 82' lang='grc' dir='ltr'>τὴν</span> <span class='ocrx_word' id='word_1_742' title='bbox 567 5265 760 5333; x_wconf 76' lang='grc' dir='ltr'>ἄγουσι</span> <span class='ocrx_word' id='word_1_743' title='bbox 797 5266 894 5319; x_wconf 66' lang='grc' dir='ltr'><strong>καί⁸</strong></span> <span class='ocrx_word' id='word_1_744' title='bbox 936 5266 1156 5338; x_wconf 75' lang='grc' dir='ltr'>ᾄδουσιν</span> <span class='ocrx_word' id='word_1_745' title='bbox 1177 5309 1192 5334; x_wconf 96' lang='grc'><strong>,</strong></span> <span class='ocrx_word' id='word_1_746' title='bbox 1235 5266 1296 5319; x_wconf 83' lang='grc' dir='ltr'>οὐ</span> <span class='ocrx_word' id='word_1_747' title='bbox 1330 5267 1428 5336; x_wconf 80' lang='grc' dir='ltr'>τὴν</span> <span class='ocrx_word' id='word_1_748' title='bbox 1461 5267 1854 5338; x_wconf 81' lang='grc' dir='ltr'>δημιουργίαν,</span> <span class='ocrx_word' id='word_1_749' title='bbox 1901 5269 2030 5339; x_wconf 83' lang='grc' dir='ltr'>ἐμοὶ</span> 
     </span>
    </p>
   </div>
   <div class='ocr_carea' id='block_1_97' title="bbox 429 5358 2026 5428">
    <p class='ocr_par' dir='ltr' id='par_1_97' title="bbox 429 5358 2026 5428">
     <span class='ocr_line' id='line_1_97' title="bbox 429 5358 2026 5428; baseline 0.003 -18"><span class='ocrx_word' id='word_1_750' title='bbox 429 5358 620 5410; x_wconf 86' lang='grc' dir='ltr'>δοκεῖν</span> <span class='ocrx_word' id='word_1_751' title='bbox 645 5398 660 5422; x_wconf 93' lang='grc'><strong>,</strong></span> <span class='ocrx_word' id='word_1_752' title='bbox 708 5358 962 5410; x_wconf 87' lang='grc' dir='ltr'>τοσοῦτον</span> <span class='ocrx_word' id='word_1_753' title='bbox 995 5358 1097 5428; x_wconf 78' lang='grc' dir='ltr'>τῆς</span> <span class='ocrx_word' id='word_1_754' title='bbox 1131 5359 1363 5422; x_wconf 84' lang='grc' dir='ltr'>κτίσεως</span> <span class='ocrx_word' id='word_1_755' title='bbox 1387 5399 1402 5424; x_wconf 93' lang='grc'><strong>,</strong></span> <span class='ocrx_word' id='word_1_756' title='bbox 1433 5359 1515 5412; x_wconf 77' lang='grc' dir='ltr'>ὅτι</span> <span class='ocrx_word' id='word_1_757' title='bbox 1559 5360 1656 5412; x_wconf 77' lang='grc' dir='ltr'>καὶ</span> <span class='ocrx_word' id='word_1_758' title='bbox 1687 5360 1830 5413; x_wconf 79' lang='grc' dir='ltr'>κατὰ</span> <span class='ocrx_word' id='word_1_759' title='bbox 1875 5361 2026 5416; x_wconf 85' lang='grc' dir='ltr'>τόνδε</span> 
     </span>
    </p>
   </div>
   <div class='ocr_carea' id='block_1_98' title="bbox 428 5446 2025 5524">
    <p class='ocr_par' dir='ltr' id='par_1_98' title="bbox 428 5446 2025 5524">
     <span class='ocr_line' id='line_1_98' title="bbox 428 5446 2025 5524; baseline 0.006 -26"><span class='ocrx_word' id='word_1_760' title='bbox 428 5446 531 5498; x_wconf 76' lang='grc' dir='ltr'><strong>τὸν</strong></span> <span class='ocrx_word' id='word_1_761' title='bbox 554 5446 748 5516; x_wconf 83' lang='grc' dir='ltr'>καιρὸν</span> <span class='ocrx_word' id='word_1_762' title='bbox 773 5447 985 5518; x_wconf 80' lang='grc' dir='ltr'>ὑπέστη</span> <span class='ocrx_word' id='word_1_763' title='bbox 1008 5449 1070 5501; x_wconf 86' lang='grc' dir='ltr'>τὸ</span> <span class='ocrx_word' id='word_1_764' title='bbox 1090 5449 1220 5514; x_wconf 80' lang='grc' dir='ltr'>πᾶν,</span> <span class='ocrx_word' id='word_1_765' title='bbox 1250 5447 1384 5504; x_wconf 79' lang='grc' dir='ltr'>ἀλλὰ</span> <span class='ocrx_word' id='word_1_766' title='bbox 1421 5449 1515 5500; x_wconf 76' lang='grc' dir='ltr'>καὶ</span> <span class='ocrx_word' id='word_1_767' title='bbox 1537 5448 1636 5518; x_wconf 84' lang='grc' dir='ltr'>τὴν</span> <span class='ocrx_word' id='word_1_768' title='bbox 1669 5454 2025 5524; x_wconf 85' lang='grc' dir='ltr'>καινουργίαν</span> 
     </span>
    </p>
   </div>
   <div class='ocr_carea' id='block_1_99' title="bbox 428 5540 1121 5610">
    <p class='ocr_par' dir='ltr' id='par_1_99' title="bbox 428 5540 1121 5610">
     <span class='ocr_line' id='line_1_99' title="bbox 428 5540 1121 5610; baseline 0.003 -17"><span class='ocrx_word' id='word_1_769' title='bbox 428 5541 540 5608; x_wconf 79' lang='grc' dir='ltr'>τῆς</span> <span class='ocrx_word' id='word_1_770' title='bbox 578 5540 856 5610; x_wconf 79' lang='grc' dir='ltr'>ἡμετέρας</span> <span class='ocrx_word' id='word_1_771' title='bbox 886 5541 1121 5608; x_wconf 85' lang='grc' dir='ltr'>φύσεως.</span> 
     </span>
    </p>
   </div>
   <div class='ocr_carea' id='block_1_100' title="bbox 2128 4436 3710 4516">
    <p class='ocr_par' dir='ltr' id='par_1_100' title="bbox 2128 4436 3710 4516">
     <span class='ocr_line' id='line_1_100' title="bbox 2128 4436 3710 4516; baseline 0.011 -25"><span class='ocrx_word' id='word_1_772' title='bbox 2128 4436 2313 4492; x_wconf 82' lang='lat' dir='ltr'><strong>eundo</strong></span> <span class='ocrx_word' id='word_1_773' title='bbox 2364 4450 2611 4509; x_wconf 88' lang='lat' dir='ltr'><strong>aspectu,</strong></span> <span class='ocrx_word' id='word_1_774' title='bbox 2655 4450 2709 4497; x_wconf 89' lang='lat' dir='ltr'><strong>et</strong></span> <span class='ocrx_word' id='word_1_775' title='bbox 2758 4443 3124 4500; x_wconf 88' lang='lat' dir='ltr'><strong>animantium</strong></span> <span class='ocrx_word' id='word_1_776' title='bbox 3167 4446 3426 4516; x_wconf 88' lang='lat' dir='ltr'><strong>tripudiis</strong></span> <span class='ocrx_word' id='word_1_777' title='bbox 3455 4451 3710 4509; x_wconf 87' lang='lat' dir='ltr'><strong>oblectat.</strong></span> 
     </span>
    </p>
   </div>
   <div class='ocr_carea' id='block_1_101' title="bbox 2131 4531 3715 4615">
    <p class='ocr_par' dir='ltr' id='par_1_101' title="bbox 2131 4531 3715 4615">
     <span class='ocr_line' id='line_1_101' title="bbox 2131 4531 3715 4615; baseline 0.008 -29"><span class='ocrx_word' id='word_1_778' title='bbox 2131 4531 2290 4588; x_wconf 88' lang='lat' dir='ltr'><strong>Nunc</strong></span> <span class='ocrx_word' id='word_1_779' title='bbox 2315 4542 2368 4587; x_wconf 91' lang='lat' dir='ltr'><strong>et</strong></span> <span class='ocrx_word' id='word_1_780' title='bbox 2388 4543 2580 4603; x_wconf 86' lang='lat' dir='ltr'><strong>pacata</strong></span> <span class='ocrx_word' id='word_1_781' title='bbox 2613 4543 2931 4606; x_wconf 86' lang='lat' dir='ltr'><strong>tempestas,</strong></span> <span class='ocrx_word' id='word_1_782' title='bbox 2965 4545 3025 4592; x_wconf 87' lang='lat' dir='ltr'><strong>et</strong></span> <span class='ocrx_word' id='word_1_783' title='bbox 3052 4538 3323 4594; x_wconf 87' lang='lat' dir='ltr'><strong>elementa</strong></span> <span class='ocrx_word' id='word_1_784' title='bbox 3353 4551 3478 4611; x_wconf 85' lang='lat' dir='ltr'><strong>apte</strong></span> <span class='ocrx_word' id='word_1_785' title='bbox 3507 4551 3715 4615; x_wconf 87' lang='lat' dir='ltr'><strong>tempe-</strong></span> 
     </span>
    </p>
   </div>
   <div class='ocr_carea' id='block_1_102' title="bbox 2131 4626 3717 4707">
    <p class='ocr_par' dir='ltr' id='par_1_102' title="bbox 2131 4626 3717 4707">
     <span class='ocr_line' id='line_1_102' title="bbox 2131 4626 3717 4707; baseline 0.008 -28"><span class='ocrx_word' id='word_1_786' title='bbox 2131 4637 2274 4690; x_wconf 82' lang='lat' dir='ltr'><strong>rata,</strong></span> <span class='ocrx_word' id='word_1_787' title='bbox 2309 4635 2364 4680; x_wconf 90' lang='lat' dir='ltr'><strong>et</strong></span> <span class='ocrx_word' id='word_1_788' title='bbox 2402 4626 2548 4681; x_wconf 84' lang='lat' dir='ltr'><strong>venti</strong></span> <span class='ocrx_word' id='word_1_789' title='bbox 2581 4627 2822 4683; x_wconf 87' lang='lat' dir='ltr'><strong>molliter</strong></span> <span class='ocrx_word' id='word_1_790' title='bbox 2873 4628 3198 4695; x_wconf 82' lang='lat' dir='ltr'><strong>lambentes,</strong></span> <span class='ocrx_word' id='word_1_791' title='bbox 3229 4640 3286 4687; x_wconf 90' lang='lat' dir='ltr'><strong>et</strong></span> <span class='ocrx_word' id='word_1_792' title='bbox 3332 4635 3555 4707; x_wconf 78' lang='lat' dir='ltr'><strong>zephyri</strong></span> <span class='ocrx_word' id='word_1_793' title='bbox 3589 4651 3717 4692; x_wconf 87' lang='lat' dir='ltr'><strong>sua-</strong></span> 
     </span>
    </p>
   </div>
   <div class='ocr_carea' id='block_1_103' title="bbox 2093 4707 3722 4794">
    <p class='ocr_par' dir='ltr' id='par_1_103' title="bbox 2093 4707 3722 4794">
     <span class='ocr_line' id='line_1_103' title="bbox 2093 4707 3722 4794; baseline 0.01 -24"><span class='ocrx_word' id='word_1_794' title='bbox 2093 4741 2098 4744; x_wconf 92' lang='lat'><strong><em>-</em></strong></span> <span class='ocrx_word' id='word_1_795' title='bbox 2131 4717 2272 4771; x_wconf 86' lang='lat' dir='ltr'><strong>viter</strong></span> <span class='ocrx_word' id='word_1_796' title='bbox 2297 4717 2591 4789; x_wconf 82' lang='lat' dir='ltr'><strong>spirantes,</strong></span> <span class='ocrx_word' id='word_1_797' title='bbox 2637 4727 2693 4774; x_wconf 87' lang='lat' dir='ltr'><strong>et</strong></span> <span class='ocrx_word' id='word_1_798' title='bbox 2723 4707 3210 4793; x_wconf 50' lang='lat' dir='ltr'><strong>llumina‘plaeiale</strong></span> <span class='ocrx_word' id='word_1_799' title='bbox 3245 4723 3620 4794; x_wconf 86' lang='lat' dir='ltr'><strong>decurrentia,</strong></span> <span class='ocrx_word' id='word_1_800' title='bbox 3665 4740 3722 4788; x_wconf 88' lang='lat' dir='ltr'><strong>et</strong></span> 
     </span>
    </p>
   </div>
   <div class='ocr_carea' id='block_1_104' title="bbox 2134 4808 3719 4887">
    <p class='ocr_par' dir='ltr' id='par_1_104' title="bbox 2134 4808 3719 4887">
     <span class='ocr_line' id='line_1_104' title="bbox 2134 4808 3719 4887; baseline 0.009 -24"><span class='ocrx_word' id='word_1_801' title='bbox 2134 4808 2316 4866; x_wconf 82' lang='lat' dir='ltr'><strong>fontes</strong></span> <span class='ocrx_word' id='word_1_802' title='bbox 2355 4809 2614 4882; x_wconf 77' lang='lat' dir='ltr'><strong>frigidum</strong></span> <span class='ocrx_word' id='word_1_803' title='bbox 2672 4813 3070 4885; x_wconf 88' lang='lat' dir='ltr'><strong>limpidumque</strong></span> <span class='ocrx_word' id='word_1_804' title='bbox 3119 4815 3340 4872; x_wconf 91' lang='lat' dir='ltr'><strong>laticem</strong></span> <span class='ocrx_word' id='word_1_805' title='bbox 3395 4829 3719 4887; x_wconf 88' lang='lat' dir='ltr'><strong>manantes,</strong></span> 
     </span>
    </p>
   </div>
   <div class='ocr_carea' id='block_1_105' title="bbox 2131 4906 3723 4974">
    <p class='ocr_par' dir='ltr' id='par_1_105' title="bbox 2131 4906 3723 4974">
     <span class='ocr_line' id='line_1_105' title="bbox 2131 4906 3723 4974; baseline 0.008 -13"><span class='ocrx_word' id='word_1_806' title='bbox 2131 4915 2188 4961; x_wconf 90' lang='lat' dir='ltr'><strong>et</strong></span> <span class='ocrx_word' id='word_1_807' title='bbox 2245 4906 2346 4962; x_wconf 84' lang='lat' dir='ltr'><strong>rivi</strong></span> <span class='ocrx_word' id='word_1_808' title='bbox 2402 4908 2598 4963; x_wconf 86' lang='lat' dir='ltr'><strong>leniter</strong></span> <span class='ocrx_word' id='word_1_809' title='bbox 2655 4919 2939 4966; x_wconf 87' lang='lat' dir='ltr'><strong>sonantes.</strong></span> <span class='ocrx_word' id='word_1_810' title='bbox 3001 4911 3160 4968; x_wconf 85' lang='lat' dir='ltr'><strong>Nunc</strong></span> <span class='ocrx_word' id='word_1_811' title='bbox 3209 4923 3407 4969; x_wconf 89' lang='lat' dir='ltr'><strong>natura</strong></span> <span class='ocrx_word' id='word_1_812' title='bbox 3465 4917 3723 4974; x_wconf 88' lang='lat' dir='ltr'><strong>universa</strong></span> 
     </span>
    </p>
   </div>
   <div class='ocr_carea' id='block_1_106' title="bbox 2133 4999 3726 5075">
    <p class='ocr_par' dir='ltr' id='par_1_106' title="bbox 2133 4999 3726 5075">
     <span class='ocr_line' id='line_1_106' title="bbox 2133 4999 3726 5075; baseline 0.009 -23"><span class='ocrx_word' id='word_1_813' title='bbox 2133 4999 2378 5054; x_wconf 86' lang='lat' dir='ltr'><strong>sobolem</strong></span> <span class='ocrx_word' id='word_1_814' title='bbox 2438 5013 2594 5055; x_wconf 88' lang='lat' dir='ltr'><strong>suam</strong></span> <span class='ocrx_word' id='word_1_815' title='bbox 2628 5017 2727 5057; x_wconf 82' lang='lat' dir='ltr'><strong>ceu</strong></span> <span class='ocrx_word' id='word_1_816' title='bbox 2782 5003 2986 5058; x_wconf 88' lang='lat' dir='ltr'><strong>donum</strong></span> <span class='ocrx_word' id='word_1_817' title='bbox 3019 5019 3238 5075; x_wconf 73' lang='lat' dir='ltr'><strong>sponsae</strong></span> <span class='ocrx_word' id='word_1_818' title='bbox 3291 5005 3536 5075; x_wconf 84' lang='lat' dir='ltr'><strong>profert;</strong></span> <span class='ocrx_word' id='word_1_819' title='bbox 3575 5025 3726 5066; x_wconf 88' lang='lat' dir='ltr'><strong>nunc</strong></span> 
     </span>
    </p>
   </div>
   <div class='ocr_carea' id='block_1_107' title="bbox 2133 5092 3725 5164">
    <p class='ocr_par' dir='ltr' id='par_1_107' title="bbox 2133 5092 3725 5164">
     <span class='ocr_line' id='line_1_107' title="bbox 2133 5092 3725 5164; baseline 0.006 -18"><span class='ocrx_word' id='word_1_820' title='bbox 2133 5092 2315 5146; x_wconf 83' lang='lat' dir='ltr'><strong>omnis</strong></span> <span class='ocrx_word' id='word_1_821' title='bbox 2343 5093 2669 5158; x_wconf 88' lang='lat' dir='ltr'><strong>volatilium,</strong></span> <span class='ocrx_word' id='word_1_822' title='bbox 2707 5095 2890 5150; x_wconf 90' lang='lat' dir='ltr'><strong>omnis</strong></span> <span class='ocrx_word' id='word_1_823' title='bbox 2921 5097 3230 5151; x_wconf 89' lang='lat' dir='ltr'><strong>natantium</strong></span> <span class='ocrx_word' id='word_1_824' title='bbox 3263 5137 3279 5164; x_wconf 92' lang='lat'><strong>,</strong></span> <span class='ocrx_word' id='word_1_825' title='bbox 3329 5101 3512 5156; x_wconf 90' lang='lat' dir='ltr'><strong>omnis</strong></span> <span class='ocrx_word' id='word_1_826' title='bbox 3551 5107 3725 5156; x_wconf 91' lang='lat' dir='ltr'><strong>terre-</strong></span> 
     </span>
    </p>
   </div>
   <div class='ocr_carea' id='block_1_108' title="bbox 2139 5182 3790 5258">
    <p class='ocr_par' dir='ltr' id='par_1_108' title="bbox 2139 5182 3790 5258">
     <span class='ocr_line' id='line_1_108' title="bbox 2139 5182 3790 5258; baseline 0.002 -20"><span class='ocrx_word' id='word_1_827' title='bbox 2139 5182 2335 5238; x_wconf 87' lang='lat' dir='ltr'><strong>strium</strong></span> <span class='ocrx_word' id='word_1_828' title='bbox 2365 5183 2700 5252; x_wconf 82' lang='lat' dir='ltr'><strong>procreatio,</strong></span> <span class='ocrx_word' id='word_1_829' title='bbox 2751 5192 2806 5238; x_wconf 82' lang='lat' dir='ltr'><strong>et</strong></span> <span class='ocrx_word' id='word_1_830' title='bbox 2837 5184 2944 5238; x_wconf 86' lang='lat' dir='ltr'><strong>alia</strong></span> <span class='ocrx_word' id='word_1_831' title='bbox 2988 5186 3210 5255; x_wconf 89' lang='lat' dir='ltr'><strong>quidem</strong></span> <span class='ocrx_word' id='word_1_832' title='bbox 3243 5189 3424 5258; x_wconf 87' lang='lat' dir='ltr'><strong>proles</strong></span> <span class='ocrx_word' id='word_1_833' title='bbox 3454 5190 3510 5244; x_wconf 86' lang='lat' dir='ltr'><strong>in</strong></span> <span class='ocrx_word' id='word_1_834' title='bbox 3541 5190 3720 5245; x_wconf 90' lang='lat' dir='ltr'><strong>lucem</strong></span> <span class='ocrx_word' id='word_1_835' title='bbox 3785 5233 3790 5242; x_wconf 90' lang='lat'><strong>.</strong></span> 
     </span>
    </p>
   </div>
   <div class='ocr_carea' id='block_1_109' title="bbox 2135 5275 3790 5352">
    <p class='ocr_par' dir='ltr' id='par_1_109' title="bbox 2135 5275 3790 5352">
     <span class='ocr_line' id='line_1_109' title="bbox 2135 5275 3790 5352; baseline 0.007 -25"><span class='ocrx_word' id='word_1_836' title='bbox 2135 5275 2337 5343; x_wconf 86' lang='lat' dir='ltr'><strong>prodit,</strong></span> <span class='ocrx_word' id='word_1_837' title='bbox 2391 5275 2498 5329; x_wconf 88' lang='lat' dir='ltr'><strong>alia</strong></span> <span class='ocrx_word' id='word_1_838' title='bbox 2527 5276 2889 5346; x_wconf 86' lang='lat' dir='ltr'><strong>promittitur,</strong></span> <span class='ocrx_word' id='word_1_839' title='bbox 2947 5277 3051 5332; x_wconf 87' lang='lat' dir='ltr'><strong>alia</strong></span> <span class='ocrx_word' id='word_1_840' title='bbox 3088 5281 3352 5342; x_wconf 88' lang='lat' dir='ltr'><strong>nutritur,</strong></span> <span class='ocrx_word' id='word_1_841' title='bbox 3389 5281 3519 5346; x_wconf 89' lang='lat' dir='ltr'><strong>alia,</strong></span> <span class='ocrx_word' id='word_1_842' title='bbox 3556 5285 3722 5352; x_wconf 86' lang='lat' dir='ltr'><strong>paulo</strong></span> <span class='ocrx_word' id='word_1_843' title='bbox 3781 5287 3790 5298; x_wconf 91' lang='lat'><strong><em>&#39;</em></strong></span> 
     </span>
    </p>
   </div>
   <div class='ocr_carea' id='block_1_110' title="bbox 2135 5367 3722 5435">
    <p class='ocr_par' dir='ltr' id='par_1_110' title="bbox 2135 5367 3722 5435">
     <span class='ocr_line' id='line_1_110' title="bbox 2135 5367 3722 5435; baseline 0.008 -16"><span class='ocrx_word' id='word_1_844' title='bbox 2135 5375 2260 5420; x_wconf 89' lang='lat' dir='ltr'><strong>ante</strong></span> <span class='ocrx_word' id='word_1_845' title='bbox 2292 5367 2473 5423; x_wconf 84' lang='lat' dir='ltr'><strong>adhuc</strong></span> <span class='ocrx_word' id='word_1_846' title='bbox 2504 5369 2848 5435; x_wconf 86' lang='lat' dir='ltr'><strong>abscondita,</strong></span> <span class='ocrx_word' id='word_1_847' title='bbox 2891 5385 2950 5426; x_wconf 88' lang='lat' dir='ltr'><strong>se</strong></span> <span class='ocrx_word' id='word_1_848' title='bbox 2984 5371 3302 5428; x_wconf 89' lang='lat' dir='ltr'><strong>manifestat</strong></span> <span class='ocrx_word' id='word_1_849' title='bbox 3333 5391 3347 5427; x_wconf 91' lang='lat'><strong>:</strong></span> <span class='ocrx_word' id='word_1_850' title='bbox 3393 5375 3521 5430; x_wconf 91' lang='lat' dir='ltr'><strong>hinc</strong></span> <span class='ocrx_word' id='word_1_851' title='bbox 3553 5377 3722 5432; x_wconf 84' lang='lat' dir='ltr'><strong>veluti</strong></span> 
     </span>
    </p>
   </div>
   <div class='ocr_carea' id='block_1_111' title="bbox 2133 5457 3721 5533">
    <p class='ocr_par' dir='ltr' id='par_1_111' title="bbox 2133 5457 3721 5533">
     <span class='ocr_line' id='line_1_111' title="bbox 2133 5457 3721 5533; baseline 0.006 -20"><span class='ocrx_word' id='word_1_852' title='bbox 2133 5471 2164 5513; x_wconf 92' lang='lat' dir='ltr'><strong>e</strong></span> <span class='ocrx_word' id='word_1_853' title='bbox 2197 5457 2452 5513; x_wconf 85' lang='lat' dir='ltr'><strong>thalamis</strong></span> <span class='ocrx_word' id='word_1_854' title='bbox 2487 5473 2654 5530; x_wconf 87' lang='lat' dir='ltr'><strong>super</strong></span> <span class='ocrx_word' id='word_1_855' title='bbox 2703 5473 2920 5518; x_wconf 90' lang='lat' dir='ltr'><strong>montes</strong></span> <span class='ocrx_word' id='word_1_856' title='bbox 2949 5473 3234 5533; x_wconf 87' lang='lat' dir='ltr'><strong>apparent,</strong></span> <span class='ocrx_word' id='word_1_857' title='bbox 3271 5466 3396 5521; x_wconf 86' lang='lat' dir='ltr'><strong>inde</strong></span> <span class='ocrx_word' id='word_1_858' title='bbox 3419 5483 3448 5522; x_wconf 88' lang='lat' dir='ltr'><strong>a</strong></span> <span class='ocrx_word' id='word_1_859' title='bbox 3495 5467 3721 5523; x_wconf 81' lang='lat' dir='ltr'><strong>forami-</strong></span> 
     </span>
    </p>
   </div>
   <div class='ocr_carea' id='block_1_112' title="bbox 2109 5549 3720 5632">
    <p class='ocr_par' dir='ltr' id='par_1_112' title="bbox 2109 5549 3720 5632">
     <span class='ocr_line' id='line_1_112' title="bbox 2109 5549 3720 5632; baseline 0.008 -29"><span class='ocrx_word' id='word_1_860' title='bbox 2109 5549 2294 5605; x_wconf 73' lang='lat' dir='ltr'><strong>‘nilius</strong></span> <span class='ocrx_word' id='word_1_861' title='bbox 2335 5551 2500 5604; x_wconf 77' lang='lat' dir='ltr'><strong>vrluti</strong></span> <span class='ocrx_word' id='word_1_862' title='bbox 2537 5567 2566 5604; x_wconf 92' lang='lat' dir='ltr'><strong>a</strong></span> <span class='ocrx_word' id='word_1_863' title='bbox 2615 5553 2884 5623; x_wconf 85' lang='lat' dir='ltr'><strong>sepulcris</strong></span> <span class='ocrx_word' id='word_1_864' title='bbox 2938 5565 3259 5627; x_wconf 87' lang='lat' dir='ltr'><strong>erumpunt,</strong></span> <span class='ocrx_word' id='word_1_865' title='bbox 3306 5559 3458 5614; x_wconf 90' lang='lat' dir='ltr'><strong>illinc</strong></span> <span class='ocrx_word' id='word_1_866' title='bbox 3489 5561 3720 5632; x_wconf 87' lang='lat' dir='ltr'><strong>nuptiis,</strong></span> 
     </span>
    </p>
   </div>
   <div class='ocr_carea' id='block_1_113' title="bbox 431 5633 3720 5714">
    <p class='ocr_par' dir='ltr' id='par_1_113' title="bbox 431 5633 3720 5714">
     <span class='ocr_line' id='line_1_113' title="bbox 431 5633 3720 5714; baseline 0.007 -30"><span class='ocrx_word' id='word_1_867' title='bbox 431 5633 526 5685; x_wconf 69' lang='lat' dir='ltr'><strong>Vel</strong></span> <span class='ocrx_word' id='word_1_868' title='bbox 582 5641 740 5702; x_wconf 84' lang='lat' dir='ltr'><strong>partu</strong></span> <span class='ocrx_word' id='word_1_869' title='bbox 775 5633 1034 5704; x_wconf 80' lang='lat' dir='ltr'><strong>gaudent,</strong></span> <span class='ocrx_word' id='word_1_870' title='bbox 1071 5644 1126 5689; x_wconf 88' lang='lat' dir='ltr'><strong>et</strong></span> <span class='ocrx_word' id='word_1_871' title='bbox 1171 5648 1400 5704; x_wconf 86' lang='lat' dir='ltr'><strong>prorsus</strong></span> <span class='ocrx_word' id='word_1_872' title='bbox 1466 5636 1650 5690; x_wconf 86' lang='lat' dir='ltr'><strong>omnia</strong></span> <span class='ocrx_word' id='word_1_873' title='bbox 1703 5652 2052 5694; x_wconf 90' lang='lat' dir='ltr'><strong>communem</strong></span> <span class='ocrx_word' id='word_1_874' title='bbox 2097 5639 2260 5695; x_wconf 85' lang='lat' dir='ltr'><strong>simul</strong></span> <span class='ocrx_word' id='word_1_875' title='bbox 2291 5655 2462 5712; x_wconf 77' lang='lat' dir='ltr'><strong>agunt</strong></span> <span class='ocrx_word' id='word_1_876' title='bbox 2527 5643 2956 5714; x_wconf 88' lang='lat' dir='ltr'><strong>solemnitatem,</strong></span> <span class='ocrx_word' id='word_1_877' title='bbox 3009 5655 3064 5702; x_wconf 91' lang='lat' dir='ltr'><strong>et</strong></span> <span class='ocrx_word' id='word_1_878' title='bbox 3103 5663 3306 5703; x_wconf 87' lang='lat' dir='ltr'><strong>canora</strong></span> <span class='ocrx_word' id='word_1_879' title='bbox 3341 5665 3472 5706; x_wconf 86' lang='lat' dir='ltr'><strong>voce</strong></span> <span class='ocrx_word' id='word_1_880' title='bbox 3518 5667 3720 5707; x_wconf 87' lang='lat' dir='ltr'><strong>conce-</strong></span> 
     </span>
    </p>
   </div>
   <div class='ocr_carea' id='block_1_114' title="bbox 435 5728 3724 5816">
    <p class='ocr_par' dir='ltr' id='par_1_114' title="bbox 435 5728 3724 5816">
     <span class='ocr_line' id='line_1_114' title="bbox 435 5728 3724 5816; baseline 0.008 -32"><span class='ocrx_word' id='word_1_881' title='bbox 435 5728 652 5784; x_wconf 80' lang='lat' dir='ltr'><strong>lebrant</strong></span> <span class='ocrx_word' id='word_1_882' title='bbox 695 5743 801 5782; x_wconf 88' lang='lat' dir='ltr'><strong>non</strong></span> <span class='ocrx_word' id='word_1_883' title='bbox 833 5730 1074 5799; x_wconf 90' lang='lat' dir='ltr'><strong>quidem,</strong></span> <span class='ocrx_word' id='word_1_884' title='bbox 1142 5741 1205 5785; x_wconf 88' lang='lat' dir='ltr'><strong>ut</strong></span> <span class='ocrx_word' id='word_1_885' title='bbox 1252 5731 1400 5785; x_wconf 82' lang='lat' dir='ltr'><strong>mihi</strong></span> <span class='ocrx_word' id='word_1_886' title='bbox 1467 5734 1698 5796; x_wconf 87' lang='lat' dir='ltr'><strong>videtur,</strong></span> <span class='ocrx_word' id='word_1_887' title='bbox 1755 5751 1936 5792; x_wconf 87' lang='lat' dir='ltr'><strong>rerum</strong></span> <span class='ocrx_word' id='word_1_888' title='bbox 2009 5741 2255 5794; x_wconf 88' lang='lat' dir='ltr'><strong>omnium</strong></span> <span class='ocrx_word' id='word_1_889' title='bbox 2294 5743 2679 5798; x_wconf 87' lang='lat' dir='ltr'><strong>tantummodo</strong></span> <span class='ocrx_word' id='word_1_890' title='bbox 2731 5745 3066 5802; x_wconf 87' lang='lat' dir='ltr'><strong>creationem</strong></span> <span class='ocrx_word' id='word_1_891' title='bbox 3142 5747 3291 5816; x_wconf 87' lang='lat' dir='ltr'><strong>(nam</strong></span> <span class='ocrx_word' id='word_1_892' title='bbox 3343 5759 3396 5804; x_wconf 88' lang='lat' dir='ltr'><strong>et</strong></span> <span class='ocrx_word' id='word_1_893' title='bbox 3451 5751 3553 5807; x_wconf 90' lang='lat' dir='ltr'><strong>hoc</strong></span> <span class='ocrx_word' id='word_1_894' title='bbox 3591 5754 3724 5811; x_wconf 83' lang='lat' dir='ltr'><strong>anni</strong></span> 
     </span>
    </p>
   </div>
   <div class='ocr_carea' id='block_1_115' title="bbox 437 5822 2840 5898">
    <p class='ocr_par' dir='ltr' id='par_1_115' title="bbox 437 5822 2840 5898">
     <span class='ocr_line' id='line_1_115' title="bbox 437 5822 2840 5898; baseline 0.005 -21"><span class='ocrx_word' id='word_1_895' title='bbox 437 5831 688 5892; x_wconf 83' lang='lat' dir='ltr'><strong>tempore</strong></span> <span class='ocrx_word' id='word_1_896' title='bbox 722 5822 905 5875; x_wconf 82' lang='lat' dir='ltr'><strong>omnia</strong></span> <span class='ocrx_word' id='word_1_897' title='bbox 953 5831 1132 5876; x_wconf 87' lang='lat' dir='ltr'><strong>creata</strong></span> <span class='ocrx_word' id='word_1_898' title='bbox 1164 5825 1336 5890; x_wconf 86' lang='lat' dir='ltr'><strong>sunt),</strong></span> <span class='ocrx_word' id='word_1_899' title='bbox 1371 5823 1464 5877; x_wconf 84' lang='lat' dir='ltr'><strong>sed</strong></span> <span class='ocrx_word' id='word_1_900' title='bbox 1503 5827 1640 5880; x_wconf 84' lang='lat' dir='ltr'><strong>hanc</strong></span> <span class='ocrx_word' id='word_1_901' title='bbox 1674 5843 1892 5898; x_wconf 83' lang='lat' dir='ltr'><strong>quoque</strong></span> <span class='ocrx_word' id='word_1_902' title='bbox 1925 5839 2132 5886; x_wconf 80' lang='lat' dir='ltr'><strong>naturae</strong></span> <span class='ocrx_word' id='word_1_903' title='bbox 2169 5838 2370 5886; x_wconf 75' lang='lat' dir='ltr'><strong>nostrae</strong></span> <span class='ocrx_word' id='word_1_904' title='bbox 2405 5831 2840 5890; x_wconf 83' lang='lat' dir='ltr'><strong>reuovationem.</strong></span> 
     </span>
    </p>
   </div>
   <div class='ocr_carea' id='block_1_116' title="bbox 763 5915 1400 5978">
    <p class='ocr_par' dir='ltr' id='par_1_116' title="bbox 763 5915 1400 5978">
     <span class='ocr_line' id='line_1_116' title="bbox 763 5915 1400 5978; baseline 0.008 -5"><span class='ocrx_word' id='word_1_905' title='bbox 763 5915 1032 5974; x_wconf 56' lang='lat' dir='ltr'><strong>Parant&quot;</strong></span> <span class='ocrx_word' id='word_1_906' title='bbox 1080 5916 1199 5976; x_wconf 78' lang='lat' dir='ltr'><strong>Gn.</strong></span> <span class='ocrx_word' id='word_1_907' title='bbox 1244 5919 1286 5976; x_wconf 72' lang='lat'><strong>(1</strong></span> <span class='ocrx_word' id='word_1_908' title='bbox 1299 5918 1400 5978; x_wconf 67' lang='lat' dir='ltr'><strong>\‘I.</strong></span> 
     </span>
    </p>
   </div>
   <div class='ocr_carea' id='block_1_117' title="bbox 3188 5931 3270 5990">
    <p class='ocr_par' dir='ltr' id='par_1_117' title="bbox 3188 5931 3270 5990">
     <span class='ocr_line' id='line_1_117' title="bbox 3188 5931 3270 5990; baseline -0.012 0"><span class='ocrx_word' id='word_1_909' title='bbox 3188 5931 3270 5990; x_wconf 76' lang='lat'><strong>27</strong></span> 
     </span>
    </p>
   </div>
  </div>
