4164 6434
562 423 669 489 8i3

1816 410 2139 471 JOANNlS
2179 410 2616 471 GEOMETR’E

3721 409 3820 473 8H

631 532 871 588 XXXIV.
920 532 998 586 ita
1049 544 1181 586 sane
1208 527 1391 583 omnis
1446 534 1676 586 natura,
1730 536 1793 575 ac
1839 536 1926 575 res
1959 536 2148 574 omnes

2324 521 2443 576 AA'.
2493 523 2632 576 Ἀλλ’
2663 520 2809 576 οὕτω
2843 521 2942 593 μὲν
2965 520 3125 590 φύσις
3152 521 3248 591 ὅλη
3279 519 3373 574 καὶ
3402 520 3577 583 κτίσις
3608 521 3707 593 ὅλη
3734 524 3823 576 καὶ

559 638 758 683 creatae
804 637 856 681 et
893 628 1135 680 salutant
1168 638 1313 684 eam,
1352 635 1474 690 qua:
1522 618 1740 673 cmlitus
1775 616 2011 670 salutata
2041 624 2145 681 est,

559 735 613 777 et
677 721 851 776 laudis
908 719 1176 774 tributum
1231 716 1309 769 illi
1371 713 1725 785 persolvunt,
1781 726 1905 782 qua!
1962 711 2148 764 omnia

559 821 865 883 portantem
917 818 1119 880 portat.
1161 806 1305 874 Quid
1351 821 1482 861 vero
1524 806 1671 861 nos?
1705 820 1835 858 num
1876 819 2009 859 vero
2044 803 2147 859 soli

558 905 615 958 in
661 905 766 957 hoc
804 902 1013 955 tributo
1048 898 1314 955 solvendo
1354 897 1516 968 pigri,
1551 910 1836 965 segreges,
1867 901 1923 948 et
1950 891 2148 964 ingrati

559 991 992 1064 apparebimus?
1026 990 1136 1047 Seu
1166 991 1353 1055 etiam,
1386 1004 1683 1061 quamnam
1714 987 1932 1043 demum
1964 993 2152 1057 gratu-

558 1086 816 1140 lationem
845 1099 912 1140 ac
943 1099 1141 1139 munus
1175 1083 1279 1153 ipsi
1328 1080 1645 1145 aﬂ’eremus,
1680 1092 1997 1149 quanquam
2030 1092 2152 1147 gra-

559 1179 651 1233 tiis
700 1177 888 1247 potius
939 1177 1023 1232 sic
1070 1174 1496 1246 locupletemur,
1543 1188 1711 1244 quam
1744 1170 2025 1242 quidpiam
2072 1168 2151 1224 illi

558 1267 905 1324 tribuamus?
960 1268 1026 1322 Et
1076 1265 1481 1337 gratulabimur
1533 1262 1801 1333 profecto,
1853 1272 1909 1317 et
1949 1261 2148 1316 offere-

555 1376 723 1428 rnus;
754 1360 848 1416 sed
880 1357 1014 1430 quid
1060 1358 1321 1427 amplius,
1347 1372 1514 1427 quam
1542 1356 1690 1410 hunc
1722 1355 1903 1424 ipsum
1939 1367 2150 1407 sermo-

557 1468 709 1515 nem,
741 1466 904 1521 quem
936 1459 991 1506 et
1034 1450 1146 1522 jam
1183 1448 1511 1510 obtulimus,
1544 1463 1639 1503 seu
1678 1447 1862 1518 petius
1890 1461 2051 1516 quem
2091 1446 2144 1499 in

557 1553 911 1601 antecessum
957 1561 986 1599 a
1027 1544 1196 1599 verbo
1247 1544 1442 1599 matris
1488 1542 1602 1613 jam
1641 1539 1974 1596 retulimus?
2009 1536 2145 1592 Nam

559 1639 707 1695 hunc
744 1654 965 1709 quoque
1014 1648 1301 1708 acceptum
1353 1637 1433 1691 illi
1482 1634 1773 1691 referimus
1807 1632 1972 1689 simul
2018 1645 2146 1688 cum

2249 616 2564 682 προσφωνεῖ
2583 612 2682 681 τὴν
2712 612 3200 683 προσφωνηοεῖσαν
3225 610 3433 666 ἄνωθεν
3456 627 3468 640 °
3501 611 3596 665 καὶ
3618 629 3823 665 συνεισ⁴

2248 703 2406 775 φέρει
2439 706 2504 774 τῇ
2553 702 2798 775 φερούσῃ
2823 701 2915 756 τὸν
2949 704 3125 758 πάντα
3155 703 3412 774 φέροντα.
3447 702 3513 756 Τί
3552 703 3596 755 δ’
3627 704 3819 772 ἡμεῖς;

2248 796 2566 861 ἀσυντελεῖς
2595 796 2856 865 ὀφθῶμεν
2886 794 3037 866 μόνοι
3065 796 3160 850 καὶ
3185 794 3546 865 ἁκοινώνητοι
3577 794 3672 848 καὶ
3691 795 3823 865 ἀχά-

2254 908 2463 960 ριστοι;
2490 891 2525 963 ἢ
2557 891 2610 944 τί
2635 888 2730 943 καὶ
2752 888 3249 960 προσφθεγξόμεθα
3278 888 3374 943 καὶ
3402 888 3823 959 συνεισοίσομεν,

2250 987 2345 1039 καὶ
2386 984 2743 1056 χαρισθῶμεν
2790 983 2990 1053 μᾶλλον
3023 983 3057 1053 ἢ
3089 981 3470 1055 χαρισόμεθα;
3522 982 3633 1035 Καὶ
3661 999 3826 1054 προσ-

2254 1077 2611 1148 φθεγξόμεθα
2648 1076 2851 1147 δηλαδὴ
2892 1075 2985 1128 καὶ
3014 1075 3424 1145 συνεισοίσομεν
3444 1089 3460 1107 ·
3492 1073 3622 1127 τίδὲ
3652 1073 3824 1137 πλέον,

2258 1171 2292 1241 ἢ
2316 1170 2408 1224 τὸν
2429 1169 2609 1237 λόγον,
2632 1168 2692 1224 ὃν
2724 1169 2819 1223 καὶ
2846 1167 2946 1240 ἤδη
2972 1167 3494 1238 συνεισηνέγκαμεν,
3523 1165 3725 1237 μᾶλλον
3753 1165 3826 1230 δὲ,

2250 1264 2311 1317 ὃν
2340 1264 2434 1318 καὶ
2460 1264 2562 1333 ἤδη
2591 1261 2686 1315 τοῦ
2716 1261 2818 1332 τῆς
2843 1260 3069 1334 Μητρὸς
3101 1261 3276 1329 Λόγου
3295 1260 3827 1334 προαπηνέγκαμεν;

2250 1356 2373 1409 ἐπεὶ
2401 1356 2498 1408 καὶ
2531 1348 2687 1417 οὗτος
2720 1356 2852 1424 ἡμῖν
2882 1356 2945 1407 ὲκ
2993 1352 3200 1427 ταύτης
3230 1355 3369 1424 μετά
3390 1370 3457 1422 γε
3480 1408 3481 1411 η
3504 1352 3613 1406 τῶν
3637 1351 3827 1415 ἄλλων,

2249 1442 2325 1502 ὧν
2347 1466 2405 1501 τε
2445 1447 2540 1501 νῦν
2574 1447 2770 1517 ἔχομεν
2815 1446 3056 1515 ἀγαθῶν,
3088 1446 3181 1500 καὶ
3215 1439 3291 1499 ὧν
3310 1445 3506 1516 ἕξομεν
3528 1460 3542 1473 ·
3588 1443 3746 1512 ὀλίγα
3772 1443 3832 1513 δὴ

2250 1538 2611 1600 τελευτῶντες
2633 1536 3235 1608 καὶπροσφθεγξόμεθα
3268 1538 3362 1591 καὶ
3381 1536 3559 1608 ψυχὴν
3591 1535 3708 1607 ἅμα
3746 1537 3834 1588 καὶ

2252 1628 2438 1699 φωνὴν
2448 1630 2548 1711 καὶ
2564 1630 2739 1698 στόμα
2754 1628 2847 1681 καὶ
2860 1628 3017 1696 λόγον
3029 1630 3094 1682 ὲκ
3110 1629 3213 1698 τῆς
3231 1629 3451 1699 μνήμης
3465 1629 3534 1697 ἀγ
3542 1625 3660 1690 ιαζό
3666 1643 3831 1697 μενοι.

560 1732 683 1788 aliis
717 1732 900 1795 bonis,
944 1741 1058 1786 tum
1104 1747 1227 1802 quae
1259 1731 1329 1786 ab
1369 1731 1487 1800 ipsa
1528 1729 1644 1800 jam
1691 1728 1982 1792 habemus,
2030 1735 2145 1781 tum
2180 1740 2304 1794 qua:
2347 1724 2585 1778 habituri
2634 1738 2853 1779 sumus.
2882 1722 3072 1778 Finem
3105 1722 3271 1793 igitur
3319 1721 3535 1777 dicendi
3576 1721 3833 1776 facientes

560 1840 696 1894 pura
723 1835 902 1879 mente
920 1824 1084 1879 simul
1129 1832 1184 1878 et
1216 1838 1348 1878 voce
1376 1832 1431 1877 et
1463 1837 1559 1875 ore
1588 1830 1642 1875 et
1664 1834 1919 1875 sermone
1939 1833 2137 1889 pauca,
2182 1827 2346 1887 prout
2374 1825 2711 1873 succurrunt
2736 1816 2942 1880 animo,
2973 1814 3343 1871 acclamantes
3369 1813 3659 1880 addamus.

636 1916 849 1971 XXXV.
891 1917 1023 1981 Ave,
1059 1917 1256 1986 puella,
1291 1924 1466 1969 mater
1510 1913 1693 1980 Verbi,
1717 1929 1781 1970 ac
1815 1915 1991 1984 primo
2024 1914 2146 1984 qui-

2291 1938 2305 1953 ο
2323 1909 2447 1966 AE'.
2474 1912 2668 1981 Χαῖρε,
2699 1910 2872 1982 Κόρη,
2902 1910 2963 1963 τδ
2985 1910 3131 1981 μέγα
3154 1907 3364 1979 θαῦμα,
3392 1906 3487 1961 τοῦ
3510 1908 3684 1977 Λόγου
3724 1909 3836 1979 Μῆ-

560 2005 684 2060 ilem
715 2006 861 2059 illius
884 2004 1067 2069 Verbi,
1087 2007 1230 2073 quod
1250 2003 1579 2059 conditionis
1604 2003 1977 2067 esthumanm,
1998 2001 2148 2056 illius

564 2099 785 2165 deinde,
816 2098 959 2167 quod
994 2107 1204 2152 naturae
1253 2105 1456 2151 nostrae
1489 2095 1880 2166 supereminet.
1920 2094 1983 2149 Et
2021 2109 2155 2150 sane

562 2191 696 2244 nihil
719 2190 930 2244 exstitit
959 2204 1224 2258 unquam,
1253 2187 1396 2258 quod
1418 2202 1530 2259 pra:
1557 2196 1629 2251 te,
1655 2186 1773 2242 sive
1798 2187 1928 2241 dum
1954 2184 2154 2256 profer-

564 2300 652 2338 res
673 2281 913 2337 Verbum
938 2284 1052 2337 sive
1082 2292 1376 2351 antequam
1404 2280 1699 2351 prol'erres,
1727 2280 2033 2350 sapientius
2060 2279 2157 2333 ha-

562 2374 678 2429 beri
709 2384 894 2443 queat,
930 2385 984 2428 et
1010 2374 1211 2428 exinde
1245 2373 1381 2428 nihil
1422 2373 1900 2428 accommodatum
1938 2372 2154 2441 magis;

566 2476 735 2537 a:que
784 2467 856 2521 ita
916 2465 1040 2519 Evze
1101 2465 1403 2520 remedium
1458 2466 1704 2531 evasisti,
1746 2465 2154 2533 sapientissima

569 2574 769 2628 nempe
799 2557 1342 2627 imprtnlentissinue.
1378 2557 1436 2613 Id
1478 2572 1642 2628 porro
1699 2566 1755 2612 et
1783 2556 2025 2612 Verbum
2067 2565 2152 2611 te-

564 2661 764 2712 statur,
785 2652 879 2721 qui
924 2651 1056 2715 te,in
1091 2667 1197 2720 qua
1234 2650 1586 2717 inliabitaret,
1617 2650 1815 2721 elegit;
1845 2658 2078 2705 testatur
2101 2660 2156 2703 ct

568 2754 660 2796 tua
691 2751 819 2797 ante
858 2756 1072 2811 partum
1106 2742 1299 2813 agendi
1332 2744 1493 2806 ratio,
1518 2744 1823 2813 prmsertim
1858 2758 1986 2797 vero
2007 2743 2153 2812 quod

566 2851 747 2906 neque
781 2836 1044 2905 angelicis
1096 2837 1275 2891 verbis
1316 2845 1367 2891 te
1402 2836 1577 2907 abripi
1635 2851 1795 2906 passa
1830 2835 2021 2898 fueris,
2056 2850 2155 2889 ne-

565 2943 673 2998 que
706 2928 780 2982 ob
824 2939 933 2981 tam
972 2928 1226 2981 sublimia
1265 2928 1460 2983 deinde
1510 2928 1767 2999 mysteria
1799 2928 2148 2993 intumueris,

568 3036 759 3076 verum
790 3036 945 3092 atque
977 3021 1301 3089 prudentem
1336 3033 1387 3078 te
1418 3032 1471 3078 et
1503 3034 1800 3094 antequam
1832 3024 2152 3094 conciperes

564 3128 621 3171 et
653 3124 938 3185 postquam
979 3114 1301 3183 concepisti,
1330 3117 1659 3171 ostenderis.
1694 3116 1836 3183 Quid
1885 3132 2014 3172 vero
2046 3131 2145 3171 vo-

566 3209 794 3280 luptatis
824 3216 1085 3279 praaterea
1114 3208 1482 3278 cognitionem
1514 3223 1960 3273 commemorem,
1985 3223 2151 3277 quam

2256 2021 2379 2076 τερ,
2417 2005 2687 2077 πρότερον
2722 2004 2822 2074 μὲν
2852 2002 2949 2057 τοῦ
2990 2002 3113 2057 καθ’
3161 2004 3328 2075 ἡμᾶς,
3381 1999 3608 2073 ὕστερον
3649 2001 3705 2054 δὲ
3749 2003 3835 2053 καὶ

2255 2096 2351 2151 τοῦ
2404 2096 2545 2167 ὑπὲρ
2592 2098 2762 2167 ἡμᾶς.
2804 2094 2971 2150 Οὐδὲν
3018 2094 3126 2167 γάρ
3159 2094 3221 2149 τὸ
3264 2095 3457 2165 φανὲν,
3497 2093 3525 2147 ὅ
3552 2110 3607 2146 τι
3642 2091 3735 2146 σοῦ
3764 2092 3835 2161 τῷ

2253 2188 2417 2258 Λόγῳ
2451 2189 2545 2241 καὶ
2586 2187 2693 2257 πρὸ
2721 2185 2815 2241 τοῦ
2846 2187 3021 2255 Λόγου
3062 2185 3395 2256 σοφώτερον,
3430 2183 3583 2239 ἔνθεν
3627 2184 3739 2238 οὐδ’
3763 2187 3834 2237 οἱ·

2256 2279 2556 2351 κειότερονο
2617 2279 2713 2333 καὶ
2761 2278 2905 2333 οὕτω
2935 2277 3204 2350 προῆλθες
3242 2274 3386 2340 Εὔας
3416 2276 3480 2330 τὸ
3528 2276 3833 2348 φάρμακον,

2255 2371 2359 2441 τῆς
2390 2371 2769 2442 ἁφελεστάτης
2809 2373 2843 2442 ἡ
2876 2371 3191 2442 σοφωτάτη.
3226 2370 3335 2423 Καὶ
3368 2369 3530 2423 τοῦτο
3574 2372 3837 2441 μαρτυρεῖ

2261 2466 2359 2535 μὲν
2395 2466 2492 2519 καὶ
2522 2467 2551 2519 ὁ
2583 2467 2778 2535 κρίνας
2807 2466 2902 2519 καὶ
2932 2466 3223 2534 ὲνοικήσας
3252 2482 3335 2518 σοι
3355 2463 3548 2533 Λόγος·
3576 2465 3837 2535 μαρτυρεῖ

2255 2554 2314 2610 δὲ
2349 2558 2444 2611 καὶ
2484 2560 2512 2611 ό
2543 2557 2635 2622 σὸς
2675 2557 2782 2630 πρὸ
2811 2556 2906 2611 τοῦ
2937 2557 3099 2612 τόκου
3140 2557 3364 2628 τρόπος,
3395 2555 3523 2611 οὔτε
3560 2574 3834 2629 συναρπα-

2256 2654 2377 2724 γεὶς
2422 2652 2835 2723 άρχαγγελικῆς
2886 2655 2980 2706 καὶ
3025 2650 3199 2705 ταῦτα
3252 2653 3365 2714 τοῖς
3397 2652 3659 2721 ῥήμασιν,
3715 2648 3832 2703 οὔτε

2259 2746 2526 2815 φυσηθεὶς
2574 2745 2838 2815 ἀρρήτοις
2872 2742 3017 2797 οὕτω
3045 2744 3142 2797 καὶ
3175 2743 3314 2815 μετὰ
3356 2743 3528 2797 ταῦτα
3553 2745 3666 2806 τοῖς
3696 2744 3833 2814 πρά-

2257 2853 2489 2907 γμασινο
2524 2837 2638 2890 ἀλλ’
2666 2836 2865 2907 ἐπίσης
2900 2838 3090 2905 φανεὶς
3124 2838 3219 2890 καλ⁵
3250 2837 3356 2908 πρὸ
3386 2837 3485 2907 τῆς
3524 2836 3833 2907 συλλήψεως

2259 2929 2513 3000 ἀσφαλὴς
2546 2929 2642 2983 καὶ
2693 2930 2833 2998 μετὰ
2878 2928 2974 2999 τὴν
3010 2927 3298 2998 σύλληψιν.
3336 2928 3401 2981 Τί
3449 2928 3504 2981 δὲ
3547 2929 3644 2981 καὶ
3676 2930 3709 2998 ἡ
3743 2929 3836 2995 τῆς

2258 3023 2455 3093 ἡδονῆς
2488 3021 2712 3090 γνῶσις,
2747 3023 2812 3094 ἢν
2842 3024 2874 3091 ή
2904 3023 3175 3093 παρθένος
3218 3021 3319 3076 οὐκ
3345 3022 3608 3093 ἔσχηκας,
3635 3022 3668 3093 ἢ
3701 3022 3840 3093 τάχα

2258 3117 2357 3185 οὐχ
2377 3117 2411 3186 η
2435 3117 2599 3183 πεῖρα
2630 3114 2811 3184 μόνον,
2838 3114 2950 3167 ἀλλ’
2977 3114 3088 3167 οὐδ’
3116 3116 3148 3185 ἡ
3178 3114 3364 3183 έφεσις
3388 3131 3404 3181 ;
3430 3112 3574 3167 οὕτω
3604 3131 3698 3168 σου
3727 3114 3834 3167 τῶν

2259 3206 2539 3277 λογισμῶν
2569 3205 2631 3260 τὸ
2666 3206 2950 3276 κριτήριον
2980 3206 3189 3276 ἔρρωτο
3237 3206 3296 3261 ὲν
3332 3204 3529 3275 ἁπαλῷ
3575 3206 3668 3259 καὶ
3695 3205 3842 3276 καλῷ

564 3303 725 3371 virgo
776 3303 1100 3373 persensisti
1149 3315 1459 3371 nunquam,
1493 3316 1589 3356 seu
1624 3302 1806 3369 potius
1840 3316 2005 3372 quam
2042 3315 2149 3356 non

2260 3302 2355 3356 καὶ
2386 3300 2562 3372 νεαρῷ
2593 3302 2689 3355 καὶ⁸
2717 3300 2890 3354 ταῦτα
2928 3300 3006 3370 τῷ
3046 3300 3281 3371 σώματι.

565 3395 734 3450 modo
766 3402 994 3464 experta
1028 3408 1311 3463 nunquam
1342 3409 1425 3458 es,
1453 3393 1548 3449 sed
1580 3393 1739 3464 cujus
1773 3409 1843 3448 ne
1912 3393 2192 3448 levissimo
2267 3394 2490 3463 quidem
2544 3392 2817 3449 desiderio
2884 3392 3172 3477 sollicitata
3224 3390 3414 3447 fuisti?
3453 3391 3604 3447 Adeo
3654 3405 3843 3463 nempe

568 3497 724 3541 tuum
764 3488 966 3543 mentis
1000 3485 1268 3556 judicium
1302 3487 1464 3541 etiam
1494 3486 1551 3541 in
1605 3494 1657 3541 te
1687 3485 1888 3541 tenello
1916 3486 2146 3555 pulchro
2184 3494 2239 3541 et
2262 3486 2496 3557 juvenili
2567 3500 2797 3555 corpore
2838 3485 3037 3542 invicte
3068 3485 3419 3556 pravalebat.

638 3577 881 3634 XXXVI.
903 3576 1466 3648 Ave,quaedisjunctis
1481 3575 2093 3646 etimpermistisunitio
2105 3584 2162 3630 et

563 3669 1208 3738 commistio,utrnmque
1219 3668 1427 3723 scilicet
1442 3668 1711 3737 utrisque,
1728 3667 2031 3734 evasisti,et
2049 3667 2160 3721 for-

567 3777 657 3814 ma
674 3760 752 3814 illi
774 3759 867 3829 qui
888 3758 1062 3815 forma
1085 3768 1257 3824 caret,
1271 3765 1325 3813 et
1343 3771 1602 3811 mensura
1620 3755 1669 3810 ei
1690 3755 1782 3823 qui
1800 3754 2004 3810 nullam
2023 3762 2158 3809 tem-

569 3853 720 3922 poris
739 3866 1052 3907 mensuram
1078 3851 1307 3916 novit,et
1329 3850 1485 3905 sinus
1499 3849 1546 3902 ei
1563 3849 1658 3917 qui
1676 3847 1978 3902 immensus
1991 3856 2074 3904 est
2092 3860 2157 3903 ac

568 3946 726 4000 sedes
759 3945 832 3998 illi
861 3944 1117 4014 luistiqui
1138 3942 1283 3997 nulla
1311 3940 1439 3996 sede
1469 3940 1758 4010 excipitur.
1790 3939 1926 4006 Ave,
1959 3953 1993 3993 o
2020 3938 2154 3995 sub-

2250 3628 2255 3633 ,
2332 3573 2474 3643 Λς.
2511 3576 2706 3649 Χαῖρε,
2732 3575 2837 3627 τῶν
2860 3574 3181 3645 ἁκεράστων
3205 3572 3300 3625 καὶ
3321 3572 3622 3647 ἀμίκτωνὴ
3650 3577 3841 3646 κρᾶσις

2263 3669 2383 3740 ἅμα
2412 3668 2507 3721 καὶ
2542 3666 2711 3737 μίξις,
2746 3668 2841 3720 καὶ
2878 3668 3204 3738 ἀμφοτέρων
3249 3668 3561 3740 ἀμφότερα,
3593 3670 3838 3739 ἀμόρφου

2248 3761 2453 3827 -τύπος,
2490 3758 2723 3830 ἀχρόνου
2776 3760 2996 3831 μέτρον,
3032 3762 3261 3832 ἀπείρου
3312 3762 3534 3825 κόλπος,
3571 3763 3837 3815 ἀστέκτου

2248 3854 2470 3927 νθρόνος.
2509 3852 2775 3923 Ἀνώτερε
2810 3852 3035 3925 θρόνων,
3065 3853 3339 3925 σοφώτερε
3376 3854 3683 3924 Χερουϐὶμ,
3712 3854 3837 3921 φλο-

2248 3949 2475 4018 ,γὼτερε
2504 3946 2776 4018 Σεραφίμο
2809 3947 3036 4001 ἐκείνων
3076 3940 3151 4000 ὧν
3178 3947 3275 4017 μὲν
3305 3946 3477 4017 ὤμοις
3505 3949 3532 4000 ό
3568 3946 3746 4016 φέρων
3772 3944 3838 3998 τὰ

568 4039 753 4092 lnnior
809 4036 1070 4099 Thronis,
1112 4035 1407 4091 Clterubim
1443 4033 1766 4104 sapientior,
1795 4043 1848 4088 et
1870 4032 2153 4103 Serapltim

2259 4039 2440 4093 πάντα
2467 4039 2725 4109 φέρεται,
2758 4032 2841 4102 οἷς
2870 4039 2927 4092 δὲ
2950 4039 3048 4109 τὴν
3081 4038 3286 4108 γνῶσιν
3322 4039 3514 4109 ὀλίγην
3536 4039 3838 4109 χαρίζεται,

570 4130 978 4193 ﬂmnmantior;
1011 4143 1043 4183 e
1088 4128 1311 4198 quibus,
1358 4127 1589 4182 aliorum
1643 4126 1860 4196 quidem
1911 4136 2153 4196 gestator

2256 4126 2339 4195 οἷς
2385 4132 2442 4185 δὲ
2474 4132 2573 4202 τὴν
2623 4131 2799 4201 φλόγα
2850 4132 3386 4204 συγκεκαλυμμένην
3413 4134 3509 4186 καὶ
3538 4132 3691 4185 οὐδὲν
3716 4130 3842 4200 ὅλην

570 4222 819 4277 humeris
840 4221 932 4291 qui
954 4228 1134 4290 portat
1157 4220 1367 4284 omnia,
1386 4219 1637 4290 exiguam
1661 4219 1904 4288 aliquam
1931 4219 2153 4288 largitur

2257 4224 2583 4293 παρέχεται·
2618 4224 2701 4277 σοὶ
2729 4224 2787 4277 δὲ
2814 4223 2911 4277 καὶ
2938 4224 3293 4295 σπλάγχνοις,
3346 4225 3442 4278 καὶ
3477 4224 3692 4293 γόνασι,
3748 4223 3837 4274 καλ

568 4313 695 4369 aliis
744 4312 1057 4379 scientiam,
1092 4311 1219 4367 aliis
1268 4321 1451 4366 autem
1504 4309 1890 4366 absconditum
1949 4309 2153 4379 ignem,

2256 4315 2357 4386 τὴν
2387 4317 2603 4381 ἀκτῖνα,
2633 4315 2858 4387 πρώτην
2908 4316 3005 4370 καὶ
3048 4316 3201 4385 ὃλην,
3248 4316 3346 4371 καὶ
3376 4316 3465 4370 τὸν
3492 4316 3666 4385 Λόγον
3702 4316 3842 4376 ὅλον,

567 4420 681 4461 non
706 4420 838 4461 vero
872 4405 1091 4475 plenum
1124 4404 1353 4471 tribuit;
1388 4403 1484 4459 tibi
1508 4417 1638 4459 vero
1666 4411 1871 4467 servat,
1898 4411 1958 4456 ut
1979 4410 2153 4458 totum

2265 4406 2362 4459 καὶ
2388 4407 2456 4476 τῇ
2487 4405 2687 4476 καρδίᾳ
2711 4404 2918 4477 κυούσῃ
2954 4407 3051 4459 καὶ
3078 4408 3194 4470 τοῖς
3233 4405 3437 4478 χείλεσι
3466 4406 3726 4477 τικτούσῃ
3761 4404 3841 4456 δί-

570 4494 783 4552 radium
815 4494 968 4549 illum
996 4494 1443 4565 primogenitum,
1486 4502 1662 4550 totum
1695 4507 1892 4564 nempe
1919 4490 2153 4548 Verbum

2264 4497 2395 4551 δωσι
2427 4496 2903 4562 κατασπάζεσθαι.
2934 4499 3130 4569 Χαῖρε,
3163 4498 3506 4571 φρικτοτέρα
3535 4498 3845 4564 Ἐξουσιῶν,

570 4598 687 4643 tum
727 4591 913 4652 corde,
941 4588 1072 4642 duim
1127 4585 1435 4642 visceribus
1488 4585 1599 4642 tuis
1648 4584 1831 4642 adhuc
1881 4585 2153 4642 inclusum

2263 4587 2609 4660 δυνατωτέρα
2630 4588 2948 4660 Δυνάμεων,
2977 4591 3285 4663 κυριωτέρα
3306 4590 3680 4661 Κυριοτήτων,
3724 4588 3848 4659 Ἀρι

574 4695 703 4733 eum
730 4689 938 4749 gestas,
971 4689 1089 4734 tum
1144 4678 1327 4745 labiis,
1357 4677 1491 4734 dum
1522 4685 1650 4747 post
1680 4687 1898 4747 partum
1932 4677 2153 4752 genibus

2262 4678 2376 4750 χῶν
2416 4680 2792 4753 ἀρχικωτέρα,
2861 4683 3248 4755 ’Λρχαγγέλων
3290 4681 3701 4754 εύδρομωτέρα,
3735 4678 3849 4731 τῶν

574 4773 903 4828 insidentem
950 4782 1128 4837 tenes,
1158 4771 1517 4828 deosculeris.
1550 4773 1685 4837 Ave,
1720 4772 2019 4828 terribilior
2050 4770 2153 4827 Po-

2273 4770 2551 4840 Ἀγγέλων
2580 4771 2721 4825 ὅλων
2765 4771 2904 4843 ὁμοῦ
2954 4772 3434 4846 πολυαρκεστέρα,
3468 4773 3653 4835 πάσας
3688 4773 3848 4840 ἐνερ-

574 4866 887 4931 testatibus,
915 4865 1191 4935 potentior
1226 4863 1551 4929 Virtutibus,
1577 4865 1955 4921 dominantior
1982 4866 2153 4921 Domi-

2258 4863 2416 4931 γείας
2449 4862 2586 4932 όμοῦ
2640 4864 2737 4918 καὶ
2778 4864 2983 4935 ἀρετὰς
3033 4865 3186 4932 ὅλας,
3226 4867 3364 4920 ὅλων
3401 4865 3538 4935 ὁμοῦ
3576 4864 3683 4917 τῶν
3736 4862 3853 4915 ἄνω

576 4955 914 5020 nationibus,
962 4953 1282 5025 principans
1332 4952 1760 5024 Principatibus,
1800 4955 2161 5026 Archangelis

571 5032 833 5113 velocior,
861 5047 1122 5102 omnibus
1173 5047 1339 5103 simul
1388 5046 1598 5119 angelis
1633 5046 1802 5103 ditior
1825 5063 1890 5103 ac
1924 5048 2156 5114 beatior,

573 5150 757 5210 utpote
785 5154 907 5210 quae
938 5141 1046 5194 vim
1078 5141 1272 5210 agendi
1304 5140 1630 5211 quamlibet,
1664 5148 1831 5209 atque
1858 5155 2053 5213 omnes
2086 5141 2162 5197 si-

572 5231 686 5284 mul
717 5231 968 5295 virtutes,
997 5229 1198 5299 quibus
1225 5228 1465 5284 universi
1497 5228 1662 5283 simul
1688 5229 1912 5298 superni
1937 5228 2162 5285 ordines

571 5326 826 5380 exornati
883 5332 1032 5389 sunt,
1066 5331 1120 5376 tu
1151 5321 1268 5376 sola
1299 5331 1505 5377 etcum
1557 5336 1756 5391 magno
1803 5321 2023 5391 quidem
2061 5335 2160 5375 ex-

571 5430 757 5481 cessu,
789 5423 951 5483 atque
1004 5413 1074 5468 iis
1107 5412 1270 5467 etiam
1322 5412 1537 5482 potiora
1579 5412 1848 5481 possides.
1885 5412 2022 5477 Ave,
2052 5410 2162 5467 Do-

447 5534 457 5542 -
569 5507 719 5561 mina
753 5505 966 5560 ordinis
1018 5504 1199 5559 omnis
1248 5519 1314 5560 ac
1357 5504 1619 5572 nominis,
1657 5518 1766 5557 non
1819 5505 1983 5559 modo
2013 5503 2161 5575 quod

2258 4953 2467 5019 τάξεων
2496 4955 2633 5027 μόνη
2662 4957 2756 5011 καὶ
2789 4957 2910 5030 μεθ’
2938 4958 3252 5030 ύπερὸολῆς
3274 4961 3474 5029 ἔχουσα
3505 4957 3601 5011 καὶ
3629 4957 3690 5009 τὸ
3733 4956 3852 5025 μεῖ-

2258 5048 2373 5113 ζον.
2400 5049 2597 5121 Χαῖρε,
2623 5050 2893 5105 Δέσποινα
2916 5051 3119 5116 παντὸς
3139 5052 3420 5121 τάγματος
3444 5050 3537 5103 καὶ
3561 5048 3851 5118 ὀνόματος,

2259 5140 2321 5193 οὐ
2347 5139 2442 5194 νῦν
2492 5140 2900 5212 ὀνομαζομένου
2952 5144 3136 5213 μόνον,
3170 5143 3308 5197 ἀλλὰ
3336 5143 3431 5196 καὶ
3472 5142 3553 5205 είς
3592 5140 3684 5193 τὸν
3719 5138 3851 5210 μέλ-

2261 5230 2444 5285 λονταο
2483 5233 2744 5305 πείθομαι
2788 5237 2921 5306 γὰρ,
2968 5235 3061 5289 καί
3102 5251 3257 5298 τινας
3298 5234 3488 5296 ἄλλας,
3538 5231 3853 5301 ἀφράστους

2261 5325 2399 5388 τέως
2430 5325 2526 5379 καὶ
2557 5326 2873 5393 ἁγνώστους
2904 5330 3059 5399 ημῖν,
3109 5329 3291 5381 ἐκεῖσε
3340 5327 3633 5396 τυγχάνειν
3682 5319 3852 5376 δυνάο

2265 5433 2411 5485 μεις,
2458 5418 2558 5470 καὶ
2602 5418 2863 5487 πείθομαι
2914 5419 2995 5490 τῷ
3046 5420 3381 5492 ἀπορῤήτως
3432 5436 3493 5473 τε
3525 5417 3851 5489 άρπαγέντι.

2272 5506 2367 5557 καὶ
2404 5507 2867 5578 άπορῤητοτέρων
2890 5509 3211 5583 ἀκούσαντι.

573 5615 719 5654 nunc
751 5600 1089 5665 nominatur,
1117 5597 1212 5653 sed
1243 5598 1390 5668 quod
1413 5607 1467 5653 et
1497 5597 1551 5651 in
1583 5606 1864 5667 posterum
1931 5597 2347 5664 nominabitur;
2408 5600 2647 5655 arbitror
2674 5601 2821 5656 enim
2888 5602 3154 5671 quasdam
3204 5601 3341 5656 alias
3392 5608 3672 5671 przeterea,
3709 5608 3852 5651 non-

572 5692 700 5743 dum
735 5691 955 5771 nomine
989 5705 1265 5760 quoquam
1333 5688 1690 5761 compellatas
1751 5689 2023 5759 nobisque
2095 5689 2333 5760 ignotas,
2371 5690 2482 5747 illic
2512 5707 2640 5748 esse
2687 5692 2953 5758 Virtutes,
3023 5702 3078 5748 et
3124 5692 3283 5749 (idem
3323 5693 3400 5748 illi
3452 5692 3642 5756 habeo,
3675 5687 3853 5760 quiet

576 5784 838 5837 iueﬂabili
898 5785 1060 5838 modo
1090 5789 1169 5855 (in
1222 5787 1447 5860 coelum)
1484 5797 1675 5857 raptus
1718 5797 1825 5855 est,
1854 5796 1909 5844 ct
1960 5801 2165 5844 arcana
2206 5786 2434 5860 audivit,
2464 5803 2589 5861 quae
2619 5803 2731 5845 non
2755 5788 2882 5847 licet
2916 5789 3127 5846 homini
3149 5789 3299 5860 loqui
3323 5789 3391 5845 ’⁷.

648 5919 691 5951 ³⁷
721 5918 764 5971 ll
791 5919 915 5974 Cor.
951 5936 1049 5989 xu,
1085 5922 1139 5976 4.
