  <div class='ocr_page' id='page_1' title='image "/cluster/home/n/w/nwhite01/storage/ocr_20150623/106/coo.31924054870104/432.png"; bbox 0 0 4164 6444; ppageno 0'>
   <div class='ocr_carea' id='block_1_1' title="bbox 515 463 624 528">
    <p class='ocr_par' dir='ltr' id='par_1_1' title="bbox 515 463 624 528">
     <span class='ocr_line' id='line_1_1' title="bbox 515 463 624 528; baseline 0.037 -4"><span class='ocrx_word' id='word_1_1' title='bbox 515 463 624 528; x_wconf 70' lang='grc'><strong>845</strong></span> 
     </span>
    </p>
   </div>
   <div class='ocr_carea' id='block_1_2' title="bbox 1303 466 2991 532">
    <p class='ocr_par' dir='ltr' id='par_1_2' title="bbox 1303 466 2991 532">
     <span class='ocr_line' id='line_1_2' title="bbox 1303 466 2991 532; baseline 0.002 -5"><span class='ocrx_word' id='word_1_2' title='bbox 1303 466 1559 528; x_wconf 85' lang='lat' dir='ltr'><strong>SERMO</strong></span> <span class='ocrx_word' id='word_1_3' title='bbox 1595 466 1679 528; x_wconf 90' lang='lat' dir='ltr'><strong>IN</strong></span> <span class='ocrx_word' id='word_1_4' title='bbox 1720 467 1825 530; x_wconf 90' lang='lat' dir='ltr'><strong>SS.</strong></span> <span class='ocrx_word' id='word_1_5' title='bbox 1869 467 2224 528; x_wconf 75' lang='lat' dir='ltr'><strong>DEIPAR/E</strong></span> <span class='ocrx_word' id='word_1_6' title='bbox 2267 468 2991 532; x_wconf 70' lang='lat' dir='ltr'><strong>ANNUNTIATIONEM.</strong></span> 
     </span>
    </p>
   </div>
   <div class='ocr_carea' id='block_1_3' title="bbox 3678 474 3784 538">
    <p class='ocr_par' dir='ltr' id='par_1_3' title="bbox 3678 474 3784 538">
     <span class='ocr_line' id='line_1_3' title="bbox 3678 474 3784 538; baseline -0.028 -1"><span class='ocrx_word' id='word_1_7' title='bbox 3678 474 3784 538; x_wconf 64' lang='lat'><strong>826</strong></span> 
     </span>
    </p>
   </div>
   <div class='ocr_carea' id='block_1_4' title="bbox 590 580 2111 659">
    <p class='ocr_par' dir='ltr' id='par_1_4' title="bbox 590 580 2103 652">
     <span class='ocr_line' id='line_1_4' title="bbox 590 580 2103 652; baseline 0.001 -19"><span class='ocrx_word' id='word_1_8' title='bbox 590 581 710 635; x_wconf 84' lang='lat' dir='ltr'><strong>AZ&#39;.</strong></span> <span class='ocrx_word' id='word_1_9' title='bbox 766 581 960 652; x_wconf 85' lang='grc' dir='ltr'>Χαῖρε,</span> <span class='ocrx_word' id='word_1_10' title='bbox 1007 580 1208 652; x_wconf 80' lang='grc' dir='ltr'>μείζων</span> <span class='ocrx_word' id='word_1_11' title='bbox 1240 582 1333 635; x_wconf 75' lang='grc' dir='ltr'><strong>καὶ</strong></span> <span class='ocrx_word' id='word_1_12' title='bbox 1361 582 1469 634; x_wconf 91' lang='grc' dir='ltr'><strong>τῶν</strong></span> <span class='ocrx_word' id='word_1_13' title='bbox 1513 581 1694 634; x_wconf 83' lang='grc' dir='ltr'>ἀΰλων</span> <span class='ocrx_word' id='word_1_14' title='bbox 1723 582 1861 636; x_wconf 88' lang='grc' dir='ltr'>νόων</span> <span class='ocrx_word' id='word_1_15' title='bbox 1893 582 1986 636; x_wconf 71' lang='grc' dir='ltr'><strong>καὶ</strong></span> <span class='ocrx_word' id='word_1_16' title='bbox 2017 581 2103 634; x_wconf 80' lang='grc' dir='ltr'>λόο</span> 
     </span>
    </p>
   </div>
   <div class='ocr_carea' id='block_1_5' title="bbox 2192 580 3783 659">
    <p class='ocr_par' dir='ltr' id='par_1_5' title="bbox 2282 581 3783 655">
     <span class='ocr_line' id='line_1_5' title="bbox 2282 581 3783 655; baseline 0.007 -20"><span class='ocrx_word' id='word_1_17' title='bbox 2282 581 2542 637; x_wconf 78' lang='lat' dir='ltr'>XXXVII.</span> <span class='ocrx_word' id='word_1_18' title='bbox 2569 585 2703 647; x_wconf 80' lang='lat' dir='ltr'><strong>Ave,</strong></span> <span class='ocrx_word' id='word_1_19' title='bbox 2735 586 2894 655; x_wconf 86' lang='lat' dir='ltr'><strong>cujus</strong></span> <span class='ocrx_word' id='word_1_20' title='bbox 2923 585 3111 640; x_wconf 87' lang='lat' dir='ltr'><strong>laudes</strong></span> <span class='ocrx_word' id='word_1_21' title='bbox 3157 599 3225 639; x_wconf 88' lang='lat' dir='ltr'><strong>ne</strong></span> <span class='ocrx_word' id='word_1_22' title='bbox 3278 583 3383 655; x_wconf 86' lang='lat' dir='ltr'><strong>ipsi</strong></span> <span class='ocrx_word' id='word_1_23' title='bbox 3415 585 3637 655; x_wconf 84' lang='lat' dir='ltr'><strong>quidem</strong></span> <span class='ocrx_word' id='word_1_24' title='bbox 3670 603 3783 644; x_wconf 78' lang='lat' dir='ltr'><strong>cre-</strong></span> 
     </span>
    </p>
   </div>
   <div class='ocr_carea' id='block_1_6' title="bbox 513 671 2098 745">
    <p class='ocr_par' dir='ltr' id='par_1_6' title="bbox 513 671 2098 745">
     <span class='ocr_line' id='line_1_6' title="bbox 513 671 2098 745; baseline 0.003 -23"><span class='ocrx_word' id='word_1_25' title='bbox 513 687 626 738; x_wconf 83' lang='grc' dir='ltr'><strong>γων</strong></span> <span class='ocrx_word' id='word_1_26' title='bbox 658 671 898 735; x_wconf 62' lang='grc' dir='ltr'>ἔπαινος</span> <span class='ocrx_word' id='word_1_27' title='bbox 926 673 1113 744; x_wconf 84' lang='grc' dir='ltr'>θαῦμα</span> <span class='ocrx_word' id='word_1_28' title='bbox 1142 673 1242 744; x_wconf 90' lang='grc' dir='ltr'><strong>οὐχ</strong></span> <span class='ocrx_word' id='word_1_29' title='bbox 1270 674 1511 743; x_wconf 67' lang='grc' dir='ltr'>ὐμνητὶν</span> <span class='ocrx_word' id='word_1_30' title='bbox 1539 673 1658 727; x_wconf 80' lang='grc' dir='ltr'>ὅλον</span> <span class='ocrx_word' id='word_1_31' title='bbox 1690 677 1801 737; x_wconf 84' lang='grc' dir='ltr'>τοῖς</span> <span class='ocrx_word' id='word_1_32' title='bbox 1827 675 2098 745; x_wconf 77' lang='grc' dir='ltr'>Σεραφὶμ,</span> 
     </span>
    </p>
   </div>
   <div class='ocr_carea' id='block_1_7' title="bbox 511 763 2099 836">
    <p class='ocr_par' dir='ltr' id='par_1_7' title="bbox 511 763 2099 836">
     <span class='ocr_line' id='line_1_7' title="bbox 511 763 2099 836; baseline 0.002 -21"><span class='ocrx_word' id='word_1_33' title='bbox 511 763 633 816; x_wconf 79' lang='grc' dir='ltr'>οὐδὲ</span> <span class='ocrx_word' id='word_1_34' title='bbox 672 763 863 818; x_wconf 80' lang='grc' dir='ltr'>θεατὸν</span> <span class='ocrx_word' id='word_1_35' title='bbox 914 765 1034 836; x_wconf 78' lang='grc' dir='ltr'>ὅλον</span> <span class='ocrx_word' id='word_1_36' title='bbox 1070 767 1179 828; x_wconf 85' lang='grc' dir='ltr'>τοῖς</span> <span class='ocrx_word' id='word_1_37' title='bbox 1228 767 1536 836; x_wconf 71' lang='grc' dir='ltr'>Χερουϐὶμ,</span> <span class='ocrx_word' id='word_1_38' title='bbox 1586 768 1707 821; x_wconf 79' lang='grc' dir='ltr'>οὐδὲ</span> <span class='ocrx_word' id='word_1_39' title='bbox 1749 767 2099 836; x_wconf 78' lang='grc' dir='ltr'>καταληπτὸν</span> 
     </span>
    </p>
   </div>
   <div class='ocr_carea' id='block_1_8' title="bbox 510 827 2096 929">
    <p class='ocr_par' dir='ltr' id='par_1_8' title="bbox 510 827 2096 929">
     <span class='ocr_line' id='line_1_8' title="bbox 510 827 2096 929; baseline 0.004 -21"><span class='ocrx_word' id='word_1_40' title='bbox 510 857 633 909; x_wconf 82' lang='grc' dir='ltr'>ὅλον</span> <span class='ocrx_word' id='word_1_41' title='bbox 663 859 782 918; x_wconf 80' lang='grc' dir='ltr'>ταῖς</span> <span class='ocrx_word' id='word_1_42' title='bbox 811 827 963 920; x_wconf 61' lang='grc' dir='ltr'>ὅλαις</span> <span class='ocrx_word' id='word_1_43' title='bbox 990 827 1353 929; x_wconf 69' lang='grc' dir='ltr'>ὑψηλοτέραίς</span> <span class='ocrx_word' id='word_1_44' title='bbox 1383 827 1852 928; x_wconf 80' lang='grc' dir='ltr'>ἢταπεινοτέραις</span> <span class='ocrx_word' id='word_1_45' title='bbox 1885 827 2096 924; x_wconf 72' lang='grc' dir='ltr'>τάξεσι.</span> 
     </span>
    </p>
   </div>
   <div class='ocr_carea' id='block_1_9' title="bbox 513 947 2096 1020">
    <p class='ocr_par' dir='ltr' id='par_1_9' title="bbox 513 947 2096 1020">
     <span class='ocr_line' id='line_1_9' title="bbox 513 947 2096 1020; baseline 0.001 -20"><span class='ocrx_word' id='word_1_46' title='bbox 513 947 707 1017; x_wconf 81' lang='grc' dir='ltr'><strong>Χαῖρε,</strong></span> <span class='ocrx_word' id='word_1_47' title='bbox 745 947 894 1019; x_wconf 83' lang='grc' dir='ltr'>χαρᾷ</span> <span class='ocrx_word' id='word_1_48' title='bbox 946 948 1045 1018; x_wconf 83' lang='grc' dir='ltr'><strong>μὲν</strong></span> <span class='ocrx_word' id='word_1_49' title='bbox 1083 948 1476 1020; x_wconf 77' lang='grc' dir='ltr'><strong>συλληφθεῖσα,</strong></span> <span class='ocrx_word' id='word_1_50' title='bbox 1525 952 1670 1020; x_wconf 80' lang='grc' dir='ltr'>χαρᾷ</span> <span class='ocrx_word' id='word_1_51' title='bbox 1705 950 1762 1003; x_wconf 84' lang='grc' dir='ltr'>δὲ</span> <span class='ocrx_word' id='word_1_52' title='bbox 1805 950 2096 1020; x_wconf 82' lang='grc' dir='ltr'>κυηθεῖσα,</span> 
     </span>
    </p>
   </div>
   <div class='ocr_carea' id='block_1_10' title="bbox 513 1038 2092 1114">
    <p class='ocr_par' dir='ltr' id='par_1_10' title="bbox 513 1038 2092 1114">
     <span class='ocr_line' id='line_1_10' title="bbox 513 1038 2092 1114; baseline 0.001 -20"><span class='ocrx_word' id='word_1_53' title='bbox 513 1042 659 1113; x_wconf 83' lang='grc' dir='ltr'>χαρᾷ</span> <span class='ocrx_word' id='word_1_54' title='bbox 679 1041 737 1094; x_wconf 83' lang='grc' dir='ltr'>δὲ</span> <span class='ocrx_word' id='word_1_55' title='bbox 767 1042 861 1094; x_wconf 73' lang='grc' dir='ltr'><strong>καὶ</strong></span> <span class='ocrx_word' id='word_1_56' title='bbox 883 1041 1157 1111; x_wconf 84' lang='grc' dir='ltr'>τεχθεῖσα⁶</span> <span class='ocrx_word' id='word_1_57' title='bbox 1187 1061 1254 1113; x_wconf 87' lang='grc' dir='ltr'><strong>χα</strong></span> <span class='ocrx_word' id='word_1_58' title='bbox 1265 1044 1331 1114; x_wconf 79' lang='grc' dir='ltr'>ρᾷ</span> <span class='ocrx_word' id='word_1_59' title='bbox 1355 1043 1413 1096; x_wconf 81' lang='grc' dir='ltr'>δὲ</span> <span class='ocrx_word' id='word_1_60' title='bbox 1439 1038 1596 1106; x_wconf 82' lang='grc' dir='ltr'>αὖθις</span> <span class='ocrx_word' id='word_1_61' title='bbox 1617 1044 1710 1096; x_wconf 79' lang='grc' dir='ltr'><strong>καὶ</strong></span> <span class='ocrx_word' id='word_1_62' title='bbox 1731 1043 2092 1106; x_wconf 76' lang='grc' dir='ltr'>συλλαϐοῦσα,</span> 
     </span>
    </p>
   </div>
   <div class='ocr_carea' id='block_1_11' title="bbox 513 1135 2090 1208">
    <p class='ocr_par' dir='ltr' id='par_1_11' title="bbox 513 1135 2090 1208">
     <span class='ocr_line' id='line_1_11' title="bbox 513 1135 2090 1208; baseline -0.003 -18"><span class='ocrx_word' id='word_1_63' title='bbox 513 1137 609 1190; x_wconf 76' lang='grc' dir='ltr'><strong>καὶ</strong></span> <span class='ocrx_word' id='word_1_64' title='bbox 639 1137 916 1205; x_wconf 79' lang='grc' dir='ltr'><strong>κυήσασα,</strong></span> <span class='ocrx_word' id='word_1_65' title='bbox 946 1137 1038 1188; x_wconf 77' lang='grc' dir='ltr'><strong>καὶ</strong></span> <span class='ocrx_word' id='word_1_66' title='bbox 1063 1138 1376 1208; x_wconf 79' lang='grc' dir='ltr'>γεννήσασα</span> <span class='ocrx_word' id='word_1_67' title='bbox 1404 1137 1580 1207; x_wconf 84' lang='grc' dir='ltr'>χαρὰν</span> <span class='ocrx_word' id='word_1_68' title='bbox 1607 1137 1704 1206; x_wconf 82' lang='grc' dir='ltr'>τὴν</span> <span class='ocrx_word' id='word_1_69' title='bbox 1729 1139 1905 1190; x_wconf 87' lang='grc' dir='ltr'>πάντα</span> <span class='ocrx_word' id='word_1_70' title='bbox 1934 1135 2090 1203; x_wconf 84' lang='grc' dir='ltr'>λόγον</span> 
     </span>
    </p>
   </div>
   <div class='ocr_carea' id='block_1_12' title="bbox 511 1229 2098 1301">
    <p class='ocr_par' dir='ltr' id='par_1_12' title="bbox 511 1229 2098 1301">
     <span class='ocr_line' id='line_1_12' title="bbox 511 1229 2098 1301; baseline -0.001 -19"><span class='ocrx_word' id='word_1_71' title='bbox 511 1229 608 1282; x_wconf 80' lang='grc' dir='ltr'>καὶ</span> <span class='ocrx_word' id='word_1_72' title='bbox 638 1229 762 1282; x_wconf 89' lang='grc' dir='ltr'>νοῦν</span> <span class='ocrx_word' id='word_1_73' title='bbox 791 1229 1188 1301; x_wconf 80' lang='grc' dir='ltr'>ὑπερέχουσαν,</span> <span class='ocrx_word' id='word_1_74' title='bbox 1217 1230 1312 1284; x_wconf 75' lang='grc' dir='ltr'><strong>καὶ</strong></span> <span class='ocrx_word' id='word_1_75' title='bbox 1344 1231 1406 1283; x_wconf 85' lang='grc' dir='ltr'><strong>τὸ</strong></span> <span class='ocrx_word' id='word_1_76' title='bbox 1438 1231 1561 1283; x_wconf 79' lang='grc' dir='ltr'>ὅλον</span> <span class='ocrx_word' id='word_1_77' title='bbox 1592 1231 1790 1296; x_wconf 78' lang='grc' dir='ltr'>εἰπεῖν,</span> <span class='ocrx_word' id='word_1_78' title='bbox 1819 1230 1963 1300; x_wconf 83' lang='grc' dir='ltr'>χαρὰ</span> <span class='ocrx_word' id='word_1_79' title='bbox 1988 1229 2098 1282; x_wconf 86' lang='grc' dir='ltr'><strong>τῶν</strong></span> 
     </span>
    </p>
   </div>
   <div class='ocr_carea' id='block_1_13' title="bbox 511 1321 2100 1393">
    <p class='ocr_par' dir='ltr' id='par_1_13' title="bbox 511 1321 2100 1393">
     <span class='ocr_line' id='line_1_13' title="bbox 511 1321 2100 1393; baseline 0 -19"><span class='ocrx_word' id='word_1_80' title='bbox 511 1321 772 1390; x_wconf 76' lang='grc' dir='ltr'><strong>ἐπιγείων</strong></span> <span class='ocrx_word' id='word_1_81' title='bbox 809 1322 947 1375; x_wconf 84' lang='grc' dir='ltr'>ὅλων</span> <span class='ocrx_word' id='word_1_82' title='bbox 984 1322 1079 1376; x_wconf 76' lang='grc' dir='ltr'><strong>καὶ</strong></span> <span class='ocrx_word' id='word_1_83' title='bbox 1109 1323 1377 1393; x_wconf 75' lang='grc' dir='ltr'>οὐρανίων</span> <span class='ocrx_word' id='word_1_84' title='bbox 1410 1322 1570 1386; x_wconf 81' lang='grc' dir='ltr'>ὅλων,</span> <span class='ocrx_word' id='word_1_85' title='bbox 1605 1321 1700 1375; x_wconf 90' lang='grc' dir='ltr'><strong>τοῦ</strong></span> <span class='ocrx_word' id='word_1_86' title='bbox 1727 1322 1919 1391; x_wconf 79' lang='grc' dir='ltr'>γένους</span> <span class='ocrx_word' id='word_1_87' title='bbox 1964 1321 2100 1374; x_wconf 61' lang='grc' dir='ltr'>καύι</span> 
     </span>
    </p>
   </div>
   <div class='ocr_carea' id='block_1_14' title="bbox 511 1413 2101 1486">
    <p class='ocr_par' dir='ltr' id='par_1_14' title="bbox 511 1413 2101 1486">
     <span class='ocr_line' id='line_1_14' title="bbox 511 1413 2101 1486; baseline 0.003 -2"><span class='ocrx_word' id='word_1_88' title='bbox 511 1431 686 1485; x_wconf 71' lang='grc' dir='ltr'>κημα,</span> <span class='ocrx_word' id='word_1_89' title='bbox 735 1414 845 1466; x_wconf 79' lang='grc' dir='ltr'>τῶν</span> <span class='ocrx_word' id='word_1_90' title='bbox 891 1415 1140 1485; x_wconf 82' lang='grc' dir='ltr'>οὐρανῶν</span> <span class='ocrx_word' id='word_1_91' title='bbox 1184 1413 1572 1483; x_wconf 86' lang='grc' dir='ltr'>καλλώπισμα,</span> <span class='ocrx_word' id='word_1_92' title='bbox 1623 1413 1734 1468; x_wconf 90' lang='grc' dir='ltr'><strong>τῶν</strong></span> <span class='ocrx_word' id='word_1_93' title='bbox 1770 1413 2101 1486; x_wconf 76' lang='grc' dir='ltr'><strong>ἀμφοτέρων</strong></span> 
     </span>
    </p>
   </div>
   <div class='ocr_carea' id='block_1_15' title="bbox 515 1509 1103 1580">
    <p class='ocr_par' dir='ltr' id='par_1_15' title="bbox 515 1509 1103 1580">
     <span class='ocr_line' id='line_1_15' title="bbox 515 1509 1103 1580; baseline 0 -18"><span class='ocrx_word' id='word_1_94' title='bbox 515 1509 734 1580; x_wconf 85' lang='grc' dir='ltr'>κόσμων</span> <span class='ocrx_word' id='word_1_95' title='bbox 764 1509 1103 1580; x_wconf 82' lang='grc' dir='ltr'>κατάκοσμε.</span> 
     </span>
    </p>
   </div>
   <div class='ocr_carea' id='block_1_16' title="bbox 2207 674 3785 747">
    <p class='ocr_par' dir='ltr' id='par_1_16' title="bbox 2207 674 3785 747">
     <span class='ocr_line' id='line_1_16' title="bbox 2207 674 3785 747; baseline 0.003 -20"><span class='ocrx_word' id='word_1_96' title='bbox 2207 674 2330 730; x_wconf 89' lang='lat' dir='ltr'><strong>lites</strong></span> <span class='ocrx_word' id='word_1_97' title='bbox 2347 685 2442 728; x_wconf 91' lang='lat' dir='ltr'><strong>aut</strong></span> <span class='ocrx_word' id='word_1_98' title='bbox 2467 676 2794 745; x_wconf 84' lang='lat' dir='ltr'><strong>cogitatione</strong></span> <span class='ocrx_word' id='word_1_99' title='bbox 2825 677 3044 747; x_wconf 82' lang='lat' dir='ltr'><strong>assequi</strong></span> <span class='ocrx_word' id='word_1_100' title='bbox 3076 685 3172 731; x_wconf 89' lang='lat' dir='ltr'><strong>aut</strong></span> <span class='ocrx_word' id='word_1_101' title='bbox 3199 691 3455 733; x_wconf 87' lang='lat' dir='ltr'><strong>sermone</strong></span> <span class='ocrx_word' id='word_1_102' title='bbox 3474 678 3668 734; x_wconf 44' lang='lat' dir='ltr'><strong>efferre</strong></span> <span class='ocrx_word' id='word_1_103' title='bbox 3695 697 3785 733; x_wconf 83' lang='lat' dir='ltr'><strong>va-</strong></span> 
     </span>
    </p>
   </div>
   <div class='ocr_carea' id='block_1_17' title="bbox 2205 767 3788 843">
    <p class='ocr_par' dir='ltr' id='par_1_17' title="bbox 2205 767 3788 843">
     <span class='ocr_line' id='line_1_17' title="bbox 2205 767 3788 843; baseline 0.004 -24"><span class='ocrx_word' id='word_1_104' title='bbox 2205 767 2332 822; x_wconf 87' lang='lat' dir='ltr'><strong>lent.</strong></span> <span class='ocrx_word' id='word_1_105' title='bbox 2370 767 2504 831; x_wconf 85' lang='lat' dir='ltr'><strong>Ave,</strong></span> <span class='ocrx_word' id='word_1_106' title='bbox 2541 769 2845 839; x_wconf 78' lang='lat' dir='ltr'><strong>prodigium</strong></span> <span class='ocrx_word' id='word_1_107' title='bbox 2901 770 3046 840; x_wconf 88' lang='lat' dir='ltr'><strong>quod</strong></span> <span class='ocrx_word' id='word_1_108' title='bbox 3104 785 3282 840; x_wconf 89' lang='lat' dir='ltr'><strong>neque</strong></span> <span class='ocrx_word' id='word_1_109' title='bbox 3346 771 3632 842; x_wconf 87' lang='lat' dir='ltr'><strong>Seraphim</strong></span> <span class='ocrx_word' id='word_1_110' title='bbox 3689 789 3788 843; x_wconf 81' lang='lat' dir='ltr'><strong>pro</strong></span> 
     </span>
    </p>
   </div>
   <div class='ocr_carea' id='block_1_18' title="bbox 2203 860 3788 934">
    <p class='ocr_par' dir='ltr' id='par_1_18' title="bbox 2203 860 3788 934">
     <span class='ocr_line' id='line_1_18' title="bbox 2203 860 3788 934; baseline 0.004 -20"><span class='ocrx_word' id='word_1_111' title='bbox 2203 860 2404 914; x_wconf 90' lang='lat' dir='ltr'><strong>merito</strong></span> <span class='ocrx_word' id='word_1_112' title='bbox 2445 862 2741 922; x_wconf 88' lang='lat' dir='ltr'><strong>celebrare.</strong></span> <span class='ocrx_word' id='word_1_113' title='bbox 2777 877 2952 933; x_wconf 87' lang='lat' dir='ltr'><strong>neque</strong></span> <span class='ocrx_word' id='word_1_114' title='bbox 3000 861 3295 919; x_wconf 89' lang='lat' dir='ltr'><strong>Cherubim</strong></span> <span class='ocrx_word' id='word_1_115' title='bbox 3338 878 3405 918; x_wconf 85' lang='lat' dir='ltr'><strong>ex</strong></span> <span class='ocrx_word' id='word_1_116' title='bbox 3446 864 3595 918; x_wconf 90' lang='lat' dir='ltr'><strong>omni</strong></span> <span class='ocrx_word' id='word_1_117' title='bbox 3633 874 3788 934; x_wconf 89' lang='lat' dir='ltr'><strong>parte</strong></span> 
     </span>
    </p>
   </div>
   <div class='ocr_carea' id='block_1_19' title="bbox 2201 953 3788 1023">
    <p class='ocr_par' dir='ltr' id='par_1_19' title="bbox 2201 953 3788 1023">
     <span class='ocr_line' id='line_1_19' title="bbox 2201 953 3788 1023; baseline 0.004 -18"><span class='ocrx_word' id='word_1_118' title='bbox 2201 966 2446 1018; x_wconf 88' lang='lat' dir='ltr'><strong>cernere,</strong></span> <span class='ocrx_word' id='word_1_119' title='bbox 2479 968 2655 1023; x_wconf 90' lang='lat' dir='ltr'><strong>neque</strong></span> <span class='ocrx_word' id='word_1_120' title='bbox 2696 953 2842 1008; x_wconf 81' lang='lat' dir='ltr'><strong>acies</strong></span> <span class='ocrx_word' id='word_1_121' title='bbox 2881 955 2989 1008; x_wconf 87' lang='lat' dir='ltr'><strong>ulla</strong></span> <span class='ocrx_word' id='word_1_122' title='bbox 3022 955 3272 1011; x_wconf 84' lang='lat' dir='ltr'><strong>ordinum</strong></span> <span class='ocrx_word' id='word_1_123' title='bbox 3316 956 3620 1012; x_wconf 72' lang='lat' dir='ltr'><strong>caslestium</strong></span> <span class='ocrx_word' id='word_1_124' title='bbox 3669 959 3788 1014; x_wconf 85' lang='lat' dir='ltr'><strong>sive</strong></span> 
     </span>
    </p>
   </div>
   <div class='ocr_carea' id='block_1_20' title="bbox 2200 1046 3788 1118">
    <p class='ocr_par' dir='ltr' id='par_1_20' title="bbox 2200 1046 3788 1118">
     <span class='ocr_line' id='line_1_20' title="bbox 2200 1046 3788 1118; baseline 0.004 -20"><span class='ocrx_word' id='word_1_125' title='bbox 2200 1046 2584 1101; x_wconf 91' lang='lat' dir='ltr'><strong>sublimiorum</strong></span> <span class='ocrx_word' id='word_1_126' title='bbox 2623 1048 2736 1102; x_wconf 88' lang='lat' dir='ltr'><strong>sive</strong></span> <span class='ocrx_word' id='word_1_127' title='bbox 2767 1046 3090 1102; x_wconf 89' lang='lat' dir='ltr'><strong>inferiorum</strong></span> <span class='ocrx_word' id='word_1_128' title='bbox 3125 1049 3343 1118; x_wconf 75' lang='lat' dir='ltr'><strong>penitus</strong></span> <span class='ocrx_word' id='word_1_129' title='bbox 3373 1051 3654 1118; x_wconf 85' lang='lat' dir='ltr'><strong>pervidere</strong></span> <span class='ocrx_word' id='word_1_130' title='bbox 3688 1067 3788 1117; x_wconf 84' lang='lat' dir='ltr'><strong>po-</strong></span> 
     </span>
    </p>
   </div>
   <div class='ocr_carea' id='block_1_21' title="bbox 2202 1137 3783 1209">
    <p class='ocr_par' dir='ltr' id='par_1_21' title="bbox 2202 1137 3783 1209">
     <span class='ocr_line' id='line_1_21' title="bbox 2202 1137 3783 1209; baseline 0.001 -18"><span class='ocrx_word' id='word_1_131' title='bbox 2202 1147 2327 1192; x_wconf 91' lang='lat' dir='ltr'><strong>test.</strong></span> <span class='ocrx_word' id='word_1_132' title='bbox 2353 1137 2486 1201; x_wconf 84' lang='lat' dir='ltr'><strong>Ave,</strong></span> <span class='ocrx_word' id='word_1_133' title='bbox 2523 1153 2643 1207; x_wconf 70' lang='lat' dir='ltr'><strong>qua:</strong></span> <span class='ocrx_word' id='word_1_134' title='bbox 2673 1146 2728 1192; x_wconf 90' lang='lat' dir='ltr'><strong>et</strong></span> <span class='ocrx_word' id='word_1_135' title='bbox 2783 1139 2835 1193; x_wconf 90' lang='lat' dir='ltr'><strong>in</strong></span> <span class='ocrx_word' id='word_1_136' title='bbox 2893 1139 3094 1208; x_wconf 84' lang='lat' dir='ltr'><strong>gaudio</strong></span> <span class='ocrx_word' id='word_1_137' title='bbox 3140 1149 3402 1209; x_wconf 89' lang='lat' dir='ltr'><strong>concepta</strong></span> <span class='ocrx_word' id='word_1_138' title='bbox 3447 1140 3615 1203; x_wconf 89' lang='lat' dir='ltr'><strong>fuisti,</strong></span> <span class='ocrx_word' id='word_1_139' title='bbox 3639 1149 3693 1195; x_wconf 88' lang='lat' dir='ltr'><strong>et</strong></span> <span class='ocrx_word' id='word_1_140' title='bbox 3728 1141 3783 1194; x_wconf 89' lang='lat' dir='ltr'><strong>in</strong></span> 
     </span>
    </p>
   </div>
   <div class='ocr_carea' id='block_1_22' title="bbox 2199 1227 3784 1299">
    <p class='ocr_par' dir='ltr' id='par_1_22' title="bbox 2199 1227 3784 1299">
     <span class='ocr_line' id='line_1_22' title="bbox 2199 1227 3784 1299; baseline 0.003 -19"><span class='ocrx_word' id='word_1_141' title='bbox 2199 1227 2400 1298; x_wconf 86' lang='lat' dir='ltr'><strong>gaudio</strong></span> <span class='ocrx_word' id='word_1_142' title='bbox 2425 1237 2634 1296; x_wconf 78' lang='lat' dir='ltr'><strong>gestata</strong></span> <span class='ocrx_word' id='word_1_143' title='bbox 2665 1229 2718 1283; x_wconf 84' lang='lat' dir='ltr'><strong>in</strong></span> <span class='ocrx_word' id='word_1_144' title='bbox 2745 1239 2920 1296; x_wconf 83' lang='lat' dir='ltr'><strong>utero,</strong></span> <span class='ocrx_word' id='word_1_145' title='bbox 2949 1242 3004 1285; x_wconf 90' lang='lat' dir='ltr'><strong>et</strong></span> <span class='ocrx_word' id='word_1_146' title='bbox 3029 1230 3084 1284; x_wconf 89' lang='lat' dir='ltr'><strong>in</strong></span> <span class='ocrx_word' id='word_1_147' title='bbox 3110 1232 3309 1299; x_wconf 89' lang='lat' dir='ltr'><strong>gaudio</strong></span> <span class='ocrx_word' id='word_1_148' title='bbox 3333 1231 3500 1286; x_wconf 88' lang='lat' dir='ltr'><strong>etiam</strong></span> <span class='ocrx_word' id='word_1_149' title='bbox 3527 1232 3579 1285; x_wconf 93' lang='lat' dir='ltr'><strong>in</strong></span> <span class='ocrx_word' id='word_1_150' title='bbox 3605 1231 3784 1286; x_wconf 87' lang='lat' dir='ltr'><strong>lucem</strong></span> 
     </span>
    </p>
   </div>
   <div class='ocr_carea' id='block_1_23' title="bbox 2197 1320 3785 1394">
    <p class='ocr_par' dir='ltr' id='par_1_23' title="bbox 2197 1320 3785 1394">
     <span class='ocr_line' id='line_1_23' title="bbox 2197 1320 3785 1394; baseline 0.001 -19"><span class='ocrx_word' id='word_1_151' title='bbox 2197 1320 2378 1386; x_wconf 87' lang='lat' dir='ltr'><strong>edita;</strong></span> <span class='ocrx_word' id='word_1_152' title='bbox 2409 1330 2573 1390; x_wconf 86' lang='lat' dir='ltr'><strong>atque</strong></span> <span class='ocrx_word' id='word_1_153' title='bbox 2604 1321 2803 1375; x_wconf 84' lang='lat' dir='ltr'><strong>iterum</strong></span> <span class='ocrx_word' id='word_1_154' title='bbox 2834 1337 2956 1391; x_wconf 67' lang='lat' dir='ltr'><strong>qua:</strong></span> <span class='ocrx_word' id='word_1_155' title='bbox 2977 1323 3030 1376; x_wconf 91' lang='lat' dir='ltr'><strong>in</strong></span> <span class='ocrx_word' id='word_1_156' title='bbox 3056 1323 3252 1393; x_wconf 88' lang='lat' dir='ltr'><strong>gaudio</strong></span> <span class='ocrx_word' id='word_1_157' title='bbox 3285 1331 3341 1379; x_wconf 86' lang='lat' dir='ltr'><strong>et</strong></span> <span class='ocrx_word' id='word_1_158' title='bbox 3379 1325 3703 1394; x_wconf 82' lang='lat' dir='ltr'><strong>concepisti,</strong></span> <span class='ocrx_word' id='word_1_159' title='bbox 3727 1333 3785 1378; x_wconf 87' lang='lat' dir='ltr'><strong>et</strong></span> 
     </span>
    </p>
   </div>
   <div class='ocr_carea' id='block_1_24' title="bbox 2199 1409 3783 1483">
    <p class='ocr_par' dir='ltr' id='par_1_24' title="bbox 2199 1409 3783 1483">
     <span class='ocr_line' id='line_1_24' title="bbox 2199 1409 3783 1483; baseline 0.002 -19"><span class='ocrx_word' id='word_1_160' title='bbox 2199 1409 2424 1479; x_wconf 80' lang='lat' dir='ltr'><strong>gestasti</strong></span> <span class='ocrx_word' id='word_1_161' title='bbox 2457 1410 2511 1464; x_wconf 92' lang='lat' dir='ltr'><strong>in</strong></span> <span class='ocrx_word' id='word_1_162' title='bbox 2536 1419 2714 1475; x_wconf 89' lang='lat' dir='ltr'><strong>utero,</strong></span> <span class='ocrx_word' id='word_1_163' title='bbox 2735 1420 2789 1466; x_wconf 86' lang='lat' dir='ltr'><strong>et</strong></span> <span class='ocrx_word' id='word_1_164' title='bbox 2817 1412 3075 1481; x_wconf 82' lang='lat' dir='ltr'><strong>peperisti</strong></span> <span class='ocrx_word' id='word_1_165' title='bbox 3105 1414 3361 1482; x_wconf 82' lang='lat' dir='ltr'><strong>gaudium</strong></span> <span class='ocrx_word' id='word_1_166' title='bbox 3393 1415 3536 1483; x_wconf 92' lang='lat' dir='ltr'><strong>quod</strong></span> <span class='ocrx_word' id='word_1_167' title='bbox 3560 1428 3783 1468; x_wconf 91' lang='lat' dir='ltr'><strong>omnem</strong></span> 
     </span>
    </p>
   </div>
   <div class='ocr_carea' id='block_1_25' title="bbox 2202 1503 3783 1576">
    <p class='ocr_par' dir='ltr' id='par_1_25' title="bbox 2202 1503 3783 1576">
     <span class='ocr_line' id='line_1_25' title="bbox 2202 1503 3783 1576; baseline 0.001 -18"><span class='ocrx_word' id='word_1_168' title='bbox 2202 1503 2410 1575; x_wconf 90' lang='lat' dir='ltr'><strong>pariter</strong></span> <span class='ocrx_word' id='word_1_169' title='bbox 2471 1518 2783 1559; x_wconf 86' lang='lat' dir='ltr'><strong>sermonem</strong></span> <span class='ocrx_word' id='word_1_170' title='bbox 2854 1505 3352 1576; x_wconf 80' lang='lat' dir='ltr'><strong>cogitationemque</strong></span> <span class='ocrx_word' id='word_1_171' title='bbox 3409 1508 3783 1571; x_wconf 84' lang='lat' dir='ltr'><strong>transcendit;</strong></span> 
     </span>
    </p>
   </div>
   <div class='ocr_carea' id='block_1_26' title="bbox 511 1599 3786 1675">
    <p class='ocr_par' dir='ltr' id='par_1_26' title="bbox 511 1599 3786 1675">
     <span class='ocr_line' id='line_1_26' title="bbox 511 1599 3786 1675; baseline -0 -17"><span class='ocrx_word' id='word_1_172' title='bbox 511 1620 762 1674; x_wconf 85' lang='lat' dir='ltr'><strong>quaeque,</strong></span> <span class='ocrx_word' id='word_1_173' title='bbox 796 1612 853 1658; x_wconf 91' lang='lat' dir='ltr'><strong>ut</strong></span> <span class='ocrx_word' id='word_1_174' title='bbox 913 1605 1094 1658; x_wconf 83' lang='lat' dir='ltr'><strong>omnia</strong></span> <span class='ocrx_word' id='word_1_175' title='bbox 1137 1605 1492 1675; x_wconf 88' lang='lat' dir='ltr'><strong>complectar,</strong></span> <span class='ocrx_word' id='word_1_176' title='bbox 1526 1604 1786 1674; x_wconf 78' lang='lat' dir='ltr'><strong>gaudium</strong></span> <span class='ocrx_word' id='word_1_177' title='bbox 1846 1601 2104 1659; x_wconf 85' lang='lat' dir='ltr'><strong>exstitisti</strong></span> <span class='ocrx_word' id='word_1_178' title='bbox 2181 1599 2526 1655; x_wconf 86' lang='lat' dir='ltr'><strong>terrestrium</strong></span> <span class='ocrx_word' id='word_1_179' title='bbox 2579 1601 2850 1667; x_wconf 91' lang='lat' dir='ltr'><strong>omnium,</strong></span> <span class='ocrx_word' id='word_1_180' title='bbox 2921 1601 3279 1670; x_wconf 90' lang='lat' dir='ltr'><strong>omniumque</strong></span> <span class='ocrx_word' id='word_1_181' title='bbox 3327 1603 3656 1670; x_wconf 75' lang='lat' dir='ltr'><strong>caelestium,</strong></span> <span class='ocrx_word' id='word_1_182' title='bbox 3693 1617 3786 1674; x_wconf 53' lang='lat' dir='ltr'><strong>ge-</strong></span> 
     </span>
    </p>
   </div>
   <div class='ocr_carea' id='block_1_27' title="bbox 511 1683 2757 1768">
    <p class='ocr_par' dir='ltr' id='par_1_27' title="bbox 511 1683 2757 1768">
     <span class='ocr_line' id='line_1_27' title="bbox 511 1683 2757 1768; baseline -0.001 -18"><span class='ocrx_word' id='word_1_183' title='bbox 511 1696 662 1754; x_wconf 90' lang='lat' dir='ltr'><strong>neris</strong></span> <span class='ocrx_word' id='word_1_184' title='bbox 725 1697 901 1752; x_wconf 89' lang='lat' dir='ltr'><strong>nostri</strong></span> <span class='ocrx_word' id='word_1_185' title='bbox 959 1697 1230 1768; x_wconf 79' lang='lat' dir='ltr'><strong>gloriatio,</strong></span> <span class='ocrx_word' id='word_1_186' title='bbox 1262 1698 1528 1763; x_wconf 66' lang='lat' dir='ltr'><strong>caelorum</strong></span> <span class='ocrx_word' id='word_1_187' title='bbox 1578 1698 1765 1763; x_wconf 87' lang='lat' dir='ltr'><strong>decus,</strong></span> <span class='ocrx_word' id='word_1_188' title='bbox 1795 1683 2092 1765; x_wconf 85' lang='lat' dir='ltr'><strong>utriusque</strong></span> <span class='ocrx_word' id='word_1_189' title='bbox 2131 1693 2319 1748; x_wconf 88' lang='lat' dir='ltr'><strong>mundi</strong></span> <span class='ocrx_word' id='word_1_190' title='bbox 2353 1702 2757 1748; x_wconf 87' lang='lat' dir='ltr'><strong>ornamentum.</strong></span> 
     </span>
    </p>
   </div>
   <div class='ocr_carea' id='block_1_28' title="bbox 583 1835 2091 1912">
    <p class='ocr_par' dir='ltr' id='par_1_28' title="bbox 583 1835 2091 1912">
     <span class='ocr_line' id='line_1_28' title="bbox 583 1835 2091 1912; baseline 0.002 -24"><span class='ocrx_word' id='word_1_191' title='bbox 583 1835 716 1890; x_wconf 87' lang='lat' dir='ltr'><strong>AH&#39;.</strong></span> <span class='ocrx_word' id='word_1_192' title='bbox 742 1836 937 1907; x_wconf 87' lang='grc' dir='ltr'>Χαῖρε,</span> <span class='ocrx_word' id='word_1_193' title='bbox 966 1837 1065 1907; x_wconf 83' lang='grc' dir='ltr'>τῆς</span> <span class='ocrx_word' id='word_1_194' title='bbox 1093 1836 1272 1908; x_wconf 86' lang='grc' dir='ltr'><strong>λύπης</strong></span> <span class='ocrx_word' id='word_1_195' title='bbox 1301 1839 1335 1907; x_wconf 85' lang='grc' dir='ltr'><strong>ή</strong></span> <span class='ocrx_word' id='word_1_196' title='bbox 1360 1837 1534 1902; x_wconf 85' lang='grc' dir='ltr'>λύσις,</span> <span class='ocrx_word' id='word_1_197' title='bbox 1565 1839 1665 1909; x_wconf 76' lang='grc' dir='ltr'>τῆς</span> <span class='ocrx_word' id='word_1_198' title='bbox 1692 1838 1893 1912; x_wconf 81' lang='grc' dir='ltr'>ἔχθρας</span> <span class='ocrx_word' id='word_1_199' title='bbox 1922 1838 2091 1892; x_wconf 80' lang='grc' dir='ltr'>κατά-</span> 
     </span>
    </p>
   </div>
   <div class='ocr_carea' id='block_1_29' title="bbox 513 1927 2092 2003">
    <p class='ocr_par' dir='ltr' id='par_1_29' title="bbox 513 1927 2092 2003">
     <span class='ocr_line' id='line_1_29' title="bbox 513 1927 2092 2003; baseline 0.003 -23"><span class='ocrx_word' id='word_1_200' title='bbox 513 1927 690 1993; x_wconf 86' lang='grc' dir='ltr'>λυσις,</span> <span class='ocrx_word' id='word_1_201' title='bbox 723 1932 824 2002; x_wconf 77' lang='grc' dir='ltr'>τῆς</span> <span class='ocrx_word' id='word_1_202' title='bbox 851 1931 1234 2002; x_wconf 78' lang='grc' dir='ltr'>αἰχμαλωσίας</span> <span class='ocrx_word' id='word_1_203' title='bbox 1281 1934 1312 2003; x_wconf 86' lang='grc' dir='ltr'>ἡ</span> <span class='ocrx_word' id='word_1_204' title='bbox 1343 1931 1636 2002; x_wconf 84' lang='grc' dir='ltr'>λύτρωσις,</span> <span class='ocrx_word' id='word_1_205' title='bbox 1676 1934 1709 2002; x_wconf 80' lang='grc' dir='ltr'><strong>ἡ</strong></span> <span class='ocrx_word' id='word_1_206' title='bbox 1737 1932 1845 1987; x_wconf 91' lang='grc' dir='ltr'><strong>τῶν</strong></span> <span class='ocrx_word' id='word_1_207' title='bbox 1879 1931 2092 2002; x_wconf 80' lang='grc' dir='ltr'>θνητῶν</span> 
     </span>
    </p>
   </div>
   <div class='ocr_carea' id='block_1_30' title="bbox 2273 1835 3784 1906">
    <p class='ocr_par' dir='ltr' id='par_1_30' title="bbox 2273 1835 3784 1906">
     <span class='ocr_line' id='line_1_30' title="bbox 2273 1835 3784 1906; baseline 0.001 -16"><span class='ocrx_word' id='word_1_208' title='bbox 2273 1835 2560 1890; x_wconf 78' lang='lat' dir='ltr'><strong>XXXVIII.</strong></span> <span class='ocrx_word' id='word_1_209' title='bbox 2602 1837 2740 1906; x_wconf 87' lang='lat' dir='ltr'><strong>Ave,</strong></span> <span class='ocrx_word' id='word_1_210' title='bbox 2773 1837 2978 1892; x_wconf 88' lang='lat' dir='ltr'><strong>doloris</strong></span> <span class='ocrx_word' id='word_1_211' title='bbox 3005 1837 3232 1903; x_wconf 91' lang='lat' dir='ltr'><strong>solutio,</strong></span> <span class='ocrx_word' id='word_1_212' title='bbox 3257 1837 3562 1894; x_wconf 86' lang='lat' dir='ltr'><strong>destructio</strong></span> <span class='ocrx_word' id='word_1_213' title='bbox 3602 1839 3784 1894; x_wconf 85' lang='lat' dir='ltr'><strong>inimi-</strong></span> 
     </span>
    </p>
   </div>
   <div class='ocr_carea' id='block_1_31' title="bbox 2199 1929 3786 2003">
    <p class='ocr_par' dir='ltr' id='par_1_31' title="bbox 2199 1929 3786 2003">
     <span class='ocr_line' id='line_1_31' title="bbox 2199 1929 3786 2003; baseline 0.001 -17"><span class='ocrx_word' id='word_1_214' title='bbox 2199 1929 2360 1996; x_wconf 62' lang='lat' dir='ltr'><strong>citia‘,</strong></span> <span class='ocrx_word' id='word_1_215' title='bbox 2395 1930 2732 1999; x_wconf 82' lang='lat' dir='ltr'><strong>captivitatis</strong></span> <span class='ocrx_word' id='word_1_216' title='bbox 2777 1929 3104 2003; x_wconf 86' lang='lat' dir='ltr'><strong>redemptio,</strong></span> <span class='ocrx_word' id='word_1_217' title='bbox 3140 1931 3454 1986; x_wconf 87' lang='lat' dir='ltr'><strong>mortalium</strong></span> <span class='ocrx_word' id='word_1_218' title='bbox 3499 1929 3568 1985; x_wconf 82' lang='lat' dir='ltr'><strong>ad</strong></span> <span class='ocrx_word' id='word_1_219' title='bbox 3615 1931 3786 1987; x_wconf 90' lang='lat' dir='ltr'><strong>Deum</strong></span> 
     </span>
    </p>
   </div>
   <div class='ocr_carea' id='block_1_32' title="bbox 512 2021 2111 2118">
    <p class='ocr_par' dir='ltr' id='par_1_32' title="bbox 512 2021 2092 2096">
     <span class='ocr_line' id='line_1_32' title="bbox 512 2021 2092 2096; baseline 0.004 -22"><span class='ocrx_word' id='word_1_220' title='bbox 512 2021 730 2088; x_wconf 86' lang='grc' dir='ltr'>θέωσις,</span> <span class='ocrx_word' id='word_1_221' title='bbox 767 2025 800 2094; x_wconf 82' lang='grc' dir='ltr'><strong>ἡ</strong></span> <span class='ocrx_word' id='word_1_222' title='bbox 830 2024 925 2078; x_wconf 90' lang='grc' dir='ltr'><strong>τοῦ</strong></span> <span class='ocrx_word' id='word_1_223' title='bbox 965 2024 1102 2077; x_wconf 86' lang='grc' dir='ltr'>Θεοῦ</span> <span class='ocrx_word' id='word_1_224' title='bbox 1147 2025 1443 2096; x_wconf 81' lang='grc' dir='ltr'>σάρκωσις.</span> <span class='ocrx_word' id='word_1_225' title='bbox 1473 2026 1668 2096; x_wconf 87' lang='grc' dir='ltr'>Χαῖρε,</span> <span class='ocrx_word' id='word_1_226' title='bbox 1700 2025 1810 2078; x_wconf 90' lang='grc' dir='ltr'><strong>τῶν</strong></span> <span class='ocrx_word' id='word_1_227' title='bbox 1839 2026 2028 2080; x_wconf 87' lang='grc' dir='ltr'>δεινῶν</span> <span class='ocrx_word' id='word_1_228' title='bbox 2058 2028 2092 2096; x_wconf 85' lang='grc' dir='ltr'>ἠ</span> 
     </span>
    </p>
   </div>
   <div class='ocr_carea' id='block_1_33' title="bbox 2192 2021 3788 2118">
    <p class='ocr_par' dir='ltr' id='par_1_33' title="bbox 2199 2022 3788 2095">
     <span class='ocr_line' id='line_1_33' title="bbox 2199 2022 3788 2095; baseline 0.001 -17"><span class='ocrx_word' id='word_1_229' title='bbox 2199 2024 2434 2089; x_wconf 89' lang='lat' dir='ltr'><strong>evectio,</strong></span> <span class='ocrx_word' id='word_1_230' title='bbox 2467 2033 2521 2078; x_wconf 92' lang='lat' dir='ltr'><strong>et</strong></span> <span class='ocrx_word' id='word_1_231' title='bbox 2552 2022 2647 2079; x_wconf 92' lang='lat' dir='ltr'><strong>Dei</strong></span> <span class='ocrx_word' id='word_1_232' title='bbox 2687 2038 2812 2079; x_wconf 91' lang='lat' dir='ltr'><strong>cum</strong></span> <span class='ocrx_word' id='word_1_233' title='bbox 2844 2038 3013 2080; x_wconf 88' lang='lat' dir='ltr'><strong>carne</strong></span> <span class='ocrx_word' id='word_1_234' title='bbox 3047 2023 3386 2095; x_wconf 86' lang='lat' dir='ltr'><strong>conjunctio.</strong></span> <span class='ocrx_word' id='word_1_235' title='bbox 3418 2023 3550 2090; x_wconf 85' lang='lat' dir='ltr'><strong>Ave,</strong></span> <span class='ocrx_word' id='word_1_236' title='bbox 3583 2039 3788 2080; x_wconf 73' lang='lat' dir='ltr'><strong>terum—</strong></span> 
     </span>
    </p>
   </div>
   <div class='ocr_carea' id='block_1_34' title="bbox 507 2115 2098 2188">
    <p class='ocr_par' dir='ltr' id='par_1_34' title="bbox 507 2115 2098 2188">
     <span class='ocr_line' id='line_1_34' title="bbox 507 2115 2098 2188; baseline 0.002 -21"><span class='ocrx_word' id='word_1_237' title='bbox 507 2115 826 2184; x_wconf 83' lang='grc' dir='ltr'>ἀπαλλαγὴ,</span> <span class='ocrx_word' id='word_1_238' title='bbox 852 2115 962 2169; x_wconf 90' lang='grc' dir='ltr'><strong>τῶν</strong></span> <span class='ocrx_word' id='word_1_239' title='bbox 990 2117 1334 2186; x_wconf 81' lang='grc' dir='ltr'>ἁμαρτωλῶν</span> <span class='ocrx_word' id='word_1_240' title='bbox 1358 2119 1391 2188; x_wconf 82' lang='grc' dir='ltr'><strong>ἡ</strong></span> <span class='ocrx_word' id='word_1_241' title='bbox 1420 2117 1760 2188; x_wconf 78' lang='grc' dir='ltr'>καταλλαγὴ,</span> <span class='ocrx_word' id='word_1_242' title='bbox 1790 2118 1900 2171; x_wconf 87' lang='grc' dir='ltr'><strong>τῶν</strong></span> <span class='ocrx_word' id='word_1_243' title='bbox 1927 2119 2098 2172; x_wconf 74' lang='grc' dir='ltr'>ἑστώ-</span> 
     </span>
    </p>
   </div>
   <div class='ocr_carea' id='block_1_35' title="bbox 505 2206 2098 2279">
    <p class='ocr_par' dir='ltr' id='par_1_35' title="bbox 505 2206 2098 2279">
     <span class='ocr_line' id='line_1_35' title="bbox 505 2206 2098 2279; baseline 0.003 -22"><span class='ocrx_word' id='word_1_244' title='bbox 505 2223 620 2260; x_wconf 88' lang='grc' dir='ltr'><strong>των</strong></span> <span class='ocrx_word' id='word_1_245' title='bbox 650 2206 946 2276; x_wconf 82' lang='grc' dir='ltr'>ἀσφάλεια,</span> <span class='ocrx_word' id='word_1_246' title='bbox 972 2208 1083 2262; x_wconf 89' lang='grc' dir='ltr'><strong>τῶν</strong></span> <span class='ocrx_word' id='word_1_247' title='bbox 1111 2207 1423 2261; x_wconf 83' lang='grc' dir='ltr'>πιπτόντων</span> <span class='ocrx_word' id='word_1_248' title='bbox 1454 2208 1776 2279; x_wconf 88' lang='grc' dir='ltr'>ἀνάκλησις,</span> <span class='ocrx_word' id='word_1_249' title='bbox 1805 2209 1913 2262; x_wconf 88' lang='grc' dir='ltr'><strong>τῶν</strong></span> <span class='ocrx_word' id='word_1_250' title='bbox 1935 2227 2098 2263; x_wconf 82' lang='grc' dir='ltr'>σπου-</span> 
     </span>
    </p>
   </div>
   <div class='ocr_carea' id='block_1_36' title="bbox 507 2297 2093 2371">
    <p class='ocr_par' dir='ltr' id='par_1_36' title="bbox 507 2297 2093 2371">
     <span class='ocr_line' id='line_1_36' title="bbox 507 2297 2093 2371; baseline 0.002 -21"><span class='ocrx_word' id='word_1_251' title='bbox 507 2297 783 2360; x_wconf 75' lang='grc' dir='ltr'>δαζόντων</span> <span class='ocrx_word' id='word_1_252' title='bbox 834 2299 1124 2366; x_wconf 77' lang='grc' dir='ltr'>ἐπίτασις,</span> <span class='ocrx_word' id='word_1_253' title='bbox 1179 2299 1290 2353; x_wconf 89' lang='grc' dir='ltr'><strong>τῶν</strong></span> <span class='ocrx_word' id='word_1_254' title='bbox 1347 2297 1738 2371; x_wconf 79' lang='grc' dir='ltr'>ῥᾳθυμούντων</span> <span class='ocrx_word' id='word_1_255' title='bbox 1785 2299 2093 2371; x_wconf 82' lang='grc' dir='ltr'>διέγερσις,</span> 
     </span>
    </p>
   </div>
   <div class='ocr_carea' id='block_1_37' title="bbox 507 2387 2093 2462">
    <p class='ocr_par' dir='ltr' id='par_1_37' title="bbox 507 2387 2093 2462">
     <span class='ocr_line' id='line_1_37' title="bbox 507 2387 2093 2462; baseline 0.005 -22"><span class='ocrx_word' id='word_1_256' title='bbox 507 2387 621 2440; x_wconf 90' lang='grc' dir='ltr'><strong>τῶν</strong></span> <span class='ocrx_word' id='word_1_257' title='bbox 641 2389 1008 2444; x_wconf 70' lang='grc' dir='ltr'>εὐεκτούντων</span> <span class='ocrx_word' id='word_1_258' title='bbox 1034 2391 1210 2462; x_wconf 84' lang='grc' dir='ltr'>ίσχὺς,</span> <span class='ocrx_word' id='word_1_259' title='bbox 1239 2391 1350 2444; x_wconf 86' lang='grc' dir='ltr'><strong>τῶν</strong></span> <span class='ocrx_word' id='word_1_260' title='bbox 1368 2392 1687 2462; x_wconf 86' lang='grc' dir='ltr'>καμνόντων</span> <span class='ocrx_word' id='word_1_261' title='bbox 1707 2391 1870 2456; x_wconf 75' lang='grc' dir='ltr'>ἴασις.</span> <span class='ocrx_word' id='word_1_262' title='bbox 1896 2394 2093 2460; x_wconf 83' lang='grc' dir='ltr'>Χαῖρε,</span> 
     </span>
    </p>
   </div>
   <div class='ocr_carea' id='block_1_38' title="bbox 505 2481 2095 2556">
    <p class='ocr_par' dir='ltr' id='par_1_38' title="bbox 505 2481 2095 2556">
     <span class='ocr_line' id='line_1_38' title="bbox 505 2481 2095 2556; baseline 0.004 -22"><span class='ocrx_word' id='word_1_263' title='bbox 505 2481 618 2534; x_wconf 88' lang='grc' dir='ltr'><strong>τῶν</strong></span> <span class='ocrx_word' id='word_1_264' title='bbox 646 2483 858 2553; x_wconf 79' lang='grc' dir='ltr'>ἀρετῶν</span> <span class='ocrx_word' id='word_1_265' title='bbox 887 2485 1039 2555; x_wconf 87' lang='grc' dir='ltr'>πηγή</span> <span class='ocrx_word' id='word_1_266' title='bbox 1065 2501 1126 2537; x_wconf 90' lang='grc' dir='ltr'><strong>τε</strong></span> <span class='ocrx_word' id='word_1_267' title='bbox 1146 2483 1264 2555; x_wconf 77' lang='grc' dir='ltr'><strong>ἅμα</strong></span> <span class='ocrx_word' id='word_1_268' title='bbox 1289 2486 1385 2538; x_wconf 75' lang='grc' dir='ltr'><strong>καὶ</strong></span> <span class='ocrx_word' id='word_1_269' title='bbox 1406 2485 1588 2555; x_wconf 86' lang='grc' dir='ltr'>όδηγὲ,</span> <span class='ocrx_word' id='word_1_270' title='bbox 1617 2485 1914 2556; x_wconf 78' lang='grc' dir='ltr'>παρθενίας</span> <span class='ocrx_word' id='word_1_271' title='bbox 1935 2486 2095 2548; x_wconf 80' lang='grc' dir='ltr'>ἄνθος</span> 
     </span>
    </p>
   </div>
   <div class='ocr_carea' id='block_1_39' title="bbox 505 2576 2096 2649">
    <p class='ocr_par' dir='ltr' id='par_1_39' title="bbox 505 2576 2096 2649">
     <span class='ocr_line' id='line_1_39' title="bbox 505 2576 2096 2649; baseline 0.004 -21"><span class='ocrx_word' id='word_1_272' title='bbox 505 2576 644 2645; x_wconf 88' lang='grc' dir='ltr'>όμοῦ</span> <span class='ocrx_word' id='word_1_273' title='bbox 679 2577 773 2629; x_wconf 77' lang='grc' dir='ltr'><strong>καὶ</strong></span> <span class='ocrx_word' id='word_1_274' title='bbox 812 2576 958 2648; x_wconf 73' lang='grc' dir='ltr'>ῥίζα,</span> <span class='ocrx_word' id='word_1_275' title='bbox 1003 2577 1066 2630; x_wconf 83' lang='grc' dir='ltr'>τὸ</span> <span class='ocrx_word' id='word_1_276' title='bbox 1101 2579 1200 2649; x_wconf 85' lang='grc' dir='ltr'><strong>μὲν</strong></span> <span class='ocrx_word' id='word_1_277' title='bbox 1245 2582 1495 2647; x_wconf 79' lang='grc' dir='ltr'>φανεῖσα,</span> <span class='ocrx_word' id='word_1_278' title='bbox 1540 2581 1603 2633; x_wconf 83' lang='grc' dir='ltr'><strong>τὸ</strong></span> <span class='ocrx_word' id='word_1_279' title='bbox 1630 2579 1686 2632; x_wconf 82' lang='grc' dir='ltr'><strong>δὲ</strong></span> <span class='ocrx_word' id='word_1_280' title='bbox 1716 2579 1971 2634; x_wconf 86' lang='grc' dir='ltr'>τεκοῦσα·</span> <span class='ocrx_word' id='word_1_281' title='bbox 2001 2582 2096 2635; x_wconf 85' lang='grc' dir='ltr'><strong>καὶ</strong></span> 
     </span>
    </p>
   </div>
   <div class='ocr_carea' id='block_1_40' title="bbox 507 2661 2092 2745">
    <p class='ocr_par' dir='ltr' id='par_1_40' title="bbox 507 2661 2092 2745">
     <span class='ocr_line' id='line_1_40' title="bbox 507 2661 2092 2745; baseline 0.003 -22"><span class='ocrx_word' id='word_1_282' title='bbox 507 2669 606 2723; x_wconf 91' lang='grc' dir='ltr'><strong>νῦν</strong></span> <span class='ocrx_word' id='word_1_283' title='bbox 627 2671 714 2724; x_wconf 87' lang='grc' dir='ltr'>διὰ</span> <span class='ocrx_word' id='word_1_284' title='bbox 746 2671 806 2723; x_wconf 90' lang='grc' dir='ltr'><strong>σέ</strong></span> <span class='ocrx_word' id='word_1_285' title='bbox 839 2688 900 2724; x_wconf 88' lang='grc' dir='ltr'><strong>τε</strong></span> <span class='ocrx_word' id='word_1_286' title='bbox 929 2672 1023 2726; x_wconf 79' lang='grc' dir='ltr'><strong>καὶ</strong></span> <span class='ocrx_word' id='word_1_287' title='bbox 1065 2672 1153 2726; x_wconf 81' lang='grc' dir='ltr'>διὰ</span> <span class='ocrx_word' id='word_1_288' title='bbox 1183 2672 1278 2725; x_wconf 89' lang='grc' dir='ltr'><strong>σοῦ</strong></span> <span class='ocrx_word' id='word_1_289' title='bbox 1307 2673 1377 2725; x_wconf 84' lang='grc' dir='ltr'>τὰ</span> <span class='ocrx_word' id='word_1_290' title='bbox 1409 2661 1612 2742; x_wconf 83' lang='grc' dir='ltr'>ταύτης</span> <span class='ocrx_word' id='word_1_291' title='bbox 1643 2673 1786 2740; x_wconf 86' lang='grc' dir='ltr'><strong>φυτά</strong></span> <span class='ocrx_word' id='word_1_292' title='bbox 1815 2675 2092 2745; x_wconf 83' lang='grc' dir='ltr'>πανταχοῦ</span> 
     </span>
    </p>
   </div>
   <div class='ocr_carea' id='block_1_41' title="bbox 509 2764 2091 2837">
    <p class='ocr_par' dir='ltr' id='par_1_41' title="bbox 509 2764 2091 2837">
     <span class='ocr_line' id='line_1_41' title="bbox 509 2764 2091 2837; baseline 0.003 -23"><span class='ocrx_word' id='word_1_293' title='bbox 509 2765 672 2834; x_wconf 77' lang='grc' dir='ltr'>κομᾷ·</span> <span class='ocrx_word' id='word_1_294' title='bbox 706 2765 976 2834; x_wconf 87' lang='grc' dir='ltr'>καρτερία</span> <span class='ocrx_word' id='word_1_295' title='bbox 1000 2767 1112 2827; x_wconf 90' lang='grc' dir='ltr'>τοίς</span> <span class='ocrx_word' id='word_1_296' title='bbox 1136 2765 1428 2834; x_wconf 86' lang='grc' dir='ltr'>ἀσκηταῖς,</span> <span class='ocrx_word' id='word_1_297' title='bbox 1459 2764 1648 2834; x_wconf 81' lang='grc' dir='ltr'>ἀνδρία</span> <span class='ocrx_word' id='word_1_298' title='bbox 1671 2768 1784 2830; x_wconf 85' lang='grc' dir='ltr'>τοῖς</span> <span class='ocrx_word' id='word_1_299' title='bbox 1807 2765 2091 2837; x_wconf 84' lang='grc' dir='ltr'>ἀθληταῖς,</span> 
     </span>
    </p>
   </div>
   <div class='ocr_carea' id='block_1_42' title="bbox 505 2857 2092 2930">
    <p class='ocr_par' dir='ltr' id='par_1_42' title="bbox 505 2857 2092 2930">
     <span class='ocr_line' id='line_1_42' title="bbox 505 2857 2092 2930; baseline 0.004 -22"><span class='ocrx_word' id='word_1_300' title='bbox 505 2857 879 2928; x_wconf 85' lang='grc' dir='ltr'>εὐσπλαγχνία</span> <span class='ocrx_word' id='word_1_301' title='bbox 906 2860 1020 2921; x_wconf 86' lang='grc' dir='ltr'>τοῖς</span> <span class='ocrx_word' id='word_1_302' title='bbox 1051 2858 1288 2929; x_wconf 72' lang='grc' dir='ltr'>ἔχουσιν,</span> <span class='ocrx_word' id='word_1_303' title='bbox 1318 2857 1553 2928; x_wconf 81' lang='grc' dir='ltr'>εὐψυχία</span> <span class='ocrx_word' id='word_1_304' title='bbox 1597 2861 1714 2923; x_wconf 85' lang='grc' dir='ltr'>τοῖς</span> <span class='ocrx_word' id='word_1_305' title='bbox 1744 2860 1961 2930; x_wconf 80' lang='grc' dir='ltr'>πένησι,</span> <span class='ocrx_word' id='word_1_306' title='bbox 1996 2877 2092 2914; x_wconf 86' lang='grc' dir='ltr'>τα·-</span> 
     </span>
    </p>
   </div>
   <div class='ocr_carea' id='block_1_43' title="bbox 505 2951 2092 3023">
    <p class='ocr_par' dir='ltr' id='par_1_43' title="bbox 505 2951 2092 3023">
     <span class='ocr_line' id='line_1_43' title="bbox 505 2951 2092 3023; baseline 0.004 -21"><span class='ocrx_word' id='word_1_307' title='bbox 505 2951 909 3022; x_wconf 67' lang='grc' dir='ltr'>πεινοφροσύνη</span> <span class='ocrx_word' id='word_1_308' title='bbox 941 2954 1056 3015; x_wconf 82' lang='grc' dir='ltr'>τοῖς</span> <span class='ocrx_word' id='word_1_309' title='bbox 1091 2953 1340 3021; x_wconf 68' lang='grc' dir='ltr'>ὑψηλοῖς,</span> <span class='ocrx_word' id='word_1_310' title='bbox 1374 2951 1830 3023; x_wconf 79' lang='grc' dir='ltr'>μεγαλοφροσύνη</span> <span class='ocrx_word' id='word_1_311' title='bbox 1855 2955 1968 3017; x_wconf 88' lang='grc' dir='ltr'>τοῖς</span> <span class='ocrx_word' id='word_1_312' title='bbox 1994 2971 2092 3008; x_wconf 89' lang='grc' dir='ltr'>τα-</span> 
     </span>
    </p>
   </div>
   <div class='ocr_carea' id='block_1_44' title="bbox 505 3043 2094 3115">
    <p class='ocr_par' dir='ltr' id='par_1_44' title="bbox 505 3043 2094 3115">
     <span class='ocr_line' id='line_1_44' title="bbox 505 3043 2094 3115; baseline 0.004 -21"><span class='ocrx_word' id='word_1_313' title='bbox 505 3045 731 3105; x_wconf 82' lang='grc' dir='ltr'>πεινοῖς,</span> <span class='ocrx_word' id='word_1_314' title='bbox 795 3043 1159 3114; x_wconf 83' lang='grc' dir='ltr'>ὀδυνωμένοις</span> <span class='ocrx_word' id='word_1_315' title='bbox 1211 3043 1593 3115; x_wconf 83' lang='grc' dir='ltr'>παράκλησις,</span> <span class='ocrx_word' id='word_1_316' title='bbox 1641 3046 2094 3115; x_wconf 83' lang='grc' dir='ltr'>εὐφραινομένοις</span> 
     </span>
    </p>
   </div>
   <div class='ocr_carea' id='block_1_45' title="bbox 502 3135 2092 3208">
    <p class='ocr_par' dir='ltr' id='par_1_45' title="bbox 502 3135 2092 3208">
     <span class='ocr_line' id='line_1_45' title="bbox 502 3135 2092 3208; baseline 0.003 -20"><span class='ocrx_word' id='word_1_317' title='bbox 502 3135 825 3206; x_wconf 72' lang='grc' dir='ltr'>ἐγκράτειαο</span> <span class='ocrx_word' id='word_1_318' title='bbox 851 3137 947 3208; x_wconf 84' lang='grc' dir='ltr'><strong>ιύχ</strong></span> <span class='ocrx_word' id='word_1_319' title='bbox 963 3135 1117 3190; x_wconf 75' lang='grc' dir='ltr'>οὕτω</span> <span class='ocrx_word' id='word_1_320' title='bbox 1140 3136 1598 3208; x_wconf 87' lang='grc' dir='ltr'>παιδαγωγούσης</span> <span class='ocrx_word' id='word_1_321' title='bbox 1627 3139 1813 3208; x_wconf 89' lang='grc' dir='ltr'>μόνον,</span> <span class='ocrx_word' id='word_1_322' title='bbox 1833 3137 1970 3192; x_wconf 79' lang='grc' dir='ltr'>ἀλλὰ</span> <span class='ocrx_word' id='word_1_323' title='bbox 1996 3139 2092 3192; x_wconf 79' lang='grc' dir='ltr'><strong>καὶ</strong></span> 
     </span>
    </p>
   </div>
   <div class='ocr_carea' id='block_1_46' title="bbox 503 3228 2092 3303">
    <p class='ocr_par' dir='ltr' id='par_1_46' title="bbox 503 3228 2092 3303">
     <span class='ocr_line' id='line_1_46' title="bbox 503 3228 2092 3303; baseline 0.004 -23"><span class='ocrx_word' id='word_1_324' title='bbox 503 3230 894 3299; x_wconf 86' lang='grc' dir='ltr'>προτυπούσης</span> <span class='ocrx_word' id='word_1_325' title='bbox 925 3228 1234 3300; x_wconf 67' lang='grc' dir='ltr'>ἀμφότερω</span> <span class='ocrx_word' id='word_1_326' title='bbox 1263 3229 1326 3283; x_wconf 79' lang='grc' dir='ltr'><strong>τὸ</strong></span> <span class='ocrx_word' id='word_1_327' title='bbox 1369 3229 1491 3301; x_wconf 80' lang='grc' dir='ltr'>μὲν,</span> <span class='ocrx_word' id='word_1_328' title='bbox 1522 3229 1611 3283; x_wconf 80' lang='grc' dir='ltr'><strong>ὅτε</strong></span> <span class='ocrx_word' id='word_1_329' title='bbox 1656 3247 1750 3284; x_wconf 89' lang='grc' dir='ltr'><strong>σου</strong></span> <span class='ocrx_word' id='word_1_330' title='bbox 1779 3231 1880 3301; x_wconf 85' lang='grc' dir='ltr'>τὴν</span> <span class='ocrx_word' id='word_1_331' title='bbox 1910 3231 2092 3303; x_wconf 78' lang='grc' dir='ltr'>ψυχὴν</span> 
     </span>
    </p>
   </div>
   <div class='ocr_carea' id='block_1_47' title="bbox 507 3320 2090 3394">
    <p class='ocr_par' dir='ltr' id='par_1_47' title="bbox 507 3320 2090 3394">
     <span class='ocr_line' id='line_1_47' title="bbox 507 3320 2090 3394; baseline 0.004 -23"><span class='ocrx_word' id='word_1_332' title='bbox 507 3320 754 3390; x_wconf 77' lang='grc' dir='ltr'>ῥομφαία</span> <span class='ocrx_word' id='word_1_333' title='bbox 782 3321 1057 3393; x_wconf 85' lang='grc' dir='ltr'>διήρχετο,</span> <span class='ocrx_word' id='word_1_334' title='bbox 1087 3323 1150 3376; x_wconf 81' lang='grc' dir='ltr'><strong>τὸ</strong></span> <span class='ocrx_word' id='word_1_335' title='bbox 1185 3322 1230 3375; x_wconf 85' lang='grc' dir='ltr'>δ’</span> <span class='ocrx_word' id='word_1_336' title='bbox 1267 3323 1358 3376; x_wconf 84' lang='grc' dir='ltr'>ὅτε</span> <span class='ocrx_word' id='word_1_337' title='bbox 1398 3339 1491 3376; x_wconf 87' lang='grc' dir='ltr'><strong>σου</strong></span> <span class='ocrx_word' id='word_1_338' title='bbox 1525 3322 1624 3394; x_wconf 81' lang='grc' dir='ltr'><strong>τὴν</strong></span> <span class='ocrx_word' id='word_1_339' title='bbox 1659 3323 1846 3394; x_wconf 81' lang='grc' dir='ltr'>φωνὴν</span> <span class='ocrx_word' id='word_1_340' title='bbox 1876 3325 1904 3377; x_wconf 91' lang='grc' dir='ltr'><strong>ό</strong></span> <span class='ocrx_word' id='word_1_341' title='bbox 1933 3324 2090 3394; x_wconf 83' lang='grc' dir='ltr'>λόγος</span> 
     </span>
    </p>
   </div>
   <div class='ocr_carea' id='block_1_48' title="bbox 505 3414 1436 3488">
    <p class='ocr_par' dir='ltr' id='par_1_48' title="bbox 505 3414 1436 3488">
     <span class='ocr_line' id='line_1_48' title="bbox 505 3414 1436 3488; baseline 0.004 -22"><span class='ocrx_word' id='word_1_342' title='bbox 505 3414 607 3486; x_wconf 83' lang='grc' dir='ltr'><strong>τὴν</strong></span> <span class='ocrx_word' id='word_1_343' title='bbox 635 3416 929 3488; x_wconf 72' lang='grc' dir='ltr'>χαροςοιδν</span> <span class='ocrx_word' id='word_1_344' title='bbox 968 3415 1436 3488; x_wconf 82' lang='grc' dir='ltr'>προσεφθὲγγετο.</span> 
     </span>
    </p>
   </div>
   <div class='ocr_carea' id='block_1_49' title="bbox 575 3685 2090 3767">
    <p class='ocr_par' dir='ltr' id='par_1_49' title="bbox 575 3685 2090 3767">
     <span class='ocr_line' id='line_1_49' title="bbox 575 3685 2090 3767; baseline -0.002 -18"><span class='ocrx_word' id='word_1_345' title='bbox 575 3695 700 3751; x_wconf 86' lang='grc' dir='ltr'><strong>ΛΘ¹.</strong></span> <span class='ocrx_word' id='word_1_346' title='bbox 737 3696 929 3767; x_wconf 83' lang='grc' dir='ltr'>Χαῖρε,</span> <span class='ocrx_word' id='word_1_347' title='bbox 983 3694 1144 3748; x_wconf 86' lang='grc' dir='ltr'>θείων</span> <span class='ocrx_word' id='word_1_348' title='bbox 1187 3693 1430 3766; x_wconf 87' lang='grc' dir='ltr'>χαρίτων</span> <span class='ocrx_word' id='word_1_349' title='bbox 1459 3685 1630 3758; x_wconf 80' lang='grc' dir='ltr'>οῐκος,</span> <span class='ocrx_word' id='word_1_350' title='bbox 1674 3693 1957 3765; x_wconf 80' lang='grc' dir='ltr'>βασιλικὸς</span> <span class='ocrx_word' id='word_1_351' title='bbox 1988 3692 2090 3762; x_wconf 83' lang='grc' dir='ltr'><strong>τῆς</strong></span> 
     </span>
    </p>
   </div>
   <div class='ocr_carea' id='block_1_50' title="bbox 497 3781 2090 3863">
    <p class='ocr_par' dir='ltr' id='par_1_50' title="bbox 497 3781 2090 3863">
     <span class='ocr_line' id='line_1_50' title="bbox 497 3781 2090 3863; baseline -0.002 -20"><span class='ocrx_word' id='word_1_352' title='bbox 497 3789 734 3863; x_wconf 87' lang='grc' dir='ltr'>Τριάδος</span> <span class='ocrx_word' id='word_1_353' title='bbox 784 3787 1068 3860; x_wconf 78' lang='grc' dir='ltr'>θάλαμος,</span> <span class='ocrx_word' id='word_1_354' title='bbox 1119 3789 1179 3842; x_wconf 82' lang='grc' dir='ltr'>ὲν</span> <span class='ocrx_word' id='word_1_355' title='bbox 1221 3781 1266 3857; x_wconf 82' lang='grc' dir='ltr'><strong>ᾧ</strong></span> <span class='ocrx_word' id='word_1_356' title='bbox 1297 3787 1409 3842; x_wconf 90' lang='grc' dir='ltr'><strong>τῶν</strong></span> <span class='ocrx_word' id='word_1_357' title='bbox 1452 3786 1678 3854; x_wconf 85' lang='grc' dir='ltr'>ἀγαθῶν</span> <span class='ocrx_word' id='word_1_358' title='bbox 1726 3787 1779 3840; x_wconf 80' lang='grc' dir='ltr'>οι</span> <span class='ocrx_word' id='word_1_359' title='bbox 1825 3787 2090 3857; x_wconf 80' lang='grc' dir='ltr'>θησαυροὶ</span> 
     </span>
    </p>
   </div>
   <div class='ocr_carea' id='block_1_51' title="bbox 500 3879 2086 3952">
    <p class='ocr_par' dir='ltr' id='par_1_51' title="bbox 500 3879 2086 3952">
     <span class='ocr_line' id='line_1_51' title="bbox 500 3879 2086 3952; baseline -0.003 -15"><span class='ocrx_word' id='word_1_360' title='bbox 500 3883 743 3948; x_wconf 88' lang='grc' dir='ltr'>πάντων,</span> <span class='ocrx_word' id='word_1_361' title='bbox 795 3881 988 3952; x_wconf 83' lang='grc' dir='ltr'>σοφίας</span> <span class='ocrx_word' id='word_1_362' title='bbox 1031 3881 1283 3946; x_wconf 86' lang='grc' dir='ltr'>πλοῦτος,</span> <span class='ocrx_word' id='word_1_363' title='bbox 1326 3881 1551 3951; x_wconf 85' lang='grc' dir='ltr'>ἀνδρίας</span> <span class='ocrx_word' id='word_1_364' title='bbox 1594 3880 1781 3950; x_wconf 74' lang='grc' dir='ltr'>ὄγκος,</span> <span class='ocrx_word' id='word_1_365' title='bbox 1811 3879 2086 3942; x_wconf 77' lang='grc' dir='ltr'>εὐϐουλία,</span> 
     </span>
    </p>
   </div>
   <div class='ocr_carea' id='block_1_52' title="bbox 504 3970 2089 4045">
    <p class='ocr_par' dir='ltr' id='par_1_52' title="bbox 504 3970 2089 4045">
     <span class='ocr_line' id='line_1_52' title="bbox 504 3970 2089 4045; baseline -0.001 -20"><span class='ocrx_word' id='word_1_366' title='bbox 504 3973 740 4037; x_wconf 82' lang='grc' dir='ltr'>σύνεσις,</span> <span class='ocrx_word' id='word_1_367' title='bbox 778 3974 980 4044; x_wconf 59' lang='grc' dir='ltr'><strong>δωρεαὶ⁸</strong></span> <span class='ocrx_word' id='word_1_368' title='bbox 1010 3974 1209 4043; x_wconf 90' lang='grc' dir='ltr'>λόγων,</span> <span class='ocrx_word' id='word_1_369' title='bbox 1255 3973 1426 4044; x_wconf 78' lang='grc' dir='ltr'>ἀρχαὶ</span> <span class='ocrx_word' id='word_1_370' title='bbox 1471 3973 1793 4044; x_wconf 82' lang='grc' dir='ltr'>σκήπτρων,</span> <span class='ocrx_word' id='word_1_371' title='bbox 1843 3970 2089 4045; x_wconf 73' lang='grc' dir='ltr'>παροχαὶ</span> 
     </span>
    </p>
   </div>
   <div class='ocr_carea' id='block_1_53' title="bbox 500 4065 2087 4138">
    <p class='ocr_par' dir='ltr' id='par_1_53' title="bbox 500 4065 2087 4138">
     <span class='ocr_line' id='line_1_53' title="bbox 500 4065 2087 4138; baseline 0.004 -21"><span class='ocrx_word' id='word_1_372' title='bbox 500 4066 770 4132; x_wconf 85' lang='grc' dir='ltr'>πλούτων,</span> <span class='ocrx_word' id='word_1_373' title='bbox 799 4066 1128 4138; x_wconf 71' lang='grc' dir='ltr'>ἀξιωμάτων</span> <span class='ocrx_word' id='word_1_374' title='bbox 1158 4065 1450 4138; x_wconf 77' lang='grc' dir='ltr'>ὑπεροχαὶ,</span> <span class='ocrx_word' id='word_1_375' title='bbox 1481 4066 1754 4136; x_wconf 87' lang='grc' dir='ltr'>εὐτεχνίαι</span> <span class='ocrx_word' id='word_1_376' title='bbox 1788 4067 1884 4120; x_wconf 76' lang='grc' dir='ltr'>καὶ</span> <span class='ocrx_word' id='word_1_377' title='bbox 1918 4069 2087 4137; x_wconf 90' lang='grc' dir='ltr'>εὐγα-</span> 
     </span>
    </p>
   </div>
   <div class='ocr_carea' id='block_1_54' title="bbox 504 4157 2083 4230">
    <p class='ocr_par' dir='ltr' id='par_1_54' title="bbox 504 4157 2083 4230">
     <span class='ocr_line' id='line_1_54' title="bbox 504 4157 2083 4230; baseline 0.005 -22"><span class='ocrx_word' id='word_1_378' title='bbox 504 4159 627 4230; x_wconf 84' lang='grc' dir='ltr'>μίαι</span> <span class='ocrx_word' id='word_1_379' title='bbox 655 4159 751 4213; x_wconf 74' lang='grc' dir='ltr'>καὶ</span> <span class='ocrx_word' id='word_1_380' title='bbox 782 4160 1080 4224; x_wconf 87' lang='grc' dir='ltr'>εὐτεκνίαι,</span> <span class='ocrx_word' id='word_1_381' title='bbox 1107 4159 1352 4230; x_wconf 83' lang='grc' dir='ltr'>εὐφωνία</span> <span class='ocrx_word' id='word_1_382' title='bbox 1373 4158 1470 4214; x_wconf 73' lang='grc' dir='ltr'><strong>καὶ</strong></span> <span class='ocrx_word' id='word_1_383' title='bbox 1493 4157 1721 4225; x_wconf 83' lang='grc' dir='ltr'>εὐταξία</span> <span class='ocrx_word' id='word_1_384' title='bbox 1756 4160 1851 4213; x_wconf 77' lang='grc' dir='ltr'>καὶ</span> <span class='ocrx_word' id='word_1_385' title='bbox 1877 4161 2083 4229; x_wconf 79' lang='grc' dir='ltr'>εὐεξία,</span> 
     </span>
    </p>
   </div>
   <div class='ocr_carea' id='block_1_55' title="bbox 497 4251 2086 4324">
    <p class='ocr_par' dir='ltr' id='par_1_55' title="bbox 497 4251 2086 4324">
     <span class='ocr_line' id='line_1_55' title="bbox 497 4251 2086 4324; baseline 0.001 -16"><span class='ocrx_word' id='word_1_386' title='bbox 497 4253 718 4320; x_wconf 76' lang='grc' dir='ltr'>κάλλος,</span> <span class='ocrx_word' id='word_1_387' title='bbox 758 4251 933 4323; x_wconf 77' lang='grc' dir='ltr'>ίσχύς’</span> <span class='ocrx_word' id='word_1_388' title='bbox 988 4253 1086 4307; x_wconf 76' lang='grc' dir='ltr'><strong>καὶ</strong></span> <span class='ocrx_word' id='word_1_389' title='bbox 1113 4254 1263 4316; x_wconf 80' lang='grc' dir='ltr'>ὅπως</span> <span class='ocrx_word' id='word_1_390' title='bbox 1291 4255 1351 4307; x_wconf 82' lang='grc' dir='ltr'><strong>ἐν</strong></span> <span class='ocrx_word' id='word_1_391' title='bbox 1380 4251 1530 4324; x_wconf 87' lang='grc' dir='ltr'>μέσῳ</span> <span class='ocrx_word' id='word_1_392' title='bbox 1563 4253 1851 4323; x_wconf 75' lang='grc' dir='ltr'>παροπτέα</span> <span class='ocrx_word' id='word_1_393' title='bbox 1889 4270 1980 4323; x_wconf 89' lang='grc' dir='ltr'><strong>μοι</strong></span> <span class='ocrx_word' id='word_1_394' title='bbox 2017 4255 2086 4309; x_wconf 74' lang='grc' dir='ltr'><strong>τά</strong></span> 
     </span>
    </p>
   </div>
   <div class='ocr_carea' id='block_1_56' title="bbox 501 4341 2083 4416">
    <p class='ocr_par' dir='ltr' id='par_1_56' title="bbox 501 4341 2083 4416">
     <span class='ocr_line' id='line_1_56' title="bbox 501 4341 2083 4416; baseline 0.001 -19"><span class='ocrx_word' id='word_1_395' title='bbox 501 4345 679 4416; x_wconf 75' lang='grc' dir='ltr'>μικρά</span> <span class='ocrx_word' id='word_1_396' title='bbox 702 4345 797 4399; x_wconf 77' lang='grc' dir='ltr'>καὶ</span> <span class='ocrx_word' id='word_1_397' title='bbox 828 4342 1118 4408; x_wconf 84' lang='grc' dir='ltr'>σωματικά</span> <span class='ocrx_word' id='word_1_398' title='bbox 1160 4343 1316 4414; x_wconf 88' lang='grc' dir='ltr'>μόνα,</span> <span class='ocrx_word' id='word_1_399' title='bbox 1347 4343 1494 4407; x_wconf 86' lang='grc' dir='ltr'>λέγω</span> <span class='ocrx_word' id='word_1_400' title='bbox 1526 4341 1584 4395; x_wconf 80' lang='grc' dir='ltr'>δὲ</span> <span class='ocrx_word' id='word_1_401' title='bbox 1615 4343 1686 4395; x_wconf 83' lang='grc' dir='ltr'>τὰ</span> <span class='ocrx_word' id='word_1_402' title='bbox 1711 4341 1804 4396; x_wconf 92' lang='grc' dir='ltr'><strong>τοῦ</strong></span> <span class='ocrx_word' id='word_1_403' title='bbox 1831 4343 2083 4413; x_wconf 86' lang='grc' dir='ltr'>Πνεύμα-</span> 
     </span>
    </p>
   </div>
   <div class='ocr_carea' id='block_1_57' title="bbox 492 4435 2082 4509">
    <p class='ocr_par' dir='ltr' id='par_1_57' title="bbox 492 4435 2082 4509">
     <span class='ocr_line' id='line_1_57' title="bbox 492 4435 2082 4509; baseline 0.001 -19"><span class='ocrx_word' id='word_1_404' title='bbox 492 4455 609 4502; x_wconf 75' lang='grc' dir='ltr'>τος’</span> <span class='ocrx_word' id='word_1_405' title='bbox 633 4437 898 4508; x_wconf 71' lang='grc' dir='ltr'>ίίαμάτων</span> <span class='ocrx_word' id='word_1_406' title='bbox 924 4438 1122 4507; x_wconf 74' lang='grc' dir='ltr'>πηγαὶ,</span> <span class='ocrx_word' id='word_1_407' title='bbox 1160 4437 1284 4509; x_wconf 78' lang='grc' dir='ltr'><strong>ροαὶ</strong></span> <span class='ocrx_word' id='word_1_408' title='bbox 1327 4436 1601 4507; x_wconf 80' lang='grc' dir='ltr'>δακρύων,</span> <span class='ocrx_word' id='word_1_409' title='bbox 1633 4435 1791 4506; x_wconf 76' lang='grc' dir='ltr'>εὐχαὶ</span> <span class='ocrx_word' id='word_1_410' title='bbox 1823 4437 2082 4508; x_wconf 76' lang='grc' dir='ltr'>καθαραὶ,</span> 
     </span>
    </p>
   </div>
   <div class='ocr_carea' id='block_1_58' title="bbox 492 4527 2084 4602">
    <p class='ocr_par' dir='ltr' id='par_1_58' title="bbox 492 4527 2084 4602">
     <span class='ocr_line' id='line_1_58' title="bbox 492 4527 2084 4602; baseline -0.001 -18"><span class='ocrx_word' id='word_1_411' title='bbox 492 4531 593 4585; x_wconf 76' lang='grc' dir='ltr'><strong>καὶ</strong></span> <span class='ocrx_word' id='word_1_412' title='bbox 622 4531 759 4584; x_wconf 88' lang='grc' dir='ltr'>Θεοῦ</span> <span class='ocrx_word' id='word_1_413' title='bbox 791 4529 1042 4602; x_wconf 89' lang='grc' dir='ltr'>πλησίον,</span> <span class='ocrx_word' id='word_1_414' title='bbox 1072 4529 1276 4598; x_wconf 89' lang='grc' dir='ltr'>γνῶσις</span> <span class='ocrx_word' id='word_1_415' title='bbox 1309 4527 1542 4597; x_wconf 86' lang='grc' dir='ltr'>Λογίων,</span> <span class='ocrx_word' id='word_1_416' title='bbox 1569 4527 1918 4591; x_wconf 84' lang='grc' dir='ltr'>διδασκαλίας</span> <span class='ocrx_word' id='word_1_417' title='bbox 1954 4529 2084 4599; x_wconf 81' lang='grc' dir='ltr'>ῥεύ-</span> 
     </span>
    </p>
   </div>
   <div class='ocr_carea' id='block_1_59' title="bbox 495 4619 2083 4694">
    <p class='ocr_par' dir='ltr' id='par_1_59' title="bbox 495 4619 2083 4694">
     <span class='ocr_line' id='line_1_59' title="bbox 495 4619 2083 4694; baseline -0.003 -16"><span class='ocrx_word' id='word_1_418' title='bbox 495 4641 666 4693; x_wconf 78' lang='grc' dir='ltr'>ματα,</span> <span class='ocrx_word' id='word_1_419' title='bbox 704 4623 1032 4694; x_wconf 81' lang='grc' dir='ltr'>προοράσεις</span> <span class='ocrx_word' id='word_1_420' title='bbox 1079 4623 1175 4675; x_wconf 75' lang='grc' dir='ltr'>καὶ</span> <span class='ocrx_word' id='word_1_421' title='bbox 1216 4620 1492 4691; x_wconf 87' lang='grc' dir='ltr'>διοράσεις</span> <span class='ocrx_word' id='word_1_422' title='bbox 1519 4661 1532 4685; x_wconf 91' lang='grc'><strong>,</strong></span> <span class='ocrx_word' id='word_1_423' title='bbox 1579 4619 2083 4690; x_wconf 65' lang='grc' dir='ltr'>διακρίσειςτπνευσ</span> 
     </span>
    </p>
   </div>
   <div class='ocr_carea' id='block_1_60' title="bbox 495 4710 2078 4786">
    <p class='ocr_par' dir='ltr' id='par_1_60' title="bbox 495 4710 2078 4786">
     <span class='ocr_line' id='line_1_60' title="bbox 495 4710 2078 4786; baseline -0.003 -16"><span class='ocrx_word' id='word_1_424' title='bbox 495 4716 687 4786; x_wconf 86' lang='grc' dir='ltr'>μάτων</span> <span class='ocrx_word' id='word_1_425' title='bbox 727 4733 786 4770; x_wconf 89' lang='grc' dir='ltr'><strong>τε</strong></span> <span class='ocrx_word' id='word_1_426' title='bbox 824 4715 922 4767; x_wconf 74' lang='grc' dir='ltr'><strong>καὶ</strong></span> <span class='ocrx_word' id='word_1_427' title='bbox 969 4714 1340 4785; x_wconf 86' lang='grc' dir='ltr'>πραγμάτων,</span> <span class='ocrx_word' id='word_1_428' title='bbox 1385 4714 1481 4766; x_wconf 73' lang='grc' dir='ltr'>καὶ</span> <span class='ocrx_word' id='word_1_429' title='bbox 1520 4712 1610 4766; x_wconf 75' lang='grc' dir='ltr'>ἵνα</span> <span class='ocrx_word' id='word_1_430' title='bbox 1651 4710 1890 4766; x_wconf 88' lang='grc' dir='ltr'>συνελὼν</span> <span class='ocrx_word' id='word_1_431' title='bbox 1919 4712 2078 4777; x_wconf 83' lang='grc' dir='ltr'>είπω,</span> 
     </span>
    </p>
   </div>
   <div class='ocr_carea' id='block_1_61' title="bbox 2201 2116 3786 2188">
    <p class='ocr_par' dir='ltr' id='par_1_61' title="bbox 2201 2116 3786 2188">
     <span class='ocr_line' id='line_1_61' title="bbox 2201 2116 3786 2188; baseline 0 -16"><span class='ocrx_word' id='word_1_432' title='bbox 2201 2133 2398 2172; x_wconf 88' lang='lat' dir='ltr'><strong>narum</strong></span> <span class='ocrx_word' id='word_1_433' title='bbox 2427 2116 2700 2188; x_wconf 89' lang='lat' dir='ltr'><strong>depulsio,</strong></span> <span class='ocrx_word' id='word_1_434' title='bbox 2719 2124 3068 2186; x_wconf 81' lang='lat' dir='ltr'><strong>peccatorum</strong></span> <span class='ocrx_word' id='word_1_435' title='bbox 3104 2116 3498 2182; x_wconf 84' lang='lat' dir='ltr'><strong>reconciliatio,</strong></span> <span class='ocrx_word' id='word_1_436' title='bbox 3522 2121 3786 2172; x_wconf 86' lang='lat' dir='ltr'><strong>stantium</strong></span> 
     </span>
    </p>
   </div>
   <div class='ocr_carea' id='block_1_62' title="bbox 2199 2207 3790 2280">
    <p class='ocr_par' dir='ltr' id='par_1_62' title="bbox 2199 2207 3790 2280">
     <span class='ocr_line' id='line_1_62' title="bbox 2199 2207 3790 2280; baseline 0.002 -19"><span class='ocrx_word' id='word_1_437' title='bbox 2199 2208 2492 2274; x_wconf 78' lang='lat' dir='ltr'><strong>securitas,</strong></span> <span class='ocrx_word' id='word_1_438' title='bbox 2516 2209 2795 2278; x_wconf 90' lang='lat' dir='ltr'><strong>lapsorum</strong></span> <span class='ocrx_word' id='word_1_439' title='bbox 2823 2207 3116 2275; x_wconf 88' lang='lat' dir='ltr'><strong>restitutio,</strong></span> <span class='ocrx_word' id='word_1_440' title='bbox 3147 2217 3373 2264; x_wconf 88' lang='lat' dir='ltr'><strong>strenue</strong></span> <span class='ocrx_word' id='word_1_441' title='bbox 3399 2209 3678 2280; x_wconf 86' lang='lat' dir='ltr'><strong>agentium</strong></span> <span class='ocrx_word' id='word_1_442' title='bbox 3707 2226 3790 2265; x_wconf 81' lang='lat' dir='ltr'><strong>ar-</strong></span> 
     </span>
    </p>
   </div>
   <div class='ocr_carea' id='block_1_63' title="bbox 2198 2297 3788 2370">
    <p class='ocr_par' dir='ltr' id='par_1_63' title="bbox 2198 2297 3788 2370">
     <span class='ocr_line' id='line_1_63' title="bbox 2198 2297 3788 2370; baseline 0.002 -16"><span class='ocrx_word' id='word_1_443' title='bbox 2198 2301 2333 2355; x_wconf 91' lang='lat' dir='ltr'><strong>dens</strong></span> <span class='ocrx_word' id='word_1_444' title='bbox 2376 2299 2641 2366; x_wconf 91' lang='lat' dir='ltr'><strong>studium,</strong></span> <span class='ocrx_word' id='word_1_445' title='bbox 2676 2300 3010 2370; x_wconf 90' lang='lat' dir='ltr'><strong>torpentium</strong></span> <span class='ocrx_word' id='word_1_446' title='bbox 3060 2301 3500 2366; x_wconf 90' lang='lat' dir='ltr'><strong>incitamentum,</strong></span> <span class='ocrx_word' id='word_1_447' title='bbox 3529 2297 3667 2356; x_wconf 87' lang='lat' dir='ltr'><strong>bene</strong></span> <span class='ocrx_word' id='word_1_448' title='bbox 3694 2318 3788 2357; x_wconf 87' lang='lat' dir='ltr'><strong>va-</strong></span> 
     </span>
    </p>
   </div>
   <div class='ocr_carea' id='block_1_64' title="bbox 2198 2392 3786 2464">
    <p class='ocr_par' dir='ltr' id='par_1_64' title="bbox 2198 2392 3786 2464">
     <span class='ocr_line' id='line_1_64' title="bbox 2198 2392 3786 2464; baseline 0.003 -18"><span class='ocrx_word' id='word_1_449' title='bbox 2198 2392 2425 2447; x_wconf 92' lang='lat' dir='ltr'><strong>lentium</strong></span> <span class='ocrx_word' id='word_1_450' title='bbox 2463 2393 2716 2458; x_wconf 80' lang='lat' dir='ltr'><strong>firmitas,</strong></span> <span class='ocrx_word' id='word_1_451' title='bbox 2740 2394 3120 2464; x_wconf 76' lang='lat' dir='ltr'><strong>:egrotantium</strong></span> <span class='ocrx_word' id='word_1_452' title='bbox 3152 2396 3327 2450; x_wconf 88' lang='lat' dir='ltr'><strong>salus.</strong></span> <span class='ocrx_word' id='word_1_453' title='bbox 3357 2394 3493 2463; x_wconf 81' lang='lat' dir='ltr'><strong>Ave,</strong></span> <span class='ocrx_word' id='word_1_454' title='bbox 3519 2395 3786 2451; x_wconf 85' lang='lat' dir='ltr'><strong>virtutum</strong></span> 
     </span>
    </p>
   </div>
   <div class='ocr_carea' id='block_1_65' title="bbox 2197 2485 3789 2556">
    <p class='ocr_par' dir='ltr' id='par_1_65' title="bbox 2197 2485 3789 2556">
     <span class='ocr_line' id='line_1_65' title="bbox 2197 2485 3789 2556; baseline 0.001 -16"><span class='ocrx_word' id='word_1_455' title='bbox 2197 2486 2447 2540; x_wconf 88' lang='lat' dir='ltr'><strong>scatebra</strong></span> <span class='ocrx_word' id='word_1_456' title='bbox 2497 2485 2661 2540; x_wconf 91' lang='lat' dir='ltr'><strong>simul</strong></span> <span class='ocrx_word' id='word_1_457' title='bbox 2707 2494 2762 2541; x_wconf 92' lang='lat' dir='ltr'><strong>et</strong></span> <span class='ocrx_word' id='word_1_458' title='bbox 2791 2485 3008 2549; x_wconf 88' lang='lat' dir='ltr'><strong>semita,</strong></span> <span class='ocrx_word' id='word_1_459' title='bbox 3041 2486 3376 2556; x_wconf 88' lang='lat' dir='ltr'><strong>virginitatis</strong></span> <span class='ocrx_word' id='word_1_460' title='bbox 3409 2487 3510 2543; x_wconf 88' lang='lat' dir='ltr'><strong>llos</strong></span> <span class='ocrx_word' id='word_1_461' title='bbox 3541 2488 3705 2544; x_wconf 90' lang='lat' dir='ltr'><strong>simul</strong></span> <span class='ocrx_word' id='word_1_462' title='bbox 3733 2497 3789 2544; x_wconf 90' lang='lat' dir='ltr'><strong>et</strong></span> 
     </span>
    </p>
   </div>
   <div class='ocr_carea' id='block_1_66' title="bbox 2199 2577 3786 2652">
    <p class='ocr_par' dir='ltr' id='par_1_66' title="bbox 2199 2577 3786 2652">
     <span class='ocr_line' id='line_1_66' title="bbox 2199 2577 3786 2652; baseline 0.002 -20"><span class='ocrx_word' id='word_1_463' title='bbox 2199 2577 2376 2642; x_wconf 76' lang='lat' dir='ltr'><strong>radix,</strong></span> <span class='ocrx_word' id='word_1_464' title='bbox 2408 2577 2538 2632; x_wconf 88' lang='lat' dir='ltr'><strong>illud</strong></span> <span class='ocrx_word' id='word_1_465' title='bbox 2573 2578 2795 2649; x_wconf 85' lang='lat' dir='ltr'><strong>quidem</strong></span> <span class='ocrx_word' id='word_1_466' title='bbox 2848 2593 2948 2649; x_wconf 91' lang='lat' dir='ltr'><strong>pro</strong></span> <span class='ocrx_word' id='word_1_467' title='bbox 3000 2593 3067 2634; x_wconf 90' lang='lat' dir='ltr'><strong>eo</strong></span> <span class='ocrx_word' id='word_1_468' title='bbox 3107 2579 3258 2649; x_wconf 89' lang='lat' dir='ltr'><strong>quod</strong></span> <span class='ocrx_word' id='word_1_469' title='bbox 3297 2581 3415 2651; x_wconf 90' lang='lat' dir='ltr'><strong>ipsa</strong></span> <span class='ocrx_word' id='word_1_470' title='bbox 3456 2583 3786 2652; x_wconf 87' lang='lat' dir='ltr'><strong>apparuisti,</strong></span> 
     </span>
    </p>
   </div>
   <div class='ocr_carea' id='block_1_67' title="bbox 2198 2669 3789 2744">
    <p class='ocr_par' dir='ltr' id='par_1_67' title="bbox 2198 2669 3789 2744">
     <span class='ocr_line' id='line_1_67' title="bbox 2198 2669 3789 2744; baseline 0.005 -22"><span class='ocrx_word' id='word_1_471' title='bbox 2198 2669 2341 2724; x_wconf 88' lang='lat' dir='ltr'><strong>istud</strong></span> <span class='ocrx_word' id='word_1_472' title='bbox 2377 2685 2506 2725; x_wconf 88' lang='lat' dir='ltr'><strong>vero</strong></span> <span class='ocrx_word' id='word_1_473' title='bbox 2556 2684 2655 2740; x_wconf 90' lang='lat' dir='ltr'><strong>pro</strong></span> <span class='ocrx_word' id='word_1_474' title='bbox 2687 2685 2755 2726; x_wconf 91' lang='lat' dir='ltr'><strong>eo</strong></span> <span class='ocrx_word' id='word_1_475' title='bbox 2800 2669 2948 2740; x_wconf 88' lang='lat' dir='ltr'><strong>quod</strong></span> <span class='ocrx_word' id='word_1_476' title='bbox 3003 2670 3062 2726; x_wconf 90' lang='lat' dir='ltr'><strong>in</strong></span> <span class='ocrx_word' id='word_1_477' title='bbox 3096 2670 3275 2726; x_wconf 89' lang='lat' dir='ltr'><strong>lucem</strong></span> <span class='ocrx_word' id='word_1_478' title='bbox 3321 2671 3576 2740; x_wconf 91' lang='lat' dir='ltr'><strong>edidisti;</strong></span> <span class='ocrx_word' id='word_1_479' title='bbox 3609 2690 3789 2744; x_wconf 88' lang='lat' dir='ltr'><strong>quan-</strong></span> 
     </span>
    </p>
   </div>
   <div class='ocr_carea' id='block_1_68' title="bbox 2197 2763 3786 2835">
    <p class='ocr_par' dir='ltr' id='par_1_68' title="bbox 2197 2763 3786 2835">
     <span class='ocr_line' id='line_1_68' title="bbox 2197 2763 3786 2835; baseline 0.004 -19"><span class='ocrx_word' id='word_1_480' title='bbox 2197 2778 2361 2834; x_wconf 88' lang='lat' dir='ltr'><strong>quam</strong></span> <span class='ocrx_word' id='word_1_481' title='bbox 2395 2779 2541 2818; x_wconf 93' lang='lat' dir='ltr'><strong>nunc</strong></span> <span class='ocrx_word' id='word_1_482' title='bbox 2578 2763 2743 2819; x_wconf 91' lang='lat' dir='ltr'><strong>etiam</strong></span> <span class='ocrx_word' id='word_1_483' title='bbox 2769 2772 2995 2835; x_wconf 88' lang='lat' dir='ltr'><strong>propter</strong></span> <span class='ocrx_word' id='word_1_484' title='bbox 3023 2773 3076 2820; x_wconf 93' lang='lat' dir='ltr'><strong>te</strong></span> <span class='ocrx_word' id='word_1_485' title='bbox 3129 2771 3185 2820; x_wconf 85' lang='lat' dir='ltr'><strong>et</strong></span> <span class='ocrx_word' id='word_1_486' title='bbox 3223 2779 3322 2835; x_wconf 89' lang='lat' dir='ltr'><strong>per</strong></span> <span class='ocrx_word' id='word_1_487' title='bbox 3369 2774 3423 2822; x_wconf 91' lang='lat' dir='ltr'><strong>te</strong></span> <span class='ocrx_word' id='word_1_488' title='bbox 3468 2765 3786 2835; x_wconf 89' lang='lat' dir='ltr'><strong>hujusmodi</strong></span> 
     </span>
    </p>
   </div>
   <div class='ocr_carea' id='block_1_69' title="bbox 2196 2855 3789 2926">
    <p class='ocr_par' dir='ltr' id='par_1_69' title="bbox 2196 2855 3789 2926">
     <span class='ocr_line' id='line_1_69' title="bbox 2196 2855 3789 2926; baseline 0.005 -18"><span class='ocrx_word' id='word_1_489' title='bbox 2196 2857 2395 2924; x_wconf 70' lang='lat' dir='ltr'><strong>planta:</strong></span> <span class='ocrx_word' id='word_1_490' title='bbox 2422 2856 2624 2926; x_wconf 87' lang='lat' dir='ltr'><strong>ubique</strong></span> <span class='ocrx_word' id='word_1_491' title='bbox 2655 2855 2940 2914; x_wconf 81' lang='lat' dir='ltr'><strong>frondibus</strong></span> <span class='ocrx_word' id='word_1_492' title='bbox 2970 2857 3284 2913; x_wconf 87' lang='lat' dir='ltr'><strong>virescunt:</strong></span> <span class='ocrx_word' id='word_1_493' title='bbox 3312 2867 3622 2914; x_wconf 87' lang='lat' dir='ltr'><strong>ascetarutn</strong></span> <span class='ocrx_word' id='word_1_494' title='bbox 3661 2861 3789 2916; x_wconf 87' lang='lat' dir='ltr'><strong>abs-</strong></span> 
     </span>
    </p>
   </div>
   <div class='ocr_carea' id='block_1_70' title="bbox 2171 2948 3787 3020">
    <p class='ocr_par' dir='ltr' id='par_1_70' title="bbox 2171 2948 3787 3020">
     <span class='ocr_line' id='line_1_70' title="bbox 2171 2948 3787 3020; baseline 0.003 -18"><span class='ocrx_word' id='word_1_495' title='bbox 2171 2948 2456 3016; x_wconf 67' lang='lat' dir='ltr'><strong>tinentia,</strong></span> <span class='ocrx_word' id='word_1_496' title='bbox 2509 2949 2836 3005; x_wconf 83' lang='lat' dir='ltr'><strong>certantium</strong></span> <span class='ocrx_word' id='word_1_497' title='bbox 2872 2950 3073 3016; x_wconf 90' lang='lat' dir='ltr'><strong>robur,</strong></span> <span class='ocrx_word' id='word_1_498' title='bbox 3109 2950 3341 3006; x_wconf 88' lang='lat' dir='ltr'><strong>divitum</strong></span> <span class='ocrx_word' id='word_1_499' title='bbox 3379 2952 3787 3020; x_wconf 83' lang='lat' dir='ltr'><strong>misericordia,</strong></span> 
     </span>
    </p>
   </div>
   <div class='ocr_carea' id='block_1_71' title="bbox 2195 3040 3793 3113">
    <p class='ocr_par' dir='ltr' id='par_1_71' title="bbox 2195 3040 3793 3113">
     <span class='ocr_line' id='line_1_71' title="bbox 2195 3040 3793 3113; baseline 0.003 -19"><span class='ocrx_word' id='word_1_500' title='bbox 2195 3055 2496 3111; x_wconf 90' lang='lat' dir='ltr'><strong>pauperum</strong></span> <span class='ocrx_word' id='word_1_501' title='bbox 2534 3040 2818 3112; x_wconf 86' lang='lat' dir='ltr'><strong>patientia,</strong></span> <span class='ocrx_word' id='word_1_502' title='bbox 2851 3041 3138 3113; x_wconf 88' lang='lat' dir='ltr'><strong>grandium</strong></span> <span class='ocrx_word' id='word_1_503' title='bbox 3174 3040 3483 3111; x_wconf 89' lang='lat' dir='ltr'><strong>humilitas,</strong></span> <span class='ocrx_word' id='word_1_504' title='bbox 3516 3051 3571 3099; x_wconf 87' lang='lat' dir='ltr'><strong>et</strong></span> <span class='ocrx_word' id='word_1_505' title='bbox 3603 3043 3793 3100; x_wconf 83' lang='lat' dir='ltr'><strong>humi-</strong></span> 
     </span>
    </p>
   </div>
   <div class='ocr_carea' id='block_1_72' title="bbox 2195 3133 3787 3208">
    <p class='ocr_par' dir='ltr' id='par_1_72' title="bbox 2195 3133 3787 3208">
     <span class='ocr_line' id='line_1_72' title="bbox 2195 3133 3787 3208; baseline 0.003 -21"><span class='ocrx_word' id='word_1_506' title='bbox 2195 3133 2330 3188; x_wconf 88' lang='lat' dir='ltr'><strong>lium</strong></span> <span class='ocrx_word' id='word_1_507' title='bbox 2362 3134 2813 3204; x_wconf 86' lang='lat' dir='ltr'><strong>magnanimitas,</strong></span> <span class='ocrx_word' id='word_1_508' title='bbox 2836 3135 3192 3191; x_wconf 71' lang='lat' dir='ltr'><strong>moerentium</strong></span> <span class='ocrx_word' id='word_1_509' title='bbox 3224 3135 3495 3202; x_wconf 87' lang='lat' dir='ltr'><strong>solamen,</strong></span> <span class='ocrx_word' id='word_1_510' title='bbox 3519 3144 3575 3192; x_wconf 89' lang='lat' dir='ltr'><strong>et</strong></span> <span class='ocrx_word' id='word_1_511' title='bbox 3609 3136 3787 3208; x_wconf 61' lang='lat' dir='ltr'><strong>tripuo</strong></span> 
     </span>
    </p>
   </div>
   <div class='ocr_carea' id='block_1_73' title="bbox 2194 3226 3785 3298">
    <p class='ocr_par' dir='ltr' id='par_1_73' title="bbox 2194 3226 3785 3298">
     <span class='ocr_line' id='line_1_73' title="bbox 2194 3226 3785 3298; baseline 0.001 -16"><span class='ocrx_word' id='word_1_512' title='bbox 2194 3226 2462 3282; x_wconf 86' lang='lat' dir='ltr'><strong>diantium</strong></span> <span class='ocrx_word' id='word_1_513' title='bbox 2491 3228 2887 3298; x_wconf 87' lang='lat' dir='ltr'><strong>temperantia;</strong></span> <span class='ocrx_word' id='word_1_514' title='bbox 2917 3229 3209 3298; x_wconf 89' lang='lat' dir='ltr'><strong>utriusque</strong></span> <span class='ocrx_word' id='word_1_515' title='bbox 3243 3228 3389 3284; x_wconf 89' lang='lat' dir='ltr'><strong>enim</strong></span> <span class='ocrx_word' id='word_1_516' title='bbox 3419 3227 3640 3284; x_wconf 84' lang='lat' dir='ltr'><strong>virtutis</strong></span> <span class='ocrx_word' id='word_1_517' title='bbox 3673 3244 3785 3285; x_wconf 89' lang='lat' dir='ltr'><strong>non</strong></span> 
     </span>
    </p>
   </div>
   <div class='ocr_carea' id='block_1_74' title="bbox 2194 3317 3786 3388">
    <p class='ocr_par' dir='ltr' id='par_1_74' title="bbox 2194 3317 3786 3388">
     <span class='ocr_line' id='line_1_74' title="bbox 2194 3317 3786 3388; baseline 0.003 -17"><span class='ocrx_word' id='word_1_518' title='bbox 2194 3317 2452 3388; x_wconf 88' lang='lat' dir='ltr'><strong>magistra</strong></span> <span class='ocrx_word' id='word_1_519' title='bbox 2492 3318 2678 3383; x_wconf 89' lang='lat' dir='ltr'><strong>modo,</strong></span> <span class='ocrx_word' id='word_1_520' title='bbox 2713 3318 2809 3374; x_wconf 90' lang='lat' dir='ltr'><strong>sed</strong></span> <span class='ocrx_word' id='word_1_521' title='bbox 2835 3326 2890 3373; x_wconf 92' lang='lat' dir='ltr'><strong>et</strong></span> <span class='ocrx_word' id='word_1_522' title='bbox 2922 3319 3234 3387; x_wconf 84' lang='lat' dir='ltr'><strong>exemplum</strong></span> <span class='ocrx_word' id='word_1_523' title='bbox 3277 3319 3523 3384; x_wconf 86' lang='lat' dir='ltr'><strong>exsistis,</strong></span> <span class='ocrx_word' id='word_1_524' title='bbox 3552 3319 3786 3376; x_wconf 84' lang='lat' dir='ltr'><strong>alterius</strong></span> 
     </span>
    </p>
   </div>
   <div class='ocr_carea' id='block_1_75' title="bbox 2116 3408 3786 3492">
    <p class='ocr_par' dir='ltr' id='par_1_75' title="bbox 2116 3408 3786 3492">
     <span class='ocr_line' id='line_1_75' title="bbox 2116 3408 3786 3492; baseline 0.002 -30"><span class='ocrx_word' id='word_1_525' title='bbox 2116 3430 2161 3492; x_wconf 70' lang='grc' dir='ltr'><strong>ρ</strong></span> <span class='ocrx_word' id='word_1_526' title='bbox 2196 3409 2417 3478; x_wconf 88' lang='lat' dir='ltr'><strong>quidem</strong></span> <span class='ocrx_word' id='word_1_527' title='bbox 2463 3408 2684 3479; x_wconf 83' lang='lat' dir='ltr'><strong>quando</strong></span> <span class='ocrx_word' id='word_1_528' title='bbox 2728 3417 2876 3463; x_wconf 89' lang='lat' dir='ltr'><strong>tuam</strong></span> <span class='ocrx_word' id='word_1_529' title='bbox 2914 3409 3088 3476; x_wconf 87' lang='lat' dir='ltr'><strong>ipsius</strong></span> <span class='ocrx_word' id='word_1_530' title='bbox 3131 3408 3369 3462; x_wconf 88' lang='lat' dir='ltr'><strong>animam</strong></span> <span class='ocrx_word' id='word_1_531' title='bbox 3422 3409 3630 3465; x_wconf 90' lang='lat' dir='ltr'><strong>doloris</strong></span> <span class='ocrx_word' id='word_1_532' title='bbox 3665 3411 3786 3482; x_wconf 90' lang='lat' dir='ltr'><strong>gla-</strong></span> 
     </span>
    </p>
   </div>
   <div class='ocr_carea' id='block_1_76' title="bbox 2194 3501 3784 3574">
    <p class='ocr_par' dir='ltr' id='par_1_76' title="bbox 2194 3501 3784 3574">
     <span class='ocr_line' id='line_1_76' title="bbox 2194 3501 3784 3574; baseline 0.003 -16"><span class='ocrx_word' id='word_1_533' title='bbox 2194 3502 2321 3558; x_wconf 86' lang='lat' dir='ltr'><strong>dius</strong></span> <span class='ocrx_word' id='word_1_534' title='bbox 2378 3501 3082 3572; x_wconf 73' lang='lat' dir='ltr'><strong>pertransivit“,alterins</strong></span> <span class='ocrx_word' id='word_1_535' title='bbox 3136 3519 3267 3559; x_wconf 81' lang='lat' dir='ltr'><strong>vero</strong></span> <span class='ocrx_word' id='word_1_536' title='bbox 3320 3505 3541 3574; x_wconf 89' lang='lat' dir='ltr'><strong>quando</strong></span> <span class='ocrx_word' id='word_1_537' title='bbox 3593 3520 3784 3563; x_wconf 84' lang='lat' dir='ltr'><strong>vocem</strong></span> 
     </span>
    </p>
   </div>
   <div class='ocr_carea' id='block_1_77' title="bbox 2193 3595 3467 3667">
    <p class='ocr_par' dir='ltr' id='par_1_77' title="bbox 2193 3595 3467 3667">
     <span class='ocr_line' id='line_1_77' title="bbox 2193 3595 3467 3667; baseline 0.002 -17"><span class='ocrx_word' id='word_1_538' title='bbox 2193 3595 2343 3650; x_wconf 85' lang='lat' dir='ltr'><strong>illam</strong></span> <span class='ocrx_word' id='word_1_539' title='bbox 2378 3595 2564 3652; x_wconf 80' lang='lat' dir='ltr'><strong>laetitia</strong></span> <span class='ocrx_word' id='word_1_540' title='bbox 2592 3596 2806 3666; x_wconf 89' lang='lat' dir='ltr'><strong>plenam</strong></span> <span class='ocrx_word' id='word_1_541' title='bbox 2843 3612 3026 3652; x_wconf 86' lang='lat' dir='ltr'><strong>sermo</strong></span> <span class='ocrx_word' id='word_1_542' title='bbox 3053 3606 3180 3652; x_wconf 92' lang='lat' dir='ltr'><strong>tuus</strong></span> <span class='ocrx_word' id='word_1_543' title='bbox 3220 3597 3467 3667; x_wconf 89' lang='lat' dir='ltr'><strong>protulit.</strong></span> 
     </span>
    </p>
   </div>
   <div class='ocr_carea' id='block_1_78' title="bbox 2268 3688 3784 3765">
    <p class='ocr_par' dir='ltr' id='par_1_78' title="bbox 2268 3688 3784 3765">
     <span class='ocr_line' id='line_1_78' title="bbox 2268 3688 3784 3765; baseline 0.003 -22"><span class='ocrx_word' id='word_1_544' title='bbox 2268 3688 2513 3745; x_wconf 85' lang='lat' dir='ltr'>XXXIX.</span> <span class='ocrx_word' id='word_1_545' title='bbox 2543 3690 2678 3756; x_wconf 85' lang='lat' dir='ltr'><strong>Ave,</strong></span> <span class='ocrx_word' id='word_1_546' title='bbox 2703 3689 3014 3746; x_wconf 75' lang='lat' dir='ltr'><strong>divinarum</strong></span> <span class='ocrx_word' id='word_1_547' title='bbox 3038 3690 3207 3761; x_wconf 87' lang='lat' dir='ltr'><strong>gratia</strong></span> <span class='ocrx_word' id='word_1_548' title='bbox 3219 3707 3338 3745; x_wconf 91' lang='lat' dir='ltr'><strong>rum</strong></span> <span class='ocrx_word' id='word_1_549' title='bbox 3363 3691 3581 3758; x_wconf 86' lang='lat' dir='ltr'><strong>domus,</strong></span> <span class='ocrx_word' id='word_1_550' title='bbox 3599 3691 3784 3765; x_wconf 85' lang='lat' dir='ltr'><strong>regius</strong></span> 
     </span>
    </p>
   </div>
   <div class='ocr_carea' id='block_1_79' title="bbox 2195 3779 3785 3854">
    <p class='ocr_par' dir='ltr' id='par_1_79' title="bbox 2195 3779 3785 3854">
     <span class='ocr_line' id='line_1_79' title="bbox 2195 3779 3785 3854; baseline 0.003 -18"><span class='ocrx_word' id='word_1_551' title='bbox 2195 3779 2482 3838; x_wconf 87' lang='lat' dir='ltr'><strong>Trinitatis</strong></span> <span class='ocrx_word' id='word_1_552' title='bbox 2510 3782 2806 3849; x_wconf 87' lang='lat' dir='ltr'><strong>thalamus,</strong></span> <span class='ocrx_word' id='word_1_553' title='bbox 2836 3784 2889 3838; x_wconf 86' lang='lat' dir='ltr'><strong>in</strong></span> <span class='ocrx_word' id='word_1_554' title='bbox 2919 3798 3030 3854; x_wconf 93' lang='lat' dir='ltr'><strong>quo</strong></span> <span class='ocrx_word' id='word_1_555' title='bbox 3070 3784 3338 3839; x_wconf 91' lang='lat' dir='ltr'><strong>reconditi</strong></span> <span class='ocrx_word' id='word_1_556' title='bbox 3369 3795 3497 3840; x_wconf 90' lang='lat' dir='ltr'><strong>sunt</strong></span> <span class='ocrx_word' id='word_1_557' title='bbox 3535 3787 3785 3841; x_wconf 90' lang='lat' dir='ltr'><strong>omnium</strong></span> 
     </span>
    </p>
   </div>
   <div class='ocr_carea' id='block_1_80' title="bbox 2193 3875 3785 3946">
    <p class='ocr_par' dir='ltr' id='par_1_80' title="bbox 2193 3875 3785 3946">
     <span class='ocr_line' id='line_1_80' title="bbox 2193 3875 3785 3946; baseline 0 -14"><span class='ocrx_word' id='word_1_558' title='bbox 2193 3875 2464 3932; x_wconf 86' lang='lat' dir='ltr'><strong>bonorum</strong></span> <span class='ocrx_word' id='word_1_559' title='bbox 2495 3876 2766 3944; x_wconf 86' lang='lat' dir='ltr'><strong>thesauri,</strong></span> <span class='ocrx_word' id='word_1_560' title='bbox 2793 3875 2998 3932; x_wconf 78' lang='lat' dir='ltr'><strong>divitia:</strong></span> <span class='ocrx_word' id='word_1_561' title='bbox 3049 3875 3357 3946; x_wconf 79' lang='lat' dir='ltr'><strong>sapientiae,</strong></span> <span class='ocrx_word' id='word_1_562' title='bbox 3385 3878 3602 3933; x_wconf 81' lang='lat' dir='ltr'><strong>virtutis</strong></span> <span class='ocrx_word' id='word_1_563' title='bbox 3647 3880 3785 3933; x_wconf 82' lang='lat' dir='ltr'><strong>emi-</strong></span> 
     </span>
    </p>
   </div>
   <div class='ocr_carea' id='block_1_81' title="bbox 2194 3967 3782 4034">
    <p class='ocr_par' dir='ltr' id='par_1_81' title="bbox 2194 3967 3782 4034">
     <span class='ocr_line' id='line_1_81' title="bbox 2194 3967 3782 4034; baseline 0.002 -13"><span class='ocrx_word' id='word_1_564' title='bbox 2194 3967 2404 4034; x_wconf 90' lang='lat' dir='ltr'><strong>nentia,</strong></span> <span class='ocrx_word' id='word_1_565' title='bbox 2457 3968 2788 4032; x_wconf 88' lang='lat' dir='ltr'><strong>consilium,</strong></span> <span class='ocrx_word' id='word_1_566' title='bbox 2853 3967 3196 4033; x_wconf 88' lang='lat' dir='ltr'><strong>intellectus,</strong></span> <span class='ocrx_word' id='word_1_567' title='bbox 3245 3969 3388 4024; x_wconf 90' lang='lat' dir='ltr'><strong>dona</strong></span> <span class='ocrx_word' id='word_1_568' title='bbox 3441 3985 3782 4034; x_wconf 89' lang='lat' dir='ltr'><strong>sermonum,</strong></span> 
     </span>
    </p>
   </div>
   <div class='ocr_carea' id='block_1_82' title="bbox 2195 4059 3781 4130">
    <p class='ocr_par' dir='ltr' id='par_1_82' title="bbox 2195 4059 3781 4130">
     <span class='ocr_line' id='line_1_82' title="bbox 2195 4059 3781 4130; baseline 0.001 -15"><span class='ocrx_word' id='word_1_569' title='bbox 2195 4068 2538 4128; x_wconf 85' lang='lat' dir='ltr'><strong>sceptrorum</strong></span> <span class='ocrx_word' id='word_1_570' title='bbox 2570 4059 2896 4125; x_wconf 89' lang='lat' dir='ltr'><strong>dominatio,</strong></span> <span class='ocrx_word' id='word_1_571' title='bbox 2928 4075 3094 4130; x_wconf 89' lang='lat' dir='ltr'><strong>opum</strong></span> <span class='ocrx_word' id='word_1_572' title='bbox 3120 4060 3480 4130; x_wconf 85' lang='lat' dir='ltr'><strong>dispensatio,</strong></span> <span class='ocrx_word' id='word_1_573' title='bbox 3505 4062 3781 4116; x_wconf 88' lang='lat' dir='ltr'><strong>honorum</strong></span> 
     </span>
    </p>
   </div>
   <div class='ocr_carea' id='block_1_83' title="bbox 2191 4150 3784 4221">
    <p class='ocr_par' dir='ltr' id='par_1_83' title="bbox 2191 4150 3784 4221">
     <span class='ocr_line' id='line_1_83' title="bbox 2191 4150 3784 4221; baseline 0.003 -16"><span class='ocrx_word' id='word_1_574' title='bbox 2191 4151 2524 4216; x_wconf 84' lang='lat' dir='ltr'><strong>sublimitas,</strong></span> <span class='ocrx_word' id='word_1_575' title='bbox 2561 4150 2793 4206; x_wconf 87' lang='lat' dir='ltr'><strong>scientia</strong></span> <span class='ocrx_word' id='word_1_576' title='bbox 2828 4150 3140 4221; x_wconf 86' lang='lat' dir='ltr'><strong>omnigena,</strong></span> <span class='ocrx_word' id='word_1_577' title='bbox 3173 4152 3351 4208; x_wconf 81' lang='lat' dir='ltr'><strong>felicia</strong></span> <span class='ocrx_word' id='word_1_578' title='bbox 3386 4154 3681 4220; x_wconf 88' lang='lat' dir='ltr'><strong>connubia,</strong></span> <span class='ocrx_word' id='word_1_579' title='bbox 3716 4169 3784 4210; x_wconf 88' lang='lat' dir='ltr'><strong>ac</strong></span> 
     </span>
    </p>
   </div>
   <div class='ocr_carea' id='block_1_84' title="bbox 2192 4234 3857 4314">
    <p class='ocr_par' dir='ltr' id='par_1_84' title="bbox 2192 4234 3857 4314">
     <span class='ocr_line' id='line_1_84' title="bbox 2192 4234 3857 4314; baseline 0.001 -14"><span class='ocrx_word' id='word_1_580' title='bbox 2192 4244 2311 4300; x_wconf 67' lang='lat' dir='ltr'><strong>lazta</strong></span> <span class='ocrx_word' id='word_1_581' title='bbox 2346 4245 2592 4311; x_wconf 88' lang='lat' dir='ltr'><strong>soboles,</strong></span> <span class='ocrx_word' id='word_1_582' title='bbox 2623 4244 2848 4300; x_wconf 86' lang='lat' dir='ltr'><strong>claritas</strong></span> <span class='ocrx_word' id='word_1_583' title='bbox 2894 4244 3067 4310; x_wconf 83' lang='lat' dir='ltr'><strong>vocis,</strong></span> <span class='ocrx_word' id='word_1_584' title='bbox 3102 4254 3231 4314; x_wconf 87' lang='lat' dir='ltr'><strong>apta</strong></span> <span class='ocrx_word' id='word_1_585' title='bbox 3257 4245 3630 4302; x_wconf 85' lang='lat' dir='ltr'><strong>membrorum</strong></span> <span class='ocrx_word' id='word_1_586' title='bbox 3662 4247 3782 4301; x_wconf 82' lang='lat' dir='ltr'><strong>dis-</strong></span> <span class='ocrx_word' id='word_1_587' title='bbox 3844 4234 3857 4288; x_wconf 81' lang='grc' dir='ltr'>ι’</span> 
     </span>
    </p>
   </div>
   <div class='ocr_carea' id='block_1_85' title="bbox 2190 4333 3780 4405">
    <p class='ocr_par' dir='ltr' id='par_1_85' title="bbox 2190 4333 3780 4405">
     <span class='ocr_line' id='line_1_85' title="bbox 2190 4333 3780 4405; baseline -0.003 -14"><span class='ocrx_word' id='word_1_588' title='bbox 2190 4335 2414 4405; x_wconf 90' lang='lat' dir='ltr'><strong>positio,</strong></span> <span class='ocrx_word' id='word_1_589' title='bbox 2436 4335 2668 4399; x_wconf 85' lang='lat' dir='ltr'><strong>sanitas,</strong></span> <span class='ocrx_word' id='word_1_590' title='bbox 2696 4333 3066 4404; x_wconf 90' lang='lat' dir='ltr'><strong>pulchritudo,</strong></span> <span class='ocrx_word' id='word_1_591' title='bbox 3092 4335 3260 4390; x_wconf 89' lang='lat' dir='ltr'><strong>robur</strong></span> <span class='ocrx_word' id='word_1_592' title='bbox 3286 4335 3484 4390; x_wconf 89' lang='lat' dir='ltr'><strong>virium</strong></span> <span class='ocrx_word' id='word_1_593' title='bbox 3508 4351 3522 4388; x_wconf 87' lang='lat'><strong>:</strong></span> <span class='ocrx_word' id='word_1_594' title='bbox 3557 4344 3612 4391; x_wconf 90' lang='lat' dir='ltr'><strong>et</strong></span> <span class='ocrx_word' id='word_1_595' title='bbox 3635 4351 3780 4405; x_wconf 80' lang='lat' dir='ltr'><strong>quo-</strong></span> 
     </span>
    </p>
   </div>
   <div class='ocr_carea' id='block_1_86' title="bbox 2188 4427 3779 4499">
    <p class='ocr_par' dir='ltr' id='par_1_86' title="bbox 2188 4427 3779 4499">
     <span class='ocr_line' id='line_1_86' title="bbox 2188 4427 3779 4499; baseline 0.001 -17"><span class='ocrx_word' id='word_1_596' title='bbox 2188 4429 2333 4483; x_wconf 86' lang='lat' dir='ltr'><strong>niam</strong></span> <span class='ocrx_word' id='word_1_597' title='bbox 2368 4429 2571 4484; x_wconf 91' lang='lat' dir='ltr'><strong>Ieviora</strong></span> <span class='ocrx_word' id='word_1_598' title='bbox 2606 4427 2710 4482; x_wconf 90' lang='lat' dir='ltr'><strong>ista</strong></span> <span class='ocrx_word' id='word_1_599' title='bbox 2735 4435 2788 4481; x_wconf 90' lang='lat' dir='ltr'><strong>et</strong></span> <span class='ocrx_word' id='word_1_600' title='bbox 2817 4440 2966 4482; x_wconf 90' lang='lat' dir='ltr'><strong>mere</strong></span> <span class='ocrx_word' id='word_1_601' title='bbox 2995 4427 3304 4496; x_wconf 90' lang='lat' dir='ltr'><strong>corporalia</strong></span> <span class='ocrx_word' id='word_1_602' title='bbox 3332 4427 3779 4499; x_wconf 60' lang='lat' dir='ltr'><strong>utpote&#39;minoris</strong></span> 
     </span>
    </p>
   </div>
   <div class='ocr_carea' id='block_1_87' title="bbox 2190 4518 3780 4589">
    <p class='ocr_par' dir='ltr' id='par_1_87' title="bbox 2190 4518 3780 4589">
     <span class='ocr_line' id='line_1_87' title="bbox 2190 4518 3780 4589; baseline 0.001 -15"><span class='ocrx_word' id='word_1_603' title='bbox 2190 4519 2448 4575; x_wconf 83' lang='lat' dir='ltr'><strong>momenti</strong></span> <span class='ocrx_word' id='word_1_604' title='bbox 2503 4518 2881 4589; x_wconf 86' lang='lat' dir='ltr'><strong>posthabenda</strong></span> <span class='ocrx_word' id='word_1_605' title='bbox 2927 4528 3078 4585; x_wconf 82' lang='lat' dir='ltr'><strong>sunt,</strong></span> <span class='ocrx_word' id='word_1_606' title='bbox 3101 4529 3158 4574; x_wconf 87' lang='lat' dir='ltr'><strong>et</strong></span> <span class='ocrx_word' id='word_1_607' title='bbox 3205 4533 3269 4574; x_wconf 90' lang='lat' dir='ltr'><strong>ea</strong></span> <span class='ocrx_word' id='word_1_608' title='bbox 3297 4535 3450 4585; x_wconf 89' lang='lat' dir='ltr'><strong>sane,</strong></span> <span class='ocrx_word' id='word_1_609' title='bbox 3480 4535 3601 4588; x_wconf 75' lang='lat' dir='ltr'><strong>qua:</strong></span> <span class='ocrx_word' id='word_1_610' title='bbox 3647 4531 3780 4576; x_wconf 90' lang='lat' dir='ltr'><strong>sunt</strong></span> 
     </span>
    </p>
   </div>
   <div class='ocr_carea' id='block_1_88' title="bbox 2188 4611 3778 4686">
    <p class='ocr_par' dir='ltr' id='par_1_88' title="bbox 2188 4611 3778 4686">
     <span class='ocr_line' id='line_1_88' title="bbox 2188 4611 3778 4686; baseline -0.001 -17"><span class='ocrx_word' id='word_1_611' title='bbox 2188 4615 2440 4686; x_wconf 83' lang='lat' dir='ltr'><strong>spiritus,</strong></span> <span class='ocrx_word' id='word_1_612' title='bbox 2459 4614 2710 4682; x_wconf 85' lang='lat' dir='ltr'><strong>adjiciam</strong></span> <span class='ocrx_word' id='word_1_613' title='bbox 2733 4631 2748 4680; x_wconf 93' lang='lat'><strong>;</strong></span> <span class='ocrx_word' id='word_1_614' title='bbox 2773 4611 3140 4674; x_wconf 86' lang='lat' dir='ltr'><strong>remediorum</strong></span> <span class='ocrx_word' id='word_1_615' title='bbox 3165 4611 3551 4682; x_wconf 84' lang='lat' dir='ltr'><strong>scaturigines,</strong></span> <span class='ocrx_word' id='word_1_616' title='bbox 3572 4611 3778 4668; x_wconf 89' lang='lat' dir='ltr'><strong>imbres</strong></span> 
     </span>
    </p>
   </div>
   <div class='ocr_carea' id='block_1_89' title="bbox 2189 4701 3777 4779">
    <p class='ocr_par' dir='ltr' id='par_1_89' title="bbox 2189 4701 3777 4779">
     <span class='ocr_line' id='line_1_89' title="bbox 2189 4701 3777 4779; baseline -0.002 -17"><span class='ocrx_word' id='word_1_617' title='bbox 2189 4709 2576 4779; x_wconf 85' lang='lat' dir='ltr'><strong>lacrymarum,</strong></span> <span class='ocrx_word' id='word_1_618' title='bbox 2609 4705 2826 4760; x_wconf 69' lang='lat' dir='ltr'><strong>mundae</strong></span> <span class='ocrx_word' id='word_1_619' title='bbox 2882 4717 3096 4774; x_wconf 88' lang='lat' dir='ltr'><strong>preces,</strong></span> <span class='ocrx_word' id='word_1_620' title='bbox 3138 4701 3426 4760; x_wconf 78' lang='lat' dir='ltr'><strong>familiaris</strong></span> <span class='ocrx_word' id='word_1_621' title='bbox 3485 4719 3610 4758; x_wconf 93' lang='lat' dir='ltr'><strong>cum</strong></span> <span class='ocrx_word' id='word_1_622' title='bbox 3665 4703 3777 4760; x_wconf 92' lang='lat' dir='ltr'><strong>Deo</strong></span> 
     </span>
    </p>
   </div>
   <div class='ocr_carea' id='block_1_90' title="bbox 489 4794 2111 4882">
    <p class='ocr_par' dir='ltr' id='par_1_90' title="bbox 489 4805 2111 4882">
     <span class='ocr_line' id='line_1_90' title="bbox 489 4805 2111 4882; baseline -0.004 -18"><span class='ocrx_word' id='word_1_623' title='bbox 489 4814 673 4882; x_wconf 79' lang='grc' dir='ltr'>χαῖρε,</span> <span class='ocrx_word' id='word_1_624' title='bbox 705 4809 976 4863; x_wconf 77' lang='grc' dir='ltr'>Δέσποινα</span> <span class='ocrx_word' id='word_1_625' title='bbox 1001 4808 1108 4862; x_wconf 89' lang='grc' dir='ltr'><strong>τῶν</strong></span> <span class='ocrx_word' id='word_1_626' title='bbox 1143 4807 1363 4876; x_wconf 88' lang='grc' dir='ltr'>ἀγαθῶν</span> <span class='ocrx_word' id='word_1_627' title='bbox 1390 4807 1673 4872; x_wconf 85' lang='grc' dir='ltr'>ἁπάντων,</span> <span class='ocrx_word' id='word_1_628' title='bbox 1706 4808 1800 4860; x_wconf 79' lang='grc' dir='ltr'>καὶ</span> <span class='ocrx_word' id='word_1_629' title='bbox 1829 4805 2080 4876; x_wconf 76' lang='grc' dir='ltr'>ἀμφοτέ-</span> <span class='ocrx_word' id='word_1_630' title='bbox 2110 4833 2111 4850; x_wconf 63' lang='grc' dir='ltr'>ι</span> 
     </span>
    </p>
   </div>
   <div class='ocr_carea' id='block_1_91' title="bbox 2192 4794 3778 4882">
    <p class='ocr_par' dir='ltr' id='par_1_91' title="bbox 2192 4794 3778 4866">
     <span class='ocr_line' id='line_1_91' title="bbox 2192 4794 3778 4866; baseline -0.006 -9"><span class='ocrx_word' id='word_1_631' title='bbox 2192 4799 2549 4866; x_wconf 85' lang='lat' dir='ltr'><strong>consuetudo,</strong></span> <span class='ocrx_word' id='word_1_632' title='bbox 2573 4811 2857 4855; x_wconf 82' lang='lat' dir='ltr'><strong>sacrarum</strong></span> <span class='ocrx_word' id='word_1_633' title='bbox 2887 4795 3215 4851; x_wconf 87' lang='lat' dir='ltr'><strong>Litterarum</strong></span> <span class='ocrx_word' id='word_1_634' title='bbox 3239 4794 3491 4858; x_wconf 87' lang='lat' dir='ltr'><strong>scientia,</strong></span> <span class='ocrx_word' id='word_1_635' title='bbox 3515 4794 3778 4849; x_wconf 83' lang='lat' dir='ltr'><strong>doctrinae</strong></span> 
     </span>
    </p>
   </div>
   <div class='ocr_carea' id='block_1_92' title="bbox 497 4891 2080 4971">
    <p class='ocr_par' dir='ltr' id='par_1_92' title="bbox 497 4891 2080 4971">
     <span class='ocr_line' id='line_1_92' title="bbox 497 4891 2080 4971; baseline -0.003 -16"><span class='ocrx_word' id='word_1_636' title='bbox 497 4919 606 4971; x_wconf 86' lang='grc' dir='ltr'><strong>ρων</strong></span> <span class='ocrx_word' id='word_1_637' title='bbox 629 4901 944 4971; x_wconf 85' lang='grc' dir='ltr'>διακόσμων</span> <span class='ocrx_word' id='word_1_638' title='bbox 969 4901 1258 4966; x_wconf 84' lang='grc' dir='ltr'>Δέσποινα,</span> <span class='ocrx_word' id='word_1_639' title='bbox 1286 4901 1319 4970; x_wconf 85' lang='grc' dir='ltr'>ἡ</span> <span class='ocrx_word' id='word_1_640' title='bbox 1345 4899 1525 4954; x_wconf 85' lang='grc' dir='ltr'>πάντα</span> <span class='ocrx_word' id='word_1_641' title='bbox 1551 4899 1736 4965; x_wconf 83' lang='grc' dir='ltr'>πᾶσιν,</span> <span class='ocrx_word' id='word_1_642' title='bbox 1759 4891 1842 4962; x_wconf 76' lang='grc' dir='ltr'>οἷς</span> <span class='ocrx_word' id='word_1_643' title='bbox 1869 4899 1964 4950; x_wconf 75' lang='grc' dir='ltr'>καὶ</span> <span class='ocrx_word' id='word_1_644' title='bbox 1991 4896 2080 4951; x_wconf 79' lang='grc' dir='ltr'>ὅτε</span> 
     </span>
    </p>
   </div>
   <div class='ocr_carea' id='block_1_93' title="bbox 493 4989 1594 5064">
    <p class='ocr_par' dir='ltr' id='par_1_93' title="bbox 493 4989 1594 5064">
     <span class='ocr_line' id='line_1_93' title="bbox 493 4989 1594 5064; baseline -0.004 -17"><span class='ocrx_word' id='word_1_645' title='bbox 493 4995 591 5047; x_wconf 73' lang='grc' dir='ltr'><strong>καὶ</strong></span> <span class='ocrx_word' id='word_1_646' title='bbox 620 4995 718 5048; x_wconf 84' lang='grc' dir='ltr'>ὅσα</span> <span class='ocrx_word' id='word_1_647' title='bbox 751 4994 846 5048; x_wconf 77' lang='grc' dir='ltr'>καὶ</span> <span class='ocrx_word' id='word_1_648' title='bbox 876 4989 968 5047; x_wconf 80' lang='grc' dir='ltr'>οἶα</span> <span class='ocrx_word' id='word_1_649' title='bbox 997 4993 1194 5060; x_wconf 84' lang='grc' dir='ltr'>θέλεις,</span> <span class='ocrx_word' id='word_1_650' title='bbox 1222 4992 1594 5064; x_wconf 83' lang='grc' dir='ltr'>παρεχομένη.</span> 
     </span>
    </p>
   </div>
   <div class='ocr_carea' id='block_1_94' title="bbox 2188 4887 3778 4963">
    <p class='ocr_par' dir='ltr' id='par_1_94' title="bbox 2188 4887 3778 4963">
     <span class='ocr_line' id='line_1_94' title="bbox 2188 4887 3778 4963; baseline -0.004 -15"><span class='ocrx_word' id='word_1_651' title='bbox 2188 4893 2414 4958; x_wconf 72' lang='lat' dir='ltr'><strong>fluenta,</strong></span> <span class='ocrx_word' id='word_1_652' title='bbox 2448 4889 2836 4963; x_wconf 88' lang='lat' dir='ltr'><strong>prospicientia</strong></span> <span class='ocrx_word' id='word_1_653' title='bbox 2891 4899 2948 4946; x_wconf 88' lang='lat' dir='ltr'><strong>et</strong></span> <span class='ocrx_word' id='word_1_654' title='bbox 2990 4887 3400 4960; x_wconf 87' lang='lat' dir='ltr'><strong>perspicientia,</strong></span> <span class='ocrx_word' id='word_1_655' title='bbox 3434 4895 3490 4942; x_wconf 91' lang='lat' dir='ltr'><strong>et</strong></span> <span class='ocrx_word' id='word_1_656' title='bbox 3527 4887 3580 4941; x_wconf 90' lang='lat' dir='ltr'><strong>in</strong></span> <span class='ocrx_word' id='word_1_657' title='bbox 3613 4887 3778 4958; x_wconf 84' lang='lat' dir='ltr'><strong>spiri-</strong></span> 
     </span>
    </p>
   </div>
   <div class='ocr_carea' id='block_1_95' title="bbox 2187 4979 3776 5052">
    <p class='ocr_par' dir='ltr' id='par_1_95' title="bbox 2187 4979 3776 5052">
     <span class='ocr_line' id='line_1_95' title="bbox 2187 4979 3776 5052; baseline -0.005 -10"><span class='ocrx_word' id='word_1_658' title='bbox 2187 4983 2793 5042; x_wconf 84' lang='lat' dir='ltr'><strong>tibusinternoscendis</strong></span> <span class='ocrx_word' id='word_1_659' title='bbox 2818 4981 2974 5052; x_wconf 79' lang='lat' dir='ltr'><strong>juxta</strong></span> <span class='ocrx_word' id='word_1_660' title='bbox 2999 4995 3065 5036; x_wconf 86' lang='lat' dir='ltr'><strong>ac</strong></span> <span class='ocrx_word' id='word_1_661' title='bbox 3096 4980 3260 5036; x_wconf 89' lang='lat' dir='ltr'><strong>rebus</strong></span> <span class='ocrx_word' id='word_1_662' title='bbox 3285 4979 3538 5050; x_wconf 86' lang='lat' dir='ltr'><strong>gerendis</strong></span> <span class='ocrx_word' id='word_1_663' title='bbox 3568 4979 3776 5034; x_wconf 68' lang='lat' dir='ltr'><strong>discre-</strong></span> 
     </span>
    </p>
   </div>
   <div class='ocr_carea' id='block_1_96' title="bbox 495 5073 3772 5161">
    <p class='ocr_par' dir='ltr' id='par_1_96' title="bbox 495 5073 3772 5161">
     <span class='ocr_line' id='line_1_96' title="bbox 495 5073 3772 5161; baseline -0.006 -16"><span class='ocrx_word' id='word_1_664' title='bbox 495 5087 594 5158; x_wconf 78' lang='lat' dir='ltr'><strong>lio,</strong></span> <span class='ocrx_word' id='word_1_665' title='bbox 631 5100 685 5146; x_wconf 93' lang='lat' dir='ltr'><strong>et</strong></span> <span class='ocrx_word' id='word_1_666' title='bbox 733 5101 794 5148; x_wconf 90' lang='lat' dir='ltr'><strong>ut</strong></span> <span class='ocrx_word' id='word_1_667' title='bbox 843 5091 1035 5161; x_wconf 88' lang='lat' dir='ltr'><strong>paucis</strong></span> <span class='ocrx_word' id='word_1_668' title='bbox 1078 5089 1260 5144; x_wconf 91' lang='lat' dir='ltr'><strong>omnia</strong></span> <span class='ocrx_word' id='word_1_669' title='bbox 1305 5087 1651 5148; x_wconf 86' lang='lat' dir='ltr'><strong>contraham,</strong></span> <span class='ocrx_word' id='word_1_670' title='bbox 1712 5098 1834 5149; x_wconf 88' lang='lat' dir='ltr'><strong>ave,</strong></span> <span class='ocrx_word' id='word_1_671' title='bbox 1892 5081 2122 5138; x_wconf 90' lang='lat' dir='ltr'><strong>Domina</strong></span> <span class='ocrx_word' id='word_1_672' title='bbox 2157 5082 2429 5137; x_wconf 88' lang='lat' dir='ltr'><strong>bonorum</strong></span> <span class='ocrx_word' id='word_1_673' title='bbox 2495 5079 2764 5144; x_wconf 89' lang='lat' dir='ltr'><strong>omnium,</strong></span> <span class='ocrx_word' id='word_1_674' title='bbox 2794 5085 2852 5131; x_wconf 91' lang='lat' dir='ltr'><strong>et</strong></span> <span class='ocrx_word' id='word_1_675' title='bbox 2899 5075 3112 5133; x_wconf 89' lang='lat' dir='ltr'><strong>ordinis</strong></span> <span class='ocrx_word' id='word_1_676' title='bbox 3163 5075 3456 5146; x_wconf 89' lang='lat' dir='ltr'><strong>utriusque</strong></span> <span class='ocrx_word' id='word_1_677' title='bbox 3507 5073 3772 5130; x_wconf 64' lang='lat' dir='ltr'><strong>Domina.</strong></span> 
     </span>
    </p>
   </div>
   <div class='ocr_carea' id='block_1_97' title="bbox 487 5171 2758 5256">
    <p class='ocr_par' dir='ltr' id='par_1_97' title="bbox 487 5171 2758 5256">
     <span class='ocr_line' id='line_1_97' title="bbox 487 5171 2758 5256; baseline -0.007 -17"><span class='ocrx_word' id='word_1_678' title='bbox 487 5199 616 5256; x_wconf 78' lang='lat' dir='ltr'><strong>quae</strong></span> <span class='ocrx_word' id='word_1_679' title='bbox 643 5185 898 5242; x_wconf 86' lang='lat' dir='ltr'><strong>omnibus</strong></span> <span class='ocrx_word' id='word_1_680' title='bbox 925 5182 1135 5248; x_wconf 89' lang='lat' dir='ltr'><strong>omnia,</strong></span> <span class='ocrx_word' id='word_1_681' title='bbox 1167 5180 1369 5252; x_wconf 90' lang='lat' dir='ltr'><strong>quibus</strong></span> <span class='ocrx_word' id='word_1_682' title='bbox 1389 5189 1443 5235; x_wconf 89' lang='lat' dir='ltr'><strong>et</strong></span> <span class='ocrx_word' id='word_1_683' title='bbox 1467 5178 1689 5249; x_wconf 87' lang='lat' dir='ltr'><strong>quando</strong></span> <span class='ocrx_word' id='word_1_684' title='bbox 1709 5187 1765 5234; x_wconf 87' lang='lat' dir='ltr'><strong>et</strong></span> <span class='ocrx_word' id='word_1_685' title='bbox 1791 5183 1998 5247; x_wconf 86' lang='lat' dir='ltr'><strong>quanta</strong></span> <span class='ocrx_word' id='word_1_686' title='bbox 2019 5183 2074 5231; x_wconf 92' lang='lat' dir='ltr'><strong>et</strong></span> <span class='ocrx_word' id='word_1_687' title='bbox 2111 5173 2297 5246; x_wconf 88' lang='lat' dir='ltr'><strong>qualia</strong></span> <span class='ocrx_word' id='word_1_688' title='bbox 2317 5172 2422 5238; x_wconf 85' lang='lat' dir='ltr'><strong>vis,</strong></span> <span class='ocrx_word' id='word_1_689' title='bbox 2447 5171 2758 5242; x_wconf 86' lang='lat' dir='ltr'><strong>dispensas.</strong></span> 
     </span>
    </p>
   </div>
   <div class='ocr_carea' id='block_1_98' title="bbox 559 5318 2083 5395">
    <p class='ocr_par' dir='ltr' id='par_1_98' title="bbox 559 5318 2083 5395">
     <span class='ocr_line' id='line_1_98' title="bbox 559 5318 2083 5395; baseline -0.008 -11"><span class='ocrx_word' id='word_1_690' title='bbox 559 5327 653 5384; x_wconf 83' lang='lat' dir='ltr'><strong>M&#39;.</strong></span> <span class='ocrx_word' id='word_1_691' title='bbox 687 5326 874 5382; x_wconf 86' lang='grc' dir='ltr'>Ταῦτά</span> <span class='ocrx_word' id='word_1_692' title='bbox 913 5342 997 5380; x_wconf 86' lang='grc' dir='ltr'><strong>σοι</strong></span> <span class='ocrx_word' id='word_1_693' title='bbox 1031 5325 1060 5378; x_wconf 80' lang='grc' dir='ltr'><strong>ό</strong></span> <span class='ocrx_word' id='word_1_694' title='bbox 1091 5323 1287 5395; x_wconf 79' lang='grc' dir='ltr'>μικρὸς</span> <span class='ocrx_word' id='word_1_695' title='bbox 1319 5323 1430 5392; x_wconf 71' lang='grc' dir='ltr'><strong>ἐγὼ</strong></span> <span class='ocrx_word' id='word_1_696' title='bbox 1459 5321 1557 5375; x_wconf 73' lang='grc' dir='ltr'><strong>καὶ</strong></span> <span class='ocrx_word' id='word_1_697' title='bbox 1587 5321 1696 5385; x_wconf 85' lang='grc' dir='ltr'>πᾶς</span> <span class='ocrx_word' id='word_1_698' title='bbox 1723 5319 1844 5391; x_wconf 82' lang='grc' dir='ltr'>μὲν,</span> <span class='ocrx_word' id='word_1_699' title='bbox 1873 5318 1964 5373; x_wconf 79' lang='grc' dir='ltr'>διὰ</span> <span class='ocrx_word' id='word_1_700' title='bbox 1991 5318 2083 5372; x_wconf 76' lang='grc' dir='ltr'><strong>τὸν</strong></span> 
     </span>
    </p>
   </div>
   <div class='ocr_carea' id='block_1_99' title="bbox 482 5411 2076 5490">
    <p class='ocr_par' dir='ltr' id='par_1_99' title="bbox 482 5411 2076 5490">
     <span class='ocr_line' id='line_1_99' title="bbox 482 5411 2076 5490; baseline -0.007 -14"><span class='ocrx_word' id='word_1_701' title='bbox 482 5420 664 5489; x_wconf 86' lang='grc' dir='ltr'>Λόγον</span> <span class='ocrx_word' id='word_1_702' title='bbox 696 5421 792 5473; x_wconf 77' lang='grc' dir='ltr'><strong>καὶ</strong></span> <span class='ocrx_word' id='word_1_703' title='bbox 822 5419 924 5490; x_wconf 81' lang='grc' dir='ltr'>τὴν</span> <span class='ocrx_word' id='word_1_704' title='bbox 956 5417 1124 5488; x_wconf 79' lang='grc' dir='ltr'>ἀλλην</span> <span class='ocrx_word' id='word_1_705' title='bbox 1167 5418 1348 5471; x_wconf 82' lang='grc' dir='ltr'>πᾶσαν</span> <span class='ocrx_word' id='word_1_706' title='bbox 1399 5416 1493 5469; x_wconf 77' lang='grc' dir='ltr'><strong>καὶ</strong></span> <span class='ocrx_word' id='word_1_707' title='bbox 1523 5414 1684 5486; x_wconf 84' lang='grc' dir='ltr'>χάριν</span> <span class='ocrx_word' id='word_1_708' title='bbox 1734 5413 1829 5467; x_wconf 79' lang='grc' dir='ltr'>καὶ</span> <span class='ocrx_word' id='word_1_709' title='bbox 1860 5411 2076 5477; x_wconf 85' lang='grc' dir='ltr'>ἐλπίδα,</span> 
     </span>
    </p>
   </div>
   <div class='ocr_carea' id='block_1_100' title="bbox 484 5501 2078 5581">
    <p class='ocr_par' dir='ltr' id='par_1_100' title="bbox 484 5501 2078 5581">
     <span class='ocr_line' id='line_1_100' title="bbox 484 5501 2078 5581; baseline -0.006 -13"><span class='ocrx_word' id='word_1_710' title='bbox 484 5514 605 5578; x_wconf 70' lang='grc' dir='ltr'>οὺς,</span> <span class='ocrx_word' id='word_1_711' title='bbox 639 5515 702 5567; x_wconf 92' lang='grc' dir='ltr'><strong>οὐ</strong></span> <span class='ocrx_word' id='word_1_712' title='bbox 753 5515 861 5576; x_wconf 76' lang='grc' dir='ltr'>πᾶς</span> <span class='ocrx_word' id='word_1_713' title='bbox 881 5514 956 5567; x_wconf 83' lang='grc' dir='ltr'><strong>’δὲ</strong></span> <span class='ocrx_word' id='word_1_714' title='bbox 997 5512 1087 5566; x_wconf 82' lang='grc' dir='ltr'><strong>διὰ</strong></span> <span class='ocrx_word' id='word_1_715' title='bbox 1117 5511 1209 5566; x_wconf 85' lang='grc' dir='ltr'><strong>τὸν</strong></span> <span class='ocrx_word' id='word_1_716' title='bbox 1239 5510 1460 5581; x_wconf 85' lang='grc' dir='ltr'>τρόπον,</span> <span class='ocrx_word' id='word_1_717' title='bbox 1505 5508 1662 5577; x_wconf 82' lang='grc' dir='ltr'>ὀλίγα</span> <span class='ocrx_word' id='word_1_718' title='bbox 1703 5506 1810 5560; x_wconf 88' lang='grc' dir='ltr'><strong>τῶν</strong></span> <span class='ocrx_word' id='word_1_719' title='bbox 1839 5506 1969 5570; x_wconf 87' lang='grc' dir='ltr'>σῶν,</span> <span class='ocrx_word' id='word_1_720' title='bbox 2001 5501 2078 5559; x_wconf 83' lang='grc' dir='ltr'>ὧν</span> 
     </span>
    </p>
   </div>
   <div class='ocr_carea' id='block_1_101' title="bbox 483 5600 2080 5679">
    <p class='ocr_par' dir='ltr' id='par_1_101' title="bbox 483 5600 2080 5679">
     <span class='ocr_line' id='line_1_101' title="bbox 483 5600 2080 5679; baseline -0.006 -16"><span class='ocrx_word' id='word_1_721' title='bbox 483 5608 751 5679; x_wconf 78' lang='grc' dir='ltr'>ἐχαρίσω,</span> <span class='ocrx_word' id='word_1_722' title='bbox 795 5608 963 5662; x_wconf 88' lang='grc' dir='ltr'>πολὺν</span> <span class='ocrx_word' id='word_1_723' title='bbox 1009 5608 1108 5679; x_wconf 81' lang='grc' dir='ltr'>μὲν</span> <span class='ocrx_word' id='word_1_724' title='bbox 1137 5605 1226 5660; x_wconf 82' lang='grc' dir='ltr'>διὰ</span> <span class='ocrx_word' id='word_1_725' title='bbox 1253 5605 1344 5658; x_wconf 81' lang='grc' dir='ltr'><strong>τὸν</strong></span> <span class='ocrx_word' id='word_1_726' title='bbox 1376 5603 1544 5657; x_wconf 85' lang='grc' dir='ltr'>πολὺν</span> <span class='ocrx_word' id='word_1_727' title='bbox 1573 5602 1736 5672; x_wconf 81' lang='grc' dir='ltr'>φόϐον</span> <span class='ocrx_word' id='word_1_728' title='bbox 1768 5600 2080 5671; x_wconf 77' lang='grc' dir='ltr'>έπεχόμενα</span> 
     </span>
    </p>
   </div>
   <div class='ocr_carea' id='block_1_102' title="bbox 481 5691 2082 5771">
    <p class='ocr_par' dir='ltr' id='par_1_102' title="bbox 481 5691 2082 5771">
     <span class='ocr_line' id='line_1_102' title="bbox 481 5691 2082 5771; baseline -0.007 -18"><span class='ocrx_word' id='word_1_729' title='bbox 481 5700 706 5771; x_wconf 86' lang='grc' dir='ltr'>χρόνον,</span> <span class='ocrx_word' id='word_1_730' title='bbox 730 5699 888 5768; x_wconf 84' lang='grc' dir='ltr'>ἀφνω</span> <span class='ocrx_word' id='word_1_731' title='bbox 917 5699 976 5752; x_wconf 79' lang='grc' dir='ltr'>δὲ</span> <span class='ocrx_word' id='word_1_732' title='bbox 1004 5696 1312 5768; x_wconf 67' lang='grc' dir='ltr'>ἐκραγέντα</span> <span class='ocrx_word' id='word_1_733' title='bbox 1352 5695 1441 5748; x_wconf 86' lang='grc' dir='ltr'>διὰ</span> <span class='ocrx_word' id='word_1_734' title='bbox 1463 5693 1554 5748; x_wconf 80' lang='grc' dir='ltr'><strong>τὸν</strong></span> <span class='ocrx_word' id='word_1_735' title='bbox 1586 5691 1776 5758; x_wconf 85' lang='grc' dir='ltr'>πόθον,</span> <span class='ocrx_word' id='word_1_736' title='bbox 1805 5694 1901 5745; x_wconf 80' lang='grc' dir='ltr'>καὶ</span> <span class='ocrx_word' id='word_1_737' title='bbox 1926 5706 2082 5760; x_wconf 88' lang='grc' dir='ltr'>νικη-</span> 
     </span>
    </p>
   </div>
   <div class='ocr_carea' id='block_1_103' title="bbox 483 5782 2080 5862">
    <p class='ocr_par' dir='ltr' id='par_1_103' title="bbox 483 5782 2080 5862">
     <span class='ocr_line' id='line_1_103' title="bbox 483 5782 2080 5862; baseline -0.006 -18"><span class='ocrx_word' id='word_1_738' title='bbox 483 5792 652 5846; x_wconf 83' lang='grc' dir='ltr'>θέντα</span> <span class='ocrx_word' id='word_1_739' title='bbox 678 5790 758 5862; x_wconf 88' lang='grc' dir='ltr'>τῷ</span> <span class='ocrx_word' id='word_1_740' title='bbox 782 5791 988 5845; x_wconf 84' lang='grc' dir='ltr'>πλείονί</span> <span class='ocrx_word' id='word_1_741' title='bbox 1011 5807 1073 5843; x_wconf 84' lang='grc' dir='ltr'><strong>τε</strong></span> <span class='ocrx_word' id='word_1_742' title='bbox 1100 5789 1192 5844; x_wconf 81' lang='grc' dir='ltr'>καὶ</span> <span class='ocrx_word' id='word_1_743' title='bbox 1227 5786 1522 5859; x_wconf 89' lang='grc' dir='ltr'>κρείττονι,</span> <span class='ocrx_word' id='word_1_744' title='bbox 1564 5785 1643 5850; x_wconf 82' lang='grc' dir='ltr'><strong>είς</strong></span> <span class='ocrx_word' id='word_1_745' title='bbox 1673 5784 1830 5850; x_wconf 83' lang='grc' dir='ltr'>δόξαν</span> <span class='ocrx_word' id='word_1_746' title='bbox 1855 5782 1955 5838; x_wconf 82' lang='grc' dir='ltr'><strong>τοῦ</strong></span> <span class='ocrx_word' id='word_1_747' title='bbox 1985 5782 2080 5837; x_wconf 89' lang='grc' dir='ltr'><strong>σοῦ</strong></span> 
     </span>
    </p>
   </div>
   <div class='ocr_carea' id='block_1_104' title="bbox 561 5948 990 6014">
    <p class='ocr_par' dir='ltr' id='par_1_104' title="bbox 561 5948 990 6014">
     <span class='ocr_line' id='line_1_104' title="bbox 561 5948 990 6014; baseline 0.002 -11"><span class='ocrx_word' id='word_1_748' title='bbox 561 5952 606 5983; x_wconf 70' lang='grc'><strong>’³</strong></span> <span class='ocrx_word' id='word_1_749' title='bbox 639 5949 771 6007; x_wconf 89' lang='lat' dir='ltr'><strong>Luc.</strong></span> <span class='ocrx_word' id='word_1_750' title='bbox 804 5965 865 6014; x_wconf 86' lang='lat' dir='ltr'><strong>ll,</strong></span> <span class='ocrx_word' id='word_1_751' title='bbox 903 5948 990 6004; x_wconf 78' lang='lat'><strong>‘55.</strong></span> 
     </span>
    </p>
   </div>
   <div class='ocr_carea' id='block_1_105' title="bbox 2262 5307 3772 5380">
    <p class='ocr_par' dir='ltr' id='par_1_105' title="bbox 2262 5307 3772 5380">
     <span class='ocr_line' id='line_1_105' title="bbox 2262 5307 3772 5380; baseline -0.004 -10"><span class='ocrx_word' id='word_1_752' title='bbox 2262 5314 2377 5370; x_wconf 84' lang='lat' dir='ltr'><strong>XL.</strong></span> <span class='ocrx_word' id='word_1_753' title='bbox 2403 5311 2530 5369; x_wconf 81' lang='lat' dir='ltr'><strong>Haec</strong></span> <span class='ocrx_word' id='word_1_754' title='bbox 2568 5311 2622 5367; x_wconf 88' lang='lat' dir='ltr'><strong>in</strong></span> <span class='ocrx_word' id='word_1_755' title='bbox 2655 5311 2869 5367; x_wconf 89' lang='lat' dir='ltr'><strong>Iaudem</strong></span> <span class='ocrx_word' id='word_1_756' title='bbox 2919 5318 3068 5366; x_wconf 89' lang='lat' dir='ltr'><strong>tuam</strong></span> <span class='ocrx_word' id='word_1_757' title='bbox 3099 5323 3201 5380; x_wconf 89' lang='lat' dir='ltr'><strong>ego</strong></span> <span class='ocrx_word' id='word_1_758' title='bbox 3237 5307 3506 5372; x_wconf 84' lang='lat' dir='ltr'><strong>misellus,</strong></span> <span class='ocrx_word' id='word_1_759' title='bbox 3539 5316 3594 5363; x_wconf 90' lang='lat' dir='ltr'><strong>et</strong></span> <span class='ocrx_word' id='word_1_760' title='bbox 3623 5315 3772 5364; x_wconf 91' lang='lat' dir='ltr'><strong>totus</strong></span> 
     </span>
    </p>
   </div>
   <div class='ocr_carea' id='block_1_106' title="bbox 2183 5400 3773 5476">
    <p class='ocr_par' dir='ltr' id='par_1_106' title="bbox 2183 5400 3773 5476">
     <span class='ocr_line' id='line_1_106' title="bbox 2183 5400 3773 5476; baseline -0.006 -11"><span class='ocrx_word' id='word_1_761' title='bbox 2183 5424 2315 5466; x_wconf 91' lang='lat' dir='ltr'><strong>sane</strong></span> <span class='ocrx_word' id='word_1_762' title='bbox 2339 5421 2464 5462; x_wconf 91' lang='lat' dir='ltr'><strong>cum</strong></span> <span class='ocrx_word' id='word_1_763' title='bbox 2504 5413 2724 5476; x_wconf 91' lang='lat' dir='ltr'><strong>propter</strong></span> <span class='ocrx_word' id='word_1_764' title='bbox 2766 5402 3007 5459; x_wconf 83' lang='lat' dir='ltr'><strong>Verbum</strong></span> <span class='ocrx_word' id='word_1_765' title='bbox 3047 5411 3162 5458; x_wconf 91' lang='lat' dir='ltr'><strong>tum</strong></span> <span class='ocrx_word' id='word_1_766' title='bbox 3194 5409 3418 5473; x_wconf 86' lang='lat' dir='ltr'><strong>propter</strong></span> <span class='ocrx_word' id='word_1_767' title='bbox 3449 5400 3614 5455; x_wconf 89' lang='lat' dir='ltr'><strong>aliam</strong></span> <span class='ocrx_word' id='word_1_768' title='bbox 3650 5415 3773 5456; x_wconf 85' lang='lat' dir='ltr'><strong>om-</strong></span> 
     </span>
    </p>
   </div>
   <div class='ocr_carea' id='block_1_107' title="bbox 2184 5493 3770 5571">
    <p class='ocr_par' dir='ltr' id='par_1_107' title="bbox 2184 5493 3770 5571">
     <span class='ocr_line' id='line_1_107' title="bbox 2184 5493 3770 5571; baseline -0.004 -14"><span class='ocrx_word' id='word_1_769' title='bbox 2184 5517 2307 5557; x_wconf 89' lang='lat' dir='ltr'><strong>nem</strong></span> <span class='ocrx_word' id='word_1_770' title='bbox 2340 5509 2394 5555; x_wconf 91' lang='lat' dir='ltr'><strong>et</strong></span> <span class='ocrx_word' id='word_1_771' title='bbox 2432 5499 2660 5571; x_wconf 89' lang='lat' dir='ltr'><strong>gratiam</strong></span> <span class='ocrx_word' id='word_1_772' title='bbox 2691 5505 2747 5553; x_wconf 88' lang='lat' dir='ltr'><strong>et</strong></span> <span class='ocrx_word' id='word_1_773' title='bbox 2789 5511 2941 5567; x_wconf 87' lang='lat' dir='ltr'><strong>spem</strong></span> <span class='ocrx_word' id='word_1_774' title='bbox 2988 5503 3141 5561; x_wconf 86' lang='lat' dir='ltr'><strong>tuus,</strong></span> <span class='ocrx_word' id='word_1_775' title='bbox 3178 5493 3274 5550; x_wconf 74' lang='lat' dir='ltr'><strong>sed</strong></span> <span class='ocrx_word' id='word_1_776' title='bbox 3305 5508 3414 5548; x_wconf 88' lang='lat' dir='ltr'><strong>non</strong></span> <span class='ocrx_word' id='word_1_777' title='bbox 3461 5501 3609 5548; x_wconf 91' lang='lat' dir='ltr'><strong>totus</strong></span> <span class='ocrx_word' id='word_1_778' title='bbox 3643 5501 3770 5550; x_wconf 89' lang='lat' dir='ltr'><strong>tuus</strong></span> 
     </span>
    </p>
   </div>
   <div class='ocr_carea' id='block_1_108' title="bbox 2185 5584 3770 5662">
    <p class='ocr_par' dir='ltr' id='par_1_108' title="bbox 2185 5584 3770 5662">
     <span class='ocr_line' id='line_1_108' title="bbox 2185 5584 3770 5662; baseline -0.003 -17"><span class='ocrx_word' id='word_1_779' title='bbox 2185 5607 2283 5662; x_wconf 89' lang='lat' dir='ltr'><strong>per</strong></span> <span class='ocrx_word' id='word_1_780' title='bbox 2308 5591 2433 5644; x_wconf 77' lang='lat' dir='ltr'><strong>vitae</strong></span> <span class='ocrx_word' id='word_1_781' title='bbox 2463 5589 2755 5654; x_wconf 89' lang='lat' dir='ltr'><strong>rationem,</strong></span> <span class='ocrx_word' id='word_1_782' title='bbox 2778 5587 2916 5650; x_wconf 76' lang='lat' dir='ltr'><strong>haec,</strong></span> <span class='ocrx_word' id='word_1_783' title='bbox 2944 5587 3190 5658; x_wconf 86' lang='lat' dir='ltr'><strong>inquam,</strong></span> <span class='ocrx_word' id='word_1_784' title='bbox 3223 5599 3398 5656; x_wconf 90' lang='lat' dir='ltr'><strong>pauca</strong></span> <span class='ocrx_word' id='word_1_785' title='bbox 3429 5599 3497 5638; x_wconf 80' lang='lat' dir='ltr'><strong>ex</strong></span> <span class='ocrx_word' id='word_1_786' title='bbox 3532 5584 3623 5648; x_wconf 90' lang='lat' dir='ltr'><strong>iis,</strong></span> <span class='ocrx_word' id='word_1_787' title='bbox 3647 5601 3770 5656; x_wconf 88' lang='lat' dir='ltr'><strong>quae</strong></span> 
     </span>
    </p>
   </div>
   <div class='ocr_carea' id='block_1_109' title="bbox 2187 5677 3770 5754">
    <p class='ocr_par' dir='ltr' id='par_1_109' title="bbox 2187 5677 3770 5754">
     <span class='ocr_line' id='line_1_109' title="bbox 2187 5677 3770 5754; baseline -0.005 -14"><span class='ocrx_word' id='word_1_788' title='bbox 2187 5685 2324 5740; x_wconf 88' lang='lat' dir='ltr'><strong>mihi</strong></span> <span class='ocrx_word' id='word_1_789' title='bbox 2352 5683 2548 5754; x_wconf 87' lang='lat' dir='ltr'><strong>largita</strong></span> <span class='ocrx_word' id='word_1_790' title='bbox 2570 5697 2649 5747; x_wconf 89' lang='lat' dir='ltr'><strong>es,</strong></span> <span class='ocrx_word' id='word_1_791' title='bbox 2668 5682 2762 5737; x_wconf 91' lang='lat' dir='ltr'><strong>diu</strong></span> <span class='ocrx_word' id='word_1_792' title='bbox 2789 5681 2860 5736; x_wconf 90' lang='lat' dir='ltr'><strong>ob</strong></span> <span class='ocrx_word' id='word_1_793' title='bbox 2881 5679 3156 5749; x_wconf 90' lang='lat' dir='ltr'><strong>ingentem</strong></span> <span class='ocrx_word' id='word_1_794' title='bbox 3183 5677 3526 5733; x_wconf 89' lang='lat' dir='ltr'><strong>formidinem</strong></span> <span class='ocrx_word' id='word_1_795' title='bbox 3551 5677 3770 5732; x_wconf 88' lang='lat' dir='ltr'><strong>silentio</strong></span> 
     </span>
    </p>
   </div>
   <div class='ocr_carea' id='block_1_110' title="bbox 2188 5769 3768 5852">
    <p class='ocr_par' dir='ltr' id='par_1_110' title="bbox 2188 5769 3768 5852">
     <span class='ocr_line' id='line_1_110' title="bbox 2188 5769 3768 5852; baseline -0.006 -19"><span class='ocrx_word' id='word_1_796' title='bbox 2188 5790 2532 5848; x_wconf 72' lang='lat' dir='ltr'><strong>compressu,</strong></span> <span class='ocrx_word' id='word_1_797' title='bbox 2591 5774 2886 5852; x_wconf 82' lang='lat' dir='ltr'><strong>derepente</strong></span> <span class='ocrx_word' id='word_1_798' title='bbox 2917 5781 3099 5830; x_wconf 90' lang='lat' dir='ltr'><strong>autem</strong></span> <span class='ocrx_word' id='word_1_799' title='bbox 3159 5771 3363 5842; x_wconf 89' lang='lat' dir='ltr'><strong>impetu</strong></span> <span class='ocrx_word' id='word_1_800' title='bbox 3419 5769 3626 5826; x_wconf 90' lang='lat' dir='ltr'><strong>amoris</strong></span> <span class='ocrx_word' id='word_1_801' title='bbox 3667 5784 3768 5825; x_wconf 73' lang='lat' dir='ltr'><strong>ex-</strong></span> 
     </span>
    </p>
   </div>
  </div>
