4164 6478
508 437 616 505 847

1761 439 2089 503 JOANNIS
2128 436 2337 499 GEOM
2350 437 2572 499 ΕΤΙῖιἘ

3672 438 3773 504 848

508 567 724 623 pressa,
755 560 1035 625 utcunque
1099 554 1430 626 magualium
1490 563 1710 612 tuorum
1751 564 1806 610 et
1852 556 2085 609 multitu-

2207 555 2358 619 Υίοῦ,
2393 553 2489 608 τοῦ
2536 552 2777 625 μεγάλου
2820 551 2957 606 Θεοῦ
2987 553 3084 607 καὶ
3111 551 3367 626 Σωτῆρος
3393 552 3554 624 ἡμῶν
3601 552 3773 625 Ἰησοῦ

507 643 621 709 dini
647 652 704 698 et
733 644 1098 716 magnitudini
1148 645 1307 714 longe
1355 647 1611 717 imparia,
1639 646 1844 713 oﬂ‘ero;
1888 647 1943 701 in
1977 646 2093 717 glo-

509 736 646 790 riam
679 735 798 790 Filii
833 738 934 802 tui,
968 738 1147 807 magni
1192 738 1284 792 Dei
1334 749 1387 793 et
1418 739 1719 795 Salvatoris
1756 740 1928 794 nosu'i
1964 738 2091 793 Jesu

2199 645 2461 717 Χριστοῦ,
2488 624 2590 715 ᾧνὴ
2611 645 2740 711 δόξα
2768 646 2863 698 καὶ
2890 644 2951 697 τὸ
2972 644 3174 716 κράτος
3198 624 3294 698 σὺν
3319 645 3396 715 τῷ
3419 624 3816 724 παναχράντῳ(

2200 742 2365 797 αὐτοῦ
2394 740 2590 810 Πατρὶ,
2620 740 2715 792 καὶ
2741 738 2991 808 ζωοποιῷ
3036 739 3132 791 καὶ
3160 739 3301 809 ἁγίῳ
3340 738 3642 807 ῐινεύματι,
3684 736 3800 809 νῦνξ

506 827 733 893 Christi,
762 831 847 883 cui
884 830 1054 897 gloria
1102 841 1157 884 et
1205 831 1494 900 imperium
1548 848 1671 886 cum
1736 830 2085 887 sanctissimo

2199 835 2294 888 καὶ
2324 834 2410 885 ἀεὶ
2437 830 2533 884 καὶ
2570 831 2651 893 είς
2682 830 2805 893 τοὺς
2836 830 3039 893 αἰῶνας
3065 829 3174 882 τῶν
3203 829 3437 884 αἰώνων.
3474 831 3528 881 ’Δ
3541 830 3672 900 μὴν.
3785 827 3793 893 ξ

506 919 680 987 ipsius
714 918 873 975 Patre
919 929 972 975 et
1012 922 1325 978 viviﬁcante
1361 940 1423 977 ac
1451 936 1642 980 sancto
1675 925 1905 995 Spiritu,
1947 938 2095 978 nunc

503 1024 557 1067 et
578 1028 793 1084 semper
825 1022 880 1068 et
915 1015 966 1069 in
994 1015 1189 1070 sacculo
1220 1018 1567 1072 saeculorum.
1596 1017 1790 1073 Amen.

538 1214 3771 1253 Wﬁ—d

1164 1388 1864 1507 ΙΩΑΝΝΟΥ
1956 1385 3116 1504 ΠΡΩΤΟΘΡΟΝΟΥ

1847 1604 1987 1659 τΟΥ
2024 1602 2446 1658 ΓΕΩΜΕΤΡΟΥ

1494 1771 1811 1858 ΠΕΡΙ
1900 1769 2171 1857 ΤΟΥ
2260 1768 2786 1859 ΜΗΛΟΥ.

943 2125 1496 2235 JOANNIS
1574 2125 2326 2235 GEOMETRIE
2406 2126 3323 2234 PROTOTHBONI

1774 2358 1921 2445 DE
1998 2353 2325 2449 MALO
2392 2347 2465 2443 ⁸.

1004 2553 1178 2617 (Joan.
1206 2552 1423 2616 lauare,
1446 2551 1655 2605 Codices
1681 2550 1836 2601 Graeci
1864 2563 1981 2599 mss.
2005 2546 2237 2599 biblioth.
2268 2545 2453 2597 Matrit.
2484 2544 2687 2607 Maiﬂli,
2722 2546 2841 2598 1769
2872 2548 2956 2599 l'ol.
2977 2561 3092 2612 pag.
3118 2551 3252 2613 301.)

566 2857 680 2913 Lac
708 2855 928 2927 quidem
958 2854 1141 2911 album
1163 2856 1270 2919 est,
1299 2853 1403 2909 mel
1424 2861 1604 2910 autem
1638 2852 1836 2908 ﬂavum
1865 2870 1880 2920 ;
1910 2853 2085 2909 solum

2267 2853 2341 2907 Τὸ
2378 2852 2482 2925 μὲν
2510 2852 2657 2921 γάλα
2686 2850 2909 2906 λευκόν·
2943 2850 3004 2905 τὸ
3026 2850 3083 2905 δὲ
3107 2850 3232 2922 μέλι
3260 2850 3468 2922 χλωρόν
3492 2865 3508 2882 ο
3535 2851 3694 2923 μόνον
3717 2850 3775 2905 δὲ

509 2950 647 3005 licus
690 2949 929 3005 fructum
996 2949 1283 3003 nominare
1319 2948 1471 3002 novit
1520 2946 1794 3003 Homerus
1831 2947 2081 3013 dulcem;

495 3041 809 3114 jucundum
855 3057 989 3097 vero
1031 3042 1186 3096 illum
1238 3056 1349 3097 non
1406 3040 1571 3095 audet
1625 3054 1854 3106 vocare;
1896 3039 2087 3095 ethoc

503 3146 721 3192 tantum
756 3134 903 3190 malo
936 3144 1142 3198 servat,
1183 3144 1237 3189 et
1268 3134 1403 3189 dicit
1439 3132 1641 3187 alicubi
1668 3132 1721 3186 in
1743 3132 2087 3203 poematibus

503 3227 681 3282 malos
726 3226 988 3297 jucundis
1040 3226 1331 3281 fructibus.
1385 3224 1449 3279 Et
1490 3239 1598 3279 non
1661 3224 1827 3278 modo
1866 3224 2088 3279 nomine

499 3320 674 3385 illam,
710 3320 804 3376 sed
827 3320 992 3375 etiam
1021 3322 1215 3374 ordine
1250 3327 1500 3374 exornat.
1531 3315 1666 3371 Nam
1698 3316 1837 3372 alias
1863 3316 2085 3386 quidem

497 3414 727 3470 arbores
768 3412 1021 3468 absolute
1071 3413 1144 3467 ita
1187 3412 1507 3483 designans,
1537 3424 1703 3481 pyros
1752 3420 1804 3465 et
1858 3408 2087 3479 punicas

495 3515 613 3562 tres
643 3512 856 3559 tantum
900 3519 1024 3559 cum
1058 3503 1313 3574 epithetis
1348 3502 1532 3574 ponit;
1568 3503 1653 3558 his
1710 3517 1836 3557 vero
1880 3501 2084 3556 malum

495 3612 843 3668 praeponens,
901 3595 1062 3650 ﬁcum
1115 3595 1342 3661 subdit,
1389 3595 1604 3649 tertiam
1663 3605 1843 3649 autem
1908 3595 2086 3650 oleam

497 3691 731 3749 inducit.
772 3692 839 3745 Et
870 3690 1044 3745 malos
1099 3689 1235 3745 dicit
1285 3688 1545 3761 iucundis
1596 3688 1891 3755 fructibus,
1951 3688 2087 3744 ficus

498 3782 712 3848 dulces,
744 3789 801 3835 et
844 3781 997 3835 oleas
1052 3780 1426 3834 luxuriantes.
1472 3778 1611 3833 lllud
1654 3794 1875 3849 quoque
1909 3777 2087 3848 majus

498 3875 647 3947 quod
682 3874 843 3930 linem
902 3874 1064 3928 istum
1121 3872 1298 3942 primo
1349 3887 1609 3927 versuum
1667 3870 1901 3936 dederit,
1938 3869 2086 3925 arbi-

504 3975 682 4022 tratus
712 3952 968 4034 oportere
1002 3979 1181 4034 neque
1230 3978 1327 4034 per
1370 3962 1470 4019 bas
1510 3965 1697 4033 potius
1730 3963 2085 4033 principium,

500 4073 682 4128 neque
730 4055 995 4125 majorem
1024 4055 1257 4125 gratiam
1287 4056 1474 4111 versui
1508 4057 1783 4125 praestari.
1819 4056 1896 4110 Ita
1927 4067 1984 4109 ut
2014 4056 2088 4111 sit

495 4141 856 4221 pulchrarum
880 4147 1142 4202 arborum
1164 4146 1256 4201 illa
1287 4147 1619 4217 principium
1643 4148 1808 4202 simul
1840 4158 1895 4203 et
1918 4148 2041 4203 linis
2067 4165 2080 4201 :

2192 2944 2285 2999 τὸν
2323 2948 2423 3017 τῆς
2490 2946 2663 3014 συκῆς
2715 2944 2932 3015 καρπὸν
2992 2946 3284 3015 ὀνομάζειν
3337 2943 3477 3000 οἶδεν
3528 2948 3775 3018 ’Όμηρος

2194 3039 2501 3109 γλυκερόν
2563 3038 2769 3108 ἀγλαὸν
2806 3039 2865 3093 δὲ
2912 3038 3033 3091 οὑδέ
3081 3039 3273 3093 τοῦτον
3318 3038 3493 3111 τολμᾷ
3549 3038 3771 3095 καλεῖν

2197 3133 2361 3204 μόνον
2390 3132 2446 3186 δὲ
2478 3131 2638 3186 τοῦτο
2671 3132 2933 3201 φυλάττει
2971 3132 3049 3203 τῷ
3093 3133 3287 3204 μήλῳ,
3338 3133 3431 3187 καὶ
3477 3133 3624 3203 λέγει
3670 3151 3772 3187 που

2194 3225 2303 3277 τῶν
2332 3226 2479 3277 ἐπῶν
2517 3224 2615 3287 τὰς
2658 3224 2867 3294 μηλέας
2901 3224 3320 3295 ἀγλαοκάρπους
3344 3241 3357 3254 ³
3391 3225 3488 3280 καὶ
3513 3227 3574 3278 ού
3617 3224 3778 3279 τοῦτο

2199 3315 2360 3384 μόνον
2390 3314 2592 3387 αὐτὴν,
2629 3315 2765 3369 ἀλλὰ
2799 3316 2895 3370 καὶ
2927 3318 2992 3387 τῇ
3040 3316 3193 3381 τάξει
3243 3320 3464 3387 κοσμεῖ.
3509 3318 3621 3381 Τὰς
3672 3318 3770 3388 μὲν

2194 3410 2303 3481 γὰρ
2339 3408 2507 3473 ἄλλας
2558 3408 2748 3471 ἁπλῶς
2802 3409 3004 3462 οὑτωσὶ
3050 3410 3288 3479 φράσας,
3334 3410 3536 3480 ὄγχνας
3578 3426 3637 3463 τε
3680 3406 3780 3464 καὶ

2198 3501 2373 3573 ῥοιὰς,
2434 3501 2585 3570 τρεῖς
2640 3502 2808 3570 μόνας
2853 3500 2991 3570 μετὰ
3049 3502 3157 3555 τῶν
3216 3503 3524 3572 ἐπωνύμων
3553 3501 3775 3575 τίθησι·

2194 3593 2402 3646 τούτων
2431 3591 2488 3645 δὲ
2514 3592 2696 3645 αὐτῶν
2721 3591 2821 3663 τὴν
2851 3591 3062 3662 μηλέαν
3084 3592 3331 3664 προθεὶς,
3360 3594 3651 3666 ὑποτίθησι
3678 3594 3777 3667 τὴν

2198 3687 2407 3757 συκῆν·
2440 3684 2637 3756 τρίτην
2674 3684 2731 3737 δὲ
2769 3686 2869 3755 τὴν
2911 3684 3099 3738 ἐλαίαν
3141 3686 3355 3756 τίθησι·
3397 3686 3492 3740 καὶ
3543 3686 3767 3758 μηλέαι,

2196 3777 2387 3847 φησὶν,
2409 3776 2813 3848 ἀγλαόκαρποι·
2847 3778 3043 3832 συκέαι
3066 3794 3125 3831 τε
3153 3777 3420 3848 γλυκεραί
3443 3796 3455 3808 ·
3484 3779 3581 3833 καὶ
3600 3780 3775 3834 ἐλαῖαι

2194 3866 2559 3938 τηλεθόωσαι.
2594 3868 2706 3921 Καὶ
2731 3867 2793 3921 τὸ
2818 3869 2881 3938 δὴ
2912 3868 3075 3922 πλέον
3100 3870 3183 3924 ὅτι
3214 3871 3309 3923 καὶ
3335 3871 3489 3934 τέλος
3521 3870 3680 3925 τοῦτο
3697 3870 3773 3938 τῷ

2196 3958 2400 4033 πρώτῳ
2446 3961 2558 4014 τῶν
2606 3962 2807 4032 στίχων
2858 3963 3097 4028 δίδωσιν,
3142 3962 3450 4034 ἡγούμενος
3495 3964 3628 4032 δεῖν,
3663 3963 3775 4019 οὔτ’

2195 4053 2438 4117 ἐκείναις
2460 4052 2772 4125 κρείττονος
2798 4055 3062 4125 κεφαλῆς,
3089 4054 3212 4108 οὔτε
3237 4058 3483 4126 μείζονος
3499 4058 3577 4128 τῷ
3608 4058 3775 4129 στίχῳ

2194 4146 2418 4217 χάριτος
2439 4162 2453 4176 ο
2490 4146 2554 4199 ἵν’
2654 4147 2763 4200 τῶν
2806 4147 2990 4201 καλῶν
3028 4150 3061 4218 ἡ
3088 4149 3225 4220 αὐτὴ
3272 4151 3414 4221 ἀρχή
3446 4168 3506 4203 τε
3538 4153 3654 4222 ἅμα
3682 4152 3774 4205 καὶ

438 4306 455 4316 ο
497 4245 608 4314 jam
642 4250 826 4297 autem
884 4248 939 4294 et
979 4239 1191 4295 medias
1223 4248 1404 4305 tenet;
1455 4239 1837 4294 universarum
1889 4239 2085 4310 quippe

2194 4235 2598 4307 τελευτὴ,;ἦδη
2636 4237 2691 4290 δὲ
2739 4237 2833 4289 καὶ
2883 4237 3047 4307 μέση.
3094 4239 3214 4293 Τῶν
3262 4241 3363 4309 μὲν
3406 4241 3543 4295 ὅλων
3591 4243 3725 4313 μέση
3754 4281 3771 4307 ,

502 4329 705 4396 media,
743 4328 1046 4399 primarum
1093 4327 1451 4398 principium,
1484 4329 1668 4383 versui
1713 4339 1895 4384 autem
1938 4330 2085 4386 linis.

2188 4328 2299 4381 τῶν
2327 4329 2385 4382 δὲ
2440 4329 2675 4400 πρώτων
2704 4331 2884 4401 ἀρχήο
2921 4331 3000 4401 τῷ
3046 4332 3104 4385 δὲ
3150 4332 3336 4404 μέτρῳ
3384 4336 3477 4388 καὶ
3523 4335 3770 4405 τελευτή.

500 4414 627 4478 Illas
668 4422 887 4492 quidem
916 4421 1161 4491 colligat,
1220 4422 1317 4476 has
1368 4430 1550 4476 autem
1583 4430 1853 4490 exornat;
1904 4422 2085 4479 versui

2194 4421 2302 4475 Καὶ
2326 4422 2427 4486 τὰς
2471 4424 2572 4492 μὲν
2628 4422 2850 4491 συνδεῖ,
2882 4424 2981 4487 τὰς
3011 4424 3069 4476 δὲ
3121 4428 3356 4496 κοσμεῖ·
3400 4426 3479 4499 τῷ
3519 4427 3577 4481 δὲ
3607 4428 3774 4499 στίχῳ

500 4528 635 4568 vero
668 4513 933 4583 majorem
966 4511 1198 4581 gratiam
1223 4512 1277 4565 in
1306 4514 1413 4567 line
1443 4520 1644 4567 servat.
1669 4511 1917 4568 Collocat
1943 4515 2089 4569 enim

500 4608 554 4660 in
594 4604 702 4658 ﬁne
735 4606 904 4658 etiam
956 4603 1131 4669 oleas,
1164 4604 1260 4658 sed
1296 4603 1367 4658 de
1407 4603 1517 4659 illis
1560 4603 1696 4657 nihil
1736 4606 1949 4674 saporis
1982 4620 2094 4660 me-

504 4704 706 4760 morat,
740 4696 910 4751 simul
940 4711 1070 4751 vero
1107 4704 1164 4751 et
1199 4696 1254 4749 in
1292 4696 1412 4751 solo
1448 4697 1556 4751 line
1600 4696 1725 4753 illas
1758 4698 2085 4764 nominans;

497 4800 550 4840 (οι
590 4800 701 4841 nou
751 4786 826 4841 ita
863 4785 933 4840 de
982 4787 1166 4841 malis.
1224 4787 1365 4841 Puto
1424 4786 1647 4857 quidem
1693 4798 1950 4858 oportere
2001 4804 2087 4845 me

500 4886 674 4948 ipsum
710 4889 766 4934 et
821 4878 1123 4934 Homerum
1160 4894 1437 4950 exponere
1471 4895 1668 4937 causas
1716 4896 1816 4937 cur
1862 4882 2082 4939 tandem

497 4973 662 5026 ambo
698 4972 903 5026 malum
947 4973 1019 5025 ita
1052 4971 1391 5028 honoremus
1421 4990 1434 5027 :
1470 4973 1559 5027 hic
1588 4972 1807 5043 quidem
1853 4974 1982 5029 talia
2014 4976 2084 5031 de

496 5079 560 5117 ca
596 5063 848 5131 dicendo,
871 5078 975 5135 ego
994 5074 1177 5120 autem
1209 5067 1513 5121 secundum
1537 5066 1687 5120 illum
1718 5075 1773 5122 et
1799 5068 1895 5123 tali
1925 5068 2090 5123 modo

500 5161 617 5213 lucc
652 5158 1040 5214 exscribendo.
1096 5162 1103 5173 '
1525 5167 1530 5172 ‘

568 5251 813 5307 Cmtcras
860 5264 993 5321 ergo
1052 5248 1350 5320 frugiferas
1400 5251 1628 5307 arbores
1664 5251 1861 5320 Graeci,
1898 5253 2087 5309 nescio

496 5357 604 5413 qua
642 5350 847 5408 mente,
907 5341 1051 5396 banc
1082 5338 1307 5409 Veneri,
1346 5340 1495 5395 illam
1566 5339 1806 5408 Baccho,
1838 5341 2087 5412 aliasque

569 5524 731 5582 'Hrrc
762 5526 964 5591 oratio,
989 5541 1110 5595 quae
1136 5526 1285 5589 mali,
1328 5524 1443 5579 sive
1474 5521 1621 5595 ponti
1664 5521 1852 5577 laudes
1892 5537 2081 5595 perse-

499 5597 707 5667 quitur,
750 5605 889 5652 teste
918 5592 1191 5667 Casimiro
1222 5592 1980 5667 OmlinoirrQummentarin
2017 5594 2081 5647 de

2194 4514 2366 4585 μείζω
2396 4515 2495 4587 τὴν
2527 4516 2688 4587 χάριν
2741 4517 2832 4568 ἐπὶ
2880 4516 3024 4569 τέλει
3062 4518 3238 4587 τηρεῖ.
3290 4517 3487 4589 Τίθησι
3519 4520 3620 4591 μὲν
3665 4524 3775 4590 γάρ

2191 4605 2284 4657 ἐπὶ
2312 4606 2460 4658 τέλει
2495 4607 2591 4660 καὶ
2617 4607 2715 4669 τὰς
2746 4607 2934 4670 ἐλαίας
2957 4624 2971 4637 ·
3007 4608 3143 4662 ἀλλὰ
3170 4608 3399 4674 ταύταις
3432 4612 3532 4681 μὲν
3563 4611 3772 4681 γεῦσιν,

2195 4695 2350 4777 οὺδέν
2381 4699 2684 4768 μαρτυρεῖ·
2719 4699 2813 4751 καὶ
2849 4699 2966 4768 ἅμα
2993 4699 3089 4752 καὶ
3115 4699 3208 4752 ἐπὶ
3241 4700 3401 4769 μόνου
3428 4701 3524 4755 τοῦ
3553 4702 3775 4766 τέλους·

2196 4788 2295 4843 καὶ
2334 4790 2434 4859 οὐχ
2485 4788 2659 4854 οὕτως
2708 4788 2898 4863 ὥσπερ
2946 4793 3041 4846 καὶ
3074 4793 3299 4856 ταύτας.
3348 4793 3514 4866 Οἶμαι
3549 4798 3613 4867 δὴ
3666 4799 3781 4851 δεῖν

2195 4883 2438 4952 ἐμαυτόν
2470 4898 2531 4935 τε
2556 4883 2765 4937 καὶτὸν
2786 4884 2936 4956 "Opi;
2947 4902 3036 4957 ρον
3063 4887 3440 4941 ἀπολύσασθαι
3456 4888 3553 4952 τὰς
3575 4893 3781 4955 αἰτίας,

2192 4976 2248 5029 τί
2272 4975 2474 5047 δήποτε
2500 4977 2595 5029 καὶ
2626 4979 2794 5047 ἄμφω
2818 4979 2877 5031 τὸ
2916 4979 3087 5051 μῆλον
3123 4979 3268 5034 οὕτω
3298 4981 3548 5053 τιμῶμεν
3571 5001 3584 5016 ·
3617 4986 3645 5037 ὀ
3678 4984 3786 5054 μὲν

2193 5066 2272 5137 τῷ
2304 5067 2483 5121 ταῦτα
2514 5069 2643 5141 περὶ
2668 5069 2837 5123 αὐτοῦ
2877 5072 3082 5141 λέγειν,
3106 5072 3219 5143 ἐγὼ
3240 5074 3319 5140 δὲ,
3350 5076 3502 5147 παρὰ
3535 5076 3789 5131 τοιοῦτον

2196 5160 2292 5214 καὶ
2316 5160 2653 5224 τοσαυτάκις
2684 5162 2826 5215 αὐτὰ
2856 5165 3123 5235 πέμπειν.

2264 5253 2348 5307 Τὰ
2391 5254 2494 5325 μὲν
2539 5250 2634 5308 οὖν
2674 5256 2813 5310 ἄλλα
2849 5258 2960 5309 τῶν
2988 5258 3309 5331 ἀκροδρύων
3346 5261 3631 5334 Ἕλληνες,
3682 5264 3791 5317 οὐκ

2192 5340 2310 5400 οἴδα
2353 5347 2406 5400 τί
2456 5346 2699 5416 γνόντες,
2730 5347 2800 5401 τὰ
2835 5349 2935 5419 μὲν
2990 5350 3301 5423 Ἀφροδίτῃ,
3327 5354 3395 5407 τὰ
3419 5353 3477 5407 δὲ
3510 5354 3780 5426 Διονύσῳ,

2191 5538 2341 5600 pere,
2376 5524 2598 5592 placuit,
2634 5535 2693 5600 ut
2718 5527 2937 5600 saporis
2963 5544 3069 5582 non
3102 5529 3409 5600 injucundi,
3440 5533 3782 5590 delicatioris

2191 5595 2515 5674 litteraturae
2538 5595 2801 5674 .cupidis’
2829 5595 3445 5674 borniriibus'przebere,
3501 5615 3665 5674 atque
3692 5605 3783 5658 vel

497 5663 1247 5745 scriptorib.‘ecclesiast.vol.
1279 5665 1344 5725 ll,
1372 5663 1759 5745 col._6l‘7',“n_ifsl
1797 5674 2081 5745 permanet
2186 5666 2403 5745 erudito
2464 5665 2669 5745 palato,
2708 5667 2788 5720 vel
2829 5667 3128 5738 ingeniosa:
3184 5663 3325 5741 gulae
3374 5663 3779 5745 aliquantulum

498 5732 639 5788 inter
690 5736 907 5790 codices
944 5738 1326 5797 Baroccianos,
1387 5735 1512 5788 cod.
1572 5732 1747 5791 XXV,
1781 5748 1899 5799 pag.
1949 5733 2072 5788 291.

499 5804 636 5856 Cum
672 5820 799 5854 vero
855 5806 904 5855 id
955 5821 1198 5871 pomum,
1259 5807 1522 5857 libr'orum
1584 5805 1762 5857 adhuc
1796 5803 2072 5855 obtectum

500 5871 665 5929 foliis,
704 5871 933 5924 necdum
971 5875 1071 5926 soli
1115 5888 1235 5928 sese
1280 5872 1600 5937 ostenderit,
1636 5871 1843 5942 placuit
1886 5872 2073 5928 decer-

2186 5734 2509 5805 lcnociuari.
2544 5734 2888 5805 Quapropter

2293 5803 2504 5885 (inscia
2536 5803 2680 5873 quod
2709 5803 2931 5885 peperit,
2968 5813 3191 5885 servavit
3223 5811 3401 5866 Iberia
3430 5813 3659 5885 Malum,

2288 5876 2480 5945 Accipe
2513 5892 2617 5930 non
2650 5880 2830 5946 tarda,
2858 5877 3048 5934 Lector
3072 5884 3263 5949 amice,
3290 5901 3470 5940 manu.
