4164 6428
509 433 618 497 840

1961 434 2058 497 DE
2092 434 2317 498 MALO.

3665 437 3774 503 850

510 543 580 597 τά
605 543 662 597 δὲ
698 541 776 613 τῷ
811 541 919 596 τῶν
949 540 1125 598 ἄλλων
1170 541 1264 596 καὶ
1315 542 1486 596 νόθων
1521 541 1663 596 θεῶν
1699 543 2086 598 ἀνατεθεῖσθαι

2205 542 2317 596 aliis
2372 541 2558 598 n0this
2607 541 2724 598 deis
2784 532 3118 615 assignatas.
3149 557 3272 601 esse
3332 544 3556 615 dicunt;
3601 547 3777 604 solum

509 637 766 706 λέγουσι’
796 636 947 690 τουτὶ
975 635 1032 690 δὲ
1069 634 1232 705 μόνον
1267 635 1360 689 καὶ
1387 636 1609 704 φοίνικά
1633 653 1692 690 τε
1717 637 1816 691 καὶ
1853 637 2087 709 δάφνην,

508 727 588 798 τῷ
635 727 759 780 κατ’
807 727 1007 791 αὐτοὺς
1055 727 1207 798 σοφῷ
1252 727 1349 783 καὶ
1385 728 1537 796 καλῷ
1589 729 1699 797 γὰρ
1734 729 1954 794 πάντως
1993 713 2099 783 καί

510 820 654 889 ὑπὲρ
685 819 894 882 πάντας
916 817 1126 890 ἀρίστῳ
1162 818 1408 890 μουσικῷ
1435 837 1495 872 τε
1520 820 1616 874 καὶ
1637 820 1838 892 τοξικῷ
1862 822 1946 874 ίατ
1958 822 2095 893 ρικῷ

509 929 570 964 τε
603 911 699 964 καὶ
731 911 981 981 μαντικῷ
1024 911 1392 982 Ἀπολλωνίῳ,
1427 912 1487 965 ὂν
1517 913 1614 967 καὶ
1647 914 1812 967 αὐτὸν
1836 911 1978 968 εἶναι
2017 915 2095 986 τῷ

509 1003 652 1074 ἡλίῳ
686 1002 908 1072 λέγουσι
930 1019 946 1035 ο
971 1003 1066 1056 καὶ
1087 1001 1163 1067 ὡς
1187 1004 1462 1075 καλλίστῳ
1502 1005 1596 1059 καὶ
1637 1008 1997 1078 παγχρήστῳ,
2032 1009 2096 1060 τὸ

509 1094 800 1150 κάλλιστόν
834 1112 893 1148 τε
936 1095 1033 1148 καὶ
1081 1096 1436 1168 πάγχρηστον
1481 1096 1854 1152 ἀνατιθέασιν.
1908 1099 2096 1163 Οὕτως

509 1185 753 1256 ὲξαρχῆς
783 1186 964 1240 ἀνεῖτο
983 1185 1060 1256 τῷ
1080 1185 1268 1240 κάλλει
1289 1186 1386 1240 καὶ
1408 1189 1474 1257 τῇ
1503 1187 1668 1259 σοφία
1696 1188 1790 1242 καὶ
1803 1190 1868 1259 τῇ
1901 1190 2096 1262 χρήσει

509 1275 573 1330 τὸ
593 1277 817 1347 χρῆμα·
870 1276 967 1331 καὶ
1007 1276 1184 1331 ἐδόκει
1214 1275 1349 1330 αὐτὸ
1387 1277 1556 1332 καλόν
1581 1295 1641 1332 τε
1689 1280 1819 1334 ἰδεῖν
1849 1279 1968 1352 ἅμα
2003 1281 2097 1334 καὶ

511 1372 750 1441 χρηστὸν
798 1369 1073 1441 βρωθῆναι
1109 1387 1172 1423 τε
1219 1371 1314 1424 καὶ
1361 1369 1715 1443 χρησθῆναι,
1757 1372 1855 1427 καὶ
1910 1376 2098 1443 σοφοῖς

512 1461 792 1534 προσῆκον
809 1461 996 1514 λαϐεῖν
1020 1477 1033 1490 ·
1071 1461 1208 1515 ἀλλά
1231 1461 1302 1515 τὰ
1331 1462 1432 1532 μὲν
1460 1461 1570 1516 τῶν
1595 1461 1806 1532 μύθων,
1843 1465 1892 1517 εί
1925 1463 2094 1531 δοκεῖ,

513 1557 727 1629 χαίρειν
744 1554 947 1626 ἐῶμεν.
981 1555 1126 1609 Ὅσα
1148 1555 1206 1608 δὲ
1227 1557 1320 1610 καὶ
1343 1555 1564 1626 βλέπειν
1591 1556 1769 1622 ἔξεστι
1799 1557 1894 1611 καὶ
1915 1557 2097 1626 λέγειν

514 1648 724 1720 μέμψις
755 1647 856 1701 οὐκ
881 1647 998 1701 ἐστι
1022 1663 1038 1679 ο
1075 1649 1294 1719 πρῶτον
1324 1649 1424 1720 μὲν
1455 1649 1563 1722 γάρ
1596 1650 1858 1721 τρέφεται
1886 1667 2098 1703 παντα·

513 1741 611 1813 χοῦ
633 1741 738 1812 γῆς
762 1741 824 1795 τδ
847 1739 1014 1810 φυτόν
1034 1759 1049 1774 ο
1079 1743 1172 1795 καὶ⁵
1191 1741 1291 1814 ούχ
1319 1741 1508 1814 ῶσπερ
1525 1743 1696 1797 τᾶλλα
1713 1743 1821 1796 τῶν
1841 1743 2095 1814 δένδρωνο

510 1833 584 1888 τά
623 1833 722 1904 μὲν
743 1832 819 1904 τῷ
847 1833 955 1904 ήμέ
971 1851 1048 1904 ρῳ
1073 1834 1290 1905 χαίρει,
1323 1836 1390 1889 τὰ
1412 1834 1471 1889 δὲ
1535 1839 1648 1899 τοῖς
1677 1837 1864 1906 δρεσιν
1883 1837 2094 1908 ἀγαπᾷ·

510 1929 582 1983 τά
614 1928 661 1982 δ’
699 1929 918 1992 οίκείως
950 1928 1064 2000 ἔχει
1095 1929 1234 2000 πρὸς
1263 1928 1572 1984 θάλαττανο
1603 1929 1738 1984 ἀλλά
1760 1931 1908 1984 τουτὶ
1934 1930 2096 2001 μόνον

513 2021 621 2074 κάν
649 2021 774 2084 ταῖς
805 2021 1076 2091 κορυφαῖς
1107 2020 1306 2090 φύεται
1329 2037 1344 2052 ’
1377 2021 1480 2076 κᾶν
1510 2024 1623 2086 τοῖς
1654 2023 1884 2094 ἡμέροις
1909 2024 2099 2093 τρέφε-

510 2129 606 2166 ται
631 2128 646 2142 ⁸
687 2113 784 2166 καὶ
812 2112 966 2184 παρά
992 2113 1092 2183 τὴν
1135 2113 1405 2167 Θάλατταν
1435 2113 1653 2169 θάλλειν
1681 2115 1855 2182 φιλεῖ⁶
1890 2115 2099 2169 νικῶσα

512 2204 572 2257 δὲ
599 2203 746 2258 οὕτω
777 2203 1085 2275 πανταχοῦ,
1105 2205 1259 2258 οὐδὲν
1290 2201 1455 2278 ἦττον
1489 2207 1616 2278 νικᾷ
1645 2206 1741 2260 καὶ
1769 2207 1849 2278 τῷ
1886 2206 2102 2262 θάλλειν

510 2295 687 2361 οὕτως
722 2297 1049 2366 ἑκασταχοῦ,
1085 2297 1161 2359 ὡς
1189 2296 1406 2368 ἐνιαχοῦ
1439 2297 1610 2352 οὐδέν.
1657 2299 1735 2351 Oti
1772 2301 1882 2372 γὰρ
1910 2299 2102 2373 ὥσπερ

512 2389 624 2443 τῶν
653 2388 830 2445 ἄλλων
859 2390 960 2443 ὅσα
991 2391 1090 2460 μὲν
1112 2389 1268 2461 δρεια
1293 2390 1490 2443 ταυτὸν
1518 2389 1680 2444 τοῦτο
1709 2392 1840 2444 ἰδεῖν
1865 2409 1924 2445 τε
1947 2393 2102 2464 δρεια

514 2482 610 2536 καὶ
644 2481 836 2545 δεινῶς
867 2482 1036 2554 ἀγρια
1058 2497 1072 2513 ⁶
1096 2483 1165 2536 τὰ
1191 2481 1364 2534 πλείω
1383 2481 1442 2535 δέ
1468 2499 1532 2552 γε
1566 2481 1662 2535 καὶ⁵
1693 2475 1943 2555 ἄκαρπα.
1979 2484 2103 2538 Τῶν

513 2574 573 2628 δὲ
604 2574 852 2645 ἡμέρων,
880 2574 948 2628 τά
981 2575 1106 2645 μὲν,
1139 2575 1236 2630 κατ⁹
1263 2575 1404 2629 αύτά
1431 2575 1525 2628 τὸν
1548 2575 1762 2648 καρπὸν
1786 2575 2103 2647 βραχύτατα

513 2666 614 2720 καὶ
637 2665 696 2718 τὸ
725 2665 974 2738 πρέμνον
997 2665 1486 2738 ἀκανθωδέστερα⁶
1515 2667 1612 2721 καὶ
1640 2667 1791 2738 τόπῳ
1816 2667 1980 2738 μόνον
1994 2667 2104 2722 τῶν

512 2762 576 2813 ἐν
605 2764 877 2832 κορυφαῖς
897 2761 1228 2832 διαφέροντα
1250 2777 1266 2793 ο
1291 2759 1362 2814 τὰ
1385 2761 1461 2827 δὲ,
1491 2763 1583 2814 τὸν
1609 2763 1821 2833 καρπὸν
1848 2761 1948 2831 μὲν
1971 2761 2104 2828 ἴσως

512 2853 617 2906 οὐκ
644 2852 848 2924 ἀγεννῆ
877 2893 891 2919 ,
916 2852 1120 2924 ἀσθενῆ
1150 2853 1207 2907 δὲ
1227 2852 1433 2917 ἄλλως·
1467 2854 1560 2906 καὶ
1599 2852 1809 2924 β’ραχῦν
1834 2852 2106 2909 ἀνθοῦντα

511 2944 608 2999 τὸν
640 2946 835 3018 χρόνον
856 2951 870 2965 ⁸
901 2947 1018 3001 ἀλλ’
1048 2947 1193 3002 οὕτω
1224 2947 1324 3018 μὲν
1352 2948 1409 3000 ὲν
1437 2947 1664 3020 ἡμέροις
1694 2947 1893 3017 ἰσχυρά
1919 2963 1978 3002 τε
2009 2947 2105 3000 καὶ

513 3040 878 3113 πολυχρόνιος
916 3041 992 3105 ῶς
1044 3041 1206 3110 ὀλίγα
1244 3041 1443 3113 κομιδῇ
1481 3042 1590 3095 τῶν
1645 3042 1859 3112 ἀγρίων
1911 3059 1971 3095 τε
2007 3043 2104 3096 καὶ

513 3133 806 3204 ἀκάρπων.
840 3133 998 3188 Οὕτω
1023 3133 1067 3187 δ’
1114 3134 1173 3190 ὲν
1203 3133 1420 3204 ἀγρίοις
1466 3135 1717 3204 τρυφερά
1759 3151 1819 3188 τε
1848 3137 1944 3189 καὶ
1984 3134 2103 3187 λεῖα

517 3226 614 3280 καὶ
641 3225 874 3298 εὐανθὴς
906 3226 1001 3280 καὶ¹
1028 3225 1330 3298 εὕκαρπος,
1353 3225 1430 3289 ὡς
1454 3227 1608 3280 οὐδὲν
1654 3227 1783 3281 ἀλλο
1808 3225 1918 3280 τῶν
1951 3225 2102 3297 παρά
2131 3249 2173 3308 C

513 3318 638 3381 ταῖς
691 3319 872 3382 στοαῖς
918 3317 1241 3388 φυομένων,
1286 3318 1382 3372 καὶ
1421 3318 1669 3390 ὡσπερεὶ
1717 3318 1878 3390 κόραι
1932 3317 2100 3372 καλαὶ

518 3408 986 3480 θαλαμευομένων
1004 3425 1018 3441 ·
1050 3411 1250 3465 ἔπειτα
1278 3410 1345 3464 τά
1371 3411 1470 3481 μὲν
1494 3410 1631 3464 ἀλλα
1658 3409 1759 3474 τὰς
1788 3411 1936 3482 ὥρας
1982 3411 2104 3464 πολ-

515 3501 675 3565 λάκις
695 3505 1004 3573 παρανομεῖ
1021 3518 1036 3532 ’
1059 3502 1154 3556 καὶ
1177 3501 1246 3556 τὰ
1275 3503 1374 3572 μὲν
1402 3505 1657 3573 προΐασιν
1686 3501 1850 3576 ἔαρος
1870 3544 1885 3567 ,
1911 3503 2102 3574 ὥσπερ

513 3593 583 3665 δή
619 3594 716 3647 καὶ
744 3593 920 3664 φοῖνιξ
953 3595 1138 3658 αὐτός.
1170 3593 1349 3649 Πολλά
1375 3593 1432 3647 δὲ
1463 3595 1556 3647 καὶ
1582 3595 1852 3666 χειμῶνος
1877 3595 2098 3664 ἐκφύει·

513 3686 660 3759 αὕτη
695 3687 752 3740 δὲ
784 3688 887 3742 κάν
919 3685 1133 3750 τούτοις
1161 3689 1324 3759 τηρεῖ
1355 3685 1446 3740 τὸν
1474 3687 1640 3757 νόμον
1674 3689 1768 3742 καὶ
1801 3693 2102 3760 σωφρονεῖο

516 3778 716 3851 θέρους
736 3797 796 3832 τε
825 3779 936 3851 γὰρ
957 3779 1034 3842 ὡς
1062 3779 1158 3833 ἐπὶ
1185 3779 1436 3834 πλεῖστον
1465 3781 1682 3853 πρόεισι
1701 3796 1718 3811 ⁶
1747 3780 1845 3835 καὶ
1872 3782 1942 3836 τά
1970 3781 2106 3836 κάλ-

514 3870 680 3926 λιστα
711 3871 820 3925 τῶν
850 3871 1086 3943 καρπῶν
1110 3870 1221 3926 τῶν
1243 3871 1406 3944 ὼρῶν
1434 3873 1502 3944 τῇ
1529 3871 1795 3944 καλλίστῃ
1825 3872 2070 3928 δείκνυσι
2088 3891 2103 3906 ο

519 3963 792 4034 χειμῶνος
827 3963 886 4018 δὲ
919 3963 1104 4036 ῥίπτει
1155 3964 1218 4018 τὸ
1258 3963 1493 4028 κάλλοςο
1550 3964 1649 4018 καὶ
1689 3966 1759 4036 τῇ
1806 3963 1967 4034 φύσει
2011 3965 2108 4018 καὶ

517 4055 676 4123 τάξει
717 4057 816 4128 τῆς
839 4056 990 4128 ῶρας
1017 4056 1325 4122 ἀκολουθεῖ,
1351 4055 1493 4111 ὥστε
1523 4057 1573 4110 εί
1599 4057 1682 4111 δεῖ
1711 4073 1766 4109 τι
1793 4056 1891 4110 καὶ
1923 4057 2109 4127 παρά-

518 4149 674 4216 δοξον
717 4149 837 4220 μὲν,
874 4148 1242 4220 ἀληθέστερον
1270 4148 1328 4202 δὲ
1370 4150 1568 4216 εἰπεῖν,
1611 4147 1770 4202 τοῦτο
1793 4148 1887 4201 καὶ
1922 4149 2108 4221 μόνον,

518 4238 724 4310 ὡραῖον
753 4239 818 4293 ἀν
840 4256 928 4304 τις
947 4238 1093 4293 εῐποι
1122 4239 1347 4302 δικαίως
1369 4254 1384 4270 ο
1419 4239 1482 4292 οὐ
1510 4237 1602 4293 διά
1621 4237 1722 4308 τὴν
1760 4237 1914 4307 ὥραν
1949 4238 2109 4308 μόνον

518 4329 660 4385 ἀλλά
697 4331 792 4384 καὶ
827 4331 920 4385 τὸν
955 4331 1170 4402 καρπόν
1193 4346 1208 4362 ο
1240 4330 1311 4384 τὰ
1337 4331 1383 4384 δ’
1417 4330 1556 4386 ἀλλα
1593 4328 1691 4384 καὶ
1725 4329 1928 4401 ἔξωρα,
1960 4329 2108 4385 οὕτω

517 4421 621 4494 τὴν
646 4422 800 4488 τάξιν
824 4440 884 4477 τε
913 4423 1231 4494 παραδόντα
1255 4421 1350 4477 καὶ
1376 4422 1727 4494 ἀγνοήσαντα
1751 4421 1842 4476 τὸν
1876 4421 2069 4492 καιρόν
2091 4437 2107 4452 ⁸

519 4517 586 4573 ού
618 4515 723 4588 μὴν
767 4517 957 4588 ῶσπερ
993 4517 1056 4572 τὸ
1097 4516 1222 4572 καθ’
1255 4515 1408 4587 ὥραν
1444 4515 1706 4587 φανῆναι,
1748 4513 1893 4569 οὕτω
1921 4514 2016 4570 καὶ
2047 4513 2110 4568 τὸ

2202 648 2330 689 vero
2373 635 2610 704 palmam
2661 641 2717 688 ct
2762 634 3005 702 laurum,
3051 636 3102 693 ei
3159 637 3254 708 qui
3294 640 3602 694 secundum
3659 640 3784 694 illos

2199 727 2418 796 Sapiens
2476 734 2530 780 et
2568 725 2795 797 pulcher
2845 735 2950 793 est,
2987 729 3147 797 deo,:
3174 731 3515 802 omninoque
3565 741 3620 787 et
3673 747 3786 801 pra:

2197 818 2461 873 omnibus
2505 818 2794 873 excellenti
2842 820 3080 886 musico,
3128 822 3406 886 arcuario,
3444 822 3677 888 medico,
3731 834 3788 877 et

2201 912 2305 964 vati
2335 910 2599 980 Apollini,
2643 925 2805 981 quem
2837 913 3091 966 eumdem
3111 927 3234 969 esse
3263 928 3327 968 ac
3349 913 3530 968 Solem
3555 914 3784 970 dicunt:

2197 1008 2251 1054 et
2305 1009 2368 1054 ut
2400 999 2779 1070 pulcherrimo
2829 1010 2884 1055 et
2918 1002 3236 1067 utilissimo,
3272 1006 3421 1074 quod
3474 1005 3786 1076 pulcherri-

2199 1107 2348 1146 mum
2398 1103 2454 1147 et
2505 1093 2865 1148 utilissimum
2910 1101 2998 1148 est
3039 1095 3348 1166 assignant.
3400 1094 3475 1150 lta
3527 1111 3558 1150 a
3614 1095 3784 1165 priori

2201 1185 2572 1240 conveniebat
2606 1185 3046 1256 pulchritudini,
3107 1187 3394 1256 sapientia:
3451 1198 3505 1244 ct
3565 1189 3787 1244 utilitati

2199 1277 2304 1331 tale
2330 1292 2566 1346 munus;
2603 1288 2659 1333 et
2685 1279 2973 1334 videbatur
3018 1281 3307 1350 pulchrum
3364 1283 3526 1338 simul
3566 1293 3621 1337 et
3655 1284 3788 1339 utile

2200 1369 2524 1425 manducari
2543 1379 2596 1424 et
2623 1371 2903 1440 prodesse,
2931 1381 2985 1425 et
3016 1373 3293 1443 sapientes
3316 1377 3459 1444 quod
3479 1393 3783 1447 congruum

2201 1464 2311 1519 illic
2336 1471 2454 1518 erat
2475 1463 2741 1534 accipere.
2766 1464 2870 1519 Sed
2905 1465 3003 1520 has
3029 1465 3248 1536 quidem
3293 1467 3525 1534 fabulas,
3555 1470 3600 1526 si
3641 1472 3762 1522 vid.»

2201 1564 2311 1621 tur,
2345 1555 2528 1610 valere
2576 1555 2850 1612 sinamus.
2884 1555 3019 1623 Quae
3071 1566 3253 1612 autem
3315 1575 3542 1616 eernere
3582 1563 3708 1617 licet
3736 1573 3790 1619 et

2201 1647 2383 1703 dicere
2425 1647 2881 1718 exprobrationes
2936 1665 3043 1704 non
3106 1659 3277 1706 sunt:
3335 1667 3459 1706 nam
3511 1654 3687 1722 prima
3732 1656 3787 1710 in

2201 1739 2457 1796 universa
2505 1750 2649 1796 terra
2681 1742 2849 1798 arbos
2896 1743 3246 1813 producitur;
3291 1760 3469 1808 neque
3527 1756 3788 1814 lanquam

2202 1833 2431 1890 arbores
2499 1834 2746 1905 reliquae.
2816 1833 2912 1890 liae
2977 1837 3196 1906 quidem
3255 1838 3472 1892 cultura
3528 1841 3788 1909 gaudent,

2202 1925 2310 1981 illae
2340 1941 2472 1982 vero
2523 1937 2740 1984 montes
2786 1936 2994 1994 amant,
3037 1929 3159 1984 alim
3200 1945 3422 2001 quoque
3447 1931 3604 2002 juxta
3641 1950 3792 1988 mare

2201 2018 2434 2088 patriam
2469 2018 2672 2075 habent
2702 2037 2717 2076 :
2756 2020 2860 2076 ista
2898 2030 3080 2076 autem
3115 2022 3232 2077 sola
3274 2032 3331 2078 et
3368 2024 3420 2078 in
3454 2026 3792 2081 culminibus

2199 2109 2547 2180 producitur,
2577 2119 2632 2166 et
2656 2111 2878 2166 cultura
2909 2113 3131 2180 crescit,
3165 2123 3220 2169 et
3260 2114 3411 2186 iuxta
3455 2133 3608 2172 mare
3634 2135 3792 2188 rege.

2203 2209 2318 2257 tare
2343 2210 2520 2268 amat;
2553 2203 2782 2258 vincens
2819 2215 3001 2260 autem
3032 2206 3106 2265 ita
3131 2206 3376 2262 locormn
3409 2209 3791 2277 universitate,

2203 2307 2309 2348 non
2343 2292 2526 2349 minus
2560 2295 2739 2349 vincit'
2764 2299 3106 2365 vegetatione
3153 2297 3228 2352 ita
3279 2315 3670 2371 quamcunque
3709 2318 3794 2356 ar-

2204 2384 2425 2452 borum,
2467 2398 2526 2442 ut
2560 2388 2708 2442 nulla
2757 2387 2974 2458 uspiam
3003 2391 3131 2444 talis
3157 2391 3247 2446 sit.
3272 2390 3392 2446 Non
3423 2393 3573 2446 enim
3617 2403 3675 2447 ut
3707 2393 3792 2448 in-

2205 2485 2292 2532 ter
2316 2478 2454 2532 alias
2485 2494 2608 2547 qua:
2635 2489 2914 2535 montana:
2945 2490 3076 2536 sunt
3103 2482 3245 2536 idem
3275 2498 3501 2538 cernere
3522 2485 3790 2555 praebent,

2206 2571 2488 2627 silvestres
2539 2581 2592 2626 et
2615 2572 2834 2626 inculta:
2862 2589 2989 2627 cum
3019 2574 3155 2640 sint,
3193 2575 3520 2646 plerumque
3548 2578 3711 2631 etiam
3741 2589 3795 2632 et

2206 2660 2594 2730 infructuosae;
2633 2662 2776 2718 inter
2806 2664 2982 2718 cultas
3024 2681 3179 2731 vero,
3229 2666 3349 2720 alia:
3372 2666 3645 2722 fructibus
3675 2683 3796 2736 par-

2208 2752 2452 2808 cissimre
2483 2761 2538 2808 et
2598 2755 2812 2810 truncis
2841 2756 3124 2822 aculeata’,
3162 2757 3283 2813 loco
3325 2766 3536 2812 tantum
3572 2774 3600 2812 a
3639 2775 3798 2813 mon-

2211 2846 2356 2900 tanis
2404 2846 2754 2913 differentes;
2797 2849 2940 2913 alim,
2988 2848 3226 2904 fructmn
3257 2849 3482 2920 quidem
3518 2849 3655 2905 forte
3686 2867 3796 2906 non

2209 2935 2553 3002 abnuentes,
2601 2936 2699 2992 sed
2739 2937 2998 2993 debiliter
3077 2939 3470 3007 producentes,
3536 2950 3590 2994 et
3639 2941 3794 2996 brevi

2207 3039 2456 3098 tempore
2503 3028 2785 3086 ﬂorentes.
2842 3030 2951 3086 Sed
2996 3031 3103 3086 ista
3151 3033 3296 3085 inter
3347 3032 3526 3087 cultas
3557 3031 3704 3102 viget
3742 3041 3800 3087 et

2209 3121 2374 3176 durat
2402 3130 2463 3176 ut
2503 3137 2688 3193 pauca':
2727 3122 3025 3184 admodum
3057 3139 3088 3179 e
3117 3124 3479 3195 sylvestribus
3533 3136 3589 3178 et
3617 3123 3797 3178 infru-

2211 3215 2460 3280 ctnosis;
2508 3226 2563 3270 et
2604 3215 2746 3270 inter
2784 3215 3066 3271 silvestres
3092 3215 3336 3285 jucunda
3371 3225 3662 3270 etamoena
3689 3228 3796 3278 est,

2206 3305 2436 3362 ﬂoribus
2467 3316 2523 3360 et
2553 3305 2832 3362 fructibus
2861 3314 3079 3372 ornata,
3113 3316 3172 3361 ut
3215 3307 3362 3360 nulla
3390 3307 3496 3362 alia
3524 3307 3792 3362 arborum

2205 3399 2452 3472 porticus
2504 3399 2930 3466 exornantium,
2989 3410 3043 3454 et
3102 3399 3453 3469 pulchrarum
3484 3400 3796 3470 puellarum

2216 3507 2369 3548 more
2399 3492 2538 3547 bene
2561 3501 2934 3562 comptarnm.
2961 3490 3168 3547 Deinde
3189 3500 3400 3547 eceterae
3431 3491 3631 3562 saepius
3659 3492 3797 3548 anni

2206 3591 2454 3652 tempora
2498 3581 2728 3646 fallunt;
2779 3583 2901 3636 alia:
2934 3581 3156 3652 quidem
3210 3597 3304 3636 ver
3347 3580 3698 3646 antecedunt,
3734 3593 3797 3638 ut

2207 3677 2323 3746 ipsa
2347 3675 2565 3745 quidem
2605 3675 2823 3745 palma;
2861 3674 3046 3729 multa:
3073 3683 3258 3729 autem
3290 3673 3349 3729 in
3380 3674 3558 3729 hieme
3592 3675 3799 3745 produ-

2207 3778 2363 3834 cunt;
2392 3769 2497 3823 ista
2529 3781 2659 3822 vero
2684 3766 2849 3822 etiam
2879 3765 2933 3820 in
2965 3765 3052 3821 his
3081 3765 3255 3836 legem
3287 3773 3472 3821 servat
3492 3773 3547 3820 et
3579 3766 3800 3837 sapien-

2210 3869 2293 3917 ter
2315 3862 2448 3917 eolit
2475 3879 2489 3917 :
2515 3861 2725 3916 aestatis
2763 3859 2909 3915 enim
2944 3858 2999 3914 in
3031 3869 3245 3931 partem
3274 3858 3541 3929 majorem
3573 3873 3802 3930 progre-

2209 3953 2380 4018 ditur,
2430 3962 2485 4008 et
2516 3951 2795 4008 fructuum
2832 3951 3258 4022 pulcherrimos,
3309 3950 3441 4004 anni
3491 3957 3796 4022 temporum

2211 4047 2586 4118 pulcherrimo
2604 4046 2844 4103 ostendit
2871 4063 2884 4100 :
2915 4044 3096 4100 hieme
3121 4053 3302 4100 autem
3333 4043 3808 4115 pulchritudinem

2209 4140 2439 4204 excutit,
2471 4146 2526 4193 et
2556 4149 2810 4192 naturam
2866 4136 3229 4206 ordinemque
3282 4142 3591 4206 temporum
3649 4133 3801 4189 inse-

2211 4230 2540 4303 quitur;ita
2563 4239 2644 4292 ut.
2677 4229 2725 4286 si
2758 4229 2891 4301 quid
2927 4229 3130 4284 mirum
3161 4227 3410 4298 quidem,
3447 4226 3543 4282 sed
3571 4226 3802 4281 verissi-

2211 4339 2363 4380 mum
2415 4324 2602 4379 dicere
2655 4331 2770 4384 est,
2816 4325 2958 4377 hanc
3005 4321 3182 4378 solam
3233 4335 3358 4376 esse
3416 4317 3800 4389 tempestivam

2212 4417 2414 4473 merito
2447 4414 2654 4485 aliquis
2701 4413 3168 4485 pronuntiaverit,
3206 4427 3316 4467 non
3346 4411 3524 4468 solum
3560 4409 3630 4465 ob
3662 4417 3803 4463 tem.-

2213 4523 2338 4580 pus,
2372 4508 2467 4564 sed
2499 4508 2664 4563 etiam
2688 4507 2760 4562 ob
2797 4505 3066 4573 fructum;
3101 4513 3317 4561 caeteras
3349 4515 3534 4560 autem
3589 4503 3759 4558 intem
3779 4529 3798 4543 -

519 4608 956 4680 διαφυλαχθῆναι
1002 4609 1070 4664 δι’
1101 4608 1272 4680 ὥρας,
1311 4609 1515 4681 ὡραῖον
1539 4625 1554 4638 ·
1585 4607 1703 4663 ἀλλ’
1736 4607 1888 4680 αύτῷ
1930 4624 1995 4678 γε
2027 4607 2104 4678 τῷ

2215 4603 2460 4671 pestivze,
2496 4599 2570 4654 ita
2613 4597 2866 4655 ordinem
2905 4597 3158 4654 fallentes
3186 4606 3242 4652 et
3271 4607 3488 4667 tempus
3537 4597 3802 4666 ignoran-

518 4701 611 4758 διά
641 4702 847 4766 παντὸς
867 4702 964 4756 τοῦ
997 4701 1154 4766 ἔτους
1180 4700 1548 4770 διακατέχειν,
1598 4701 1848 4771 κρεῖττον
1873 4701 1972 4771 μὲν
2001 4699 2108 4755 τῶν

518 4793 681 4866 ὡρῶν
701 4808 717 4824 ο
751 4795 1000 4864 κρεῖττον
1036 4793 1094 4848 δὲ
1131 4793 1234 4864 τῆς
1260 4792 1582 4864 ἐπωνυμίας
1601 4807 1616 4824 ·
1647 4793 1899 4863 κρεῖττον
1929 4791 1988 4846 δὲ
2015 4793 2110 4845 καὶ

521 4885 746 4940 πάντων
775 4885 912 4956 δμοῦ
941 4885 1054 4939 τῶν
1081 4883 1288 4940 λοιπῶν
1312 4884 1541 4956 καρπῶν
1573 4883 1882 4938 δείκνυταιι
1915 4883 1984 4938 τὰ
2011 4883 2109 4952 μὲν

523 4978 677 5049 ἡδεῖα
695 4977 774 5049 τῷ
794 4978 1033 5051 διαρκεῖ,
1065 4977 1134 5031 τὰ
1161 4977 1526 5049 διαρκέστερα
1555 4977 1612 5031 δὲ
1629 4976 1706 5049 τῷ
1729 4977 1850 5049 ἡδεῖ
1867 4977 2076 5031 νικῶσα
2090 4993 2104 5008 ·

525 5067 730 5140 μᾶλλον
760 5068 839 5136 δὲ,
885 5070 934 5123 εί
967 5069 1050 5123 δεῖ
1086 5069 1321 5140 τάληθὲς
1368 5071 1566 5137 εἰπεῖν,
1631 5071 1725 5124 καὶ
1754 5072 1822 5124 τά
1859 5070 1989 5143 ἡδέα
2039 5073 2108 5142 τῇ

522 5159 685 5233 ἡδονῇ
711 5161 806 5215 καὶ¹
831 5159 910 5233 τῷ
947 5161 1163 5234 μονίμῳ
1193 5155 1261 5215 τὰ
1288 5160 1521 5232 μόνιμα.

594 5429 852 5486 Ἥδιστόν
875 5447 930 5484 τι
969 5432 1162 5503 χρῆμα
1199 5430 1363 5502 συκῆ.
1405 5431 1545 5486 Ἀλλ’
1576 5433 1624 5486 εί
1656 5432 1716 5486 τὸ
1775 5432 1929 5502 μέλιν
1974 5431 2112 5504 πρὸς

519 5523 626 5595 τὴν
683 5523 816 5595 ἕλην
849 5523 1157 5596 ἐξικμασθῇ
1193 5524 1291 5580 καὶ
1320 5523 1398 5596 τῷ
1459 5525 1596 5597 ἡλίῳ
1628 5525 1689 5579 τὸ
1740 5524 1938 5590 κάλλος
1972 5526 2111 5579 ἀπο-

523 5614 725 5686 ϐληθῇ,
761 5615 856 5668 καὶ
890 5618 950 5669 τό
973 5633 1032 5670 τε
1060 5611 1198 5679 εἶδος
1235 5616 1354 5686 ἄμα
1377 5616 1473 5669 καὶ
1499 5615 1601 5686 τὴν
1627 5614 1822 5686 ἡδονὴν
1847 5615 2109 5686 στερηθῇ,

526 5708 624 5762 καὶ
652 5707 895 5778 ἀτεχνῶς
927 5707 1064 5778 ρυσὴ
1095 5707 1344 5778 γένηται,
1375 5706 1516 5776 πλὴν
1547 5707 1578 5775 ἢ
1609 5705 1756 5770 ἅπαξ
1787 5705 1934 5769 ἰδεῖν,
1967 5704 2113 5771 ἕξεις

526 5797 682 5852 οὐδέν
707 5816 722 5830 ο
756 5800 872 5868 ἅμα
900 5817 956 5852 τε
978 5799 1088 5870 γὰρ
1116 5799 1288 5870 ἐφάνη
1312 5839 1326 5863 ,
1356 5799 1452 5853 καὶ
1471 5798 1542 5851 τὰ
1566 5797 1659 5852 τοῦ
1686 5798 1905 5867 δένδρου
1933 5795 2114 5868 πολλῷ

530 5890 729 5947 θᾶττον
758 5896 790 5965 ἢ
822 5893 883 5947 τὸ
912 5892 1073 5957 ἄνθος
1108 5893 1280 5965 ὲρρύη
1306 5909 1320 5925 ο
1355 5891 1499 5949 οὕτω
1543 5892 1638 5946 καὶ
1664 5890 1839 5946 ταῦτα
1874 5890 1974 5962 τῆς
2003 5907 2113 5962 μη-

2213 4704 2325 4760 tes;
2363 4709 2471 4748 non
2521 4701 2667 4747 certe
2721 4691 2879 4763 quasi
2917 4694 2984 4747 ad
3039 4701 3256 4761 tempus
3299 4703 3604 4760 apparere,
3656 4688 3804 4745 sicut

2211 4786 2420 4841 servari
2457 4785 2692 4841 durante
2737 4792 2986 4855 tempore
3043 4785 3438 4854 tempestivum
3471 4781 3626 4836 foret=
3651 4781 3808 4838 :setl

2211 4891 2278 4931 eo
2307 4875 2428 4944 ipso
2445 4873 2590 4944 quod
2616 4873 2846 4927 omnino
2873 4871 3063 4939 durat,
3097 4872 3202 4926 ista
3232 4870 3575 4941 temporibus
3593 4869 3798 4939 potior,

2212 4968 2396 5038 potior
2427 4966 2675 5038 epitheto
2728 4979 2852 5032 suo,
2907 4963 3092 5035 potior
3148 4978 3371 5034 quoque
3403 4961 3662 5018 omnibus
3686 4975 3810 5016 una-

2212 5059 2430 5118 caeteris
2498 5056 2784 5128 frugiferis
2834 5055 3183 5119 ostenditur;
3239 5053 3515 5124 iucundas
3573 5052 3796 5124 quidem

2111 5196 2132 5206 -
2211 5150 2528 5218 duratione,
2557 5147 2932 5204 diuturniores
2959 5157 3139 5202 autem
3164 5147 3510 5215 jucunditate
3541 5145 3796 5212 vincens;

2214 5246 2325 5299 imo
2351 5257 2504 5307 vero,
2549 5241 2596 5296 si
2627 5255 2758 5295 vera
2797 5241 2982 5296 dicere
3024 5227 3271 5310 oportet,
3299 5239 3574 5306 jncundas
3593 5237 3800 5308 jucun-

2211 5335 2380 5391 ditate
2413 5341 2470 5388 et
2490 5329 2772 5388 durabiles
2800 5330 3092 5388 duratione
3120 5344 3414 5400 superans.

2283 5423 2758 5482 iucundissimum
2788 5423 3009 5494 quidem
3037 5423 3242 5477 bonum
3272 5429 3357 5475 est
3396 5419 3576 5486 licus;
3629 5417 3722 5472 sed
3751 5417 3798 5473 si

2213 5518 2335 5589 ejus
2379 5517 2487 5572 mel
2535 5515 2727 5572 calore
2789 5513 3123 5586 defluxerit,
3172 5519 3230 5569 et
3270 5512 3386 5568 sole
3446 5510 3799 5582 pulchritudo
3868 5514 3876 5587 ξ

2215 5611 2398 5667 ablata
2445 5607 2647 5673 fuerit,
2701 5615 2834 5664 tunc
2883 5614 3170 5662 venustate
3203 5613 3259 5661 et
3297 5603 3576 5674 voluptate
3629 5601 3799 5658 simul

2216 5705 2478 5766 nudatur,
2513 5711 2572 5758 et
2607 5699 2749 5756 ftede
2781 5705 2977 5772 rugata
3031 5697 3294 5762 efficitur,
3365 5704 3562 5766 praeter
3613 5695 3796 5749 solum

2215 5797 2396 5852 visum
2429 5797 2675 5852 invenies
2698 5796 2868 5862 nihil;
2893 5810 3019 5851 nam
3043 5791 3488 5862 simul'apparuit
3515 5798 3570 5846 et
3589 5787 3800 5844 efﬂuxit
3875 5791 3886 5810 ’

2219 5889 2434 5947 arboris
2463 5889 2630 5946 decor
2669 5890 2845 5947 multo
2879 5887 3123 5946 velocius
3155 5899 3318 5960 quam
3347 5883 3469 5941 llos.
3501 5881 3595 5940 Sic
3623 5881 3798 5938 etiam
