4164 6422
482 392 584 456 851

1718 394 1749 453 J
1757 393 1905 453 ΟΛΝ
1914 394 1959 452 Ν
1966 395 2041 453 IS
2078 395 2512 460 GEOMETR/E

3634 402 3732 469 852

480 509 533 560 iu
564 506 649 559 his
694 504 840 559 malo
877 505 1012 561 licus
1046 504 1185 560 cedit
1219 518 1333 555 tum
1370 502 1423 555 in
1461 500 1587 556 aliis
1626 502 2053 571 pulchritudinis

2171 509 2286 574 iéa;
2313 513 2346 581 ἡ
2401 513 2542 585 συκῆ
2594 513 2828 581 ἡττᾶται
2853 528 2865 541 ·
2917 511 3062 581 μετά
3114 528 3180 581 γε
3212 512 3322 567 τῶν
3364 511 3540 567 ἄλλων
3566 514 3656 567 τοῦ
3679 534 3733 569 τε

476 604 530 649 et
558 595 747 651 odoris
790 611 913 651 cum
960 592 1358 664 magnitudinis
1391 591 1615 647 dotibus
1647 611 1659 647 :
1697 592 1901 648 talibus
1931 593 2056 662 qui-

476 688 600 740 dum
645 689 747 742 ista
781 688 916 743 locis
944 686 1167 756 gaudet,
1219 684 1426 740 talibus
1466 694 1651 739 autem
1688 685 1745 739 in
1773 685 2059 741 montibus

478 778 673 845 ﬂoret;
707 778 758 831 in
792 786 1003 831 tantum
1046 774 1310 844 temporis
1339 774 1543 842 durat,
1576 785 1844 845 quantum
1893 774 2059 830 etiam

477 873 883 926 incrementum
934 869 1123 925 sumit.
1167 866 1287 922 Non
1340 868 1487 923 enim
1528 868 1595 923 ad
1632 869 1814 939 ipsum
1859 868 2061 925 ccelum

477 961 707 1027 tollitur,
743 961 895 1016 etab
941 959 1262 1016 hominibus
1302 975 1469 1029 quam
1516 960 1759 1015 maxime
1817 960 2061 1029 recedit;

477 1068 655 1123 neque
696 1054 928 1108 multum
979 1054 1136 1123 juxta
1178 1062 1383 1107 terram
1425 1052 1623 1123 surgit,
1656 1062 1718 1107 ut
1757 1052 1941 1108 multa:
1971 1069 2063 1108 ar-

475 1149 661 1210 bores,
718 1145 1034 1201 humilitate
1079 1147 1410 1218 despicitur,
1446 1147 1534 1203 vel
1583 1147 1852 1203 ruborum
1910 1163 2065 1205 more

477 1236 756 1291 divellitur
786 1247 839 1291 et
870 1238 1255 1308 proculcatur;
1293 1237 1387 1293 sed
1424 1238 1862 1293 moderationem
1894 1238 1948 1292 in
1978 1239 2064 1295 his

476 1345 696 1401 quoque
732 1342 935 1394 servat,
968 1338 1023 1385 et
1051 1340 1331 1401 tamquam
1380 1345 1573 1387 omnes
1606 1332 1861 1386 homines
1907 1345 2064 1386 ama-

477 1434 624 1478 tores
656 1422 885 1489 habens,
946 1424 1013 1479 ad
1041 1424 1249 1495 justam
1307 1438 1627 1479 mensuram
1675 1424 1975 1494 profertur,
2012 1433 2067 1479 et

477 1531 644 1587 prope
694 1518 965 1571 manendo
1027 1518 1342 1572 amantibus
1373 1532 1433 1572 se
1481 1517 1710 1587 praebet.
1755 1517 1827 1572 Ut
1881 1527 2065 1572 autem

479 1609 686 1661 amoris
719 1608 945 1661 satietas
969 1623 1077 1661 non
1114 1607 1417 1678 contingat,
1451 1608 1617 1677 paulo
1644 1623 1673 1661 a
1708 1617 1849 1663 terra
1878 1623 2067 1663 assur-

478 1707 577 1775 git,
610 1716 661 1760 ct
696 1722 804 1760 una
855 1721 977 1760 cum
1029 1704 1319 1774 juventute
1364 1706 1832 1775 pulchritudinem
1886 1706 2067 1775 expli-

478 1807 586 1861 cat,
622 1806 676 1850 et
703 1795 993 1864 juventute
1032 1797 1295 1864 majorem
1345 1795 1819 1865 pulchritudinem
1863 1810 2066 1864 expen-

479 1891 635 1947 dens,
675 1898 913 1957 utraque
967 1889 1268 1957 conspicua
1302 1886 1634 1941 ostenditur.
1673 1885 1752 1939 lta
1786 1899 1918 1955 ergo
1965 1886 2067 1939 hu-

480 1980 765 2033 militatem
794 1988 849 2033 et
874 1978 1255 2034 celsitudinem
1297 1977 1586 2047 aequaliter
1627 1978 1845 2032 evitans
1875 1976 2063 2041 arbor,

480 2087 656 2140 neque
702 2071 951 2140 aSpectui
997 2069 1492 2139 contemplantium
1524 2066 1840 2133 abducitur,
1887 2081 2067 2136 neque

479 2180 722 2217 amorem
773 2162 954 2217 satiat.
988 2160 1095 2217 Sed
1144 2176 1321 2233 neque
1376 2161 1480 2217 sibi
1538 2161 1640 2231 ipsi
1689 2169 1878 2226 nocet,
1936 2176 2065 2215 nam

476 2257 818 2312 altitudinem
881 2264 1188 2321 correptam
1244 2255 1539 2309 vehemens
1590 2263 1788 2309 ventus
1850 2253 2067 2308 irruens

477 2368 584 2406 non
618 2351 823 2420 rumpit
850 2351 933 2405 vel
965 2348 1251 2413 subvertit,
1284 2358 1338 2403 et
1366 2355 1571 2402 tantam
1599 2344 2064 2415 pulchritudinem

476 2442 902 2511 proculcandam
959 2441 1252 2511 permittit.
1313 2437 1474 2493 Certe
1528 2436 1677 2493 enim
1720 2451 1829 2489 non
1904 2435 2067 2502 digne

488 2532 762 2587 Homerus
798 2548 915 2586 rem
970 2531 1309 2600 deploraret,
1345 2528 1440 2600 qui
1479 2528 1532 2581 in
1562 2527 1779 2597 plautas
1828 2526 2065 2580 lamenta

475 2625 771 2695 expromit,
818 2624 908 2693 qui
957 2625 1146 2693 pinum
1187 2622 1521 2677 lamentatur
1554 2628 1610 2676 et
1641 2634 1928 2689 quercum,
1972 2619 2065 2687 qui

478 2718 741 2789 populum
796 2717 974 2770 allzam
1031 2713 1211 2779 dellet,
1265 2722 1318 2768 et
1352 2712 1619 2783 gemitum
1671 2712 1777 2766 ciet
1806 2711 1860 2764 in
1888 2711 2064 2765 oleam

478 2812 752 2865 arborem.
816 2806 1053 2879 Fugiens
1102 2805 1272 2877 igitur
1323 2805 1467 2860 hanc
1520 2804 1891 2858 calamitatem
1950 2804 2067 2859 haec

478 2903 667 2965 arbos,
699 2901 893 2957 eodem
930 2899 1095 2955 modo
1131 2900 1299 2954 etiam
1334 2897 1577 2954 fructum
1610 2896 1888 2968 producit.

548 3079 682 3134 Nam
730 3080 911 3150 primo
963 3080 1183 3150 quidem
1245 3093 1353 3132 non
1409 3077 1553 3132 sicut
1606 3077 1787 3147 palma
1841 3074 2067 3131 frondes

2162 603 2396 667 κάλλους
2450 604 2548 658 καὶ
2594 603 2694 674 τῆς
2728 604 2900 674 ὀδμῆς
2961 603 3055 659 καὶ
3104 602 3201 658 τοῦ
3257 602 3558 674 μεγέθους·
3593 608 3735 676 παρά

2160 696 2429 760 τοιούτοις
2454 697 2554 767 μὲν
2586 696 2697 749 τῶν
2721 696 2943 767 χωρίων
2973 695 3244 767 χαίρουσα
3265 712 3280 727 ·
3322 696 3475 766 παρά
3519 698 3737 771 τοιαύτῃ

2161 789 2219 842 δὲ
2255 788 2363 842 τῶν
2396 789 2558 860 ὡρῶν
2598 787 2871 842 θάλλουσα
2892 804 2908 821 ·
2961 786 3115 858 παρὰ
3171 787 3428 841 τοσοῦτον
3471 787 3527 841 δέ
3556 788 3711 859 διαμέ

2165 896 2331 933 νουσα
2362 878 2570 933 καὶτὸν
2599 879 2792 949 χρόνον
2819 877 2938 931 οῖαν
2963 877 3030 947 δὴ
3053 876 3149 931 καὶ
3180 876 3281 946 τὴν
3309 875 3547 946 βλάστην
3578 880 3715 929 ποιεῖ

2163 989 2278 1026 ται.
2315 970 2453 1025 Οΰτε
2477 971 2585 1042 γὰρ
2608 970 2748 1041 πρὸς
2774 970 2937 1025 αὐτὸν
2964 969 3180 1040 αἴρεται
3214 968 3305 1021 τὸν
3340 968 3578 1039 οὐρανὸν
3600 1009 3614 1031 ,
3655 986 3721 1021 κα

2164 1064 2275 1117 τῶν
2326 1061 2633 1133 ἀνθρώπων
2688 1062 2765 1125 ὡς
2796 1061 2891 1115 ἐπὶ
2926 1063 3178 1114 πλεῖστον
3232 1060 3561 1114 ἀποστατεῖ·
3622 1057 3739 1111 οὔτε

2169 1156 2277 1226 μὴν
2308 1155 2448 1207 πάνυ
2484 1157 2548 1224 τῇ
2573 1156 2644 1224 γῇ
2675 1153 3056 1224 προσπέφυκε,
3084 1152 3180 1205 καὶ
3206 1145 3297 1204 οἷα
3330 1150 3415 1217 τὰς
3438 1150 3609 1204 πολλὰ
3639 1152 3740 1205 τῶν

2165 1249 2431 1319 δένδρων,
2482 1248 2562 1318 τῷ
2606 1247 2810 1317 ἑτοίμῳ
2867 1245 3391 1316 καταπεφρόνηται,
3448 1243 3481 1312 ἢ
3544 1243 3740 1313 θάμνου

2165 1340 2369 1412 τρόπον
2407 1339 2662 1409 ἔρριπται
2686 1379 2703 1405 ,
2738 1338 2828 1390 καὶ
2856 1338 3338 1404 καταπεπάτηται·
3374 1330 3508 1387 ἀλλά
3536 1331 3595 1384 τὸ
3644 1331 3742 1385 σῶ-

2169 1450 2306 1504 φρον
2334 1433 2440 1485 κάν
2470 1432 2687 1494 τούτοις
2712 1431 2849 1501 τιμᾷ
2872 1445 2885 1459 ·
2923 1429 3016 1481 καὶ
3047 1422 3137 1482 οἷα
3172 1428 3272 1497 μέν
3301 1426 3512 1487 πάντας
3538 1423 3741 1493 ἀνθρώ-

2170 1540 2305 1586 πους
2334 1523 2570 1594 ἐραστὰς
2600 1522 2820 1593 ἔχουσα,
2849 1522 3097 1591 πρόεισιν
3127 1519 3220 1572 ἐπί
3257 1518 3477 1590 μέτριον
3501 1534 3514 1547 ·
3558 1517 3649 1569 καὶ
3672 1516 3742 1587 τῷ

2173 1613 2355 1683 μένειν
2386 1613 2578 1681 ἐγγὺς,
2624 1616 2738 1675 τοῖς
2777 1610 2947 1680 ἐρῶσι
2994 1608 3305 1680 χαρίζεται.
3340 1607 3534 1669 Ὅπως
3575 1606 3631 1658 δὲ
3673 1606 3741 1677 μὴ

2171 1708 2265 1760 καὶ
2302 1706 2464 1776 κόρος
2511 1706 2605 1759 τοῦ
2652 1705 2855 1774 ἔρωτος
2900 1700 2960 1775 ᾖ,
3021 1703 3116 1757 καὶ
3170 1700 3367 1772 μικρόν
3414 1718 3469 1752 τι
3505 1699 3601 1765 τῆς
3648 1699 3742 1767 γῆς

2171 1801 2442 1868 ἀνέστηκε
2464 1839 2478 1864 ,
2530 1798 2625 1852 καὶ
2660 1799 2779 1869 ἆμα
2807 1796 2882 1868 τῷ
2918 1814 2976 1850 τε
3014 1796 3200 1850 κάλλει
3223 1795 3322 1865 τὴν
3354 1793 3573 1863 ἡλικίαν
3614 1809 3743 1861 συμ-

2170 1890 2441 1963 προῖοῦσα
2466 1906 2479 1920 ·
2517 1891 2612 1944 καὶ
2644 1888 2706 1942 τὸ
2748 1888 2945 1951 κάλλος
2988 1890 3055 1958 τῇ
3090 1885 3278 1956 ἡλικίᾳ
3324 1883 3489 1937 πλέον
3519 1881 3741 1947 τιθεῖσα,

2170 1982 2229 2047 ἐξ
2259 1979 2589 2051 ἀμφοτέρων
2620 1980 2681 2033 τὸ
2727 1978 2925 2049 σεμνὸν
2956 1978 3311 2030 ἐνδείκνυται.
3345 1974 3533 2036 Οὓτως
3568 1973 3655 2027 οὖν
3688 1973 3743 2026 τὸ

2168 2075 2425 2129 ταπεινόν
2449 2091 2508 2126 τε
2532 2074 2629 2127 καὶ
2676 2071 2883 2143 ὑψηλὸν
2910 2072 3105 2140 ἐπίσης
3142 2068 3313 2138 φυγδν
3344 2067 3405 2121 τὸ
3447 2066 3742 2137 βλάστημα,

2169 2164 2293 2219 οὔτε
2322 2166 2422 2234 τὴν
2452 2165 2578 2234 ὄψιν
2606 2163 2735 2227 τοὺς
2777 2162 2973 2226 θεατὰς
3002 2162 3249 2232 ἀφαιρεῖ,
3282 2157 3405 2212 οὔτε
3439 2157 3635 2226 πληροῖ
3662 2156 3743 2208 τὸν

2168 2260 2389 2331 ἔρωτα·
2445 2257 2560 2310 ἀλλ’
2605 2257 2731 2310 οὕτε
2770 2254 2876 2326 μὴν
2910 2252 3113 2323 ἑαυτὴν
3161 2251 3371 2304 ἀδικεῖ·
3428 2248 3493 2303 οὐ
3532 2248 3638 2317 γὰρ
3686 2246 3743 2316 δὴ

2170 2354 2306 2425 πρὸς
2343 2350 2477 2421 ὖψος
2517 2349 2795 2404 ἐλάσασαν
2819 2390 2833 2413 ,
2871 2345 3108 2415 σκληρός
3133 2360 3216 2406 τις
3245 2342 3449 2411 ἄνεμος
3503 2337 3745 2409 ἐμπεσὼν

2170 2445 2476 2514 κατήνεγκε
2495 2442 2589 2495 καὶ
2611 2438 2874 2510 ἀνέτρεψε
2897 2478 2912 2503 ,
2941 2437 3037 2491 καὶ
3063 2434 3317 2489 τοσοῦτον
3342 2432 3540 2495 κάλλος
3570 2431 3745 2484 πατεῖν

2170 2537 2511 2608 παρέδωκεν·
2532 2535 2566 2605 ἢ
2599 2533 2708 2604 γὰρ
2737 2532 2804 2586 ἂν
2830 2530 2941 2585 οὐδ’
2960 2530 3215 2599 Ὄμηρος
3240 2525 3407 2590 ἀξίως
3440 2525 3502 2577 τὸ
3529 2523 3745 2594 πρᾶγμα

2169 2629 2503 2700 ἐθρήνησεν·
2545 2626 2605 2689 ὃς
2656 2642 2720 2695 γε
2749 2624 2844 2678 καὶ
2882 2622 3114 2694 θρήνους
3146 2620 3225 2683 εἰς
3274 2617 3342 2671 τά
3390 2616 3530 2688 ἔρνη
3577 2616 3741 2668 ποιεῖ·

2169 2728 2263 2777 καὶ
2293 2723 2483 2794 θρηνεῖ
2529 2721 2630 2791 μὲν
2660 2719 2759 2790 τὴν
2799 2717 2962 2771 πίτυν
2983 2733 2996 2747 ·
3033 2715 3223 2786 θρηνεῖ
3249 2715 3305 2767 δέ
3334 2713 3437 2783 τὴν
3473 2710 3630 2783 δρῦν·
3658 2709 3745 2763 61-

2170 2815 2421 2886 κρύειδέ
2468 2814 2568 2884 τὴν
2622 2810 2898 2884 ἀχερωῖδα
2951 2808 3047 2863 καὶ
3085 2807 3321 2860 ἐλεεινὸν
3379 2806 3479 2858 ἐπὶ
3533 2803 3608 2875 τῷ
3656 2803 3746 2873 τῆς

2169 2909 2354 2971 ἐλαίας
2406 2907 2669 2977 ἀνακλᾴει
2705 2903 2881 2975 φυτῷ.
2922 2903 3128 2971 Φεῦγον
3158 2900 3251 2954 οὖν
3279 2898 3375 2953 καὶ
3413 2897 3619 2968 ταύτην
3656 2895 3745 2966 τὴν

2181 3001 2473 3073 συμφορὰν
2495 3002 2558 3054 τὸ
2596 3000 2787 3070 φυτὸν,
2811 2992 2923 3051 οἷον
2953 2996 3244 3067 βλαστάνει
3278 2994 3374 3048 καὶ
3398 2993 3493 3045 τὸν
3523 2990 3741 3062 καρπόν.

2246 3089 2471 3160 Πρῶτον
2505 3087 2606 3159 μὲν
2649 3088 2760 3160 γὰρ
2791 3086 2890 3156 οὐχ
2922 3083 3111 3155 ὥσπερ
3154 3085 3181 3137 6
3218 3082 3398 3153 φοῖνιξ
3438 3082 3532 3135 ἐπὶ
3579 3081 3741 3149 κόμης

475 3171 769 3227 frondibus
848 3173 1026 3228 solum
1113 3169 1324 3239 adjicit,
1399 3170 1494 3225 sed
1573 3184 1638 3224 ex
1722 3168 1871 3222 omni
1909 3177 2063 3237 parte

2171 3184 2229 3237 οὐ
2266 3184 2426 3253 μόνον
2447 3182 2596 3252 κομᾷ
2614 3222 2631 3248 ,
2660 3179 2797 3235 ἀλλὰ
2826 3179 3124 3242 διαπαντὸς
3144 3176 3364 3243 ἐξανθεῖ
3391 3175 3489 3229 τοῦ
3526 3172 3744 3244 βλαστή-

476 3280 662 3318 ramos
693 3274 745 3319 et
776 3264 999 3319 frondes
1031 3262 1325 3333 expromit,
1351 3269 1405 3317 et
1440 3261 1825 3331 undecumque
1851 3271 2065 3315 amato-

481 3361 570 3410 res
599 3356 821 3409 attrahit
860 3365 914 3410 et
941 3356 1195 3410 delectat.
1252 3352 1459 3408 Deinde
1492 3351 1765 3407 fructibus
1795 3351 1912 3406 haec
1941 3351 2065 3405 alba

475 3458 580 3511 est,
613 3449 701 3502 illa
734 3446 894 3516 ﬂava,
929 3450 1099 3503 altera
1124 3447 1313 3513 rubra,
1354 3446 1526 3501 altera
1558 3459 1868 3516 purpurea,
1894 3443 2065 3498 altera

484 3541 723 3611 denique
771 3541 1081 3611 azruginosa
1135 3557 1150 3594 :
1198 3541 1273 3595 ita
1305 3541 1451 3593 inter
1501 3538 1730 3592 arbores
1757 3536 1865 3591 alia
1919 3533 2066 3590 aliud

479 3632 605 3697 fert,
658 3633 750 3687 sed
780 3634 980 3697 omnia
1027 3632 1131 3687 fert
1166 3632 1365 3686 malus.
1405 3628 1462 3684 Si
1509 3629 1734 3699 quidem
1789 3629 1914 3683 albo
1972 3627 2070 3682 de-

480 3723 739 3788 lecteris,
805 3722 873 3778 ad
931 3722 1109 3777 albam
1177 3722 1431 3776 arborem
1487 3722 1773 3791 procedis;
1831 3723 1879 3774 si
1941 3733 2071 3772 vero

476 3815 709 3870 rubrum
754 3814 965 3884 cupias,
1015 3814 1082 3868 ad
1136 3814 1361 3868 rubram
1400 3821 1451 3867 te
1484 3811 1715 3882 dirigis;
1764 3810 1811 3865 si
1857 3819 2074 3865 utrum-

478 3922 585 3975 que
623 3921 812 3972 ames,
844 3905 913 3959 ad
964 3904 1127 3960 aliam
1178 3905 1371 3969 vadis;
1411 3903 1494 3958 sin
1526 3914 1709 3958 autem
1754 3902 1921 3958 simul
1957 3916 2074 3957 om-

478 4002 569 4054 nia
600 4014 848 4070 qumras,
882 3998 969 4053 abi
1002 3998 1069 4052 ad
1112 3996 1376 4052 ferentem
1419 3996 1651 4062 datiles;
1700 3996 1815 4048 haec
1850 3994 1918 4050 iis
1952 3993 2075 4062 qui-

481 4093 603 4146 dem
636 4091 806 4157 albet,
848 4090 917 4145 iis
967 4104 1097 4143 vero
1144 4088 1344 4154 rubet;
1395 4096 1507 4143 tum
1548 4087 1767 4157 quidem
1800 4096 2072 4152 recenter,

481 4194 597 4239 tum
628 4193 810 4237 autem
838 4182 1162 4252 jamdudum
1191 4200 1205 4248 ;
1237 4181 1305 4236 iis
1336 4195 1467 4236 vero
1498 4188 1801 4250 purpurat;
1838 4189 1894 4233 et
1928 4177 2074 4233 albet

479 4278 702 4349 quidem
750 4277 902 4332 velut
933 4276 1040 4341 lac,
1075 4284 1343 4346 purpurat
1390 4290 1520 4329 vero
1573 4273 1678 4329 ista
1729 4274 1877 4327 velut
1925 4287 2071 4336 rosa,

487 4372 847 4442 variaturque
882 4370 1119 4426 diversis
1170 4369 1491 4435 coloribus;
1526 4369 1640 4423 haec
1679 4368 1900 4437 quidem
1937 4375 2073 4429 tota,

479 4460 573 4518 illa
634 4478 765 4517 vero
815 4478 924 4517 non
973 4470 1124 4528 tota;
1194 4460 1314 4515 haec
1352 4460 1560 4524 minus,
1611 4459 1705 4514 illa
1771 4458 1967 4529 magis.
2016 4457 2073 4511 Si

2173 3294 2342 3347 ματος
2365 3317 2380 3341 ,
2418 3276 2513 3330 καὶ
2545 3274 2870 3345 ψυχαγωγεῖ
2910 3273 3005 3325 καὶ
3044 3271 3236 3342 τέρπει
3270 3265 3607 3338 πανταχόθεν
3630 3263 3745 3325 τοὺς

2171 3367 2432 3436 ἐραστάς.
2472 3367 2705 3420 Ἔπειτα
2742 3365 2853 3419 τῶν
2881 3363 3134 3435 καρπῶν,
3167 3364 3194 3416 6
3232 3361 3331 3433 μέν
3362 3359 3588 3421 λευκός·
3620 3359 3646 3411 6
3673 3354 3744 3415 δὲ,

2171 3459 2385 3530 ὠχρός·
2424 3460 2453 3512 6
2493 3457 2573 3523 δὲ,
2621 3457 2883 3529 ἐρυθρός·
2926 3456 2954 3507 6
2989 3454 3066 3517 δὲ,
3102 3450 3416 3522 φοινικοῦς·
3452 3451 3479 3502 6
3530 3448 3603 3511 δέ,
3662 3444 3746 3498 καὶ

2176 3554 2381 3625 μιλτός.
2405 3552 2566 3623 Φέρει
2594 3550 2651 3604 δέ
2678 3550 2789 3604 τῶν
2830 3546 3015 3617 φυτῶν
3069 3546 3165 3599 καὶ
3186 3544 3313 3598 ἄλλο
3342 3542 3443 3613 μὲν
3470 3540 3595 3595 ἄλλο
3613 3579 3626 3603 ,
3656 3535 3744 3589 καὶ

2174 3647 2351 3698 πάντα
2381 3642 2439 3697 δὲ
2469 3642 2530 3697 τὸ
2562 3642 2693 3696 αὑτό
2713 3658 2726 3673 ·
2766 3640 2868 3694 κᾶν
2900 3639 2999 3710 μέν
3037 3636 3114 3708 τῷ
3143 3633 3324 3704 λευκῷ
3360 3634 3577 3705 χαίρῃς,
3610 3628 3744 3699 παρά

2174 3737 2382 3807 ταύτην
2438 3735 2716 3807 βαδίζεις·
2762 3733 2828 3787 ἂν
2871 3732 2927 3786 δὲ
2976 3730 3044 3786 τὸ
3106 3728 3339 3802 ἐρυθρὸν
3393 3726 3587 3797 ποθῇς,
3627 3720 3743 3790 παρ’

2176 3814 2395 3900 ἐκείνην
2428 3828 2647 3900 ἀπέρχῃ
2673 3844 2687 3857 ·
2720 3827 2788 3882 ἂν
2812 3825 2871 3880 δὲ
2906 3825 3001 3878 καὶ
3035 3824 3241 3893 ἀμφοῖν
3277 3821 3435 3892 ἐρᾷς,
3478 3816 3625 3889 παρὰ
3656 3814 3744 3883 τὴν

2176 3922 2348 3990 ἀλλην
2379 3920 2569 3990 φοιτᾷς
2594 3936 2608 3949 ·
2652 3918 2719 3971 ἂν
2747 3918 2804 3971 δέ
2855 3918 2949 3971 καὶ
2994 3916 3175 3970 πάντα
3203 3912 3340 3985 ὁμοῦ
3390 3911 3580 3983 ζητῇς,
3611 3904 3745 3975 παρά

2175 4012 2277 4083 τὴν
2310 4011 2583 4083 φέρουσαν
2620 4008 2751 4063 ἄπει
2780 4005 2907 4069 τοὺς
2950 4005 3232 4074 φοινικοῦς
3254 4042 3270 4058 .
3317 4002 3381 4056 Ἡ
3411 4001 3467 4054 δέ
3496 4000 3618 4061 τοὺς
3659 3995 3743 4065 μὲν

2176 4102 2522 4156 λευκαίνεται
2543 4140 2560 4166 ,
2591 4102 2716 4161 τοὺς
2750 4098 2808 4150 δέ
2843 4096 3264 4168 ἐρυθραίνεται·
3304 4092 3433 4155 τοὺς
3471 4089 3568 4161 μὲν
3597 4088 3741 4157 ἄρτι,

2176 4195 2302 4256 τοὺς
2334 4192 2391 4246 δέ
2420 4192 2554 4263 ἤδη·
2586 4190 2715 4254 τοὺς
2744 4187 2801 4241 δὲ
2860 4185 2957 4240 καὶ
2994 4184 3336 4254 φοινίσσεται
3363 4198 3377 4211 ·
3416 4179 3515 4233 καὶ
3542 4173 3744 4231 λευκαί-

2177 4302 2328 4338 νεται
2367 4284 2466 4355 μέν
2514 4280 2689 4344 οὕτως
2742 4279 2818 4342 ὡς
2870 4276 3047 4345 γάλα·
3086 4276 3423 4344 φοινίσσεται
3458 4270 3503 4324 δ’
3556 4267 3743 4326 ἐκεῖνος

2178 4377 2253 4438 ὡς
2283 4376 2436 4448 ῥόδον
2462 4392 2475 4405 ·
2538 4372 2875 4443 κεκέρασται
2902 4368 2949 4422 δ’
2973 4367 3150 4431 ἄλλως
3203 4365 3299 4419 καὶ
3354 4362 3562 4425 ἄλλως·
3598 4361 3625 4413 ὁ
3659 4357 3743 4428 μὲν

2179 4471 2327 4533 ὅλος·
2353 4471 2381 4523 6
2412 4468 2490 4534 δὲ,
2521 4467 2620 4537 οὐχ
2652 4467 2772 4528 ὅλος
2795 4482 2808 4496 ·
2855 4464 2953 4518 καὶ
2982 4462 3010 4513 ὀ
3045 4461 3164 4531 μὲν,
3201 4454 3387 4530 ἦττον.
3436 4458 3464 4509 6
3503 4454 3580 4519 δέ,
3616 4448 3740 4521 μᾶλ-

480 4553 701 4624 quidem
745 4554 972 4608 rubram
1039 4552 1264 4615 videris,
1331 4551 1512 4606 albam
1584 4551 1808 4605 omnino
1847 4550 2067 4619 putabis

2178 4566 2309 4617 λον·
2362 4562 2468 4616 κᾶν
2503 4561 2602 4630 μὲν
2644 4559 2707 4611 τὸ
2763 4555 2993 4627 ἐρυθρὸν
3025 4552 3218 4625 θεάσῃ,
3276 4550 3336 4603 τὸ
3398 4546 3585 4601 λευκὸν
3624 4540 3745 4599 ὅλως

481 4649 737 4717 ignorare
771 4646 1066 4712 arborem;
1101 4654 1154 4699 ct
1182 4644 1228 4700 si
1276 4644 1330 4697 in
1376 4644 1611 4713 primam
1670 4644 1831 4698 istam
1876 4644 2070 4697 oculos

483 4739 777 4803 direxeris,
820 4738 957 4791 nihil
1011 4737 1162 4790 ruhri
1197 4736 1399 4790 fructui
1442 4736 1628 4790 inesse
1675 4735 1922 4799 dixeris;
1975 4735 2069 4789 sed

484 4833 587 4885 hoc
622 4829 841 4900 quidem
894 4833 1092 4899 partim
1129 4827 1377 4898 sanguis,
1431 4827 1631 4898 partim
1666 4843 1796 4881 vero
1856 4826 1950 4880 nix
1992 4827 2074 4879 vi-

482 4920 723 4978 debitur.
757 4920 825 4975 Et
858 4922 1036 4977 malus
1073 4930 1158 4976 est
1190 4920 1308 4975 visu
1354 4935 1499 4984 rosa,
1551 4919 1758 4974 olfactu
1814 4935 1943 4973 vero
1971 4935 2071 4974 un-

483 5024 769 5085 gueutum,
802 5025 1021 5083 gustatu
1052 5023 1237 5069 autem
1272 5013 1417 5069 aliud
1456 5012 1609 5082 quid,
1668 5021 1763 5067 aut
1798 5028 1989 5067 rursus
2016 5012 2070 5067 in

480 5123 549 5161 eo
576 5107 812 5161 multum
847 5106 983 5161 alias
1015 5105 1381 5161 delectatione
1405 5105 1575 5159 vincit
1602 5105 1803 5167 malus,
1833 5105 1962 5159 dum
1994 5104 2070 5159 illi

483 5201 604 5255 alia;
658 5198 835 5269 magis
887 5191 1307 5269 comparantur.
1365 5197 1423 5252 Si
1473 5198 1598 5267 quis
1664 5197 1889 5253 laudare
1943 5200 2075 5254 velit

483 5290 809 5362 cujusquam
840 5292 917 5346 rei
949 5300 1192 5359 gustum,
1242 5298 1338 5344 aut
1366 5290 1570 5344 malum
1616 5289 1760 5343 dicet
1784 5298 1880 5344 aut
1916 5290 2023 5344 mel
2056 5308 2069 5344 :

484 5394 539 5437 et
571 5384 684 5437 haec
727 5382 895 5457 igitur
953 5376 1251 5437 Homerum
1288 5389 1584 5436 suaserunt
1628 5380 1695 5434 ad
1729 5396 1947 5436 omnem
1977 5396 2075 5434 vo-

484 5475 719 5530 candum
745 5475 1051 5545 jucundum
1087 5475 1215 5529 mali
1254 5474 1513 5529 fructum.

558 5568 615 5622 Si
670 5583 800 5623 vero
845 5577 1063 5637 oportet
1132 5567 1333 5622 fabula:
1385 5567 1728 5632 meminisse,
1762 5568 1888 5623 etsi
1938 5568 2072 5638 quid

488 5658 750 5714 doctrina:
796 5671 849 5715 et
884 5660 1261 5715 delectationis
1311 5674 1421 5714 non
1479 5659 1839 5729 injucundum
1892 5669 1971 5715 est
2004 5661 2071 5715 ad

496 5752 677 5801 virum
720 5752 994 5819 applicare
1033 5753 1237 5822 saepius
1278 5763 1331 5808 et
1365 5755 1545 5822 ipsum
1576 5769 1703 5809 cum
1744 5753 1917 5809 Musis
1964 5755 2072 5810 sal-

494 5838 721 5901 tantem,
771 5841 948 5903 aliter,
999 5842 1219 5911 quando
1266 5843 1506 5899 fabulam
1562 5853 1726 5900 ornat
1776 5846 2066 5915 sapientia,

2173 4656 2417 4726 νομίσεις
2464 4654 2678 4720 ἀγνοεῖν
2717 4650 2779 4705 τὸ
2819 4647 2983 4719 φυτόν
3008 4662 3022 4677 ·
3056 4645 3159 4700 κᾶν
3205 4641 3382 4712 τούτῳ
3422 4632 3744 4726 πρώτῳᾷτῆξ

2172 4719 2298 4815 ὄψιν
2342 4743 2659 4815 προσϐάλῃς
2686 4782 2700 4806 ,
2746 4741 2847 4794 οὐκ
2886 4733 3030 4792 εἷναί
3064 4755 3118 4790 τι
3170 4736 3365 4806 φήσεις
3391 4731 3489 4786 καὶ
3530 4719 3742 4799 ἐρυθροῦ

2173 4814 2251 4906 τῷ
2288 4814 2484 4907 καρπῷ
2503 4854 2517 4868 ·
2542 4814 2680 4888 ἀλλὰ
2702 4833 2762 4887 τὸ
2794 4831 2917 4903 μέν,
2945 4825 3087 4900 αἷμα
3112 4828 3172 4880 τὸ
3196 4827 3392 4897 μέρος·
3425 4821 3486 4875 τὸ
3508 4820 3586 4885 δέ,
3619 4814 3742 4879 δόξει

2174 4930 2329 5002 χιών.
2371 4930 2479 4983 Καὶ
2511 4927 2625 4982 ἔστι
2682 4927 2743 4980 τὸ
2777 4925 2949 4997 μῆλον
3002 4924 3132 4977 ἰδεῖν
3165 4922 3263 4991 μὲν
3319 4918 3493 4989 ῥόδον,
3550 4908 3744 5002 ὀσφρήο

2177 5001 2374 5076 σασθαι
2404 5022 2463 5074 δέ
2513 5020 2683 5091 μύρον
2711 5062 2725 5085 ,
2766 5015 3071 5087 γεύσασθαι
3120 5012 3175 5066 δέ
3224 5027 3280 5065 τι
3328 5009 3492 5073 ἄλλο,
3528 5006 3560 5075 ἢ
3597 5001 3743 5091 πάλιν

2174 5113 2305 5167 αὐτὸ
2340 5112 2508 5183 μῆλον
2531 5110 2676 5163 οὕτω
2700 5110 2795 5162 καὶ
2821 5106 3079 5162 τοσοῦτον
3108 5103 3272 5175 ἡδονῇ
3297 5099 3465 5153 τᾶλλα
3493 5094 3635 5164 νικᾷ,
3660 5089 3744 5144 καὶ

2175 5204 2314 5275 πρὸς
2368 5202 2529 5256 τοῦτο
2581 5202 2811 5255 κάκεῖνα
2898 5197 3101 5269 μᾶλλον
3149 5192 3462 5256 είκάζεται·
3522 5188 3619 5241 κᾶν
3669 5199 3743 5243 τις

2175 5297 2419 5347 ἐπαινεῖν
2449 5293 2626 5346 ἐθέλοι
2652 5308 2705 5344 τι
2730 5289 2873 5345 κατὰ
2905 5288 3092 5357 γεῦσιν
3118 5303 3134 5318 ·
3157 5286 3189 5356 ἢ
3225 5283 3394 5355 μῆλον
3412 5282 3526 5354 ἐρεῖ
3545 5278 3743 5332 πάντως

2177 5389 2210 5455 ἥ
2241 5387 2363 5455 μέλι
2387 5403 2397 5417 ·
2417 5386 2510 5438 καὶ
2534 5382 2711 5437 ταῦτα
2732 5382 2832 5453 μὲν
2858 5377 2953 5434 οὖν
2980 5380 3071 5433 τὸν
3093 5379 3347 5448 Ὅμηρον
3378 5374 3558 5427 ἔπεισε
3579 5368 3740 5423 πάντα

2176 5479 2380 5547 ἀγλαὸν
2403 5462 2670 5548 ὀνομάσαι
2703 5475 2796 5527 τὸν
2833 5474 3040 5544 μηλέας
3066 5470 3300 5539 καρπόν.

2248 5572 2309 5623 Εἰ
2345 5569 2401 5622 δέ
2431 5569 2514 5622 δεῖ
2553 5570 2646 5621 καὶ
2694 5567 2868 5637 μύθου
2908 5562 3241 5637 μνησθῆναι,
3284 5559 3371 5613 καὶ
3402 5556 3554 5610 οὐδὲν
3593 5549 3736 5620 ἀηδὲς

2177 5663 2395 5725 παιδιᾶς
2420 5662 2515 5715 καὶ
2551 5660 2910 5731 ψυχαγωγίας
2960 5653 3201 5727 ἅψασθαι
3236 5653 3370 5723 πρὸς
3398 5650 3561 5720 ἄνδρα
3619 5641 3734 5695 πολ-

2176 5755 2332 5817 λάκις
2368 5754 2465 5808 καὶ
2523 5754 2689 5808 αὐτὸν
2720 5753 2788 5805 τὰ
2822 5751 3043 5822 μουσῶν
3078 5747 3447 5818 χορεύσαντα·
3499 5740 3660 5798 ἄλλως
3690 5732 3730 5785 θ’

2175 5850 2261 5903 ὅτε
2283 5848 2374 5902 καὶ
2400 5849 2491 5903 τὸν
2523 5846 2689 5919 μῦθον
2718 5846 2913 5916 κοσμεῖ
2939 5840 3288 5914 σωφροσύνη,
3320 5833 3590 5910 φασὶν,ὠς
3608 5828 3727 5897 κόρη
