4164 6430
439 371 550 436 853

1888 381 1987 441 DE
2024 377 2253 444 MALO.

3604 379 3714 446 854

435 506 525 553 τις
555 484 627 560 ἦν
656 489 826 546 πάλαι
867 491 1008 563 καλὴ
1039 492 1134 548 καὶ
1177 494 1512 568 παρθενική.
1555 494 1663 548 Τοῦ
1706 496 1763 551 δὲ
1796 497 2026 562 κάλλους
2057 501 2080 558 Α

2131 497 2322 552 dicunt
2345 496 2492 552 illam
2512 493 2686 553 fuisse
2704 493 2834 551 olim
2853 491 3148 566 quamdam
3169 491 3409 564 puellam
3427 493 3711 565 pulchram

437 583 673 654 ἐρασταὶ
704 583 890 637 πολλοὶ
915 585 1013 638 καὶ
1040 587 1319 658 ἐρωτικοί·
1347 588 1703 660 σωφρονοῦσα
1726 589 1782 644 δὲ
1817 589 1912 644 καὶ
1948 591 2024 662 μὴ

440 674 775 746 προδιδοῦσα
806 679 904 748 τὴν
939 677 1112 749 ὥραν,
1144 679 1227 734 ἔτι
1273 681 1476 752 μᾶλλον
1507 681 1822 755 δυσέρωτας
1850 684 2024 738 ἐποίει

436 770 565 832 τοὺς
599 761 836 839 ὲραστᾶς
851 787 865 801 ·
901 771 950 824 οῖ
973 771 1054 833 δὲ,
1078 774 1218 836 τέως
1252 773 1350 843 μὲν
1371 773 1520 844 ἥρων
1543 773 1619 838 ὡς
1639 774 1868 846 ἐρασταὶ
1887 815 1904 841 ,
1929 774 2028 829 καὶ

440 861 756 932 ἡμιλλῶντο
787 863 923 935 πρὸς
957 863 1222 935 ἀλλήλους
1241 881 1256 896 ·
1289 864 1482 918 ἔπειτα
1521 857 1838 930 οἶνωθέντες
1867 866 2028 936 ἀλλή-

435 952 564 1016 λους
602 954 942 1022 φονεύουσιν,
984 955 1058 1018 ὡς
1083 955 1431 1025 ἀντερασταί.
1473 957 1795 1028 Ἐφὶσταται
1819 961 1853 1028 ὴ
1884 977 2026 1032 παρ-

438 1044 667 1116 Θενικὴ,
710 1045 808 1100 καὶ
852 1047 994 1100 ἐλεεῖ
1031 1047 1132 1117 μὲν
1163 1047 1447 1114 ἐκείνους·
1499 1049 1731 1104 αἰδεῖται
1785 1051 1844 1105 δὲ
1896 1051 2024 1117 τοὺς

435 1137 686 1206 ζῶντας,
722 1138 948 1212 δακρύει
996 1140 1053 1194 δὲ
1083 1140 1314 1212 ἑαυτὴν,
1349 1141 1446 1196 καὶ
1498 1141 1712 1210 γίνεται
1757 1141 1824 1196 δι’
1858 1143 2026 1214 εὐχῆς

433 1233 604 1302 φυτὸν
629 1234 816 1298 καλὸν,
847 1233 924 1298 ὡς
956 1233 1118 1305 καλὴ,
1151 1235 1346 1288 λευκὸν
1375 1235 1452 1298 ὡς
1489 1235 1691 1306 λευκή·
1727 1235 2022 1308 αἰδουμένη

430 1324 493 1377 δὲ
527 1324 863 1396 προφυροῦν.
905 1324 965 1380 '0
991 1327 1092 1396 μὲν
1119 1326 1290 1396 μῦθος
1310 1322 1466 1390 οὗτος
1485 1344 1500 1357 ο
1526 1331 1576 1381 ει
1604 1328 1662 1381 δὲ
1687 1330 1780 1382 καὶ
1814 1329 2028 1396 φιλοσο-

434 1419 582 1484 φεῖν,
609 1417 745 1471 ἀλλὰ
775 1416 850 1486 μὴ
883 1417 1202 1487 μυθολογεῖν
1223 1419 1370 1489 ἡμᾶς
1399 1437 1458 1473 τε
1477 1420 1598 1474 δέον
1629 1421 1724 1474 καὶ
1746 1420 1828 1480 σὲ.
1858 1421 2024 1492 ἔρωτι

432 1506 536 1561 καὶ
579 1507 818 1578 Θεωρίας
850 1508 1130 1579 ἡμμένον·
1170 1511 1336 1578 φασιν
1367 1512 1415 1564 οἱ
1465 1511 1596 1584 περὶ
1641 1511 1816 1566 ταῦτα
1859 1512 2025 1566 δεινοὶ

436 1596 602 1666 μόνον
637 1597 735 1666 μὲν
763 1599 1081 1669 σχημάτων,
1105 1599 1168 1652 τὸ
1189 1601 1478 1672 σφαιρικὸν
1509 1601 1826 1658 κάλλιστον’
1861 1603 2024 1674 μόνον

429 1694 493 1748 δὲ
525 1694 634 1747 τῶν
683 1693 814 1748 ἴσων
846 1691 1102 1766 ἐμϐαδοῖς
1156 1697 1413 1767 μέγιστον
1462 1697 1622 1751 τοῦτο
1655 1699 1718 1752 ὲν
1755 1700 2020 1768 στερεοῖς,

429 1789 572 1860 ὅπερ
595 1789 652 1844 ὲν
691 1789 968 1854 ἐπιπέδοις
1002 1791 1064 1844 τὸ
1090 1793 1350 1846 κυκλικὸν
1371 1809 1384 1822 ·
1412 1792 1564 1846 δοκεῖ
1588 1793 1646 1847 δὲ
1693 1795 1790 1847 καὶ
1816 1793 1934 1848 τόδε
1959 1794 2022 1847 τὸ

428 1882 566 1945 πᾶν,
597 1880 758 1934 τοῦτο
805 1881 983 1946 σῶζον
1014 1882 1076 1936 τὸ
1121 1883 1332 1956 σχῆμα.
1388 1885 1543 1955 Ἔχει
1581 1885 1681 1956 μὲν
1734 1881 1828 1940 οὖν
1879 1886 2021 1958 μετὰ

427 1972 542 2026 τῶν
575 1973 753 2028 ἄλλων
795 1975 888 2028 καὶ
921 1975 1081 2030 τοῦτο
1113 1977 1175 2030 τὸ
1205 1977 1380 2048 μῆλον
1399 1994 1417 2010 ⁶
1447 1979 1546 2032 καὶ
1578 1979 1734 2032 οὐδὲν
1761 1979 1938 2043 οὕτως
1960 1981 2021 2034 ἐν

427 2071 672 2140 καρποῖς
709 2069 818 2124 τῶν
851 2069 1029 2124 ἄλλων
1059 2072 1518 2143 ἀποτετόρνευται
1541 2113 1556 2138 ,
1599 2074 1675 2138 ὡς
1729 2073 1885 2128 τοῦτο
1929 2092 2022 2128 τε-

425 2163 718 2234 τὸρνευταὶ
751 2181 810 2217 τε
851 2168 917 2234 τῇ
943 2166 1138 2234 φύσει,
1188 2167 1285 2220 καὶ
1329 2167 1431 2236 τὴν
1469 2167 1793 2237 ἐπιφάνειαν
1819 2168 2022 2222 ἀποτέ-

425 2271 624 2308 ταται·
662 2255 756 2308 καὶ
795 2257 983 2326 σχῆμα
1010 2257 1090 2328 τῷ
1138 2258 1296 2329 μήλῳ
1328 2259 1388 2312 τὸ
1427 2259 1520 2312 τοῦ
1553 2259 1756 2323 παντός
1787 2260 1905 2312 ἐστι
1929 2258 2020 2330 μί-

430 2365 616 2419 μημα.
668 2351 778 2403 Καὶ
807 2351 859 2402 τί
887 2350 968 2405 δεῖ
1015 2351 1116 2414 τὰς
1163 2352 1446 2422 ἐνεργείας
1491 2353 1586 2406 τοῦ
1639 2353 2021 2424 βλαστήματος

427 2439 790 2510 καταλέγεινζ
830 2444 924 2496 καὶ
973 2443 1050 2506 ὡς
1103 2445 1439 2516 ἐρρωμένοις
1491 2445 1590 2515 μὲν
1645 2445 1869 2517 τρυφὴ,
1925 2447 2020 2499 καὶ

429 2531 630 2604 βρῶμα
661 2533 758 2603 ἡδύ
785 2549 800 2564 ⁸
834 2535 1052 2588 νοσοῦσι
1078 2536 1134 2590 δὲ
1175 2537 1390 2608 χρηστὴ
1429 2537 1602 2609 τροφὴ
1643 2537 1738 2592 καὶ
1767 2538 1979 2607 ύγιεινή
2001 2551 2018 2570 ⁶

426 2626 528 2679 καὶ
557 2627 638 2680 ὅτι
687 2626 852 2681 σῦκον
883 2629 982 2698 μὲν
1013 2631 1071 2682 ἐν
1117 2630 1349 2702 ὀνείροις
1391 2630 1773 2684 δυσοιώνιστον
1796 2647 1810 2662 ο
1849 2631 2021 2701 μῆλον

424 2717 486 2771 δὲ
527 2721 628 2771 κᾶν
659 2718 874 2783 τούτοις
916 2719 1214 2790 εὐάγγελον
1240 2739 1252 2753 ·
1300 2721 1458 2786 δόξαν
1487 2723 1597 2792 γὰρ
1633 2723 1728 2776 καὶ
1755 2721 2021 2790 στέφανον

427 2811 870 2879 ἐπαγγέλλεται.
907 2813 1046 2865 Ἀλλ’
1070 2812 1208 2885 αὕτη
1239 2831 1304 2882 γε
1329 2815 1420 2868 καὶ
1437 2814 1506 2867 τὰ
1529 2813 1706 2868 Πύθια
1735 2817 2016 2883 στεφανοῖ·

424 2904 525 2956 καὶ
565 2903 830 2974 πάρεστιν
851 2904 1091 2977 ἀθλητὴς
1109 2947 1122 2971 ,
1148 2906 1218 2959 δι’
1247 2905 1399 2969 ἔτους
1426 2924 1484 2959 τε
1512 2906 1872 2977 γυμνασθεὶς,
1923 2906 2020 2960 καὶ

425 2993 635 3059 πολλὰς
680 2997 1093 3069 εύπαιδοτρίϐου
1138 2998 1320 3052 λαϐὼν
1351 3040 1366 3064 ,
1419 2998 1641 3064 πλείους
1685 2999 1744 3052 δὲ
1785 2998 2015 3070 μέλλων.

424 3087 552 3140 Κᾶν
575 3105 629 3140 τι
664 3088 776 3142 δέοι
818 3089 1002 3158 θήσων
1035 3091 1128 3144 καὶ
1163 3091 1262 3162 τὴν
1302 3093 1480 3164 ψυχὴν
1513 3094 1602 3147 ῖνα
1641 3092 1706 3164 δὴ
1752 3093 1813 3148 τὸ
1846 3093 2018 3166 μῇλον

2128 597 2184 644 ct
2213 588 2515 660 virginem;
2573 585 3007 660 pulchritudinis
3043 595 3229 642 autem
3263 587 3467 642 mullos
3499 596 3715 642 amato-

2129 697 2218 737 res
2244 691 2298 736 et
2323 691 2594 738 amantes.
2613 681 2860 738 Prudens
2879 688 3061 737 autem
3084 695 3210 737 eum
3225 679 3390 736 fuerit
3405 695 3583 751 neque
3601 679 3716 734 tor-

2129 787 2274 827 mam
2306 773 2550 828 venalem
2581 773 2854 838 habuerit,
2877 772 3052 844 magis
3075 771 3240 827 etiam
3259 787 3450 827 amore
3473 771 3718 842 perditos

2127 864 2375 921 effecisse
2415 866 3022 932 amatores;illosvero
3045 865 3408 920 nihilominus
3432 864 3488 919 in
3527 877 3717 919 amore

2129 975 2530 1031 percherasse.
2569 969 2624 1016 et
2647 961 2791 1016 inter
2815 976 2873 1016 se
2899 961 3232 1031 pugnavisse
3274 977 3289 1014 :
3335 958 3535 1014 deinde
3585 957 3716 1011 vino

2127 1067 2350 1123 pressos
2365 1053 2502 1110 alios
2521 1053 2754 1109 invicem
2773 1052 3066 1120 cecidisse,
3091 1060 3152 1108 ut
3170 1053 3376 1108 rivales
3401 1071 3416 1106 :
3442 1050 3715 1121 virginem

2125 1144 2290 1200 etiam
2347 1147 2728 1212 intervenisse,
2775 1155 3120 1202 mortuorum
3169 1146 3452 1202 isertam
3489 1157 3633 1210 esse,
3661 1151 3717 1197 et

2127 1237 2442 1292 viventibus
2493 1237 2818 1302 erubuisse,
2870 1236 3111 1307 seipsam
3165 1245 3348 1292 autem
3401 1234 3713 1298 deflevisse.

2125 1339 2180 1384 et
2215 1330 2410 1384 factam
2453 1329 2628 1386 fuisse
2663 1346 2758 1400 per
2798 1339 2988 1386 votum
3017 1331 3302 1402 pulchram
3337 1331 3616 1392 arborem.
3653 1341 3714 1386 ut

2126 1423 2353 1494 pulchra
2397 1431 2552 1490 erat;
2603 1424 2808 1490 albam,
2845 1433 2906 1480 ut
2939 1424 3064 1479 alba
3089 1433 3230 1491 erat,
3263 1440 3622 1495 purpuream,
3653 1435 3716 1481 ut

2124 1517 2460 1572 erubescens
2488 1524 2628 1572 erat.
2662 1515 2742 1572 lta
2779 1516 3004 1586 quidem
3043 1515 3252 1572 fabula.
3283 1515 3344 1572 Si
3375 1532 3507 1573 vero
3533 1517 3714 1588 philo-

2126 1608 2352 1679 sophias,
2379 1623 2489 1664 nou
2523 1615 2707 1664 autem
2733 1607 2942 1664 fabulis
2973 1608 3199 1664 studere
3217 1617 3437 1678 oportet
3461 1621 3560 1665 nos
3577 1618 3632 1664 et
3662 1617 3715 1665 te

2125 1701 2300 1756 amori
2352 1700 2842 1771 contemplationis
2894 1699 3304 1757 incumbentem
3339 1718 3354 1755 :
3389 1699 3582 1755 dicunt
3619 1701 3712 1756 isti

2125 1793 2193 1848 de
2215 1793 2302 1848 his
2328 1793 2603 1848 doetiores
2626 1791 2929 1847 formarum
2954 1807 3120 1847 unam
3145 1791 3569 1863 pulcherrimam
3591 1807 3715 1846 esse

2124 1885 2472 1956 sphtericam,
2517 1900 2684 1940 uuam
2713 1886 2956 1956 aequales
2985 1884 3126 1939 inter
3158 1885 3480 1953 superﬁcies
3506 1884 3712 1938 solidas

2125 1977 2254 2034 illud
2289 1992 2435 2043 esse,
2482 1977 2630 2048 quod
2661 1977 2808 2034 inter
2837 1977 3030 2048 planas
3088 1977 3418 2033 circularem
3450 1994 3466 2032 :
3499 1977 3713 2032 videtur

2122 2079 2306 2124 autem
2333 2069 2467 2126 illud
2503 2071 2824 2126 universum
2877 2069 3048 2140 ﬁgura
3075 2069 3304 2126 referre.
3343 2068 3522 2124 liabet
3547 2070 3712 2140 igitur

2122 2179 2249 2219 cum
2302 2165 2426 2220 aliis
2458 2171 2512 2221 et
2545 2164 2681 2221 illud
2718 2181 2942 2236 quoque
2973 2166 3194 2233 malus;
3230 2166 3420 2220 nullus
3457 2166 3529 2221 ita
3564 2167 3711 2222 inter

2123 2255 2335 2312 fructus
2365 2257 2598 2311 aliarum
2642 2257 2905 2311 arborum
2939 2257 2994 2310 in
3026 2257 3299 2327 sphaeram
3337 2256 3572 2312 inﬂexus
3600 2265 3708 2320 est.

2123 2359 2185 2406 ιιι
2210 2352 2358 2406 illius
2387 2349 2603 2408 fructus
2637 2357 2834 2406 natura
2865 2359 2950 2416 ;et
2977 2350 3191 2420 Species
3211 2349 3333 2420 ejus
3357 2349 3710 2418 expanditur,

2123 2461 2249 2500 nam
2294 2443 2538 2500 universi
2594 2443 2781 2514 ﬁgurae
2827 2444 3006 2498 malus
3057 2443 3426 2498 imitationem
3481 2443 3708 2512 praebet.

2123 2535 2231 2590 Sed
2280 2535 2412 2603 quid
2465 2549 2608 2604 opus
2657 2542 2745 2588 est
2793 2533 3161 2604 preprictates
3231 2536 3598 2589 enumerare?
3656 2545 3712 2588 ct

2123 2627 2512 2698 languentibus
2564 2624 2783 2694 quidem
2829 2625 3083 2694 voluptas
3126 2633 3182 2678 et
3233 2623 3478 2694 jucunda
3557 2637 3709 2686 esca,

2121 2719 2520 2789 aegrotantibus
2549 2729 2729 2772 autem
2761 2715 3107 2772 salutiferum
3136 2725 3188 2772 et
3222 2716 3572 2788 bygienicum
3607 2715 3712 2769 ali-

2123 2821 2413 2867 mentum:
2449 2811 2586 2867 licus
2630 2809 2852 2882 quidem
2886 2811 2943 2864 in
2998 2809 3233 2864 somniis
3283 2810 3410 2862 mali
3461 2806 3712 2878 praesagii

2119 2917 2225 2972 est,
2264 2905 2444 2960 malus
2477 2913 2664 2959 autem
2723 2902 2891 2958 fausti
2929 2901 3446 2974 augurii;-gloriam
3482 2899 3629 2954 enini
3658 2907 3714 2953 et

2122 3015 2384 3056 coronam
2417 2998 2725 3069 pollicetur.
2755 2996 2862 3051 Sed
2903 2996 3094 3052 eadem
3125 3005 3179 3050 et
3205 2994 3260 3048 in
3296 2992 3510 3065 Pythiis
3548 3007 3712 3047 coro-

2123 3107 2248 3148 nam
2279 3093 2517 3163 praebet;
2551 3099 2605 3146 et
2627 3091 2783 3146 adest
2810 3089 3036 3153 athleta,
3069 3102 3166 3158 per
3201 3102 3407 3142 annum
3439 3085 3715 3142 exercita-

421 3179 526 3232 καὶ
547 3178 646 3251 τὴν
676 3182 814 3251 μετὰ
839 3183 935 3236 τοῦ
963 3183 1136 3254 μήλου
1172 3184 1331 3250 δόξαν
1361 3185 1543 3240 λαϐὼν
1572 3186 1818 3254 ἀπέλθοι,
1847 3186 2016 3240 πολλὰ
2047 3207 2080 3267 c

2124 3195 2238 3254 tus,
2262 3194 2318 3240 et
2346 3183 2550 3238 multas
2595 3183 2754 3238 bonae
2781 3180 3200 3237 exercitationis
3241 3194 3477 3235 coronas
3501 3177 3712 3245 ferens,

419 3270 525 3321 καὶ
555 3269 687 3324 ἄλλα
710 3271 838 3342 περὶ
864 3272 960 3325 τοῦ
995 3272 1167 3346 μήλου
1207 3275 1392 3344 λέγειν
1420 3276 1570 3348 ἐνῆν,
1607 3278 1662 3330 εἴ
1710 3295 1802 3348 μοι
1830 3277 2022 3349 καιρός

2124 3281 2308 3351 plures
2332 3286 2680 3347 exspectans.
2703 3274 2760 3330 Si
2781 3291 2909 3330 vero
2935 3291 3074 3346 opus
3101 3281 3247 3330 esset
3270 3281 3507 3336 mentem
3537 3272 3712 3342 appli-

419 3379 487 3415 τε
545 3365 764 3436 παρῆν,
807 3367 900 3420 καὶ
957 3366 1032 3439 μὴ
1090 3368 1269 3424 ταῦτα
1317 3370 1551 3444 γράφειν
1618 3371 2022 3444 ἠναγκαζόμην

2124 3386 2246 3429 care
2276 3379 2335 3426 ut
2373 3371 2746 3440 complectens
2797 3369 3004 3424 malum
3045 3378 3099 3422 et
3143 3365 3290 3420 malo
3336 3363 3708 3420 adhaerentem

419 3454 638 3544 σχέδιον
673 3457 766 3511 καὶ
789 3456 914 3512 κατ’
945 3461 1274 3534 ἐπιδρομήν.

2117 3464 2334 3522 laudem
2382 3464 2597 3530 evadat,
2651 3463 2820 3517 multa
2861 3471 2916 3516 et
2975 3461 3080 3517 alia
3113 3461 3180 3517 de
3213 3459 3300 3514 illa
3350 3459 3498 3528 loqui
3549 3458 3710 3515 facile

2117 3563 2285 3623 esset,
2318 3555 2363 3609 si
2397 3563 2614 3625 tempus
2662 3553 2796 3608 mihi
2836 3559 3174 3623 suppeteret,
3207 3565 3388 3620 neque
3419 3550 3523 3606 ista
3569 3549 3710 3606 scri-

2118 3649 2253 3704 bere
2279 3647 2542 3703 velociter
2565 3653 2618 3702 et
2647 3645 2807 3716 quasi
2835 3645 3044 3701 cursim
3072 3657 3322 3713 cogerer.

1228 4032 1922 4149 ΙΩΑΝΝΟΥ
1996 4029 2914 4148 ΓΕΩΜΕΤΡΟΥ

665 4277 1032 4368 ΥΜΝΟΙ
1103 4281 1482 4368 ΠΕΝΤΕ
1555 4281 1729 4370 ΕΙΣ
1801 4281 2035 4366 ΤΗΝ
2109 4269 2747 4398 ΥΠΕΡΑΓΙᾹΝ
2829 4277 3458 4369 ΘΕΟΤΟΚΟΝ

1301 4589 1905 4752 JOANNIS
1989 4635 2822 4755 GEOMETRAS

1085 4863 1348 4926 HYMNI
1411 4861 1771 4938 QUINQUE
1805 4863 1888 4929 IN
1931 4863 2528 4928 SANCTISSIMAM
2593 4863 3043 4928 DEIPARAM.

1217 4987 1432 5092 .(Edidit
1457 5029 1577 5081 Fed.
1608 5029 1863 5094 Morellus,
1893 5035 2089 5094 typogr.
2119 5029 2307 5094 regius.
2341 5025 2579 5092 Luteﬁa,
2617 5029 2757 5092 1591,
2776 5029 2876 5094 8°.)

1806 5332 2300 5394 ADMONITIO.

471 5495 562 5554 1η
592 5497 672 5568 his
721 5496 976 5568 Hymnis,
1004 5494 1192 5568 quibus
1225 5494 1315 5552 Jo.
1351 5495 1627 5568 Geometra
1671 5499 1738 5550 Β.
1780 5493 2013 5568 Virginis
2060 5495 2244 5568 laudes
2274 5493 2603 5568 celebrando
2641 5509 2830 5568 nomen
2877 5493 3172 5568 illustravit
3219 5511 3398 5568 suum,
3435 5507 3704 5568 perpetua:

379 5577 546 5628 sunt
579 5565 866 5622 altusioizes
911 5567 980 5620 ad
1015 5565 1288 5620 salutandi
1317 5567 1528 5621 verbum
1571 5569 1766 5636 Χαῖρε,
1795 5565 1896 5636 quo
1929 5566 2079 5621 Graec

2124 5567 2350 5637 χαρὰν,
2383 5566 2566 5633 χάριν,
2617 5565 2878 5637 salutem,
2919 5565 3172 5637 gaudjum
3203 5577 3254 5620 et
3304 5566 3441 5620 bona
3473 5567 3700 5636 laetaque

385 5640 602 5698 omnia
635 5643 1012 5706 precabantur.
1047 5637 1112 5692 In
1145 5638 1405 5708 ejusmodi
1435 5655 1554 5693 vero
1587 5635 2060 5708 alliterationibus,
2102 5635 2297 5692 Latina
2329 5637 2420 5691 vix
2449 5653 2512 5690 ac
2545 5653 2608 5708 ne
2636 5637 2724 5708 via:
2755 5635 2966 5708 quidem
3021 5635 3328 5708 Graecorum
3373 5635 3698 5691 venustatem

391 5705 642 5780 assequi
665 5719 908 5780 possunt.
942 5705 1206 5764 Caeterum
1233 5711 1360 5776 quia
1397 5709 1622 5764 macula:
1651 5718 1700 5764 et
1739 5709 1946 5763 lacuna:
1975 5707 2176 5777 aliquot
2199 5715 2540 5780 occurrerunt
2568 5707 2621 5760 iu
2646 5705 2830 5780 Gm‘co
2853 5707 3042 5780 codice
3070 5707 3206 5780 (quo
3239 5709 3392 5761 unico
3431 5708 3578 5762 nobis
3619 5709 3699 5780 uti
3739 5757 3750 5766 _

395 5777 578 5840 licuit
602 5777 900 5848 hactenus).
935 5781 1134 5847 partim
1163 5781 1440 5848 scriptoris
1479 5797 1656 5834 errore
1683 5780 1889 5843 vitiato,
1921 5780 2119 5844 partim
2145 5787 2404 5833 vetustate
2444 5779 2560 5840 ipsa
2591 5795 2751 5848 prope
2777 5777 3058 5834 obliterato
3079 5777 3314 5848 Etequus
3345 5795 3521 5834 rerum
3551 5779 3698 5833 testi-
3739 5783 3752 5795 '

395 5861 600 5910 mator
627 5851 901 5921 interpreti
939 5851 1200 5922 plerisque
1233 5852 1287 5906 in
1313 5851 1442 5908 locis
1487 5852 1692 5907 mittitis
1727 5860 1774 5905 et
1813 5850 2118 5920 depravatis
2149 5851 2457 5922 ambigenti,
2491 5851 2776 5918 divinanti,
2832 5859 2884 5906 et
2929 5851 3252 5919 coniecturis
3300 5852 3412 5906 suis
3465 5850 3696 5905 medicas
