4164 6426
707 422 810 485 86Ἶ
1962 418 2287 477 JOANNIS
2325 418 2758 478 GEOMETR.'E
3866 427 3924 490 Egi

708 536 1019 605 Θελξίθεον,
1056 533 1405 603 Θελξίφρονα,
1439 531 1751 604 Οελξιμενῆ,
1781 533 2066 599 Οεὸπαιδα,
2323 541 2365 595 Λ
2411 536 2649 602 Ῥὑστιν,
2694 535 3000 606 ρυσίπολιν,
3045 537 3357 608 ρυσιγενὲα,
3380 536 3753 609 ρυσίκοσμον.

719 632 1044 703 ’1οτιάρειον,
1086 629 1374 700 ξόμματον,
1411 627 1623 699 ἰόιρρυν,
1656 628 2006 699 ἱμερόεσσαν.
2402 630 2701 701 Σώτειραν,
2745 632 3166 702 σελαηγενέτην,
3200 633 3597 705 σελαλαμπέα,
3634 635 3839 705 σεμνὴν,

706 722 1055 794 Κοσμογενῆ,
1090 722 1474 791 κατάκαρπον,
1503 720 1720 790 κλεινὴν
1756 720 2189 789 κοσμογύναικα,
2397 723 2726 801 Τριτογενῆ,
2759 728 3161 795 τριμάκαιραν,
3201 726 3548 796 τρισσοφαῆ,
3588 727 3887 797 τρισέληνον.

705 812 993 883 Λαοχαρῆ,
1027 810 1278 880 λαοθαμὸ
1292 810 1377 874 ἐα,
1410 809 1585 880 λιτὴν,
1615 809 2020 880 λαομάκαιραν,
2408 816 2649 885 Ὑψίνον,
2682 814 3071 886 ὑψικάθεδρον,
3100 817 3433 888 ὑπέρτατον,
3469 818 3857 888 ὑψιμέόουσαν.

705 904 1001 975 Μυρίθεον,
1042 902 1405 973 μυρεκοσμον,
1447 902 1721 972 μυριφαῆ,
1761 901 2116 973 μυρίκλητον.
2395 906 2731 972 Φωτοτόκον,
2767 906 3112 977 φαὸμορφον,
3150 908 3487 977 φωτοϐό).ον,
3529 909 3847 978 φαέθουσαν.

706 996 1025 1059 Νειοπόλον,
1061 994 1381 1065 νεόκοσμον,
1414 994 1691 1059 ναόΘετον,
1726 994 2099 1066 νεοπλὰστην,
2397 997 2800 1067 Χρυσίπεπλον,
2830 1000 3146 1071 χαρίεσσαν,
3168 1002 3565 1073 χρυσόθρονον,
3600 1002 3893 1073 χαριδώτην,

707 1086 1049 1150 Ξεινοτόκον,
1087 1085 1475 1157 ξενοορέπτην,
1515 1084 1840 1151 ξεινότοκον,
1870 1086 2181 1158 ξενόθηλυν.
2401 1090 2769 1162 Ψευδολέτην,
2808 1092 3110 1162 ψύχαγνον,
3145 1095 3436 1165 ψυχοσόον,
3477 1096 3760 1165 ψαλτὰδη,

711 1180 951 1245 Ὄλϐιον,
982 1179 1318 1251 ὀλϐιὸεργον,
1357 1179 1613 1249 ὀνήτορα,
1647 1177 2045 1250 ὀλϐοδότειραν.
2412 1180 2733 1253 Ὦκυτάτην,
2770 1182 3001 1253 ὡραίαν,
3032 1170 3217 1254 ὥριον,
3250 1185 3596 1257 ὼριόπαιδα.

707 1273 1092 1345 Παντοκρατῆ,
1129 1272 1409 1344 παναλκῆ,
1440 1270 1733 1342 πασιθέην,
1766 1271 2120 1341 πασίκλητον.

2139 1382 2432 1441 munus
2471 1386 2541 1452 v,

709 1480 908 1558 ercis
937 1481 1168 1558 versibus
1204 1480 1429 1558 heroicis
1491 1479 1555 1533 ab
1588 1480 1797 1558 incerto.
1827 1489 2044 1558 aue-tore
2077 1481 2320 1558 conditus
2353 1483 2615 1558 ex__puris
2646 1483 3173 1558 epit/telis._veterum
3209 1484 3532 1558 hymnorum
3589 1497 3733 1558 more
3760 1497 3777 1534 :
3804 1482 3849 1533 in
3869 1500 3923 1549 qm;

776 1554 939 1607 etiam
975 1552 1281 1604 litterarum
1303 1552 1454 1613 ordo,
1478 1551 1849 1604 carminum'et
1881 1551 2176 1602 dictionum
2208 1552 2487 1618 principiis
2516 1555 2824 1607 observatur
2852 1569 2869 1605 :
2898 1552 3086 1608 Latine
3119 1551 3333 1607 liberius
3365 1554 3554 1607 soluta
3585 1554 3925 1621 oratioue(m

778 1624 1007 1677 astricta
1038 1638 1131 1675 nec
1164 1622 1343 1675 liberet
1378 1637 1469 1675 nec
1496 1633 1707 1675 venuste
1734 1622 1945 1691 liceret)
1979 1621 2234 1674 verbatim
2267 1621 2430 1689 ferme
2466 1622 2529 1675 ab
2559 1623 2738 1678 eodem
2770 1622 3060 1693 Interprete
3092 1625 3169 1677 sic
3198 1640 3481 1694 expressus
3509 1633 3615 1677 est.

777 1712 1060 1767 Laudibus
1085 1711 1424 1767 celebremus
1456 1709 1547 1767 Dei
1584 1707 1708 1765 Filii
1740 1710 1989 1777 Matrem,
2022 1710 2129 1765 Deo
2158 1710 2416 1777 similem,
2451 1711 2717 1782 integram
2752 1711 3020 1779 Sponsam
3050 1727 3067 1768 :

779 1801 913 1867 Quae
938 1801 1057 1855 sine
1080 1809 1198 1855 satu
1230 1799 1460 1869 peperit,
1494 1798 1883 1859 castissimam,
1909 1798 2340 1868 integer-rimam,
2382 1798 2631 1870 principe
2664 1814 2989 1871 puerperam
3022 1819 3036 1856 :

778 1887 1064 1960 Reginam.
1096 1901 1128 1942 a
1161 1887 1305 1956 Rege
1344 1886 1608 1957 genitam,
1640 1884 1804 1957 Regis
1829 1886 2145 1957 genitricem
2176 1902 2191 1940 :

777 1978 910 2043 Qum
943 1980 1121 2045 gentis
1170 1990 1284 2031 suae
1307 1984 1687 2045 proauctorem
1715 1974 1924 2045 genuit,
1958 1974 2273 2046 Deiparam,
2310 1974 2661 2045 propaginem
2690 1991 2862 2047 genus
2897 1977 3197 2031 humanum
3231 1984 3612 2031 recreantem.

778 2064 914 2132 Qua:
936 2065 1106 2121 Deum
1146 2062 1317 2118 dedit.
1355 2065 1592 2135 pretium
1618 2064 2011 2135 redemptionis
2042 2064 2299 2129 exsolvit,
2332 2078 2525 2134 graves
2559 2080 2724 2119 casus
2759 2065 3003 2127 sustulit,
3036 2074 3091 2120 et
3121 2074 3302 2135 optata
3335 2064 3539 2134 largita
3574 2072 3681 2118 est.

774 2157 973 2211 Divino
1001 2156 1199 2224 spiritu
1231 2156 1491 2221 amatam,
1517 2155 1730 2210 felicem
1760 2154 1812 2209 in
1846 2163 2029 2224 partu,
2056 2153 2417 2207 beneficentia
2442 2153 2791 2223 gaudentem,
2823 2155 3063 2223 gentium
3100 2153 3497 2208 liberatricem.

775 2243 909 2309 Quae
943 2244 1108 2299 vitam
1147 2243 1359 2315 peperit
1384 2244 1545 2314 plane
1569 2242 1835 2309 divinam,
1859 2242 2491 2304 vitze’conservatricem,
2521 2257 2685 2311 quam
2721 2244 2887 2296 etiam
2921 2243 3171 2312 largitur.

771 2335 907 2398 Quae
936 2333 1123 2389 suavis
1154 2342 1209 2387 et
1234 2333 1372 2387 lenis
1406 2331 1975 2402 apparet,jucundam
2011 2337 2261 2399 aspectu,
2291 2330 2565 2394 blandam,
2599 2331 2751 2385 mitia
2784 2332 2927 2385 dona
2962 2332 3180 2384 dantem
3216 2346 3232 2383 :

773 2424 946 2478 Deum
967 2424 1390 2489 demulcentem,
1426 2432 1664 2476 mentem
1694 2421 2115 2484 exhilarantem,
2150 2430 2314 2473 cantu
2344 2419 2695 2483 allicientem,
2727 2419 2893 2473 Deum
2922 2418 3119 2473 Filium
3150 2419 3447 2474 habentem
3486 2434 3503 2472 :

772 2513 1049 2567 Violaceis
1081 2512 1235 2581 genis
1266 2520 1323 2566 et
1356 2510 1555 2574 oculis,
1588 2518 1643 2564 et
1676 2509 1957 2579 praestanti
1986 2517 2169 2564 mente
2207 2509 2513 2579 prteditam,
2538 2507 2905 2562 desideratam
2935 2526 2949 2562 :

772 2604 834 2657 In
868 2601 1077 2655 mundo
1102 2601 1367 2672 genitam,
1396 2598 1762 2663 fructuosam,
1801 2599 2197 2669 percelebrem,
2224 2595 2411 2651 mundi
2438 2595 2839 2664 Imperatricem
2872 2612 2887 2649 :

773 2689 1045 2744 Lmtitiam
1073 2700 1129 2742 et.
1166 2698 1450 2757 stuporem
1485 2686 1839 2757 populorum,
1866 2702 1895 2739 a
1926 2686 2129 2755 quibus
2161 2687 2318 2741 beata
2346 2684 2697 2754 prazdicatur,
2732 2698 2858 2737 cum
2895 2682 3247 2754 simplicitate
3271 2692 3325 2740 et
3351 2683 3671 2755 abjectione
3691 2677 3849 2736 animi.

776 2777 1130 2847 Unguentum
1166 2775 1261 2831 Dei
1292 2788 1345 2831 et
1378 2774 1595 2841 mundi,
1631 2774 1894 2845 unguenti
1936 2774 2207 2829 suavitate
2232 2773 2538 2843 prreditam,
2575 2780 2629 2826 et
2659 2786 2689 2824 a
2729 2771 2949 2842 myrrha
2977 2781 3223 2825 vocatam
3258 2787 3272 2823 :

772 2866 989 2921 Novum
1020 2864 1244 2929 caelum,
1279 2878 1483 2918 novum
1513 2863 1807 2928 mundum,
1836 2862 2022 2930 templi
2053 2862 2486 2923 aadilicatricem.
2514 2874 2708 2914 novam
2742 2870 3078 2914 creaturam.

772 2954 929 3009 Novo
957 2963 1112 3024 partu
1145 2954 1377 3018 editam,
1410 2967 1612 3007 novum
1644 2960 1860 3022 partum
1891 2951 2163 3015 edentem,
2193 2950 2573 3005 admirandam
2607 2947 2914 3002 mulierem.

775 3042 1014 3096 Felicem
1045 3051 1098 3095 et
1129 3041 1380 3105 divitem,
1416 3039 1647 3095 feliciter
1686 3048 2031 3109 operantem,
2070 3039 2417 3109 adiutricem,
2445 3036 2761 3092 divitiarum
2794 3034 3059 3089 datricem
3092 3053 3106 3089 :

771 3130 1243 3200 Omnipotentem,
1279 3144 1472 3183 onmes
1504 3129 1557 3182 in
1590 3143 1648 3184 se
1674 3129 1817 3183 vires
1848 3127 2163 3192 habentem,
2192 3128 2451 3183 omnibus
2479 3136 2787 3197 parentem,
2821 3126 2889 3180 ab
2918 3127 3181 3181 omnibus
3209 3125 3525 3181 invocatam
3562 3144 3577 3181 :

773 3217 1191 3280 Liberatricem,
1227 3217 1446 3271 urbium
1480 3217 1728 3282 tutelam,
1757 3215 1975 3286 generis
2007 3215 2095 3271 sui
2120 3224 2176 3270 et
2206 3215 2395 3270 mundi
2430 3214 2746 3286 praesidium
2785 3230 2799 3267 :

775 3307 1162 3371 Sermtricem,
1189 3321 1310 3375 quae
1340 3306 1506 3375 jubar
1538 3306 1850 3376 progenuit,
1878 3305 2146 3375 lampadis
2178 3304 2351 3359 instar
2377 3306 2673 3369 lucentem,
2712 3304 3080 3361 venerabilem
3112 3322 3127 3358 :

778 3394 954 3450 Unius
984 3412 1013 3449 e
1050 3396 1318 3448 Trinitate
1354 3404 1662 3465 parentem,
1688 3406 1772 3449 ter
1811 3394 2053 3459 beatam,
2082 3395 2258 3449 tribus
2291 3394 2591 3449 luminibus
2617 3395 2909 3458 illustrem,
2940 3404 3022 3447 ter
3050 3394 3182 3448 luna
3213 3393 3615 3463 pulchriorem.

774 3484 912 3537 Alta:
944 3484 1141 3538 mentis
1169 3499 1448 3554 capacem,
1479 3484 1532 3537 in
1562 3484 1780 3539 excelsa
1806 3485 1934 3540 sede
1970 3488 2226 3553 positam,
2257 3470 2571 3548 sublimem,
2605 3484 2657 3537 in
2686 3484 2811 3538 altis
2837 3493 3156 3553 regnantem
3187 3500 3202 3536 :

768 3572 1020 3627 Luminis
1048 3573 1501 3642 procreatricem,
1533 3572 1654 3626 luce
1684 3582 1936 3627 ornatam
1971 3582 2026 3627 et
2049 3574 2326 3637 amictam,
2364 3573 2673 3643 splendenti
2704 3572 2843 3629 facie
2873 3591 2888 3627 :

770 3662 957 3714 Aureo
991 3662 1145 3730 peplo
1182 3671 1458 3724 ornatam,
1498 3675 1775 3729 aureoque
1806 3662 1861 3714 in
1898 3661 2095 3715 throno
2130 3661 2429 3724 sedentem,
2458 3661 2710 3729 gratiam,
2749 3672 2802 3716 et
2829 3663 3059 3732 gratiam
3089 3661 3411 3732 largientem
3450 3678 3465 3714 :

772 3748 1039 3803 llendacii
1063 3750 1456 3812 adversariam,
1478 3749 1716 3801 animam
1740 3764 1927 3819 puram
1945 3750 2257 3813 habentem,
2273 3749 2583 3803 animarum
2600 3750 2830 3804 salutem
2848 3760 3253 3819 procurantem,
3268 3749 3505 3804 canticis
3521 3747 3624 3819 piis
3643 3742 3901 3817 gaudentem.

780 3835 1200 3892 Velocissimam
1243 3836 1335 3909 [ad
1369 3852 1527 3907 opem
1559 3837 1675 3890 suis
1709 3835 2033 3908 ferendam],
2066 3836 2384 3904 formosam,
2415 3838 2869 3894 venustissimum
2901 3839 3101 3893 Filium
3140 3840 3453 3894 habentem.

1945 3989 3890 4031 ⁶.-Ι¹---------Ι.Ι..1---Ι----Ι------,--Ι--,-------,,-,,..-----ἕ

1514 4180 1996 4297 ΙΩΑΝΝ
2007 4179 2207 4297 ΟΥ
2285 4181 3199 4300 ΓΕΩΜΕΤΡΟΥ

1302 4394 1958 4450 ΕΠΙΓΡΑΜΜΛΤΛ
2023 4394 2622 4461 ΤΕΤΡΛΣΤΙΧΑ,
2680 4394 2785 4449 ΩΝ
2838 4394 2883 4447 Π
2946 4395 3393 4450 ΕΠΙΓΡᾹΦΗ

2108 4551 2347 4606 ΠΑΡΑΔ
2358 4553 2473 4605 ΕΙΣ
2479 4554 2589 4606 ΟΣ.

1595 4808 2195 4924 JOANNIS
2292 4807 3114 4923 GEOMETRzE

1236 5024 1841 5099 EPIGRAMMATA
1876 5032 2438 5097 TETBASTICHA
2485 5033 2771 5109 QUIBUS
2806 5034 3169 5099 TITULUM
3207 5035 3441 5103 FECIT

2106 5196 2470 5260 PARADIS
2477 5198 2592 5261 US.

1560 5365 1754 5431 (Edidit
1779 5365 1902 5416 Fed.
1932 5365 2184 5426 Morellus,
2210 5369 2404 5427 typogr.
2431 5366 2620 5430 regius,
2647 5365 2867 5431 Parisiis,
2892 5368 3032 5431 1595,
3053 5370 3147 5430 8°.)

701 5602 741 5652 Λ
766 5641 777 5654 .
814 5604 925 5655 Ὀτι
951 5598 1251 5664 ἀθάνατος
1269 5597 1396 5665 τοῖς
1417 5598 1952 5669 ἀναγινώσκουσιν
1971 5601 2009 5669 ’ἡ
2025 5600 2305 5671 ὠφέλεια.
2338 5610 2345 5666 1

2227 5618 2305 5658 ta.
2338 5610 2381 5666 Β
2411 5600 2451 5655 Ι.
2492 5600 2649 5666 Quod
2692 5600 2853 5669 huius
2885 5603 3135 5675 poematii
3170 5614 3419 5673 perpetua
3446 5606 3615 5675 futura
3647 5597 3702 5654 sit
3732 5584 3868 5645 utilitas

3047 5674 3352 5729 lectoribus.

719 5771 1029 5841 Ἀνθεμόεις
1053 5775 1385 5845 παράδεισος
1414 5778 1442 5829 ὁ
1476 5776 1585 5832 τῶν
1614 5778 1788 5845 ἁγίων
1827 5780 1986 5851 χορός
2012 5780 2178 5846 ἐστιν,

2021 5781 2178 5846 ἐστιν,
2404 5784 2725 5840 Sanctorum
2756 5794 2933 5841 cretus
2963 5802 3087 5841 vere
3111 5789 3398 5856 paradisus
3426 5802 3665 5845 amamus.

790 5863 991 5933 Ὀδμῆς
1023 5866 1205 5933 ἡδεὶης
1236 5867 1472 5935 πείρατα
1513 5870 1921 5940 πιμπλάμενος.

2448 5875 2867 5963 ~Unde~animis
2900 5878 3044 5935 afllat
3074 5882 3260 5938 suavis
3287 5890 3339 5939 ct
3366 5883 3537 5939 almus
3561 5882 3705 5937 odor:
