4164 6440
55 1009 146 1032 ιι-,.“ὶ,
175 1011 206 1020 ιιι·

26 1097 100 1121 “.3.

477 391 587 453 869
1905 395 2042 454 PAR

2143 396 2184 453 ll
2197 395 2361 457 SUS.
3643 409 3748 472 ε’ῑο

479 508 594 570 Πᾶς
619 504 711 562 οὖν
739 509 796 573 ὃς
831 511 1123 566 παθέεσσιν
1149 511 1449 583 ἐπεπλήγει
1477 514 1631 584 φίλον
1665 509 1823 586 ἦτορ,

2143 568 2144 572 η
2173 511 2314 582 Ergo
2351 515 2435 568 cui
2476 515 2669 570 alTeetn
2701 527 2826 572 sunt
2861 529 3079 588 pectora
3111 517 3241 574 laesa
3274 520 3522 590 profano.

546 600 706 672 Δεῦρ⁹
737 603 834 656 ἴτω
867 605 1174 678 ἀμϐροσίης
1199 606 1367 661 ἄνθεα
1413 607 1772 678 δρεψάμενος.

2237 606 2356 662 IIuc
2382 609 2585 668 veniat.
2619 609 2808 666 ﬂorem
2837 621 3026 682 carpat
3052 623 3105 668 et
3133 615 3445 670 ambrosiae.

619 712 694 770 B'.
729 715 859 770 Ὅτι
885 720 1418 788 συγγνωστότερον
1451 719 1516 774 τὸ
1545 719 1893 788 ἐλάχιστον.

2322 719 2385 774 II.
2432 720 2584 787 Quod
2610 723 2793 792 inﬁma
2821 725 3036 794 facilius
3061 727 3263 780 veniam
3291 729 3494 798 impcm
3513 739 3590 783 nt.

473 824 709 896 Κέρδιον
739 828 772 897 ἡ
807 830 1067 898 μετάνοια
1102 830 1226 900 μάλ’
1258 831 1460 903 ἔξοχον·
1498 833 1562 886 ὲκ
1588 833 1698 904 γὰρ
1729 833 1968 903 ἀρίστων

2167 831 2326 889 Utilis
2361 835 2631 906 imprimis
2667 849 2938 895 metanma
2961 858 2973 894 :
2999 855 3030 895 a
3065 857 3299 910 namque
3329 844 3571 911 probatis

547 919 660 971 Καὶ
688 919 848 973 τόκον
876 921 1221 992 εἰσπράττων
1252 923 1458 995 Κύριος
1486 925 1784 995 ὑψιμέδων,

2242 925 2448 984 Usuras
2473 930 2648 999 poscit
2676 931 2948 987 maximus
2978 933 3310 988 Altitonans.

473 1009 661 1063 Τοῖσιν
690 1012 1056 1082 ἁμαρτωλοῖς,
1095 1015 1190 1068 καὶ
1222 1014 1344 1069 ὅλον
1380 1015 1424 1068 δ’
1458 1015 1654 1084 ἀφίησι
1679 1016 1774 1070 τὸν
1799 1015 1984 1086 ὄφλον-

2160 1017 2260 1072 Ast
2288 1021 2599 1076 errantibus
2628 1023 2856 1076 omnino
2883 1023 3080 1100 delicta
3107 1025 3356 1090 remittit;

547 1101 748 1156 Εἰκόνα
773 1104 874 1168 τὴν
903 1103 1131 1176 πόρνην.
1165 1107 1260 1160 καὶ
1291 1107 1380 1160 τὸν
1405 1107 1614 1160 ἄσωτον
1643 1106 1808 1177 ἔχεις.

2233 1111 2500 1183 Exemplo
2526 1115 2624 1170 tibi
2657 1127 2786 1170 sunt
2813 1117 3074 1186 prodigus
3105 1127 3158 1172 et
3185 1121 3466 1172 meretrix.
3545 1131 3552 1140 π

471 1207 549 1265 Γ’.
593 1211 720 1265 Ὅτι
743 1215 908 1283 φόϐῳ
939 1215 1086 1270 Θεοῦ
1123 1215 1221 1270 καὶ
1248 1217 1412 1287 μόνῳ
1441 1217 1675 1272 δέδεται
1703 1219 1743 1286 ἠ
1780 1217 2042 1286 γλῶσσα.

2305 1224 2393 1281 III.
2438 1225 2592 1294 Quod
2621 1229 2733 1283 solo
2767 1230 2863 1284 Dei
2899 1241 3038 1285 metu
3069 1231 3248 1303 lingua
3281 1232 3602 1287 cohibeatur.

471 1323 717 1396 Κλεϊθρα
743 1327 851 1398 πρὸ
872 1328 970 1400 τῆς
998 1327 1274 1402 γλώσσης,
1303 1331 1403 1386 καὶ
1435 1331 1626 1402 ἕρκεα,
1655 1331 1750 1386 καὶ
1777 1331 1874 1386 δύο
1901 1333 2042 1404 τείχι

2164 1337 2434 1410 Linguam
2459 1339 2652 1410 Opifex
2679 1357 2859 1396 rerum
2883 1343 3020 1413 septi
3045 1344 3246 1414 gemini
3269 1359 3461 1415 aggere
3483 1345 3674 1412 cinxit,

546 1418 724 1488 Θῆκεν
759 1422 788 1475 ό
813 1423 1072 1490 Ποιήσας
1102 1426 1136 1495 ἡ
1156 1425 1213 1479 δέ
1241 1442 1306 1493 γε
1337 1423 1514 1479 ταῦτα
1532 1426 1699 1496 περᾷ.

2229 1429 2552 1486 Praesidium
2585 1432 2902 1486 tamen.hoc
2931 1442 3176 1501 permeat
3206 1433 3296 1486 illa
3333 1433 3552 1502 duplex.

473 1511 541 1565 Εἰ
568 1511 626 1567 δέ
662 1531 755 1583 μιν
781 1515 1122 1586 εἰσαφίκοιτο
1145 1518 1282 1572 Θεοῦ
1305 1518 1447 1584 δέος,
1477 1519 1656 1572 αὐτίκ’
1687 1519 1883 1590 έπόψει

2160 1518 2302 1586 Quid
2334 1521 2378 1574 si
2405 1517 2664 1574 Numinis
2693 1522 2919 1576 accedat
2949 1529 3149 1586 metus,
3183 1521 3330 1576 illico
3361 1536 3552 1577 cernes

547 1605 702 1676 Τήνδ*
731 1608 790 1661 έν
810 1609 956 1682 ὅροις
990 1611 1146 1675 ἰδίοις
1182 1609 1430 1682 ἀτρέμας
1453 1611 1770 1682 ἱσταμένην.

2233 1611 2382 1665 Intra
2415 1610 2692 1666 cancellos
2719 1610 2862 1689 bane
2888 1625 3174 1666 remanere
3235 1625 3388 1666 suos.

661 1717 735 1774 A'.
771 1719 900 1775 Ὀτι
930 1721 1240 1794 ἐπιζήμιον
1268 1723 1338 1780 τὸ
1372 1725 1853 1797 ταστριμαργεῖν.

2458 1719 2550 1777 IV.
2593 1723 2746 1789 Quod
2781 1723 3040 1778 damnosa
3069 1722 3141 1776 sit
3171 1719 3447 1792 ingluvies.

459 1833 652 1907 Νηδὺς
682 1836 716 1907 ἠ
751 1834 1048 1906 ἄπληστος,
1082 1839 1110 1892 ό
1133 1839 1411 1893 Δαναΐδων
1436 1838 1594 1903 πίθος
1632 1837 1803 1894 ἐστίν·

2160 1835 2440 1892 Beliadum
2478 1837 2595 1892 vasi
2625 1850 2724 1906 par
2748 1835 3127 1891 insaturabilis
3161 1835 3342 1901 alvus,

538 1927 740 1983 Ὅσσον
771 1928 1150 1999 ἐπαντλήσεις,
1183 1929 1366 1984 πλεῖον
1398 1930 1788 2004 ὑπεκπρορέει.

2227 1927 2349 1995 Quo
2385 1929 2558 2000 magis
2591 1929 2736 1983 hunc
2768 1925 2969 1998 reples,
3002 1925 3197 1982 diIIIuit
3227 1929 3402 1998 usque
3438 1926 3636 2000 magis.

461 2019 532 2071 Ei
565 2019 623 2074 δὲ
653 2020 722 2073 τὰ
745 2019 916 2074 πολλά
941 2021 1214 2091 τέμνοιτο,
1251 2021 1544 2086 συνιζάνει·
1575 2023 1702 2077 ἔνθα
1730 2023 1842 2077 τότ’
1876 2023 1980 2095 ἥδη

2156 2020 2294 2078 Huic
2323 2021 2368 2077 si
2400 2022 2677 2078 subducas
2705 2021 2932 2088 vietum,
2962 2021 3201 2077 considit
3235 2039 3250 2076 :
3279 2032 3332 2075 et
3364 2020 3530 2086 idem,

537 2110 650 2164 Καὶ
679 2110 927 2178 ὀλίγιστα
955 2111 1137 2176 δίδως,
1167 2113 1456 2176 ἀσπασίως
1487 2113 1731 2184 κατέχει.

2227 2115 2596 2182 Quantumvis
2628 2115 2845 2171 dederis
2875 2129 3074 2184 pauca,
3104 2115 3340 2170 libenter
3367 2113 3553 2169 habet.

532 2221 608 2277 E'.
645 2223 768 2277 Ὅτι
799 2223 907 2279 τὸν
932 2223 1085 2280 νοῦν
1111 2225 1150 2294 ἢ
1178 2227 1245 2279 τὸ
1271 2225 1444 2297 σῶμα
1467 2228 1995 2297 περιφρουρητέον.

2228 2227 2294 2284 ν.
2338 2231 2565 2286 Mentem
2591 2232 2834 2285 custodia
2865 2233 3042 2302 potius
3074 2247 3223 2302 egere
3251 2248 3411 2302 quam
3442 2246 3655 2301 corpus.

455 2332 679 2404 Φραῦον
712 2333 838 2388 ἰδὼν
869 2336 1216 2407 προφανέντα
1241 2339 1420 2410 γέρων
1451 2337 1776 2410 παλίνορσος
1813 2342 2042 2413 ἀπέστη.

2157 2342 2396 2399 Praeviso
2425 2359 2605 2413 angue
2634 2359 2798 2400 senex
2838 2343 3160 2414 trepidando
3190 2351 3410 2412 repente
3445 2341 3667 2410 refugit,

539 2423 674 2480 Εἶπε
703 2427 760 2480 δέ
786 2445 892 2495 τις,
921 2425 1166 2498 Φεύγεις,
1205 2432 1298 2484 καὶ
1329 2433 1394 2484 σὺ
1430 2433 1648 2502 μάκαρίῖ
1693 2432 1823 2503 ’0“δ’
1854 2433 1957 2506 ἔφη
1979 2475 1994 2498 ,

2225 2434 2366 2492 Huic
2395 2437 2534 2491 dixit
2563 2435 2810 2506 quidam,
2845 2437 2957 2492 Cur
2989 2437 3152 2507 fugis,
3194 2451 3228 2490 o
3251 2437 3390 2492 bone
3415 2435 3534 2491 vir?

457 2517 583 2572 Οὐκ
616 2519 724 2572 ἀπὸ
753 2520 908 2574 τοῦδε
934 2521 1207 2591 πέφευγα·
1241 2525 1494 2600 πέφευγα
1521 2525 1580 2578 δὲ
1611 2525 1811 2594 μᾶλλον
1846 2527 2042 2582 ἐκεῖνον

2153 2526 2296 2594 Non,
2327 2529 2424 2596 ait,
2453 2529 2600 2584 hunc
2635 2530 2748 2601 logi
2778 2546 3036 2598 anguem,
3069 2529 3210 2586 fastu
3243 2528 3338 2584 sed
3375 2529 3528 2583 inani

541 2612 645 2664 Τὸν
675 2612 954 2678 κενόδοξον
986 2613 1132 2682 ὅφιν·
1167 2615 1370 2670 στάντα
1405 2617 1515 2688 γὰρ
1563 2617 1759 2689 ἔτρυχέ
1796 2636 1887 2689 με.

2229 2619 2480 2674 Inﬂatum
2519 2621 2652 2690 iugi,
2693 2630 2929 2676 stantem
2963 2622 3165 2677 etenim
3203 2622 3454 2692 pupugit.

526 2727 620 2792 ς’.
653 2724 785 2780 Ὀτι
814 2725 906 2780 δεῖ
929 2727 998 2782 ἐκ
1037 2726 1155 2781 τῶν
1185 2729 1380 2796 πέλας
1407 2731 1730 2800 γινώσκειν
1758 2732 1999 2788 ἑαυτόν.

2156 2733 2247 2790 Vl.
2285 2733 2369 2788 Ea:
2393 2735 2687 2790 vicinorum
2722 2738 2914 2790 notitia
2957 2737 3048 2860 (ciui
3073 2738 3424 2808 cognitionem
3453 2751 3566 2792 esse
3591 2750 3742 2790 com-

2783 2822 2952 2860 uaran
2994 2824 3103 2860 am.

2783 2822 3103 2875 parandam.

469 2902 758 2974 Ὂξὺχολός
784 2924 868 2972 τις
899 2906 1039 2978 ἀνὴρ
1069 2907 1476 2980 ἐρεθιζόμενος,
1513 2911 1845 2981 μετέϐαλλεν

2153 2917 2402 2974 Percitus
2448 2919 2527 2974 ira
2557 2919 2778 2990 aliquis,
2811 2920 3020 2974 vultum
3049 2929 3354 2974 mutaverat
3385 2933 3628 2986 omnem,

543 2993 830 3062 Ὄμματα.
862 2996 958 3048 καί⁵
986 2997 1221 3067 μορφὴν,
1254 2999 1354 3068 τήν
1378 3015 1437 3050 τε
1460 3001 1635 3072 κόμην
1668 2993 1871 3061 ἐσόδεί.

2225 3011 2635 3080 Aspecmmque
2656 3025 2840 3076 suum,
2861 3011 3272 3082 sustoleratquc
3296 3026 3533 3066 comam.

456 3083 628 3137 Τόνδε
661 3083 784 3137 ἰδὼν
813 3085 1124 3157 ἄνθρωπος,
1158 3088 1216 3140 Εἰ
1241 3089 1443 3154 εἴκελος
1475 3089 1727 3162 ἔσσομαι,
1761 3089 1905 3161 εἶπε,

2155 3097 2312 3156 IInnc
2343 3117 2466 3156 cum
2493 3103 2720 3158 vidisset
2749 3103 2996 3172 quidam,
3022 3103 3078 3158 Si
3099 3104 3224 3158 talis
3251 3119 3373 3174 ego,
3404 3103 3602 3174 inquit,

531 3177 845 3247 Θυμωθεὶς,
876 3179 977 3247 φεῦ
1009 3199 1099 3248 μοι
1132 3183 1145 3236 l
1184 3183 1341 3236 ὅσσον
1381 3183 1596 3254 δφληκα
1625 3185 1819 3255 γέλων.

2230 3193 2406 3250 Iratus
2431 3193 2666 3262 fuerim;
2695 3195 2852 3266 prob!
2892 3210 3057 3264 quam
3095 3209 3195 3250 ero
3223 3195 3525 3252 ridiculusl

602 3286 680 3344 Z'.
720 3289 850 3345 Ὀτι
880 3291 1185 3348 διαπίπτει
1223 3295 1321 3349 καὶ
1348 3296 1602 3366 δύναμις
1631 3273 1940 3368 ἀμελείας.

2423 3304 2538 3364 VII.
2589 3307 2846 3363 Virtutem
2875 3308 3114 3362 excidere
3140 3307 3479 3378 negligentia.

453 3404 576 3457 Οὐκ
599 3404 746 3459 ἔστιν
778 3407 981 3478 ἑτέρως
1013 3410 1242 3480 κραδίην
1268 3411 1571 3480 ἀμόλυντον
1600 3415 1871 3485 ἐπισχεῖν,

2157 3418 2311 3474 Ilaud
2343 3419 2498 3473 aliter
2528 3433 2722 3487 parum
2753 3416 2850 3471 tibi
2875 3433 2971 3472 cor
3003 3432 3222 3472 servare
3247 3417 3458 3486 licebit,

441 3529 446 3534 -
473 3539 482 3546 .
532 3494 595 3547 Εἰ
627 3497 702 3565 μὴ
735 3495 1059 3568 λαυκανίης,
1098 3501 1192 3553 καὶ
1220 3503 1486 3572 στόματος
1521 3503 1798 3574 κρατέεις.

2231 3507 2293 3562 Ni
2325 3509 2512 3563 fauces
2541 3509 2729 3563 avidas
2761 3525 2823 3562 os
2857 3517 3154 3576 teneasque
3180 3517 3356 3562 tuum.

457 3585 630 3657 ’Ἄχρι
659 3587 715 3642 δὲ
743 3587 917 3644 ταῦτα
945 3591 1012 3644 τὰ
1042 3591 1125 3646 δύ’
1153 3594 1558 3663 ἀναπέπταται,
1592 3595 1790 3650 οὔποτε
1817 3597 1991 3670 λείψει

2157 3599 2284 3656 Haec
2317 3601 2444 3655 dum
2473 3599 2791 3669 panduntur
2819 3599 2952 3662 duo,
2984 3595 3073 3651 fur
3099 3613 3206 3652 non
3237 3597 3440 3654 desinit
3467 3597 3598 3656 illuc

530 3677 657 3748 Φὼρ
687 3679 868 3746 ἐσιὼν,
901 3684 994 3736 καὶ
1019 3683 1169 3754 ἄγων
1191 3687 1244 3740 εἰ
1273 3704 1325 3741 τι
1350 3689 1610 3742 κέκευθεν
1633 3689 1760 3745 ἔσω.

2229 3691 2456 3758 Intrare,
2491 3699 2654 3760 atque
2687 3691 2832 3745 foras
2860 3690 3100 3755 trudere,
3130 3705 3252 3760 quae
3285 3691 3438 3746 intus
3467 3701 3646 3748 erant.

605 3789 686 3847 H'.
717 3795 846 3848 Ὅτι
866 3794 1060 3868 ἔργοις
1093 3797 1132 3869 ἢ
1173 3801 1377 3870 λόγοις
1411 3802 1885 3874 ὲγγυμναστέον.

2155 3805 2296 3862 VIII.
2341 3805 2409 3860 In
2458 3805 2609 3860 rebus
2646 3806 2820 3876 potius
2866 3781 3027 3874 quam
3068 3802 3124 3857 in
3158 3804 3325 3859 verbis
3358 3803 3736 3860 elaborandum

2879 3891 3012 3929 €888.

463 3968 645 4040 Ἔργα
689 3973 853 4044 σοφὸς
889 3980 1138 4051 μοναχῶν
1168 3979 1411 4052 γράψας,
1447 3982 1706 4056 ἐλάχιστα
1733 3987 2006 4060 παρῆλθε.

2153 3993 2518 4050 Conscribeus
2547 3991 2740 4046 doctus
2771 3989 3164 4044 monachorum
3193 4005 3444 4058 munera,
3471 3989 3631 4060 liquit

533 4070 623 4140 Τῷ
647 4069 702 4126 δέ
723 4070 774 4141 γ’
805 4073 833 4124 ό
865 4073 1198 4143 προστάξας,
1233 4073 1405 4146 χώετο
1427 4117 1440 4142 ,
1473 4079 1568 4130 καὶ
1598 4079 1826 4148 νεμέσα,

2225 4085 2442 4150 Pauca;
2479 4083 2609 4138 huic
2635 4095 2989 4146 succensens,
3021 4096 3184 4150 quem
3223 4097 3390 4150 penes
3423 4081 3734 4150 imperium,

455 4163 587 4228 Πῶς
615 4165 741 4219 τάδε
766 4163 1199 4232 καταλέλοιπας;
1242 4167 1270 4220 ό
1297 4167 1342 4220 δ’
1381 4168 1530 4238 ἴαχεν
1560 4167 1717 4238 ι’σχει·
1759 4171 1903 4240 Ἐγὼ
1934 4173 2014 4237 δὲ,

2151 4177 2284 4243 Cur,
2313 4178 2410 4241 ait,
2443 4176 2558 4230 haec
2591 4173 2840 4244 liquisti?
2865 4173 3017 4226 Alter
3043 4173 3342 4242 respondit,
3374 4171 3441 4228 Ut
3471 4172 3562 4228 illa

534 4255 737 4309 Εἰσόκε
771 4255 925 4308 ταῦτ’
960 4253 1162 4324 ἔρξεις,
1204 4257 1301 4310 καὶ
1332 4257 1400 4310 τὰ
1427 4257 1704 4328 πρόλοιπα
1735 4261 1954 4332 γράφω.

2225 4269 2566 4328 Praestiteris.
2595 4269 2676 4324 sic
2703 4281 2823 4321 mox
2851 4275 3045 4322 caetera
3077 4264 3379 4334 perﬁciam.

601 4365 680 4422 0'.
719 4365 842 4420 Ὅτι
871 4366 973 4421 ἐπὶ
1001 4367 1068 4422 τὸ
1101 4367 1299 4440 στόμα
1324 4369 1426 4424 καί
1462 4371 1500 4440 ἡ
1539 4371 1865 4440 ἀσκητική.

2186 4381 2280 4438 IX.
2315 4381 2636 4452 Religiosae:
2667 4377 2828 4432 vitam
2857 4376 2912 4430 in
2937 4375 3176 4429 oratione
3215 4391 3418 4445 quoque
3449 4376 3697 4445 perspici.

2149 4473 2384 4531 Arsenio
2413 4472 2490 4542 (I)
2527 4470 2664 4526 dixit
2689 4469 2948 4540 quidam:
2982 4465 3120 4521 Cum
3156 4473 3212 4520 tu
3249 4477 3376 4521 ante
3399 4467 3628 4524 doeeres

2076 4553 2120 4610 D
2223 4567 2469 4628 Iliadem.
2505 4563 2638 4634 quid
2669 4563 2740 4616 ab
2763 4560 2848 4616 bis
2877 4559 3088 4614 discere
3125 4559 3208 4614 vis
3235 4557 3506 4614 rudibus?

2147 4659 2352 4715 Verum
2385 4655 2662 4726 equidem,
2699 4653 2882 4708 senior
2913 4650 3164 4720 subjecit,
3202 4650 3414 4705 discere
3442 4650 3512 4706 ab
3543 4649 3665 4708 istis

2215 4749 2461 4807 [ndoctis
2495 4743 2728 4804 necdum
2759 4743 2938 4816 prima
2969 4743 3240 4798 elementa
3266 4755 3434 4812 queo.
3527 4731 3540 4754 '

2143 4869 2213 4926 Χ.
2250 4867 2498 4923 Actiones
2523 4861 2798 4936 praecutit
2827 4859 2949 4916 vita:
2969 4872 3034 4912 ea:
3059 4866 3306 4914 anteacta
3335 4856 3732 4928 perpendenda:

463 4484 735 4558 ’Λρσενίῳ
760 4502 843 4548 τις
873 4485 1000 4562 ἔφη·
1029 4485 1102 4540 Σὺ
1129 4484 1212 4552 τὸ,
1231 4486 1410 4557 Μῆνιν
1435 4487 1598 4555 ἄειδε,
1620 4489 1860 4554 διδάξας,

529 4577 768 4644 Τούτους
801 4581 1036 4652 εἰρωτᾷς
1063 4580 1190 4644 τοὺς
1217 4581 1445 4658 ἀμαθεῖς
1481 4580 1534 4634 τί
1563 4580 1794 4651 μαθεῖν;

465 4672 615 4728 Ἀλλ’
642 4671 774 4742 ἐγὼ,
806 4671 912 4743 εἶφ’
947 4676 976 4727 ὁ
1005 4673 1206 4745 γέρων,
1236 4673 1318 4726 tu
1346 4673 1405 4727 δὲ
1439 4672 1534 4728 νῦν
1564 4673 1624 4726 οὺ
1649 4673 1887 4744 δεδάηκα

528 4767 650 4822 Τῶν
676 4766 906 4837 ἀμαθῶν
933 4767 1139 4821 τούτων
1172 4766 1295 4820 οὐδὲ
1322 4765 1384 4820 τὸ
1413 4765 1560 4838 ἄλφα
1591 4769 1772 4838 μόνον.

451 4879 514 4938 I'.
555 4879 638 4948 Τῷ
665 4881 930 4951 προτέρῳ
941 4881 1082 4950 βίῳ,
1107 4881 1206 4937 καὶ
1230 4882 1303 4938 τὰ
1322 4883 1432 4940 τοῦ
1454 4881 1573 4939 νῦν
1591 4879 2042 4954 οἰκονομητέον.

2867 4945 3000 4984 €888.

453 5057 720 5129 Μέμφετο
751 5059 1030 5132 Ἀρσένιόν
1060 5076 1145 5122 τις
1177 5058 1302 5113 ἰδὼν
1328 5059 1424 5114 ἐπὶ
1455 5059 1652 5114 κώεσιν
1677 5059 1830 5126 ὂντα,

2147 5055 2392 5115 Pellibus
2411 5051 2700 5107 instratum
2719 5044 3008 5115 Arsenium
3031 5042 3160 5132 quis
3183 5042 3394 5098 viderat
3412 5041 3486 5113 (2)
3506 5050 3559 5132 et
3582 5056 3731 5108 mox,

536 5147 666 5205 Εἷπε
697 5153 758 5207 δέ
791 5131 898 5216 τιςσ
932 5153 996 5206 Τί
1023 5151 1080 5206 δέ
1114 5169 1194 5205 σοι
1224 5151 1386 5222 ἔργον
1422 5151 1637 5221 ὑπῆρχε
1667 5151 1834 5205 πάλαι
1861 5168 1876 5217 ;

2220 5141 2531 5213 Carpendo,
2563 5135 2760 5208 t'nquit,
2787 5147 2926 5204 opus
2951 5131 3098 5203 quod
3122 5131 3226 5187 fuit
3255 5142 3382 5186 ante
3411 5131 3543 5184 tibi?

449 5243 682 5309 Βόσκον,
717 5243 844 5315 ἔφη.
873 5243 1084 5298 Οὐκοῦν
1113 5242 1210 5298 νῦν
1238 5243 1535 5315 ἁϐρότερος
1565 5243 1700 5296 πολύ
1734 5246 1874 5296 ἐσσι·

2147 5237 2399 5298 Pascere,
2429 5232 2527 5287 ait.
2559 5227 2765 5299 Nempe
2791 5243 2850 5283 es
2885 5229 3058 5283 multo
3085 5242 3234 5282 nunc
3270 5225 3508 5290 mollior,
3537 5225 3654 5278 inlit
3685 5243 3698 5280 :

526 5335 650 5407 Χρὴ
681 5336 792 5405 γὰρ
815 5335 952 5408 πρὸς
975 5335 1034 5388 τὸ
1066 5334 1260 5397 πάλαι,
1293 5334 1388 5387 καὶ
1417 5333 1486 5386 τὰ
1512 5331 1758 5403 παρόντα
1787 5332 2034 5403 μετρεῖν.

2217 5327 2462 5398 Namque
2491 5333 2574 5378 est
2597 5321 2885 5392 praesentis
2916 5321 3124 5390 regula,
3153 5321 3259 5374 vita
3299 5317 3467 5389 prior.

629 5451 734 5505 IA'.
760 5453 888 5506 ’Ὅτι
912 5453 1340 5519 ἐκτενέστερον
1369 5449 1440 5504 ἐν
1477 5448 1654 5504 νυκτί
1688 5449 1861 5518 εὐχή.

2358 5439 2450 5493 Χι.
2495 5435 2802 5491 Nocturnus
2835 5451 3010 5506 preces
3049 5433 3356 5503 ferridiores
3388 5447 3514 5485 esse.

459 5567 750 5638 ’Δρσενίῳ,
792 5569 886 5623 καὶ
916 5569 1066 5622 τόνδε
1093 5568 1254 5622 πόνον
1289 5565 1468 5620 κλύθι·
1501 5565 1598 5634 ὀψὲ
1629 5564 1739 5634 γὰρ
1769 5563 1880 5617 αἰεί

2149 5555 2264 5611 Hoc
2291 5554 2533 5609 studium
2579 5549 2798 5607 Arsenii
2845 5564 3066 5624 quoque
3096 5547 3312 5618 percipe
3347 5546 3423 5615 ('5)
3452 5562 3466 5600 :
3495 5557 3731 5638 namque

3499 5636 3730 5708 [solebat

525 5789 602 5860 (I)
644 5787 740 5844 Ilic
774 5787 1034 5860 Ait-senius
1071 5787 1218 5860 Diae.
1269 5785 1475 5860 Eccles.
1523 5785 1704 5860 non},
1740 5789 2044 5852 praeceptor
2347 5777 2542 5860 ξυλεῖ.
2567 5778 2606 5832 l.
2641 5773 2902 5860 1.3.30“;
2932 5771 3158 5860 Niceplt.
3191 5789 3304 5860 Juv,
3335 5771 3418 5828 49.

442 5843 675 5922 Arcadii
707 5843 754 5915 et
789 5859 930 5914 IIon.
964 5859 1134 5928 impp.
1161 5855 1383 5926 Niceplt.
1426 5870 1560 5922 χχιι,
1591 5843 1701 5908 Ξῖ».
1740 5843 1758 5852 ’
1851 5939 1866 5946 ν
1919 5843 1938 5852 ’
1991 5939 2002 5946 .
2063 5933 2092 5942 Γ
2223 5843 2300 5920 (3)
2347 5843 2538 5905 Ευεῖι.
2573 5863 2629 5904 III
2667 5846 2809 5902 Hist.
2841 5843 3020 5910 Eccl.;
3053 5843 3168 5898 Nic.
3202 5844 3290 5900 16.
