4164 6470
273 346 388 408 873
1700 328 1791 388 PA
1801 322 2156 385 RADISUS.
3435 313 3544 377 874

275 453 414 510 ΚΝ.
469 453 598 504 ’Ότι
663 452 776 504 οὐκ
844 450 974 504 ἔστι
1025 446 1144 511 Θεῷ
1169 445 1484 500 δουλεύειν
1545 441 1646 494 καὶ
1697 443 1862 506 Μαμ-
1891 444 1919 498 Α

1901 444 1936 498 Α
1965 434 2106 489 XXI.
2155 432 2304 487 Fieri
2354 447 2452 485 non
2487 444 2644 511 posse
2685 437 2740 480 ut
2781 427 2941 480 simul
2980 427 3322 480 inserviamus
3360 427 3468 485 Deo
3495 444 3545 488 et

1254 499 1257 500 ν
1791 499 1806 506 ’
2590 499 2628 552 ,Μ

1791 499 1806 506 ’
2590 499 2923 552 Mammonw.

276 639 386 694 Τὸν
420 635 621 709 χρυσὸν
655 635 878 706 φιλέων,
909 633 1114 703 φιλέειν
1145 631 1348 702 ἔραμαι
1376 631 1468 684 καὶ
1495 628 1750 700 Χριστὸν,

1964 619 2174 673 Aurum
2212 618 2406 673 adamo
2434 617 2745 687 (7),_iateor,
2775 614 3055 692 Christum
3084 615 3180 672 sed
3202 631 3390 672 amare
3420 633 3545 687 pcr-

3342 721 3468 768 onlo
3495 729 3508 765 :

364 811 502 865 ’Λλλ’
526 812 613 866 ὅδε
645 813 744 882 μὲν
772 809 1024 881 ξυνάγειν
1065 813 1212 882 φήσ’,
1247 813 1274 864 6
1313 811 1354 862 δ’
1387 809 1770 886 ἀποξυνάγειν.

3342 726 3402 766 ο]

1758 846 1770 860 .
2037 803 2226 876 Jungit
2248 815 2303 860 at
2327 805 2417 860 hic
2446 803 2684 871 animos,
2711 803 3017 860 distrahere
3040 803 3172 858 illud
3206 709 3357 858 amaIt
3379 729 3402 858 l:

273 905 348 958 X’
375 897 469 978 ᾗχι
499 904 738 958 τάλαντα
770 905 948 974 ῥέπει,
978 906 1071 958 καὶ
1099 907 1132 975 ὴ
1171 904 1378 958 διάνοια
1406 903 1615 974 ὀπηδεῖ.

1966 897 2196 966 Quoque
2219 895 2418 950 talenta
2445 896 2564 950 auri
2588 903 2838 964 vergunt,
2863 894 3081 952 animus
3099 909 3318 966 quoque
3338 896 3507 968 vergit
3531 915 3543 952 :

353 997 512 1068 Οἴμοι
539 997 706 1050 τῶνδε
731 997 894 1068 ἐρῶν,
930 997 1206 1068 ἦμόροτον
1235 999 1582 1070 ἀμφοτέρων.

2038 989 2129 1044 Sic
2155 988 2322 1044 simul
2353 992 2470 1044 haec
2498 988 2784 1054 adamans,
2811 989 2994 1058 privor
3022 997 3256 1058 utroque
3290 989 3477 1045 simul.

485 1109 612 1164 KB’.
657 1110 788 1164 Ὅτι
809 1111 1198 1181 πολυσχιδὴς
1225 1113 1266 1180 ἡ
1292 1112 1652 1180 ἀπόκαρσις.

2213 1099 2382 1156 XXII.
2436 1099 2731 1156 Tonsuram
2776 1101 3122 1172 multiplicem
3167 1119 3301 1157 esse.

282 1224 492 1294 ’Ἄνδρα
511 1223 772 1294 τύραννος
789 1224 970 1297 ἔκειρε
987 1225 1186 1290 Σατὰν,
1204 1225 1378 1290 νόσος,
1398 1225 1650 1296 αἰσχύνη,
1672 1225 1860 1298 ἔχθρα,

1969 1213 2062 1270 Vis
2090 1213 2390 1278 hominem,
2415 1213 2592 1283 pudor
2619 1226 2712 1268 aut
2743 1213 2934 1280 Satan,
2966 1214 3265 1270 morbusve
3294 1217 3549 1286 totondit,

365 1315 474 1368 Καὶ.
503 1314 685 1381 πενίη,
722 1315 816 1368 καὶ
843 1315 980 1384 ἔρις,
1011 1316 1106 1370 καὶ
1134 1315 1298 1378 πόθος
1321 1317 1611 1386 οὐρανίων.

1585 1335 1611 1370 ν,
2039 1307 2152 1372 Lis,
2187 1307 2268 1360 vel
2299 1307 2607 1376 pauperies,
2640 1315 2734 1360 aut
2759 1321 2912 1362 amor
2940 1308 3229 1364 aethereus.

280 1404 474 1459 Ταῦτα
504 1404 560 1458 δὲ
587 1409 916 1476 πειρασμοῖς
940 1423 998 1458 τε
1020 1408 1112 1460 καὶ
1137 1405 1329 1477 ὕϐρεσι
1355 1408 1604 1477 κρίνεται
1627 1410 1758 1478 ἡμῖν

1707 1410 1758 1460 ῖν
1967 1397 2227 1453 Adversis
2256 1399 2420 1452 rebus
2454 1397 2610 1452 facile
2642 1399 2757 1452 hate
2787 1399 3186 1468 dignoscimus,
3219 1407 3274 1454 et
3305 1401 3351 1456 si

359 1497 468 1552 Καὶ
504 1497 580 1568 τῷ
610 1496 866 1566 ἀνιδρωτὶ
895 1498 1007 1560 τοῖς
1042 1497 1311 1570 καμάτοις
1347 1497 1506 1552 ἰέναι.

2038 1488 2174 1555 Quis
2206 1487 2345 1544 ferat
2377 1502 2640 1542 arumnas
2664 1488 2872 1558 absque
2901 1489 3088 1544 dolore
3117 1504 3329 1560 graves.

551 1604 677 1662 ΚΓ.
714 1605 1040 1678 Τεκμήριον
1060 1609 1591 1680 άνθρωπαρέσκου.
1969 1601 2008 1654 Χ
2023 1601 2154 1655 Kl"-

1969 1601 2154 1655 XXIII.
2203 1601 2470 1656 Iudicium
2521 1602 2818 1683 οὐδεᾳαὶοεὶ
2871 1619 2962 1656 seu
3007 1605 3317 1684 popularem
3363 1621 3553 1660 auram

2392 1717 2398 1724 .
2459 1681 2718 1724 venantis.
2747 1681 2794 1724 et
2827 1689 2940 1724 vere
2963 1689 3058 1724 rm.

2391 1717 2398 1734 ,
2459 1689 2718 1736 venantis,
2747 1689 2794 1726 et
2827 1689 2940 1725 vere
2960 1689 3058 1736 pet.

279 1761 561 1832 Νηστεύει
589 1779 674 1826 τις
699 1763 854 1834 ἕκητι
884 1763 1040 1832 Θεοῦ,
1073 1766 1169 1819 καὶ
1191 1765 1347 1838 ἕκητι
1381 1765 1648 1820 θεὼντων.
1893 1794 1923 1852 I

2391 1717 2398 1734 ,
2459 1689 2718 1736 venantis,
2747 1689 2794 1726 et
2827 1689 2940 1725 vere
2960 1689 3058 1742 ριι.

1893 1794 1940 1852 Β
1969 1763 2062 1818 llle
2089 1761 2206 1828 Dei,
2247 1763 2336 1818 hic
2371 1765 2657 1818 hominum
2695 1779 2860 1820 causa
2885 1761 3120 1834 jejunat,
3150 1773 3206 1820 at
3230 1763 3375 1822 istud

360 1853 487 1918 Πῶς
515 1853 642 1908 τάδε
669 1850 727 1909 εὖ
753 1855 975 1926 γνοίης;
1005 1858 1206 1911 Μεῖνον
1234 1857 1340 1921 ἓως
1378 1859 1570 1912 νοσέοι.
1895 1850 1908 1852 7

1895 1850 1908 1852 ί
2042 1854 2146 1921 Qui
2181 1855 2412 1911 nosces?
2439 1855 2613 1910 morbi
2645 1871 2769 1911 cum
2807 1857 3055 1912 cruciare
3079 1858 3258 1913 solent
3293 1875 3307 1912 :

281 1943 478 2016 Τόφρα
505 1945 564 1998 δέ
597 1946 649 2014 γ’
677 1949 726 2000 εἰ
761 1948 972 2002 θανέειν
1008 1949 1303 2021 ἱμείρεται,
1336 1947 1397 2005 εὖ
1421 1951 1536 2005 τάδ’
1568 1951 1794 2019 ἀνέτλη·

1730 1967 1794 2019 η·
1973 1946 2126 2002 Τιιιιο
2159 1949 2200 2002 si
2235 1958 2466 2002 mortem
2500 1957 2666 2017 optet,
2690 1949 2896 2018 jejunia
2925 1965 3049 2006 vera
3081 1952 3334 2008 videntur
3361 1969 3373 2007 :

359 2037 426 2092 El
456 2037 514 2092 δέ
542 2038 596 2092 κ’
619 2039 944 2106 άποσκάζει,
969 2041 1232 2106 είσοδίαςε
1262 2043 1471 2110 φίλους.

2046 2036 2102 2091 Si
2136 2037 2389 2106 trepidet,
2425 2037 2548 2093 ﬁcte
2571 2039 2863 2108 religiosus
2903 2042 3067 2097 homo
3095 2051 3197 2097 est.

341 2146 471 2202 ΚΝ.
514 2149 642 2203 Ὅτι
669 2153 742 2206 οὐ
765 2151 956 2206 καλὸν
987 2151 1053 2207 τὸ
1082 2153 1566 2210 ὑποστέλλεσθαι
1606 2153 1818 2212 πᾶσιν.

1766 2171 1818 2212 ν,
2114 2146 2306 2203 XXIV.
2359 2149 2690 2204 Prwclarum
2733 2167 2842 2206 esse
2871 2153 3111 2208 omnibus
3143 2155 3410 2210 inservare.

284 2261 437 2316 Νοῦν
464 2279 550 2326 τις
571 2263 710 2334 ἔχων
739 2265 1040 2336 πτερόεντα
1060 2267 1157 2321 καὶ
1188 2268 1393 2336 ἔνθεον,
1419 2269 1622 2324 ὁππότε
1646 2273 1833 2342 χεῖρας

1730 2275 1833 2342 ρας
1976 2258 2240 2314 Prseditus
2269 2260 2471 2330 aligera
2504 2263 2628 2331 quis
2659 2275 2837 2318 mente
2863 2272 2918 2319 et
2935 2261 3167 2320 Numine
3193 2267 3374 2335 plena,

362 2354 603 2423 Οὐρανὸν
627 2356 904 2420 είσεπέτα,
935 2358 1114 2412 οὐκέτ’
1145 2361 1200 2420 ὲς
1231 2359 1397 2412 αὐτὸν
1427 2359 1544 2431 ἔην’

2047 2353 2255 2422 Raptus
2289 2361 2408 2408 erat
2435 2354 2648 2424 quoties
2682 2354 2848 2410 ferret
2870 2355 2936 2410 ad
2969 2365 3118 2412 astra
3149 2373 3387 2415 manus:

286 2445 485 2498 Τοίνυν
516 2445 688 2500 εἵπετ’
712 2446 906 2517 ἔμελλε
937 2447 1110 2518 φίλοις
1139 2451 1304 2522 εὐχὴν
1331 2450 1629 2520 δεένεσθαι,

1976 2443 2111 2500 Cum
2141 2443 2434 2498 charorum
2461 2457 2588 2514 ergo
2618 2443 2776 2498 vellet
2807 2445 3126 2500 meminisse
3161 2448 3460 2516 precando,

363 2536 456 2590 Τὼ
482 2537 608 2608 χέρε
638 2537 961 2608 συμϐάλλων
992 2539 1070 2610 ἂψ
1101 2540 1364 2596 ἀπέϐαινε
1403 2543 1581 2612 μόνος.

1491 2559 1581 2607 ρος,
2047 2533 2319 2604 Jungebat
2347 2535 2576 2604 palmas,
2605 2533 2749 2604 juris
2777 2541 3004 2605 eratque
3025 2534 3135 2592 sui.

1017 2654 1147 2710 ΚΕι.
2317 2647 2483 2704 XXV.
2514 2649 2666 2714 Quod
2703 2651 2806 2704 tria
2837 2653 3095 2706 servanda
3117 2653 3244 2710 sint.

289 2761 379 2816 Τά
408 2762 537 2833 τρία
563 2763 739 2819 ταῦτα
768 2766 956 2836 φέρειν
983 2769 1302 2824 ἐπετέλλετο
1337 2772 1482 2844 ίερὸς
1513 2775 1688 2846 ἀνήρ·

1980 2766 2109 2820 Haec
2137 2765 2240 2819 tria
2270 2773 2574 2829 serventur,
2615 2763 2698 2817 vir
2726 2773 2948 2820 sanctus
2975 2765 3180 2834 ubique
3208 2770 3466 2826 monebat
3498 2813 3510 2827 .

380 2855 466 2906 Ἐν
493 2858 655 2929 φρεσὶ
691 2859 1070 2929 σωφροσύνην,
1106 2861 1239 2916 αίδὼ
1265 2865 1358 2917 ἐπὶ
1389 2865 1706 2937 βλεφάροις,

1601 2884 1706 2932 οις,
2053 2855 2336 2911 Sobrietas
2367 2856 2572 2917 animo,
2607 2855 3018 2926 luminibusque
3051 2859 3243 2926 pudor,

291 2945 525 3018 Γλώσσῃ
551 2948 920 3022 ἀλυκτοπέδην
940 2968 956 2982 ·
988 2953 1174 3006 ἐκάλει
1201 2955 1324 3024 τόγε
1348 2958 1472 3020 τοὺς
1498 2959 1776 3024 τοιούτους

1985 2947 2324 3016 Vinculaque
2344 2946 2400 3002 in
2421 2946 2629 3016 lingua.
2647 2945 2781 3000 Nam
2806 2948 2898 3016 qui
2921 2947 3043 3001 tulit
3066 2948 3182 3004 haec
3205 2951 3556 3023 tria_puncta,

369 3037 414 3090 Τ
417 3039 476 3092 οῦ
503 3040 739 3111 μεγάλου
763 3043 934 3096 Λυδοῦ
965 3043 1160 3102 πολλὸν
1183 3048 1586 3120 άφνειοτέρους.

2055 3040 2310 3110 Principe
2343 3039 2605 3094 nimirum
2637 3047 2720 3094 est
2745 3035 2908 3093 ditior
2940 3040 3031 3094 ille
3064 3039 3295 3111 Lydum.

403 3153 553 3221 KG’.
587 3154 718 3209 ’Ὁτι
744 3155 927 3226 λόγος
950 3157 1227 3228 ἀπρεπὴς
1248 3155 1468 3230 αἶσχος
1487 3163 1736 3220 ἄλυτον.
1903 3157 1946 3216 C
1979 3151 2047 3206 Χῖ

1919 3157 1946 3216 3
1979 3149 2173 3207 XXVI.
2209 3151 2362 3216 Quod
2389 3149 2638 3205 indecora
2671 3153 2843 3207 oratio
2888 3153 3111 3208 dedecus
3155 3155 3428 3212 indelebile
3470 3155 3563 3214 sit.

293 3269 773 3352 Σχοινολογοῦντος
819 3272 1061 3344 ἑταίρου,
1091 3273 1261 3345 ἔφησέ
1291 3287 1406 3340 τις·
1444 3278 1518 3331 Οὐ
1564 3279 1722 3332 τόσον
1761 3279 1878 3331 ἐστὶ

1983 3265 2132 3321 Vana
2175 3235 2432 3334 loquente
2462 3266 2593 3332 alio,
2637 3269 2852 3323 monuit
2882 3269 3106 3338 quidam
3143 3288 3156 3324 :
3191 3271 3346 3328 Haud
3378 3277 3561 3344 gravis

3409 3381 3433 3418 I'

370 3451 553 3506 Δεινδν
575 3451 858 3524 ὀλισθῆσαι
883 3451 962 3524 τῷ
993 3453 1137 3521 ποδὶ,
1172 3455 1247 3516 ὡς
1279 3454 1356 3525 τῷ
1387 3455 1530 3510 ἔπει.

3374 3381 3528 3420 error

2055 3447 2244 3518 Usque
2272 3452 2408 3504 adeo
2440 3450 2529 3505 ille
2563 3450 2762 3520 pedum
2793 3460 2896 3518 est,
2931 3453 3118 3524 lapsus
3151 3463 3213 3509 ut
3241 3364 3490 3534 eloq[uii.:

299 3542 367 3596 El
395 3542 453 3595 δὲ
479 3543 586 3614 γάρ
618 3543 685 3597 ἃν
717 3539 859 3615 καὶῇ
889 3544 996 3598 ἀπὸ
1020 3545 1116 3598 τοῦ
1145 3545 1326 3613 ποδὸς,
1351 3548 1415 3600 οὐ
1445 3548 1599 3600 τόσον
1621 3549 1706 3618 εἴη
1728 3567 1741 3580 ο

1983 3537 2229 3608 Namque
2254 3540 2452 3609 pedum
2480 3541 2662 3616 lapsus
2683 3544 2824 3611 quod
2849 3542 2974 3607 fert,
2994 3545 3277 3601 tolerabile
3302 3549 3563 3605 damnum

373 3634 492 3690 Οὐκ
523 3635 726 3704 ἀγαθὸς
761 3635 818 3688 δὲ
846 3637 1002 3705 λόγος
1033 3637 1221 3692 λύεται
1253 3638 1374 3692 οὐδὲ
1405 3639 1578 3709 μόρῳ.

2058 3628 2161 3682 Sed
2192 3644 2392 3698 pravus
2419 3645 2602 3684 sermo
2635 3647 2740 3686 non
2771 3634 2909 3704 perit
2940 3635 3160 3691 interitu
3188 3637 3284 3708 (8).
3397 3637 3523 3712 [cst,

335 3749 468 3806 KZ'.
497 3751 618 3806 Ὅτι
649 3753 1032 3821 πολύτροπος
1061 3754 1100 3819 ἡ
1131 3752 1239 3822 τῆς
1277 3754 1492 3820 κακίας
1525 3754 1841 3823 ἐπιϐουλή.

1781 3755 1841 3823 ἡ,
2131 3742 2348 3798 XXVII.
2389 3744 2542 3810 Quod
2573 3747 2889 3815 multiplices
2914 3749 3018 3803 sint
3051 3751 3167 3804 vitii
3195 3751 3425 3808 insidiae.

299 3869 521 3938 Σφριγᾷ
551 3869 646 3922 καὶ
689 3868 874 3936 φύσις,
899 3869 959 3922 ού
989 3869 1194 3938 πρήσει
1222 3867 1280 3921 δέ
1307 3885 1380 3934 τι,
1423 3869 1498 3941 μὴ
1529 3869 1884 3940 προδιδούσης

1696 3869 1884 3936 δούσης
1989 3855 2187 3912 Fervet
2220 3867 2436 3924 natura,
2467 3858 2610 3912 haud
2640 3861 2749 3914 urit
2779 3861 3162 3928 nihilominus,
3195 3865 3340 3918 illam

378 3964 571 4034 Ψυχῆς
597 3979 609 3993 ·
635 3965 700 4016 ἐκ
726 3963 780 4016 δὲ
809 3964 974 4034 βορῆς
1016 3963 1206 4034 ἄγριος
1236 3964 1408 4018 ἵστατ’
1439 3966 1598 4035 ἔρως.

2061 3948 2366 4004 Prodiderit
2394 3951 2450 4003 ni
2480 3966 2638 4006 mens
2669 3967 2684 4017 ;
2717 3967 2811 4008 esu
2837 3968 2994 4008 amor
3021 3956 3287 4011 exoritur.

315 4053 504 4122 Ἀνδρὶ
533 4053 590 4106 δὲ
619 4053 932 4124 νηστεύοντι
955 4055 1080 4123 ὄφις
1111 4053 1684 4124 φθονέων-πολεμίζει,

1991 4041 2269 4110 .lejunanti
2301 4043 2509 4096 homini
2535 4057 2761 4111 serpens
2784 4055 2964 4100 movet
2985 4060 3178 4114 aspera
3205 4047 3367 4110 bella,

379 4145 629 4216 Καδμείη
665 4163 722 4198 τε
749 4145 830 4198 ἑοῖ
861 4144 984 4214 νίκη
1010 4145 1346 4215 ἐπιτροχάει.

2061 4135 2301 4190 Cadmeo
2345 4143 2556 4189 tantum
2587 4143 2648 4188 ut
2673 4136 2891 4190 vincere
2925 4151 3077 4191 more
3105 4147 3290 4207 queat.

343 4251 479 4307 KH'.
512 4253 640 4307 Ὅτι
671 4257 726 4308 ol
750 4255 868 4308 νῦν
916 4253 1050 4322 περὶ
1082 4253 1199 4324 τὴν
1229 4253 1452 4324 ἀρετὴν
1477 4255 1850 4326 ἀμϐλύτεροι.

1993 4242 2230 4298 XXVIII.
2273 4243 2378 4297 Eos
2405 4246 2496 4315 qui
2527 4261 2664 4298 mmo
2682 4247 2895 4368 sinunt,
2929 4249 2996 4302 ad
3036 4251 3282 4303 virtutem
3321 4267 3432 4307 esse
3463 4263 3568 4308 tar-

2723 4333 2878 4370 tores.

308 4429 450 4488 Εἶπε
476 4433 695 4504 γέροντι
726 4433 844 4497 νέος
862 4449 874 4462 '
923 4433 1048 4489 Πῶς
1077 4431 1290 4502 ἤλθετε,
1320 4431 1414 4484 καὶ
1436 4430 1559 4500 δίχα
1589 4429 1812 4500 μόχθου,
1932 4503 1937 4504 ν

1799 4468 1812 4492 ,
1932 4503 1937 4504 γ
1993 4424 2218 4478 Dicebat
2246 4425 2428 4480 vetulo
2449 4425 2669 4495 juvenis
2705 4443 2719 4480 :
2748 4425 2980 4491 Quinam
3012 4429 3222 4498 absque
3245 4430 3433 4486 labore

383 4523 428 4574 Τ
430 4523 495 4592 ὴν
517 4503 737 4594 ἀρετὴν,
765 4525 926 4593 ἡμεῖς
951 4522 1077 4574 οὐδὲ
1101 4523 1218 4592 μετ’
1247 4521 1551 4591 ὲμμελίης;
1921 4503 1964 4557 D

1921 4503 1964 4557 Β
2065 4515 2335 4572 Virtutem
2369 4533 2430 4573 es
2453 4525 2668 4584 nactus,
2705 4521 2790 4573 vix
2823 4533 2922 4589 ego
2951 4535 3074 4575 cum
3105 4522 3323 4576 studio?

305 4615 482 4670 Τοῦτο
498 4615 605 4684 γὰρ
621 4611 688 4684 ἦν
708 4615 868 4685 μόνον
885 4615 1046 4684 ἔργον
1065 4631 1079 4644 ·
1095 4613 1310 4668 ἅπαντα
1326 4613 1382 4666 δὲ
1399 4613 1591 4666 τ’άλλα
1613 4611 1892 4682 πάρεργα.

1994 4609 2108 4664 lloc
2131 4625 2324 4674 unum,
2347 4609 2545 4679 inquit,
2573 4625 2711 4680 opus
2743 4611 2866 4677 fuit,
2894 4613 3034 4667 haud
3066 4614 3384 4670 alia'ouinia
3406 4631 3571 4680 cura},

391 4725 410 4758 ι
455 4709 570 4761 [liv
609 4707 654 4760 δ’
679 4707 816 4778 ὅπερ
842 4707 909 4760 ἂν
935 4705 1146 4777 ἐθίσῃς,
1174 4705 1278 4760 κᾶν
1309 4705 1470 4776 βαρὺ,
1502 4706 1632 4775 ῥᾷον
1655 4705 1778 4772 ἔφυ.
1809 4723 1827 4754 ›
2001 4720 2018 4751 ι

1767 4745 1778 4756 .
1809 4723 1827 4754 υ
2001 4720 2018 4751 ε
2057 4699 2262 4772 Nempe
2289 4718 2390 4784 usu
2424 4704 2539 4757 leve
2565 4703 2672 4757 erit
2699 4705 2846 4774 quod
2877 4703 2978 4759 fuit
3003 4715 3128 4760 ante
3162 4723 3344 4776 grave.
3391 4728 3409 4760 ι

307 4842 456 4900 Κθ’.-
479 4845 608 4896 Ὀτι
635 4844 708 4897 τὰ
739 4844 809 4898 ὲν
835 4843 1120 4912 θαλάσσῃ
1150 4843 1248 4897 καὶ
1271 4843 1340 4897 ἑν
1373 4841 1452 4906 τῷ
1485 4843 1736 4910 παρόν-τι
1753 4840 1891 4904 βίῳ.

1995 4839 2188 4894 XXIX.
2241 4841 2373 4904 Quae
2415 4843 2470 4894 in
2513 4843 2650 4894 mari
2679 4845 2942 4925 eveniunt,
2991 4847 3046 4897 in
3083 4845 3181 4897 hac
3221 4861 3424 4916 quoque
3473 4850 3572 4901 rita

2623 4925 2938 4966 continuere.

1595 4949 1600 4952 .
2623 4929 2796 4967 eorum
2801 4931 2938 4979 gere.

313 5019 483 5074 Οὐδὲν
509 5022 634 5084 ἁλός
667 5023 713 5093 ῤ’
739 5024 767 5075 6
800 5021 914 5092 βίος
947 5021 1252 5092 διενήνοχεν
1275 5038 1287 5053 ·
1319 5022 1542 5075 ἄστατοι
1576 5021 1766 5090 ἄμφω,

2005 5027 2130 5082 Vita
2163 5029 2300 5082 mari
2331 5029 2548 5092 similis,
2575 5045 2667 5084 res
2697 5045 2935 5098 namque
2959 5031 3164 5084 incerta
3193 5039 3247 5085 et
3278 5031 3473 5087 acerba

389 5115 606 5184 Πικροὶ,
645 5114 996 5185 θηροτρόφοι,
1034 5115 1084 5166 οἱ
1111 5114 1328 5183 λιμένες
1358 5113 1612 5184 βραχεες.

2078 5117 2340 5190 Utraque,
2369 5120 2628 5188 alensque
2649 5119 2814 5174 feras.
2845 5119 3049 5174 Littora
3072 5133 3198 5175 sunt
3219 5123 3433 5187 brevia;

313 5207 510 5262 Πολλοὶ
540 5208 666 5270 ἁλός
703 5209 750 5260 τ’
778 5209 996 5277 ἀνέμων
1035 5207 1356 5278 άδαήμονες,
1404 5208 1582 5278 αὐτὰρ
1611 5211 1640 5261 6
1686 5207 1894 5278 δαίμων

1845 5225 1894 5261 αν
2002 5211 2142 5267 Sunt
2171 5213 2338 5266 maris
2363 5225 2428 5265 ac
2459 5219 2747 5265 ventorum
2783 5211 2959 5280 ignari
2995 5213 3218 5280 plurimi
3250 5231 3264 5267 :
3293 5224 3350 5268 at
3373 5215 3489 5282 ipse

388 5303 560 5372 Τῇσιν
581 5303 744 5362 ὀπαῖς
772 5303 947 5355 πνείει
979 5303 1202 5371 μᾶλλον,
1233 5303 1266 5372 ἢ
1297 5306 1355 5356 ὲν
1397 5301 1646 5369 πελάγει.

2073 5303 2192 5358 Fiat
2221 5303 2432 5358 daemon
2457 5317 2615 5372 mage
2642 5317 2740 5370 per
2761 5309 2978 5370 pectora
3001 5317 3166 5372 quam
3197 5304 3438 5374 pelagus.

587 5417 667 5470 A'.
703 5417 830 5468 Ὅτι
861 5415 1070 5484 καιρὸς
1091 5415 1271 5476 παντὶ
1304 5413 1620 5484 πράγματι.
1996 5412 2164 5469 XXX.
2221 5419 2231 5463 l

1996 5412 2164 5469 XXX.
2221 5411 2684 5482 Opportunitatem
2727 5413 2784 5465 in
2810 5411 2954 5464 omni
2981 5427 3036 5464 re
3078 5413 3417 5479 spectandam
3445 5429 3558 5469 esse

313 5529 586 5600 Κείμενον
619 5530 678 5582 ὲν
711 5529 1004 5600 προθύροις
1031 5530 1122 5584 τὸν
1146 5529 1397 5600 Λάζαρον
1426 5531 1524 5598 οὐχ
1553 5529 1822 5598 ὁράασκεν
1955 5501 1957 5504 Ι

1955 5501 1962 5510 ’
1999 5527 2344 5584 Vestibulum
2370 5535 2496 5582 ante
2520 5526 2718 5581 domus
2741 5535 2976 5583 stratum
3000 5528 3322 5597 despexerat
3343 5529 3487 5584 Irum
3504 5529 3572 5600 (9'

387 5691 466 5762 (7)
509 5691 720 5746 Allusio
777 5693 1056 5746 venustior
1103 5703 1190 5750 est
1247 5693 1298 5745 in
1352 5689 1578 5756 Grmcis,
1633 5691 1896 5760 Χριστὸς,
2084 5687 2162 5762 (8)
2198 5687 2268 5762 _D.
2299 5686 2542 5762 August.
2565 5687 2618 5740 in
2647 5684 2867 5741 Enchir.
2891 5687 3054 5760 Greg.
3082 5683 3216 5742 Naz.
3242 5688 3310 5744 de
3331 5687 3582 5745 Silentio.

311 5756 552 5835 Χρυσός.
1686 5756 1696 5760 ’

1686 5756 1696 5760 ’
2081 5756 2160 5828 (9)
2198 5756 2484 5812 Lazarum.
2523 5756 2651 5812 Luc.
2683 5773 2792 5812 xvi.

567 5856 839 5918 ΡΔΤιιοι..
867 5859 982 5918 Gn.
1013 5857 1175 5918 CVI.
1661 5947 1670 5952 _
2085 5809 2098 5827 ‘
2141 5809 2157 5828 Ι
