  <div class='ocr_page' id='page_1' title='image "/cluster/home/n/w/nwhite01/storage/ocr_20150623/106/coo.31924054870104/447.png"; bbox 0 0 4164 6424; ppageno 0'>
   <div class='ocr_carea' id='block_1_1' title="bbox 725 424 1941 503">
    <p class='ocr_par' dir='ltr' id='par_1_1' title="bbox 725 424 1941 503">
     <span class='ocr_line' id='line_1_1' title="bbox 725 424 1941 503; baseline -0.012 -10"><span class='ocrx_word' id='word_1_1' title='bbox 725 440 903 503; x_wconf 83' lang='lat' dir='ltr'><strong>Dives,</strong></span> <span class='ocrx_word' id='word_1_2' title='bbox 928 448 1076 492; x_wconf 89' lang='lat' dir='ltr'><strong>nunc</strong></span> <span class='ocrx_word' id='word_1_3' title='bbox 1104 448 1233 489; x_wconf 83' lang='lat' dir='ltr'><strong>vero</strong></span> <span class='ocrx_word' id='word_1_4' title='bbox 1274 429 1501 501; x_wconf 77' lang='lat' dir='ltr'><strong>suspicit</strong></span> <span class='ocrx_word' id='word_1_5' title='bbox 1531 427 1745 482; x_wconf 87' lang='lat' dir='ltr'><strong>eminus</strong></span> <span class='ocrx_word' id='word_1_6' title='bbox 1775 424 1941 480; x_wconf 83' lang='lat' dir='ltr'><strong>hunc.</strong></span> 
     </span>
    </p>
   </div>
   <div class='ocr_carea' id='block_1_2' title="bbox 667 509 2010 590">
    <p class='ocr_par' dir='ltr' id='par_1_2' title="bbox 667 509 2010 590">
     <span class='ocr_line' id='line_1_2' title="bbox 667 509 2010 590; baseline -0.013 -6"><span class='ocrx_word' id='word_1_7' title='bbox 667 550 685 584; x_wconf 80' lang='grc' dir='ltr'><strong>ι</strong></span> <span class='ocrx_word' id='word_1_8' title='bbox 723 530 858 585; x_wconf 85' lang='lat' dir='ltr'><strong>Nam</strong></span> <span class='ocrx_word' id='word_1_9' title='bbox 890 544 976 584; x_wconf 86' lang='lat' dir='ltr'><strong>res</strong></span> <span class='ocrx_word' id='word_1_10' title='bbox 1006 509 1260 582; x_wconf 53' lang='lat' dir='ltr'><strong>aduersas</strong></span> <span class='ocrx_word' id='word_1_11' title='bbox 1282 520 1557 590; x_wconf 75' lang='lat' dir='ltr'><strong>vigilantia</strong></span> <span class='ocrx_word' id='word_1_12' title='bbox 1590 517 1764 573; x_wconf 78' lang='lat' dir='ltr'><strong>suevit</strong></span> <span class='ocrx_word' id='word_1_13' title='bbox 1788 530 1969 569; x_wconf 87' lang='lat' dir='ltr'><strong>amare</strong></span> <span class='ocrx_word' id='word_1_14' title='bbox 1997 529 2010 566; x_wconf 91' lang='lat'>:</span> 
     </span>
    </p>
   </div>
   <div class='ocr_carea' id='block_1_3' title="bbox 728 606 2014 686">
    <p class='ocr_par' dir='ltr' id='par_1_3' title="bbox 728 606 2014 686">
     <span class='ocr_line' id='line_1_3' title="bbox 728 606 2014 686; baseline -0.014 -12"><span class='ocrx_word' id='word_1_15' title='bbox 728 620 954 676; x_wconf 86' lang='lat' dir='ltr'><strong>Noscito</strong></span> <span class='ocrx_word' id='word_1_16' title='bbox 983 627 1218 686; x_wconf 86' lang='lat' dir='ltr'><strong>tempus,</strong></span> <span class='ocrx_word' id='word_1_17' title='bbox 1259 614 1336 667; x_wconf 85' lang='lat' dir='ltr'><strong>ait</strong></span> <span class='ocrx_word' id='word_1_18' title='bbox 1369 614 1511 666; x_wconf 85' lang='lat' dir='ltr'><strong>filius</strong></span> <span class='ocrx_word' id='word_1_19' title='bbox 1558 608 1779 680; x_wconf 36' lang='lat' dir='ltr'><strong>I‘Iyradii</strong></span> <span class='ocrx_word' id='word_1_20' title='bbox 1812 606 1950 677; x_wconf 85' lang='grc'><strong>(10).</strong></span> <span class='ocrx_word' id='word_1_21' title='bbox 1996 624 2014 655; x_wconf 75' lang='grc' dir='ltr'><strong>ι</strong></span> 
     </span>
    </p>
   </div>
   <div class='ocr_carea' id='block_1_4' title="bbox 760 713 2070 791">
    <p class='ocr_par' dir='ltr' id='par_1_4' title="bbox 760 713 2070 791">
     <span class='ocr_line' id='line_1_4' title="bbox 760 713 2070 791; baseline -0.016 -6"><span class='ocrx_word' id='word_1_22' title='bbox 760 727 954 784; x_wconf 88' lang='lat' dir='ltr'><strong>XXXI.</strong></span> <span class='ocrx_word' id='word_1_23' title='bbox 991 724 1146 791; x_wconf 83' lang='lat' dir='ltr'><strong>Quod</strong></span> <span class='ocrx_word' id='word_1_24' title='bbox 1181 720 1474 790; x_wconf 81' lang='lat' dir='ltr'><strong>majoribus</strong></span> <span class='ocrx_word' id='word_1_25' title='bbox 1506 732 1708 786; x_wconf 83' lang='lat' dir='ltr'><strong>semper</strong></span> <span class='ocrx_word' id='word_1_26' title='bbox 1739 716 1855 785; x_wconf 83' lang='lat' dir='ltr'><strong>quis</strong></span> <span class='ocrx_word' id='word_1_27' title='bbox 1886 713 2070 767; x_wconf 82' lang='lat' dir='ltr'><strong>inhiet.</strong></span> 
     </span>
    </p>
   </div>
   <div class='ocr_carea' id='block_1_5' title="bbox 655 821 2226 896">
    <p class='ocr_par' dir='ltr' id='par_1_5' title="bbox 655 821 2226 896">
     <span class='ocr_line' id='line_1_5' title="bbox 655 821 2226 896; baseline -0.017 0"><span class='ocrx_word' id='word_1_28' title='bbox 655 838 837 896; x_wconf 88' lang='lat' dir='ltr'><strong>Ardua</strong></span> <span class='ocrx_word' id='word_1_29' title='bbox 869 850 957 890; x_wconf 88' lang='lat' dir='ltr'><strong>res</strong></span> <span class='ocrx_word' id='word_1_30' title='bbox 984 832 1188 888; x_wconf 87' lang='lat' dir='ltr'><strong>homini</strong></span> <span class='ocrx_word' id='word_1_31' title='bbox 1212 836 1296 886; x_wconf 91' lang='lat' dir='ltr'><strong>est</strong></span> <span class='ocrx_word' id='word_1_32' title='bbox 1319 827 1584 883; x_wconf 89' lang='lat' dir='ltr'><strong>mundum</strong></span> <span class='ocrx_word' id='word_1_33' title='bbox 1604 821 1991 894; x_wconf 82' lang='lat' dir='ltr'><strong>comprendere</strong></span> <span class='ocrx_word' id='word_1_34' title='bbox 2013 827 2183 874; x_wconf 88' lang='lat' dir='ltr'><strong>totum</strong></span> <span class='ocrx_word' id='word_1_35' title='bbox 2210 834 2226 870; x_wconf 85' lang='lat'><strong>:</strong></span> 
     </span>
    </p>
   </div>
   <div class='ocr_carea' id='block_1_6' title="bbox 724 914 2051 999">
    <p class='ocr_par' dir='ltr' id='par_1_6' title="bbox 724 914 2051 999">
     <span class='ocr_line' id='line_1_6' title="bbox 724 914 2051 999; baseline -0.014 -16"><span class='ocrx_word' id='word_1_36' title='bbox 724 926 946 999; x_wconf 85' lang='lat' dir='ltr'><strong>optanti</strong></span> <span class='ocrx_word' id='word_1_37' title='bbox 974 935 1157 980; x_wconf 87' lang='lat' dir='ltr'><strong>tamen</strong></span> <span class='ocrx_word' id='word_1_38' title='bbox 1184 922 1329 977; x_wconf 89' lang='lat' dir='ltr'><strong>hunc</strong></span> <span class='ocrx_word' id='word_1_39' title='bbox 1361 920 1631 988; x_wconf 86' lang='lat' dir='ltr'><strong>linquere,</strong></span> <span class='ocrx_word' id='word_1_40' title='bbox 1664 914 1923 986; x_wconf 85' lang='lat' dir='ltr'><strong>perfacile</strong></span> <span class='ocrx_word' id='word_1_41' title='bbox 1945 921 2051 966; x_wconf 89' lang='lat' dir='ltr'><strong>est.</strong></span> 
     </span>
    </p>
   </div>
   <div class='ocr_carea' id='block_1_7' title="bbox 654 1003 2225 1090">
    <p class='ocr_par' dir='ltr' id='par_1_7' title="bbox 654 1003 2225 1090">
     <span class='ocr_line' id='line_1_7' title="bbox 654 1003 2225 1090; baseline -0.013 -13"><span class='ocrx_word' id='word_1_42' title='bbox 654 1020 759 1077; x_wconf 89' lang='lat' dir='ltr'><strong>Sed</strong></span> <span class='ocrx_word' id='word_1_43' title='bbox 795 1019 923 1090; x_wconf 85' lang='lat' dir='ltr'><strong>quia</strong></span> <span class='ocrx_word' id='word_1_44' title='bbox 950 1017 1019 1072; x_wconf 87' lang='lat' dir='ltr'><strong>ab</strong></span> <span class='ocrx_word' id='word_1_45' title='bbox 1051 1016 1277 1085; x_wconf 89' lang='lat' dir='ltr'><strong>antiquo</strong></span> <span class='ocrx_word' id='word_1_46' title='bbox 1310 1011 1487 1067; x_wconf 88' lang='lat' dir='ltr'><strong>fastus</strong></span> <span class='ocrx_word' id='word_1_47' title='bbox 1527 1009 1671 1063; x_wconf 88' lang='lat' dir='ltr'><strong>mala</strong></span> <span class='ocrx_word' id='word_1_48' title='bbox 1701 1006 1907 1062; x_wconf 87' lang='lat' dir='ltr'><strong>semina</strong></span> <span class='ocrx_word' id='word_1_49' title='bbox 1939 1003 2225 1065; x_wconf 79' lang='lat' dir='ltr'><strong>habemus,</strong></span> 
     </span>
    </p>
   </div>
   <div class='ocr_carea' id='block_1_8' title="bbox 724 1098 1773 1182">
    <p class='ocr_par' dir='ltr' id='par_1_8' title="bbox 724 1098 1773 1182">
     <span class='ocr_line' id='line_1_8' title="bbox 724 1098 1773 1182; baseline -0.013 -15"><span class='ocrx_word' id='word_1_50' title='bbox 724 1113 993 1182; x_wconf 89' lang='lat' dir='ltr'><strong>Perpetuo</strong></span> <span class='ocrx_word' id='word_1_51' title='bbox 1028 1108 1241 1163; x_wconf 87' lang='lat' dir='ltr'><strong>fructus</strong></span> <span class='ocrx_word' id='word_1_52' title='bbox 1272 1103 1602 1161; x_wconf 83' lang='lat' dir='ltr'><strong>demetimus</strong></span> <span class='ocrx_word' id='word_1_53' title='bbox 1630 1098 1773 1155; x_wconf 80' lang='lat' dir='ltr'><strong>vitii.</strong></span> 
     </span>
    </p>
   </div>
   <div class='ocr_carea' id='block_1_9' title="bbox 647 1228 2225 1358">
    <p class='ocr_par' dir='ltr' id='par_1_9' title="bbox 647 1228 2225 1358">
     <span class='ocr_line' id='line_1_9' title="bbox 647 1228 2225 1358; baseline -0.013 -60"><span class='ocrx_word' id='word_1_54' title='bbox 647 1241 860 1298; x_wconf 88' lang='lat' dir='ltr'><strong>XXXII.</strong></span> <span class='ocrx_word' id='word_1_55' title='bbox 927 1239 1121 1297; x_wconf 81' lang='lat' dir='ltr'><strong>Omnia</strong></span> <span class='ocrx_word' id='word_1_56' title='bbox 1172 1239 1242 1293; x_wconf 92' lang='lat' dir='ltr'><strong>ad</strong></span> <span class='ocrx_word' id='word_1_57' title='bbox 1295 1232 1679 1358; x_wconf 48' lang='lat' dir='ltr'><strong>ins‘ttitutionem</strong></span> <span class='ocrx_word' id='word_1_58' title='bbox 1740 1228 2032 1284; x_wconf 79' lang='lat' dir='ltr'><strong>uicinorum</strong></span> <span class='ocrx_word' id='word_1_59' title='bbox 2086 1238 2225 1289; x_wconf 71' lang='lat' dir='ltr'><strong>pra:-</strong></span> 
     </span>
     <span class='ocr_line' id='line_1_10' title="bbox 1252 1317 1622 1358; baseline -0.005 0"><span class='ocrx_word' id='word_1_60' title='bbox 1252 1317 1370 1358; x_wconf 87' lang='lat' dir='ltr'><strong>stan</strong></span> <span class='ocrx_word' id='word_1_61' title='bbox 1413 1322 1446 1358; x_wconf 92' lang='lat' dir='ltr'><strong>a</strong></span> <span class='ocrx_word' id='word_1_62' title='bbox 1491 1318 1622 1357; x_wconf 73' lang='grc'><strong>8888.</strong></span> 
     </span>
    </p>
   </div>
   <div class='ocr_carea' id='block_1_10' title="bbox 1252 1317 1622 1363">
    <p class='ocr_par' dir='ltr' id='par_1_10' title="bbox 1252 1317 1622 1363">
     <span class='ocr_line' id='line_1_11' title="bbox 1252 1317 1622 1363; baseline -0.019 0"><span class='ocrx_word' id='word_1_63' title='bbox 1252 1317 1446 1363; x_wconf 84' lang='lat' dir='ltr'><strong>standa</strong></span> <span class='ocrx_word' id='word_1_64' title='bbox 1491 1318 1622 1357; x_wconf 73' lang='grc'><strong>8888.</strong></span> 
     </span>
    </p>
   </div>
   <div class='ocr_carea' id='block_1_11' title="bbox 651 1431 2010 1507">
    <p class='ocr_par' dir='ltr' id='par_1_11' title="bbox 651 1431 2010 1507">
     <span class='ocr_line' id='line_1_12' title="bbox 651 1431 2010 1507; baseline -0.015 -6"><span class='ocrx_word' id='word_1_65' title='bbox 651 1447 948 1501; x_wconf 85' lang='lat' dir='ltr'><strong>Gustarant</strong></span> <span class='ocrx_word' id='word_1_66' title='bbox 973 1439 1225 1498; x_wconf 80' lang='lat' dir='ltr'><strong>monachi</strong></span> <span class='ocrx_word' id='word_1_67' title='bbox 1258 1453 1354 1495; x_wconf 89' lang='lat' dir='ltr'><strong>sua</strong></span> <span class='ocrx_word' id='word_1_68' title='bbox 1383 1451 1480 1507; x_wconf 91' lang='lat' dir='ltr'><strong>per</strong></span> <span class='ocrx_word' id='word_1_69' title='bbox 1508 1431 1760 1490; x_wconf 87' lang='lat' dir='ltr'><strong>convivia</strong></span> <span class='ocrx_word' id='word_1_70' title='bbox 1795 1443 2010 1486; x_wconf 89' lang='lat' dir='ltr'><strong>carnes.</strong></span> 
     </span>
    </p>
   </div>
   <div class='ocr_carea' id='block_1_12' title="bbox 720 1517 2047 1605">
    <p class='ocr_par' dir='ltr' id='par_1_12' title="bbox 720 1517 2047 1605">
     <span class='ocr_line' id='line_1_13' title="bbox 720 1517 2047 1605; baseline -0.015 -14"><span class='ocrx_word' id='word_1_71' title='bbox 720 1535 858 1591; x_wconf 88' lang='lat' dir='ltr'><strong>Tum</strong></span> <span class='ocrx_word' id='word_1_72' title='bbox 889 1535 1014 1605; x_wconf 91' lang='lat' dir='ltr'><strong>quis</strong></span> <span class='ocrx_word' id='word_1_73' title='bbox 1045 1531 1293 1588; x_wconf 88' lang='lat' dir='ltr'><strong>Pastori:</strong></span> <span class='ocrx_word' id='word_1_74' title='bbox 1320 1528 1451 1594; x_wconf 90' lang='lat' dir='ltr'><strong>Cur,</strong></span> <span class='ocrx_word' id='word_1_75' title='bbox 1472 1528 1568 1592; x_wconf 92' lang='lat' dir='ltr'><strong>ait,</strong></span> <span class='ocrx_word' id='word_1_76' title='bbox 1597 1522 1743 1579; x_wconf 88' lang='lat' dir='ltr'><strong>haud</strong></span> <span class='ocrx_word' id='word_1_77' title='bbox 1774 1517 2047 1576; x_wconf 86' lang='lat' dir='ltr'><strong>comedis?</strong></span> 
     </span>
    </p>
   </div>
   <div class='ocr_carea' id='block_1_13' title="bbox 650 1610 2058 1691">
    <p class='ocr_par' dir='ltr' id='par_1_13' title="bbox 650 1610 2058 1691">
     <span class='ocr_line' id='line_1_14' title="bbox 650 1610 2058 1691; baseline -0.015 -6"><span class='ocrx_word' id='word_1_78' title='bbox 650 1630 954 1685; x_wconf 84' lang='lat' dir='ltr'><strong>Praesentes</strong></span> <span class='ocrx_word' id='word_1_79' title='bbox 982 1625 1263 1689; x_wconf 81' lang='lat' dir='ltr'><strong>laesissem,</strong></span> <span class='ocrx_word' id='word_1_80' title='bbox 1296 1620 1470 1691; x_wconf 91' lang='lat' dir='ltr'><strong>inquit</strong></span> <span class='ocrx_word' id='word_1_81' title='bbox 1498 1637 1512 1674; x_wconf 92' lang='lat'><strong>:</strong></span> <span class='ocrx_word' id='word_1_82' title='bbox 1546 1633 1669 1672; x_wconf 86' lang='lat' dir='ltr'><strong>nam</strong></span> <span class='ocrx_word' id='word_1_83' title='bbox 1698 1615 1827 1671; x_wconf 90' lang='lat' dir='ltr'><strong>talia</strong></span> <span class='ocrx_word' id='word_1_84' title='bbox 1849 1610 2058 1668; x_wconf 89' lang='lat' dir='ltr'><strong>edendo</strong></span> 
     </span>
    </p>
   </div>
   <div class='ocr_carea' id='block_1_14' title="bbox 723 1703 1984 1784">
    <p class='ocr_par' dir='ltr' id='par_1_14' title="bbox 723 1703 1984 1784">
     <span class='ocr_line' id='line_1_15' title="bbox 723 1703 1984 1784; baseline -0.016 -8"><span class='ocrx_word' id='word_1_85' title='bbox 723 1720 859 1776; x_wconf 87' lang='lat' dir='ltr'><strong>Cum</strong></span> <span class='ocrx_word' id='word_1_86' title='bbox 886 1719 989 1774; x_wconf 91' lang='lat' dir='ltr'><strong>sim</strong></span> <span class='ocrx_word' id='word_1_87' title='bbox 1017 1716 1171 1781; x_wconf 91' lang='lat' dir='ltr'><strong>talis,</strong></span> <span class='ocrx_word' id='word_1_88' title='bbox 1207 1714 1329 1784; x_wconf 90' lang='lat' dir='ltr'><strong>quis</strong></span> <span class='ocrx_word' id='word_1_89' title='bbox 1362 1703 1984 1780; x_wconf 64' lang='lat' dir='ltr'><strong>temperetjngluviem?</strong></span> 
     </span>
    </p>
   </div>
   <div class='ocr_carea' id='block_1_15' title="bbox 811 1814 2064 1898">
    <p class='ocr_par' dir='ltr' id='par_1_15' title="bbox 811 1814 2064 1898">
     <span class='ocr_line' id='line_1_16' title="bbox 811 1814 2064 1898; baseline -0.014 -15"><span class='ocrx_word' id='word_1_90' title='bbox 811 1827 1054 1888; x_wconf 81' lang='lat' dir='ltr'><strong>XXXIII.</strong></span> <span class='ocrx_word' id='word_1_91' title='bbox 1090 1826 1197 1881; x_wconf 85' lang='lat' dir='ltr'><strong>Cur</strong></span> <span class='ocrx_word' id='word_1_92' title='bbox 1222 1823 1356 1878; x_wconf 84' lang='lat' dir='ltr'><strong>bella</strong></span> <span class='ocrx_word' id='word_1_93' title='bbox 1384 1821 1633 1898; x_wconf 82' lang='lat' dir='ltr'><strong>hodierna</strong></span> <span class='ocrx_word' id='word_1_94' title='bbox 1660 1818 1764 1872; x_wconf 86' lang='lat' dir='ltr'><strong>sint</strong></span> <span class='ocrx_word' id='word_1_95' title='bbox 1800 1814 2064 1885; x_wconf 81' lang='lat' dir='ltr'><strong>graviora.</strong></span> 
     </span>
    </p>
   </div>
   <div class='ocr_carea' id='block_1_16' title="bbox 656 1922 2025 1997">
    <p class='ocr_par' dir='ltr' id='par_1_16' title="bbox 656 1922 2025 1997">
     <span class='ocr_line' id='line_1_17' title="bbox 656 1922 2025 1997; baseline -0.015 0"><span class='ocrx_word' id='word_1_96' title='bbox 656 1942 755 1996; x_wconf 90' lang='lat' dir='ltr'><strong>Dic</strong></span> <span class='ocrx_word' id='word_1_97' title='bbox 785 1938 943 1994; x_wconf 90' lang='lat' dir='ltr'><strong>nobis</strong></span> <span class='ocrx_word' id='word_1_98' title='bbox 968 1951 1066 1993; x_wconf 85' lang='lat' dir='ltr'><strong>cur</strong></span> <span class='ocrx_word' id='word_1_99' title='bbox 1098 1935 1207 1991; x_wconf 87' lang='lat' dir='ltr'><strong>sint</strong></span> <span class='ocrx_word' id='word_1_100' title='bbox 1240 1932 1383 1988; x_wconf 86' lang='lat' dir='ltr'><strong>mala</strong></span> <span class='ocrx_word' id='word_1_101' title='bbox 1410 1942 1556 1985; x_wconf 91' lang='lat' dir='ltr'><strong>nunc</strong></span> <span class='ocrx_word' id='word_1_102' title='bbox 1582 1926 1817 1997; x_wconf 87' lang='lat' dir='ltr'><strong>majora,</strong></span> <span class='ocrx_word' id='word_1_103' title='bbox 1846 1922 2025 1986; x_wconf 88' lang='lat' dir='ltr'><strong>beate,</strong></span> 
     </span>
    </p>
   </div>
   <div class='ocr_carea' id='block_1_17' title="bbox 727 2012 2026 2098">
    <p class='ocr_par' dir='ltr' id='par_1_17' title="bbox 727 2012 2026 2098">
     <span class='ocr_line' id='line_1_18' title="bbox 727 2012 2026 2098; baseline -0.015 -12"><span class='ocrx_word' id='word_1_104' title='bbox 727 2029 986 2098; x_wconf 85' lang='lat' dir='ltr'><strong>Quotidie</strong></span> <span class='ocrx_word' id='word_1_105' title='bbox 1010 2035 1066 2084; x_wconf 90' lang='lat' dir='ltr'><strong>et</strong></span> <span class='ocrx_word' id='word_1_106' title='bbox 1096 2025 1335 2093; x_wconf 84' lang='lat' dir='ltr'><strong>patimur</strong></span> <span class='ocrx_word' id='word_1_107' title='bbox 1364 2036 1529 2091; x_wconf 87' lang='lat' dir='ltr'><strong>quam</strong></span> <span class='ocrx_word' id='word_1_108' title='bbox 1556 2017 1805 2089; x_wconf 80' lang='lat' dir='ltr'><strong>graviora</strong></span> <span class='ocrx_word' id='word_1_109' title='bbox 1840 2012 2026 2084; x_wconf 84' lang='lat' dir='ltr'><strong>prius?</strong></span> 
     </span>
    </p>
   </div>
   <div class='ocr_carea' id='block_1_18' title="bbox 655 2106 1994 2193">
    <p class='ocr_par' dir='ltr' id='par_1_18' title="bbox 655 2106 1994 2193">
     <span class='ocr_line' id='line_1_19' title="bbox 655 2106 1994 2193; baseline -0.016 -14"><span class='ocrx_word' id='word_1_110' title='bbox 655 2123 774 2191; x_wconf 85' lang='lat' dir='ltr'><strong>Quo</strong></span> <span class='ocrx_word' id='word_1_111' title='bbox 809 2121 1030 2193; x_wconf 90' lang='lat' dir='ltr'><strong>propius</strong></span> <span class='ocrx_word' id='word_1_112' title='bbox 1066 2116 1235 2172; x_wconf 86' lang='lat' dir='ltr'><strong>Satan</strong></span> <span class='ocrx_word' id='word_1_113' title='bbox 1276 2129 1376 2169; x_wconf 91' lang='lat' dir='ltr'><strong>sua</strong></span> <span class='ocrx_word' id='word_1_114' title='bbox 1410 2112 1558 2166; x_wconf 84' lang='lat' dir='ltr'><strong>novit</strong></span> <span class='ocrx_word' id='word_1_115' title='bbox 1590 2123 1754 2180; x_wconf 89' lang='lat' dir='ltr'><strong>regna</strong></span> <span class='ocrx_word' id='word_1_116' title='bbox 1789 2106 1994 2169; x_wconf 85' lang='lat' dir='ltr'><strong>venire,</strong></span> 
     </span>
    </p>
   </div>
   <div class='ocr_carea' id='block_1_19' title="bbox 724 2202 1838 2269">
    <p class='ocr_par' dir='ltr' id='par_1_19' title="bbox 724 2202 1838 2269">
     <span class='ocr_line' id='line_1_20' title="bbox 724 2202 1838 2269; baseline -0.015 0"><span class='ocrx_word' id='word_1_117' title='bbox 724 2211 1020 2269; x_wconf 89' lang='lat' dir='ltr'><strong>Terricolis</strong></span> <span class='ocrx_word' id='word_1_118' title='bbox 1035 2229 1039 2233; x_wconf 62' lang='lat'><strong>‘</strong></span> <span class='ocrx_word' id='word_1_119' title='bbox 1057 2208 1194 2263; x_wconf 86' lang='lat' dir='ltr'><strong>solet</strong></span> <span class='ocrx_word' id='word_1_120' title='bbox 1222 2206 1353 2261; x_wconf 89' lang='lat' dir='ltr'><strong>hinc</strong></span> <span class='ocrx_word' id='word_1_121' title='bbox 1373 2203 1573 2259; x_wconf 65' lang='lat' dir='ltr'><strong>saevius</strong></span> <span class='ocrx_word' id='word_1_122' title='bbox 1606 2202 1838 2255; x_wconf 88' lang='lat' dir='ltr'><strong>irruerc.</strong></span> 
     </span>
    </p>
   </div>
   <div class='ocr_carea' id='block_1_20' title="bbox 653 2302 2230 2386">
    <p class='ocr_par' dir='ltr' id='par_1_20' title="bbox 653 2302 2230 2386">
     <span class='ocr_line' id='line_1_21' title="bbox 653 2302 2230 2386; baseline -0.017 -8"><span class='ocrx_word' id='word_1_123' title='bbox 653 2317 896 2377; x_wconf 85' lang='lat' dir='ltr'><strong>XXXIV.</strong></span> <span class='ocrx_word' id='word_1_124' title='bbox 950 2316 1216 2386; x_wconf 84' lang='lat' dir='ltr'><strong>Quemque</strong></span> <span class='ocrx_word' id='word_1_125' title='bbox 1260 2330 1314 2369; x_wconf 88' lang='lat' dir='ltr'><strong>se</strong></span> <span class='ocrx_word' id='word_1_126' title='bbox 1349 2314 1525 2386; x_wconf 80' lang='lat' dir='ltr'><strong>ipsum</strong></span> <span class='ocrx_word' id='word_1_127' title='bbox 1587 2306 1808 2362; x_wconf 78' lang='lat' dir='ltr'><strong>revereri</strong></span> <span class='ocrx_word' id='word_1_128' title='bbox 1858 2313 1908 2360; x_wconf 85' lang='lat' dir='ltr'><strong>et</strong></span> <span class='ocrx_word' id='word_1_129' title='bbox 1960 2302 2230 2358; x_wconf 80' lang='lat' dir='ltr'><strong>observare</strong></span> 
     </span>
    </p>
   </div>
   <div class='ocr_carea' id='block_1_21' title="bbox 1337 2384 1573 2435">
    <p class='ocr_par' dir='ltr' id='par_1_21' title="bbox 1337 2384 1573 2435">
     <span class='ocr_line' id='line_1_22' title="bbox 1337 2384 1573 2435; baseline -0.008 0"><span class='ocrx_word' id='word_1_130' title='bbox 1337 2384 1541 2435; x_wconf 81' lang='lat' dir='ltr'><strong>debere.</strong></span> <span class='ocrx_word' id='word_1_131' title='bbox 1564 2410 1573 2417; x_wconf 93' lang='lat'><strong>-</strong></span> 
     </span>
    </p>
   </div>
   <div class='ocr_carea' id='block_1_22' title="bbox 655 2481 2007 2568">
    <p class='ocr_par' dir='ltr' id='par_1_22' title="bbox 655 2481 2007 2568">
     <span class='ocr_line' id='line_1_23' title="bbox 655 2481 2007 2568; baseline -0.016 -13"><span class='ocrx_word' id='word_1_132' title='bbox 655 2500 762 2568; x_wconf 86' lang='lat' dir='ltr'><strong>Qui</strong></span> <span class='ocrx_word' id='word_1_133' title='bbox 795 2510 1067 2555; x_wconf 81' lang='lat' dir='ltr'><strong>excussus</strong></span> <span class='ocrx_word' id='word_1_134' title='bbox 1095 2492 1334 2565; x_wconf 90' lang='lat' dir='ltr'><strong>propriis</strong></span> <span class='ocrx_word' id='word_1_135' title='bbox 1364 2490 1543 2545; x_wconf 87' lang='lat' dir='ltr'><strong>aliena</strong></span> <span class='ocrx_word' id='word_1_136' title='bbox 1566 2485 1782 2557; x_wconf 91' lang='lat' dir='ltr'><strong>negotia</strong></span> <span class='ocrx_word' id='word_1_137' title='bbox 1810 2481 2007 2545; x_wconf 91' lang='lat' dir='ltr'><strong>cernit,</strong></span> 
     </span>
    </p>
   </div>
   <div class='ocr_carea' id='block_1_23' title="bbox 728 2573 1995 2661">
    <p class='ocr_par' dir='ltr' id='par_1_23' title="bbox 728 2573 1995 2661">
     <span class='ocr_line' id='line_1_24' title="bbox 728 2573 1995 2661; baseline -0.016 -16"><span class='ocrx_word' id='word_1_138' title='bbox 728 2592 975 2661; x_wconf 82' lang='lat' dir='ltr'><strong>Angusta</strong></span> <span class='ocrx_word' id='word_1_139' title='bbox 1012 2597 1097 2641; x_wconf 90' lang='lat' dir='ltr'><strong>est</strong></span> <span class='ocrx_word' id='word_1_140' title='bbox 1121 2585 1259 2649; x_wconf 86' lang='lat' dir='ltr'><strong>acie,</strong></span> <span class='ocrx_word' id='word_1_141' title='bbox 1298 2597 1358 2637; x_wconf 90' lang='lat' dir='ltr'><strong>se</strong></span> <span class='ocrx_word' id='word_1_142' title='bbox 1386 2578 1575 2651; x_wconf 89' lang='lat' dir='ltr'><strong>procul</strong></span> <span class='ocrx_word' id='word_1_143' title='bbox 1609 2588 1769 2646; x_wconf 90' lang='lat' dir='ltr'><strong>atque</strong></span> <span class='ocrx_word' id='word_1_144' title='bbox 1804 2573 1948 2628; x_wconf 77' lang='lat' dir='ltr'><strong>videt</strong></span> <span class='ocrx_word' id='word_1_145' title='bbox 1980 2588 1995 2625; x_wconf 86' lang='lat'><strong>:</strong></span> 
     </span>
    </p>
   </div>
   <div class='ocr_carea' id='block_1_24' title="bbox 660 2669 1881 2743">
    <p class='ocr_par' dir='ltr' id='par_1_24' title="bbox 660 2669 1881 2743">
     <span class='ocr_line' id='line_1_25' title="bbox 660 2669 1881 2743; baseline -0.017 -2"><span class='ocrx_word' id='word_1_146' title='bbox 660 2685 755 2741; x_wconf 83' lang='lat' dir='ltr'><strong>Sin</strong></span> <span class='ocrx_word' id='word_1_147' title='bbox 784 2684 900 2738; x_wconf 83' lang='lat' dir='ltr'><strong>visu</strong></span> <span class='ocrx_word' id='word_1_148' title='bbox 928 2682 1136 2736; x_wconf 90' lang='lat' dir='ltr'><strong>intento</strong></span> <span class='ocrx_word' id='word_1_149' title='bbox 1163 2677 1424 2732; x_wconf 88' lang='lat' dir='ltr'><strong>reddatur</strong></span> <span class='ocrx_word' id='word_1_150' title='bbox 1450 2671 1651 2743; x_wconf 88' lang='lat' dir='ltr'><strong>pupula</strong></span> <span class='ocrx_word' id='word_1_151' title='bbox 1683 2669 1881 2737; x_wconf 87' lang='lat' dir='ltr'><strong>major,</strong></span> 
     </span>
    </p>
   </div>
   <div class='ocr_carea' id='block_1_25' title="bbox 732 2756 2159 2840">
    <p class='ocr_par' dir='ltr' id='par_1_25' title="bbox 732 2756 2159 2840">
     <span class='ocr_line' id='line_1_26' title="bbox 732 2756 2159 2840; baseline -0.015 -10"><span class='ocrx_word' id='word_1_152' title='bbox 732 2775 803 2830; x_wconf 89' lang='lat' dir='ltr'><strong>Se</strong></span> <span class='ocrx_word' id='word_1_153' title='bbox 831 2786 1067 2830; x_wconf 86' lang='lat' dir='ltr'><strong>cernens</strong></span> <span class='ocrx_word' id='word_1_154' title='bbox 1098 2784 1285 2840; x_wconf 86' lang='lat' dir='ltr'><strong>prope,</strong></span> <span class='ocrx_word' id='word_1_155' title='bbox 1324 2782 1432 2822; x_wconf 93' lang='lat' dir='ltr'><strong>non</strong></span> <span class='ocrx_word' id='word_1_156' title='bbox 1461 2762 1728 2836; x_wconf 83' lang='lat' dir='ltr'><strong>prospicit</strong></span> <span class='ocrx_word' id='word_1_157' title='bbox 1754 2760 1988 2816; x_wconf 87' lang='lat' dir='ltr'><strong>ulterius</strong></span> <span class='ocrx_word' id='word_1_158' title='bbox 2021 2756 2159 2812; x_wconf 81' lang='grc'><strong>(11).</strong></span> 
     </span>
    </p>
   </div>
   <div class='ocr_carea' id='block_1_26' title="bbox 662 2884 2233 2967">
    <p class='ocr_par' dir='ltr' id='par_1_26' title="bbox 662 2884 2233 2967">
     <span class='ocr_line' id='line_1_27' title="bbox 662 2884 2233 2967; baseline -0.015 -7"><span class='ocrx_word' id='word_1_159' title='bbox 662 2900 884 2960; x_wconf 82' lang='lat' dir='ltr'><strong>XXXV.</strong></span> <span class='ocrx_word' id='word_1_160' title='bbox 916 2900 1070 2967; x_wconf 85' lang='lat' dir='ltr'><strong>Quod</strong></span> <span class='ocrx_word' id='word_1_161' title='bbox 1104 2898 1150 2954; x_wconf 83' lang='lat' dir='ltr'><strong>si</strong></span> <span class='ocrx_word' id='word_1_162' title='bbox 1180 2900 1224 2953; x_wconf 92' lang='lat' dir='ltr'><strong>is</strong></span> <span class='ocrx_word' id='word_1_163' title='bbox 1250 2898 1339 2966; x_wconf 87' lang='lat' dir='ltr'><strong>qui</strong></span> <span class='ocrx_word' id='word_1_164' title='bbox 1370 2896 1622 2950; x_wconf 80' lang='lat' dir='ltr'><strong>mentitur</strong></span> <span class='ocrx_word' id='word_1_165' title='bbox 1650 2891 1805 2960; x_wconf 87' lang='lat' dir='ltr'><strong>perit,</strong></span> <span class='ocrx_word' id='word_1_166' title='bbox 1850 2888 2015 2942; x_wconf 84' lang='lat' dir='ltr'><strong>multo</strong></span> <span class='ocrx_word' id='word_1_167' title='bbox 2064 2884 2233 2954; x_wconf 86' lang='lat' dir='ltr'><strong>magis</strong></span> 
     </span>
    </p>
   </div>
   <div class='ocr_carea' id='block_1_27' title="bbox 1283 2967 1623 3038">
    <p class='ocr_par' dir='ltr' id='par_1_27' title="bbox 1283 2967 1623 3038">
     <span class='ocr_line' id='line_1_28' title="bbox 1283 2967 1623 3038; baseline -0.018 -17"><span class='ocrx_word' id='word_1_168' title='bbox 1283 2969 1372 3038; x_wconf 86' lang='lat' dir='ltr'><strong>qui</strong></span> <span class='ocrx_word' id='word_1_169' title='bbox 1400 2967 1623 3035; x_wconf 84' lang='lat' dir='ltr'><strong>pejerat.</strong></span> 
     </span>
    </p>
   </div>
   <div class='ocr_carea' id='block_1_28' title="bbox 666 3096 1879 3178">
    <p class='ocr_par' dir='ltr' id='par_1_28' title="bbox 666 3096 1879 3178">
     <span class='ocr_line' id='line_1_29' title="bbox 666 3096 1879 3178; baseline -0.016 -14"><span class='ocrx_word' id='word_1_170' title='bbox 666 3108 726 3165; x_wconf 88' lang='lat' dir='ltr'><strong>Si</strong></span> <span class='ocrx_word' id='word_1_171' title='bbox 757 3105 957 3178; x_wconf 80' lang='lat' dir='ltr'><strong>lyricus</strong></span> <span class='ocrx_word' id='word_1_172' title='bbox 989 3101 1160 3157; x_wconf 78' lang='lat' dir='ltr'><strong>David</strong></span> <span class='ocrx_word' id='word_1_173' title='bbox 1196 3112 1323 3155; x_wconf 87' lang='lat' dir='ltr'><strong>vere</strong></span> <span class='ocrx_word' id='word_1_174' title='bbox 1345 3096 1613 3153; x_wconf 86' lang='lat' dir='ltr'><strong>cecinisse</strong></span> <span class='ocrx_word' id='word_1_175' title='bbox 1636 3102 1879 3163; x_wconf 86' lang='lat' dir='ltr'><strong>putatur,</strong></span> 
     </span>
    </p>
   </div>
   <div class='ocr_carea' id='block_1_29' title="bbox 738 3184 1933 3263">
    <p class='ocr_par' dir='ltr' id='par_1_29' title="bbox 738 3184 1933 3263">
     <span class='ocr_line' id='line_1_30' title="bbox 738 3184 1933 3263; baseline -0.015 -11"><span class='ocrx_word' id='word_1_176' title='bbox 738 3197 1028 3252; x_wconf 78' lang='lat' dir='ltr'><strong>Mendaces</strong></span> <span class='ocrx_word' id='word_1_177' title='bbox 1055 3191 1254 3263; x_wconf 90' lang='lat' dir='ltr'><strong>perdes</strong></span> <span class='ocrx_word' id='word_1_178' title='bbox 1284 3200 1508 3259; x_wconf 83' lang='lat' dir='ltr'><strong>prorsus</strong></span> <span class='ocrx_word' id='word_1_179' title='bbox 1540 3184 1888 3253; x_wconf 90' lang='lat' dir='ltr'><strong>inaniloquos</strong></span> <span class='ocrx_word' id='word_1_180' title='bbox 1916 3196 1933 3234; x_wconf 88' lang='lat'><strong>:</strong></span> 
     </span>
    </p>
   </div>
   <div class='ocr_carea' id='block_1_30' title="bbox 665 3274 2106 3360">
    <p class='ocr_par' dir='ltr' id='par_1_30' title="bbox 665 3274 2106 3360">
     <span class='ocr_line' id='line_1_31' title="bbox 665 3274 2106 3360; baseline -0.017 -13"><span class='ocrx_word' id='word_1_181' title='bbox 665 3292 811 3360; x_wconf 82' lang='lat' dir='ltr'><strong>Ergo</strong></span> <span class='ocrx_word' id='word_1_182' title='bbox 833 3287 926 3343; x_wconf 88' lang='lat' dir='ltr'><strong>ubi</strong></span> <span class='ocrx_word' id='word_1_183' title='bbox 954 3285 1060 3341; x_wconf 91' lang='lat' dir='ltr'><strong>erit</strong></span> <span class='ocrx_word' id='word_1_184' title='bbox 1092 3292 1203 3338; x_wconf 92' lang='lat' dir='ltr'><strong>tum</strong></span> <span class='ocrx_word' id='word_1_185' title='bbox 1234 3280 1330 3352; x_wconf 90' lang='lat' dir='ltr'><strong>qui</strong></span> <span class='ocrx_word' id='word_1_186' title='bbox 1356 3294 1457 3336; x_wconf 87' lang='lat' dir='ltr'><strong>sua</strong></span> <span class='ocrx_word' id='word_1_187' title='bbox 1482 3292 1577 3349; x_wconf 87' lang='lat' dir='ltr'><strong>per</strong></span> <span class='ocrx_word' id='word_1_188' title='bbox 1603 3274 1844 3348; x_wconf 75' lang='lat' dir='ltr'><strong>periuria</strong></span> <span class='ocrx_word' id='word_1_189' title='bbox 1876 3277 2106 3327; x_wconf 90' lang='lat' dir='ltr'><strong>cunctos</strong></span> 
     </span>
    </p>
   </div>
   <div class='ocr_carea' id='block_1_31' title="bbox 734 3362 1987 3446">
    <p class='ocr_par' dir='ltr' id='par_1_31' title="bbox 734 3362 1987 3446">
     <span class='ocr_line' id='line_1_32' title="bbox 734 3362 1987 3446; baseline -0.015 -10"><span class='ocrx_word' id='word_1_190' title='bbox 734 3377 991 3445; x_wconf 78' lang='lat' dir='ltr'><strong>Oﬂendit,</strong></span> <span class='ocrx_word' id='word_1_191' title='bbox 1022 3375 1223 3446; x_wconf 86' lang='lat' dir='ltr'><strong>quibus</strong></span> <span class='ocrx_word' id='word_1_192' title='bbox 1255 3380 1341 3429; x_wconf 87' lang='lat' dir='ltr'><strong>est</strong></span> <span class='ocrx_word' id='word_1_193' title='bbox 1367 3372 1576 3441; x_wconf 86' lang='lat' dir='ltr'><strong>integra</strong></span> <span class='ocrx_word' id='word_1_194' title='bbox 1605 3376 1787 3423; x_wconf 89' lang='lat' dir='ltr'><strong>mente</strong></span> <span class='ocrx_word' id='word_1_195' title='bbox 1811 3362 1987 3419; x_wconf 85' lang='lat' dir='ltr'><strong>fides?</strong></span> 
     </span>
    </p>
   </div>
   <div class='ocr_carea' id='block_1_32' title="bbox 736 3472 2163 3556">
    <p class='ocr_par' dir='ltr' id='par_1_32' title="bbox 736 3472 2163 3556">
     <span class='ocr_line' id='line_1_33' title="bbox 736 3472 2163 3556; baseline -0.015 -12"><span class='ocrx_word' id='word_1_196' title='bbox 736 3486 980 3544; x_wconf 82' lang='lat' dir='ltr'><strong>XXXVI.</strong></span> <span class='ocrx_word' id='word_1_197' title='bbox 1021 3482 1272 3556; x_wconf 80' lang='lat' dir='ltr'><strong>Cujusvis</strong></span> <span class='ocrx_word' id='word_1_198' title='bbox 1298 3496 1402 3536; x_wconf 88' lang='lat' dir='ltr'><strong>non</strong></span> <span class='ocrx_word' id='word_1_199' title='bbox 1437 3495 1550 3535; x_wconf 82' lang='lat' dir='ltr'><strong>esse</strong></span> <span class='ocrx_word' id='word_1_200' title='bbox 1575 3478 1638 3532; x_wconf 90' lang='lat' dir='ltr'><strong>de</strong></span> <span class='ocrx_word' id='word_1_201' title='bbox 1663 3478 1857 3531; x_wconf 80' lang='lat' dir='ltr'><strong>virtute</strong></span> <span class='ocrx_word' id='word_1_202' title='bbox 1884 3472 2163 3527; x_wconf 81' lang='lat' dir='ltr'><strong>disserere.</strong></span> 
     </span>
    </p>
   </div>
   <div class='ocr_carea' id='block_1_33' title="bbox 663 3577 2083 3656">
    <p class='ocr_par' dir='ltr' id='par_1_33' title="bbox 663 3577 2083 3656">
     <span class='ocr_line' id='line_1_34' title="bbox 663 3577 2083 3656; baseline -0.017 -1"><span class='ocrx_word' id='word_1_203' title='bbox 663 3598 894 3655; x_wconf 76' lang='lat' dir='ltr'><strong>Pastore</strong></span> <span class='ocrx_word' id='word_1_204' title='bbox 916 3608 949 3649; x_wconf 91' lang='lat' dir='ltr'><strong>a</strong></span> <span class='ocrx_word' id='word_1_205' title='bbox 976 3590 1178 3648; x_wconf 87' lang='lat' dir='ltr'><strong>celebri</strong></span> <span class='ocrx_word' id='word_1_206' title='bbox 1203 3589 1332 3644; x_wconf 91' lang='lat' dir='ltr'><strong>dum</strong></span> <span class='ocrx_word' id='word_1_207' title='bbox 1365 3586 1490 3656; x_wconf 91' lang='lat' dir='ltr'><strong>quis</strong></span> <span class='ocrx_word' id='word_1_208' title='bbox 1530 3593 1685 3655; x_wconf 87' lang='lat' dir='ltr'><strong>rogat</strong></span> <span class='ocrx_word' id='word_1_209' title='bbox 1717 3595 1884 3636; x_wconf 88' lang='lat' dir='ltr'><strong>aurea</strong></span> <span class='ocrx_word' id='word_1_210' title='bbox 1913 3577 2083 3642; x_wconf 85' lang='lat' dir='ltr'><strong>dicta,</strong></span> 
     </span>
    </p>
   </div>
   <div class='ocr_carea' id='block_1_34' title="bbox 741 3670 1984 3753">
    <p class='ocr_par' dir='ltr' id='par_1_34' title="bbox 741 3670 1984 3753">
     <span class='ocr_line' id='line_1_35' title="bbox 741 3670 1984 3753; baseline -0.016 -11"><span class='ocrx_word' id='word_1_211' title='bbox 741 3687 820 3742; x_wconf 83' lang='lat' dir='ltr'><strong>Ex</strong></span> <span class='ocrx_word' id='word_1_212' title='bbox 845 3685 954 3740; x_wconf 87' lang='lat' dir='ltr'><strong>alio</strong></span> <span class='ocrx_word' id='word_1_213' title='bbox 984 3681 1208 3753; x_wconf 88' lang='lat' dir='ltr'><strong>glandes</strong></span> <span class='ocrx_word' id='word_1_214' title='bbox 1234 3678 1435 3733; x_wconf 86' lang='lat' dir='ltr'><strong>robore</strong></span> <span class='ocrx_word' id='word_1_215' title='bbox 1461 3675 1681 3743; x_wconf 79' lang='lat' dir='ltr'><strong>collige,</strong></span> <span class='ocrx_word' id='word_1_216' title='bbox 1716 3672 1793 3727; x_wconf 88' lang='lat' dir='ltr'><strong>ait</strong></span> <span class='ocrx_word' id='word_1_217' title='bbox 1822 3670 1940 3743; x_wconf 71' lang='lat' dir='ltr'><strong>(l2)</strong></span> <span class='ocrx_word' id='word_1_218' title='bbox 1970 3687 1984 3723; x_wconf 92' lang='lat'><strong>:</strong></span> 
     </span>
    </p>
   </div>
   <div class='ocr_carea' id='block_1_35' title="bbox 669 3759 2187 3846">
    <p class='ocr_par' dir='ltr' id='par_1_35' title="bbox 669 3759 2187 3846">
     <span class='ocr_line' id='line_1_36' title="bbox 669 3759 2187 3846; baseline -0.014 -13"><span class='ocrx_word' id='word_1_219' title='bbox 669 3776 805 3833; x_wconf 76' lang='lat' dir='ltr'><strong>Nam</strong></span> <span class='ocrx_word' id='word_1_220' title='bbox 832 3773 1127 3846; x_wconf 84' lang='lat' dir='ltr'><strong>pulchrum</strong></span> <span class='ocrx_word' id='word_1_221' title='bbox 1162 3768 1295 3841; x_wconf 90' lang='lat' dir='ltr'><strong>quid</strong></span> <span class='ocrx_word' id='word_1_222' title='bbox 1324 3768 1391 3823; x_wconf 90' lang='lat' dir='ltr'><strong>de</strong></span> <span class='ocrx_word' id='word_1_223' title='bbox 1419 3767 1621 3820; x_wconf 86' lang='lat' dir='ltr'><strong>virtute</strong></span> <span class='ocrx_word' id='word_1_224' title='bbox 1651 3763 1847 3818; x_wconf 91' lang='lat' dir='ltr'><strong>docere</strong></span> <span class='ocrx_word' id='word_1_225' title='bbox 1877 3759 2043 3830; x_wconf 86' lang='lat' dir='ltr'><strong>pudet</strong></span> <span class='ocrx_word' id='word_1_226' title='bbox 2079 3771 2187 3822; x_wconf 89' lang='lat' dir='ltr'><strong>me,</strong></span> 
     </span>
    </p>
   </div>
   <div class='ocr_carea' id='block_1_36' title="bbox 740 3850 2072 3933">
    <p class='ocr_par' dir='ltr' id='par_1_36' title="bbox 740 3850 2072 3933">
     <span class='ocr_line' id='line_1_37' title="bbox 740 3850 2072 3933; baseline -0.014 -12"><span class='ocrx_word' id='word_1_227' title='bbox 740 3869 877 3922; x_wconf 78' lang='lat' dir='ltr'><strong>Cum</strong></span> <span class='ocrx_word' id='word_1_228' title='bbox 904 3876 1103 3933; x_wconf 85' lang='lat' dir='ltr'><strong>magna</strong></span> <span class='ocrx_word' id='word_1_229' title='bbox 1130 3860 1416 3923; x_wconf 68' lang='lat' dir='ltr'><strong>affectans,</strong></span> <span class='ocrx_word' id='word_1_230' title='bbox 1444 3855 1530 3910; x_wconf 82' lang='lat' dir='ltr'><strong>vix</strong></span> <span class='ocrx_word' id='word_1_231' title='bbox 1566 3853 1791 3909; x_wconf 84' lang='lat' dir='ltr'><strong>minima</strong></span> <span class='ocrx_word' id='word_1_232' title='bbox 1822 3850 2072 3906; x_wconf 81' lang='lat' dir='ltr'><strong>eﬂiciam.</strong></span> 
     </span>
    </p>
   </div>
   <div class='ocr_carea' id='block_1_37' title="bbox 790 3958 2115 4036">
    <p class='ocr_par' dir='ltr' id='par_1_37' title="bbox 790 3958 2115 4036">
     <span class='ocr_line' id='line_1_38' title="bbox 790 3958 2115 4036; baseline -0.015 -6"><span class='ocrx_word' id='word_1_233' title='bbox 790 3969 1051 4030; x_wconf 77' lang='lat' dir='ltr'><strong>XXXVII.</strong></span> <span class='ocrx_word' id='word_1_234' title='bbox 1102 3968 1255 4035; x_wconf 83' lang='lat' dir='ltr'><strong>Quod</strong></span> <span class='ocrx_word' id='word_1_235' title='bbox 1280 3968 1458 4036; x_wconf 85' lang='lat' dir='ltr'><strong>inopia</strong></span> <span class='ocrx_word' id='word_1_236' title='bbox 1487 3965 1703 4019; x_wconf 87' lang='lat' dir='ltr'><strong>minime</strong></span> <span class='ocrx_word' id='word_1_237' title='bbox 1731 3961 1995 4016; x_wconf 85' lang='lat' dir='ltr'><strong>invidiosa</strong></span> <span class='ocrx_word' id='word_1_238' title='bbox 2026 3958 2115 4012; x_wconf 87' lang='lat' dir='ltr'><strong>sit.</strong></span> 
     </span>
    </p>
   </div>
   <div class='ocr_carea' id='block_1_38' title="bbox 670 4076 2105 4156">
    <p class='ocr_par' dir='ltr' id='par_1_38' title="bbox 670 4076 2105 4156">
     <span class='ocr_line' id='line_1_39' title="bbox 670 4076 2105 4156; baseline -0.013 -12"><span class='ocrx_word' id='word_1_239' title='bbox 670 4088 774 4156; x_wconf 84' lang='lat' dir='ltr'><strong>Qui</strong></span> <span class='ocrx_word' id='word_1_240' title='bbox 797 4086 989 4150; x_wconf 87' lang='lat' dir='ltr'><strong>livore,</strong></span> <span class='ocrx_word' id='word_1_241' title='bbox 1018 4081 1145 4138; x_wconf 90' lang='lat' dir='ltr'><strong>odio</strong></span> <span class='ocrx_word' id='word_1_242' title='bbox 1174 4091 1229 4137; x_wconf 89' lang='lat' dir='ltr'><strong>et</strong></span> <span class='ocrx_word' id='word_1_243' title='bbox 1253 4079 1404 4137; x_wconf 90' lang='lat' dir='ltr'><strong>curis</strong></span> <span class='ocrx_word' id='word_1_244' title='bbox 1428 4093 1530 4133; x_wconf 93' lang='lat' dir='ltr'><strong>nos</strong></span> <span class='ocrx_word' id='word_1_245' title='bbox 1559 4076 1813 4140; x_wconf 82' lang='lat' dir='ltr'><strong>solveret,</strong></span> <span class='ocrx_word' id='word_1_246' title='bbox 1849 4082 2012 4143; x_wconf 86' lang='lat' dir='ltr'><strong>atque</strong></span> <span class='ocrx_word' id='word_1_247' title='bbox 2095 4126 2105 4147; x_wconf 42' lang='grc' dir='ltr'>δ</span> 
     </span>
    </p>
   </div>
   <div class='ocr_carea' id='block_1_39' title="bbox 742 4164 2018 4237">
    <p class='ocr_par' dir='ltr' id='par_1_39' title="bbox 742 4164 2018 4237">
     <span class='ocr_line' id='line_1_40' title="bbox 742 4164 2018 4237; baseline -0.012 -7"><span class='ocrx_word' id='word_1_248' title='bbox 742 4176 978 4231; x_wconf 86' lang='lat' dir='ltr'><strong>Duceret</strong></span> <span class='ocrx_word' id='word_1_249' title='bbox 1008 4172 1077 4228; x_wconf 87' lang='lat' dir='ltr'><strong>ad</strong></span> <span class='ocrx_word' id='word_1_250' title='bbox 1108 4184 1384 4234; x_wconf 90' lang='lat' dir='ltr'><strong>securam,</strong></span> <span class='ocrx_word' id='word_1_251' title='bbox 1421 4169 1824 4237; x_wconf 76' lang='lat' dir='ltr'><strong>innocuumque</strong></span> <span class='ocrx_word' id='word_1_252' title='bbox 1849 4164 2018 4227; x_wconf 77' lang='lat' dir='ltr'><strong>viam,</strong></span> 
     </span>
    </p>
   </div>
   <div class='ocr_carea' id='block_1_40' title="bbox 669 4252 2247 4339">
    <p class='ocr_par' dir='ltr' id='par_1_40' title="bbox 669 4252 2247 4339">
     <span class='ocr_line' id='line_1_41' title="bbox 669 4252 2247 4339; baseline -0.014 -14"><span class='ocrx_word' id='word_1_253' title='bbox 669 4267 946 4339; x_wconf 78' lang='lat' dir='ltr'><strong>Numquid</strong></span> <span class='ocrx_word' id='word_1_254' title='bbox 975 4280 1102 4321; x_wconf 89' lang='lat' dir='ltr'><strong>eum</strong></span> <span class='ocrx_word' id='word_1_255' title='bbox 1134 4259 1536 4332; x_wconf 86' lang='lat' dir='ltr'><strong>sequeremur?</strong></span> <span class='ocrx_word' id='word_1_256' title='bbox 1570 4266 1626 4311; x_wconf 82' lang='lat' dir='ltr'><strong>at</strong></span> <span class='ocrx_word' id='word_1_257' title='bbox 1654 4258 1768 4339; x_wconf 50' lang='lat' dir='ltr'><strong>haec</strong></span> <span class='ocrx_word' id='word_1_258' title='bbox 1805 4256 1948 4310; x_wconf 85' lang='lat' dir='ltr'><strong>bona</strong></span> <span class='ocrx_word' id='word_1_259' title='bbox 1981 4252 2247 4322; x_wconf 88' lang='lat' dir='ltr'><strong>pluraque</strong></span> 
     </span>
    </p>
   </div>
   <div class='ocr_carea' id='block_1_41' title="bbox 739 4332 2247 4429">
    <p class='ocr_par' dir='ltr' id='par_1_41' title="bbox 739 4332 2247 4429">
     <span class='ocr_line' id='line_1_42' title="bbox 739 4332 2247 4429; baseline -0.015 -13"><span class='ocrx_word' id='word_1_260' title='bbox 739 4332 910 4416; x_wconf 70' lang='grc' dir='ltr'>Απὲτι</span> <span class='ocrx_word' id='word_1_261' title='bbox 934 4357 1227 4429; x_wconf 85' lang='lat' dir='ltr'><strong>pauperies</strong></span> <span class='ocrx_word' id='word_1_262' title='bbox 1255 4373 1269 4411; x_wconf 88' lang='lat'><strong>:</strong></span> <span class='ocrx_word' id='word_1_263' title='bbox 1297 4362 1351 4410; x_wconf 85' lang='lat' dir='ltr'><strong>et</strong></span> <span class='ocrx_word' id='word_1_264' title='bbox 1374 4360 1558 4407; x_wconf 88' lang='lat' dir='ltr'><strong>tamen</strong></span> <span class='ocrx_word' id='word_1_265' title='bbox 1580 4332 1725 4404; x_wconf 88' lang='lat' dir='ltr'><strong>hanc</strong></span> <span class='ocrx_word' id='word_1_266' title='bbox 1761 4344 2041 4416; x_wconf 79' lang='lat' dir='ltr'><strong>fugimus?</strong></span> <span class='ocrx_word' id='word_1_267' title='bbox 2064 4341 2247 4414; x_wconf 81' lang='lat' dir='ltr'><strong>[nobis</strong></span> 
     </span>
    </p>
   </div>
   <div class='ocr_carea' id='block_1_42' title="bbox 1876 314 2669 380">
    <p class='ocr_par' dir='ltr' id='par_1_42' title="bbox 1876 314 2669 380">
     <span class='ocr_line' id='line_1_43' title="bbox 1876 314 2669 380; baseline -0.008 0"><span class='ocrx_word' id='word_1_268' title='bbox 1876 316 2198 380; x_wconf 67' lang='lat' dir='ltr'>JOANNIS</span> <span class='ocrx_word' id='word_1_269' title='bbox 2236 314 2669 377; x_wconf 75' lang='lat' dir='ltr'><strong>GEOMETR/E</strong></span> 
     </span>
    </p>
   </div>
   <div class='ocr_carea' id='block_1_43' title="bbox 2264 3159 2312 3223">
    <p class='ocr_par' dir='ltr' id='par_1_43' title="bbox 2264 3159 2312 3223">
     <span class='ocr_line' id='line_1_44' title="bbox 2264 3159 2312 3223; baseline 0 0"><span class='ocrx_word' id='word_1_270' title='bbox 2264 3159 2312 3223; x_wconf 77' lang='grc' dir='ltr'><strong>ϐ</strong></span> 
     </span>
    </p>
   </div>
   <div class='ocr_carea' id='block_1_44' title="bbox 3801 310 3913 377">
    <p class='ocr_par' dir='ltr' id='par_1_44' title="bbox 3801 310 3913 377">
     <span class='ocr_line' id='line_1_45' title="bbox 3801 310 3913 377; baseline -0.045 0"><span class='ocrx_word' id='word_1_271' title='bbox 3801 310 3913 377; x_wconf 78' lang='grc' dir='ltr'><strong>8τῦ</strong></span> 
     </span>
    </p>
   </div>
   <div class='ocr_carea' id='block_1_45' title="bbox 2413 416 3611 488">
    <p class='ocr_par' dir='ltr' id='par_1_45' title="bbox 2413 416 3611 488">
     <span class='ocr_line' id='line_1_46' title="bbox 2413 416 3611 488; baseline -0.009 -11"><span class='ocrx_word' id='word_1_272' title='bbox 2413 425 2472 477; x_wconf 87' lang='lat'><strong>&#39;0</strong></span> <span class='ocrx_word' id='word_1_273' title='bbox 2506 419 2750 476; x_wconf 84' lang='grc' dir='ltr'>πλουτῶν</span> <span class='ocrx_word' id='word_1_274' title='bbox 2770 435 2782 447; x_wconf 78' lang='grc'><strong><em>⁸</em></strong></span> <span class='ocrx_word' id='word_1_275' title='bbox 2810 418 2877 473; x_wconf 80' lang='grc' dir='ltr'><strong>τά</strong></span> <span class='ocrx_word' id='word_1_276' title='bbox 2910 417 2965 471; x_wconf 83' lang='grc' dir='ltr'>δὲ</span> <span class='ocrx_word' id='word_1_277' title='bbox 2998 416 3092 472; x_wconf 81' lang='grc' dir='ltr'>νῦν</span> <span class='ocrx_word' id='word_1_278' title='bbox 3112 416 3341 488; x_wconf 77' lang='grc' dir='ltr'><strong>τηλόθεν</strong></span> <span class='ocrx_word' id='word_1_279' title='bbox 3372 417 3611 488; x_wconf 79' lang='grc' dir='ltr'>εἰσοράᾳ.</span> 
     </span>
    </p>
   </div>
   <div class='ocr_carea' id='block_1_46' title="bbox 2336 510 3681 587">
    <p class='ocr_par' dir='ltr' id='par_1_46' title="bbox 2336 510 3681 587">
     <span class='ocr_line' id='line_1_47' title="bbox 2336 510 3681 587; baseline -0.005 -19"><span class='ocrx_word' id='word_1_280' title='bbox 2336 536 2353 568; x_wconf 82' lang='grc' dir='ltr'><strong>ι</strong></span> <span class='ocrx_word' id='word_1_281' title='bbox 2390 517 2467 587; x_wconf 82' lang='grc' dir='ltr'><strong>Τῇ</strong></span> <span class='ocrx_word' id='word_1_282' title='bbox 2501 515 2607 584; x_wconf 80' lang='grc' dir='ltr'>γὰρ</span> <span class='ocrx_word' id='word_1_283' title='bbox 2638 512 2914 582; x_wconf 80' lang='grc' dir='ltr'><strong>ἀναγκαίῃ</strong></span> <span class='ocrx_word' id='word_1_284' title='bbox 2942 512 3003 565; x_wconf 79' lang='grc' dir='ltr'>τὸ</span> <span class='ocrx_word' id='word_1_285' title='bbox 3032 512 3304 581; x_wconf 89' lang='grc' dir='ltr'>γρήγορον</span> <span class='ocrx_word' id='word_1_286' title='bbox 3332 511 3422 564; x_wconf 71' lang='grc' dir='ltr'>ἀεὶ</span> <span class='ocrx_word' id='word_1_287' title='bbox 3457 510 3681 580; x_wconf 82' lang='grc' dir='ltr'>ὀπηδεῖ.</span> 
     </span>
    </p>
   </div>
   <div class='ocr_carea' id='block_1_47' title="bbox 2400 600 3616 674">
    <p class='ocr_par' dir='ltr' id='par_1_47' title="bbox 2400 600 3616 674">
     <span class='ocr_line' id='line_1_48' title="bbox 2400 600 3616 674; baseline -0.004 -16"><span class='ocrx_word' id='word_1_288' title='bbox 2400 605 2571 658; x_wconf 86' lang='grc' dir='ltr'><strong>Γνῶθι</strong></span> <span class='ocrx_word' id='word_1_289' title='bbox 2600 602 2812 674; x_wconf 80' lang='grc' dir='ltr'>καιρὸν,</span> <span class='ocrx_word' id='word_1_290' title='bbox 2841 602 2946 672; x_wconf 74' lang='grc' dir='ltr'><strong>ἔφη</strong></span> <span class='ocrx_word' id='word_1_291' title='bbox 2978 602 3248 665; x_wconf 79' lang='grc' dir='ltr'>Πιττακὸς</span> <span class='ocrx_word' id='word_1_292' title='bbox 3284 600 3557 671; x_wconf 80' lang='grc' dir='ltr'>’Υραδίου.</span> <span class='ocrx_word' id='word_1_293' title='bbox 3593 618 3616 653; x_wconf 71' lang='grc' dir='ltr'><strong>ι</strong></span> 
     </span>
    </p>
   </div>
   <div class='ocr_carea' id='block_1_48' title="bbox 2415 706 3819 779">
    <p class='ocr_par' dir='ltr' id='par_1_48' title="bbox 2415 706 3819 779">
     <span class='ocr_line' id='line_1_49' title="bbox 2415 706 3819 779; baseline -0.004 -12"><span class='ocrx_word' id='word_1_294' title='bbox 2415 713 2541 767; x_wconf 84' lang='lat' dir='ltr'><strong>AA&#39;.</strong></span> <span class='ocrx_word' id='word_1_295' title='bbox 2576 712 2706 765; x_wconf 80' lang='grc' dir='ltr'>Ὅτι</span> <span class='ocrx_word' id='word_1_296' title='bbox 2733 709 2859 777; x_wconf 87' lang='grc' dir='ltr'>τοῖς</span> <span class='ocrx_word' id='word_1_297' title='bbox 2884 707 3169 779; x_wconf 77' lang='grc' dir='ltr'>μεγάλοις</span> <span class='ocrx_word' id='word_1_298' title='bbox 3198 707 3294 762; x_wconf 82' lang='grc' dir='ltr'>ἀεί</span> <span class='ocrx_word' id='word_1_299' title='bbox 3316 724 3407 774; x_wconf 77' lang='grc' dir='ltr'><strong>τις</strong></span> <span class='ocrx_word' id='word_1_300' title='bbox 3439 706 3819 762; x_wconf 79' lang='grc' dir='ltr'>ἐπισπεύδει.</span> 
     </span>
    </p>
   </div>
   <div class='ocr_carea' id='block_1_49' title="bbox 2330 815 3847 889">
    <p class='ocr_par' dir='ltr' id='par_1_49' title="bbox 2330 815 3847 889">
     <span class='ocr_line' id='line_1_50' title="bbox 2330 815 3847 889; baseline -0.005 -12"><span class='ocrx_word' id='word_1_301' title='bbox 2330 823 2515 877; x_wconf 83' lang='grc' dir='ltr'>Πάντα</span> <span class='ocrx_word' id='word_1_302' title='bbox 2540 820 2725 873; x_wconf 80' lang='grc' dir='ltr'>λαϐεῖν</span> <span class='ocrx_word' id='word_1_303' title='bbox 2751 818 2843 872; x_wconf 84' lang='grc' dir='ltr'><strong>τὸν</strong></span> <span class='ocrx_word' id='word_1_304' title='bbox 2870 817 3074 888; x_wconf 79' lang='grc' dir='ltr'><strong>κόσμον</strong></span> <span class='ocrx_word' id='word_1_305' title='bbox 3108 816 3390 887; x_wconf 86' lang='grc' dir='ltr'>ἀμήχανόν</span> <span class='ocrx_word' id='word_1_306' title='bbox 3408 815 3521 871; x_wconf 79' lang='grc' dir='ltr'>ἐστ’</span> <span class='ocrx_word' id='word_1_307' title='bbox 3545 816 3847 889; x_wconf 82' lang='grc' dir='ltr'><strong>ἀνθρώπῳ,</strong></span> 
     </span>
    </p>
   </div>
   <div class='ocr_carea' id='block_1_50' title="bbox 2399 908 3646 979">
    <p class='ocr_par' dir='ltr' id='par_1_50' title="bbox 2399 908 3646 979">
     <span class='ocr_line' id='line_1_51' title="bbox 2399 908 3646 979; baseline -0.003 -12"><span class='ocrx_word' id='word_1_308' title='bbox 2399 912 2587 967; x_wconf 81' lang='grc' dir='ltr'>Πάντα</span> <span class='ocrx_word' id='word_1_309' title='bbox 2619 911 2676 964; x_wconf 81' lang='grc' dir='ltr'>δὲ</span> <span class='ocrx_word' id='word_1_310' title='bbox 2701 909 2851 964; x_wconf 84' lang='grc' dir='ltr'>τόνδε</span> <span class='ocrx_word' id='word_1_311' title='bbox 2881 908 3079 973; x_wconf 83' lang='grc' dir='ltr'><strong>λιπεῖν,</strong></span> <span class='ocrx_word' id='word_1_312' title='bbox 3106 909 3285 979; x_wconf 76' lang='grc' dir='ltr'>ῥᾴδιον</span> <span class='ocrx_word' id='word_1_313' title='bbox 3316 908 3443 962; x_wconf 83' lang='grc' dir='ltr'>ὅσκε</span> <span class='ocrx_word' id='word_1_314' title='bbox 3481 908 3646 963; x_wconf 86' lang='grc' dir='ltr'>θέλει.</span> 
     </span>
    </p>
   </div>
   <div class='ocr_carea' id='block_1_51' title="bbox 2345 1000 3835 1074">
    <p class='ocr_par' dir='ltr' id='par_1_51' title="bbox 2345 1000 3835 1074">
     <span class='ocr_line' id='line_1_52' title="bbox 2345 1000 3835 1074; baseline -0.02 6"><span class='ocrx_word' id='word_1_315' title='bbox 2345 1006 2485 1060; x_wconf 84' lang='grc' dir='ltr'>Ἀλλ’</span> <span class='ocrx_word' id='word_1_316' title='bbox 2518 1000 2898 1074; x_wconf 75' lang='grc' dir='ltr'>ὑπερηφανίης</span> <span class='ocrx_word' id='word_1_317' title='bbox 2918 1000 2980 1055; x_wconf 84' lang='grc' dir='ltr'>τὺ</span> <span class='ocrx_word' id='word_1_318' title='bbox 3003 1000 3263 1070; x_wconf 84' lang='grc' dir='ltr'>ἀπαρχῆς</span> <span class='ocrx_word' id='word_1_319' title='bbox 3295 1000 3517 1070; x_wconf 84' lang='grc' dir='ltr'>σπέρμα</span> <span class='ocrx_word' id='word_1_320' title='bbox 3546 1001 3835 1067; x_wconf 76' lang='grc' dir='ltr'>λαεάντες,</span> 
     </span>
    </p>
   </div>
   <div class='ocr_carea' id='block_1_52' title="bbox 2414 1093 3581 1166">
    <p class='ocr_par' dir='ltr' id='par_1_52' title="bbox 2414 1093 3581 1166">
     <span class='ocr_line' id='line_1_53' title="bbox 2414 1093 3581 1166; baseline -0.003 -16"><span class='ocrx_word' id='word_1_321' title='bbox 2414 1095 2674 1166; x_wconf 83' lang='grc' dir='ltr'>Ἀμῶμεν</span> <span class='ocrx_word' id='word_1_322' title='bbox 2697 1096 2819 1149; x_wconf 83' lang='grc' dir='ltr'>κατ’</span> <span class='ocrx_word' id='word_1_323' title='bbox 2846 1094 2968 1158; x_wconf 76' lang='grc' dir='ltr'>ἔθος</span> <span class='ocrx_word' id='word_1_324' title='bbox 2999 1094 3212 1165; x_wconf 86' lang='grc' dir='ltr'>καρπὸν</span> <span class='ocrx_word' id='word_1_325' title='bbox 3235 1093 3581 1163; x_wconf 84' lang='grc' dir='ltr'>ἁμαρτίνοον.</span> 
     </span>
    </p>
   </div>
   <div class='ocr_carea' id='block_1_53' title="bbox 2327 1223 3909 1306">
    <p class='ocr_par' dir='ltr' id='par_1_53' title="bbox 2327 1223 3909 1306">
     <span class='ocr_line' id='line_1_54' title="bbox 2327 1223 3909 1306; baseline -0.006 -21"><span class='ocrx_word' id='word_1_326' title='bbox 2327 1230 2451 1286; x_wconf 83' lang='lat' dir='ltr'><strong>AB&#39;.</strong></span> <span class='ocrx_word' id='word_1_327' title='bbox 2490 1229 2621 1281; x_wconf 85' lang='grc' dir='ltr'>Ὅτι</span> <span class='ocrx_word' id='word_1_328' title='bbox 2672 1225 2768 1280; x_wconf 85' lang='grc' dir='ltr'><strong>δεῖ</strong></span> <span class='ocrx_word' id='word_1_329' title='bbox 2811 1226 3009 1278; x_wconf 82' lang='grc' dir='ltr'>πάντα</span> <span class='ocrx_word' id='word_1_330' title='bbox 3053 1226 3159 1306; x_wconf 39' lang='grc' dir='ltr'>εις.</span> <span class='ocrx_word' id='word_1_331' title='bbox 3181 1223 3508 1295; x_wconf 74' lang='grc' dir='ltr'>οἰκοδομὴν</span> <span class='ocrx_word' id='word_1_332' title='bbox 3553 1223 3661 1278; x_wconf 77' lang='grc' dir='ltr'>τοῦ</span> <span class='ocrx_word' id='word_1_333' title='bbox 3711 1223 3909 1286; x_wconf 74' lang='grc' dir='ltr'>πέλας</span> 
     </span>
    </p>
   </div>
   <div class='ocr_carea' id='block_1_54' title="bbox 3005 1308 3219 1349">
    <p class='ocr_par' dir='ltr' id='par_1_54' title="bbox 3005 1308 3219 1349">
     <span class='ocr_line' id='line_1_55' title="bbox 3005 1308 3219 1349; baseline 0.005 -1"><span class='ocrx_word' id='word_1_334' title='bbox 3005 1308 3219 1349; x_wconf 76' lang='grc' dir='ltr'>ποιειν.</span> 
     </span>
    </p>
   </div>
   <div class='ocr_carea' id='block_1_55' title="bbox 2331 1419 3903 1497">
    <p class='ocr_par' dir='ltr' id='par_1_55' title="bbox 2331 1419 3903 1497">
     <span class='ocr_line' id='line_1_56' title="bbox 2331 1419 3903 1497; baseline -0.021 -13"><span class='ocrx_word' id='word_1_335' title='bbox 2331 1430 2488 1484; x_wconf 88' lang='grc' dir='ltr'>Δαιτί</span> <span class='ocrx_word' id='word_1_336' title='bbox 2518 1426 2661 1496; x_wconf 78' lang='grc' dir='ltr'>φίλοι</span> <span class='ocrx_word' id='word_1_337' title='bbox 2691 1422 2915 1497; x_wconf 74' lang='grc' dir='ltr'>μοναχοὶ</span> <span class='ocrx_word' id='word_1_338' title='bbox 2940 1422 3108 1494; x_wconf 80' lang='grc' dir='ltr'>κρέας</span> <span class='ocrx_word' id='word_1_339' title='bbox 3130 1421 3315 1491; x_wconf 73' lang='grc' dir='ltr'>ἤσθιον</span> <span class='ocrx_word' id='word_1_340' title='bbox 3336 1436 3351 1450; x_wconf 70' lang='grc' dir='ltr'><strong><em>ο</em></strong></span> <span class='ocrx_word' id='word_1_341' title='bbox 3374 1420 3472 1490; x_wconf 66' lang='grc' dir='ltr'><strong>ὀψὲ</strong></span> <span class='ocrx_word' id='word_1_342' title='bbox 3494 1420 3538 1473; x_wconf 85' lang='grc' dir='ltr'>δ’</span> <span class='ocrx_word' id='word_1_343' title='bbox 3561 1419 3664 1491; x_wconf 68' lang='grc' dir='ltr'><strong>ἔφη</strong></span> <span class='ocrx_word' id='word_1_344' title='bbox 3684 1436 3795 1485; x_wconf 74' lang='grc' dir='ltr'><strong>τις.</strong></span> <span class='ocrx_word' id='word_1_345' title='bbox 3898 1479 3903 1483; x_wconf 16' lang='grc' dir='ltr'>φ</span> 
     </span>
    </p>
   </div>
   <div class='ocr_carea' id='block_1_56' title="bbox 2401 1509 3763 1585">
    <p class='ocr_par' dir='ltr' id='par_1_56' title="bbox 2401 1509 3763 1585">
     <span class='ocr_line' id='line_1_57' title="bbox 2401 1509 3763 1585; baseline -0.007 -12"><span class='ocrx_word' id='word_1_346' title='bbox 2401 1519 2524 1582; x_wconf 87' lang='grc' dir='ltr'><strong>Πῶς</strong></span> <span class='ocrx_word' id='word_1_347' title='bbox 2558 1518 2616 1571; x_wconf 76' lang='grc' dir='ltr'>δὲ</span> <span class='ocrx_word' id='word_1_348' title='bbox 2649 1518 2735 1581; x_wconf 82' lang='grc' dir='ltr'><strong>σὺ,</strong></span> <span class='ocrx_word' id='word_1_349' title='bbox 2784 1509 2828 1568; x_wconf 81' lang='grc' dir='ltr'><strong>ὦ</strong></span> <span class='ocrx_word' id='word_1_350' title='bbox 2853 1513 3077 1585; x_wconf 80' lang='grc' dir='ltr'>ποιμὴν,</span> <span class='ocrx_word' id='word_1_351' title='bbox 3109 1514 3169 1567; x_wconf 79' lang='grc' dir='ltr'><strong>οὐ</strong></span> <span class='ocrx_word' id='word_1_352' title='bbox 3195 1514 3365 1582; x_wconf 83' lang='grc' dir='ltr'>φάγες</span> <span class='ocrx_word' id='word_1_353' title='bbox 3391 1530 3405 1578; x_wconf 90' lang='lat'><strong>;</strong></span> <span class='ocrx_word' id='word_1_354' title='bbox 3437 1512 3592 1565; x_wconf 86' lang='grc' dir='ltr'>Ὅττι</span> <span class='ocrx_word' id='word_1_355' title='bbox 3617 1514 3763 1567; x_wconf 87' lang='grc' dir='ltr'>πάνυ</span> 
     </span>
    </p>
   </div>
   <div class='ocr_carea' id='block_1_57' title="bbox 2330 1600 3869 1683">
    <p class='ocr_par' dir='ltr' id='par_1_57' title="bbox 2330 1600 3869 1683">
     <span class='ocr_line' id='line_1_58' title="bbox 2330 1600 3869 1683; baseline -0.006 -15"><span class='ocrx_word' id='word_1_356' title='bbox 2330 1615 2468 1677; x_wconf 79' lang='grc' dir='ltr'>Τοὺς</span> <span class='ocrx_word' id='word_1_357' title='bbox 2500 1610 2799 1683; x_wconf 86' lang='grc' dir='ltr'>παρεόντας</span> <span class='ocrx_word' id='word_1_358' title='bbox 2830 1609 2996 1663; x_wconf 82' lang='grc' dir='ltr'>ἄασα.</span> <span class='ocrx_word' id='word_1_359' title='bbox 3024 1608 3264 1678; x_wconf 82' lang='grc' dir='ltr'>Ἐφαντο</span> <span class='ocrx_word' id='word_1_360' title='bbox 3289 1608 3419 1678; x_wconf 82' lang='grc' dir='ltr'>γὰρ,</span> <span class='ocrx_word' id='word_1_361' title='bbox 3447 1606 3523 1670; x_wconf 84' lang='grc' dir='ltr'>ὠς</span> <span class='ocrx_word' id='word_1_362' title='bbox 3568 1607 3693 1659; x_wconf 76' lang='grc' dir='ltr'>Ἐάν</span> <span class='ocrx_word' id='word_1_363' title='bbox 3713 1600 3869 1670; x_wconf 78' lang='grc' dir='ltr'>οὗτος</span> 
     </span>
    </p>
   </div>
   <div class='ocr_carea' id='block_1_58' title="bbox 2401 1698 3507 1771">
    <p class='ocr_par' dir='ltr' id='par_1_58' title="bbox 2401 1698 3507 1771">
     <span class='ocr_line' id='line_1_59' title="bbox 2401 1698 3507 1771; baseline -0.006 -13"><span class='ocrx_word' id='word_1_364' title='bbox 2401 1706 2556 1768; x_wconf 87' lang='grc' dir='ltr'>Τοῖος</span> <span class='ocrx_word' id='word_1_365' title='bbox 2582 1703 2748 1757; x_wconf 78' lang='grc' dir='ltr'>τοιάδ’</span> <span class='ocrx_word' id='word_1_366' title='bbox 2779 1701 2909 1767; x_wconf 74' lang='grc' dir='ltr'>ἔδοι,</span> <span class='ocrx_word' id='word_1_367' title='bbox 2948 1699 3033 1763; x_wconf 84' lang='grc' dir='ltr'><strong>τίς</strong></span> <span class='ocrx_word' id='word_1_368' title='bbox 3057 1698 3133 1771; x_wconf 83' lang='grc' dir='ltr'><strong>μὴ</strong></span> <span class='ocrx_word' id='word_1_369' title='bbox 3166 1698 3467 1769; x_wconf 81' lang='grc' dir='ltr'>άδηφαγέοι</span> <span class='ocrx_word' id='word_1_370' title='bbox 3492 1716 3507 1766; x_wconf 89' lang='grc'><strong>;</strong></span> 
     </span>
    </p>
   </div>
   <div class='ocr_carea' id='block_1_59' title="bbox 2258 1801 3836 1883">
    <p class='ocr_par' dir='ltr' id='par_1_59' title="bbox 2258 1801 3836 1883">
     <span class='ocr_line' id='line_1_60' title="bbox 2258 1801 3836 1883; baseline -0.004 -11"><span class='ocrx_word' id='word_1_371' title='bbox 2258 1801 2303 1855; x_wconf 75' lang='grc' dir='ltr'><strong>Β</strong></span> <span class='ocrx_word' id='word_1_372' title='bbox 2403 1815 2526 1871; x_wconf 76' lang='lat' dir='ltr'><strong>Al&quot;.</strong></span> <span class='ocrx_word' id='word_1_373' title='bbox 2561 1816 2683 1869; x_wconf 87' lang='grc' dir='ltr'>Ὅτι</span> <span class='ocrx_word' id='word_1_374' title='bbox 2713 1816 2767 1869; x_wconf 84' lang='grc' dir='ltr'>οι</span> <span class='ocrx_word' id='word_1_375' title='bbox 2794 1815 3049 1883; x_wconf 77' lang='grc' dir='ltr'>πόλεμοι</span> <span class='ocrx_word' id='word_1_376' title='bbox 3080 1811 3207 1881; x_wconf 86' lang='grc' dir='ltr'>τοῖς</span> <span class='ocrx_word' id='word_1_377' title='bbox 3245 1811 3362 1866; x_wconf 76' lang='grc' dir='ltr'><strong>νῦν</strong></span> <span class='ocrx_word' id='word_1_378' title='bbox 3400 1811 3836 1881; x_wconf 70' lang='grc' dir='ltr'><strong>ἰσχυροτέροις.</strong></span> 
     </span>
    </p>
   </div>
   <div class='ocr_carea' id='block_1_60' title="bbox 2334 1921 3904 1998">
    <p class='ocr_par' dir='ltr' id='par_1_60' title="bbox 2334 1921 3904 1998">
     <span class='ocr_line' id='line_1_61' title="bbox 2334 1921 3904 1998; baseline -0.005 -17"><span class='ocrx_word' id='word_1_379' title='bbox 2334 1929 2493 1991; x_wconf 79' lang='grc' dir='ltr'>Εἰπὲ,</span> <span class='ocrx_word' id='word_1_380' title='bbox 2523 1927 2734 1998; x_wconf 81' lang='grc' dir='ltr'>μάκαρ,</span> <span class='ocrx_word' id='word_1_381' title='bbox 2761 1926 2850 1980; x_wconf 85' lang='grc' dir='ltr'><strong>διὰ</strong></span> <span class='ocrx_word' id='word_1_382' title='bbox 2878 1926 2934 1981; x_wconf 89' lang='grc' dir='ltr'><strong>τί</strong></span> <span class='ocrx_word' id='word_1_383' title='bbox 2968 1924 3359 1996; x_wconf 80' lang='grc' dir='ltr'>κρατερώτερα</span> <span class='ocrx_word' id='word_1_384' title='bbox 3383 1922 3479 1977; x_wconf 85' lang='grc' dir='ltr'>νῦν</span> <span class='ocrx_word' id='word_1_385' title='bbox 3503 1922 3575 1975; x_wconf 76' lang='grc' dir='ltr'>τὰ</span> <span class='ocrx_word' id='word_1_386' title='bbox 3601 1923 3725 1975; x_wconf 80' lang='grc' dir='ltr'>κάκ’</span> <span class='ocrx_word' id='word_1_387' title='bbox 3746 1921 3904 1989; x_wconf 76' lang='grc' dir='ltr'>ἑστίς</span> 
     </span>
    </p>
   </div>
   <div class='ocr_carea' id='block_1_61' title="bbox 2399 2016 3831 2089">
    <p class='ocr_par' dir='ltr' id='par_1_61' title="bbox 2399 2016 3831 2089">
     <span class='ocr_line' id='line_1_62' title="bbox 2399 2016 3831 2089; baseline -0.004 -15"><span class='ocrx_word' id='word_1_388' title='bbox 2399 2021 2511 2075; x_wconf 74' lang='grc' dir='ltr'>Καὶ</span> <span class='ocrx_word' id='word_1_389' title='bbox 2542 2020 2694 2089; x_wconf 81' lang='grc' dir='ltr'>παρὰ</span> <span class='ocrx_word' id='word_1_390' title='bbox 2726 2020 2854 2082; x_wconf 81' lang='grc' dir='ltr'>τοὺς</span> <span class='ocrx_word' id='word_1_391' title='bbox 2877 2018 3179 2088; x_wconf 82' lang='grc' dir='ltr'>προτέρους</span> <span class='ocrx_word' id='word_1_392' title='bbox 3209 2017 3439 2086; x_wconf 83' lang='grc' dir='ltr'>πάσχειν</span> <span class='ocrx_word' id='word_1_393' title='bbox 3468 2016 3831 2087; x_wconf 83' lang='grc' dir='ltr'>οίκτρότερα;</span> 
     </span>
    </p>
   </div>
   <div class='ocr_carea' id='block_1_62' title="bbox 2332 2107 3615 2183">
    <p class='ocr_par' dir='ltr' id='par_1_62' title="bbox 2332 2107 3615 2183">
     <span class='ocr_line' id='line_1_63' title="bbox 2332 2107 3615 2183; baseline -0.004 -18"><span class='ocrx_word' id='word_1_394' title='bbox 2332 2111 2442 2165; x_wconf 78' lang='grc' dir='ltr'><strong>Καὶ</strong></span> <span class='ocrx_word' id='word_1_395' title='bbox 2476 2112 2586 2183; x_wconf 82' lang='grc' dir='ltr'>γὰρ</span> <span class='ocrx_word' id='word_1_396' title='bbox 2612 2110 2691 2165; x_wconf 84' lang='grc' dir='ltr'><strong>ὅτ’</strong></span> <span class='ocrx_word' id='word_1_397' title='bbox 2721 2109 2931 2179; x_wconf 78' lang='grc' dir='ltr'><strong>ἐγγίζει</strong></span> <span class='ocrx_word' id='word_1_398' title='bbox 2963 2109 3057 2163; x_wconf 83' lang='grc' dir='ltr'>τοῦ</span> <span class='ocrx_word' id='word_1_399' title='bbox 3083 2110 3258 2164; x_wconf 82' lang='grc' dir='ltr'>Σατᾶν</span> <span class='ocrx_word' id='word_1_400' title='bbox 3286 2110 3318 2179; x_wconf 81' lang='grc' dir='ltr'>ὴ</span> <span class='ocrx_word' id='word_1_401' title='bbox 3348 2107 3615 2178; x_wconf 84' lang='grc' dir='ltr'>βασιλεία,</span> 
     </span>
    </p>
   </div>
   <div class='ocr_carea' id='block_1_63' title="bbox 2402 2201 3536 2273">
    <p class='ocr_par' dir='ltr' id='par_1_63' title="bbox 2402 2201 3536 2273">
     <span class='ocr_line' id='line_1_64' title="bbox 2402 2201 3536 2273; baseline -0.003 -16"><span class='ocrx_word' id='word_1_402' title='bbox 2402 2203 2616 2273; x_wconf 79' lang='grc' dir='ltr'>Λάὸρον</span> <span class='ocrx_word' id='word_1_403' title='bbox 2650 2202 2924 2269; x_wconf 75' lang='grc' dir='ltr'>ἑπαιγίζει</span> <span class='ocrx_word' id='word_1_404' title='bbox 2962 2202 3162 2270; x_wconf 82' lang='grc' dir='ltr'>μᾶλλον</span> <span class='ocrx_word' id='word_1_405' title='bbox 3192 2201 3536 2271; x_wconf 79' lang='grc' dir='ltr'>ὲφημερίοις.</span> 
     </span>
    </p>
   </div>
   <div class='ocr_carea' id='block_1_64' title="bbox 2474 2307 3763 2379">
    <p class='ocr_par' dir='ltr' id='par_1_64' title="bbox 2474 2307 3763 2379">
     <span class='ocr_line' id='line_1_65' title="bbox 2474 2307 3763 2379; baseline -0.003 -14"><span class='ocrx_word' id='word_1_406' title='bbox 2474 2311 2593 2365; x_wconf 84' lang='grc' dir='ltr'><strong>ΛΔ’.</strong></span> <span class='ocrx_word' id='word_1_407' title='bbox 2629 2313 2757 2364; x_wconf 85' lang='grc' dir='ltr'>Ὅτι</span> <span class='ocrx_word' id='word_1_408' title='bbox 2784 2309 3021 2375; x_wconf 79' lang='grc' dir='ltr'>ἑαυτοῖς</span> <span class='ocrx_word' id='word_1_409' title='bbox 3034 2307 3279 2379; x_wconf 74' lang='grc' dir='ltr'>μᾶλλον</span> <span class='ocrx_word' id='word_1_410' title='bbox 3302 2307 3763 2377; x_wconf 71' lang='grc' dir='ltr'><strong>ἐπαισχυντέογ.</strong></span> 
     </span>
    </p>
   </div>
   <div class='ocr_carea' id='block_1_65' title="bbox 2334 2479 3800 2555">
    <p class='ocr_par' dir='ltr' id='par_1_65' title="bbox 2334 2479 3800 2555">
     <span class='ocr_line' id='line_1_66' title="bbox 2334 2479 3800 2555; baseline -0.008 -13"><span class='ocrx_word' id='word_1_411' title='bbox 2334 2489 2449 2552; x_wconf 86' lang='grc' dir='ltr'><strong>Πᾶς</strong></span> <span class='ocrx_word' id='word_1_412' title='bbox 2472 2489 2499 2541; x_wconf 82' lang='grc' dir='ltr'><strong>ό</strong></span> <span class='ocrx_word' id='word_1_413' title='bbox 2528 2486 2687 2555; x_wconf 81' lang='grc' dir='ltr'>ἀφεὶς</span> <span class='ocrx_word' id='word_1_414' title='bbox 2710 2486 2779 2538; x_wconf 85' lang='grc' dir='ltr'>τὰ</span> <span class='ocrx_word' id='word_1_415' title='bbox 2812 2482 3027 2549; x_wconf 76' lang='grc' dir='ltr'>ἑαυτοῦ,</span> <span class='ocrx_word' id='word_1_416' title='bbox 3052 2482 3395 2536; x_wconf 81' lang='grc' dir='ltr'>ἐπισκοπέων</span> <span class='ocrx_word' id='word_1_417' title='bbox 3425 2480 3481 2534; x_wconf 81' lang='grc' dir='ltr'>δὲ</span> <span class='ocrx_word' id='word_1_418' title='bbox 3511 2480 3578 2533; x_wconf 77' lang='grc' dir='ltr'>τὰ</span> <span class='ocrx_word' id='word_1_419' title='bbox 3602 2479 3800 2545; x_wconf 77' lang='grc' dir='ltr'>ἄλλων,</span> 
     </span>
    </p>
   </div>
   <div class='ocr_carea' id='block_1_66' title="bbox 2404 2571 3659 2648">
    <p class='ocr_par' dir='ltr' id='par_1_66' title="bbox 2404 2571 3659 2648">
     <span class='ocr_line' id='line_1_67' title="bbox 2404 2571 3659 2648; baseline -0.006 -18"><span class='ocrx_word' id='word_1_420' title='bbox 2404 2577 2757 2648; x_wconf 82' lang='grc' dir='ltr'>Στεινόκαρός</span> <span class='ocrx_word' id='word_1_421' title='bbox 2782 2575 2865 2639; x_wconf 89' lang='grc' dir='ltr'><strong>τίς</strong></span> <span class='ocrx_word' id='word_1_422' title='bbox 2900 2577 3037 2641; x_wconf 74' lang='grc' dir='ltr'>ἐστι,</span> <span class='ocrx_word' id='word_1_423' title='bbox 3065 2575 3161 2627; x_wconf 81' lang='grc' dir='ltr'>καὶ</span> <span class='ocrx_word' id='word_1_424' title='bbox 3182 2574 3269 2627; x_wconf 81' lang='grc' dir='ltr'>διὰ</span> <span class='ocrx_word' id='word_1_425' title='bbox 3289 2572 3445 2625; x_wconf 84' lang='grc' dir='ltr'>τοῦτο</span> <span class='ocrx_word' id='word_1_426' title='bbox 3471 2571 3659 2642; x_wconf 80' lang='grc' dir='ltr'><strong>βλέπει</strong></span> 
     </span>
    </p>
   </div>
   <div class='ocr_carea' id='block_1_67' title="bbox 2336 2662 3832 2740">
    <p class='ocr_par' dir='ltr' id='par_1_67' title="bbox 2336 2662 3832 2740">
     <span class='ocr_line' id='line_1_68' title="bbox 2336 2662 3832 2740; baseline -0.007 -16"><span class='ocrx_word' id='word_1_427' title='bbox 2336 2670 2591 2740; x_wconf 86' lang='grc' dir='ltr'>Τηλόθεν·</span> <span class='ocrx_word' id='word_1_428' title='bbox 2620 2671 2670 2721; x_wconf 89' lang='grc' dir='ltr'><strong>εί</strong></span> <span class='ocrx_word' id='word_1_429' title='bbox 2697 2670 2741 2723; x_wconf 86' lang='grc' dir='ltr'>δ’</span> <span class='ocrx_word' id='word_1_430' title='bbox 2765 2670 2847 2732; x_wconf 91' lang='grc' dir='ltr'><strong>είς</strong></span> <span class='ocrx_word' id='word_1_431' title='bbox 2878 2667 3175 2737; x_wconf 77' lang='grc' dir='ltr'>εὐρύχορον</span> <span class='ocrx_word' id='word_1_432' title='bbox 3207 2666 3267 2720; x_wconf 86' lang='grc' dir='ltr'><strong>τὸ</strong></span> <span class='ocrx_word' id='word_1_433' title='bbox 3298 2665 3465 2727; x_wconf 86' lang='grc' dir='ltr'>πάθος</span> <span class='ocrx_word' id='word_1_434' title='bbox 3485 2681 3548 2740; x_wconf 74' lang='grc' dir='ltr'><strong>γε</strong></span> <span class='ocrx_word' id='word_1_435' title='bbox 3572 2662 3832 2733; x_wconf 79' lang='grc' dir='ltr'>μετέστη,</span> 
     </span>
    </p>
   </div>
   <div class='ocr_carea' id='block_1_68' title="bbox 2422 2735 3586 2829">
    <p class='ocr_par' dir='ltr' id='par_1_68' title="bbox 2422 2735 3586 2829">
     <span class='ocr_line' id='line_1_69' title="bbox 2422 2735 3586 2829; baseline -0.005 -15"><span class='ocrx_word' id='word_1_436' title='bbox 2422 2760 2679 2829; x_wconf 87' lang='grc' dir='ltr'>Ἐγγύθεν</span> <span class='ocrx_word' id='word_1_437' title='bbox 2704 2760 2865 2814; x_wconf 84' lang='grc' dir='ltr'>αὐτὸν</span> <span class='ocrx_word' id='word_1_438' title='bbox 2898 2735 3041 2824; x_wconf 72' lang='grc' dir='ltr'>ίδῶν,</span> <span class='ocrx_word' id='word_1_439' title='bbox 3067 2735 3299 2829; x_wconf 82' lang='grc' dir='ltr'>άλλαχοῦ</span> <span class='ocrx_word' id='word_1_440' title='bbox 3317 2757 3413 2827; x_wconf 83' lang='grc' dir='ltr'><strong>οὐχ</strong></span> <span class='ocrx_word' id='word_1_441' title='bbox 3434 2735 3586 2827; x_wconf 67' lang='grc' dir='ltr'>ἐορᾷ.</span> 
     </span>
    </p>
   </div>
   <div class='ocr_carea' id='block_1_69' title="bbox 2337 2883 3901 3013">
    <p class='ocr_par' dir='ltr' id='par_1_69' title="bbox 2337 2883 3901 3013">
     <span class='ocr_line' id='line_1_70' title="bbox 2337 2883 3901 3013; baseline -0.01 -64"><span class='ocrx_word' id='word_1_442' title='bbox 2337 2894 2463 2950; x_wconf 87' lang='grc' dir='ltr'><strong>ΔΕ⁹.</strong></span> <span class='ocrx_word' id='word_1_443' title='bbox 2495 2892 2618 2947; x_wconf 86' lang='grc' dir='ltr'>Ὅτι</span> <span class='ocrx_word' id='word_1_444' title='bbox 2653 2893 2705 2945; x_wconf 85' lang='grc' dir='ltr'><strong>εί</strong></span> <span class='ocrx_word' id='word_1_445' title='bbox 2744 2893 2777 2945; x_wconf 86' lang='grc' dir='ltr'><strong>ό</strong></span> <span class='ocrx_word' id='word_1_446' title='bbox 2816 2889 3191 3013; x_wconf 54' lang='grc' dir='ltr'>ψευδόμὲνος</span> <span class='ocrx_word' id='word_1_447' title='bbox 3230 2888 3513 2993; x_wconf 52' lang='grc' dir='ltr'>’ἄλλω-αι,</span> <span class='ocrx_word' id='word_1_448' title='bbox 3541 2886 3575 2939; x_wconf 84' lang='grc' dir='ltr'><strong>ό</strong></span> <span class='ocrx_word' id='word_1_449' title='bbox 3629 2883 3901 2951; x_wconf 71' lang='grc' dir='ltr'>ἐπίορκος</span> 
     </span>
     <span class='ocr_line' id='line_1_71' title="bbox 3006 2974 3236 3013; baseline 0 -2"><span class='ocrx_word' id='word_1_450' title='bbox 3006 2974 3050 3011; x_wconf 82' lang='grc' dir='ltr'><strong>π</strong></span> <span class='ocrx_word' id='word_1_451' title='bbox 3088 2975 3202 3013; x_wconf 82' lang='grc' dir='ltr'><strong>σον</strong></span> <span class='ocrx_word' id='word_1_452' title='bbox 3225 2999 3236 3011; x_wconf 97' lang='grc'><strong>.</strong></span> 
     </span>
    </p>
   </div>
   <div class='ocr_carea' id='block_1_70' title="bbox 3006 2974 3236 3013">
    <p class='ocr_par' dir='ltr' id='par_1_70' title="bbox 3006 2974 3236 3013">
     <span class='ocr_line' id='line_1_72' title="bbox 3006 2974 3236 3013; baseline 0 -2"><span class='ocrx_word' id='word_1_453' title='bbox 3006 2974 3202 3013; x_wconf 81' lang='grc' dir='ltr'>ποσον</span> <span class='ocrx_word' id='word_1_454' title='bbox 3225 2974 3236 3011; x_wconf 88' lang='lat'><strong>.‘</strong></span> 
     </span>
    </p>
   </div>
   <div class='ocr_carea' id='block_1_71' title="bbox 2341 3085 3613 3164">
    <p class='ocr_par' dir='ltr' id='par_1_71' title="bbox 2341 3085 3613 3164">
     <span class='ocr_line' id='line_1_73' title="bbox 2341 3085 3613 3164; baseline -0.009 -16"><span class='ocrx_word' id='word_1_455' title='bbox 2341 3094 2402 3147; x_wconf 86' lang='lat' dir='ltr'><strong>EI</strong></span> <span class='ocrx_word' id='word_1_456' title='bbox 2433 3095 2461 3148; x_wconf 87' lang='grc' dir='ltr'><strong>ό</strong></span> <span class='ocrx_word' id='word_1_457' title='bbox 2487 3091 2723 3164; x_wconf 81' lang='grc' dir='ltr'>λυρῳδδς</span> <span class='ocrx_word' id='word_1_458' title='bbox 2754 3088 2915 3143; x_wconf 75' lang='grc' dir='ltr'><strong>Δαὸὶδ</strong></span> <span class='ocrx_word' id='word_1_459' title='bbox 2940 3087 3074 3159; x_wconf 81' lang='grc' dir='ltr'>ὁμοῦ</span> <span class='ocrx_word' id='word_1_460' title='bbox 3111 3088 3204 3140; x_wconf 76' lang='grc' dir='ltr'>καὶ</span> <span class='ocrx_word' id='word_1_461' title='bbox 3236 3085 3393 3140; x_wconf 83' lang='grc' dir='ltr'>τοῦτο</span> <span class='ocrx_word' id='word_1_462' title='bbox 3422 3085 3613 3149; x_wconf 78' lang='grc' dir='ltr'>ἀείδει,</span> 
     </span>
    </p>
   </div>
   <div class='ocr_carea' id='block_1_72' title="bbox 2424 3176 3722 3250">
    <p class='ocr_par' dir='ltr' id='par_1_72' title="bbox 2424 3176 3722 3250">
     <span class='ocr_line' id='line_1_74' title="bbox 2424 3176 3722 3250; baseline -0.008 -11"><span class='ocrx_word' id='word_1_463' title='bbox 2424 3186 2512 3250; x_wconf 84' lang='grc' dir='ltr'><strong>Ὦς</strong></span> <span class='ocrx_word' id='word_1_464' title='bbox 2526 3184 2774 3247; x_wconf 80' lang='grc' dir='ltr'>Ἀπολείς</span> <span class='ocrx_word' id='word_1_465' title='bbox 2799 3184 3006 3245; x_wconf 88' lang='grc' dir='ltr'>πάντας</span> <span class='ocrx_word' id='word_1_466' title='bbox 3032 3182 3158 3245; x_wconf 86' lang='grc' dir='ltr'>τοὺς</span> <span class='ocrx_word' id='word_1_467' title='bbox 3180 3180 3471 3239; x_wconf 84' lang='grc' dir='ltr'>λαλέοντας</span> <span class='ocrx_word' id='word_1_468' title='bbox 3493 3176 3687 3247; x_wconf 79' lang='grc' dir='ltr'>ψεῦδος</span> <span class='ocrx_word' id='word_1_469' title='bbox 3708 3191 3722 3204; x_wconf 75' lang='grc'><strong>⁸</strong></span> 
     </span>
    </p>
   </div>
   <div class='ocr_carea' id='block_1_73' title="bbox 2341 3272 3535 3346">
    <p class='ocr_par' dir='ltr' id='par_1_73' title="bbox 2341 3272 3535 3346">
     <span class='ocr_line' id='line_1_75' title="bbox 2341 3272 3535 3346; baseline -0.006 -14"><span class='ocrx_word' id='word_1_470' title='bbox 2341 3277 2453 3332; x_wconf 84' lang='grc' dir='ltr'>Ποῦ</span> <span class='ocrx_word' id='word_1_471' title='bbox 2479 3276 2546 3331; x_wconf 81' lang='grc' dir='ltr'><strong>ἂν</strong></span> <span class='ocrx_word' id='word_1_472' title='bbox 2579 3276 2664 3346; x_wconf 73' lang='grc' dir='ltr'><strong>εἴη</strong></span> <span class='ocrx_word' id='word_1_473' title='bbox 2695 3278 2843 3339; x_wconf 79' lang='grc' dir='ltr'>ὅστις</span> <span class='ocrx_word' id='word_1_474' title='bbox 2875 3276 2968 3328; x_wconf 78' lang='grc' dir='ltr'>κα).</span> <span class='ocrx_word' id='word_1_475' title='bbox 2995 3274 3250 3343; x_wconf 75' lang='grc' dir='ltr'>ἐπίορκον</span> <span class='ocrx_word' id='word_1_476' title='bbox 3276 3272 3535 3343; x_wconf 77' lang='grc' dir='ltr'>ὀμόσσας,</span> 
     </span>
    </p>
   </div>
   <div class='ocr_carea' id='block_1_74' title="bbox 2410 3366 3547 3435">
    <p class='ocr_par' dir='ltr' id='par_1_74' title="bbox 2410 3366 3547 3435">
     <span class='ocr_line' id='line_1_76' title="bbox 2410 3366 3547 3435; baseline -0.006 -11"><span class='ocrx_word' id='word_1_477' title='bbox 2410 3369 2626 3433; x_wconf 87' lang='grc' dir='ltr'>Πάντας</span> <span class='ocrx_word' id='word_1_478' title='bbox 2654 3368 2776 3422; x_wconf 72' lang='grc' dir='ltr'>ἀᾶίν</span> <span class='ocrx_word' id='word_1_479' title='bbox 2798 3368 2948 3421; x_wconf 86' lang='grc' dir='ltr'>ὅσσοι</span> <span class='ocrx_word' id='word_1_480' title='bbox 2975 3367 3164 3420; x_wconf 75' lang='grc' dir='ltr'>πιστὸν</span> <span class='ocrx_word' id='word_1_481' title='bbox 3191 3366 3375 3435; x_wconf 80' lang='grc' dir='ltr'>ἔχουσι</span> <span class='ocrx_word' id='word_1_482' title='bbox 3396 3366 3547 3430; x_wconf 85' lang='grc' dir='ltr'>νόον;</span> 
     </span>
    </p>
   </div>
   <div class='ocr_carea' id='block_1_75' title="bbox 2344 3477 3899 3549">
    <p class='ocr_par' dir='ltr' id='par_1_75' title="bbox 2344 3477 3899 3549">
     <span class='ocr_line' id='line_1_77' title="bbox 2344 3477 3899 3549; baseline -0.005 -13"><span class='ocrx_word' id='word_1_483' title='bbox 2344 3484 2485 3549; x_wconf 68' lang='lat' dir='ltr'><strong>AG&#39;.</strong></span> <span class='ocrx_word' id='word_1_484' title='bbox 2518 3481 2647 3534; x_wconf 70' lang='grc' dir='ltr'>Ὀτι</span> <span class='ocrx_word' id='word_1_485' title='bbox 2676 3480 2748 3534; x_wconf 87' lang='grc' dir='ltr'>οὐ</span> <span class='ocrx_word' id='word_1_486' title='bbox 2774 3478 2893 3533; x_wconf 81' lang='grc' dir='ltr'>τῶν</span> <span class='ocrx_word' id='word_1_487' title='bbox 2913 3478 3223 3548; x_wconf 79' lang='grc' dir='ltr'><strong>τυχόντων</strong></span> <span class='ocrx_word' id='word_1_488' title='bbox 3242 3479 3275 3532; x_wconf 82' lang='grc' dir='ltr'><strong>ό</strong></span> <span class='ocrx_word' id='word_1_489' title='bbox 3303 3477 3435 3546; x_wconf 77' lang='grc' dir='ltr'>περὶ</span> <span class='ocrx_word' id='word_1_490' title='bbox 3464 3477 3679 3546; x_wconf 81' lang='grc' dir='ltr'>ἀρετῆς</span> <span class='ocrx_word' id='word_1_491' title='bbox 3703 3478 3899 3547; x_wconf 75' lang='grc' dir='ltr'>λόγος.</span> 
     </span>
    </p>
   </div>
   <div class='ocr_carea' id='block_1_76' title="bbox 2226 3573 3801 3659">
    <p class='ocr_par' dir='ltr' id='par_1_76' title="bbox 2226 3573 3801 3659">
     <span class='ocr_line' id='line_1_78' title="bbox 2226 3573 3801 3659; baseline -0.003 -15"><span class='ocrx_word' id='word_1_492' title='bbox 2226 3573 2233 3581; x_wconf 48' lang='grc'><em>’</em></span> <span class='ocrx_word' id='word_1_493' title='bbox 2341 3589 2563 3659; x_wconf 84' lang='grc' dir='ltr'>Ποιμέν’</span> <span class='ocrx_word' id='word_1_494' title='bbox 2594 3589 2694 3658; x_wconf 83' lang='grc' dir='ltr'><strong>ἀνή</strong></span> <span class='ocrx_word' id='word_1_495' title='bbox 2706 3589 2828 3659; x_wconf 89' lang='grc' dir='ltr'>ρετό</span> <span class='ocrx_word' id='word_1_496' title='bbox 2854 3604 2939 3651; x_wconf 89' lang='grc' dir='ltr'><strong>τις</strong></span> <span class='ocrx_word' id='word_1_497' title='bbox 2966 3586 3058 3639; x_wconf 83' lang='grc' dir='ltr'><strong>τὸν</strong></span> <span class='ocrx_word' id='word_1_498' title='bbox 3089 3586 3350 3658; x_wconf 83' lang='grc' dir='ltr'>ἀοίδιμον·</span> <span class='ocrx_word' id='word_1_499' title='bbox 3380 3586 3518 3640; x_wconf 81' lang='grc' dir='ltr'>Εἰπέ</span> <span class='ocrx_word' id='word_1_500' title='bbox 3546 3604 3601 3639; x_wconf 85' lang='grc' dir='ltr'><strong>τι</strong></span> <span class='ocrx_word' id='word_1_501' title='bbox 3629 3588 3801 3658; x_wconf 74' lang='grc' dir='ltr'>ῥῆμα.</span> 
     </span>
    </p>
   </div>
   <div class='ocr_carea' id='block_1_77' title="bbox 2409 3679 3735 3754">
    <p class='ocr_par' dir='ltr' id='par_1_77' title="bbox 2409 3679 3735 3754">
     <span class='ocr_line' id='line_1_79' title="bbox 2409 3679 3735 3754; baseline 0.031 -19"><span class='ocrx_word' id='word_1_502' title='bbox 2409 3682 2598 3754; x_wconf 80' lang='grc' dir='ltr'><strong>Αὐτὰρ</strong></span> <span class='ocrx_word' id='word_1_503' title='bbox 2623 3682 2726 3751; x_wconf 78' lang='grc' dir='ltr'><strong>ὅγ’·</strong></span> <span class='ocrx_word' id='word_1_504' title='bbox 2753 3679 2890 3747; x_wconf 77' lang='grc' dir='ltr'>οὒκ,</span> <span class='ocrx_word' id='word_1_505' title='bbox 2927 3681 3094 3750; x_wconf 81' lang='grc' dir='ltr'>ἄλλην</span> <span class='ocrx_word' id='word_1_506' title='bbox 3125 3680 3256 3753; x_wconf 77' lang='grc' dir='ltr'><strong>δρῦν</strong></span> <span class='ocrx_word' id='word_1_507' title='bbox 3287 3680 3560 3750; x_wconf 67' lang='grc' dir='ltr'><strong>βαλάνιξεθ</strong></span> <span class='ocrx_word' id='word_1_508' title='bbox 3591 3679 3693 3749; x_wconf 59' lang='grc' dir='ltr'><strong>ἔφη</strong></span> <span class='ocrx_word' id='word_1_509' title='bbox 3722 3694 3735 3706; x_wconf 77' lang='grc'><strong>’</strong></span> 
     </span>
    </p>
   </div>
   <div class='ocr_carea' id='block_1_78' title="bbox 2341 3771 3807 3848">
    <p class='ocr_par' dir='ltr' id='par_1_78' title="bbox 2341 3771 3807 3848">
     <span class='ocr_line' id='line_1_80' title="bbox 2341 3771 3807 3848; baseline -0.008 -16"><span class='ocrx_word' id='word_1_510' title='bbox 2341 3778 2601 3848; x_wconf 77' lang='grc' dir='ltr'>Δίδέομαι</span> <span class='ocrx_word' id='word_1_511' title='bbox 2629 3776 2737 3846; x_wconf 85' lang='grc' dir='ltr'>γὰρ</span> <span class='ocrx_word' id='word_1_512' title='bbox 2776 3773 2886 3843; x_wconf 82' lang='grc' dir='ltr'>ἐγὼ</span> <span class='ocrx_word' id='word_1_513' title='bbox 2912 3776 3044 3843; x_wconf 77' lang='grc' dir='ltr'>περ).</span> <span class='ocrx_word' id='word_1_514' title='bbox 3072 3773 3171 3841; x_wconf 85' lang='grc' dir='ltr'>τῆς</span> <span class='ocrx_word' id='word_1_515' title='bbox 3206 3772 3408 3843; x_wconf 81' lang='grc' dir='ltr'>ἀρετῆς</span> <span class='ocrx_word' id='word_1_516' title='bbox 3445 3789 3500 3824; x_wconf 89' lang='grc' dir='ltr'><strong>τι</strong></span> <span class='ocrx_word' id='word_1_517' title='bbox 3521 3771 3807 3825; x_wconf 82' lang='grc' dir='ltr'>διδάσκειν.</span> 
     </span>
    </p>
   </div>
   <div class='ocr_carea' id='block_1_79' title="bbox 2426 3860 3697 3938">
    <p class='ocr_par' dir='ltr' id='par_1_79' title="bbox 2426 3860 3697 3938">
     <span class='ocr_line' id='line_1_81' title="bbox 2426 3860 3697 3938; baseline -0.007 -16"><span class='ocrx_word' id='word_1_518' title='bbox 2426 3869 2516 3922; x_wconf 87' lang='grc' dir='ltr'>Ἐν</span> <span class='ocrx_word' id='word_1_519' title='bbox 2550 3867 2774 3938; x_wconf 87' lang='grc' dir='ltr'>μεγάλῳ</span> <span class='ocrx_word' id='word_1_520' title='bbox 2801 3866 2911 3936; x_wconf 86' lang='grc' dir='ltr'>γὰρ</span> <span class='ocrx_word' id='word_1_521' title='bbox 2944 3865 3109 3937; x_wconf 69' lang='grc' dir='ltr'>ἐρῶν,</span> <span class='ocrx_word' id='word_1_522' title='bbox 3141 3864 3263 3918; x_wconf 82' lang='grc' dir='ltr'>οὐδὲ</span> <span class='ocrx_word' id='word_1_523' title='bbox 3293 3864 3396 3933; x_wconf 80' lang='grc' dir='ltr'><strong>γρὺ</strong></span> <span class='ocrx_word' id='word_1_524' title='bbox 3442 3860 3697 3915; x_wconf 79' lang='grc' dir='ltr'>ἐκτελέω.</span> 
     </span>
    </p>
   </div>
   <div class='ocr_carea' id='block_1_80' title="bbox 2582 3973 3666 4042">
    <p class='ocr_par' dir='ltr' id='par_1_80' title="bbox 2582 3973 3666 4042">
     <span class='ocr_line' id='line_1_82' title="bbox 2582 3973 3666 4042; baseline -0.007 -11"><span class='ocrx_word' id='word_1_525' title='bbox 2582 3973 2706 4031; x_wconf 85' lang='grc' dir='ltr'>ΛΖ’.</span> <span class='ocrx_word' id='word_1_526' title='bbox 2736 3976 2859 4029; x_wconf 86' lang='grc' dir='ltr'>Ὅτι</span> <span class='ocrx_word' id='word_1_527' title='bbox 2890 3974 2959 4029; x_wconf 82' lang='grc' dir='ltr'>τὸ</span> <span class='ocrx_word' id='word_1_528' title='bbox 2990 3974 3218 4042; x_wconf 77' lang='grc' dir='ltr'>ἄπορον</span> <span class='ocrx_word' id='word_1_529' title='bbox 3243 3973 3666 4041; x_wconf 72' lang='grc' dir='ltr'>ἀνεπίφθονον.</span> 
     </span>
    </p>
   </div>
   <div class='ocr_carea' id='block_1_81' title="bbox 2345 4071 3857 4158">
    <p class='ocr_par' dir='ltr' id='par_1_81' title="bbox 2345 4071 3857 4158">
     <span class='ocr_line' id='line_1_83' title="bbox 2345 4071 3857 4158; baseline -0.008 -17"><span class='ocrx_word' id='word_1_530' title='bbox 2345 4088 2408 4141; x_wconf 85' lang='grc' dir='ltr'>Εί</span> <span class='ocrx_word' id='word_1_531' title='bbox 2438 4087 2716 4158; x_wconf 84' lang='grc' dir='ltr'>μερίμνας</span> <span class='ocrx_word' id='word_1_532' title='bbox 2743 4103 2825 4149; x_wconf 90' lang='grc' dir='ltr'><strong>τις</strong></span> <span class='ocrx_word' id='word_1_533' title='bbox 2866 4084 3008 4148; x_wconf 77' lang='grc' dir='ltr'>ἔλυε,</span> <span class='ocrx_word' id='word_1_534' title='bbox 3033 4084 3128 4137; x_wconf 78' lang='grc' dir='ltr'>καὶ</span> <span class='ocrx_word' id='word_1_535' title='bbox 3155 4080 3341 4151; x_wconf 79' lang='grc' dir='ltr'>ἔχθεα,</span> <span class='ocrx_word' id='word_1_536' title='bbox 3373 4079 3471 4134; x_wconf 72' lang='grc' dir='ltr'>καὶ</span> <span class='ocrx_word' id='word_1_537' title='bbox 3505 4078 3715 4147; x_wconf 82' lang='grc' dir='ltr'>φθόνον,</span> <span class='ocrx_word' id='word_1_538' title='bbox 3743 4071 3857 4130; x_wconf 78' lang='grc' dir='ltr'>εἶτα</span> 
     </span>
    </p>
   </div>
   <div class='ocr_carea' id='block_1_82' title="bbox 2418 4169 3550 4247">
    <p class='ocr_par' dir='ltr' id='par_1_82' title="bbox 2418 4169 3550 4247">
     <span class='ocr_line' id='line_1_84' title="bbox 2418 4169 3550 4247; baseline -0.008 -18"><span class='ocrx_word' id='word_1_539' title='bbox 2418 4178 2511 4239; x_wconf 70' lang='lat' dir='ltr'><strong>El;</strong></span> <span class='ocrx_word' id='word_1_540' title='bbox 2536 4175 2838 4247; x_wconf 75' lang='grc' dir='ltr'>ἀμέριμνον</span> <span class='ocrx_word' id='word_1_541' title='bbox 2865 4174 2983 4226; x_wconf 79' lang='grc' dir='ltr'>ὁδὸν</span> <span class='ocrx_word' id='word_1_542' title='bbox 3007 4169 3110 4241; x_wconf 83' lang='grc' dir='ltr'>ἦγε</span> <span class='ocrx_word' id='word_1_543' title='bbox 3130 4174 3223 4224; x_wconf 74' lang='grc' dir='ltr'><strong>καί</strong></span> <span class='ocrx_word' id='word_1_544' title='bbox 3256 4170 3550 4239; x_wconf 86' lang='grc' dir='ltr'>ἀπόλεμον,</span> 
     </span>
    </p>
   </div>
   <div class='ocr_carea' id='block_1_83' title="bbox 2347 4259 3905 4335">
    <p class='ocr_par' dir='ltr' id='par_1_83' title="bbox 2347 4259 3905 4335">
     <span class='ocr_line' id='line_1_85' title="bbox 2347 4259 3905 4335; baseline -0.008 -12"><span class='ocrx_word' id='word_1_545' title='bbox 2347 4269 2459 4323; x_wconf 83' lang='grc' dir='ltr'><strong>Οὐκ</strong></span> <span class='ocrx_word' id='word_1_546' title='bbox 2473 4268 2539 4322; x_wconf 84' lang='grc' dir='ltr'><strong>ἂν</strong></span> <span class='ocrx_word' id='word_1_547' title='bbox 2556 4268 2642 4321; x_wconf 77' lang='grc' dir='ltr'><strong>ἐπ’</strong></span> <span class='ocrx_word' id='word_1_548' title='bbox 2662 4267 2822 4320; x_wconf 79' lang='grc' dir='ltr'>αὐτὸν</span> <span class='ocrx_word' id='word_1_549' title='bbox 2844 4267 2966 4335; x_wconf 83' lang='grc' dir='ltr'>ίμεν</span> <span class='ocrx_word' id='word_1_550' title='bbox 2986 4265 3133 4329; x_wconf 89' lang='grc' dir='ltr'>τάδε,</span> <span class='ocrx_word' id='word_1_551' title='bbox 3156 4264 3251 4317; x_wconf 76' lang='grc' dir='ltr'>καὶ</span> <span class='ocrx_word' id='word_1_552' title='bbox 3268 4263 3429 4315; x_wconf 84' lang='grc' dir='ltr'>πλέον</span> <span class='ocrx_word' id='word_1_553' title='bbox 3455 4260 3621 4314; x_wconf 81' lang='grc' dir='ltr'>ἐσθλά</span> <span class='ocrx_word' id='word_1_554' title='bbox 3644 4259 3905 4331; x_wconf 83' lang='grc' dir='ltr'>προτείνει</span> 
     </span>
    </p>
   </div>
   <div class='ocr_carea' id='block_1_84' title="bbox 2430 4354 3538 4429">
    <p class='ocr_par' dir='ltr' id='par_1_84' title="bbox 2430 4354 3538 4429">
     <span class='ocr_line' id='line_1_86' title="bbox 2430 4354 3538 4429; baseline -0.005 -16"><span class='ocrx_word' id='word_1_555' title='bbox 2430 4361 2494 4412; x_wconf 87' lang='grc' dir='ltr'><em>Ἢ</em></span> <span class='ocrx_word' id='word_1_556' title='bbox 2516 4358 2868 4429; x_wconf 84' lang='grc' dir='ltr'>άκτημοσύνη</span> <span class='ocrx_word' id='word_1_557' title='bbox 2906 4358 2997 4410; x_wconf 76' lang='grc' dir='ltr'>καὶ</span> <span class='ocrx_word' id='word_1_558' title='bbox 3032 4355 3349 4425; x_wconf 78' lang='grc' dir='ltr'>φεϐόμεσθα</span> <span class='ocrx_word' id='word_1_559' title='bbox 3378 4354 3538 4423; x_wconf 83' lang='grc' dir='ltr'>κότῳ.</span> 
     </span>
    </p>
   </div>
   <div class='ocr_carea' id='block_1_85' title="bbox 673 4455 2234 4551">
    <p class='ocr_par' dir='ltr' id='par_1_85' title="bbox 673 4455 2234 4551">
     <span class='ocr_line' id='line_1_87' title="bbox 673 4455 2234 4551; baseline -0.015 -25"><span class='ocrx_word' id='word_1_560' title='bbox 673 4466 958 4526; x_wconf 86' lang='lat' dir='ltr'><strong>XXXVIII.</strong></span> <span class='ocrx_word' id='word_1_561' title='bbox 1010 4464 1165 4531; x_wconf 86' lang='lat' dir='ltr'><strong>Quod</strong></span> <span class='ocrx_word' id='word_1_562' title='bbox 1196 4464 1240 4544; x_wconf 71' lang='lat' dir='ltr'><strong>is</strong></span> <span class='ocrx_word' id='word_1_563' title='bbox 1275 4462 1360 4551; x_wconf 45' lang='lat' dir='ltr'><strong>euri</strong></span> <span class='ocrx_word' id='word_1_564' title='bbox 1392 4459 1846 4551; x_wconf 52' lang='lat' dir='ltr'><strong>belium&#39;irtfertur</strong></span> <span class='ocrx_word' id='word_1_565' title='bbox 1878 4455 2234 4523; x_wconf 81' lang='lat' dir='ltr'><strong>undequaque,</strong></span> 
     </span>
    </p>
   </div>
   <div class='ocr_carea' id='block_1_86' title="bbox 2302 4455 3905 4551">
    <p class='ocr_par' dir='ltr' id='par_1_86' title="bbox 2302 4461 3905 4551">
     <span class='ocr_line' id='line_1_88' title="bbox 2302 4461 3905 4551; baseline -0.008 -25"><span class='ocrx_word' id='word_1_566' title='bbox 2302 4497 2322 4551; x_wconf 78' lang='grc'><strong>)</strong></span> <span class='ocrx_word' id='word_1_567' title='bbox 2349 4470 2479 4526; x_wconf 81' lang='lat' dir='ltr'><strong>AH&#39;.</strong></span> <span class='ocrx_word' id='word_1_568' title='bbox 2515 4472 2633 4524; x_wconf 89' lang='grc' dir='ltr'>Ὅτι</span> <span class='ocrx_word' id='word_1_569' title='bbox 2664 4469 2729 4522; x_wconf 78' lang='grc' dir='ltr'><strong>τό</strong></span> <span class='ocrx_word' id='word_1_570' title='bbox 2762 4469 3137 4536; x_wconf 75' lang='grc' dir='ltr'>πανταχόθεν</span> <span class='ocrx_word' id='word_1_571' title='bbox 3160 4465 3611 4533; x_wconf 71' lang='grc' dir='ltr'>πολεμούμενον</span> <span class='ocrx_word' id='word_1_572' title='bbox 3634 4461 3905 4530; x_wconf 76' lang='grc' dir='ltr'>ἄτρωτον.</span> 
     </span>
    </p>
   </div>
   <div class='ocr_carea' id='block_1_87' title="bbox 1161 4530 1759 4602">
    <p class='ocr_par' dir='ltr' id='par_1_87' title="bbox 1161 4530 1759 4602">
     <span class='ocr_line' id='line_1_89' title="bbox 1161 4530 1759 4602; baseline -0.012 -16"><span class='ocrx_word' id='word_1_573' title='bbox 1161 4534 1251 4586; x_wconf 77' lang='lat' dir='ltr'><strong>uia:</strong></span> <span class='ocrx_word' id='word_1_574' title='bbox 1284 4533 1494 4602; x_wconf 75' lang='lat' dir='ltr'><strong>effugiat</strong></span> <span class='ocrx_word' id='word_1_575' title='bbox 1520 4530 1759 4582; x_wconf 80' lang='lat' dir='ltr'><strong>vulnera.</strong></span> 
     </span>
    </p>
   </div>
   <div class='ocr_carea' id='block_1_88' title="bbox 673 4632 2140 4716">
    <p class='ocr_par' dir='ltr' id='par_1_88' title="bbox 673 4632 2140 4716">
     <span class='ocr_line' id='line_1_90' title="bbox 673 4632 2140 4716; baseline -0.012 -11"><span class='ocrx_word' id='word_1_576' title='bbox 673 4655 718 4705; x_wconf 76' lang='grc' dir='ltr'><strong>Δ</strong></span> <span class='ocrx_word' id='word_1_577' title='bbox 744 4648 888 4704; x_wconf 91' lang='lat' dir='ltr'><strong>bello</strong></span> <span class='ocrx_word' id='word_1_578' title='bbox 912 4646 1060 4716; x_wconf 87' lang='lat' dir='ltr'><strong>quod</strong></span> <span class='ocrx_word' id='word_1_579' title='bbox 1094 4643 1319 4710; x_wconf 83' lang='lat' dir='ltr'><strong>linguae,</strong></span> <span class='ocrx_word' id='word_1_580' title='bbox 1356 4639 1533 4695; x_wconf 91' lang='lat' dir='ltr'><strong>oculis</strong></span> <span class='ocrx_word' id='word_1_581' title='bbox 1565 4646 1730 4707; x_wconf 89' lang='lat' dir='ltr'><strong>atque</strong></span> <span class='ocrx_word' id='word_1_582' title='bbox 1758 4636 1986 4691; x_wconf 88' lang='lat' dir='ltr'><strong>auribus</strong></span> <span class='ocrx_word' id='word_1_583' title='bbox 2012 4632 2140 4687; x_wconf 88' lang='lat' dir='ltr'><strong>imis</strong></span> 
     </span>
    </p>
   </div>
   <div class='ocr_carea' id='block_1_89' title="bbox 743 4734 1910 4805">
    <p class='ocr_par' dir='ltr' id='par_1_89' title="bbox 743 4734 1910 4805">
     <span class='ocr_line' id='line_1_91' title="bbox 743 4734 1910 4805; baseline -0.014 -7"><span class='ocrx_word' id='word_1_584' title='bbox 743 4742 1004 4805; x_wconf 86' lang='lat' dir='ltr'><strong>lnfertur,</strong></span> <span class='ocrx_word' id='word_1_585' title='bbox 1030 4737 1215 4791; x_wconf 87' lang='lat' dir='ltr'><strong>nullus</strong></span> <span class='ocrx_word' id='word_1_586' title='bbox 1246 4734 1558 4789; x_wconf 90' lang='lat' dir='ltr'><strong>monticolis</strong></span> <span class='ocrx_word' id='word_1_587' title='bbox 1597 4742 1775 4787; x_wconf 89' lang='lat' dir='ltr'><strong>metus</strong></span> <span class='ocrx_word' id='word_1_588' title='bbox 1806 4743 1910 4785; x_wconf 91' lang='lat' dir='ltr'><strong>est.</strong></span> 
     </span>
    </p>
   </div>
   <div class='ocr_carea' id='block_1_90' title="bbox 674 4817 2005 4893">
    <p class='ocr_par' dir='ltr' id='par_1_90' title="bbox 674 4817 2005 4893">
     <span class='ocr_line' id='line_1_92' title="bbox 674 4817 2005 4893; baseline -0.013 -5"><span class='ocrx_word' id='word_1_589' title='bbox 674 4832 870 4888; x_wconf 88' lang='lat' dir='ltr'><strong>Cordis</strong></span> <span class='ocrx_word' id='word_1_590' title='bbox 889 4840 944 4884; x_wconf 88' lang='lat' dir='ltr'><strong>at</strong></span> <span class='ocrx_word' id='word_1_591' title='bbox 974 4828 1239 4883; x_wconf 84' lang='lat' dir='ltr'><strong>infestant</strong></span> <span class='ocrx_word' id='word_1_592' title='bbox 1268 4825 1369 4879; x_wconf 89' lang='lat' dir='ltr'><strong>hos</strong></span> <span class='ocrx_word' id='word_1_593' title='bbox 1392 4823 1575 4893; x_wconf 84' lang='lat' dir='ltr'><strong>praelia</strong></span> <span class='ocrx_word' id='word_1_594' title='bbox 1605 4822 1742 4885; x_wconf 86' lang='lat' dir='ltr'><strong>sola,</strong></span> <span class='ocrx_word' id='word_1_595' title='bbox 1775 4817 2005 4889; x_wconf 89' lang='lat' dir='ltr'><strong>proinde</strong></span> 
     </span>
    </p>
   </div>
   <div class='ocr_carea' id='block_1_91' title="bbox 745 4906 2246 4976">
    <p class='ocr_par' dir='ltr' id='par_1_91' title="bbox 745 4906 2246 4976">
     <span class='ocr_line' id='line_1_93' title="bbox 745 4906 2246 4976; baseline -0.012 -1"><span class='ocrx_word' id='word_1_596' title='bbox 745 4922 865 4976; x_wconf 85' lang='lat' dir='ltr'><strong>Non</strong></span> <span class='ocrx_word' id='word_1_597' title='bbox 902 4919 1053 4976; x_wconf 88' lang='lat' dir='ltr'><strong>fera:</strong></span> <span class='ocrx_word' id='word_1_598' title='bbox 1087 4931 1214 4971; x_wconf 88' lang='lat' dir='ltr'><strong>nam</strong></span> <span class='ocrx_word' id='word_1_599' title='bbox 1247 4917 1301 4969; x_wconf 90' lang='lat' dir='ltr'><strong>in</strong></span> <span class='ocrx_word' id='word_1_600' title='bbox 1332 4913 1688 4973; x_wconf 74' lang='lat' dir='ltr'><strong>multisMars</strong></span> <span class='ocrx_word' id='word_1_601' title='bbox 1723 4910 2047 4965; x_wconf 87' lang='lat' dir='ltr'><strong>metuendus</strong></span> <span class='ocrx_word' id='word_1_602' title='bbox 2071 4906 2246 4961; x_wconf 83' lang='lat' dir='ltr'><strong>adest.</strong></span> 
     </span>
    </p>
   </div>
   <div class='ocr_carea' id='block_1_92' title="bbox 674 5019 2245 5093">
    <p class='ocr_par' dir='ltr' id='par_1_92' title="bbox 674 5019 2245 5093">
     <span class='ocr_line' id='line_1_94' title="bbox 674 5019 2245 5093; baseline -0.012 -7"><span class='ocrx_word' id='word_1_603' title='bbox 674 5029 917 5086; x_wconf 77' lang='lat' dir='ltr'><strong>XXXIX.</strong></span> <span class='ocrx_word' id='word_1_604' title='bbox 972 5028 1124 5093; x_wconf 83' lang='lat' dir='ltr'><strong>Quod</strong></span> <span class='ocrx_word' id='word_1_605' title='bbox 1177 5042 1441 5081; x_wconf 84' lang='lat' dir='ltr'><strong>sermones</strong></span> <span class='ocrx_word' id='word_1_606' title='bbox 1490 5039 1607 5076; x_wconf 83' lang='lat' dir='ltr'><strong>cum</strong></span> <span class='ocrx_word' id='word_1_607' title='bbox 1642 5022 1839 5090; x_wconf 83' lang='lat' dir='ltr'><strong>ﬁducia</strong></span> <span class='ocrx_word' id='word_1_608' title='bbox 1891 5019 2087 5089; x_wconf 81' lang='lat' dir='ltr'><strong>prolati</strong></span> <span class='ocrx_word' id='word_1_609' title='bbox 2143 5032 2245 5069; x_wconf 86' lang='lat' dir='ltr'><strong>non</strong></span> 
     </span>
    </p>
   </div>
   <div class='ocr_carea' id='block_1_93' title="bbox 1344 5104 1578 5164">
    <p class='ocr_par' dir='ltr' id='par_1_93' title="bbox 1344 5104 1578 5164">
     <span class='ocr_line' id='line_1_95' title="bbox 1344 5104 1578 5164; baseline -0.004 -16"><span class='ocrx_word' id='word_1_610' title='bbox 1344 5104 1578 5164; x_wconf 82' lang='lat' dir='ltr'><strong>pereant.</strong></span> 
     </span>
    </p>
   </div>
   <div class='ocr_carea' id='block_1_94' title="bbox 673 5202 2139 5275">
    <p class='ocr_par' dir='ltr' id='par_1_94' title="bbox 673 5202 2139 5275">
     <span class='ocr_line' id='line_1_96' title="bbox 673 5202 2139 5275; baseline -0.01 -8"><span class='ocrx_word' id='word_1_611' title='bbox 673 5209 1024 5269; x_wconf 81' lang='lat' dir='ltr'><strong>Monticolam</strong></span> <span class='ocrx_word' id='word_1_612' title='bbox 1055 5221 1232 5264; x_wconf 57' lang='lat' dir='ltr'><strong>savus</strong></span> <span class='ocrx_word' id='word_1_613' title='bbox 1264 5207 1394 5262; x_wconf 92' lang='lat' dir='ltr'><strong>dum</strong></span> <span class='ocrx_word' id='word_1_614' title='bbox 1421 5207 1676 5275; x_wconf 88' lang='lat' dir='ltr'><strong>princeps</strong></span> <span class='ocrx_word' id='word_1_615' title='bbox 1703 5202 1928 5266; x_wconf 91' lang='lat' dir='ltr'><strong>detinet,</strong></span> <span class='ocrx_word' id='word_1_616' title='bbox 1974 5210 2139 5268; x_wconf 86' lang='lat' dir='ltr'><strong>atque</strong></span> 
     </span>
    </p>
   </div>
   <div class='ocr_carea' id='block_1_95' title="bbox 744 5294 2078 5370">
    <p class='ocr_par' dir='ltr' id='par_1_95' title="bbox 744 5294 2078 5370">
     <span class='ocr_line' id='line_1_97' title="bbox 744 5294 2078 5370; baseline -0.012 -8"><span class='ocrx_word' id='word_1_617' title='bbox 744 5302 1075 5361; x_wconf 89' lang='lat' dir='ltr'><strong>Pertrahere</strong></span> <span class='ocrx_word' id='word_1_618' title='bbox 1101 5300 1432 5370; x_wconf 88' lang='lat' dir='ltr'><strong>intrepidum</strong></span> <span class='ocrx_word' id='word_1_619' title='bbox 1468 5300 1522 5353; x_wconf 93' lang='lat' dir='ltr'><strong>in</strong></span> <span class='ocrx_word' id='word_1_620' title='bbox 1551 5313 1649 5354; x_wconf 83' lang='lat' dir='ltr'><strong>sua</strong></span> <span class='ocrx_word' id='word_1_621' title='bbox 1672 5296 1836 5352; x_wconf 86' lang='lat' dir='ltr'><strong>verba</strong></span> <span class='ocrx_word' id='word_1_622' title='bbox 1868 5294 2078 5361; x_wconf 85' lang='lat' dir='ltr'><strong>nequit,</strong></span> 
     </span>
    </p>
   </div>
   <div class='ocr_carea' id='block_1_96' title="bbox 673 5386 2244 5468">
    <p class='ocr_par' dir='ltr' id='par_1_96' title="bbox 673 5386 2244 5468">
     <span class='ocr_line' id='line_1_98' title="bbox 673 5386 2244 5468; baseline -0.008 -17"><span class='ocrx_word' id='word_1_623' title='bbox 673 5394 949 5468; x_wconf 81' lang='lat' dir='ltr'><strong>Nunquid,</strong></span> <span class='ocrx_word' id='word_1_624' title='bbox 975 5394 1071 5459; x_wconf 89' lang='lat' dir='ltr'><strong>ait,</strong></span> <span class='ocrx_word' id='word_1_625' title='bbox 1091 5393 1291 5447; x_wconf 83' lang='lat' dir='ltr'><strong>metuis</strong></span> <span class='ocrx_word' id='word_1_626' title='bbox 1310 5393 1580 5447; x_wconf 82' lang='lat' dir='ltr'><strong>mortem?</strong></span> <span class='ocrx_word' id='word_1_627' title='bbox 1602 5392 1770 5455; x_wconf 89' lang='lat' dir='ltr'><strong>Alter,</strong></span> <span class='ocrx_word' id='word_1_628' title='bbox 1792 5388 1982 5442; x_wconf 86' lang='lat' dir='ltr'><strong>Nonne</strong></span> <span class='ocrx_word' id='word_1_629' title='bbox 2004 5386 2170 5454; x_wconf 83' lang='lat' dir='ltr'><strong>pudet</strong></span> <span class='ocrx_word' id='word_1_630' title='bbox 2189 5393 2244 5438; x_wconf 94' lang='lat' dir='ltr'><strong>te</strong></span> 
     </span>
    </p>
   </div>
   <div class='ocr_carea' id='block_1_97' title="bbox 774 5570 1161 5643">
    <p class='ocr_par' dir='ltr' id='par_1_97' title="bbox 774 5570 1161 5643">
     <span class='ocr_line' id='line_1_99' title="bbox 774 5570 1161 5643; baseline -0.008 -15"><span class='ocrx_word' id='word_1_631' title='bbox 774 5570 860 5643; x_wconf 69' lang='lat' dir='ltr'><strong>I9)</strong></span> <span class='ocrx_word' id='word_1_632' title='bbox 900 5572 1161 5627; x_wconf 80' lang='lat' dir='ltr'><strong>Pittacus.</strong></span> 
     </span>
    </p>
   </div>
   <div class='ocr_carea' id='block_1_98' title="bbox 745 5573 2209 5776">
    <p class='ocr_par' dir='ltr' id='par_1_98' title="bbox 745 5573 2209 5776">
     <span class='ocr_line' id='line_1_100' title="bbox 774 5573 1161 5643; baseline 0 -18"><span class='ocrx_word' id='word_1_633' title='bbox 774 5573 860 5643; x_wconf 74' lang='grc' dir='ltr'>ιο)</span> <span class='ocrx_word' id='word_1_634' title='bbox 900 5573 1161 5627; x_wconf 78' lang='lat' dir='ltr'><strong>Pittacus.</strong></span> 
     </span>
     <span class='ocr_line' id='line_1_101' title="bbox 745 5573 2209 5776; baseline -0.005 -81"><span class='ocrx_word' id='word_1_635' title='bbox 745 5573 860 5776; x_wconf 48' lang='grc' dir='ltr'><strong>ἐϋ)</strong></span> <span class='ocrx_word' id='word_1_636' title='bbox 904 5643 1125 5723; x_wconf 74' lang='lat' dir='ltr'><strong>Pythag.</strong></span> <span class='ocrx_word' id='word_1_637' title='bbox 1158 5641 1411 5719; x_wconf 79' lang='lat' dir='ltr'><strong>Carmina</strong></span> <span class='ocrx_word' id='word_1_638' title='bbox 1434 5655 1629 5703; x_wconf 84' lang='lat' dir='ltr'><strong>aurea;</strong></span> <span class='ocrx_word' id='word_1_639' title='bbox 1659 5639 1786 5692; x_wconf 83' lang='lat' dir='ltr'><strong>IIor.</strong></span> <span class='ocrx_word' id='word_1_640' title='bbox 1826 5654 1864 5692; x_wconf 94' lang='grc' dir='ltr'><strong>ιι</strong></span> <span class='ocrx_word' id='word_1_641' title='bbox 1893 5637 2037 5703; x_wconf 89' lang='lat' dir='ltr'><strong>Ser.,</strong></span> <span class='ocrx_word' id='word_1_642' title='bbox 2066 5634 2123 5690; x_wconf 90' lang='lat' dir='ltr'><strong>S.</strong></span> <span class='ocrx_word' id='word_1_643' title='bbox 2158 5634 2209 5688; x_wconf 73' lang='grc' dir='ltr'>ὅ.</span> 
     </span>
     <span class='ocr_line' id='line_1_102' title="bbox 772 5707 2209 5776; baseline -0.006 -11"><span class='ocrx_word' id='word_1_644' title='bbox 772 5711 860 5776; x_wconf 74' lang='grc'><strong>12)</strong></span> <span class='ocrx_word' id='word_1_645' title='bbox 897 5710 1161 5776; x_wconf 78' lang='lat' dir='ltr'><strong>Adagium</strong></span> <span class='ocrx_word' id='word_1_646' title='bbox 1186 5727 1250 5765; x_wconf 81' lang='lat' dir='ltr'><strong>ex</strong></span> <span class='ocrx_word' id='word_1_647' title='bbox 1274 5710 1453 5776; x_wconf 79' lang='lat' dir='ltr'><strong>Epigr.</strong></span> <span class='ocrx_word' id='word_1_648' title='bbox 1486 5710 1657 5764; x_wconf 56' lang='lat' dir='ltr'><strong>Graec.</strong></span> <span class='ocrx_word' id='word_1_649' title='bbox 1692 5710 1727 5762; x_wconf 92' lang='lat' dir='ltr'><strong>l.</strong></span> <span class='ocrx_word' id='word_1_650' title='bbox 1757 5726 1816 5776; x_wconf 90' lang='grc' dir='ltr'><strong>ιι,</strong></span> <span class='ocrx_word' id='word_1_651' title='bbox 1848 5723 1896 5763; x_wconf 90' lang='lat' dir='ltr'><strong>c.</strong></span> <span class='ocrx_word' id='word_1_652' title='bbox 1929 5710 1962 5763; x_wconf 89' lang='lat'>9</span> <span class='ocrx_word' id='word_1_653' title='bbox 1994 5726 2006 5761; x_wconf 92' lang='lat'><strong>:</strong></span> <span class='ocrx_word' id='word_1_654' title='bbox 2045 5707 2209 5759; x_wconf 78' lang='lat' dir='ltr'><strong>Exeat</strong></span> 
     </span>
    </p>
   </div>
   <div class='ocr_carea' id='block_1_99' title="bbox 772 5707 2244 5780">
    <p class='ocr_par' dir='ltr' id='par_1_99' title="bbox 772 5707 2244 5780">
     <span class='ocr_line' id='line_1_103' title="bbox 772 5707 2244 5780; baseline -0.002 -18"><span class='ocrx_word' id='word_1_655' title='bbox 772 5711 860 5777; x_wconf 74' lang='grc'><strong>12)</strong></span> <span class='ocrx_word' id='word_1_656' title='bbox 897 5707 1161 5780; x_wconf 76' lang='lat' dir='ltr'><strong>Adagium</strong></span> <span class='ocrx_word' id='word_1_657' title='bbox 1186 5727 1250 5765; x_wconf 81' lang='lat' dir='ltr'><strong>ex</strong></span> <span class='ocrx_word' id='word_1_658' title='bbox 1274 5710 1453 5779; x_wconf 81' lang='lat' dir='ltr'><strong>Epigr.</strong></span> <span class='ocrx_word' id='word_1_659' title='bbox 1486 5710 1657 5764; x_wconf 56' lang='lat' dir='ltr'><strong>Graec.</strong></span> <span class='ocrx_word' id='word_1_660' title='bbox 1692 5710 1727 5762; x_wconf 92' lang='lat' dir='ltr'><strong>l.</strong></span> <span class='ocrx_word' id='word_1_661' title='bbox 1757 5726 1816 5778; x_wconf 88' lang='grc' dir='ltr'><strong>ιι,</strong></span> <span class='ocrx_word' id='word_1_662' title='bbox 1848 5723 1896 5763; x_wconf 90' lang='lat' dir='ltr'><strong>c.</strong></span> <span class='ocrx_word' id='word_1_663' title='bbox 1929 5710 1962 5763; x_wconf 89' lang='lat'>9</span> <span class='ocrx_word' id='word_1_664' title='bbox 1994 5726 2006 5761; x_wconf 92' lang='lat'><strong>:</strong></span> <span class='ocrx_word' id='word_1_665' title='bbox 2045 5707 2244 5759; x_wconf 78' lang='lat' dir='ltr'><strong>Excute</strong></span> 
     </span>
    </p>
   </div>
   <div class='ocr_carea' id='block_1_100' title="bbox 2350 4634 3726 4709">
    <p class='ocr_par' dir='ltr' id='par_1_100' title="bbox 2350 4634 3726 4709">
     <span class='ocr_line' id='line_1_104' title="bbox 2350 4634 3726 4709; baseline -0.006 -14"><span class='ocrx_word' id='word_1_666' title='bbox 2350 4644 2525 4696; x_wconf 86' lang='grc' dir='ltr'>Ὤτων</span> <span class='ocrx_word' id='word_1_667' title='bbox 2554 4642 2647 4694; x_wconf 72' lang='grc' dir='ltr'>κα).</span> <span class='ocrx_word' id='word_1_668' title='bbox 2681 4639 2949 4709; x_wconf 83' lang='grc' dir='ltr'>γλώττης,</span> <span class='ocrx_word' id='word_1_669' title='bbox 2984 4640 3076 4692; x_wconf 71' lang='grc' dir='ltr'>καὶ</span> <span class='ocrx_word' id='word_1_670' title='bbox 3104 4639 3351 4708; x_wconf 76' lang='grc' dir='ltr'>ὄμματος</span> <span class='ocrx_word' id='word_1_671' title='bbox 3383 4637 3445 4689; x_wconf 81' lang='grc' dir='ltr'><strong>ὲκ</strong></span> <span class='ocrx_word' id='word_1_672' title='bbox 3470 4634 3726 4704; x_wconf 77' lang='grc' dir='ltr'>πολέμοιο</span> 
     </span>
    </p>
   </div>
   <div class='ocr_carea' id='block_1_101' title="bbox 2430 4727 3512 4802">
    <p class='ocr_par' dir='ltr' id='par_1_101' title="bbox 2430 4727 3512 4802">
     <span class='ocr_line' id='line_1_105' title="bbox 2430 4727 3512 4802; baseline -0.008 -13"><span class='ocrx_word' id='word_1_673' title='bbox 2430 4734 2647 4789; x_wconf 84' lang='grc' dir='ltr'>Ῥύεται</span> <span class='ocrx_word' id='word_1_674' title='bbox 2678 4734 2705 4784; x_wconf 85' lang='grc' dir='ltr'>ὁ</span> <span class='ocrx_word' id='word_1_675' title='bbox 2735 4732 2950 4802; x_wconf 86' lang='grc' dir='ltr'>σκηνῶν</span> <span class='ocrx_word' id='word_1_676' title='bbox 2974 4731 3195 4801; x_wconf 71' lang='grc' dir='ltr'>οὔρεσιν</span> <span class='ocrx_word' id='word_1_677' title='bbox 3215 4727 3512 4799; x_wconf 69' lang='grc' dir='ltr'>ἠλιϐάτοις.</span> 
     </span>
    </p>
   </div>
   <div class='ocr_carea' id='block_1_102' title="bbox 2360 4813 3909 4896">
    <p class='ocr_par' dir='ltr' id='par_1_102' title="bbox 2360 4813 3909 4896">
     <span class='ocr_line' id='line_1_106' title="bbox 2360 4813 3909 4896; baseline -0.009 -17"><span class='ocrx_word' id='word_1_678' title='bbox 2360 4826 2539 4896; x_wconf 85' lang='grc' dir='ltr'><strong>Ὀχλεῖ</strong></span> <span class='ocrx_word' id='word_1_679' title='bbox 2565 4826 2609 4878; x_wconf 88' lang='grc' dir='ltr'>δ’</span> <span class='ocrx_word' id='word_1_680' title='bbox 2639 4826 2667 4878; x_wconf 84' lang='grc' dir='ltr'><strong>ό</strong></span> <span class='ocrx_word' id='word_1_681' title='bbox 2689 4825 2917 4896; x_wconf 77' lang='grc' dir='ltr'>κραδίης</span> <span class='ocrx_word' id='word_1_682' title='bbox 2952 4824 3185 4892; x_wconf 86' lang='grc' dir='ltr'>πόλεμος</span> <span class='ocrx_word' id='word_1_683' title='bbox 3221 4821 3404 4891; x_wconf 89' lang='grc' dir='ltr'>μόνος,</span> <span class='ocrx_word' id='word_1_684' title='bbox 3432 4817 3545 4871; x_wconf 83' lang='grc' dir='ltr'>ἀλλ’</span> <span class='ocrx_word' id='word_1_685' title='bbox 3573 4817 3655 4870; x_wconf 84' lang='grc' dir='ltr'>ὅτι</span> <span class='ocrx_word' id='word_1_686' title='bbox 3705 4813 3909 4885; x_wconf 77' lang='grc' dir='ltr'>μοῦνος,</span> 
     </span>
    </p>
   </div>
   <div class='ocr_carea' id='block_1_103' title="bbox 2421 4912 3935 4986">
    <p class='ocr_par' dir='ltr' id='par_1_103' title="bbox 2421 4912 3935 4986">
     <span class='ocr_line' id='line_1_107' title="bbox 2421 4912 3935 4986; baseline -0.005 -16"><span class='ocrx_word' id='word_1_687' title='bbox 2421 4919 2495 4969; x_wconf 87' lang='grc' dir='ltr'><strong>Οὐ</strong></span> <span class='ocrx_word' id='word_1_688' title='bbox 2530 4916 2763 4986; x_wconf 85' lang='grc' dir='ltr'>χαλεπός</span> <span class='ocrx_word' id='word_1_689' title='bbox 2783 4933 2797 4947; x_wconf 88' lang='grc'><strong>·</strong></span> <span class='ocrx_word' id='word_1_690' title='bbox 2823 4916 3055 4986; x_wconf 82' lang='grc' dir='ltr'>χαλεπὸς</span> <span class='ocrx_word' id='word_1_691' title='bbox 3085 4916 3129 4967; x_wconf 89' lang='grc' dir='ltr'>δ’</span> <span class='ocrx_word' id='word_1_692' title='bbox 3160 4916 3217 4966; x_wconf 85' lang='grc' dir='ltr'><strong>ἐν</strong></span> <span class='ocrx_word' id='word_1_693' title='bbox 3252 4912 3562 4965; x_wconf 78' lang='grc' dir='ltr'>πλεόνεσσιν</span> <span class='ocrx_word' id='word_1_694' title='bbox 3600 4912 3793 4977; x_wconf 68' lang='grc' dir='ltr'>Ἄρης.</span> <span class='ocrx_word' id='word_1_695' title='bbox 3930 4914 3935 4963; x_wconf 71' lang='grc' dir='ltr'><em>ἓ</em></span> 
     </span>
    </p>
   </div>
   <div class='ocr_carea' id='block_1_104' title="bbox 2419 5016 3844 5096">
    <p class='ocr_par' dir='ltr' id='par_1_104' title="bbox 2419 5016 3844 5096">
     <span class='ocr_line' id='line_1_108' title="bbox 2419 5016 3844 5096; baseline -0.012 -12"><span class='ocrx_word' id='word_1_696' title='bbox 2419 5030 2544 5084; x_wconf 83' lang='grc' dir='ltr'><strong>ΛΘ’.</strong></span> <span class='ocrx_word' id='word_1_697' title='bbox 2578 5030 2705 5081; x_wconf 87' lang='grc' dir='ltr'>Ὅτι</span> <span class='ocrx_word' id='word_1_698' title='bbox 2735 5031 2789 5081; x_wconf 80' lang='grc' dir='ltr'>οἱ</span> <span class='ocrx_word' id='word_1_699' title='bbox 2812 5026 2961 5096; x_wconf 82' lang='grc' dir='ltr'>μετὰ</span> <span class='ocrx_word' id='word_1_700' title='bbox 2988 5024 3328 5093; x_wconf 82' lang='grc' dir='ltr'>παρῤησίας</span> <span class='ocrx_word' id='word_1_701' title='bbox 3349 5022 3517 5090; x_wconf 76' lang='grc' dir='ltr'>λόγοι</span> <span class='ocrx_word' id='word_1_702' title='bbox 3546 5016 3844 5071; x_wconf 74' lang='grc' dir='ltr'>ἀθάνατοι.</span> 
     </span>
    </p>
   </div>
   <div class='ocr_carea' id='block_1_105' title="bbox 2353 5191 3910 5272">
    <p class='ocr_par' dir='ltr' id='par_1_105' title="bbox 2353 5191 3910 5272">
     <span class='ocr_line' id='line_1_109' title="bbox 2353 5191 3910 5272; baseline -0.01 -14"><span class='ocrx_word' id='word_1_703' title='bbox 2353 5201 2555 5272; x_wconf 84' lang='grc' dir='ltr'>Ἀνδρα</span> <span class='ocrx_word' id='word_1_704' title='bbox 2571 5202 2803 5269; x_wconf 77' lang='grc' dir='ltr'>κατέσχε</span> <span class='ocrx_word' id='word_1_705' title='bbox 2822 5200 3086 5270; x_wconf 81' lang='grc' dir='ltr'>τύραννος</span> <span class='ocrx_word' id='word_1_706' title='bbox 3099 5198 3385 5267; x_wconf 81' lang='grc' dir='ltr'>ὀριτρόφον</span> <span class='ocrx_word' id='word_1_707' title='bbox 3409 5215 3420 5225; x_wconf 90' lang='grc'>·</span> <span class='ocrx_word' id='word_1_708' title='bbox 3446 5196 3520 5258; x_wconf 85' lang='grc' dir='ltr'>ὡς</span> <span class='ocrx_word' id='word_1_709' title='bbox 3539 5195 3583 5246; x_wconf 81' lang='grc' dir='ltr'>δ’</span> <span class='ocrx_word' id='word_1_710' title='bbox 3600 5196 3691 5247; x_wconf 68' lang='grc' dir='ltr'><strong>ἐπὶ</strong></span> <span class='ocrx_word' id='word_1_711' title='bbox 3711 5194 3772 5245; x_wconf 66' lang='grc' dir='ltr'>τὸ</span> <span class='ocrx_word' id='word_1_712' title='bbox 3790 5191 3910 5260; x_wconf 64' lang='grc' dir='ltr'>σφὸν</span> 
     </span>
    </p>
   </div>
   <div class='ocr_carea' id='block_1_106' title="bbox 2421 5284 3875 5361">
    <p class='ocr_par' dir='ltr' id='par_1_106' title="bbox 2421 5284 3875 5361">
     <span class='ocr_line' id='line_1_110' title="bbox 2421 5284 3875 5361; baseline -0.007 -16"><span class='ocrx_word' id='word_1_713' title='bbox 2421 5295 2607 5361; x_wconf 88' lang='grc' dir='ltr'>Δόγμα</span> <span class='ocrx_word' id='word_1_714' title='bbox 2641 5292 2741 5360; x_wconf 85' lang='grc' dir='ltr'>μὲν</span> <span class='ocrx_word' id='word_1_715' title='bbox 2770 5293 2867 5361; x_wconf 80' lang='grc' dir='ltr'><strong>οὐχ</strong></span> <span class='ocrx_word' id='word_1_716' title='bbox 2894 5292 3016 5360; x_wconf 72' lang='grc' dir='ltr'>ᾕρει</span> <span class='ocrx_word' id='word_1_717' title='bbox 3037 5328 3052 5350; x_wconf 86' lang='grc'><strong>,</strong></span> <span class='ocrx_word' id='word_1_718' title='bbox 3098 5288 3227 5341; x_wconf 76' lang='grc' dir='ltr'>οὔτι</span> <span class='ocrx_word' id='word_1_719' title='bbox 3255 5289 3517 5351; x_wconf 75' lang='grc' dir='ltr'>δέδοικας,</span> <span class='ocrx_word' id='word_1_720' title='bbox 3547 5285 3672 5354; x_wconf 68' lang='grc' dir='ltr'>ἔφη,</span> <span class='ocrx_word' id='word_1_721' title='bbox 3747 5284 3875 5355; x_wconf 85' lang='grc' dir='ltr'>[θοις</span> 
     </span>
    </p>
   </div>
   <div class='ocr_carea' id='block_1_107' title="bbox 2349 5376 3909 5457">
    <p class='ocr_par' dir='ltr' id='par_1_107' title="bbox 2349 5376 3909 5457">
     <span class='ocr_line' id='line_1_111' title="bbox 2349 5376 3909 5457; baseline -0.008 -17"><span class='ocrx_word' id='word_1_722' title='bbox 2349 5388 2439 5457; x_wconf 87' lang='grc' dir='ltr'><strong>Μή</strong></span> <span class='ocrx_word' id='word_1_723' title='bbox 2458 5387 2503 5438; x_wconf 77' lang='grc' dir='ltr'>σ⁹</span> <span class='ocrx_word' id='word_1_724' title='bbox 2522 5386 2725 5444; x_wconf 59' lang='lat' dir='ltr'><strong>(Asiam:</strong></span> <span class='ocrx_word' id='word_1_725' title='bbox 2752 5416 2820 5425; x_wconf 92' lang='lat'><strong>—-</strong></span> <span class='ocrx_word' id='word_1_726' title='bbox 2844 5386 2916 5437; x_wconf 78' lang='grc' dir='ltr'><strong>Σὺ</strong></span> <span class='ocrx_word' id='word_1_727' title='bbox 2943 5384 3008 5448; x_wconf 81' lang='grc' dir='ltr'>δ’,</span> <span class='ocrx_word' id='word_1_728' title='bbox 3030 5383 3155 5453; x_wconf 80' lang='grc' dir='ltr'>ἔφη,</span> <span class='ocrx_word' id='word_1_729' title='bbox 3187 5382 3285 5435; x_wconf 77' lang='grc' dir='ltr'><strong>οὐκ</strong></span> <span class='ocrx_word' id='word_1_730' title='bbox 3306 5379 3552 5451; x_wconf 74' lang='grc' dir='ltr'>αἰσχύνῃ,</span> <span class='ocrx_word' id='word_1_731' title='bbox 3580 5379 3692 5431; x_wconf 81' lang='grc' dir='ltr'>ὅττι</span> <span class='ocrx_word' id='word_1_732' title='bbox 3726 5396 3792 5447; x_wconf 85' lang='grc' dir='ltr'><strong>με</strong></span> <span class='ocrx_word' id='word_1_733' title='bbox 3817 5376 3909 5447; x_wconf 77' lang='grc' dir='ltr'><strong>μύ-</strong></span> 
     </span>
    </p>
   </div>
   <div class='ocr_carea' id='block_1_108' title="bbox 2355 5565 2815 5632">
    <p class='ocr_par' dir='ltr' id='par_1_108' title="bbox 2355 5565 2815 5632">
     <span class='ocr_line' id='line_1_112' title="bbox 2355 5565 2815 5632; baseline -0.002 -16"><span class='ocrx_word' id='word_1_734' title='bbox 2355 5580 2601 5632; x_wconf 88' lang='lat' dir='ltr'><strong>quercum</strong></span> <span class='ocrx_word' id='word_1_735' title='bbox 2628 5565 2815 5617; x_wconf 87' lang='lat' dir='ltr'><strong>aliam.</strong></span> 
     </span>
    </p>
   </div>
   <div class='ocr_carea' id='block_1_109' title="bbox 2372 5626 3908 5702">
    <p class='ocr_par' dir='ltr' id='par_1_109' title="bbox 2372 5626 3908 5702">
     <span class='ocr_line' id='line_1_113' title="bbox 2372 5626 3908 5702; baseline -0.007 -15"><span class='ocrx_word' id='word_1_736' title='bbox 2372 5626 2387 5702; x_wconf 44' lang='grc' dir='ltr'>ξ</span> <span class='ocrx_word' id='word_1_737' title='bbox 2426 5635 2538 5702; x_wconf 78' lang='lat' dir='ltr'><strong>(l5)</strong></span> <span class='ocrx_word' id='word_1_738' title='bbox 2578 5632 2824 5688; x_wconf 86' lang='lat' dir='ltr'><strong>Cassiod.</strong></span> <span class='ocrx_word' id='word_1_739' title='bbox 2862 5634 2897 5687; x_wconf 92' lang='lat' dir='ltr'><strong>l.</strong></span> <span class='ocrx_word' id='word_1_740' title='bbox 2950 5648 3045 5686; x_wconf 79' lang='lat' dir='ltr'><strong>vm</strong></span> <span class='ocrx_word' id='word_1_741' title='bbox 3089 5630 3235 5691; x_wconf 87' lang='lat' dir='ltr'><strong>Var.,</strong></span> <span class='ocrx_word' id='word_1_742' title='bbox 3270 5628 3374 5683; x_wconf 84' lang='grc' dir='ltr'><strong>1οτ</strong></span> <span class='ocrx_word' id='word_1_743' title='bbox 3405 5626 3525 5702; x_wconf 82' lang='lat' dir='ltr'><strong>Non</strong></span> <span class='ocrx_word' id='word_1_744' title='bbox 3553 5642 3753 5697; x_wconf 83' lang='lat' dir='ltr'><strong>semper</strong></span> <span class='ocrx_word' id='word_1_745' title='bbox 3780 5633 3908 5680; x_wconf 76' lang='lat' dir='ltr'><strong>tutus</strong></span> 
     </span>
    </p>
   </div>
   <div class='ocr_carea' id='block_1_110' title="bbox 2355 5700 3498 5771">
    <p class='ocr_par' dir='ltr' id='par_1_110' title="bbox 2355 5700 3498 5771">
     <span class='ocr_line' id='line_1_114' title="bbox 2355 5700 3498 5771; baseline 0 -15"><span class='ocrx_word' id='word_1_746' title='bbox 2355 5700 2453 5771; x_wconf 79' lang='lat' dir='ltr'><strong>fuit</strong></span> <span class='ocrx_word' id='word_1_747' title='bbox 2474 5700 2561 5771; x_wconf 85' lang='lat' dir='ltr'><strong>qui</strong></span> <span class='ocrx_word' id='word_1_748' title='bbox 2595 5720 2708 5758; x_wconf 81' lang='lat' dir='ltr'><strong>cum</strong></span> <span class='ocrx_word' id='word_1_749' title='bbox 2740 5719 3012 5757; x_wconf 84' lang='lat' dir='ltr'><strong>nmneroso</strong></span> <span class='ocrx_word' id='word_1_750' title='bbox 3043 5704 3188 5755; x_wconf 80' lang='lat' dir='ltr'><strong>hoste</strong></span> <span class='ocrx_word' id='word_1_751' title='bbox 3217 5700 3498 5756; x_wconf 80' lang='lat' dir='ltr'><strong>contendit.</strong></span> 
     </span>
    </p>
   </div>
  </div>
