  <div class='ocr_page' id='page_1' title='image "/cluster/home/n/w/nwhite01/storage/ocr_20150623/106/coo.31924054870104/448.png"; bbox 0 0 4164 6426; ppageno 0'>
   <div class='ocr_carea' id='block_1_1' title="bbox 375 331 3634 400">
    <p class='ocr_par' dir='ltr' id='par_1_1' title="bbox 375 331 3634 400">
     <span class='ocr_line' id='line_1_1' title="bbox 375 331 3634 400; baseline 0.001 -5"><span class='ocrx_word' id='word_1_1' title='bbox 375 331 484 397; x_wconf 76' lang='lat'><strong>877</strong></span> <span class='ocrx_word' id='word_1_2' title='bbox 1795 331 2250 394; x_wconf 72' lang='lat' dir='ltr'><strong>PARADISUS.</strong></span> <span class='ocrx_word' id='word_1_3' title='bbox 3526 333 3634 400; x_wconf 73' lang='lat'><strong>878</strong></span> 
     </span>
    </p>
   </div>
   <div class='ocr_carea' id='block_1_2' title="bbox 450 436 2094 514">
    <p class='ocr_par' dir='ltr' id='par_1_2' title="bbox 450 436 2030 508">
     <span class='ocr_line' id='line_1_2' title="bbox 450 436 2030 508; baseline -0.006 -14"><span class='ocrx_word' id='word_1_4' title='bbox 450 442 526 494; x_wconf 80' lang='grc' dir='ltr'><strong>Οὐ</strong></span> <span class='ocrx_word' id='word_1_5' title='bbox 559 439 745 503; x_wconf 74' lang='grc' dir='ltr'>νικῶν,</span> <span class='ocrx_word' id='word_1_6' title='bbox 783 438 1016 506; x_wconf 75' lang='grc' dir='ltr'><strong>φάσκεις</strong></span> <span class='ocrx_word' id='word_1_7' title='bbox 1047 437 1306 508; x_wconf 76' lang='grc' dir='ltr'><strong>σκορπίου</strong></span> <span class='ocrx_word' id='word_1_8' title='bbox 1332 436 1470 506; x_wconf 72' lang='grc' dir='ltr'>ἔργα</span> <span class='ocrx_word' id='word_1_9' title='bbox 1501 436 1674 488; x_wconf 84' lang='grc' dir='ltr'>τελεῖν</span> <span class='ocrx_word' id='word_1_10' title='bbox 1701 454 1712 501; x_wconf 91' lang='grc'>;</span> <span class='ocrx_word' id='word_1_11' title='bbox 1987 445 2030 500; x_wconf 65' lang='grc' dir='ltr'>Α</span> 
     </span>
    </p>
   </div>
   <div class='ocr_carea' id='block_1_3' title="bbox 1803 436 3447 514">
    <p class='ocr_par' dir='ltr' id='par_1_3' title="bbox 1987 438 3447 514">
     <span class='ocr_line' id='line_1_3' title="bbox 1987 438 3447 514; baseline 0.006 -25"><span class='ocrx_word' id='word_1_12' title='bbox 1987 445 2030 500; x_wconf 69' lang='grc' dir='ltr'><strong>Α</strong></span> <span class='ocrx_word' id='word_1_13' title='bbox 2135 438 2217 493; x_wconf 81' lang='lat' dir='ltr'><strong>Me</strong></span> <span class='ocrx_word' id='word_1_14' title='bbox 2247 453 2378 493; x_wconf 85' lang='lat' dir='ltr'><strong>voce</strong></span> <span class='ocrx_word' id='word_1_15' title='bbox 2407 439 2665 496; x_wconf 85' lang='lat' dir='ltr'><strong>invictum</strong></span> <span class='ocrx_word' id='word_1_16' title='bbox 2695 440 2913 497; x_wconf 76' lang='lat' dir='ltr'><strong>vincere</strong></span> <span class='ocrx_word' id='word_1_17' title='bbox 2939 455 3088 494; x_wconf 85' lang='lat' dir='ltr'><strong>more</strong></span> <span class='ocrx_word' id='word_1_18' title='bbox 3117 441 3278 511; x_wconf 79' lang='lat' dir='ltr'><strong>Nepae</strong></span> <span class='ocrx_word' id='word_1_19' title='bbox 3307 443 3447 514; x_wconf 72' lang='lat' dir='ltr'><strong>(l-i)?</strong></span> 
     </span>
    </p>
   </div>
   <div class='ocr_carea' id='block_1_4' title="bbox 685 545 2329 624">
    <p class='ocr_par' dir='ltr' id='par_1_4' title="bbox 685 545 2329 615">
     <span class='ocr_line' id='line_1_4' title="bbox 685 545 2329 615; baseline 0.001 -13"><span class='ocrx_word' id='word_1_20' title='bbox 685 548 776 602; x_wconf 89' lang='lat' dir='ltr'><strong>M’.</strong></span> <span class='ocrx_word' id='word_1_21' title='bbox 808 545 906 614; x_wconf 82' lang='grc' dir='ltr'><strong>Μὴ</strong></span> <span class='ocrx_word' id='word_1_22' title='bbox 939 546 1096 615; x_wconf 76' lang='grc' dir='ltr'>μέγα</span> <span class='ocrx_word' id='word_1_23' title='bbox 1124 545 1370 614; x_wconf 70' lang='grc' dir='ltr'>φρονεῖν</span> <span class='ocrx_word' id='word_1_24' title='bbox 1401 546 1470 599; x_wconf 75' lang='grc' dir='ltr'><strong>ἕν</strong></span> <span class='ocrx_word' id='word_1_25' title='bbox 1510 549 1646 598; x_wconf 66' lang='grc' dir='ltr'>τινι.</span> <span class='ocrx_word' id='word_1_26' title='bbox 2219 548 2329 604; x_wconf 93' lang='lat' dir='ltr'><strong>XL.</strong></span> 
     </span>
    </p>
   </div>
   <div class='ocr_carea' id='block_1_5' title="bbox 1826 545 3470 624">
    <p class='ocr_par' dir='ltr' id='par_1_5' title="bbox 2219 548 3470 624">
     <span class='ocr_line' id='line_1_5' title="bbox 2219 548 3470 624; baseline 0.006 -23"><span class='ocrx_word' id='word_1_27' title='bbox 2219 548 2331 604; x_wconf 94' lang='lat' dir='ltr'><strong>XL.</strong></span> <span class='ocrx_word' id='word_1_28' title='bbox 2386 549 2540 615; x_wconf 86' lang='lat' dir='ltr'><strong>Quod</strong></span> <span class='ocrx_word' id='word_1_29' title='bbox 2571 552 2718 605; x_wconf 82' lang='lat' dir='ltr'><strong>nulla</strong></span> <span class='ocrx_word' id='word_1_30' title='bbox 2745 552 2802 606; x_wconf 78' lang='lat' dir='ltr'><strong>in</strong></span> <span class='ocrx_word' id='word_1_31' title='bbox 2827 569 2882 607; x_wconf 80' lang='lat' dir='ltr'><strong>re</strong></span> <span class='ocrx_word' id='word_1_32' title='bbox 2915 569 2969 607; x_wconf 84' lang='lat' dir='ltr'><strong>se</strong></span> <span class='ocrx_word' id='word_1_33' title='bbox 3000 553 3187 622; x_wconf 72' lang='lat' dir='ltr'><strong>eﬁ‘erre</strong></span> <span class='ocrx_word' id='word_1_34' title='bbox 3215 557 3470 624; x_wconf 74' lang='lat' dir='ltr'><strong>oporteat.</strong></span> 
     </span>
    </p>
   </div>
   <div class='ocr_carea' id='block_1_6' title="bbox 377 651 2021 734">
    <p class='ocr_par' dir='ltr' id='par_1_6' title="bbox 377 651 1885 723">
     <span class='ocr_line' id='line_1_6' title="bbox 377 651 1885 723; baseline -0.001 -16"><span class='ocrx_word' id='word_1_35' title='bbox 377 652 504 708; x_wconf 67' lang='grc' dir='ltr'>Εἴτε</span> <span class='ocrx_word' id='word_1_36' title='bbox 541 652 664 723; x_wconf 78' lang='grc' dir='ltr'>μέγ’</span> <span class='ocrx_word' id='word_1_37' title='bbox 695 651 951 719; x_wconf 80' lang='grc' dir='ltr'>ὲξείποις,</span> <span class='ocrx_word' id='word_1_38' title='bbox 981 653 1173 722; x_wconf 79' lang='grc' dir='ltr'>ἑτέρου</span> <span class='ocrx_word' id='word_1_39' title='bbox 1206 652 1358 723; x_wconf 83' lang='grc' dir='ltr'>πάρα</span> <span class='ocrx_word' id='word_1_40' title='bbox 1384 653 1569 722; x_wconf 74' lang='grc' dir='ltr'>μεῖξον</span> <span class='ocrx_word' id='word_1_41' title='bbox 1596 651 1850 715; x_wconf 83' lang='grc' dir='ltr'>ἀκούσεις</span> <span class='ocrx_word' id='word_1_42' title='bbox 1870 667 1885 684; x_wconf 99' lang='grc'><strong>⁸</strong></span> 
     </span>
    </p>
   </div>
   <div class='ocr_carea' id='block_1_7' title="bbox 1741 651 3385 734">
    <p class='ocr_par' dir='ltr' id='par_1_7' title="bbox 1741 659 3385 734">
     <span class='ocr_line' id='line_1_7' title="bbox 1741 659 3385 734; baseline 0.006 -25"><span class='ocrx_word' id='word_1_43' title='bbox 1741 669 1850 715; x_wconf 83' lang='grc' dir='ltr'>σεις</span> <span class='ocrx_word' id='word_1_44' title='bbox 1870 667 1885 684; x_wconf 92' lang='grc'><strong>⁸</strong></span> <span class='ocrx_word' id='word_1_45' title='bbox 2063 661 2118 715; x_wconf 90' lang='lat' dir='ltr'><strong>Si</strong></span> <span class='ocrx_word' id='word_1_46' title='bbox 2149 660 2280 731; x_wconf 81' lang='lat' dir='ltr'><strong>quid</strong></span> <span class='ocrx_word' id='word_1_47' title='bbox 2312 663 2608 730; x_wconf 76' lang='lat' dir='ltr'><strong>protuleris</strong></span> <span class='ocrx_word' id='word_1_48' title='bbox 2633 662 2954 730; x_wconf 74' lang='lat' dir='ltr'><strong>iactantius.</strong></span> <span class='ocrx_word' id='word_1_49' title='bbox 2982 659 3220 734; x_wconf 79' lang='lat' dir='ltr'><strong>amplius</strong></span> <span class='ocrx_word' id='word_1_50' title='bbox 3247 665 3385 720; x_wconf 83' lang='lat' dir='ltr'><strong>alter</strong></span> 
     </span>
    </p>
   </div>
   <div class='ocr_carea' id='block_1_8' title="bbox 449 745 2093 826">
    <p class='ocr_par' dir='ltr' id='par_1_8' title="bbox 449 745 1610 818">
     <span class='ocr_line' id='line_1_8' title="bbox 449 745 1610 818; baseline -0.001 -18"><span class='ocrx_word' id='word_1_51' title='bbox 449 747 561 800; x_wconf 76' lang='grc' dir='ltr'><strong>Καὶ</strong></span> <span class='ocrx_word' id='word_1_52' title='bbox 585 747 694 818; x_wconf 85' lang='grc' dir='ltr'><strong>γὰρ</strong></span> <span class='ocrx_word' id='word_1_53' title='bbox 726 746 832 814; x_wconf 72' lang='grc' dir='ltr'><strong>ἔφη</strong></span> <span class='ocrx_word' id='word_1_54' title='bbox 856 746 1073 816; x_wconf 81' lang='grc' dir='ltr'>Ζήνων⁸</span> <span class='ocrx_word' id='word_1_55' title='bbox 1110 745 1322 800; x_wconf 81' lang='grc' dir='ltr'>Οῦποτέ</span> <span class='ocrx_word' id='word_1_56' title='bbox 1351 747 1406 816; x_wconf 87' lang='grc' dir='ltr'>μ’</span> <span class='ocrx_word' id='word_1_57' title='bbox 1431 745 1610 816; x_wconf 78' lang='grc' dir='ltr'>ἠέλιος</span> 
     </span>
    </p>
   </div>
   <div class='ocr_carea' id='block_1_9' title="bbox 1859 745 3503 826">
    <p class='ocr_par' dir='ltr' id='par_1_9' title="bbox 2132 751 3503 826">
     <span class='ocr_line' id='line_1_9' title="bbox 2132 751 3503 826; baseline 0.004 -18"><span class='ocrx_word' id='word_1_58' title='bbox 2132 751 2204 808; x_wconf 90' lang='lat' dir='ltr'><strong>Se</strong></span> <span class='ocrx_word' id='word_1_59' title='bbox 2228 751 2435 815; x_wconf 77' lang='lat' dir='ltr'><strong>eITcret.</strong></span> <span class='ocrx_word' id='word_1_60' title='bbox 2470 753 2780 824; x_wconf 81' lang='lat' dir='ltr'><strong>exemplum</strong></span> <span class='ocrx_word' id='word_1_61' title='bbox 2814 753 2964 810; x_wconf 76' lang='lat' dir='ltr'><strong>Zeno</strong></span> <span class='ocrx_word' id='word_1_62' title='bbox 2991 755 3252 826; x_wconf 86' lang='lat' dir='ltr'><strong>Theoque</strong></span> <span class='ocrx_word' id='word_1_63' title='bbox 3274 754 3503 813; x_wconf 79' lang='lat' dir='ltr'><strong>dabunt.</strong></span> 
     </span>
    </p>
   </div>
   <div class='ocr_carea' id='block_1_10' title="bbox 372 835 2016 910">
    <p class='ocr_par' dir='ltr' id='par_1_10' title="bbox 372 835 1893 908">
     <span class='ocr_line' id='line_1_10' title="bbox 372 835 1893 908; baseline -0.001 -18"><span class='ocrx_word' id='word_1_64' title='bbox 372 837 734 902; x_wconf 80' lang='grc' dir='ltr'>Δειπνίζοντα</span> <span class='ocrx_word' id='word_1_65' title='bbox 763 837 1008 908; x_wconf 82' lang='grc' dir='ltr'>δέδορκε.</span> <span class='ocrx_word' id='word_1_66' title='bbox 1042 837 1194 891; x_wconf 78' lang='grc' dir='ltr'>Θέων</span> <span class='ocrx_word' id='word_1_67' title='bbox 1223 838 1541 908; x_wconf 83' lang='grc' dir='ltr'>ἅπάμειπτο</span> <span class='ocrx_word' id='word_1_68' title='bbox 1570 835 1855 908; x_wconf 84' lang='grc' dir='ltr'>παραστάς</span> <span class='ocrx_word' id='word_1_69' title='bbox 1879 849 1893 863; x_wconf 92' lang='grc'><strong>⁸</strong></span> 
     </span>
    </p>
   </div>
   <div class='ocr_carea' id='block_1_11' title="bbox 1702 835 3346 910">
    <p class='ocr_par' dir='ltr' id='par_1_11' title="bbox 1702 835 3346 910">
     <span class='ocr_line' id='line_1_11' title="bbox 1702 835 3346 910; baseline 0.009 -22"><span class='ocrx_word' id='word_1_70' title='bbox 1702 835 1855 899; x_wconf 80' lang='grc' dir='ltr'>ιστάς</span> <span class='ocrx_word' id='word_1_71' title='bbox 1879 849 1893 863; x_wconf 94' lang='grc'><strong>⁸</strong></span> <span class='ocrx_word' id='word_1_72' title='bbox 2065 842 2288 898; x_wconf 88' lang='lat' dir='ltr'><strong>Dicebat</strong></span> <span class='ocrx_word' id='word_1_73' title='bbox 2321 842 2466 898; x_wconf 85' lang='lat' dir='ltr'><strong>Zeno</strong></span> <span class='ocrx_word' id='word_1_74' title='bbox 2497 861 2509 898; x_wconf 93' lang='lat'><strong>:</strong></span> <span class='ocrx_word' id='word_1_75' title='bbox 2533 842 2628 898; x_wconf 92' lang='lat' dir='ltr'><strong>S&#39;ol</strong></span> <span class='ocrx_word' id='word_1_76' title='bbox 2655 859 2742 899; x_wconf 91' lang='lat' dir='ltr'><strong>me</strong></span> <span class='ocrx_word' id='word_1_77' title='bbox 2765 859 2874 900; x_wconf 91' lang='lat' dir='ltr'><strong>non</strong></span> <span class='ocrx_word' id='word_1_78' title='bbox 2897 841 3035 899; x_wconf 90' lang='lat' dir='ltr'><strong>vidit</strong></span> <span class='ocrx_word' id='word_1_79' title='bbox 3063 846 3346 910; x_wconf 83' lang='lat' dir='ltr'><strong>edentem;</strong></span> 
     </span>
    </p>
   </div>
   <div class='ocr_carea' id='block_1_12' title="bbox 447 927 2091 1012">
    <p class='ocr_par' dir='ltr' id='par_1_12' title="bbox 447 927 1636 1000">
     <span class='ocr_line' id='line_1_12' title="bbox 447 927 1636 1000; baseline -0.002 -18"><span class='ocrx_word' id='word_1_80' title='bbox 447 929 632 1000; x_wconf 78' lang='grc' dir='ltr'>Αὐτὰρ</span> <span class='ocrx_word' id='word_1_81' title='bbox 672 929 728 1000; x_wconf 85' lang='grc' dir='ltr'>μ’</span> <span class='ocrx_word' id='word_1_82' title='bbox 761 929 922 993; x_wconf 83' lang='grc' dir='ltr'>αὐτὸς</span> <span class='ocrx_word' id='word_1_83' title='bbox 956 927 1057 1000; x_wconf 84' lang='grc' dir='ltr'>θὴν</span> <span class='ocrx_word' id='word_1_84' title='bbox 1081 929 1206 982; x_wconf 68' lang='grc' dir='ltr'>οὐδὲ.</span> <span class='ocrx_word' id='word_1_85' title='bbox 1237 929 1636 1000; x_wconf 80' lang='grc' dir='ltr'>χολωσάμενον.</span> 
     </span>
    </p>
   </div>
   <div class='ocr_carea' id='block_1_13' title="bbox 1902 927 3546 1012">
    <p class='ocr_par' dir='ltr' id='par_1_13' title="bbox 2133 935 3546 1012">
     <span class='ocr_line' id='line_1_13' title="bbox 2133 935 3546 1012; baseline 0.004 -22"><span class='ocrx_word' id='word_1_86' title='bbox 2133 935 2376 990; x_wconf 83' lang='lat' dir='ltr'><strong>Necdum</strong></span> <span class='ocrx_word' id='word_1_87' title='bbox 2411 936 2612 990; x_wconf 84' lang='lat' dir='ltr'><strong>iratum</strong></span> <span class='ocrx_word' id='word_1_88' title='bbox 2645 937 2728 992; x_wconf 86' lang='lat' dir='ltr'><strong>sol</strong></span> <span class='ocrx_word' id='word_1_89' title='bbox 2758 951 2864 1003; x_wconf 89' lang='lat' dir='ltr'><strong>me,</strong></span> <span class='ocrx_word' id='word_1_90' title='bbox 2901 937 3074 1001; x_wconf 66' lang='lat' dir='ltr'><strong>Theo,</strong></span> <span class='ocrx_word' id='word_1_91' title='bbox 3105 939 3262 1005; x_wconf 86' lang='lat' dir='ltr'><strong>vidit,</strong></span> <span class='ocrx_word' id='word_1_92' title='bbox 3301 937 3379 996; x_wconf 80' lang='lat' dir='ltr'><strong>ait</strong></span> <span class='ocrx_word' id='word_1_93' title='bbox 3409 939 3546 1012; x_wconf 84' lang='grc'><strong>(15).</strong></span> 
     </span>
    </p>
   </div>
   <div class='ocr_carea' id='block_1_14' title="bbox 1095 1039 3316 1116">
    <p class='ocr_par' dir='ltr' id='par_1_14' title="bbox 1095 1039 3316 1116">
     <span class='ocr_line' id='line_1_14' title="bbox 1095 1039 3316 1116; baseline 0.005 -24"><span class='ocrx_word' id='word_1_94' title='bbox 1095 1039 1233 1093; x_wconf 76' lang='lat' dir='ltr'><strong>MA&#39;.</strong></span> <span class='ocrx_word' id='word_1_95' title='bbox 2369 1044 2507 1100; x_wconf 79' lang='lat' dir='ltr'><strong>XLI.</strong></span> <span class='ocrx_word' id='word_1_96' title='bbox 2568 1045 2804 1116; x_wconf 68' lang='lat' dir='ltr'><strong>Affectus</strong></span> <span class='ocrx_word' id='word_1_97' title='bbox 2845 1048 3009 1101; x_wconf 81' lang='lat' dir='ltr'><strong>animi</strong></span> <span class='ocrx_word' id='word_1_98' title='bbox 3039 1045 3316 1102; x_wconf 82' lang='lat' dir='ltr'><strong>domandi.</strong></span> 
     </span>
    </p>
   </div>
   <div class='ocr_carea' id='block_1_15' title="bbox 391 1147 2035 1225">
    <p class='ocr_par' dir='ltr' id='par_1_15' title="bbox 391 1147 1777 1222">
     <span class='ocr_line' id='line_1_15' title="bbox 391 1147 1777 1222; baseline 0.001 -21"><span class='ocrx_word' id='word_1_99' title='bbox 391 1147 674 1220; x_wconf 81' lang='grc' dir='ltr'>Ῥηῖτερον</span> <span class='ocrx_word' id='word_1_100' title='bbox 707 1147 963 1218; x_wconf 85' lang='grc' dir='ltr'>βασιλεὺς</span> <span class='ocrx_word' id='word_1_101' title='bbox 989 1148 1181 1222; x_wconf 84' lang='grc' dir='ltr'>πὲρθει</span> <span class='ocrx_word' id='word_1_102' title='bbox 1209 1149 1382 1215; x_wconf 84' lang='grc' dir='ltr'>πόλιν,</span> <span class='ocrx_word' id='word_1_103' title='bbox 1411 1151 1463 1202; x_wconf 84' lang='grc' dir='ltr'><strong>εί</strong></span> <span class='ocrx_word' id='word_1_104' title='bbox 1497 1149 1777 1218; x_wconf 75' lang='grc' dir='ltr'><strong>δεδύνηται</strong></span> 
     </span>
    </p>
   </div>
   <div class='ocr_carea' id='block_1_16' title="bbox 1709 1147 3353 1225">
    <p class='ocr_par' dir='ltr' id='par_1_16' title="bbox 1709 1151 3353 1225">
     <span class='ocr_line' id='line_1_16' title="bbox 1709 1151 3353 1225; baseline 0.006 -24"><span class='ocrx_word' id='word_1_105' title='bbox 1709 1167 1777 1202; x_wconf 71' lang='grc' dir='ltr'>παι</span> <span class='ocrx_word' id='word_1_106' title='bbox 2061 1152 2350 1223; x_wconf 76' lang='lat' dir='ltr'><strong>Expugnat</strong></span> <span class='ocrx_word' id='word_1_107' title='bbox 2381 1153 2546 1208; x_wconf 82' lang='lat' dir='ltr'><strong>citius</strong></span> <span class='ocrx_word' id='word_1_108' title='bbox 2579 1167 2672 1209; x_wconf 85' lang='lat' dir='ltr'><strong>rex</strong></span> <span class='ocrx_word' id='word_1_109' title='bbox 2701 1151 2921 1224; x_wconf 88' lang='lat' dir='ltr'><strong>oppida,</strong></span> <span class='ocrx_word' id='word_1_110' title='bbox 2951 1155 3000 1210; x_wconf 89' lang='lat' dir='ltr'><strong>si</strong></span> <span class='ocrx_word' id='word_1_111' title='bbox 3031 1161 3200 1225; x_wconf 78' lang='lat' dir='ltr'><strong>queat</strong></span> <span class='ocrx_word' id='word_1_112' title='bbox 3223 1156 3353 1212; x_wconf 87' lang='lat' dir='ltr'><strong>inde</strong></span> 
     </span>
    </p>
   </div>
   <div class='ocr_carea' id='block_1_17' title="bbox 447 1242 2091 1317">
    <p class='ocr_par' dir='ltr' id='par_1_17' title="bbox 447 1242 1677 1315">
     <span class='ocr_line' id='line_1_17' title="bbox 447 1242 1677 1315; baseline 0.002 -19"><span class='ocrx_word' id='word_1_113' title='bbox 447 1243 532 1296; x_wconf 77' lang='grc' dir='ltr'><strong>Τὰ</strong></span> <span class='ocrx_word' id='word_1_114' title='bbox 556 1243 851 1314; x_wconf 83' lang='grc' dir='ltr'><strong>προσιόντα</strong></span> <span class='ocrx_word' id='word_1_115' title='bbox 883 1259 944 1296; x_wconf 90' lang='grc' dir='ltr'><strong>τε</strong></span> <span class='ocrx_word' id='word_1_116' title='bbox 953 1245 1074 1313; x_wconf 83' lang='grc' dir='ltr'><strong>μεῖν</strong></span> <span class='ocrx_word' id='word_1_117' title='bbox 1107 1243 1293 1298; x_wconf 75' lang='grc' dir='ltr'>εἴδατα</span> <span class='ocrx_word' id='word_1_118' title='bbox 1316 1243 1413 1296; x_wconf 73' lang='grc' dir='ltr'>καὶ</span> <span class='ocrx_word' id='word_1_119' title='bbox 1430 1243 1492 1296; x_wconf 85' lang='grc' dir='ltr'>τὸ</span> <span class='ocrx_word' id='word_1_120' title='bbox 1513 1242 1677 1315; x_wconf 82' lang='grc' dir='ltr'>ὕδωρ.</span> 
     </span>
    </p>
   </div>
   <div class='ocr_carea' id='block_1_18' title="bbox 1812 1242 3456 1317">
    <p class='ocr_par' dir='ltr' id='par_1_18' title="bbox 2131 1242 3456 1317">
     <span class='ocr_line' id='line_1_18' title="bbox 2131 1242 3456 1317; baseline 0.005 -20"><span class='ocrx_word' id='word_1_121' title='bbox 2131 1242 2396 1299; x_wconf 85' lang='lat' dir='ltr'><strong>Esearum</strong></span> <span class='ocrx_word' id='word_1_122' title='bbox 2429 1251 2594 1299; x_wconf 87' lang='lat' dir='ltr'><strong>&#39;omne</strong></span> <span class='ocrx_word' id='word_1_123' title='bbox 2629 1259 2804 1315; x_wconf 80' lang='lat' dir='ltr'><strong>genus</strong></span> <span class='ocrx_word' id='word_1_124' title='bbox 2837 1247 3174 1317; x_wconf 71' lang='lat' dir='ltr'><strong>[luminaque</strong></span> <span class='ocrx_word' id='word_1_125' title='bbox 3205 1251 3456 1304; x_wconf 79' lang='lat' dir='ltr'><strong>avehere.</strong></span> 
     </span>
    </p>
   </div>
   <div class='ocr_carea' id='block_1_19' title="bbox 372 1331 2016 1407">
    <p class='ocr_par' dir='ltr' id='par_1_19' title="bbox 372 1331 1846 1404">
     <span class='ocr_line' id='line_1_19' title="bbox 372 1331 1846 1404; baseline 0.003 -18"><span class='ocrx_word' id='word_1_126' title='bbox 372 1333 536 1387; x_wconf 74' lang='grc' dir='ltr'>Οὕτω</span> <span class='ocrx_word' id='word_1_127' title='bbox 564 1335 659 1388; x_wconf 81' lang='grc' dir='ltr'>καὶ</span> <span class='ocrx_word' id='word_1_128' title='bbox 690 1332 756 1386; x_wconf 87' lang='grc' dir='ltr'>σύ</span> <span class='ocrx_word' id='word_1_129' title='bbox 781 1335 854 1400; x_wconf 88' lang='grc' dir='ltr'><strong>γ’,</strong></span> <span class='ocrx_word' id='word_1_130' title='bbox 876 1333 1046 1404; x_wconf 76' lang='grc' dir='ltr'>ἔφησε</span> <span class='ocrx_word' id='word_1_131' title='bbox 1080 1333 1252 1404; x_wconf 84' lang='grc' dir='ltr'>Πίωρ,</span> <span class='ocrx_word' id='word_1_132' title='bbox 1283 1331 1442 1387; x_wconf 83' lang='grc' dir='ltr'>πάθε’</span> <span class='ocrx_word' id='word_1_133' title='bbox 1464 1332 1846 1398; x_wconf 77' lang='grc' dir='ltr'>ὲξαλαπάξεις.</span> 
     </span>
    </p>
   </div>
   <div class='ocr_carea' id='block_1_20' title="bbox 1737 1331 3381 1407">
    <p class='ocr_par' dir='ltr' id='par_1_20' title="bbox 1737 1333 3381 1407">
     <span class='ocr_line' id='line_1_20' title="bbox 1737 1333 3381 1407; baseline 0.006 -21"><span class='ocrx_word' id='word_1_134' title='bbox 1737 1333 1846 1398; x_wconf 74' lang='grc' dir='ltr'>ξεις.</span> <span class='ocrx_word' id='word_1_135' title='bbox 2061 1335 2154 1390; x_wconf 87' lang='lat' dir='ltr'><strong>Sic</strong></span> <span class='ocrx_word' id='word_1_136' title='bbox 2187 1334 2316 1390; x_wconf 83' lang='lat' dir='ltr'><strong>Pior</strong></span> <span class='ocrx_word' id='word_1_137' title='bbox 2342 1335 2568 1391; x_wconf 84' lang='lat' dir='ltr'><strong>allectus</strong></span> <span class='ocrx_word' id='word_1_138' title='bbox 2605 1338 2773 1392; x_wconf 87' lang='lat' dir='ltr'><strong>animi</strong></span> <span class='ocrx_word' id='word_1_139' title='bbox 2805 1338 3074 1393; x_wconf 82' lang='lat' dir='ltr'><strong>domitare</strong></span> <span class='ocrx_word' id='word_1_140' title='bbox 3109 1337 3381 1407; x_wconf 90' lang='lat' dir='ltr'><strong>monebat,</strong></span> 
     </span>
    </p>
   </div>
   <div class='ocr_carea' id='block_1_21' title="bbox 453 1424 2097 1505">
    <p class='ocr_par' dir='ltr' id='par_1_21' title="bbox 453 1424 1672 1497">
     <span class='ocr_line' id='line_1_21' title="bbox 453 1424 1672 1497; baseline -0.001 -17"><span class='ocrx_word' id='word_1_141' title='bbox 453 1427 613 1497; x_wconf 74' lang='grc' dir='ltr'>’Ἄχρι</span> <span class='ocrx_word' id='word_1_142' title='bbox 639 1426 695 1479; x_wconf 85' lang='grc' dir='ltr'>δὲ</span> <span class='ocrx_word' id='word_1_143' title='bbox 727 1425 900 1479; x_wconf 85' lang='grc' dir='ltr'>ταῦτα</span> <span class='ocrx_word' id='word_1_144' title='bbox 931 1425 1100 1495; x_wconf 81' lang='grc' dir='ltr'>μένει,</span> <span class='ocrx_word' id='word_1_145' title='bbox 1131 1425 1390 1480; x_wconf 84' lang='grc' dir='ltr'>δύσκολον</span> <span class='ocrx_word' id='word_1_146' title='bbox 1425 1424 1672 1496; x_wconf 78' lang='grc' dir='ltr'>ὲξερύης.</span> 
     </span>
    </p>
   </div>
   <div class='ocr_carea' id='block_1_22' title="bbox 1987 1424 3631 1505">
    <p class='ocr_par' dir='ltr' id='par_1_22' title="bbox 2134 1425 3631 1505">
     <span class='ocr_line' id='line_1_22' title="bbox 2134 1425 3631 1505; baseline 0.005 -23"><span class='ocrx_word' id='word_1_147' title='bbox 2134 1425 2314 1494; x_wconf 87' lang='lat' dir='ltr'><strong>Quod,</strong></span> <span class='ocrx_word' id='word_1_148' title='bbox 2349 1427 2397 1484; x_wconf 86' lang='lat' dir='ltr'><strong>si</strong></span> <span class='ocrx_word' id='word_1_149' title='bbox 2424 1427 2514 1482; x_wconf 86' lang='lat' dir='ltr'><strong>isti</strong></span> <span class='ocrx_word' id='word_1_150' title='bbox 2552 1436 2831 1494; x_wconf 90' lang='lat' dir='ltr'><strong>maneant,</strong></span> <span class='ocrx_word' id='word_1_151' title='bbox 2863 1443 3028 1484; x_wconf 87' lang='lat' dir='ltr'><strong>nemo</strong></span> <span class='ocrx_word' id='word_1_152' title='bbox 3059 1431 3132 1486; x_wconf 90' lang='lat' dir='ltr'><strong>sit</strong></span> <span class='ocrx_word' id='word_1_153' title='bbox 3172 1432 3466 1489; x_wconf 86' lang='lat' dir='ltr'><strong>incolumis</strong></span> <span class='ocrx_word' id='word_1_154' title='bbox 3499 1434 3631 1505; x_wconf 89' lang='lat' dir='ltr'><strong>(l6).</strong></span> 
     </span>
    </p>
   </div>
   <div class='ocr_carea' id='block_1_23' title="bbox 646 1531 2290 1605">
    <p class='ocr_par' dir='ltr' id='par_1_23' title="bbox 646 1535 1708 1605">
     <span class='ocr_line' id='line_1_23' title="bbox 646 1535 1708 1605; baseline 0.001 -14"><span class='ocrx_word' id='word_1_155' title='bbox 646 1537 779 1592; x_wconf 86' lang='lat' dir='ltr'><strong>MB’.</strong></span> <span class='ocrx_word' id='word_1_156' title='bbox 807 1537 938 1590; x_wconf 77' lang='lat' dir='ltr'><strong>&quot;Ott</strong></span> <span class='ocrx_word' id='word_1_157' title='bbox 962 1536 1031 1590; x_wconf 83' lang='grc' dir='ltr'>τὸ</span> <span class='ocrx_word' id='word_1_158' title='bbox 1059 1535 1206 1590; x_wconf 87' lang='grc' dir='ltr'>νέον</span> <span class='ocrx_word' id='word_1_159' title='bbox 1238 1536 1708 1605; x_wconf 77' lang='grc' dir='ltr'>εὐεξαπάτητον.</span> 
     </span>
    </p>
   </div>
   <div class='ocr_carea' id='block_1_24' title="bbox 1741 1531 3385 1605">
    <p class='ocr_par' dir='ltr' id='par_1_24' title="bbox 2307 1531 3385 1604">
     <span class='ocr_line' id='line_1_24' title="bbox 2307 1531 3385 1604; baseline 0.004 -17"><span class='ocrx_word' id='word_1_160' title='bbox 2307 1531 2470 1588; x_wconf 81' lang='lat' dir='ltr'><strong>XLII.</strong></span> <span class='ocrx_word' id='word_1_161' title='bbox 2530 1532 2757 1589; x_wconf 71' lang='lat' dir='ltr'><strong>Iuvenes</strong></span> <span class='ocrx_word' id='word_1_162' title='bbox 2789 1535 3004 1604; x_wconf 79' lang='lat' dir='ltr'><strong>decepta</strong></span> <span class='ocrx_word' id='word_1_163' title='bbox 3036 1535 3219 1604; x_wconf 80' lang='lat' dir='ltr'><strong>faciles</strong></span> <span class='ocrx_word' id='word_1_164' title='bbox 3251 1551 3385 1591; x_wconf 76' lang='lat' dir='ltr'><strong>esse.</strong></span> 
     </span>
    </p>
   </div>
   <div class='ocr_carea' id='block_1_25' title="bbox 389 1629 2033 1720">
    <p class='ocr_par' dir='ltr' id='par_1_25' title="bbox 389 1629 1953 1720">
     <span class='ocr_line' id='line_1_25' title="bbox 389 1629 1953 1720; baseline 0 -18"><span class='ocrx_word' id='word_1_165' title='bbox 389 1650 454 1702; x_wconf 86' lang='grc' dir='ltr'><em>Ἢ</em></span> <span class='ocrx_word' id='word_1_166' title='bbox 491 1650 676 1720; x_wconf 85' lang='grc' dir='ltr'>νεότης</span> <span class='ocrx_word' id='word_1_167' title='bbox 705 1649 778 1703; x_wconf 79' lang='grc' dir='ltr'><strong>τά</strong></span> <span class='ocrx_word' id='word_1_168' title='bbox 807 1666 868 1702; x_wconf 85' lang='grc' dir='ltr'><strong>τε</strong></span> <span class='ocrx_word' id='word_1_169' title='bbox 893 1648 1052 1715; x_wconf 78' lang='grc' dir='ltr'>ἄλλα,</span> <span class='ocrx_word' id='word_1_170' title='bbox 1088 1648 1182 1702; x_wconf 76' lang='grc' dir='ltr'>καὶ</span> <span class='ocrx_word' id='word_1_171' title='bbox 1211 1648 1274 1702; x_wconf 82' lang='grc' dir='ltr'>οὐ</span> <span class='ocrx_word' id='word_1_172' title='bbox 1311 1647 1512 1716; x_wconf 80' lang='grc' dir='ltr'><strong>πάγων</strong></span> <span class='ocrx_word' id='word_1_173' title='bbox 1541 1629 1716 1719; x_wconf 79' lang='grc' dir='ltr'>φρένα</span> <span class='ocrx_word' id='word_1_174' title='bbox 1761 1648 1953 1703; x_wconf 87' lang='grc' dir='ltr'>τίκτει.</span> 
     </span>
    </p>
   </div>
   <div class='ocr_carea' id='block_1_26' title="bbox 1991 1629 3635 1720">
    <p class='ocr_par' dir='ltr' id='par_1_26' title="bbox 2059 1640 3635 1712">
     <span class='ocr_line' id='line_1_26' title="bbox 2059 1640 3635 1712; baseline 0.003 -18"><span class='ocrx_word' id='word_1_175' title='bbox 2059 1640 2166 1696; x_wconf 77' lang='lat' dir='ltr'><strong>Vix</strong></span> <span class='ocrx_word' id='word_1_176' title='bbox 2205 1655 2449 1711; x_wconf 86' lang='lat' dir='ltr'><strong>unquam</strong></span> <span class='ocrx_word' id='word_1_177' title='bbox 2515 1641 2752 1697; x_wconf 84' lang='lat' dir='ltr'><strong>solidam</strong></span> <span class='ocrx_word' id='word_1_178' title='bbox 2797 1650 3040 1696; x_wconf 87' lang='lat' dir='ltr'><strong>mentem</strong></span> <span class='ocrx_word' id='word_1_179' title='bbox 3091 1642 3236 1712; x_wconf 80' lang='lat' dir='ltr'><strong>parit</strong></span> <span class='ocrx_word' id='word_1_180' title='bbox 3283 1644 3392 1697; x_wconf 85' lang='lat' dir='ltr'><strong>ulla</strong></span> <span class='ocrx_word' id='word_1_181' title='bbox 3439 1644 3635 1711; x_wconf 86' lang='lat' dir='ltr'><strong>juven-</strong></span> 
     </span>
    </p>
   </div>
   <div class='ocr_carea' id='block_1_27' title="bbox 451 1731 2095 1811">
    <p class='ocr_par' dir='ltr' id='par_1_27' title="bbox 451 1737 2028 1811">
     <span class='ocr_line' id='line_1_27' title="bbox 451 1737 2028 1811; baseline 0.002 -19"><span class='ocrx_word' id='word_1_182' title='bbox 451 1737 646 1794; x_wconf 84' lang='grc' dir='ltr'>Ἔνθεν</span> <span class='ocrx_word' id='word_1_183' title='bbox 669 1739 818 1805; x_wconf 71' lang='grc' dir='ltr'>ἔλεξε</span> <span class='ocrx_word' id='word_1_184' title='bbox 845 1740 1024 1811; x_wconf 80' lang='grc' dir='ltr'>γέρων</span> <span class='ocrx_word' id='word_1_185' title='bbox 1043 1755 1058 1772; x_wconf 97' lang='grc'><strong>⁸</strong></span> <span class='ocrx_word' id='word_1_186' title='bbox 1087 1741 1151 1794; x_wconf 79' lang='grc' dir='ltr'><strong>Εἰ</strong></span> <span class='ocrx_word' id='word_1_187' title='bbox 1179 1740 1300 1794; x_wconf 83' lang='grc' dir='ltr'><strong>νέον</strong></span> <span class='ocrx_word' id='word_1_188' title='bbox 1322 1739 1473 1810; x_wconf 75' lang='grc' dir='ltr'>ἄνδρ’</span> <span class='ocrx_word' id='word_1_189' title='bbox 1493 1739 1676 1811; x_wconf 78' lang='grc' dir='ltr'><strong>ἐσίδῃς</strong></span> <span class='ocrx_word' id='word_1_190' title='bbox 1989 1795 2028 1811; x_wconf 47' lang='grc' dir='ltr'><strong>κ</strong></span> 
     </span>
    </p>
   </div>
   <div class='ocr_carea' id='block_1_28' title="bbox 1989 1731 3633 1811">
    <p class='ocr_par' dir='ltr' id='par_1_28' title="bbox 1989 1731 3633 1811">
     <span class='ocr_line' id='line_1_28' title="bbox 1989 1731 3633 1811; baseline 0 -23"><span class='ocrx_word' id='word_1_191' title='bbox 1989 1795 2028 1811; x_wconf 45' lang='grc' dir='ltr'><strong>κ</strong></span> <span class='ocrx_word' id='word_1_192' title='bbox 2135 1731 2291 1788; x_wconf 91' lang='lat' dir='ltr'><strong>Unde</strong></span> <span class='ocrx_word' id='word_1_193' title='bbox 2317 1749 2484 1788; x_wconf 82' lang='lat' dir='ltr'><strong>senex</strong></span> <span class='ocrx_word' id='word_1_194' title='bbox 2505 1733 2732 1803; x_wconf 91' lang='lat' dir='ltr'><strong>quidam</strong></span> <span class='ocrx_word' id='word_1_195' title='bbox 2750 1733 2932 1788; x_wconf 87' lang='lat' dir='ltr'><strong>dicere</strong></span> <span class='ocrx_word' id='word_1_196' title='bbox 2962 1743 3080 1788; x_wconf 89' lang='lat' dir='ltr'><strong>erat</strong></span> <span class='ocrx_word' id='word_1_197' title='bbox 3101 1733 3332 1788; x_wconf 88' lang='lat' dir='ltr'><strong>solitus:</strong></span> <span class='ocrx_word' id='word_1_198' title='bbox 3363 1733 3474 1806; x_wconf 91' lang='lat' dir='ltr'><strong>[tus</strong></span> <span class='ocrx_word' id='word_1_199' title='bbox 3499 1736 3633 1807; x_wconf 83' lang='grc'><strong>(17),</strong></span> 
     </span>
    </p>
   </div>
   <div class='ocr_carea' id='block_1_29' title="bbox 367 1795 2011 1900">
    <p class='ocr_par' dir='ltr' id='par_1_29' title="bbox 367 1795 2011 1900">
     <span class='ocr_line' id='line_1_29' title="bbox 367 1795 2011 1900; baseline -0.001 -19"><span class='ocrx_word' id='word_1_200' title='bbox 367 1828 620 1900; x_wconf 80' lang='grc' dir='ltr'>Οὐρανὸν</span> <span class='ocrx_word' id='word_1_201' title='bbox 653 1795 982 1892; x_wconf 51' lang='grc' dir='ltr'>εἰσανιόντα,</span> <span class='ocrx_word' id='word_1_202' title='bbox 1013 1827 1196 1882; x_wconf 79' lang='grc' dir='ltr'>λαϐὼν</span> <span class='ocrx_word' id='word_1_203' title='bbox 1217 1827 1396 1890; x_wconf 76' lang='grc' dir='ltr'>ποδὸς,</span> <span class='ocrx_word' id='word_1_204' title='bbox 1423 1795 1558 1880; x_wconf 72' lang='grc' dir='ltr'><strong>¹ἕλκε</strong></span> <span class='ocrx_word' id='word_1_205' title='bbox 1589 1795 1804 1896; x_wconf 33' lang='grc' dir='ltr'><strong>ίαῠμάζε</strong></span> <span class='ocrx_word' id='word_1_206' title='bbox 1831 1843 1846 1857; x_wconf 89' lang='grc'><strong>⁸</strong></span> <span class='ocrx_word' id='word_1_207' title='bbox 1989 1795 2011 1850; x_wconf 65' lang='grc' dir='ltr'><strong>Ῐ</strong></span> 
     </span>
    </p>
   </div>
   <div class='ocr_carea' id='block_1_30' title="bbox 1990 1795 3634 1900">
    <p class='ocr_par' dir='ltr' id='par_1_30' title="bbox 1990 1795 3634 1895">
     <span class='ocr_line' id='line_1_30' title="bbox 1990 1795 3634 1895; baseline 0 -17"><span class='ocrx_word' id='word_1_208' title='bbox 1990 1795 2028 1850; x_wconf 68' lang='grc' dir='ltr'><strong>Β</strong></span> <span class='ocrx_word' id='word_1_209' title='bbox 2061 1823 2118 1878; x_wconf 92' lang='lat' dir='ltr'><strong>Si</strong></span> <span class='ocrx_word' id='word_1_210' title='bbox 2149 1839 2482 1895; x_wconf 85' lang='lat' dir='ltr'><strong>quemquam</strong></span> <span class='ocrx_word' id='word_1_211' title='bbox 2505 1839 2700 1880; x_wconf 87' lang='lat' dir='ltr'><strong>cernas</strong></span> <span class='ocrx_word' id='word_1_212' title='bbox 2728 1825 2990 1895; x_wconf 83' lang='lat' dir='ltr'><strong>juvenem</strong></span> <span class='ocrx_word' id='word_1_213' title='bbox 3017 1827 3388 1881; x_wconf 86' lang='lat' dir='ltr'><strong>conscendere</strong></span> <span class='ocrx_word' id='word_1_214' title='bbox 3411 1826 3634 1892; x_wconf 84' lang='lat' dir='ltr'><strong>coelum,</strong></span> 
     </span>
    </p>
   </div>
   <div class='ocr_carea' id='block_1_31' title="bbox 443 1913 2087 1993">
    <p class='ocr_par' dir='ltr' id='par_1_31' title="bbox 443 1918 1688 1993">
     <span class='ocr_line' id='line_1_31' title="bbox 443 1918 1688 1993; baseline -0.002 -17"><span class='ocrx_word' id='word_1_215' title='bbox 443 1920 541 1992; x_wconf 78' lang='grc' dir='ltr'><strong>Μὴ</strong></span> <span class='ocrx_word' id='word_1_216' title='bbox 567 1921 765 1993; x_wconf 86' lang='grc' dir='ltr'>κρόνου</span> <span class='ocrx_word' id='word_1_217' title='bbox 791 1919 1096 1987; x_wconf 78' lang='grc' dir='ltr'>ὲκπεσσὼν,</span> <span class='ocrx_word' id='word_1_218' title='bbox 1125 1918 1342 1992; x_wconf 74' lang='grc' dir='ltr'>βρέγμα</span> <span class='ocrx_word' id='word_1_219' title='bbox 1362 1920 1412 1973; x_wconf 81' lang='grc' dir='ltr'>οἱ</span> <span class='ocrx_word' id='word_1_220' title='bbox 1442 1918 1688 1990; x_wconf 79' lang='grc' dir='ltr'>ὲξολὲσῃ.</span> 
     </span>
    </p>
   </div>
   <div class='ocr_carea' id='block_1_32' title="bbox 1883 1913 3527 1993">
    <p class='ocr_par' dir='ltr' id='par_1_32' title="bbox 2131 1913 3527 1984">
     <span class='ocr_line' id='line_1_32' title="bbox 2131 1913 3527 1984; baseline 0.003 -18"><span class='ocrx_word' id='word_1_221' title='bbox 2131 1915 2213 1967; x_wconf 81' lang='lat' dir='ltr'><strong>Tu</strong></span> <span class='ocrx_word' id='word_1_222' title='bbox 2247 1913 2382 1984; x_wconf 84' lang='lat' dir='ltr'><strong>pede</strong></span> <span class='ocrx_word' id='word_1_223' title='bbox 2423 1915 2715 1981; x_wconf 79' lang='lat' dir='ltr'><strong>retraltito,</strong></span> <span class='ocrx_word' id='word_1_224' title='bbox 2751 1931 2821 1970; x_wconf 90' lang='lat' dir='ltr'><strong>uc</strong></span> <span class='ocrx_word' id='word_1_225' title='bbox 2842 1915 3029 1970; x_wconf 83' lang='lat' dir='ltr'><strong>ellluat</strong></span> <span class='ocrx_word' id='word_1_226' title='bbox 3057 1915 3186 1971; x_wconf 90' lang='lat' dir='ltr'><strong>huic</strong></span> <span class='ocrx_word' id='word_1_227' title='bbox 3219 1917 3527 1972; x_wconf 87' lang='lat' dir='ltr'><strong>cerebrum.</strong></span> 
     </span>
    </p>
   </div>
   <div class='ocr_carea' id='block_1_33' title="bbox 478 2021 2122 2096">
    <p class='ocr_par' dir='ltr' id='par_1_33' title="bbox 478 2023 2122 2096">
     <span class='ocr_line' id='line_1_33' title="bbox 478 2023 2122 2096; baseline -0.003 -14"><span class='ocrx_word' id='word_1_228' title='bbox 478 2026 612 2082; x_wconf 80' lang='lat' dir='ltr'><strong>MI&quot;.</strong></span> <span class='ocrx_word' id='word_1_229' title='bbox 645 2028 775 2082; x_wconf 78' lang='grc' dir='ltr'>Ὀτι</span> <span class='ocrx_word' id='word_1_230' title='bbox 796 2027 896 2084; x_wconf 73' lang='grc' dir='ltr'><strong>καὶ</strong></span> <span class='ocrx_word' id='word_1_231' title='bbox 929 2027 1188 2083; x_wconf 79' lang='grc' dir='ltr'><strong>πάθεσιν</strong></span> <span class='ocrx_word' id='word_1_232' title='bbox 1211 2025 1644 2092; x_wconf 74' lang='grc' dir='ltr'>ὑπεξίστανται</span> <span class='ocrx_word' id='word_1_233' title='bbox 1669 2026 1848 2096; x_wconf 83' lang='grc' dir='ltr'>πάθη.</span> <span class='ocrx_word' id='word_1_234' title='bbox 2117 2023 2122 2077; x_wconf 75' lang='grc' dir='ltr'><strong>ἶ</strong></span> 
     </span>
    </p>
   </div>
   <div class='ocr_carea' id='block_1_34' title="bbox 1937 2021 3581 2096">
    <p class='ocr_par' dir='ltr' id='par_1_34' title="bbox 2117 2021 3581 2096">
     <span class='ocr_line' id='line_1_34' title="bbox 2117 2021 3581 2096; baseline 0.003 -19"><span class='ocrx_word' id='word_1_235' title='bbox 2117 2021 2302 2080; x_wconf 81' lang='lat' dir='ltr'><strong>XLIII.</strong></span> <span class='ocrx_word' id='word_1_236' title='bbox 2361 2023 2512 2090; x_wconf 89' lang='lat' dir='ltr'><strong>Quod</strong></span> <span class='ocrx_word' id='word_1_237' title='bbox 2543 2024 2766 2094; x_wconf 70' lang='lat' dir='ltr'><strong>a/fectus</strong></span> <span class='ocrx_word' id='word_1_238' title='bbox 2798 2023 2920 2080; x_wconf 81' lang='lat' dir='ltr'><strong>aliis</strong></span> <span class='ocrx_word' id='word_1_239' title='bbox 2947 2023 3245 2096; x_wconf 81' lang='lat' dir='ltr'><strong>prodantur</strong></span> <span class='ocrx_word' id='word_1_240' title='bbox 3283 2027 3581 2096; x_wconf 72' lang='lat' dir='ltr'><strong>affectibus.</strong></span> 
     </span>
    </p>
   </div>
   <div class='ocr_carea' id='block_1_35' title="bbox 368 2133 2012 2208">
    <p class='ocr_par' dir='ltr' id='par_1_35' title="bbox 368 2135 1953 2208">
     <span class='ocr_line' id='line_1_35' title="bbox 368 2135 1953 2208; baseline -0.002 -14"><span class='ocrx_word' id='word_1_241' title='bbox 368 2141 535 2194; x_wconf 85' lang='grc' dir='ltr'>Ἐστι</span> <span class='ocrx_word' id='word_1_242' title='bbox 569 2139 665 2192; x_wconf 78' lang='grc' dir='ltr'>καὶ</span> <span class='ocrx_word' id='word_1_243' title='bbox 697 2141 760 2194; x_wconf 80' lang='grc' dir='ltr'>ἐκ</span> <span class='ocrx_word' id='word_1_244' title='bbox 795 2139 996 2203; x_wconf 86' lang='grc' dir='ltr'>κακίας</span> <span class='ocrx_word' id='word_1_245' title='bbox 1039 2138 1237 2208; x_wconf 82' lang='grc' dir='ltr'><strong>κέρδος</strong></span> <span class='ocrx_word' id='word_1_246' title='bbox 1269 2137 1322 2190; x_wconf 87' lang='grc' dir='ltr'><strong>τί</strong></span> <span class='ocrx_word' id='word_1_247' title='bbox 1351 2153 1436 2205; x_wconf 87' lang='grc' dir='ltr'><strong>γε.</strong></span> <span class='ocrx_word' id='word_1_248' title='bbox 1461 2135 1816 2206; x_wconf 79' lang='grc' dir='ltr'>Μνησίκακος</span> <span class='ocrx_word' id='word_1_249' title='bbox 1845 2137 1953 2208; x_wconf 78' lang='grc' dir='ltr'>γὰρ</span> 
     </span>
    </p>
   </div>
   <div class='ocr_carea' id='block_1_36' title="bbox 1854 2133 3498 2208">
    <p class='ocr_par' dir='ltr' id='par_1_36' title="bbox 1854 2133 3498 2208">
     <span class='ocr_line' id='line_1_36' title="bbox 1854 2133 3498 2208; baseline 0.002 -18"><span class='ocrx_word' id='word_1_250' title='bbox 1854 2137 1953 2208; x_wconf 77' lang='grc' dir='ltr'>γὰρ</span> <span class='ocrx_word' id='word_1_251' title='bbox 2061 2134 2320 2192; x_wconf 77' lang='lat' dir='ltr'><strong>Nascitur</strong></span> <span class='ocrx_word' id='word_1_252' title='bbox 2353 2151 2385 2191; x_wconf 89' lang='lat' dir='ltr'><strong>e</strong></span> <span class='ocrx_word' id='word_1_253' title='bbox 2411 2135 2546 2190; x_wconf 85' lang='lat' dir='ltr'><strong>vitio</strong></span> <span class='ocrx_word' id='word_1_254' title='bbox 2568 2133 2702 2206; x_wconf 87' lang='lat' dir='ltr'><strong>quid</strong></span> <span class='ocrx_word' id='word_1_255' title='bbox 2725 2135 2866 2190; x_wconf 81' lang='lat' dir='ltr'><strong>lueri</strong></span> <span class='ocrx_word' id='word_1_256' title='bbox 2902 2152 2915 2189; x_wconf 94' lang='lat'>:</span> <span class='ocrx_word' id='word_1_257' title='bbox 2951 2150 3191 2206; x_wconf 87' lang='lat' dir='ltr'><strong>namque</strong></span> <span class='ocrx_word' id='word_1_258' title='bbox 3221 2136 3498 2207; x_wconf 85' lang='lat' dir='ltr'><strong>malignus</strong></span> 
     </span>
    </p>
   </div>
   <div class='ocr_carea' id='block_1_37' title="bbox 443 2225 2087 2304">
    <p class='ocr_par' dir='ltr' id='par_1_37' title="bbox 443 2229 1528 2304">
     <span class='ocr_line' id='line_1_37' title="bbox 443 2229 1528 2304; baseline -0.005 -18"><span class='ocrx_word' id='word_1_259' title='bbox 443 2229 617 2304; x_wconf 82' lang='grc' dir='ltr'><strong>Θυμῷ</strong></span> <span class='ocrx_word' id='word_1_260' title='bbox 650 2231 1009 2302; x_wconf 76' lang='grc' dir='ltr'>ἀναφλεχθεὶς</span> <span class='ocrx_word' id='word_1_261' title='bbox 1041 2231 1118 2285; x_wconf 82' lang='grc' dir='ltr'><strong>ίδν</strong></span> <span class='ocrx_word' id='word_1_262' title='bbox 1146 2229 1207 2284; x_wconf 83' lang='grc' dir='ltr'>ὃν</span> <span class='ocrx_word' id='word_1_263' title='bbox 1231 2229 1378 2300; x_wconf 78' lang='grc' dir='ltr'>εἶχεν</span> <span class='ocrx_word' id='word_1_264' title='bbox 1398 2229 1528 2295; x_wconf 74' lang='grc' dir='ltr'>ἔσω,</span> 
     </span>
    </p>
   </div>
   <div class='ocr_carea' id='block_1_38' title="bbox 1616 2225 3260 2304">
    <p class='ocr_par' dir='ltr' id='par_1_38' title="bbox 2131 2225 3260 2284">
     <span class='ocr_line' id='line_1_38' title="bbox 2131 2225 3260 2284; baseline 0.001 -4"><span class='ocrx_word' id='word_1_265' title='bbox 2131 2227 2214 2282; x_wconf 88' lang='lat' dir='ltr'><strong>lra</strong></span> <span class='ocrx_word' id='word_1_266' title='bbox 2243 2228 2443 2283; x_wconf 88' lang='lat' dir='ltr'><strong>ardens</strong></span> <span class='ocrx_word' id='word_1_267' title='bbox 2472 2227 2632 2283; x_wconf 80' lang='lat' dir='ltr'><strong>eﬁ‘ert</strong></span> <span class='ocrx_word' id='word_1_268' title='bbox 2661 2225 2806 2282; x_wconf 80' lang='lat' dir='ltr'><strong>tecta</strong></span> <span class='ocrx_word' id='word_1_269' title='bbox 2833 2243 3043 2283; x_wconf 84' lang='lat' dir='ltr'><strong>venena</strong></span> <span class='ocrx_word' id='word_1_270' title='bbox 3067 2226 3217 2284; x_wconf 79' lang='lat' dir='ltr'><strong>foras</strong></span> <span class='ocrx_word' id='word_1_271' title='bbox 3246 2245 3260 2281; x_wconf 90' lang='lat'><strong>:</strong></span> 
     </span>
    </p>
   </div>
   <div class='ocr_carea' id='block_1_39' title="bbox 367 2315 2011 2396">
    <p class='ocr_par' dir='ltr' id='par_1_39' title="bbox 367 2319 1957 2396">
     <span class='ocr_line' id='line_1_39' title="bbox 367 2319 1957 2396; baseline -0.003 -17"><span class='ocrx_word' id='word_1_272' title='bbox 367 2327 624 2396; x_wconf 81' lang='grc' dir='ltr'>’Ἦμεσεν</span> <span class='ocrx_word' id='word_1_273' title='bbox 645 2341 659 2356; x_wconf 94' lang='grc'><strong>⁸</strong></span> <span class='ocrx_word' id='word_1_274' title='bbox 689 2329 754 2378; x_wconf 79' lang='grc' dir='ltr'>ὲκ</span> <span class='ocrx_word' id='word_1_275' title='bbox 781 2323 839 2378; x_wconf 77' lang='grc' dir='ltr'>δὲ</span> <span class='ocrx_word' id='word_1_276' title='bbox 870 2325 1062 2394; x_wconf 81' lang='grc' dir='ltr'>φανεὶς</span> <span class='ocrx_word' id='word_1_277' title='bbox 1095 2319 1413 2378; x_wconf 69' lang='grc' dir='ltr'>ἐσπείσατο.</span> <span class='ocrx_word' id='word_1_278' title='bbox 1463 2325 1623 2379; x_wconf 80' lang='grc' dir='ltr'>Πᾶσα</span> <span class='ocrx_word' id='word_1_279' title='bbox 1650 2324 1759 2394; x_wconf 83' lang='grc' dir='ltr'>γὰρ</span> <span class='ocrx_word' id='word_1_280' title='bbox 1790 2325 1957 2386; x_wconf 67' lang='grc' dir='ltr'>ἀσπῖς</span> 
     </span>
    </p>
   </div>
   <div class='ocr_carea' id='block_1_40' title="bbox 1852 2315 3496 2396">
    <p class='ocr_par' dir='ltr' id='par_1_40' title="bbox 1852 2315 3496 2388">
     <span class='ocr_line' id='line_1_40' title="bbox 1852 2315 3496 2388; baseline -0.001 -14"><span class='ocrx_word' id='word_1_281' title='bbox 1852 2325 1957 2386; x_wconf 60' lang='lat' dir='ltr'><strong>mi;</strong></span> <span class='ocrx_word' id='word_1_282' title='bbox 2058 2315 2150 2369; x_wconf 89' lang='lat' dir='ltr'><strong>Illa</strong></span> <span class='ocrx_word' id='word_1_283' title='bbox 2187 2316 2370 2372; x_wconf 83' lang='lat' dir='ltr'><strong>minus</strong></span> <span class='ocrx_word' id='word_1_284' title='bbox 2400 2317 2610 2372; x_wconf 86' lang='lat' dir='ltr'><strong>detecta</strong></span> <span class='ocrx_word' id='word_1_285' title='bbox 2637 2323 2858 2382; x_wconf 82' lang='lat' dir='ltr'><strong>nocent,</strong></span> <span class='ocrx_word' id='word_1_286' title='bbox 2890 2318 3038 2372; x_wconf 88' lang='lat' dir='ltr'><strong>velut</strong></span> <span class='ocrx_word' id='word_1_287' title='bbox 3063 2319 3213 2388; x_wconf 89' lang='lat' dir='ltr'><strong>aspis</strong></span> <span class='ocrx_word' id='word_1_288' title='bbox 3238 2317 3308 2373; x_wconf 86' lang='lat' dir='ltr'><strong>ab</strong></span> <span class='ocrx_word' id='word_1_289' title='bbox 3338 2325 3496 2374; x_wconf 88' lang='lat' dir='ltr'><strong>antro</strong></span> 
     </span>
    </p>
   </div>
   <div class='ocr_carea' id='block_1_41' title="bbox 459 2405 2103 2489">
    <p class='ocr_par' dir='ltr' id='par_1_41' title="bbox 459 2413 1719 2489">
     <span class='ocr_line' id='line_1_41' title="bbox 459 2413 1719 2489; baseline -0.003 -17"><span class='ocrx_word' id='word_1_290' title='bbox 459 2419 756 2472; x_wconf 86' lang='grc' dir='ltr'>Ῥίπτουσα</span> <span class='ocrx_word' id='word_1_291' title='bbox 791 2417 1046 2489; x_wconf 83' lang='grc' dir='ltr'>τρώγλης</span> <span class='ocrx_word' id='word_1_292' title='bbox 1072 2417 1134 2470; x_wconf 83' lang='grc' dir='ltr'>οὐ</span> <span class='ocrx_word' id='word_1_293' title='bbox 1173 2413 1300 2487; x_wconf 81' lang='grc' dir='ltr'>μάλ’</span> <span class='ocrx_word' id='word_1_294' title='bbox 1328 2417 1560 2480; x_wconf 82' lang='grc' dir='ltr'><strong>ἄελπτος</strong></span> <span class='ocrx_word' id='word_1_295' title='bbox 1593 2416 1719 2484; x_wconf 77' lang='grc' dir='ltr'><strong>ἐφυ-</strong></span> 
     </span>
    </p>
   </div>
   <div class='ocr_carea' id='block_1_42' title="bbox 1601 2405 3245 2489">
    <p class='ocr_par' dir='ltr' id='par_1_42' title="bbox 1601 2405 3245 2484">
     <span class='ocr_line' id='line_1_42' title="bbox 1601 2405 3245 2484; baseline -0.002 -16"><span class='ocrx_word' id='word_1_296' title='bbox 1601 2416 1719 2484; x_wconf 76' lang='grc' dir='ltr'>ἒφυ.</span> <span class='ocrx_word' id='word_1_297' title='bbox 2133 2405 2367 2477; x_wconf 82' lang='lat' dir='ltr'><strong>Egressa</strong></span> <span class='ocrx_word' id='word_1_298' title='bbox 2393 2409 2632 2474; x_wconf 85' lang='lat' dir='ltr'><strong>occulto,</strong></span> <span class='ocrx_word' id='word_1_299' title='bbox 2668 2417 2753 2464; x_wconf 88' lang='lat' dir='ltr'><strong>est</strong></span> <span class='ocrx_word' id='word_1_300' title='bbox 2780 2409 3014 2465; x_wconf 82' lang='lat' dir='ltr'><strong>exitiosa</strong></span> <span class='ocrx_word' id='word_1_301' title='bbox 3042 2409 3245 2464; x_wconf 88' lang='lat' dir='ltr'><strong>minus.</strong></span> 
     </span>
    </p>
   </div>
   <div class='ocr_carea' id='block_1_43' title="bbox 515 2516 2159 2594">
    <p class='ocr_par' dir='ltr' id='par_1_43' title="bbox 515 2524 1790 2594">
     <span class='ocr_line' id='line_1_43' title="bbox 515 2524 1790 2594; baseline -0.004 -13"><span class='ocrx_word' id='word_1_302' title='bbox 515 2525 648 2582; x_wconf 69' lang='grc' dir='ltr'><strong>ΜΝ.</strong></span> <span class='ocrx_word' id='word_1_303' title='bbox 685 2527 805 2581; x_wconf 86' lang='grc' dir='ltr'><strong>Ὅτι</strong></span> <span class='ocrx_word' id='word_1_304' title='bbox 827 2526 894 2580; x_wconf 83' lang='grc' dir='ltr'>τὸ</span> <span class='ocrx_word' id='word_1_305' title='bbox 918 2525 1326 2580; x_wconf 81' lang='grc' dir='ltr'><strong>ὑποτακτικὸν</strong></span> <span class='ocrx_word' id='word_1_306' title='bbox 1353 2524 1508 2594; x_wconf 79' lang='grc' dir='ltr'>ὑπὲρ</span> <span class='ocrx_word' id='word_1_307' title='bbox 1537 2524 1790 2580; x_wconf 83' lang='grc' dir='ltr'>ἅπαντα.</span> 
     </span>
    </p>
   </div>
   <div class='ocr_carea' id='block_1_44' title="bbox 1875 2516 3519 2594">
    <p class='ocr_par' dir='ltr' id='par_1_44' title="bbox 2163 2516 3519 2588">
     <span class='ocr_line' id='line_1_44' title="bbox 2163 2516 3519 2588; baseline 0.003 -17"><span class='ocrx_word' id='word_1_308' title='bbox 2163 2516 2354 2574; x_wconf 83' lang='lat' dir='ltr'><strong>XLIV.</strong></span> <span class='ocrx_word' id='word_1_309' title='bbox 2389 2517 2810 2574; x_wconf 80' lang='lat' dir='ltr'><strong>Submissionem</strong></span> <span class='ocrx_word' id='word_1_310' title='bbox 2847 2535 3010 2588; x_wconf 82' lang='lat' dir='ltr'><strong>supra</strong></span> <span class='ocrx_word' id='word_1_311' title='bbox 3044 2521 3154 2574; x_wconf 84' lang='lat' dir='ltr'><strong>alia</strong></span> <span class='ocrx_word' id='word_1_312' title='bbox 3177 2523 3359 2576; x_wconf 84' lang='lat' dir='ltr'><strong>omnia</strong></span> <span class='ocrx_word' id='word_1_313' title='bbox 3389 2537 3519 2577; x_wconf 76' lang='lat' dir='ltr'><strong>esse.</strong></span> 
     </span>
    </p>
   </div>
   <div class='ocr_carea' id='block_1_45' title="bbox 380 2629 2024 2706">
    <p class='ocr_par' dir='ltr' id='par_1_45' title="bbox 380 2631 1879 2706">
     <span class='ocr_line' id='line_1_45' title="bbox 380 2631 1879 2706; baseline -0.003 -16"><span class='ocrx_word' id='word_1_314' title='bbox 380 2633 620 2701; x_wconf 77' lang='grc' dir='ltr'>Ἐκσ-Ξὰς</span> <span class='ocrx_word' id='word_1_315' title='bbox 643 2632 786 2690; x_wconf 81' lang='grc' dir='ltr'>εἶδεν</span> <span class='ocrx_word' id='word_1_316' title='bbox 814 2635 954 2706; x_wconf 82' lang='grc' dir='ltr'>ἀνὴρ</span> <span class='ocrx_word' id='word_1_317' title='bbox 990 2636 1068 2700; x_wconf 85' lang='grc' dir='ltr'><strong>είς</strong></span> <span class='ocrx_word' id='word_1_318' title='bbox 1089 2633 1318 2705; x_wconf 69' lang='grc' dir='ltr'>οὐρανὸν</span> <span class='ocrx_word' id='word_1_319' title='bbox 1355 2633 1552 2704; x_wconf 82' lang='grc' dir='ltr'>ἄνδρας</span> <span class='ocrx_word' id='word_1_320' title='bbox 1584 2631 1840 2704; x_wconf 82' lang='grc' dir='ltr'>ἀρίστους</span> <span class='ocrx_word' id='word_1_321' title='bbox 1866 2649 1879 2662; x_wconf 94' lang='grc'><strong>⁸</strong></span> 
     </span>
    </p>
   </div>
   <div class='ocr_carea' id='block_1_46' title="bbox 1816 2629 3460 2706">
    <p class='ocr_par' dir='ltr' id='par_1_46' title="bbox 1817 2629 3460 2703">
     <span class='ocr_line' id='line_1_46' title="bbox 1817 2629 3460 2703; baseline 0.001 -19"><span class='ocrx_word' id='word_1_322' title='bbox 1817 2653 1840 2697; x_wconf 92' lang='grc' dir='ltr'><strong>ς</strong></span> <span class='ocrx_word' id='word_1_323' title='bbox 1866 2649 1879 2662; x_wconf 92' lang='grc'>·</span> <span class='ocrx_word' id='word_1_324' title='bbox 2060 2631 2387 2686; x_wconf 70' lang='lat' dir='ltr'><strong>Prscstautes</strong></span> <span class='ocrx_word' id='word_1_325' title='bbox 2417 2629 2673 2686; x_wconf 83' lang='lat' dir='ltr'><strong>homines</strong></span> <span class='ocrx_word' id='word_1_326' title='bbox 2705 2631 2840 2686; x_wconf 87' lang='lat' dir='ltr'><strong>vidit</strong></span> <span class='ocrx_word' id='word_1_327' title='bbox 2873 2632 2960 2686; x_wconf 91' lang='lat' dir='ltr'><strong>vir</strong></span> <span class='ocrx_word' id='word_1_328' title='bbox 2993 2640 3183 2703; x_wconf 88' lang='lat' dir='ltr'><strong>raptus</strong></span> <span class='ocrx_word' id='word_1_329' title='bbox 3213 2632 3266 2686; x_wconf 94' lang='lat' dir='ltr'><strong>in</strong></span> <span class='ocrx_word' id='word_1_330' title='bbox 3291 2639 3460 2696; x_wconf 86' lang='lat' dir='ltr'><strong>astra,</strong></span> 
     </span>
    </p>
   </div>
   <div class='ocr_carea' id='block_1_47' title="bbox 445 2723 2089 2800">
    <p class='ocr_par' dir='ltr' id='par_1_47' title="bbox 445 2726 1671 2800">
     <span class='ocr_line' id='line_1_47' title="bbox 445 2726 1671 2800; baseline -0.007 -16"><span class='ocrx_word' id='word_1_331' title='bbox 445 2730 570 2784; x_wconf 87' lang='grc' dir='ltr'><strong>Τῶν</strong></span> <span class='ocrx_word' id='word_1_332' title='bbox 597 2729 643 2783; x_wconf 84' lang='grc' dir='ltr'>δ’</span> <span class='ocrx_word' id='word_1_333' title='bbox 669 2729 962 2800; x_wconf 83' lang='grc' dir='ltr'>ἀπέλαμπε</span> <span class='ocrx_word' id='word_1_334' title='bbox 989 2728 1152 2781; x_wconf 78' lang='grc' dir='ltr'>πλέον</span> <span class='ocrx_word' id='word_1_335' title='bbox 1184 2726 1366 2799; x_wconf 78' lang='grc' dir='ltr'>ἢῖθεος</span> <span class='ocrx_word' id='word_1_336' title='bbox 1396 2726 1671 2797; x_wconf 79' lang='grc' dir='ltr'>θεράπων.</span> 
     </span>
    </p>
   </div>
   <div class='ocr_carea' id='block_1_48' title="bbox 1775 2723 3419 2800">
    <p class='ocr_par' dir='ltr' id='par_1_48' title="bbox 2133 2723 3419 2795">
     <span class='ocr_line' id='line_1_48' title="bbox 2133 2723 3419 2795; baseline 0.006 -19"><span class='ocrx_word' id='word_1_337' title='bbox 2133 2725 2190 2778; x_wconf 89' lang='lat' dir='ltr'><strong>In</strong></span> <span class='ocrx_word' id='word_1_338' title='bbox 2220 2723 2426 2792; x_wconf 90' lang='lat' dir='ltr'><strong>quibus</strong></span> <span class='ocrx_word' id='word_1_339' title='bbox 2457 2723 2696 2780; x_wconf 88' lang='lat' dir='ltr'><strong>eximius</strong></span> <span class='ocrx_word' id='word_1_340' title='bbox 2728 2725 2988 2794; x_wconf 88' lang='lat' dir='ltr'><strong>splendor</strong></span> <span class='ocrx_word' id='word_1_341' title='bbox 3015 2725 3369 2795; x_wconf 89' lang='lat' dir='ltr'><strong>eratjuvenis</strong></span> <span class='ocrx_word' id='word_1_342' title='bbox 3404 2743 3419 2784; x_wconf 89' lang='lat'>:</span> 
     </span>
    </p>
   </div>
   <div class='ocr_carea' id='block_1_49' title="bbox 365 2805 2009 2892">
    <p class='ocr_par' dir='ltr' id='par_1_49' title="bbox 365 2805 1788 2892">
     <span class='ocr_line' id='line_1_49' title="bbox 365 2805 1788 2892; baseline -0.006 -16"><span class='ocrx_word' id='word_1_343' title='bbox 365 2823 481 2878; x_wconf 73' lang='grc' dir='ltr'>Τὸν</span> <span class='ocrx_word' id='word_1_344' title='bbox 511 2822 568 2876; x_wconf 87' lang='grc' dir='ltr'>δὲ</span> <span class='ocrx_word' id='word_1_345' title='bbox 597 2821 797 2892; x_wconf 84' lang='grc' dir='ltr'>τρόπον</span> <span class='ocrx_word' id='word_1_346' title='bbox 832 2819 1032 2890; x_wconf 83' lang='grc' dir='ltr'>ζητῶν,</span> <span class='ocrx_word' id='word_1_347' title='bbox 1074 2805 1298 2891; x_wconf 74' lang='grc' dir='ltr'>ἔμαθεν,</span> <span class='ocrx_word' id='word_1_348' title='bbox 1321 2818 1403 2870; x_wconf 79' lang='grc' dir='ltr'>ὅτι</span> <span class='ocrx_word' id='word_1_349' title='bbox 1433 2817 1540 2870; x_wconf 80' lang='grc' dir='ltr'>οἶδε</span> <span class='ocrx_word' id='word_1_350' title='bbox 1571 2817 1788 2887; x_wconf 81' lang='grc' dir='ltr'>θελήσει</span> 
     </span>
    </p>
   </div>
   <div class='ocr_carea' id='block_1_50' title="bbox 1991 2805 3635 2892">
    <p class='ocr_par' dir='ltr' id='par_1_50' title="bbox 2061 2813 3635 2884">
     <span class='ocr_line' id='line_1_50' title="bbox 2061 2813 3635 2884; baseline 0.003 -18"><span class='ocrx_word' id='word_1_351' title='bbox 2061 2813 2128 2867; x_wconf 88' lang='grc' dir='ltr'>Ει</span> <span class='ocrx_word' id='word_1_352' title='bbox 2151 2827 2401 2883; x_wconf 84' lang='lat' dir='ltr'><strong>quaerens</strong></span> <span class='ocrx_word' id='word_1_353' title='bbox 2424 2827 2674 2878; x_wconf 86' lang='lat' dir='ltr'><strong>causam,</strong></span> <span class='ocrx_word' id='word_1_354' title='bbox 2700 2813 2844 2868; x_wconf 88' lang='lat' dir='ltr'><strong>banc</strong></span> <span class='ocrx_word' id='word_1_355' title='bbox 2867 2814 3076 2870; x_wconf 85' lang='lat' dir='ltr'><strong>audivit</strong></span> <span class='ocrx_word' id='word_1_356' title='bbox 3105 2833 3116 2868; x_wconf 92' lang='lat'>:</span> <span class='ocrx_word' id='word_1_357' title='bbox 3144 2831 3362 2884; x_wconf 90' lang='lat' dir='ltr'><strong>nempe,</strong></span> <span class='ocrx_word' id='word_1_358' title='bbox 3396 2817 3635 2871; x_wconf 69' lang='lat' dir='ltr'><strong>volentes</strong></span> 
     </span>
    </p>
   </div>
   <div class='ocr_carea' id='block_1_51' title="bbox 445 2903 2089 2988">
    <p class='ocr_par' dir='ltr' id='par_1_51' title="bbox 445 2909 1710 2988">
     <span class='ocr_line' id='line_1_51' title="bbox 445 2909 1710 2988; baseline -0.006 -16"><span class='ocrx_word' id='word_1_359' title='bbox 445 2917 652 2988; x_wconf 87' lang='grc' dir='ltr'>Τάγάθ’</span> <span class='ocrx_word' id='word_1_360' title='bbox 678 2916 847 2988; x_wconf 76' lang='grc' dir='ltr'>ἔδρων</span> <span class='ocrx_word' id='word_1_361' title='bbox 872 2933 884 2946; x_wconf 91' lang='grc'><strong>⁸</strong></span> <span class='ocrx_word' id='word_1_362' title='bbox 919 2915 948 2968; x_wconf 93' lang='lat'><strong>6</strong></span> <span class='ocrx_word' id='word_1_363' title='bbox 975 2914 1031 2967; x_wconf 78' lang='grc' dir='ltr'>δὲ</span> <span class='ocrx_word' id='word_1_364' title='bbox 1054 2915 1140 2985; x_wconf 79' lang='grc' dir='ltr'>δὴ,</span> <span class='ocrx_word' id='word_1_365' title='bbox 1172 2913 1292 2967; x_wconf 80' lang='grc' dir='ltr'>οὐδὲ</span> <span class='ocrx_word' id='word_1_366' title='bbox 1327 2911 1537 2982; x_wconf 86' lang='grc' dir='ltr'>θέλημα</span> <span class='ocrx_word' id='word_1_367' title='bbox 1567 2909 1710 2982; x_wconf 76' lang='grc' dir='ltr'>ἔχεν.</span> 
     </span>
    </p>
   </div>
   <div class='ocr_carea' id='block_1_52' title="bbox 1673 2903 3317 2988">
    <p class='ocr_par' dir='ltr' id='par_1_52' title="bbox 1673 2903 3317 2971">
     <span class='ocr_line' id='line_1_52' title="bbox 1673 2903 3317 2971; baseline 0.002 -13"><span class='ocrx_word' id='word_1_368' title='bbox 1673 2929 1710 2964; x_wconf 67' lang='grc' dir='ltr'><strong>ν.</strong></span> <span class='ocrx_word' id='word_1_369' title='bbox 2133 2905 2199 2960; x_wconf 83' lang='lat' dir='ltr'><strong>l-Ii</strong></span> <span class='ocrx_word' id='word_1_370' title='bbox 2227 2905 2373 2960; x_wconf 88' lang='lat' dir='ltr'><strong>bona</strong></span> <span class='ocrx_word' id='word_1_371' title='bbox 2407 2904 2673 2971; x_wconf 83' lang='lat' dir='ltr'><strong>fecerunt,</strong></span> <span class='ocrx_word' id='word_1_372' title='bbox 2705 2903 2842 2960; x_wconf 79' lang='lat' dir='ltr'><strong>velle</strong></span> <span class='ocrx_word' id='word_1_373' title='bbox 2864 2911 2964 2962; x_wconf 84' lang='lat' dir='ltr'><strong>suo</strong></span> <span class='ocrx_word' id='word_1_374' title='bbox 2999 2907 3088 2963; x_wconf 86' lang='lat' dir='ltr'><strong>hic</strong></span> <span class='ocrx_word' id='word_1_375' title='bbox 3121 2909 3317 2962; x_wconf 87' lang='lat' dir='ltr'><strong>caruit.</strong></span> 
     </span>
    </p>
   </div>
   <div class='ocr_carea' id='block_1_53' title="bbox 365 3001 2009 3160">
    <p class='ocr_par' dir='ltr' id='par_1_53' title="bbox 365 3015 1950 3095">
     <span class='ocr_line' id='line_1_53' title="bbox 365 3015 1950 3095; baseline -0.005 -13"><span class='ocrx_word' id='word_1_376' title='bbox 365 3017 512 3082; x_wconf 84' lang='lat' dir='ltr'><strong>ME’.</strong></span> <span class='ocrx_word' id='word_1_377' title='bbox 550 3027 673 3080; x_wconf 86' lang='grc' dir='ltr'>Ὀτι</span> <span class='ocrx_word' id='word_1_378' title='bbox 707 3023 1033 3095; x_wconf 83' lang='grc' dir='ltr'>ὑπομένειν</span> <span class='ocrx_word' id='word_1_379' title='bbox 1059 3022 1157 3077; x_wconf 79' lang='grc' dir='ltr'>δεῖ</span> <span class='ocrx_word' id='word_1_380' title='bbox 1181 3023 1251 3076; x_wconf 84' lang='grc' dir='ltr'><strong>ἐν</strong></span> <span class='ocrx_word' id='word_1_381' title='bbox 1285 3015 1376 3088; x_wconf 84' lang='grc' dir='ltr'>οἷς</span> <span class='ocrx_word' id='word_1_382' title='bbox 1406 3021 1483 3076; x_wconf 85' lang='grc' dir='ltr'><strong>ἂν</strong></span> <span class='ocrx_word' id='word_1_383' title='bbox 1521 3020 1950 3090; x_wconf 80' lang='grc' dir='ltr'>σκηνώσωμεν.</span> 
     </span>
    </p>
   </div>
   <div class='ocr_carea' id='block_1_54' title="bbox 1987 3001 3631 3160">
    <p class='ocr_par' dir='ltr' id='par_1_54' title="bbox 1987 3001 3631 3160">
     <span class='ocr_line' id='line_1_54' title="bbox 2059 3001 3631 3088; baseline 0.004 -18"><span class='ocrx_word' id='word_1_384' title='bbox 2059 3015 2225 3072; x_wconf 81' lang='lat' dir='ltr'><strong>XLV.</strong></span> <span class='ocrx_word' id='word_1_385' title='bbox 2269 3015 2422 3085; x_wconf 87' lang='lat' dir='ltr'><strong>Quod</strong></span> <span class='ocrx_word' id='word_1_386' title='bbox 2455 3033 2760 3086; x_wconf 83' lang='lat' dir='ltr'><strong>permanere</strong></span> <span class='ocrx_word' id='word_1_387' title='bbox 2811 3027 3048 3088; x_wconf 85' lang='lat' dir='ltr'><strong>oporteat</strong></span> <span class='ocrx_word' id='word_1_388' title='bbox 3101 3017 3160 3073; x_wconf 77' lang='lat' dir='ltr'><strong>iit</strong></span> <span class='ocrx_word' id='word_1_389' title='bbox 3190 3001 3322 3076; x_wconf 72' lang='lat' dir='ltr'><strong>locis</strong></span> <span class='ocrx_word' id='word_1_390' title='bbox 3353 3021 3440 3074; x_wconf 82' lang='lat' dir='ltr'><strong>ubi</strong></span> <span class='ocrx_word' id='word_1_391' title='bbox 3486 3023 3631 3077; x_wconf 66' lang='lat' dir='ltr'><strong>sedes</strong></span> 
     </span>
     <span class='ocr_line' id='line_1_55' title="bbox 1987 3089 3078 3160; baseline 0.011 -27"><span class='ocrx_word' id='word_1_392' title='bbox 1987 3145 2022 3160; x_wconf 45' lang='grc' dir='ltr'><strong>Α</strong></span> <span class='ocrx_word' id='word_1_393' title='bbox 2547 3143 2560 3160; x_wconf 59' lang='grc'><em>,</em></span> <span class='ocrx_word' id='word_1_394' title='bbox 2629 3089 2898 3154; x_wconf 75' lang='lat' dir='ltr'><strong>posuimus</strong></span> <span class='ocrx_word' id='word_1_395' title='bbox 2942 3090 3078 3160; x_wconf 84' lang='lat' dir='ltr'><strong>(I8).</strong></span> 
     </span>
    </p>
   </div>
   <div class='ocr_carea' id='block_1_55' title="bbox 1981 3106 3078 3202">
    <p class='ocr_par' dir='ltr' id='par_1_55' title="bbox 1981 3106 3078 3202">
     <span class='ocr_line' id='line_1_56' title="bbox 1981 3106 3078 3202; baseline 0.011 -69"><span class='ocrx_word' id='word_1_396' title='bbox 1981 3145 2022 3202; x_wconf 65' lang='grc' dir='ltr'>ϐ</span> <span class='ocrx_word' id='word_1_397' title='bbox 2547 3143 2560 3160; x_wconf 58' lang='grc'><em>,</em></span> <span class='ocrx_word' id='word_1_398' title='bbox 2629 3106 2898 3154; x_wconf 75' lang='lat' dir='ltr'><strong>posuimus</strong></span> <span class='ocrx_word' id='word_1_399' title='bbox 2942 3106 3078 3160; x_wconf 66' lang='grc' dir='ltr'>(ιδ).</span> 
     </span>
    </p>
   </div>
   <div class='ocr_carea' id='block_1_56' title="bbox 365 3189 2009 3270">
    <p class='ocr_par' dir='ltr' id='par_1_56' title="bbox 365 3189 2009 3270">
     <span class='ocr_line' id='line_1_57' title="bbox 365 3189 2009 3270; baseline -0.004 -17"><span class='ocrx_word' id='word_1_400' title='bbox 365 3197 634 3270; x_wconf 81' lang='grc' dir='ltr'>Δένδρεον</span> <span class='ocrx_word' id='word_1_401' title='bbox 657 3199 723 3269; x_wconf 82' lang='grc' dir='ltr'>ἢν</span> <span class='ocrx_word' id='word_1_402' title='bbox 749 3197 968 3268; x_wconf 82' lang='grc' dir='ltr'>ἀπάγῃς</span> <span class='ocrx_word' id='word_1_403' title='bbox 991 3195 1156 3250; x_wconf 84' lang='grc' dir='ltr'>τόπον</span> <span class='ocrx_word' id='word_1_404' title='bbox 1182 3197 1247 3248; x_wconf 77' lang='grc' dir='ltr'>ὲκ</span> <span class='ocrx_word' id='word_1_405' title='bbox 1271 3193 1458 3260; x_wconf 86' lang='grc' dir='ltr'>τόπου,</span> <span class='ocrx_word' id='word_1_406' title='bbox 1485 3189 1663 3247; x_wconf 79' lang='grc' dir='ltr'>οἷσθ’ὄ</span> <span class='ocrx_word' id='word_1_407' title='bbox 1679 3209 1730 3245; x_wconf 91' lang='grc' dir='ltr'><strong>τι</strong></span> <span class='ocrx_word' id='word_1_408' title='bbox 1753 3190 1948 3263; x_wconf 77' lang='grc' dir='ltr'>ἔρξεις.</span> <span class='ocrx_word' id='word_1_409' title='bbox 1984 3189 2009 3202; x_wconf 67' lang='grc'><em>“</em></span> 
     </span>
    </p>
   </div>
   <div class='ocr_carea' id='block_1_57' title="bbox 1779 3189 3423 3270">
    <p class='ocr_par' dir='ltr' id='par_1_57' title="bbox 1785 3189 3423 3268">
     <span class='ocr_line' id='line_1_58' title="bbox 1785 3189 3423 3268; baseline 0.01 -25"><span class='ocrx_word' id='word_1_410' title='bbox 1785 3193 1948 3263; x_wconf 56' lang='lat' dir='ltr'><strong>piger;</strong></span> <span class='ocrx_word' id='word_1_411' title='bbox 1984 3189 2022 3202; x_wconf 61' lang='grc' dir='ltr'>ν</span> <span class='ocrx_word' id='word_1_412' title='bbox 2060 3191 2116 3252; x_wconf 87' lang='lat' dir='ltr'><strong>Si</strong></span> <span class='ocrx_word' id='word_1_413' title='bbox 2154 3199 2440 3254; x_wconf 85' lang='lat' dir='ltr'><strong>arbustum</strong></span> <span class='ocrx_word' id='word_1_414' title='bbox 2470 3199 2725 3254; x_wconf 79' lang='lat' dir='ltr'><strong>removcs</strong></span> <span class='ocrx_word' id='word_1_415' title='bbox 2752 3197 2819 3255; x_wconf 94' lang='lat' dir='ltr'><strong>dc</strong></span> <span class='ocrx_word' id='word_1_416' title='bbox 2851 3201 3001 3268; x_wconf 82' lang='lat' dir='ltr'><strong>sede,</strong></span> <span class='ocrx_word' id='word_1_417' title='bbox 3033 3199 3272 3258; x_wconf 82' lang='lat' dir='ltr'><strong>feracius</strong></span> <span class='ocrx_word' id='word_1_418' title='bbox 3292 3203 3423 3258; x_wconf 89' lang='lat' dir='ltr'><strong>illud</strong></span> 
     </span>
    </p>
   </div>
   <div class='ocr_carea' id='block_1_58' title="bbox 447 3274 2091 3368">
    <p class='ocr_par' dir='ltr' id='par_1_58' title="bbox 447 3285 1686 3363">
     <span class='ocr_line' id='line_1_59' title="bbox 447 3285 1686 3363; baseline -0.006 -18"><span class='ocrx_word' id='word_1_419' title='bbox 447 3291 637 3363; x_wconf 86' lang='grc' dir='ltr'>Πολλῷ</span> <span class='ocrx_word' id='word_1_420' title='bbox 675 3291 860 3345; x_wconf 85' lang='grc' dir='ltr'>πλεῖον</span> <span class='ocrx_word' id='word_1_421' title='bbox 882 3291 1022 3361; x_wconf 81' lang='grc' dir='ltr'>ἀνὴρ</span> <span class='ocrx_word' id='word_1_422' title='bbox 1053 3289 1183 3342; x_wconf 77' lang='grc' dir='ltr'>ἔνθα</span> <span class='ocrx_word' id='word_1_423' title='bbox 1217 3287 1312 3342; x_wconf 72' lang='grc' dir='ltr'><strong>καὶ</strong></span> <span class='ocrx_word' id='word_1_424' title='bbox 1338 3285 1467 3340; x_wconf 80' lang='grc' dir='ltr'>ἔνθα</span> <span class='ocrx_word' id='word_1_425' title='bbox 1489 3285 1654 3340; x_wconf 81' lang='grc' dir='ltr'>ναίων</span> <span class='ocrx_word' id='word_1_426' title='bbox 1673 3300 1686 3314; x_wconf 93' lang='grc'><strong>⁸</strong></span> 
     </span>
    </p>
   </div>
   <div class='ocr_carea' id='block_1_59' title="bbox 1993 3274 3637 3368">
    <p class='ocr_par' dir='ltr' id='par_1_59' title="bbox 2133 3274 3637 3368">
     <span class='ocr_line' id='line_1_60' title="bbox 2133 3274 3637 3368; baseline 0.005 -23"><span class='ocrx_word' id='word_1_427' title='bbox 2133 3292 2385 3356; x_wconf 61' lang='lat' dir='ltr'><strong>Praestas,</strong></span> <span class='ocrx_word' id='word_1_428' title='bbox 2417 3301 2476 3346; x_wconf 89' lang='lat' dir='ltr'><strong>tu</strong></span> <span class='ocrx_word' id='word_1_429' title='bbox 2514 3307 2736 3362; x_wconf 87' lang='lat' dir='ltr'><strong>quoque</strong></span> <span class='ocrx_word' id='word_1_430' title='bbox 2759 3294 2842 3347; x_wconf 91' lang='lat' dir='ltr'><strong>vir</strong></span> <span class='ocrx_word' id='word_1_431' title='bbox 2866 3293 2956 3348; x_wconf 89' lang='lat' dir='ltr'><strong>hic</strong></span> <span class='ocrx_word' id='word_1_432' title='bbox 2988 3301 3042 3349; x_wconf 92' lang='lat' dir='ltr'><strong>et</strong></span> <span class='ocrx_word' id='word_1_433' title='bbox 3061 3295 3266 3365; x_wconf 88' lang='lat' dir='ltr'><strong>ubique</strong></span> <span class='ocrx_word' id='word_1_434' title='bbox 3288 3274 3472 3351; x_wconf 87' lang='lat' dir='ltr'><strong>habita</strong></span> <span class='ocrx_word' id='word_1_435' title='bbox 3503 3297 3637 3368; x_wconf 81' lang='lat' dir='ltr'><strong>(l9).</strong></span> 
     </span>
    </p>
   </div>
   <div class='ocr_carea' id='block_1_60' title="bbox 367 3376 2011 3454">
    <p class='ocr_par' dir='ltr' id='par_1_60' title="bbox 367 3376 1869 3454">
     <span class='ocr_line' id='line_1_61' title="bbox 367 3376 1869 3454; baseline -0.007 -15"><span class='ocrx_word' id='word_1_436' title='bbox 367 3386 441 3440; x_wconf 88' lang='grc' dir='ltr'>Εί</span> <span class='ocrx_word' id='word_1_437' title='bbox 461 3385 504 3438; x_wconf 83' lang='grc' dir='ltr'>δ’</span> <span class='ocrx_word' id='word_1_438' title='bbox 535 3385 564 3438; x_wconf 98' lang='lat'><strong>6</strong></span> <span class='ocrx_word' id='word_1_439' title='bbox 590 3384 754 3448; x_wconf 82' lang='grc' dir='ltr'>τόπος</span> <span class='ocrx_word' id='word_1_440' title='bbox 786 3384 993 3454; x_wconf 79' lang='grc' dir='ltr'>δαμάᾳ,</span> <span class='ocrx_word' id='word_1_441' title='bbox 1021 3382 1200 3436; x_wconf 87' lang='grc' dir='ltr'>καίτοι</span> <span class='ocrx_word' id='word_1_442' title='bbox 1231 3379 1399 3435; x_wconf 83' lang='grc' dir='ltr'>κακὸν</span> <span class='ocrx_word' id='word_1_443' title='bbox 1420 3379 1482 3432; x_wconf 82' lang='grc' dir='ltr'>οὐ</span> <span class='ocrx_word' id='word_1_444' title='bbox 1521 3377 1666 3448; x_wconf 75' lang='grc' dir='ltr'>μέγα</span> <span class='ocrx_word' id='word_1_445' title='bbox 1694 3395 1747 3430; x_wconf 89' lang='grc' dir='ltr'><strong>τι</strong></span> <span class='ocrx_word' id='word_1_446' title='bbox 1774 3376 1832 3429; x_wconf 77' lang='grc' dir='ltr'>ὃν</span> <span class='ocrx_word' id='word_1_447' title='bbox 1855 3417 1869 3442; x_wconf 87' lang='grc'><strong>,</strong></span> 
     </span>
    </p>
   </div>
   <div class='ocr_carea' id='block_1_61' title="bbox 1823 3376 3467 3454">
    <p class='ocr_par' dir='ltr' id='par_1_61' title="bbox 1823 3379 3467 3454">
     <span class='ocr_line' id='line_1_62' title="bbox 1823 3379 3467 3454; baseline 0.004 -21"><span class='ocrx_word' id='word_1_448' title='bbox 1823 3393 1869 3442; x_wconf 76' lang='grc' dir='ltr'>ν,</span> <span class='ocrx_word' id='word_1_449' title='bbox 2061 3380 2155 3434; x_wconf 89' lang='lat' dir='ltr'><strong>Sin</strong></span> <span class='ocrx_word' id='word_1_450' title='bbox 2191 3383 2346 3436; x_wconf 91' lang='lat' dir='ltr'><strong>locus</strong></span> <span class='ocrx_word' id='word_1_451' title='bbox 2376 3379 2674 3436; x_wconf 85' lang='lat' dir='ltr'><strong>arboribus</strong></span> <span class='ocrx_word' id='word_1_452' title='bbox 2705 3390 2886 3445; x_wconf 89' lang='lat' dir='ltr'><strong>nocet,</strong></span> <span class='ocrx_word' id='word_1_453' title='bbox 2918 3381 2975 3436; x_wconf 91' lang='lat' dir='ltr'><strong>in</strong></span> <span class='ocrx_word' id='word_1_454' title='bbox 3003 3381 3211 3439; x_wconf 87' lang='lat' dir='ltr'><strong>leviore</strong></span> <span class='ocrx_word' id='word_1_455' title='bbox 3240 3385 3467 3454; x_wconf 87' lang='lat' dir='ltr'><strong>periclo,</strong></span> 
     </span>
    </p>
   </div>
   <div class='ocr_carea' id='block_1_62' title="bbox 448 3471 2092 3548">
    <p class='ocr_par' dir='ltr' id='par_1_62' title="bbox 448 3471 1584 3548">
     <span class='ocr_line' id='line_1_63' title="bbox 448 3471 1584 3548; baseline -0.008 -16"><span class='ocrx_word' id='word_1_456' title='bbox 448 3475 635 3548; x_wconf 83' lang='grc' dir='ltr'>Μηδὲν</span> <span class='ocrx_word' id='word_1_457' title='bbox 670 3477 968 3548; x_wconf 82' lang='grc' dir='ltr'>ἐρωτήσεις</span> <span class='ocrx_word' id='word_1_458' title='bbox 999 3474 1183 3528; x_wconf 84' lang='grc' dir='ltr'>εἵνεκα</span> <span class='ocrx_word' id='word_1_459' title='bbox 1213 3471 1320 3526; x_wconf 86' lang='grc' dir='ltr'>τῶν</span> <span class='ocrx_word' id='word_1_460' title='bbox 1355 3471 1584 3542; x_wconf 79' lang='grc' dir='ltr'>ἐτέρων.</span> 
     </span>
    </p>
   </div>
   <div class='ocr_carea' id='block_1_63' title="bbox 1782 3471 3426 3548">
    <p class='ocr_par' dir='ltr' id='par_1_63' title="bbox 2130 3471 3426 3546">
     <span class='ocr_line' id='line_1_64' title="bbox 2130 3471 3426 3546; baseline 0.005 -20"><span class='ocrx_word' id='word_1_461' title='bbox 2130 3472 2216 3528; x_wconf 87' lang='lat' dir='ltr'><strong>Nil</strong></span> <span class='ocrx_word' id='word_1_462' title='bbox 2242 3473 2476 3544; x_wconf 86' lang='lat' dir='ltr'><strong>posthac</strong></span> <span class='ocrx_word' id='word_1_463' title='bbox 2503 3471 2806 3544; x_wconf 72' lang='lat' dir='ltr'><strong>Quidquam</strong></span> <span class='ocrx_word' id='word_1_464' title='bbox 2837 3473 2904 3529; x_wconf 89' lang='lat' dir='ltr'><strong>de</strong></span> <span class='ocrx_word' id='word_1_465' title='bbox 2939 3473 3169 3544; x_wconf 81' lang='lat' dir='ltr'><strong>reliquis</strong></span> <span class='ocrx_word' id='word_1_466' title='bbox 3199 3475 3426 3546; x_wconf 81' lang='lat' dir='ltr'><strong>rogites.</strong></span> 
     </span>
    </p>
   </div>
   <div class='ocr_carea' id='block_1_64' title="bbox 592 3567 2236 3658">
    <p class='ocr_par' dir='ltr' id='par_1_64' title="bbox 592 3569 2236 3654">
     <span class='ocr_line' id='line_1_65' title="bbox 592 3569 2236 3654; baseline -0.001 -14"><span class='ocrx_word' id='word_1_467' title='bbox 592 3583 746 3653; x_wconf 61' lang='lat' dir='ltr'><strong>MCT.</strong></span> <span class='ocrx_word' id='word_1_468' title='bbox 776 3585 905 3639; x_wconf 84' lang='grc' dir='ltr'>’Ότι</span> <span class='ocrx_word' id='word_1_469' title='bbox 933 3581 1408 3654; x_wconf 79' lang='grc' dir='ltr'>ἀγαλματοποιεῖ</span> <span class='ocrx_word' id='word_1_470' title='bbox 1427 3582 1466 3650; x_wconf 78' lang='grc' dir='ltr'><strong><em>ἠ</em></strong></span> <span class='ocrx_word' id='word_1_471' title='bbox 1491 3569 1742 3636; x_wconf 84' lang='grc' dir='ltr'>διάνοια.</span> <span class='ocrx_word' id='word_1_472' title='bbox 2163 3583 2236 3638; x_wconf 77' lang='lat' dir='ltr'><strong>XI</strong></span> 
     </span>
    </p>
   </div>
   <div class='ocr_carea' id='block_1_65' title="bbox 1869 3567 3513 3658">
    <p class='ocr_par' dir='ltr' id='par_1_65' title="bbox 2163 3567 3513 3658">
     <span class='ocr_line' id='line_1_66' title="bbox 2163 3567 3513 3658; baseline 0.002 -20"><span class='ocrx_word' id='word_1_473' title='bbox 2163 3582 2354 3638; x_wconf 78' lang='lat' dir='ltr'><strong>XLVI.</strong></span> <span class='ocrx_word' id='word_1_474' title='bbox 2412 3583 2566 3648; x_wconf 84' lang='lat' dir='ltr'><strong>Quod</strong></span> <span class='ocrx_word' id='word_1_475' title='bbox 2601 3599 2744 3637; x_wconf 84' lang='lat' dir='ltr'><strong>mens</strong></span> <span class='ocrx_word' id='word_1_476' title='bbox 2777 3567 2922 3637; x_wconf 76' lang='lat' dir='ltr'><strong>maia</strong></span> <span class='ocrx_word' id='word_1_477' title='bbox 2959 3585 3253 3638; x_wconf 81' lang='lat' dir='ltr'><strong>simulacra</strong></span> <span class='ocrx_word' id='word_1_478' title='bbox 3282 3587 3513 3658; x_wconf 76' lang='lat' dir='ltr'><strong>eﬂingat.</strong></span> 
     </span>
    </p>
   </div>
   <div class='ocr_carea' id='block_1_66' title="bbox 366 3688 2010 3769">
    <p class='ocr_par' dir='ltr' id='par_1_66' title="bbox 366 3688 1954 3769">
     <span class='ocr_line' id='line_1_67' title="bbox 366 3688 1954 3769; baseline -0.008 -16"><span class='ocrx_word' id='word_1_479' title='bbox 366 3697 676 3769; x_wconf 78' lang='grc' dir='ltr'>Ζωγράφος</span> <span class='ocrx_word' id='word_1_480' title='bbox 706 3695 940 3767; x_wconf 79' lang='grc' dir='ltr'>ἀκριϐὴς</span> <span class='ocrx_word' id='word_1_481' title='bbox 963 3692 1149 3766; x_wconf 83' lang='grc' dir='ltr'>Κῦρός</span> <span class='ocrx_word' id='word_1_482' title='bbox 1179 3694 1232 3762; x_wconf 85' lang='grc' dir='ltr'>γ’</span> <span class='ocrx_word' id='word_1_483' title='bbox 1255 3692 1382 3764; x_wconf 81' lang='grc' dir='ltr'><strong>ἔφη’</strong></span> <span class='ocrx_word' id='word_1_484' title='bbox 1411 3691 1598 3747; x_wconf 88' lang='grc' dir='ltr'>Ἔστιν</span> <span class='ocrx_word' id='word_1_485' title='bbox 1627 3693 1656 3744; x_wconf 91' lang='lat'><strong>6</strong></span> <span class='ocrx_word' id='word_1_486' title='bbox 1679 3688 1802 3754; x_wconf 92' lang='grc' dir='ltr'>νοῦς</span> <span class='ocrx_word' id='word_1_487' title='bbox 1828 3707 1954 3760; x_wconf 84' lang='grc' dir='ltr'>μου,</span> 
     </span>
    </p>
   </div>
   <div class='ocr_carea' id='block_1_67' title="bbox 1682 3688 3326 3769">
    <p class='ocr_par' dir='ltr' id='par_1_67' title="bbox 1682 3688 3326 3764">
     <span class='ocr_line' id='line_1_68' title="bbox 1682 3688 3326 3764; baseline 0.003 -20"><span class='ocrx_word' id='word_1_488' title='bbox 1682 3688 1802 3754; x_wconf 90' lang='grc' dir='ltr'>νοῦς</span> <span class='ocrx_word' id='word_1_489' title='bbox 1828 3707 1954 3760; x_wconf 85' lang='grc' dir='ltr'>μου,</span> <span class='ocrx_word' id='word_1_490' title='bbox 2061 3693 2324 3764; x_wconf 74' lang='lat' dir='ltr'><strong>Egregius</strong></span> <span class='ocrx_word' id='word_1_491' title='bbox 2357 3693 2533 3762; x_wconf 85' lang='lat' dir='ltr'><strong>pictor</strong></span> <span class='ocrx_word' id='word_1_492' title='bbox 2556 3689 2732 3764; x_wconf 79' lang='lat' dir='ltr'><strong>Cyrus</strong></span> <span class='ocrx_word' id='word_1_493' title='bbox 2761 3691 2979 3747; x_wconf 86' lang='lat' dir='ltr'><strong>dicebat.</strong></span> <span class='ocrx_word' id='word_1_494' title='bbox 3015 3711 3026 3747; x_wconf 95' lang='lat'>:</span> <span class='ocrx_word' id='word_1_495' title='bbox 3056 3692 3212 3762; x_wconf 79' lang='lat' dir='ltr'><strong>Apud</strong></span> <span class='ocrx_word' id='word_1_496' title='bbox 3238 3709 3326 3749; x_wconf 89' lang='lat' dir='ltr'><strong>me</strong></span> 
     </span>
    </p>
   </div>
   <div class='ocr_carea' id='block_1_68' title="bbox 453 3779 2097 3861">
    <p class='ocr_par' dir='ltr' id='par_1_68' title="bbox 453 3779 1672 3861">
     <span class='ocr_line' id='line_1_69' title="bbox 453 3779 1672 3861; baseline -0.005 -18"><span class='ocrx_word' id='word_1_497' title='bbox 453 3791 720 3861; x_wconf 81' lang='grc' dir='ltr'>Σχήματα</span> <span class='ocrx_word' id='word_1_498' title='bbox 747 3789 846 3844; x_wconf 80' lang='grc' dir='ltr'>καὶ</span> <span class='ocrx_word' id='word_1_499' title='bbox 875 3785 1088 3858; x_wconf 81' lang='grc' dir='ltr'>μορφὰς</span> <span class='ocrx_word' id='word_1_500' title='bbox 1117 3779 1287 3839; x_wconf 78' lang='grc' dir='ltr'>ἔνδοθι</span> <span class='ocrx_word' id='word_1_501' title='bbox 1321 3801 1412 3855; x_wconf 86' lang='grc' dir='ltr'><strong>μοι</strong></span> <span class='ocrx_word' id='word_1_502' title='bbox 1437 3784 1672 3837; x_wconf 85' lang='grc' dir='ltr'>τυπόων.</span> 
     </span>
    </p>
   </div>
   <div class='ocr_carea' id='block_1_69' title="bbox 1621 3779 3265 3861">
    <p class='ocr_par' dir='ltr' id='par_1_69' title="bbox 1623 3783 3265 3856">
     <span class='ocr_line' id='line_1_70' title="bbox 1623 3783 3265 3856; baseline 0.002 -20"><span class='ocrx_word' id='word_1_503' title='bbox 1623 3800 1672 3837; x_wconf 93' lang='grc' dir='ltr'><strong>ν.</strong></span> <span class='ocrx_word' id='word_1_504' title='bbox 2133 3784 2284 3839; x_wconf 83' lang='lat' dir='ltr'><strong>Mens</strong></span> <span class='ocrx_word' id='word_1_505' title='bbox 2323 3784 2472 3838; x_wconf 86' lang='lat' dir='ltr'><strong>varie</strong></span> <span class='ocrx_word' id='word_1_506' title='bbox 2501 3783 2641 3838; x_wconf 72' lang='lat' dir='ltr'><strong>fictis</strong></span> <span class='ocrx_word' id='word_1_507' title='bbox 2681 3784 2882 3856; x_wconf 84' lang='lat' dir='ltr'><strong>gaudet</strong></span> <span class='ocrx_word' id='word_1_508' title='bbox 2914 3785 3265 3856; x_wconf 85' lang='lat' dir='ltr'><strong>imaginibus.</strong></span> 
     </span>
    </p>
   </div>
   <div class='ocr_carea' id='block_1_70' title="bbox 382 3875 2026 3951">
    <p class='ocr_par' dir='ltr' id='par_1_70' title="bbox 382 3875 1884 3951">
     <span class='ocr_line' id='line_1_71' title="bbox 382 3875 1884 3951; baseline 0.015 -45"><span class='ocrx_word' id='word_1_509' title='bbox 382 3883 662 3947; x_wconf 57' lang='grc' dir='ltr'>,Ελλάδιπ</span> <span class='ocrx_word' id='word_1_510' title='bbox 686 3882 730 3936; x_wconf 85' lang='grc' dir='ltr'><strong>δ’</strong></span> <span class='ocrx_word' id='word_1_511' title='bbox 755 3881 1072 3951; x_wconf 81' lang='grc' dir='ltr'>ἀπάμειπτο</span> <span class='ocrx_word' id='word_1_512' title='bbox 1097 3893 1110 3907; x_wconf 89' lang='grc'><strong>⁸</strong></span> <span class='ocrx_word' id='word_1_513' title='bbox 1146 3879 1229 3931; x_wconf 83' lang='grc' dir='ltr'>Τὰ</span> <span class='ocrx_word' id='word_1_514' title='bbox 1256 3875 1422 3948; x_wconf 86' lang='grc' dir='ltr'>θηρία</span> <span class='ocrx_word' id='word_1_515' title='bbox 1457 3875 1695 3946; x_wconf 85' lang='grc' dir='ltr'>δείδιμεν</span> <span class='ocrx_word' id='word_1_516' title='bbox 1725 3875 1775 3927; x_wconf 81' lang='grc' dir='ltr'>εἰ</span> <span class='ocrx_word' id='word_1_517' title='bbox 1795 3875 1884 3944; x_wconf 79' lang='grc' dir='ltr'><strong>ζῇ,</strong></span> 
     </span>
    </p>
   </div>
   <div class='ocr_carea' id='block_1_71' title="bbox 1850 3875 3494 3951">
    <p class='ocr_par' dir='ltr' id='par_1_71' title="bbox 1850 3875 3494 3944">
     <span class='ocr_line' id='line_1_72' title="bbox 1850 3875 3494 3944; baseline 0.002 -13"><span class='ocrx_word' id='word_1_518' title='bbox 1850 3875 1884 3944; x_wconf 78' lang='lat' dir='ltr'><strong>i,</strong></span> <span class='ocrx_word' id='word_1_519' title='bbox 2060 3877 2160 3932; x_wconf 85' lang='lat' dir='ltr'><strong>Cui</strong></span> <span class='ocrx_word' id='word_1_520' title='bbox 2190 3885 2380 3934; x_wconf 88' lang='lat' dir='ltr'><strong>contra</strong></span> <span class='ocrx_word' id='word_1_521' title='bbox 2413 3875 2658 3932; x_wconf 88' lang='lat' dir='ltr'><strong>Elladius</strong></span> <span class='ocrx_word' id='word_1_522' title='bbox 2689 3894 2701 3930; x_wconf 93' lang='lat'><strong>:</strong></span> <span class='ocrx_word' id='word_1_523' title='bbox 2735 3875 2846 3932; x_wconf 77' lang='lat' dir='ltr'><strong>Nos</strong></span> <span class='ocrx_word' id='word_1_524' title='bbox 2873 3887 3081 3933; x_wconf 89' lang='lat' dir='ltr'><strong>terrent</strong></span> <span class='ocrx_word' id='word_1_525' title='bbox 3105 3879 3229 3933; x_wconf 88' lang='lat' dir='ltr'><strong>viva</strong></span> <span class='ocrx_word' id='word_1_526' title='bbox 3257 3877 3494 3934; x_wconf 81' lang='lat' dir='ltr'><strong>ferarum</strong></span> 
     </span>
    </p>
   </div>
   <div class='ocr_carea' id='block_1_72' title="bbox 451 3968 2095 4056">
    <p class='ocr_par' dir='ltr' id='par_1_72' title="bbox 451 3970 1756 4056">
     <span class='ocr_line' id='line_1_73' title="bbox 451 3970 1756 4056; baseline -0.005 -28"><span class='ocrx_word' id='word_1_527' title='bbox 451 3977 512 4028; x_wconf 79' lang='lat' dir='ltr'><strong>Ei</strong></span> <span class='ocrx_word' id='word_1_528' title='bbox 541 3975 600 4030; x_wconf 85' lang='grc' dir='ltr'>δὲ</span> <span class='ocrx_word' id='word_1_529' title='bbox 629 3975 727 4046; x_wconf 81' lang='grc' dir='ltr'>μὴ,</span> <span class='ocrx_word' id='word_1_530' title='bbox 757 3977 792 4045; x_wconf 80' lang='grc' dir='ltr'><strong>ἡ</strong></span> <span class='ocrx_word' id='word_1_531' title='bbox 821 3974 988 4045; x_wconf 81' lang='grc' dir='ltr'>ὲμπὶς</span> <span class='ocrx_word' id='word_1_532' title='bbox 1018 3971 1185 4026; x_wconf 85' lang='grc' dir='ltr'>πολλὺ</span> <span class='ocrx_word' id='word_1_533' title='bbox 1216 3970 1600 4041; x_wconf 84' lang='grc' dir='ltr'>κραταιοτέρη.</span> <span class='ocrx_word' id='word_1_534' title='bbox 1731 4037 1756 4056; x_wconf 47' lang='grc' dir='ltr'><strong><em>ο</em></strong></span> 
     </span>
    </p>
   </div>
   <div class='ocr_carea' id='block_1_73' title="bbox 1728 3968 3372 4056">
    <p class='ocr_par' dir='ltr' id='par_1_73' title="bbox 1731 3968 3372 4056">
     <span class='ocr_line' id='line_1_74' title="bbox 1731 3968 3372 4056; baseline 0.001 -33"><span class='ocrx_word' id='word_1_535' title='bbox 1731 4037 1756 4056; x_wconf 46' lang='grc' dir='ltr'><strong><em>ο</em></strong></span> <span class='ocrx_word' id='word_1_536' title='bbox 2137 3969 2381 4024; x_wconf 78' lang='lat' dir='ltr'><strong>Monstra</strong></span> <span class='ocrx_word' id='word_1_537' title='bbox 2410 3988 2422 4022; x_wconf 94' lang='lat'>:</span> <span class='ocrx_word' id='word_1_538' title='bbox 2456 3969 2615 4025; x_wconf 86' lang='lat' dir='ltr'><strong>culex</strong></span> <span class='ocrx_word' id='word_1_539' title='bbox 2644 3969 2803 4024; x_wconf 86' lang='lat' dir='ltr'><strong>aliter</strong></span> <span class='ocrx_word' id='word_1_540' title='bbox 2833 3968 3030 4024; x_wconf 80' lang='lat' dir='ltr'><strong>fortior</strong></span> <span class='ocrx_word' id='word_1_541' title='bbox 3062 3970 3178 4039; x_wconf 89' lang='lat' dir='ltr'><strong>ipse</strong></span> <span class='ocrx_word' id='word_1_542' title='bbox 3212 3969 3372 4025; x_wconf 74' lang='lat' dir='ltr'><strong>foret.</strong></span> 
     </span>
    </p>
   </div>
   <div class='ocr_carea' id='block_1_74' title="bbox 659 4075 2303 4148">
    <p class='ocr_par' dir='ltr' id='par_1_74' title="bbox 659 4075 2303 4142">
     <span class='ocr_line' id='line_1_75' title="bbox 659 4075 2303 4142; baseline -0.007 0"><span class='ocrx_word' id='word_1_543' title='bbox 659 4087 792 4142; x_wconf 89' lang='lat' dir='ltr'><strong>MZ&#39;.</strong></span> <span class='ocrx_word' id='word_1_544' title='bbox 836 4085 964 4138; x_wconf 76' lang='lat' dir='ltr'><strong>&quot;Ott</strong></span> <span class='ocrx_word' id='word_1_545' title='bbox 989 4086 1057 4138; x_wconf 84' lang='grc' dir='ltr'>τὸ</span> <span class='ocrx_word' id='word_1_546' title='bbox 1088 4083 1278 4138; x_wconf 82' lang='grc' dir='ltr'>κακὸν</span> <span class='ocrx_word' id='word_1_547' title='bbox 1307 4082 1672 4136; x_wconf 77' lang='grc' dir='ltr'>ἐπιϐούλων.</span> <span class='ocrx_word' id='word_1_548' title='bbox 2239 4075 2303 4130; x_wconf 81' lang='lat' dir='ltr'><strong>XI</strong></span> 
     </span>
    </p>
   </div>
   <div class='ocr_carea' id='block_1_75' title="bbox 1813 4075 3457 4148">
    <p class='ocr_par' dir='ltr' id='par_1_75' title="bbox 2239 4075 3457 4148">
     <span class='ocr_line' id='line_1_76' title="bbox 2239 4075 3457 4148; baseline 0.002 -18"><span class='ocrx_word' id='word_1_549' title='bbox 2239 4075 2448 4131; x_wconf 81' lang='lat' dir='ltr'><strong>XLVII.</strong></span> <span class='ocrx_word' id='word_1_550' title='bbox 2481 4078 2638 4144; x_wconf 87' lang='lat' dir='ltr'><strong>Quod</strong></span> <span class='ocrx_word' id='word_1_551' title='bbox 2677 4077 2879 4131; x_wconf 84' lang='lat' dir='ltr'><strong>malum</strong></span> <span class='ocrx_word' id='word_1_552' title='bbox 2912 4095 3118 4148; x_wconf 84' lang='lat' dir='ltr'><strong>semper</strong></span> <span class='ocrx_word' id='word_1_553' title='bbox 3149 4079 3457 4133; x_wconf 81' lang='lat' dir='ltr'><strong>insidietur.</strong></span> 
     </span>
    </p>
   </div>
   <div class='ocr_carea' id='block_1_76' title="bbox 373 4185 2017 4270">
    <p class='ocr_par' dir='ltr' id='par_1_76' title="bbox 373 4193 1782 4270">
     <span class='ocr_line' id='line_1_77' title="bbox 373 4193 1782 4270; baseline -0.007 -15"><span class='ocrx_word' id='word_1_554' title='bbox 373 4199 593 4255; x_wconf 84' lang='grc' dir='ltr'>Οῦποτε</span> <span class='ocrx_word' id='word_1_555' title='bbox 621 4200 799 4254; x_wconf 86' lang='grc' dir='ltr'>Σατὰν</span> <span class='ocrx_word' id='word_1_556' title='bbox 825 4201 1044 4270; x_wconf 75' lang='grc' dir='ltr'>ἄεργος,</span> <span class='ocrx_word' id='word_1_557' title='bbox 1067 4197 1254 4250; x_wconf 80' lang='grc' dir='ltr'>ἔπεισε</span> <span class='ocrx_word' id='word_1_558' title='bbox 1277 4195 1334 4248; x_wconf 84' lang='grc' dir='ltr'>δὲ</span> <span class='ocrx_word' id='word_1_559' title='bbox 1363 4194 1592 4249; x_wconf 84' lang='grc' dir='ltr'>πάντοτε</span> <span class='ocrx_word' id='word_1_560' title='bbox 1625 4193 1782 4257; x_wconf 81' lang='grc' dir='ltr'>πᾶσι,</span> 
     </span>
    </p>
   </div>
   <div class='ocr_carea' id='block_1_77' title="bbox 1993 4185 3637 4270">
    <p class='ocr_par' dir='ltr' id='par_1_77' title="bbox 2065 4185 3637 4260">
     <span class='ocr_line' id='line_1_78' title="bbox 2065 4185 3637 4260; baseline 0.001 -21"><span class='ocrx_word' id='word_1_561' title='bbox 2065 4185 2233 4239; x_wconf 86' lang='lat' dir='ltr'><strong>Satan</strong></span> <span class='ocrx_word' id='word_1_562' title='bbox 2252 4186 2400 4242; x_wconf 89' lang='lat' dir='ltr'><strong>iners</strong></span> <span class='ocrx_word' id='word_1_563' title='bbox 2414 4201 2693 4256; x_wconf 81' lang='lat' dir='ltr'><strong>nunquam</strong></span> <span class='ocrx_word' id='word_1_564' title='bbox 2721 4195 2825 4248; x_wconf 87' lang='lat' dir='ltr'><strong>est,</strong></span> <span class='ocrx_word' id='word_1_565' title='bbox 2845 4187 2978 4240; x_wconf 92' lang='lat' dir='ltr'><strong>nulli</strong></span> <span class='ocrx_word' id='word_1_566' title='bbox 2999 4201 3106 4240; x_wconf 90' lang='lat' dir='ltr'><strong>non</strong></span> <span class='ocrx_word' id='word_1_567' title='bbox 3127 4187 3290 4242; x_wconf 90' lang='lat' dir='ltr'><strong>irruit</strong></span> <span class='ocrx_word' id='word_1_568' title='bbox 3306 4188 3480 4243; x_wconf 89' lang='lat' dir='ltr'><strong>hostis</strong></span> <span class='ocrx_word' id='word_1_569' title='bbox 3502 4188 3637 4260; x_wconf 72' lang='lat'><strong>(‘21)),</strong></span> 
     </span>
    </p>
   </div>
   <div class='ocr_carea' id='block_1_78' title="bbox 450 4276 2094 4362">
    <p class='ocr_par' dir='ltr' id='par_1_78' title="bbox 450 4285 1712 4362">
     <span class='ocr_line' id='line_1_79' title="bbox 450 4285 1712 4362; baseline -0.005 -16"><span class='ocrx_word' id='word_1_570' title='bbox 450 4294 591 4356; x_wconf 79' lang='grc' dir='ltr'>Τοὺς</span> <span class='ocrx_word' id='word_1_571' title='bbox 618 4291 919 4362; x_wconf 82' lang='grc' dir='ltr'>κρατεροὺς</span> <span class='ocrx_word' id='word_1_572' title='bbox 953 4289 1092 4354; x_wconf 85' lang='grc' dir='ltr'>λύει,</span> <span class='ocrx_word' id='word_1_573' title='bbox 1120 4289 1246 4350; x_wconf 83' lang='grc' dir='ltr'>τοὺς</span> <span class='ocrx_word' id='word_1_574' title='bbox 1278 4285 1455 4348; x_wconf 78' lang='grc' dir='ltr'>ὁσίους</span> <span class='ocrx_word' id='word_1_575' title='bbox 1487 4285 1674 4355; x_wconf 81' lang='grc' dir='ltr'>δαμάᾳ</span> <span class='ocrx_word' id='word_1_576' title='bbox 1698 4302 1712 4315; x_wconf 84' lang='grc'><strong>⁸</strong></span> 
     </span>
    </p>
   </div>
   <div class='ocr_carea' id='block_1_79' title="bbox 1508 4276 3152 4362">
    <p class='ocr_par' dir='ltr' id='par_1_79' title="bbox 1508 4276 3152 4355">
     <span class='ocr_line' id='line_1_80' title="bbox 1508 4276 3152 4355; baseline -0.003 -20"><span class='ocrx_word' id='word_1_577' title='bbox 1508 4285 1674 4355; x_wconf 78' lang='grc' dir='ltr'>ἱαμάᾳ</span> <span class='ocrx_word' id='word_1_578' title='bbox 1698 4302 1712 4315; x_wconf 87' lang='grc'><strong>·</strong></span> <span class='ocrx_word' id='word_1_579' title='bbox 2139 4276 2374 4332; x_wconf 85' lang='lat' dir='ltr'><strong>Enervat</strong></span> <span class='ocrx_word' id='word_1_580' title='bbox 2401 4277 2593 4344; x_wconf 81' lang='lat' dir='ltr'><strong>fortes,</strong></span> <span class='ocrx_word' id='word_1_581' title='bbox 2619 4277 2988 4346; x_wconf 86' lang='lat' dir='ltr'><strong>sollicitatque</strong></span> <span class='ocrx_word' id='word_1_582' title='bbox 3015 4279 3152 4347; x_wconf 87' lang='lat' dir='ltr'><strong>pios.</strong></span> 
     </span>
    </p>
   </div>
   <div class='ocr_carea' id='block_1_80' title="bbox 369 4368 2013 4456">
    <p class='ocr_par' dir='ltr' id='par_1_80' title="bbox 369 4375 1958 4456">
     <span class='ocr_line' id='line_1_81' title="bbox 369 4375 1958 4456; baseline -0.007 -18"><span class='ocrx_word' id='word_1_583' title='bbox 369 4383 526 4456; x_wconf 82' lang='grc' dir='ltr'>Θῆκε</span> <span class='ocrx_word' id='word_1_584' title='bbox 549 4385 608 4439; x_wconf 83' lang='grc' dir='ltr'>δὲ</span> <span class='ocrx_word' id='word_1_585' title='bbox 632 4384 727 4438; x_wconf 74' lang='grc' dir='ltr'>καὶ</span> <span class='ocrx_word' id='word_1_586' title='bbox 744 4384 1007 4455; x_wconf 83' lang='grc' dir='ltr'>προδότην</span> <span class='ocrx_word' id='word_1_587' title='bbox 1023 4381 1114 4434; x_wconf 80' lang='grc' dir='ltr'>τὸν</span> <span class='ocrx_word' id='word_1_588' title='bbox 1153 4379 1491 4433; x_wconf 82' lang='grc' dir='ltr'>Ἀπόστολον.</span> <span class='ocrx_word' id='word_1_589' title='bbox 1517 4379 1698 4448; x_wconf 83' lang='grc' dir='ltr'>ᾯμοι,</span> <span class='ocrx_word' id='word_1_590' title='bbox 1724 4375 1829 4447; x_wconf 80' lang='grc' dir='ltr'>ἔφη</span> <span class='ocrx_word' id='word_1_591' title='bbox 1853 4393 1958 4440; x_wconf 82' lang='grc' dir='ltr'>τις,</span> 
     </span>
    </p>
   </div>
   <div class='ocr_carea' id='block_1_81' title="bbox 1995 4368 3639 4456">
    <p class='ocr_par' dir='ltr' id='par_1_81' title="bbox 2065 4368 3639 4442">
     <span class='ocr_line' id='line_1_82' title="bbox 2065 4368 3639 4442; baseline 0.004 -21"><span class='ocrx_word' id='word_1_592' title='bbox 2065 4368 2324 4423; x_wconf 81' lang='lat' dir='ltr'><strong>Proditor</strong></span> <span class='ocrx_word' id='word_1_593' title='bbox 2360 4369 2486 4422; x_wconf 87' lang='lat' dir='ltr'><strong>hinc</strong></span> <span class='ocrx_word' id='word_1_594' title='bbox 2527 4370 2700 4422; x_wconf 85' lang='lat' dir='ltr'><strong>evasit</strong></span> <span class='ocrx_word' id='word_1_595' title='bbox 2743 4370 3050 4433; x_wconf 81' lang='lat' dir='ltr'><strong>apostolus.</strong></span> <span class='ocrx_word' id='word_1_596' title='bbox 3079 4369 3194 4424; x_wconf 84' lang='lat' dir='ltr'><strong>Heu</strong></span> <span class='ocrx_word' id='word_1_597' title='bbox 3227 4371 3382 4435; x_wconf 87' lang='lat' dir='ltr'><strong>mihi,</strong></span> <span class='ocrx_word' id='word_1_598' title='bbox 3417 4372 3639 4442; x_wconf 84' lang='lat' dir='ltr'><strong>quidam</strong></span> 
     </span>
    </p>
   </div>
   <div class='ocr_carea' id='block_1_82' title="bbox 452 4458 2096 4544">
    <p class='ocr_par' dir='ltr' id='par_1_82' title="bbox 452 4467 2038 4544">
     <span class='ocr_line' id='line_1_83' title="bbox 452 4467 2038 4544; baseline -0.008 -14"><span class='ocrx_word' id='word_1_599' title='bbox 452 4476 570 4530; x_wconf 81' lang='grc' dir='ltr'>Κᾶν</span> <span class='ocrx_word' id='word_1_600' title='bbox 597 4475 663 4530; x_wconf 79' lang='grc' dir='ltr'><strong>τὰ</strong></span> <span class='ocrx_word' id='word_1_601' title='bbox 695 4475 928 4543; x_wconf 84' lang='grc' dir='ltr'>Γάδειρα</span> <span class='ocrx_word' id='word_1_602' title='bbox 956 4470 1150 4544; x_wconf 87' lang='grc' dir='ltr'>περάσ’</span> <span class='ocrx_word' id='word_1_603' title='bbox 1172 4470 1399 4524; x_wconf 83' lang='grc' dir='ltr'>αὐτόθεν</span> <span class='ocrx_word' id='word_1_604' title='bbox 1430 4472 1464 4540; x_wconf 81' lang='grc' dir='ltr'><strong>ὴ</strong></span> <span class='ocrx_word' id='word_1_605' title='bbox 1493 4467 1682 4538; x_wconf 88' lang='grc' dir='ltr'>κακίη.</span> <span class='ocrx_word' id='word_1_606' title='bbox 1997 4477 2038 4531; x_wconf 76' lang='grc' dir='ltr'>υ</span> 
     </span>
    </p>
   </div>
   <div class='ocr_carea' id='block_1_83' title="bbox 1832 4458 3476 4544">
    <p class='ocr_par' dir='ltr' id='par_1_83' title="bbox 1997 4458 3476 4531">
     <span class='ocr_line' id='line_1_84' title="bbox 1997 4458 3476 4531; baseline 0.003 -20"><span class='ocrx_word' id='word_1_607' title='bbox 1997 4477 2038 4531; x_wconf 75' lang='grc' dir='ltr'>υ</span> <span class='ocrx_word' id='word_1_608' title='bbox 2141 4459 2442 4523; x_wconf 83' lang='lat' dir='ltr'><strong>Exclamat,</strong></span> <span class='ocrx_word' id='word_1_609' title='bbox 2477 4459 2670 4513; x_wconf 89' lang='lat' dir='ltr'><strong>vitium</strong></span> <span class='ocrx_word' id='word_1_610' title='bbox 2703 4467 2963 4528; x_wconf 88' lang='lat' dir='ltr'><strong>transque</strong></span> <span class='ocrx_word' id='word_1_611' title='bbox 2997 4458 3171 4515; x_wconf 84' lang='lat' dir='ltr'><strong>Gades</strong></span> <span class='ocrx_word' id='word_1_612' title='bbox 3206 4471 3476 4530; x_wconf 89' lang='lat' dir='ltr'><strong>penetrat.</strong></span> 
     </span>
    </p>
   </div>
   <div class='ocr_carea' id='block_1_84' title="bbox 485 4555 2129 4656">
    <p class='ocr_par' dir='ltr' id='par_1_84' title="bbox 485 4555 1851 4656">
     <span class='ocr_line' id='line_1_85' title="bbox 485 4555 1851 4656; baseline -0.01 -12"><span class='ocrx_word' id='word_1_613' title='bbox 485 4591 628 4644; x_wconf 82' lang='lat' dir='ltr'><strong>MH&#39;.</strong></span> <span class='ocrx_word' id='word_1_614' title='bbox 667 4591 796 4642; x_wconf 86' lang='grc' dir='ltr'>Ὅτι</span> <span class='ocrx_word' id='word_1_615' title='bbox 835 4587 985 4656; x_wconf 83' lang='grc' dir='ltr'>πρὸς</span> <span class='ocrx_word' id='word_1_616' title='bbox 1009 4587 1118 4640; x_wconf 83' lang='grc' dir='ltr'><strong>τόν</strong></span> <span class='ocrx_word' id='word_1_617' title='bbox 1145 4555 1332 4639; x_wconf 80' lang='grc' dir='ltr'>τόπον</span> <span class='ocrx_word' id='word_1_618' title='bbox 1361 4581 1462 4636; x_wconf 79' lang='grc' dir='ltr'>καὶ</span> <span class='ocrx_word' id='word_1_619' title='bbox 1496 4581 1602 4646; x_wconf 84' lang='grc' dir='ltr'>τὰς</span> <span class='ocrx_word' id='word_1_620' title='bbox 1627 4579 1851 4649; x_wconf 83' lang='grc' dir='ltr'>χρείας.</span> 
     </span>
    </p>
   </div>
   <div class='ocr_carea' id='block_1_85' title="bbox 1923 4555 3567 4656">
    <p class='ocr_par' dir='ltr' id='par_1_85' title="bbox 2135 4569 3567 4634">
     <span class='ocr_line' id='line_1_86' title="bbox 2135 4569 3567 4634; baseline 0 -10"><span class='ocrx_word' id='word_1_621' title='bbox 2135 4569 2370 4625; x_wconf 66' lang='lat' dir='ltr'><strong>XLVIII.</strong></span> <span class='ocrx_word' id='word_1_622' title='bbox 2407 4569 2562 4634; x_wconf 88' lang='lat' dir='ltr'><strong>Quod</strong></span> <span class='ocrx_word' id='word_1_623' title='bbox 2591 4569 2880 4623; x_wconf 81' lang='lat' dir='ltr'><strong>secundum</strong></span> <span class='ocrx_word' id='word_1_624' title='bbox 2914 4570 3085 4622; x_wconf 86' lang='lat' dir='ltr'><strong>locum</strong></span> <span class='ocrx_word' id='word_1_625' title='bbox 3113 4587 3239 4625; x_wconf 84' lang='lat' dir='ltr'><strong>usus</strong></span> <span class='ocrx_word' id='word_1_626' title='bbox 3271 4587 3447 4624; x_wconf 87' lang='lat' dir='ltr'><strong>rerum</strong></span> <span class='ocrx_word' id='word_1_627' title='bbox 3477 4573 3567 4625; x_wconf 88' lang='lat' dir='ltr'><strong>sit.</strong></span> 
     </span>
    </p>
   </div>
   <div class='ocr_carea' id='block_1_86' title="bbox 376 4683 2020 4766">
    <p class='ocr_par' dir='ltr' id='par_1_86' title="bbox 376 4688 1958 4766">
     <span class='ocr_line' id='line_1_87' title="bbox 376 4688 1958 4766; baseline -0.011 -10"><span class='ocrx_word' id='word_1_628' title='bbox 376 4703 566 4756; x_wconf 87' lang='grc' dir='ltr'>Ξεῖνον</span> <span class='ocrx_word' id='word_1_629' title='bbox 601 4697 775 4752; x_wconf 80' lang='grc' dir='ltr'>ἕδεκτ’</span> <span class='ocrx_word' id='word_1_630' title='bbox 819 4695 1061 4766; x_wconf 81' lang='grc' dir='ltr'>’Λγάθων</span> <span class='ocrx_word' id='word_1_631' title='bbox 1080 4712 1094 4726; x_wconf 96' lang='grc'><strong>⁸</strong></span> <span class='ocrx_word' id='word_1_632' title='bbox 1125 4695 1304 4765; x_wconf 82' lang='grc' dir='ltr'>χύτρῃ</span> <span class='ocrx_word' id='word_1_633' title='bbox 1331 4693 1388 4745; x_wconf 80' lang='grc' dir='ltr'>δέ</span> <span class='ocrx_word' id='word_1_634' title='bbox 1427 4709 1510 4756; x_wconf 67' lang='grc' dir='ltr'><strong>τις</strong></span> <span class='ocrx_word' id='word_1_635' title='bbox 1535 4689 1738 4760; x_wconf 72' lang='grc' dir='ltr'>ἔμϐαλε</span> <span class='ocrx_word' id='word_1_636' title='bbox 1765 4688 1958 4758; x_wconf 67' lang='grc' dir='ltr'>φακὸν,</span> 
     </span>
    </p>
   </div>
   <div class='ocr_carea' id='block_1_87' title="bbox 1996 4683 3640 4766">
    <p class='ocr_par' dir='ltr' id='par_1_87' title="bbox 2061 4683 3640 4758">
     <span class='ocr_line' id='line_1_88' title="bbox 2061 4683 3640 4758; baseline -0.002 -17"><span class='ocrx_word' id='word_1_637' title='bbox 2061 4685 2262 4741; x_wconf 81' lang='lat' dir='ltr'><strong>Notum</strong></span> <span class='ocrx_word' id='word_1_638' title='bbox 2300 4684 2513 4758; x_wconf 79' lang='lat' dir='ltr'><strong>Agatho</strong></span> <span class='ocrx_word' id='word_1_639' title='bbox 2543 4683 2846 4752; x_wconf 79' lang='lat' dir='ltr'><strong>excipiens,</strong></span> <span class='ocrx_word' id='word_1_640' title='bbox 2878 4683 3079 4738; x_wconf 91' lang='lat' dir='ltr'><strong>lentem</strong></span> <span class='ocrx_word' id='word_1_641' title='bbox 3113 4683 3348 4753; x_wconf 88' lang='lat' dir='ltr'><strong>conjecit</strong></span> <span class='ocrx_word' id='word_1_642' title='bbox 3377 4685 3429 4737; x_wconf 91' lang='lat' dir='ltr'><strong>in</strong></span> <span class='ocrx_word' id='word_1_643' title='bbox 3459 4685 3640 4750; x_wconf 85' lang='lat' dir='ltr'><strong>ollam,</strong></span> 
     </span>
    </p>
   </div>
   <div class='ocr_carea' id='block_1_88' title="bbox 455 4777 2099 4862">
    <p class='ocr_par' dir='ltr' id='par_1_88' title="bbox 455 4782 1790 4862">
     <span class='ocr_line' id='line_1_89' title="bbox 455 4782 1790 4862; baseline -0.011 -14"><span class='ocrx_word' id='word_1_644' title='bbox 455 4795 567 4850; x_wconf 76' lang='grc' dir='ltr'><strong>Καὶ</strong></span> <span class='ocrx_word' id='word_1_645' title='bbox 594 4791 876 4862; x_wconf 83' lang='grc' dir='ltr'>παρέθηκε</span> <span class='ocrx_word' id='word_1_646' title='bbox 909 4790 1108 4860; x_wconf 84' lang='grc' dir='ltr'>γέρων.</span> <span class='ocrx_word' id='word_1_647' title='bbox 1135 4788 1215 4855; x_wconf 84' lang='grc' dir='ltr'><strong>Φῆ</strong></span> <span class='ocrx_word' id='word_1_648' title='bbox 1239 4787 1283 4839; x_wconf 83' lang='grc' dir='ltr'>δ’</span> <span class='ocrx_word' id='word_1_649' title='bbox 1315 4788 1343 4838; x_wconf 89' lang='lat'><strong>6</strong></span> <span class='ocrx_word' id='word_1_650' title='bbox 1373 4784 1522 4854; x_wconf 86' lang='grc' dir='ltr'>φίλος</span> <span class='ocrx_word' id='word_1_651' title='bbox 1545 4782 1751 4852; x_wconf 88' lang='grc' dir='ltr'>γελόων</span> <span class='ocrx_word' id='word_1_652' title='bbox 1778 4798 1790 4810; x_wconf 89' lang='grc'><strong>⁸</strong></span> 
     </span>
    </p>
   </div>
   <div class='ocr_carea' id='block_1_89' title="bbox 1821 4777 3465 4862">
    <p class='ocr_par' dir='ltr' id='par_1_89' title="bbox 2132 4777 3465 4849">
     <span class='ocr_line' id='line_1_90' title="bbox 2132 4777 3465 4849; baseline -0.002 -16"><span class='ocrx_word' id='word_1_653' title='bbox 2132 4778 2510 4849; x_wconf 77' lang='lat' dir='ltr'><strong>Apposuitque</strong></span> <span class='ocrx_word' id='word_1_654' title='bbox 2539 4791 2704 4831; x_wconf 85' lang='lat' dir='ltr'><strong>senex</strong></span> <span class='ocrx_word' id='word_1_655' title='bbox 2737 4793 2750 4830; x_wconf 88' lang='lat'><strong>:</strong></span> <span class='ocrx_word' id='word_1_656' title='bbox 2784 4777 2981 4845; x_wconf 87' lang='lat' dir='ltr'><strong>hospes</strong></span> <span class='ocrx_word' id='word_1_657' title='bbox 3008 4777 3072 4830; x_wconf 89' lang='lat' dir='ltr'><strong>ad</strong></span> <span class='ocrx_word' id='word_1_658' title='bbox 3099 4777 3213 4831; x_wconf 63' lang='lat' dir='ltr'><strong>bare</strong></span> <span class='ocrx_word' id='word_1_659' title='bbox 3238 4777 3414 4845; x_wconf 86' lang='lat' dir='ltr'><strong>lepide</strong></span> <span class='ocrx_word' id='word_1_660' title='bbox 3453 4794 3465 4830; x_wconf 96' lang='lat'>:</span> 
     </span>
    </p>
   </div>
   <div class='ocr_carea' id='block_1_90' title="bbox 383 4867 2027 4957">
    <p class='ocr_par' dir='ltr' id='par_1_90' title="bbox 383 4874 1959 4957">
     <span class='ocr_line' id='line_1_91' title="bbox 383 4874 1959 4957; baseline -0.01 -17"><span class='ocrx_word' id='word_1_661' title='bbox 383 4887 674 4957; x_wconf 84' lang='grc' dir='ltr'>Ὀμφακες</span> <span class='ocrx_word' id='word_1_662' title='bbox 706 4883 756 4936; x_wconf 83' lang='grc' dir='ltr'>οἱ</span> <span class='ocrx_word' id='word_1_663' title='bbox 787 4881 952 4948; x_wconf 85' lang='grc' dir='ltr'>φακοί</span> <span class='ocrx_word' id='word_1_664' title='bbox 977 4883 1135 4934; x_wconf 87' lang='grc' dir='ltr'>εἰσιν.</span> <span class='ocrx_word' id='word_1_665' title='bbox 1167 4877 1228 4932; x_wconf 82' lang='lat'><strong>&#39;0</strong></span> <span class='ocrx_word' id='word_1_666' title='bbox 1251 4879 1297 4932; x_wconf 79' lang='grc' dir='ltr'>δ’</span> <span class='ocrx_word' id='word_1_667' title='bbox 1317 4879 1466 4948; x_wconf 76' lang='grc' dir='ltr'>ἴαχεν</span> <span class='ocrx_word' id='word_1_668' title='bbox 1487 4891 1500 4904; x_wconf 86' lang='grc'><strong>⁸</strong></span> <span class='ocrx_word' id='word_1_669' title='bbox 1533 4877 1647 4929; x_wconf 81' lang='grc' dir='ltr'><strong>Οὐκ</strong></span> <span class='ocrx_word' id='word_1_670' title='bbox 1669 4874 1774 4945; x_wconf 85' lang='grc' dir='ltr'><strong>ἄρα</strong></span> <span class='ocrx_word' id='word_1_671' title='bbox 1804 4874 1959 4927; x_wconf 70' lang='grc' dir='ltr'>τοῦτο</span> 
     </span>
    </p>
   </div>
   <div class='ocr_carea' id='block_1_91' title="bbox 1943 4867 3587 4957">
    <p class='ocr_par' dir='ltr' id='par_1_91' title="bbox 1943 4867 3587 4940">
     <span class='ocr_line' id='line_1_92' title="bbox 1943 4867 3587 4940; baseline -0.002 -15"><span class='ocrx_word' id='word_1_672' title='bbox 1943 4891 1959 4925; x_wconf 72' lang='grc'>&gt;</span> <span class='ocrx_word' id='word_1_673' title='bbox 2061 4869 2302 4940; x_wconf 74' lang='lat' dir='ltr'><strong>Agrestis</strong></span> <span class='ocrx_word' id='word_1_674' title='bbox 2331 4867 2450 4923; x_wconf 87' lang='lat' dir='ltr'><strong>lens</strong></span> <span class='ocrx_word' id='word_1_675' title='bbox 2487 4875 2592 4921; x_wconf 83' lang='lat' dir='ltr'><strong>est.</strong></span> <span class='ocrx_word' id='word_1_676' title='bbox 2619 4867 2758 4934; x_wconf 86' lang='lat' dir='ltr'><strong>Quid</strong></span> <span class='ocrx_word' id='word_1_677' title='bbox 2788 4867 2944 4921; x_wconf 87' lang='lat' dir='ltr'><strong>tum?</strong></span> <span class='ocrx_word' id='word_1_678' title='bbox 2981 4883 3089 4921; x_wconf 93' lang='lat' dir='ltr'><strong>non</strong></span> <span class='ocrx_word' id='word_1_679' title='bbox 3125 4868 3360 4932; x_wconf 86' lang='lat' dir='ltr'><strong>suﬂicit,</strong></span> <span class='ocrx_word' id='word_1_680' title='bbox 3396 4869 3587 4937; x_wconf 86' lang='lat' dir='ltr'><strong>inquit,</strong></span> 
     </span>
    </p>
   </div>
   <div class='ocr_carea' id='block_1_92' title="bbox 459 4957 2103 5046">
    <p class='ocr_par' dir='ltr' id='par_1_92' title="bbox 459 4967 1785 5046">
     <span class='ocr_line' id='line_1_93' title="bbox 459 4967 1785 5046; baseline -0.008 -16"><span class='ocrx_word' id='word_1_681' title='bbox 459 4975 685 5046; x_wconf 77' lang='grc' dir='ltr'>Ἀρκιόν</span> <span class='ocrx_word' id='word_1_682' title='bbox 715 4973 828 5027; x_wconf 76' lang='grc' dir='ltr'>ἐσθ’</span> <span class='ocrx_word' id='word_1_683' title='bbox 865 4975 945 5026; x_wconf 82' lang='grc' dir='ltr'>ὅτι</span> <span class='ocrx_word' id='word_1_684' title='bbox 973 4972 1084 5042; x_wconf 87' lang='grc' dir='ltr'><strong>πῦρ</strong></span> <span class='ocrx_word' id='word_1_685' title='bbox 1113 4971 1338 5042; x_wconf 83' lang='grc' dir='ltr'>ἔδρακες</span> <span class='ocrx_word' id='word_1_686' title='bbox 1367 4971 1445 5033; x_wconf 87' lang='grc' dir='ltr'>εἰς</span> <span class='ocrx_word' id='word_1_687' title='bbox 1471 4969 1564 5022; x_wconf 85' lang='grc' dir='ltr'>τὸν</span> <span class='ocrx_word' id='word_1_688' title='bbox 1598 4967 1748 5022; x_wconf 72' lang='grc' dir='ltr'>’Ἄθω</span> <span class='ocrx_word' id='word_1_689' title='bbox 1773 4985 1785 5032; x_wconf 86' lang='grc'><strong>;</strong></span> 
     </span>
    </p>
   </div>
   <div class='ocr_carea' id='block_1_93' title="bbox 1860 4957 3504 5046">
    <p class='ocr_par' dir='ltr' id='par_1_93' title="bbox 2143 4957 3504 5030">
     <span class='ocr_line' id='line_1_94' title="bbox 2143 4957 3504 5030; baseline -0.001 -16"><span class='ocrx_word' id='word_1_690' title='bbox 2143 4960 2254 5016; x_wconf 88' lang='lat' dir='ltr'><strong>&#39;Ioc</strong></span> <span class='ocrx_word' id='word_1_691' title='bbox 2285 4961 2402 5024; x_wconf 88' lang='lat' dir='ltr'><strong>tibi,</strong></span> <span class='ocrx_word' id='word_1_692' title='bbox 2441 4977 2565 5015; x_wconf 85' lang='lat' dir='ltr'><strong>cum</strong></span> <span class='ocrx_word' id='word_1_693' title='bbox 2595 4957 2842 5014; x_wconf 87' lang='lat' dir='ltr'><strong>ﬂammas</strong></span> <span class='ocrx_word' id='word_1_694' title='bbox 2877 4959 3079 5016; x_wconf 90' lang='lat' dir='ltr'><strong>videris</strong></span> <span class='ocrx_word' id='word_1_695' title='bbox 3114 4960 3255 5030; x_wconf 83' lang='lat' dir='ltr'><strong>ignis</strong></span> <span class='ocrx_word' id='word_1_696' title='bbox 3287 4959 3504 5016; x_wconf 83' lang='lat' dir='ltr'><strong>Albus?</strong></span> 
     </span>
    </p>
   </div>
   <div class='ocr_carea' id='block_1_94' title="bbox 601 5067 2245 5150">
    <p class='ocr_par' dir='ltr' id='par_1_94' title="bbox 601 5070 2245 5150">
     <span class='ocr_line' id='line_1_95' title="bbox 601 5070 2245 5150; baseline -0.01 -12"><span class='ocrx_word' id='word_1_697' title='bbox 601 5084 732 5142; x_wconf 62' lang='grc' dir='ltr'><strong>ΜΘ.</strong></span> <span class='ocrx_word' id='word_1_698' title='bbox 765 5083 895 5136; x_wconf 85' lang='grc' dir='ltr'>Ὅτι</span> <span class='ocrx_word' id='word_1_699' title='bbox 929 5084 988 5135; x_wconf 81' lang='grc' dir='ltr'>αἱ</span> <span class='ocrx_word' id='word_1_700' title='bbox 1027 5079 1360 5150; x_wconf 75' lang='grc' dir='ltr'>προφάσεις</span> <span class='ocrx_word' id='word_1_701' title='bbox 1399 5075 1746 5146; x_wconf 73' lang='grc' dir='ltr'>εὐφώρατοι.</span> <span class='ocrx_word' id='word_1_702' title='bbox 2219 5070 2245 5122; x_wconf 58' lang='grc' dir='ltr'><strong>λ</strong></span> 
     </span>
    </p>
   </div>
   <div class='ocr_carea' id='block_1_95' title="bbox 1847 5067 3491 5150">
    <p class='ocr_par' dir='ltr' id='par_1_95' title="bbox 2219 5067 3491 5138">
     <span class='ocr_line' id='line_1_96' title="bbox 2219 5067 3491 5138; baseline 0 -16"><span class='ocrx_word' id='word_1_703' title='bbox 2219 5069 2404 5124; x_wconf 83' lang='lat' dir='ltr'><strong>XLIX.</strong></span> <span class='ocrx_word' id='word_1_704' title='bbox 2443 5069 2594 5134; x_wconf 88' lang='lat' dir='ltr'><strong>Quod</strong></span> <span class='ocrx_word' id='word_1_705' title='bbox 2633 5077 2920 5135; x_wconf 63' lang='lat' dir='ltr'><strong>praetextas</strong></span> <span class='ocrx_word' id='word_1_706' title='bbox 2944 5067 3098 5138; x_wconf 81' lang='lat' dir='ltr'><strong>facile</strong></span> <span class='ocrx_word' id='word_1_707' title='bbox 3128 5070 3491 5122; x_wconf 85' lang='lat' dir='ltr'><strong>convincatur.</strong></span> 
     </span>
    </p>
   </div>
   <div class='ocr_carea' id='block_1_96' title="bbox 385 5177 2029 5266">
    <p class='ocr_par' dir='ltr' id='par_1_96' title="bbox 385 5183 1854 5266">
     <span class='ocr_line' id='line_1_97' title="bbox 385 5183 1854 5266; baseline -0.01 -17"><span class='ocrx_word' id='word_1_708' title='bbox 385 5193 620 5266; x_wconf 84' lang='grc' dir='ltr'>Ἀνδρες</span> <span class='ocrx_word' id='word_1_709' title='bbox 648 5194 946 5262; x_wconf 81' lang='grc' dir='ltr'>ἐλοιδόρεον</span> <span class='ocrx_word' id='word_1_710' title='bbox 977 5189 1156 5244; x_wconf 76' lang='grc' dir='ltr'>κοινὸν</span> <span class='ocrx_word' id='word_1_711' title='bbox 1188 5189 1360 5256; x_wconf 85' lang='grc' dir='ltr'>φίλον,</span> <span class='ocrx_word' id='word_1_712' title='bbox 1463 5185 1518 5238; x_wconf 82' lang='grc' dir='ltr'>δέ</span> <span class='ocrx_word' id='word_1_713' title='bbox 1541 5203 1602 5252; x_wconf 85' lang='grc' dir='ltr'><strong>γε</strong></span> <span class='ocrx_word' id='word_1_714' title='bbox 1638 5184 1819 5254; x_wconf 82' lang='grc' dir='ltr'>Σίμων</span> <span class='ocrx_word' id='word_1_715' title='bbox 1842 5199 1854 5212; x_wconf 97' lang='grc'><strong>⁸</strong></span> 
     </span>
    </p>
   </div>
   <div class='ocr_carea' id='block_1_97' title="bbox 1861 5177 3505 5266">
    <p class='ocr_par' dir='ltr' id='par_1_97' title="bbox 2064 5177 3505 5252">
     <span class='ocr_line' id='line_1_98' title="bbox 2064 5177 3505 5252; baseline -0.001 -16"><span class='ocrx_word' id='word_1_716' title='bbox 2064 5183 2202 5237; x_wconf 89' lang='lat' dir='ltr'><strong>Cum</strong></span> <span class='ocrx_word' id='word_1_717' title='bbox 2233 5181 2458 5252; x_wconf 84' lang='lat' dir='ltr'><strong>quidam</strong></span> <span class='ocrx_word' id='word_1_718' title='bbox 2495 5181 2806 5248; x_wconf 83' lang='lat' dir='ltr'><strong>ingererent</strong></span> <span class='ocrx_word' id='word_1_719' title='bbox 2834 5177 3082 5232; x_wconf 88' lang='lat' dir='ltr'><strong>convicia</strong></span> <span class='ocrx_word' id='word_1_720' title='bbox 3123 5179 3300 5248; x_wconf 87' lang='lat' dir='ltr'><strong>turpia</strong></span> <span class='ocrx_word' id='word_1_721' title='bbox 3325 5181 3505 5234; x_wconf 79' lang='lat' dir='ltr'><strong>amico</strong></span> 
     </span>
    </p>
   </div>
   <div class='ocr_carea' id='block_1_98' title="bbox 468 5269 2112 5357">
    <p class='ocr_par' dir='ltr' id='par_1_98' title="bbox 468 5275 1750 5357">
     <span class='ocr_line' id='line_1_99' title="bbox 468 5275 1750 5357; baseline -0.012 -16"><span class='ocrx_word' id='word_1_722' title='bbox 468 5288 528 5340; x_wconf 89' lang='lat'><strong>&#39;0</strong></span> <span class='ocrx_word' id='word_1_723' title='bbox 551 5287 718 5357; x_wconf 80' lang='grc' dir='ltr'>ψόγος</span> <span class='ocrx_word' id='word_1_724' title='bbox 747 5286 844 5355; x_wconf 85' lang='grc' dir='ltr'><strong>οὐχ</strong></span> <span class='ocrx_word' id='word_1_725' title='bbox 874 5285 1056 5338; x_wconf 88' lang='grc' dir='ltr'>όσίων.</span> <span class='ocrx_word' id='word_1_726' title='bbox 1090 5280 1154 5336; x_wconf 77' lang='lat' dir='ltr'><strong>Oi</strong></span> <span class='ocrx_word' id='word_1_727' title='bbox 1178 5283 1234 5334; x_wconf 84' lang='grc' dir='ltr'>δὲ</span> <span class='ocrx_word' id='word_1_728' title='bbox 1265 5279 1568 5349; x_wconf 80' lang='grc' dir='ltr'>τραπέντες</span> <span class='ocrx_word' id='word_1_729' title='bbox 1596 5275 1750 5345; x_wconf 61' lang='grc' dir='ltr'>ἔφαν</span> 
     </span>
    </p>
   </div>
   <div class='ocr_carea' id='block_1_99' title="bbox 1971 5269 3615 5357">
    <p class='ocr_par' dir='ltr' id='par_1_99' title="bbox 2136 5269 3615 5340">
     <span class='ocr_line' id='line_1_100' title="bbox 2136 5269 3615 5340; baseline -0.001 -11"><span class='ocrx_word' id='word_1_730' title='bbox 2136 5274 2452 5338; x_wconf 89' lang='lat' dir='ltr'><strong>Communi,</strong></span> <span class='ocrx_word' id='word_1_731' title='bbox 2489 5273 2573 5327; x_wconf 87' lang='lat' dir='ltr'><strong>his</strong></span> <span class='ocrx_word' id='word_1_732' title='bbox 2603 5269 2758 5326; x_wconf 83' lang='lat' dir='ltr'><strong>Simo</strong></span> <span class='ocrx_word' id='word_1_733' title='bbox 2790 5287 2804 5324; x_wconf 87' lang='lat'><strong>:</strong></span> <span class='ocrx_word' id='word_1_734' title='bbox 2833 5269 3045 5324; x_wconf 88' lang='lat' dir='ltr'><strong>Probra</strong></span> <span class='ocrx_word' id='word_1_735' title='bbox 3077 5269 3372 5326; x_wconf 85' lang='lat' dir='ltr'><strong>inhonesta</strong></span> <span class='ocrx_word' id='word_1_736' title='bbox 3407 5272 3615 5340; x_wconf 83' lang='lat' dir='ltr'><strong>probis.</strong></span> 
     </span>
    </p>
   </div>
   <div class='ocr_carea' id='block_1_100' title="bbox 379 5360 2023 5452">
    <p class='ocr_par' dir='ltr' id='par_1_100' title="bbox 379 5363 1964 5452">
     <span class='ocr_line' id='line_1_101' title="bbox 379 5363 1964 5452; baseline -0.011 -18"><span class='ocrx_word' id='word_1_737' title='bbox 379 5379 705 5452; x_wconf 81' lang='grc' dir='ltr'>Κηδομένου</span> <span class='ocrx_word' id='word_1_738' title='bbox 732 5377 782 5431; x_wconf 79' lang='grc' dir='ltr'>τ’</span> <span class='ocrx_word' id='word_1_739' title='bbox 802 5377 1018 5447; x_wconf 76' lang='grc' dir='ltr'>ἀνδρὸς,</span> <span class='ocrx_word' id='word_1_740' title='bbox 1054 5374 1180 5428; x_wconf 82' lang='grc' dir='ltr'>τάδε</span> <span class='ocrx_word' id='word_1_741' title='bbox 1203 5372 1460 5443; x_wconf 80' lang='grc' dir='ltr'>βάζομεν.</span> <span class='ocrx_word' id='word_1_742' title='bbox 1481 5369 1669 5440; x_wconf 81' lang='grc' dir='ltr'>Αὐτὰρ</span> <span class='ocrx_word' id='word_1_743' title='bbox 1692 5367 1774 5435; x_wconf 79' lang='grc' dir='ltr'><strong>ὅγ’</strong></span> <span class='ocrx_word' id='word_1_744' title='bbox 1793 5363 1964 5433; x_wconf 84' lang='grc' dir='ltr'>εἶπεν,</span> 
     </span>
    </p>
   </div>
   <div class='ocr_carea' id='block_1_101' title="bbox 1940 5360 3584 5452">
    <p class='ocr_par' dir='ltr' id='par_1_101' title="bbox 1940 5360 3584 5433">
     <span class='ocr_line' id='line_1_102' title="bbox 1940 5360 3584 5433; baseline -0.004 -13"><span class='ocrx_word' id='word_1_745' title='bbox 1940 5383 1964 5433; x_wconf 77' lang='grc' dir='ltr'><strong>ι,</strong></span> <span class='ocrx_word' id='word_1_746' title='bbox 2067 5365 2271 5420; x_wconf 83' lang='lat' dir='ltr'><strong>Contra</strong></span> <span class='ocrx_word' id='word_1_747' title='bbox 2307 5363 2382 5417; x_wconf 89' lang='lat' dir='ltr'><strong>illi</strong></span> <span class='ocrx_word' id='word_1_748' title='bbox 2413 5382 2424 5415; x_wconf 90' lang='lat'>:</span> <span class='ocrx_word' id='word_1_749' title='bbox 2469 5361 2596 5416; x_wconf 71' lang='lat' dir='ltr'><strong>llaec</strong></span> <span class='ocrx_word' id='word_1_750' title='bbox 2618 5360 2858 5416; x_wconf 86' lang='lat' dir='ltr'><strong>hominis</strong></span> <span class='ocrx_word' id='word_1_751' title='bbox 2883 5374 2986 5417; x_wconf 91' lang='lat' dir='ltr'><strong>nos</strong></span> <span class='ocrx_word' id='word_1_752' title='bbox 3018 5360 3200 5415; x_wconf 87' lang='lat' dir='ltr'><strong>dicere</strong></span> <span class='ocrx_word' id='word_1_753' title='bbox 3227 5374 3360 5414; x_wconf 84' lang='lat' dir='ltr'><strong>cura</strong></span> <span class='ocrx_word' id='word_1_754' title='bbox 3389 5361 3584 5430; x_wconf 82' lang='lat' dir='ltr'><strong>coegit.</strong></span> 
     </span>
    </p>
   </div>
   <div class='ocr_carea' id='block_1_102' title="bbox 415 5507 3386 5623">
    <p class='ocr_par' dir='ltr' id='par_1_102' title="bbox 415 5507 3386 5623">
     <span class='ocr_line' id='line_1_103' title="bbox 415 5507 3386 5623; baseline -0.006 -12"><span class='ocrx_word' id='word_1_755' title='bbox 415 5533 426 5542; x_wconf 41' lang='grc'><strong><em>⁸</em></strong></span> <span class='ocrx_word' id='word_1_756' title='bbox 462 5557 578 5623; x_wconf 63' lang='lat' dir='ltr'><strong>(li)</strong></span> <span class='ocrx_word' id='word_1_757' title='bbox 618 5557 732 5612; x_wconf 90' lang='lat' dir='ltr'><strong>Cic.</strong></span> <span class='ocrx_word' id='word_1_758' title='bbox 765 5573 780 5610; x_wconf 85' lang='grc' dir='ltr'><strong>ι</strong></span> <span class='ocrx_word' id='word_1_759' title='bbox 811 5557 960 5612; x_wconf 78' lang='lat' dir='ltr'><strong>Tusc.</strong></span> <span class='ocrx_word' id='word_1_760' title='bbox 1053 5507 1062 5516; x_wconf 36' lang='lat'>.</span> <span class='ocrx_word' id='word_1_761' title='bbox 2153 5542 2263 5623; x_wconf 58' lang='lat' dir='ltr'><strong>(IS)</strong></span> <span class='ocrx_word' id='word_1_762' title='bbox 2303 5539 3386 5623; x_wconf 52' lang='lat' dir='ltr'><strong>ﬁespondettlttodecimo_cpigramtpati.</strong></span> 
     </span>
    </p>
   </div>
   <div class='ocr_carea' id='block_1_103' title="bbox 489 5608 3647 5698">
    <p class='ocr_par' dir='ltr' id='par_1_103' title="bbox 489 5608 3647 5698">
     <span class='ocr_line' id='line_1_104' title="bbox 489 5608 3647 5698; baseline 0.003 -40"><span class='ocrx_word' id='word_1_763' title='bbox 489 5608 576 5698; x_wconf 16' lang='lat' dir='ltr'><strong>ei</strong></span> <span class='ocrx_word' id='word_1_764' title='bbox 619 5608 959 5698; x_wconf 49' lang='grc' dir='ltr'><strong>ῇξέοδδέξίξ</strong></span> <span class='ocrx_word' id='word_1_765' title='bbox 987 5625 1054 5698; x_wconf 56' lang='grc' dir='ltr'><strong>η,</strong></span> <span class='ocrx_word' id='word_1_766' title='bbox 1078 5625 1144 5698; x_wconf 61' lang='grc' dir='ltr'>δ,</span> <span class='ocrx_word' id='word_1_767' title='bbox 1181 5623 1370 5698; x_wconf 58' lang='grc' dir='ltr'>ρ,-η,</span> <span class='ocrx_word' id='word_1_768' title='bbox 2151 5608 2261 5698; x_wconf 58' lang='grc'><strong>(19)</strong></span> <span class='ocrx_word' id='word_1_769' title='bbox 2283 5608 2427 5698; x_wconf 44' lang='grc' dir='ltr'><strong>χρη</strong></span> <span class='ocrx_word' id='word_1_770' title='bbox 2454 5614 2534 5666; x_wconf 81' lang='lat' dir='ltr'><strong>vir</strong></span> <span class='ocrx_word' id='word_1_771' title='bbox 2565 5613 2748 5698; x_wconf 77' lang='lat' dir='ltr'><strong>melior</strong></span> <span class='ocrx_word' id='word_1_772' title='bbox 2775 5612 3095 5698; x_wconf 38' lang='lat' dir='ltr'><strong>ﬁet&#39;ubique‘</strong></span> <span class='ocrx_word' id='word_1_773' title='bbox 3119 5610 3384 5665; x_wconf 79' lang='lat' dir='ltr'><strong>habitans.</strong></span> <span class='ocrx_word' id='word_1_774' title='bbox 3421 5608 3647 5678; x_wconf 83' lang='lat' dir='ltr'><strong>Seneca,</strong></span> 
     </span>
    </p>
   </div>
   <div class='ocr_carea' id='block_1_104' title="bbox 493 5681 3116 5768">
    <p class='ocr_par' dir='ltr' id='par_1_104' title="bbox 493 5681 3116 5768">
     <span class='ocr_line' id='line_1_105' title="bbox 493 5681 3116 5768; baseline 0.002 -38"><span class='ocrx_word' id='word_1_775' title='bbox 625 5681 941 5768; x_wconf 13' lang='grc' dir='ltr'><strong>Ρθιιέιαένη,</strong></span> <span class='ocrx_word' id='word_1_776' title='bbox 971 5697 1030 5752; x_wconf 53' lang='grc' dir='ltr'>δ,</span> <span class='ocrx_word' id='word_1_777' title='bbox 1071 5697 1134 5753; x_wconf 57' lang='grc' dir='ltr'>Ρ,</span> <span class='ocrx_word' id='word_1_778' title='bbox 1179 5695 1298 5751; x_wconf 62' lang='grc'><strong>187,</strong></span> <span class='ocrx_word' id='word_1_779' title='bbox 2079 5681 2779 5768; x_wconf 34' lang='grc' dir='ltr'>ορξΛὶζὶΝᾸιεᾳιιαηι.οδε,ίιιιι</span> <span class='ocrx_word' id='word_1_780' title='bbox 2806 5681 3116 5764; x_wconf 58' lang='grc' dir='ltr'>ιιὺξιιιιετρδτ.</span> 
     </span>
    </p>
   </div>
   <div class='ocr_carea' id='block_1_105' title="bbox 495 5752 2962 5840">
    <p class='ocr_par' dir='ltr' id='par_1_105' title="bbox 495 5752 2962 5840">
     <span class='ocr_line' id='line_1_106' title="bbox 495 5752 2962 5840; baseline -0.007 -16"><span class='ocrx_word' id='word_1_781' title='bbox 495 5752 575 5840; x_wconf 67' lang='grc' dir='ltr'><strong>1τῇ</strong></span> <span class='ocrx_word' id='word_1_782' title='bbox 618 5769 772 5824; x_wconf 83' lang='lat' dir='ltr'><strong>Hom.</strong></span> <span class='ocrx_word' id='word_1_783' title='bbox 811 5767 882 5821; x_wconf 72' lang='grc' dir='ltr'><strong>ιι.</strong></span> <span class='ocrx_word' id='word_1_784' title='bbox 915 5767 966 5822; x_wconf 77' lang='lat'><strong>5.</strong></span> <span class='ocrx_word' id='word_1_785' title='bbox 1125 5752 1128 5753; x_wconf 68' lang='grc'><strong><em>⁷</em></strong></span> <span class='ocrx_word' id='word_1_786' title='bbox 1907 5827 1914 5833; x_wconf 87' lang='lat'><em>_</em></span> <span class='ocrx_word' id='word_1_787' title='bbox 2125 5752 2265 5822; x_wconf 68' lang='lat' dir='ltr'><strong>(ac)</strong></span> <span class='ocrx_word' id='word_1_788' title='bbox 2305 5753 2513 5808; x_wconf 87' lang='lat' dir='ltr'><strong>Pisides</strong></span> <span class='ocrx_word' id='word_1_789' title='bbox 2546 5753 2598 5804; x_wconf 89' lang='lat' dir='ltr'><strong>iu</strong></span> <span class='ocrx_word' id='word_1_790' title='bbox 2633 5752 2962 5822; x_wconf 68' lang='lat' dir='ltr'><strong>Cosn&#39;mrgia.</strong></span> 
     </span>
    </p>
   </div>
  </div>
