4164 6438
431 479 535 548 881
1838 477 2075 539 ΡΑΒΑΕ

2039 475 2284 538 DISUS.
2307 469 2309 472 ⁴
3577 477 3683 539 882

534 589 580 641 Η
610 588 639 640 ὁ
670 588 861 650 κακοῖς
891 585 1146 652 καταδὺς,
1177 581 1275 639 εἴτ’
1305 583 1749 658 ἀνανηξάμενος;
2031 593 2080 650 Α

1703 604 1749 654 ῖς
2031 593 2080 650 Δ
2178 588 2274 645 Est
2306 587 2528 657 teneris,
2566 586 2650 643 vel
2686 585 2779 657 qui
2810 584 3015 641 labitur
3040 594 3092 639 et
3119 583 3347 654 resipit?

431 679 540 734 Τὸν
569 680 876 749 πρώτιστον
908 679 1083 748 έγωγε
1111 679 1403 749 ἐπείγομαι
1430 679 1750 750 ἐξερεείνειν
1778 696 1792 709 ·

2111 678 2185 734 Ut
2229 681 2466 751 primum
2498 679 2801 735 anteferam
2826 693 3018 734 verum
3050 693 3138 732 me
3162 679 3308 747 cogit
3343 686 3396 733 et
3420 692 3635 748 aequum
3664 699 3677 734 :

521 772 664 825 Ἀλλ’
703 773 736 842 ἡ
764 773 912 824 πᾶσα
949 769 1156 842 βροτῶν
1187 770 1358 824 ὤλετο
1387 771 1708 844 προσδοκίῃ.

2179 770 2285 827 Sed
2311 772 2357 828 si
2395 772 2516 839 hoc,
2555 786 2679 841 spes
2712 770 2995 825 hominum
3027 784 3162 824 vana
3188 777 3243 823 et
3271 769 3455 822 inanis
3487 769 3609 824 erit.

485 882 560 936 Ξ’.
601 881 730 935 Ὀτι
762 880 1142 948 πολύτροπος
1179 880 1218 948 ἠ
1248 879 1369 941 τῶν
1399 880 1674 949 δακρύων
1700 879 1952 946 βλύσις.

1946 918 1952 932 .
2203 877 2317 934 LX.
2362 879 2515 946 Quod
2550 878 2826 949 multiplex
2853 879 2922 931 sit
2951 877 3306 947 lacrymarum
3332 875 3590 945 profusio.

429 992 655 1060 Δάκρυα
684 990 860 1060 λύπης
890 985 1030 1055 οῖδα,
1065 989 1160 1043 καὶ
1183 990 1548 1062 εὐφροσύνης,
1575 992 1670 1044 καὶ
1701 990 1920 1061 ἔρωτος.

1877 1007 1920 1054 ς.
2108 987 2348 1044 Eﬂ‘undit
2373 990 2644 1059 lacrymas
2670 988 2852 1053 dolor,
2883 986 3203 1050 exsultatio,
3234 1001 3521 1054 amorque,

515 1082 847 1151 Ἐλπομένου
880 1098 940 1135 τε
965 1082 1139 1147 δέους,
1173 1082 1474 1152 ὲλπομένου
1502 1099 1561 1135 τε
1589 1081 1802 1144 κλέους.

2179 1078 2407 1144 Quando
2435 1079 2563 1134 mali
2595 1089 2772 1135 metus
2797 1086 2900 1142 est,
2934 1094 3057 1148 spes
3080 1079 3165 1134 vel
3198 1079 3426 1135 honoris
3460 1080 3556 1134 alit
3587 1097 3602 1134 :

429 1174 546 1227 Καὶ
570 1172 808 1242 φύσεως,
840 1173 936 1227 καὶ
964 1173 1223 1240 θεῖα,’καὶ
1255 1174 1562 1244 ὀλλυμένων
1588 1174 1833 1245 ἁρετάων
1850 1192 1865 1206 ⁸

1791 1192 1865 1229 w-
2109 1167 2206 1223 Vel
2233 1176 2452 1234 natura,
2485 1177 2581 1223 aut
2603 1169 2865 1223 virtutum
2891 1169 3131 1238 jactura,
3163 1169 3435 1241 Deusque.

507 1265 692 1319 Ταῦτα
720 1266 765 1319 δ’
795 1266 1098 1338 ἐπιγνοίης,
1137 1266 1338 1340 ήδυμῐῃ
1373 1266 1466 1320 καὶ
1488 1267 1630 1337 ἄχει.

1573 1284 1630 1322 ει,
2179 1259 2304 1316 Ilaec
2336 1269 2392 1314 tu
2422 1260 2606 1314 laetitia
2633 1261 3015 1331 moestitiaque
3052 1263 3217 1319 scies.

644 1374 766 1430 ΞΑ’.
799 1376 931 1430 Ὅτι
963 1378 1075 1446 οὐχ
1108 1375 1316 1443 ἁπλῶς
1339 1376 1404 1430 τὸ
1431 1377 1793 1445 φιλόϋπνον.

2320 1366 2461 1421 LXI.
2503 1366 2655 1432 Quod
2685 1367 2960 1436 multiplex
2990 1371 3061 1423 sit
3093 1373 3461 1427 somnolentia.

438 1486 634 1540 ’Ύπνοι
664 1488 778 1549 τοῖς
801 1486 1031 1549 ἀΰπνοις
1072 1485 1440 1556 πουλύτροποι
1467 1503 1481 1518 ο
1511 1483 1594 1550 οἷς
1633 1487 1732 1557 μὲν
1779 1488 2004 1560 ἐδωδῆς,

2112 1472 2439 1530 Somnorum
2458 1490 2622 1530 causa
2642 1484 2725 1530 est
2743 1475 2957 1532 diversa
2974 1479 3320 1534 insomnibus
3344 1481 3489 1552 (24):
3517 1482 3675 1551 Esus,

512 1578 605 1643 Οἷς
637 1579 714 1646 δὲ,
741 1579 885 1649 φυῆς
916 1578 1011 1633 καὶ
1037 1577 1222 1642 Ellam“
1252 1575 1333 1642 οἷς
1367 1578 1432 1644 δ’,
1459 1579 1622 1633 ὁσίων
1652 1581 1934 1650 καμάτων.

1816 1599 1934 1638 των,
2181 1567 2489 1636 Ingenium,
2525 1576 2580 1622 et
2611 1583 2818 1630 mores,
2857 1579 3020 1635 atque
3055 1571 3257 1627 laboris
3285 1576 3460 1629 amor.

433 1672 502 1723 Ol
533 1671 577 1724 δ’
612 1669 1021 1724 ὲπανακτῶνται
1052 1668 1209 1739 λιμοῦ
1245 1669 1414 1740 δέμας
1434 1685 1448 1700 ·
1485 1671 1534 1724 οἱ
1555 1670 1621 1734 δ’,
1655 1671 1868 1743 ὲχθροῖο

2110 1656 2176 1712 Ili
2201 1673 2450 1714 recreant
2473 1661 2838 1730 minuuntque
2870 1661 3067 1716 famem
3098 1681 3111 1718 :
3140 1662 3262 1719 illos
3292 1659 3683 1724 excitathostis

505 1763 788 1834 Δαίμονος,
822 1762 946 1834 ὄφρ’
977 1763 1124 1833 ἡμᾶς
1150 1762 1349 1835 ὄρθρου
1379 1764 1691 1835 έρυκακέοι.

1686 1806 1691 1820 ,
2183 1747 2502 1816 Tartareus,
2542 1751 2840 1821 prohibens
2869 1754 3159 1825 invigilare
3187 1755 3330 1825 pios.

428 1863 551 1921 EB’.
585 1866 705 1920 ’Ὁτι
743 1866 1034 1935 πολυειδῆ
1058 1867 1130 1922 τὰ
1157 1867 1437 1936 σχήματα
1475 1867 1593 1923 τῶν
1628 1870 1844 1939 χειρῶν
1882 1869 2006 1942 τοῖς

1023 1937 1397 2006 εὐχομένοις.
2032 1933 2072 1993 Ε

1967 1871 2006 1942 ἐς
2032 1933 2080 1993 Β
2183 1861 2342 1918 LXII.
2383 1862 2609 1918 Orontes
2638 1865 2788 1918 uaria
2822 1881 3073 1920 manuum
3119 1869 3493 1939 compositione
3513 1873 3611 1927 uti.

428 2046 734 2117 Εὑχόμενοι
762 2046 1017 2100 τανύουσι
1054 2048 1207 2116 σοφοὶ
1238 2047 1406 2118 χέρας
1428 2050 1476 2102 οἱ
1505 2049 1602 2119 μὲν
1636 2049 1721 2120 ἐφ’
1749 2049 1918 2122 ὕψους

2109 2035 2424 2092 Extendunt
2457 2038 2668 2108 palmas
2703 2039 2998 2108 sapientes,
3035 2042 3254 2110 quando
3284 2051 3580 2112 precantur
3607 2059 3623 2098 :

519 2139 705 2208 ⁸Υψόσ’
736 2141 1088 2211 ἐπαιρόμενοι
1116 2156 1130 2170 ’
1162 2141 1210 2192 οἱ
1240 2139 1296 2192 δὲ
1326 2141 1568 2194 κάτωθεν
1598 2143 1727 2196 ὅταν

2180 2127 2245 2181 lli
2282 2128 2334 2182 in
2368 2130 2601 2185 sublime
2627 2132 2831 2193 levant,
2871 2131 3250 2203 dejiciuntque
3281 2135 3394 2200 alii,

431 2231 562 2284 Οὐδ’
597 2232 722 2284 ὅποι
763 2233 870 2285 εἰσὶ
896 2231 1091 2284 νοῶσιν
1110 2246 1126 2261 ·
1157 2231 1206 2285 οἱ
1221 2230 1266 2284 δ’
1291 2231 1506 2298 ὕπτιον,
1532 2233 1604 2296 ὥς
1629 2252 1680 2286 τι
1710 2235 1972 2292 λαϐέσθαι
1992 2254 2004 2269 ·

2110 2219 2215 2289 Qui
2235 2231 2386 2292 rapta
2409 2232 2540 2278 sunt
2559 2233 2742 2278 mente
2765 2242 2778 2278 :
2806 2223 2859 2277 hi
2877 2239 2975 2278 ceu
3001 2225 3130 2294 quid
3166 2227 3432 2295 prendere
3459 2226 3679 2293 vellent,

509 2323 571 2376 Ol
603 2322 658 2376 δὲ
685 2323 1074 2394 σταυροτύπως
1096 2340 1110 2354 ·
1140 2325 1269 2396 ἄγχι
1294 2325 1402 2393 γάρ
1428 2326 1538 2378 ἐστ’
1580 2327 1842 2399 Ἀμαλὲκ.

2181 2314 2544 2381 Protendunt,
2573 2314 2752 2370 crucis
2782 2323 2877 2369 aut
2903 2315 3062 2385 signo
3086 2317 3385 2372 Amalecha
3419 2316 3628 2388 fugant.

579 2430 698 2489 ΞΓ’.
725 2432 980 2489 Γελοῒον
1023 2433 1090 2490 τὸ
1123 2434 1216 2490 ἐπ’
1239 2434 1422 2505 ἀρετῇ
1467 2438 1864 2507 προσωπεῖον.
2110 2422 2223 2478 LXI

2110 2422 2294 2478 LXIII.
2335 2422 2638 2478 Ridiculam
2679 2440 2792 2480 esse
2847 2427 2902 2478 in
2959 2426 3152 2480 virtute
3195 2427 3425 2493 laruam,
3477 2428 3572 2481 hoc
3603 2437 3681 2482 est

2682 2495 3095 2550 simulationem.

430 2607 668 2661 Εἴδωλον
700 2608 794 2660 καὶ
817 2607 958 2678 ἀνὴρ
988 2607 1352 2672 ὲπιδεικτικδς
1391 2609 1472 2670 εἰς
1501 2609 1560 2662 ἓν
1591 2608 1724 2664 ἰᾶσι.

2111 2600 2320 2656 Idolum
2351 2609 2406 2656 et
2432 2601 2524 2672 qui
2557 2615 2678 2657 sese
2707 2610 2946 2657 ostentat
2975 2601 3228 2666 inaniter,
3260 2619 3427 2658 unum

510 2701 674 2753 Κεῖνο
705 2700 1068 2770 πολυχρύσοις
1107 2701 1352 2771 σχήμασι
1387 2699 1594 2770 κόσμον
1615 2700 1758 2770 ἕχον,

1743 2742 1758 2765 ,
2184 2692 2433 2748 Elliciunt
2465 2710 2480 2747 :
2510 2707 2646 2748 auro
2669 2708 2792 2746 nam
2830 2692 3381 2760 simulacratmicant,

431 2791 646 2862 Πεσσης
672 2791 766 2847 καὶ
798 2791 971 2862 πηλοῦ
997 2791 1158 2863 γέμει
1192 2794 1322 2848 εἴσω
1344 2809 1357 2824 ·
1388 2787 1491 2848 ὧδε
1518 2794 1613 2848 καὶ
1649 2789 1805 2860 οὗτος

2110 2783 2248 2839 Cum
2291 2783 2416 2854 pice
2461 2783 2571 2839 sint
2625 2791 2680 2838 et
2719 2784 2877 2854 plena
2927 2784 3045 2839 luto
3073 2783 3221 2840 intus
3261 2801 3276 2840 :
3343 2785 3425 2840 sic
3468 2799 3685 2854 quoque

523 2972 709 3035 Ἐκτὸς
735 2971 840 3024 ἐὼν
867 2971 1031 3040 ἱερὸς,
1066 2973 1126 3026 οὐ
1150 2973 1290 3037 τοῖός
1322 2973 1473 3028 ἐστιν
1495 2974 1626 3029 ἔσω.

3503 2885 3555 2930 et
3583 2878 3687 2930 iste

2182 2964 2319 3020 Cum
2353 2980 2512 3022 sacer
2545 2973 2700 3021 extra
2725 2966 2816 3029 sit,
2845 2979 2954 3020 non
2981 2974 3163 3022 tamen
3191 2966 3337 3023 intus
3365 2967 3412 3022 is
3439 2874 3523 3022 egt
3546 2965 3682 3036 (25).

433 3079 553 3135 ’.Ξ-ν.
589 3081 715 3132 Ὀτι
745 3080 844 3134 καὶ
877 3081 1051 3151 μέχρι
1098 3081 1248 3166 άεῑὸς
1278 3080 1398 3146 τοῖς
1447 3081 1697 3148 τελείοις
1738 3082 1776 3150 ὴ
1827 3097 2013 3151 παρα·

1883 3099 2013 3151 τερα.
2253 3073 2440 3128 LXIV.
2474 3074 2746 3128 Bonorum
2785 3074 2862 3127 vel
2900 3075 2954 3128 in
2981 3076 3112 3131 salis
3143 3077 3281 3130 mica
3321 3076 3527 3146 religio.

1084 3168 1355 3205 τηοησιο.

1084 3168 1116 3203 τ
1237 3166 1298 3204 σι
1344 3193 1355 3205 .

434 3240 594 3294 Δεῦτ’
626 3241 798 3309 ἄγετ’,
829 3240 962 3294 ἴδετε
990 3167 1266 3312 Emungi?
1296 3172 1523 3314 ἕσχετα,
1549 3240 1702 3296 εἶπεν
1741 3242 2008 3312 Ἀχιλλᾶς.
2039 3271 2078 3330 c

2044 3271 2082 3330 Ε
2116 3227 2235 3284 IIue
2260 3243 2505 3300 propere,
2528 3239 2755 3298 actaque
2789 3229 2926 3283 mira
2965 3230 3240 3298 videbitis,
3271 3233 3468 3302 inquit.
3503 3231 3688 3286 Achil-

3431 3325 3510 3379 las
3543 3323 3682 3387 (26),

513 3418 721 3488 Ψωμὸν
749 3419 882 3472 ἔδων
913 3418 1109 3489 βάπτει
1138 3420 1218 3483 εἰς
1244 3420 1379 3483 ἃλας
1411 3421 1658 3484 Ἡσαΐας.

2049 3323 2082 3330 ⁷
3403 3323 3510 3397 [las
3543 3323 3658 3394 (26)

2186 3413 2355 3468 Isaias
2388 3413 2624 3468 comedit
2661 3412 2895 3470 frustula
2928 3429 3115 3485 sparsa
3152 3415 3284 3470 sale.

437 3511 506 3564 Ei
539 3511 603 3588 σξ)
630 3510 813 3580 ζωμία
834 3511 1008 3565 ταῦτα
1031 3511 1370 3583 παραρτύειν
1392 3511 1696 3578 ὲθέλοισθα,

2114 3501 2193 3560 Ac
2220 3503 2269 3560 si
2293 3513 2347 3559 tu
2379 3505 2568 3574 cupias
2600 3507 2771 3577 magis
2807 3507 2920 3573 haec
2946 3507 3191 3570 condire,
3224 3506 3406 3560 venito

514 3601 674 3672 Δεῦρ’
709 3601 778 3654 ἴθ’
807 3602 865 3655 ὲν
890 3602 1174 3674 Αἰγύπτῳ,
1200 3601 1364 3674 οὔρεα
1391 3602 1435 3656 δ’
1466 3603 1797 3674 ὲγκρατέων.

2187 3596 2484 3669 Promptus
2518 3599 2574 3653 in
2601 3599 2922 3671 Egyptum,
2949 3599 3388 3669 monticolasque
3416 3597 3561 3652 vide.

439 3708 562 3765 315'.
598 3712 718 3765 Ὅτι
754 3711 941 3767 αἰτεῖν
965 3713 1058 3767 δεῖ
1091 3711 1326 3781 πρῶτον
1357 3712 1472 3782 τὴν
1509 3713 1616 3770 τοῦ
1648 3713 1797 3770 Θεοῦ
1828 3714 2015 3780 ,ϐασι-

1937 3730 2015 3769 γι-
2221 3705 2386 3764 LXV.
2443 3707 2685 3762 Primum
2709 3712 3043 3778 quwrendum
3080 3724 3192 3762 esse
3222 3724 3438 3779 regnum
3463 3706 3581 3761 Dei.

763 3891 790 3904 η
825 3892 875 3904 υ
1129 3785 1348 3904 tum";
1437 3896 1448 3904 -
1599 3896 1612 3904 ‘
1875 3894 1957 3904 μ’
2119 3819 2286 3876 Multa
2320 3817 2491 3874 Deum
2542 3833 2732 3889 posco,
2758 3819 2851 3874 sed
2879 3819 2951 3873 nil
2985 3817 3305 3873 conceditur
3333 3818 3530 3872 horum
3567 3833 3582 3870 :

442 3892 625 3947 Πολλὰ
656 3892 790 3946 Θεοῦ
820 3892 1030 3964 δέομαι,
1061 3893 1266 3948 τούτων
1301 3894 1360 3949 δὲ
1394 3896 1448 3948 τί
1481 3896 1762 3968 κραίνεται
1783 3914 1798 3964 ;
1823 3894 2015 3950 οὐδέν.

2193 3912 2323 3979 Qui,
2357 3911 2531 3977 Theo,
2555 3911 2781 3980 contigit
2810 3910 2913 3965 hoc
2928 3910 2958 3964 ?‘
2986 3909 3114 3980 quid
3144 3910 3298 3965 decet
3327 3908 3416 3963 hic
3447 3907 3668 3963 facere?

519 3987 641 4051 Πῶς
665 3987 770 4041 τόδ’
796 3988 992 4055 ἔνεστι,
1017 3988 1194 4056 θέων;
1231 3989 1347 4053 πῶς
1375 3989 1493 4043 δέον
1521 3990 1638 4042 ἐστὶ
1669 3993 1830 4061 τυχόν
1855 4009 1871 4058 ;
2125 4003 2163 4060 ι]

2125 4003 2302 4060 Unum
2343 4002 2679 4074 poscendum
2707 4010 2792 4056 est
2821 4001 3018 4070 primo,
3057 4015 3181 4054 mox
3207 4008 3400 4054 caetera
3425 3995 3651 4051 habebis
3676 4012 3690 4048 :

444 4080 650 4151 Πρῶτα
679 4082 740 4135 τδ
765 4082 822 4135 ἓν
848 4081 892 4134 δ’
919 4083 1114 4147 αἰτεῖν,
1147 4083 1241 4135 καὶ
1270 4081 1459 4152 ἕψεται
1485 4083 1684 4136 αὐτίκα
1717 4086 1813 4137 καὶ
1837 4086 1907 4140 τά
1929 4105 1943 4121 ο

2195 4092 2252 4148 Si
2287 4093 2370 4148 vis
2393 4092 2587 4157 multa,
2621 4105 2790 4145 unum
2823 4089 2937 4156 jam
2971 4103 3192 4158 quoque
3221 4097 3275 4143 et
3313 4086 3446 4140 illud
3476 4085 3610 4140 abit.

519 4173 580 4226 Ei
609 4173 666 4227 δὲ
693 4173 760 4226 τὰ
789 4173 960 4227 πολλὰ
981 4172 1176 4240 θέλεις,
1208 4175 1303 4230 καὶ
1349 4173 1408 4229 τὸ
1440 4175 1500 4227 ἒν
1529 4174 1694 4245 οἴχεθ’
1727 4175 1864 4247 ἅμα.

691 4283 824 4352 Ξςκ
856 4284 1229 4352 Προσεκτέον
1243 4283 1486 4354 μᾶλλον
1518 4286 1772 4353 ἑαυτοῖς.

2367 4282 2551 4339 LXVI.
2585 4283 2889 4352 Sibipotius
2908 4275 3280 4337 attendendum
3309 4295 3442 4335 esse.

443 4393 681 4464 Κρίνετό
704 4410 787 4457 τις
811 4393 1039 4464 φθορίης
1065 4409 1082 4426 ο
1111 4393 1330 4464 κληθεὶς
1362 4393 1421 4447 δὲ
1446 4393 1596 4465 Πίωρ
1628 4396 1720 4447 ἐπὶ
1749 4396 1947 4466 τούτῳ,

1770 4396 1947 4466 mw,
2120 4371 2394 4429 Iudicium
2420 4372 2486 4426 ad
2515 4371 2688 4439 stupri
2713 4369 2983 4424 damnata:
3018 4367 3157 4424 forte
3188 4377 3414 4466 vocatus

517 4482 678 4538 Ἧλθ⁹
709 4456 804 4538 ἐπὶ
824 4456 1442 4557 ⁷νῶταἰρέρωνυψάμμον
1471 4456 1578 4558 ὅλῃ.
1598 4488 1839 4557 σπυρίδι.
1896 4456 1907 4466 ’
1932 4456 1942 4462 ⁷
2138 4555 2148 4558 _

1809 4505 1839 4541 ι,
1896 4456 1942 4466 ’⁷
2194 4462 2342 4527 Pior,
2373 4470 2612 4532 sportam
2647 4467 2840 4514 onerat
2881 4473 3022 4528 pone
3052 4458 3203 4526 gravi
3239 4456 3453 4512 sabulo.

447 4578 661 4649 Πρόσθε
684 4577 729 4630 δ’
757 4577 846 4648 έχε
872 4547 1048 4647 δράκα
1071 4547 1253 4648 τῆσδε,
1275 4547 1371 4631 καλ
1399 4578 1518 4648 ῐαχε
1540 4547 1568 4607 Γ
1590 4547 1755 4648 Τάμα
1777 4579 2018 4636 τοσαῦτα
2051 4632 2090 4649 ἢ

2121 4555 2262 4610 Ante
2284 4570 2451 4610 manu
2481 4552 2742 4609 claudens
2769 4560 3002 4620 partem,
3028 4549 3204 4618 inquit
3235 4565 3248 4602 :
3276 4548 3414 4603 Cum
3443 4561 3560 4601 mea
3585 4547 3695 4600 sint

532 4671 682 4725 Ἐστὶ
702 4632 926 4741 mirati);
955 4670 1095 4740 ὁρόω
1118 4632 1136 4702 ί
1162 4632 1382 4735 τιίξένα
1411 4632 1758 4738 δ’ἢὲξετάσω;
2051 4632 2095 4689 D

2051 4632 2095 4689 ι)
2193 4646 2310 4702 Non
2344 4661 2534 4712 cerno,
2567 4660 2806 4716 quaeram
2839 4660 2938 4700 cur
2975 4642 3259 4712 peregrina
3287 4640 3467 4696 mala?
3530 4638 3694 4710 [haee,

518 4781 636 4838 ΞΖ’.
668 4782 925 4852 Συζυγια
952 4781 1162 4852 ’ψυχῆς
1192 4782 1291 4836 καὶ
1332 4780 1607 4852 σώματος
1651 4782 1945 4852 ἄληπτος.
2120 4777 2162 4833 L

2120 4775 2333 4833 LXVII.
2357 4775 2679 4845 Coniugium
2707 4761 2875 4827 animi
2904 4787 3022 4824 cum
3053 4785 3291 4838 corpore,
3336 4766 3548 4838 difﬁcile
3575 4783 3697 4837 per-

2689 4855 2838 4912 ceptu
2869 4858 2979 4896 esse
3017 4841 3152 4910 (‘27).

447 4959 517 5014 El
538 4958 637 5030 τὴν
670 4957 850 5031 σάρκα
880 4956 1432 5029 φιλῶ,’πολεμὶζομαι
1457 4973 1471 4988 ⁸
1499 4957 1550 5011 εἰ
1579 4957 1882 5030 πολεμίζω,

2125 4953 2303 5026 Diligo
2324 4955 2372 5011 si
2401 4968 2644 5018 carnem,
2679 4952 2881 5008 bellum
2907 4956 2993 5005 est
3024 4949 3156 5002 mihi
3196 4966 3209 5002 :
3235 4947 3280 5003 si
3305 4961 3435 5016 gero
3468 4945 3631 5011 bella,

454 5093 469 5107 .
590 5092 606 5107 .
717 5093 732 5107 .
848 5089 862 5105 .
978 5089 993 5105 .
1043 5084 1050 5107 ι
1107 5089 1122 5105 .
1234 5066 1250 5081 ο
1365 5091 1379 5105 .
1492 5086 1509 5104 .
1623 5090 1639 5105 .
1753 5090 1769 5106 .
1883 5089 1899 5104 .
2011 5087 2028 5104 .
2200 5047 2742 5109 Vexor:sitemno,
2780 5043 2860 5098 sic
2883 5055 3104 5111 quoque
3133 5041 3426 5109 despicior.

450 5145 760 5218 Τρύχομαιο
791 5143 950 5214 εἴπερ
973 5149 1139 5214 τιμῶ,
1163 5141 1489 5213 σφάλλομαι,
1521 5140 1662 5212 ᾤμοι
1682 5141 1856 5210 ἔγωγε
1883 5142 1896 5195 l

2131 5138 2189 5196 Si
2228 5141 2370 5204 colo,
2411 5137 2676 5207 decipior,
2712 5135 2972 5188 miserum
3007 5147 3096 5186 me
3120 5133 3134 5185 ι
3158 5131 3419 5202 quidnam
3447 5141 3546 5186 ero
3577 5139 3699 5183 tan-

3470 5221 3661 5276 Idem?

523 5327 620 5392 Τίς
645 5326 897 5397 γένομαι,
920 5325 1015 5379 καὶ
1041 5325 1132 5378 ποῖ
1158 5323 1395 5395 τράπομ’
1425 5321 1701 5376 ἀστατέων
1729 5320 1912 5385 ἄθλιος
1935 5337 1951 5388 ;

3470 5221 3616 5292 [dem

2195 5319 2444 5387 Quonam
2477 5333 2566 5374 me
2589 5325 2793 5374 vertam
2811 5316 2836 5368 ?
2871 5327 3103 5384 quemve
3135 5311 3332 5367 tenebo
3360 5309 3624 5365 modum?

1179 5431 1306 5489 EH’.
2800 5419 3035 5479 LXVIII.

458 5550 861 5621 Συγκατέσαινε
887 5549 1064 5620 γέρων
1084 5546 1302 5616 ἑτάροις
1327 5542 1478 5613 σφίσι
1502 5558 1514 5570 ·
1546 5542 1637 5595 τὸν
1661 5540 1718 5594 δέ
1741 5510 1826 5604 τις
1858 5539 2026 5612 ἀρχὸς

1858 5539 2026 5612 ἀρχὸς
2126 5538 2283 5606 Quod
2319 5539 2534 5595 vetulus
2567 5536 2735 5594 sociis
2757 5551 2880 5592 sese
2909 5533 3282 5595 submitteret,
3311 5532 3491 5603 ipsum

523 5706 638 5778 (2t)
676 5706 918 5778 IIoeest,
942 5703 1016 5778 iis
1043 5703 1135 5772 qui
1162 5717 1220 5778 _s_c
1247 5700 1449 5778 vigiliis
1474 5704 1810 5778 exerpt‘nl-"-
1863 5749 1895 5778 ι,
2015 5772 2026 5778 Α
2134 5695 2476 5778 ευξηρῐὶξιῐηε
2851 5761 2913 5778 __
3179 5756 3369 5778 ,μί-μ,

526 5756 640 5848 (325’)
679 5756 752 5830 Il:
769 5756 1240 5848 hit—q:_l_)e_mori_b.
1274 5756 1476 5848 Eeeles.
1509 5769 1654 5823 cath.
1693 5786 1707 5823 :
1741 5756 1924 5819 Facile
1950 5772 2028 5820 est
2208 5765 2321 5836 (‘27)
2360 5760 3151 5848 Innhoc.tetrasti'elronGrteeo
3179 5756 3517 5848 inte-reisue}
3537 5756 3708 5813 altero

451 5831 732 5911 simulare,
765 5855 813 5900 et
847 5831 1069 5912 difﬁcile
1101 5843 1288 5894 habere
1310 5842 1595 5912 virtutem._
1668 5905 1716 5912 η
1889 5904 1901 5912 _
2135 5831 2540 5900 vet‘su'mutilo,
2560 5831 2918 5890 divinandum
2947 5831 3064 5896 luit,
3095 5837 3154 5884 ut
3183 5831 3237 5883 in
3256 5831 3527 5898 sequenti.

529 5919 645 5988 (9.6)
680 5904 801 5975 lsut
823 5904 1632 5986 sacerdos'subscripsitsynodo
1654 5905 1808 5962 Alex.
1837 5904 2027 5960 adver-
