4164 6410
614 383 720 443 εδει
1839 389 1969 449 JOA
1980 392 2081 453 NN
2089 393 2161 455 IS
2199 396 2630 463 GEOMETRAS
3742 428 3831 490 894

685 502 806 556 Dux
840 502 1033 573 carpit,
1069 518 1254 558 vocem
1289 502 1331 557 is
1364 503 1525 567 tollit,
1557 514 1607 559 et
1635 502 1733 558 IIie
1759 505 1941 575 jacula
1977 527 1990 563 :
2216 520 2258 577 Α

2216 520 2258 577 Α
2360 519 2633 589 Μέμφεθ’,
2662 521 2691 577 ὁ
2709 524 2756 577 δ’
2784 525 3017 580 ἀντεόόα
3040 543 3052 557 ⁸
3094 530 3256 583 Ἕλκε
3284 531 3345 583 τὸ
3373 533 3520 596 τόξον
3550 535 3708 605 ἅπαξ,

616 600 793 666 Atque
814 597 995 659 iterat,
1024 596 1117 651 sed
1155 596 1234 650 vis
1254 595 1413 664 perit,
1446 604 1500 650 et
1527 610 1650 659 mox
1680 598 1956 667 rumpitur
1979 614 2141 656 arcus
2171 621 2183 656 :

2292 606 2402 700 Καὶ
2432 610 2609 676 πάλιν,
2645 608 2763 665 εἶτα
2788 615 2948 669 πάλιν
2969 632 2981 645 ·
3009 616 3122 672 ἀλλ’
3145 619 3398 686 ἄγνυται,
3430 595 3549 676 οὐδέ
3574 643 3651 688 τις
3674 595 3829 700 ἰσχύς.

682 688 903 745 Gnavus
938 690 1041 745 erit
1076 689 1324 759 posthac,
1355 688 1448 757 qui
1482 687 1646 753 modo
1687 688 1870 755 segnis
1899 702 2015 755 erat
2046 691 2181 762 (28).

2069 692 2181 761 28).
2358 696 2486 753 Ὧδε
2520 703 2613 756 καὶ
2651 706 2787 774 τῇδ’,
2817 707 2845 757 ὁ
2876 707 2922 763 δ’
2952 710 3104 774 ἀνεὶς
3137 711 3363 783 ἄλκιμός
3391 717 3505 768 ἐστι
3538 687 3710 776 πάλιν.

608 803 794 860 LXIX.
828 803 981 870 Quod
1002 803 1288 873 iracundus
1314 816 1417 854 non
1443 801 1508 853 sit
1526 800 1701 853 divino
1728 800 1935 868 Spiritu
1950 801 2180 871 amatus.

1966 801 2180 871 tﬁlatus.
2570 814 2691 870 ΞΘ’.
2731 818 2851 877 Ὅτι
2884 820 3127 889 ὀργίλος
3161 823 3362 890 οὐδεὶς
3387 826 3610 895 ἔνθεος.

606 916 687 968 Ira
733 915 993 982 furorque
1028 912 1132 985 piis
1160 910 1445 965 monachis
1474 910 1653 965 aliena
1686 926 1700 963 :
1732 909 2006 980 benignus

2303 920 2467 1008 Ὀργὴ
2500 926 2594 977 καὶ
2623 925 2795 996 θυμὸς
2857 935 3113 999 μοναχοῖς
3142 932 3302 999 ξένα⁶
3335 937 3384 988 ει
3416 937 3524 1008 γὰρ
3558 939 3777 1008 Χριστὸς

673 1006 807 1077 Nam
844 1004 889 1058 si
924 1001 1196 1065 Christus,
1226 1010 1389 1054 erunt
1425 1000 1783 1055 Christocolze
1813 1001 2008 1069 placidi
2040 1020 2057 1056 :

1813 1001 2008 1069 placidi
2040 1020 2057 1056 :
2360 1002 2578 1078 Ἦπιος,
2609 1017 2761 1086 ἤπιοι
2797 1017 2862 1071 ἂν
2891 1014 2999 1074 εἷεν
3032 1022 3091 1077 ὲν
3121 1017 3228 1076 οἶσι
3266 1022 3438 1095 μένει.

604 1096 747 1165 Ergo
774 1095 1097 1155 iracundus,
1131 1094 1260 1147 licet
1291 1094 1369 1145 ire
1397 1091 1662 1145 cadavera
1699 1102 1880 1161 cogat,

2286 1102 2401 1165 Πᾶς
2426 1099 2519 1158 οὖν
2556 1106 2794 1175 ὀργίλος,
2827 1110 2876 1161 ει
2906 1111 3003 1162 καὶ
3034 1091 3359 1177 τεθνειῶτας
3388 1116 3612 1186 ἐγείρει,

676 1188 873 1244 lurans
904 1203 964 1242 se
990 1185 1217 1249 Christi,
1249 1185 1475 1255 pejerat,
1508 1197 1629 1237 esse
1662 1184 1862 1237 virum.

2358 1196 2735 1266 Ψεύδετ’ἐμεν
2765 1200 3030 1268 Χριστοῦ,
3059 1202 3162 1258 κᾶν
3189 1206 3460 1275 ὲπόμνυσι
3486 1184 3644 1278 μέγα.

830 1297 994 1353 LXX.
1050 1297 1224 1350 Vitam
1262 1313 1376 1351 esse
1405 1296 1629 1363 speciem
1660 1306 1952 1351 mercatus.

2528 1306 2603 1371 0'.
2641 1309 2769 1363 Ὀτι
2790 1314 3177 1382 πανηγύρεως
3207 1312 3367 1383 εἶδος
3392 1321 3425 1373 ὁ
3449 1319 3608 1386 βίος.

600 1409 670 1464 Ut
697 1408 908 1467 fruerer
935 1405 1213 1477 paradiso,
1244 1404 1421 1472 inquit
1443 1404 1647 1469 senior,
1684 1402 1816 1457 dare
1841 1404 2036 1457 vellem

2408 1414 2592 1505 ξΕδὲμ,
2612 1411 2733 1481 εἶπε
2748 1418 2949 1487 γέρων,
2973 1422 3065 1474 καὶ
3083 1422 3202 1477 ὅλον
3222 1426 3270 1494 ῤ’
3287 1426 3387 1495 ἐμὲ
3406 1426 3528 1490 δοὺς
3557 1431 3810 1505 ἐπριάμην

656 1495 876 1571 Memet,
912 1496 1007 1549 sed
1041 1495 1215 1548 frusto
1248 1492 1503 1546 venditur
1525 1502 1576 1547 et
1604 1493 1782 1557 latice,

2350 1503 2465 1556 Νῦν
2492 1505 2537 1558 δ’
2569 1507 2649 1559 ὅτι
2678 1506 2937 1562 πωλεῖται
2974 1509 3165 1576 ὕδατος
3204 1513 3237 1583 ἥ
3265 1517 3559 1585 τεμάχους,

596 1591 706 1644 Aut
746 1587 815 1647 ad
856 1568 1142 1641 ‘summum
1176 1584 1362 1650 obolo,
1413 1593 1466 1638 et
1517 1586 1942 1655 contemnimus,
1977 1601 2009 1641 ο
2039 1588 2180 1644 male

2282 1596 2394 1648 Kal
2432 1596 2631 1651 6601.06,
2666 1599 2728 1652 τὸ
2764 1600 3019 1669 μέγιστον
3068 1568 3441 1676 ἀφέσταμενῗ
3463 1568 3660 1663 alibi}:
3688 1608 3830 1682 θωῆς,

663 1678 723 1732 In
760 1689 870 1732 tam
899 1677 1194 1731 exundanti
1225 1675 1373 1730 fonte
1406 1676 1585 1744 perire
1617 1676 1731 1731 siti.
1895 1676 2146 1749 [Iactum,

1722 1714 1731 1731 .
1895 1676 2146 1749 ﬂuctum,
2350 1688 2654 1761 Νήχυτοςή
2688 1692 2859 1763 πηγὴ,
2902 1692 3045 1763 δίψεϊ
3072 1695 3366 1766 ὀλλύμεθα,

595 1786 784 1843 LXXI.
812 1788 895 1842 Ea:
908 1786 1035 1841 solis
1053 1784 1295 1854 operibus
1318 1783 1545 1838 salutem
1576 1785 1899 1854 sperandam
1918 1804 2020 1841 non
2039 1804 2171 1855 esse.
2204 1846 2239 1905 Ε

2128 1804 2171 1842 ϐ·
2204 1846 2251 1905 Β
2351 1797 2475 1852 υΑ’.
2508 1801 2637 1854 Ὅτι
2666 1802 2734 1868 ἐξ
2756 1803 2946 1873 ἔργων
2973 1805 3347 1861 ἀνέλπιστον
3379 1808 3446 1862 τὸ
3473 1811 3772 1881 σωτήριον.

596 1899 653 1954 Si
684 1899 882 1953 delicta
910 1896 1005 1951 Dei
1030 1910 1269 1965 praesens
1297 1894 1581 1949 clementia
1616 1897 1780 1961 delet,
2204 1894 2240 1905 ‘"

2204 1894 2249 1905 ν
2280 1908 2346 1962 EI
2379 1909 2479 1979 μὲν
2501 1911 2830 1966 ἁποπλυνέει
2859 1913 2959 1977 τὰς
2997 1914 3315 1982 ἀμπλακίας
3339 1916 3472 1980 Θεὸς
3496 1918 3676 1988 οἴκτῳ,

665 1989 923 2058 Qumdam
956 1988 1120 2042 etiam
1157 1986 1287 2040 mihi
1318 2001 1462 2056 spes,
1493 1985 1697 2043 Lucius
1728 1988 1924 2058 inquit,
1961 1990 2087 2047 erit.

1814 1989 1924 2058 luit,
1961 1990 2087 2047 erit.
2354 2001 2511 2053 Ἔστι
2542 2019 2626 2067 τις
2653 2002 2808 2067 ὲλπίς
2844 2021 2951 2073 μοι,
2989 2005 3219 2068 Λούκιος
3246 2005 3458 2070 ἐξεϐόα.

590 2081 660 2137 At
692 2081 738 2136 si
776 2080 906 2134 illud
939 2079 1072 2134 solis
1111 2078 1370 2148 lacrymis
1394 2078 1472 2145 tit,
1511 2086 1723 2149 tergere
1752 2081 1843 2135 vix
1871 2096 1963 2137 me

2278 2091 2342 2145 El
2366 2092 2411 2146 δ’
2438 2093 2532 2146 ἐπὶ
2558 2094 2792 2163 δάκρυσι
2825 2096 2932 2149 τόδ’
2966 2096 3333 2165 ἐπιγίγνεται,
3370 2099 3581 2151 εἴκοσιν
3618 2098 3787 2169 ἄνδρες

660 2174 753 2228 Bis
790 2171 913 2226 deni
940 2185 1153 2226 mecum
1177 2169 1620 2241 collacrymando
1645 2182 1869 2245 queant.

2346 2186 2449 2238 Σὺν
2477 2186 2569 2255 μοὶ
2598 2186 2937 2256 ὀδυρόμενοι,
2969 2189 3029 2241 οὐ
3060 2187 3353 2242 πλυνέουσί
3383 2190 3437 2243 τί
3470 2207 3597 2260 μου.

646 2281 858 2341 LXXII.
895 2280 1050 2347 Quod
1086 2289 1373 2349 paupertas
1401 2279 1732 2335 tolerabilior
1759 2281 1829 2335 sit
1865 2282 2094 2337 divitiis.

2013 2282 2094 2336 ῐίεο
2455 2296 2715 2351 OB'."0u
2742 2296 3153 2365 εὐφορώτερον
3177 2299 3447 2352 πλούτου
3484 2300 3657 2353 πενία

587 2392 740 2451 Talia
775 2391 1041 2449 divitibus
1072 2390 1422 2460 contingunt,
1456 2389 1660 2458 oppida
1685 2390 1902 2447 Mavors

2277 2407 2385 2463 Kal
2410 2406 2539 2461 τάδε
2563 2408 2676 2469 τοῖς
2703 2407 2993 2460 πλουτοῦσι
3023 2408 3287 2461 τελείεται
3309 2422 3326 2439 ⁸
3358 2408 3469 2462 εὖτ’
3506 2409 3611 2462 ἀνὰ.
3634 2408 3753 2463 sm

658 2484 793 2539 Cum
824 2483 1019 2553 quatit,
1054 2481 1252 2536 armati
1287 2480 1694 2549 depopulantur
1724 2496 1906 2551 agros,

2348 2500 2568 2570 Ἔρχετ’
2604 2500 2797 2570 Ἀρης,
2826 2500 2979 2553 αὐτοὶ
3004 2500 3049 2552 δ’
3078 2500 3370 2570 ὀλλύμενον
3394 2503 3487 2554 τὸν
3513 2500 3672 2570 ἀγρὸν

584 2579 850 2632 Armenta
876 2577 1176 2638 intereunt,
1208 2575 1509 2643 locupletes
1544 2574 1720 2643 pallor
1746 2584 1798 2629 et
1820 2578 2025 2629 horror

2273 2592 2387 2645 Kal
2413 2591 2514 2654 τὰς
2546 2590 2670 2661 βοῦς
2710 2591 3057 2662 προορῶντες
3097 2592 3468 2662 ὑπωχριόωσι,
3501 2593 3688 2660 γοῶσι·

654 2670 865 2726 Invadit
899 2687 910 2721 :
940 2682 1147 2737 pauper
1186 2666 1346 2731 ridet,
1373 2675 1428 2721 et
1459 2667 1667 2735 absque
1689 2674 1834 2721 metu
1867 2674 1974 2721 est.

2343 2683 2562 2753 Κοῦφος
2592 2682 2689 2754 ἔϐη
2724 2682 2767 2735 δ’
2800 2684 2829 2736 ὁ
2856 2684 3047 2753 πένης,
3085 2684 3147 2737 τὸ
3176 2685 3338 2737 πλέον
3370 2684 3658 2753 ὲγγελόων.

653 2779 892 2835 LXXIII.
917 2778 1071 2845 Quod
1102 2778 1419 2832 abstinentia
1446 2795 1475 2830 a
1505 2778 1660 2832 malis
1697 2778 1765 2832 sit
1791 2777 2092 2848 multiplex.

2361 2795 2482 2850 Ol".
2518 2795 2646 2848 ’Ότι
2676 2795 3069 2863 πολύτροπος
3097 2796 3134 2863 ἡ
3165 2796 3366 2863 ἀποχὴ
3398 2794 3520 2849 τῶν
3544 2794 3746 2851 κακῶν.

581 2889 855 2961 urgemus
884 2890 1105 2946 είδυεοδ
1133 2889 1456 2944 δδδίιίεουίη
1492 2898 1656 2958 δίψιθ
1685 2889 1873 2958 πδβίάθ
1904 2888 2038 2958 Dim:
2283 2903 2514 2959 Ἀσπίδα
2546 2904 2643 2958 καὶ
2679 2902 2991 2973 βασιλίσκον
3023 2881 3455 2969 ἀποκλείσαντες
3481 2908 3539 2958 ἐν
3572 2906 3733 2974 ὅλμῳ,

652 2986 829 3054 Atque
864 2985 1074 3039 leonem
1099 2983 1266 3037 arctis
1294 2983 1501 3036 retibus
1537 2981 1861 3051 implicitum
1897 2999 1909 3035 :

1811 2997 1861 3035 m
1897 2999 1909 3035 ε
2340 2997 2623 3066 Δήσαιμεν
2649 2996 2743 3061 καὶ
2770 2996 2852 3048 λὶν
2885 2995 3087 3067 ἄρκυσι
3122 2997 3454 3067 ῥωμαλέοις.

581 3074 674 3130 Sic
706 3074 874 3128 animi
913 3083 1134 3129 sensum
1171 3071 1317 3141 quod
1351 3085 1459 3126 non
1490 3071 1735 3140 procedit
1761 3071 1827 3125 ad
1860 3080 2039 3126 actum

2270 3081 2341 3160 τῼ
2376 3088 2434 3141 δὲ
2467 3088 2729 3157 λογισμὸς
2766 3087 2935 3152 ἅπας,
2968 3089 3117 3150 ὅστις
3147 3088 3221 3158 μὴ
3251 3088 3338 3140 ἐπ’
3376 3088 3513 3158 ἔργα
3545 3088 3813 3159 προϐαίνει,

639 3165 815 3221 Omne
850 3166 1001 3219 intus
1033 3179 1285 3234 pressum
1318 3163 1597 3233 spargitur
1630 3177 1805 3232 usque
1839 3163 1951 3218 cito
1979 3160 2116 3232 (29).
2190 3204 2234 3262 ο

1927 3177 1951 3217 ο
1979 3160 2116 3232 (29)ο
2190 3204 2234 3262 c
2348 3180 2560 3233 Ἔνδοθι
2596 3180 2926 3251 συμπνιγε“ις
2956 3179 3202 3233 κίδναται
3237 3182 3571 3251 ἐσσυμένως.

580 3276 813 3334 LXXIV.
866 3276 1206 3333 Consortium
1257 3276 1785 3362 etnfamiliari'tatem
1828 3290 1948 3327 cum
2010 3272 2160 3328 bonis

2268 3287 2385 3342 OA'-
2428 3288 2556 3342 ’Ότι
2585 3288 2898 3356 παραίτιον
2917 3288 3152 3357 ἀγαθῶν
3172 3291 3209 3359 ἡ
3238 3289 3356 3345 τῶν
3375 3292 3610 3360 ἀγαθῶν
3626 3292 3812 3362 ὁμιλία.

849 3365 1069 3402 causam
1095 3363 1205 3401 esse
1240 3348 1583 3415 adjuvantem
1614 3346 1893 3399 bonorum.

575 3458 733 3514 Tune
754 3466 959 3515 metum
985 3456 1170 3527 poscis
1194 3456 1481 3510 divinum?
1506 3455 1560 3509 In
1590 3464 1812 3525 pectore
1831 3454 2031 3525 cuique
2053 3463 2173 3527 est.

2170 3524 2173 3527 ν
2263 3466 2437 3534 Δεῖμα
2463 3463 2609 3535 Θεοῦ
2639 3463 2825 3535 ζητεῖς
2850 3481 2863 3528 ;
2890 3465 2962 3518 Τὸ
2987 3466 3031 3519 δ’
3060 3468 3141 3521 ὲν).
3168 3468 3333 3538 φρεσὶ
3363 3472 3544 3523 κεῖται
3571 3470 3779 3524 ἑκάστου
3800 3484 3811 3501 ·

645 3548 801 3623 Quod
834 3546 903 3613 si,
931 3561 1054 3602 cum
1087 3546 1281 3614 cupias
1312 3546 1573 3611 maxime,
1607 3545 1801 3601 abesse
1823 3545 1999 3609 vides,

1993 3587 1999 3606 ι
2335 3559 2400 3610 Εἰ
2425 3557 2482 3610 δὲ
2516 3559 2580 3611 σὺ
2616 3558 2717 3629 μὲν
2751 3558 2982 3625 ἐθέλεις,
3017 3563 3164 3615 κεῖνο
3184 3562 3241 3615 δὲ
3271 3562 3472 3633 μᾶλλον
3505 3565 3637 3634 ἀπῇ,

572 3643 654 3694 Ad
689 3649 943 3696 sanctum
982 3638 1179 3694 secede
1210 3639 1387 3692 virum
1419 3658 1430 3692 :
1460 3639 1678 3696 Mollem
1715 3641 1929 3711 impulit
1957 3637 2086 3694 olim

2260 3648 2420 3716 Δεῦρ¹
2453 3648 2525 3701 ἴθι
2559 3648 2688 3719 θείῳ
2720 3649 2889 3722 ἀνδρὶ
2915 3651 3175 3722 συνέρχεο
3200 3665 3212 3678 ·
3250 3653 3342 3704 τὸν
3368 3654 3480 3723 γὰρ
3511 3654 3753 3723 ἄνανδρον

646 3729 839 3800 Magna
861 3729 1283 3784 Themistoclem
1310 3729 1567 3786 Miltiadis
1595 3732 1865 3802 probitas.

1862 3774 1865 3785 .
2332 3736 2503 3809 Ὦρσε
2532 3740 2908 3812 Θεμιστοκλῆν
2936 3738 3076 3796 ἆθλα
3097 3744 3165 3797 τὰ
3189 3744 3506 3798 Μιλτιάδου.

572 3840 786 3896 LXXV.
821 3840 974 3907 Quod
1005 3841 1151 3926 locus
1172 3912 1184 3926 1
1205 3841 1261 3922 in
1293 3858 1394 3911 quo
1420 3844 1610 3926 minus
1639 3854 1715 3899 est
1752 3845 2157 3915 consolationis,

2260 3849 2381 3923 QE'.
2412 3852 2539 3905 Ὅτι
2564 3851 2631 3906 τὸ
2652 3852 3088 3921 ἁπαράκλητον
3130 3855 3237 3910 τοῦ
3267 3859 3458 3911 τόπου
3492 3853 3806 3926 ψυχωφελέ-

1039 3912 1312 3965 salubrior
1341 3913 1536 3967 animae
1563 3915 1657 3971 sit.
2142 3912 2149 3915 ’
2282 3912 2290 3923 ’

1526 3929 1536 3965 ξ
1563 3915 1657 3971 sit.
2142 3912 2149 3915 ’
2282 3912 2290 3923 ’
2771 3912 2790 3921 ’
2933 3912 3170 3994 ἀτερον.

569 4020 866 4087 Asperiore
896 4019 1017 4075 loco
1051 4019 1312 4089 degentes
1354 4021 1596 4091 perjuga
1620 4022 1869 4092 quidam,
1992 4058 1995 4059 ν

2261 4031 2607 4103 Τρηχύτερόν
2639 4050 2763 4087 τινα
2793 4033 2972 4105 χῶρον
3002 4035 3281 4106 όρίτροφοι
3310 4036 3485 4107 ᾤκεον
3519 4037 3719 4109 ἄνδρες,

642 4108 795 4164 Hunc
822 4120 882 4164 ut
909 4119 1265 4164 consererent
1299 4112 1614 4169 vomeribus
1644 4113 1926 4184 subigunt.

2328 4124 2434 4176 Τὸν
2454 4124 2501 4178 δ’
2531 4124 2626 4178 ἐπὶ
2656 4126 2921 4195 φυταλιὴν
2954 4128 3184 4181 σπεῦδον
3214 4108 3636 4201 ὲπιστρειρέμεν.

569 4200 725 4257 Tunc
755 4202 956 4272 aliquis
987 4203 1200 4257 monuit
1236 4220 1249 4256 :
1283 4201 1579 4259 Videamus
1602 4220 1672 4261 ne
1698 4206 1803 4261 ista
1834 4207 2093 4272 colendo,

2268 4212 2430 4266 Ἀλλά
2461 4230 2543 4278 τις
2568 4211 2722 4267 εἶπεν
2742 4233 2756 4247 ·
2800 4217 2995 4286 Ὁρᾶτε
3023 4218 3096 4289 μὴ
3129 4220 3187 4273 ὲν
3216 4219 3292 4289 τῷ
3318 4221 3457 4275 τόνδ’
3488 4219 3767 4292 ὁμαλίζειν,

640 4291 833 4348 Inculti
870 4308 1051 4348 mores
1085 4293 1287 4364 ingenii
1320 4305 1599 4351 maneant.
1730 4312 1737 4318 '

1730 4312 1737 4318 '
2329 4306 2532 4381 Ἀγρια
2557 4307 2626 4360 τὰ
2650 4307 2828 4379 ψυχῆς
2853 4309 2989 4380 ἤθεα
3013 4310 3316 4382 ληψόμεθα.

1222 4404 1461 4462 LXXVI.
2987 4422 3125 4492 οςῖν.

563 4509 782 4567 Levitas
813 4520 979 4581 atque
1006 4511 1230 4581 Atridas
1263 4513 1507 4582 plerique
1538 4524 1809 4573 vocarunt
2178 4553 2207 4608 ε

2178 4553 2223 4608 ι)
2256 4531 2527 4603 Ποιμένες
2572 4532 2862 4604 Ἀτρεῖδαι,
2896 4536 2991 4588 καὶ
3026 4536 3363 4607 ποιμένες·οἱ
3394 4522 3636 4606 Λευῖται,

636 4603 911 4667 Pastores,
959 4602 1051 4658 alii
1080 4618 1280 4657 nomen
1309 4604 1449 4658 idem
1489 4607 1734 4676 cupiunt.
2178 4602 2213 4608 ⁷

2178 4602 2213 4608 ⁷
2323 4623 2434 4675 Kal
2468 4602 2836 4679 rronolaou'cl
2871 4602 3502 4699 τοῦνομα-κλεψάμενοι.

562 4694 721 4750 Unus
751 4704 807 4749 at
842 4704 927 4748 est
965 4707 1091 4765 apte
1118 4696 1204 4749 cui
1235 4712 1434 4751 nomen
1464 4702 1717 4769 congruit
1744 4702 1927 4768 istud,

2259 4712 2400 4767 Ἀλλ’
2430 4709 2512 4779 εἷς
2538 4719 2655 4769 ἐστι
2680 4716 2760 4787 τῷ
2792 4717 2907 4770 ὄντι
2936 4721 2963 4771 ό
2992 4694 3233 4790 τοῦνομα
3260 4694 3619 4793 -κυνριόλεκτον

630 4785 837 4855 Nempe
862 4787 927 4849 is,
960 4788 1052 4855 qui
1088 4785 1261 4841 saltus
1290 4787 1477 4842 incolit
1506 4790 1795 4846 aztliercos.

2323 4806 2494 4861 Τοῦτο
2523 4785 2786 4879 φέρων,ήὸ
2820 4813 2999 4879 νέμων
3029 4785 3314 4886 οὐρανίῃσι
3343 4785 3564 4877 νάπαις.

735 4893 995 4950 LXXVII.
1032 4893 1188 4960 Quod
1222 4896 1318 4949 rite
1345 4899 1639 4965 precarisit
1671 4900 1902 4975 diﬁicile.

2502 4918 2623 4977 OZ'.
2655 4917 2785 4971 "Ott
2814 4919 3315 4991 δυσκατόρθωτον
3340 4926 3377 4991 ἡ
3405 4922 3580 4993 εὐχή.

561 4997 833 5055 Virtutem
868 5010 996 5057 ante
1036 5018 1255 5057 onmem
1290 5006 1457 5060 sudor
1487 5007 1626 5062 solet
1659 5008 2056 5080 irclaborque,

2258 5025 2368 5077 Kal
2398 5026 2579 5096 πάσης
2614 5028 2818 5097 ἀρετῆς
2848 5030 3046 5100 μόχθος
3071 5033 3411 5103 προπάροιθε
3443 5033 3539 5085 καὶ
3572 5030 3718 5104 ἱδρώς
3742 5046 3753 5060 ·

516 5111 525 5143 ε
633 5093 775 5150 Ante
806 5110 1105 5166 precesque
1148 5099 1345 5169 magis,
1383 5101 1527 5169 quod
1563 5117 1724 5158 secus
1781 5120 1902 5161 esse
1942 5114 2141 5175 putes:

1873 5120 1902 5161 e
1942 5114 2100 5175 pultis
2129 5124 2141 5158 τ
2322 5117 2433 5185 Τῆς
2459 5093 2627 5188 εὐνῆς
2653 5093 2711 5172 δὲ
2734 5093 2999 5186 scisam-“ei
3018 5093 3080 5190 γε
3112 5093 3206 5177 καὶ
3231 5093 3291 5178 οῦ
3323 5125 3517 5179 δοκέει.

559 5184 697 5240 Nam
724 5198 934 5257 quanto
966 5189 1137 5243 decus
1164 5200 1248 5244 est
1277 5192 1476 5260 majus,
1509 5202 1660 5247 tanto
1687 5211 1840 5266 mage
1871 5198 2086 5251 daemon

2249 5210 2357 5262 Kal
2376 5184 2484 5278 γὰρ
2516 5184 2641 5264 ὅσον
2657 5212 2716 5265 τὸ
2737 5184 2918 5278 κλέος,
2948 5184 3107 5268 res?»
3134 5217 3346 5285 εἰσάγει
3375 5217 3531 5270 ὄκνον
3556 5220 3582 5270 ὀ
3609 5215 3791 5285 δαίμων

634 5278 809 5333 Omne
836 5291 1017 5335 movet
1045 5298 1260 5346 saxum,
1300 5298 1410 5353 quo
1442 5282 1583 5339 ferat
1613 5302 1787 5356 usque
1817 5305 2052 5345 moram.

1873 5306 2052 5345 oram.
2319 5303 2504 5356 Πάντα
2538 5303 2686 5358 λίθον
2712 5307 2898 5374 κινῶν,
2933 5309 3165 5378 ἐσχάτου
3197 5278 3324 5380 ἄχρι
3348 5310 3517 5364 λίθου.

555 5387 839 5446 LXXVIII.
870 5389 1296 5516 Consolationzm
1331 5406 1565 5451 nostram
1600 5414 1629 5450 a
1655 5398 1839 5452 vicinis
1871 5402 2137 5467 accipietu-

1253 5482 1337 5516 am
1368 5482 1500 5519 esse.

2060 5418 2137 5453 ἠ’
2358 5416 2486 5469 OH'.
2508 5419 2976 5487 Παραμυθητέον
2999 5422 3252 5489 ἑαυτοὺς
3276 5423 3343 5475 ἐκ
3371 5421 3489 5477 τῶν
3508 5422 3704 5488 πέλας.

560 5567 694 5622 Cum
723 5584 873 5639 pater
895 5588 960 5627 ex
986 5573 1135 5629 obitu
1174 5574 1284 5627 nati
1318 5591 1553 5629 mter-ore
1577 5590 1835 5646 graxatus

2251 5590 2461 5659 Πατρὸς
2498 5593 2859 5664 ἁκηχεμένοιο
2891 5597 2963 5666 ἐῷ
2996 5597 3089 5650 ἐπὶ
3124 5599 3275 5653 παιδὶ
3312 5599 3521 5655 θανόντι

627 5744 740 5809 (‘28)
791 5749 1113 5813 Digladiatlu
1142 5749 1504 5812 acnigmatica.

632 5814 741 5879 (29)
778 5812 954 5867 Tacit.
986 5818 1021 5869 l.
1054 5837 1120 5871 xx
1156 5839 1169 5871 :
1213 5820 1388 5873 Etiam
1417 5823 1527 5889 {cru
1558 5825 1834 5891 animalia,
1869 5830 1913 5881 si
1945 5830 2129 5884 clausa
2164 5843 2356 5901 teneas,
2394 5836 2603 5893 virtutis
2628 5840 3027 5898 obliviscuntur.
