4164 6452
467 437 575 500 885

538 553 648 610 Καὶ
673 554 818 624 μάλα
853 555 1212 625 κοπτομένου,
1244 549 1365 608 εἷπε
1399 555 1591 626 παρὼν
1637 555 1831 610 Ἀσίων
1860 573 1871 585 ·

466 649 533 702 Ei
561 649 624 702 σὺ
661 649 1020 717 περικτιόνων
1051 647 1151 711 τὰς
1179 648 1468 719 δυστυχίας
1499 648 1772 718 λογίσαιο,

539 737 828 809 Βράσσονα
856 739 948 792 τὸν
983 737 1181 808 θρῆνον
1208 739 1356 812 λήψῃ
1382 740 1479 792 ἐπὶ
1518 741 1820 813 σφετέροις.

717 845 839 900 ΟΘ¹.
876 847 998 901 Ὅτι
1032 849 1072 916 ἡ
1102 848 1275 918 ἀργία
1307 850 1798 921 φιλαμαρτήμων.

468 957 713 1026 Ἦρχετο
744 955 894 1008 πέντ’
920 955 1016 1008 ἐπὶ
1047 956 1182 1026 μησὶ
1211 957 1427 1028 γέρον-εί
1457 975 1563 1022 τις,
1618 957 1763 1029 ὄφρα
1787 974 1840 1010 τι
1875 958 2005 1028 εἴπῃ
2033 974 2046 988 ·

544 1046 795 1115 Τύγχανε
821 1046 866 1098 δ’
894 1045 956 1098 ού
989 1045 1204 1117 καιροῦ·
1237 1045 1376 1116 ἔργα
1394 1047 1504 1118 γὰρ
1536 1046 1812 1116 ἐνδελεχῆ.

479 1138 610 1206 Ὀψὲ
635 1137 678 1191 δ’
717 1139 806 1209 ἄρ’
837 1137 1106 1208 ἀλγήσας,
1139 1138 1330 1206 Σύνες,
1374 1140 1544 1209 ἴαχεν,
1577 1139 1630 1192 ετ
1653 1139 1716 1206 γέ
1736 1155 1789 1190 τι
1822 1136 2016 1207 μικρὸν

543 1227 802 1300 ’Δσχολος
827 1225 894 1282 εἷ.
940 1230 999 1282 '0
1027 1229 1070 1283 δ’
1102 1231 1269 1301 ἀπρὶξ
1295 1231 1476 1300 εἴχετο
1504 1229 1612 1284 τῶν
1648 1229 1953 1302 προτέρων.

826 1339 908 1393 Π’.
950 1336 1278 1408 Διάγνωσις
1315 1338 1698 1408 ἐλλάμψεων.

470 1514 670 1583 Ἀνδρε
691 1511 786 1567 δύο
821 1513 962 1566 κατὰ
982 1514 1220 1584 Χριστὸν
1243 1514 1498 1585 ἐνήθλεον
1523 1530 1539 1547 ο
1571 1509 1652 1578 εἷς
1682 1513 1802 1585 μὲν,
1831 1513 2052 1582 ἀγῶνας

544 1604 922 1676 Θερμοτέρους
943 1621 957 1635 '
988 1607 1016 1658 ὁ
1040 1605 1097 1658 δὲ
1131 1605 1195 1676 δὴ
1222 1606 1492 1674 δεύτερος,
1527 1607 1885 1678 ἀργοτέρους.

465 1699 670 1769 Πρῶτοι
696 1698 754 1752 δέ
771 1699 821 1751 οί
850 1699 1094 1769 σκήνωσε
1125 1698 1276 1760 Θεός.
1321 1699 1477 1762 Τίνος
1511 1701 1724 1764 εἴνεκας
1753 1699 1906 1766 λέξον
1932 1715 1945 1730 ’

537 1788 716 1863 Ἦτορ
747 1790 955 1846 ἁπλοῦν
982 1791 1167 1844 ποθέει
1203 1791 1426 1864 Κύριος,
1457 1792 1489 1863 ἢ
1517 1793 1816 1861 καμάτους.

773 1904 901 1957 ΠΑ’.
944 1903 1076 1956 Ὅτι
1101 1901 1381 1968 διάϐολος
1407 1904 1441 1956 ό
1477 1901 1739 1971 φθονῶν.

467 2011 700 2083 "Apum;
722 2012 750 2064 ὁ
775 2010 1040 2080 φθονέσας
1077 2013 1332 2081 μερόπων
1357 2009 1539 2077 γένει·
1573 2012 1622 2064 εί
1669 2012 1726 2066 δὲ
1754 2015 1848 2066 καὶ
1890 2013 2051 2084 ἡμεῖς

553 2102 854 2173 Ἀλλήλοισι
899 2102 1071 2173 μύλας
1107 2102 1346 2174 θήγομεν
1376 2101 1724 2169 ἀλλοκότους,

463 2195 608 2250 Οὐδὲ
636 2194 708 2248 τὰ
727 2194 820 2248 τοῦ
849 2194 1057 2266 δρυμοῦ
1086 2194 1180 2260 ζῶ’
1211 2194 1433 2249 ἔσσεται
1462 2195 1618 2260 ἐκτὸς
1659 2195 1908 2268 ὀλέθρου,

543 2286 654 2340 Καὶ
674 2286 786 2339 τόθ’
812 2287 840 2339 ὁ
868 2285 1148 2356 βασκήνας
1171 2285 1342 2340 οὔτιν’
1369 2286 1546 2357 ἔχοιτο
1569 2286 1752 2344 πόνον.

615 2393 741 2449 IIB'.
767 2395 889 2448 Ὅτι
909 2397 942 2450 ό
963 2394 1110 2464 ἔρως
1141 2395 1263 2461 Θεῷ
1291 2397 1697 2452 καταπαύεται
1722 2399 1908 2467 μόγῳ.

541 2503 664 2569 Τόξ’
687 2504 954 2558 ἐνέτεινεν
976 2504 1140 2576 ἔρως,
1171 2506 1265 2560 καὶ
1294 2504 1462 2559 δείδια
1493 2504 1618 2570 ὀξὺν
1651 2505 1829 2560 ὀϊστόν
1852 2523 1868 2538 ο

541 2598 609 2651 Τί
630 2597 865 2667 πράξω;
901 2597 995 2662 τί;
1032 2597 1168 2660 τέως
1201 2597 1362 2650 ὅπλον
1395 2598 1546 2668 ἄειρέ
1572 2598 1625 2652 τί
1648 2615 1755 2654 σοι.

464 2687 607 2744 Εἶτα
637 2688 776 2758 φύγε
801 2687 1024 2759 Χριστῴ
1048 2703 1064 2720 ⁸
1092 2689 1120 2741 ὁ
1146 2687 1190 2741 δ’
1221 2689 1311 2760 ἄρ’
1343 2687 1574 2758 ἄλκιμός
1612 2689 1731 2742 ἐστι
1759 2691 1855 2744 καὶ
1890 2683 2002 2756 οἷος

545 2782 758 2845 Πάσαις
786 2781 1029 2835 ἀντιέναι
1059 2780 1366 2850 δυσμενέων
1401 2781 1706 2853 παλάμαις.

605 2893 728 2950 11Γ¹.
762 2894 894 2948 "Ott
921 2894 976 2948 οἱ
1005 2893 1319 2964 ἀσπασμοί
1347 2893 1464 2948 τῶν
1498 2895 1684 2965 ἁγίων
1720 2896 1939 2957 ἔνθεοι.

466 3065 554 3119 Τὰ
569 3065 693 3136 τρία
714 3065 868 3120 ταῦτ’
885 3067 1184 3136 ἀπόφευγε,
1204 3070 1463 3136 γυναῖκα,
1479 3070 1572 3122 καὶ
1584 3070 1811 3137 ἀσπίδα,
1835 3071 1930 3126 καὶ
1947 3069 2054 3126 λίν·

546 3157 657 3230 Τὴν
693 3157 751 3212 δὲ
771 3157 975 3223 πλεῖον,
1007 3158 1131 3211 ὅσον
1158 3160 1483 3230 πικρότερον
1513 3161 1575 3213 τὸ
1600 3161 1782 3224 δάκος.

481 3250 761 3314 Ἀσπάζου
789 3252 1055 3322 μοναχούς
1073 3268 1086 3283 ⁸
1109 3253 1192 3306 ὅτι
1219 3252 1297 3324 τῷ
1334 3256 1546 3325 συνεχεῖ
1576 3254 1683 3309 τῶν
1711 3256 1909 3328 εὐχῶν,

543 3345 744 3399 Χείλεα
778 3345 874 3398 καὶ
897 3344 1152 3414 γλῶσσαν
1185 3346 1303 3400 θεῖα
1334 3347 1591 3416 φέρουσιν
1621 3348 1787 3417 ἄγαν.

466 3479 594 3534 ΠΝ.
629 3478 750 3531 ’Ότι
781 3476 931 3548 πρὸς
964 3476 1075 3546 τῆς
1111 3477 1400 3601 ἁιῧκρτίας
1447 3478 1778 3548 extumere
1821 3480 2053 3537 ἀνώλε.

1216 3566 1339 3601 eoo.

1207 3566 1339 3615 'poq.

467 3657 618 3728 Πρὸς
651 3658 741 3710 τὸν
767 3657 1167 3728 ἁμαρτήσαντα
1192 3658 1287 3710 καὶ
1318 3657 1622 3727 οἰμώζοντα
1649 3659 1928 3730 κραταιῶς

543 3751 776 3803 Ἕννεπε
810 3749 1096 3819 Βησαρίων
1118 3765 1130 3778 ·
1167 3748 1229 3801 Ei
1258 3748 1361 3814 ὃτι,
1393 3749 1615 3833 φίλτατέ
1650 3767 1764 3819 μοι,

467 3841 640 3898 Ταῦτ’
668 3840 1036 3912 ἐνεθυμήθης,
1062 3835 1152 3894 ὧδ’
1182 3841 1394 3905 ἔστενες
1422 3837 1560 3913 ἦτορ
1587 3842 1790 3909 ἀλύων,

543 3931 656 3984 Ούκ
684 3929 751 3984 ἂν
781 3929 882 3983 νῦν
906 3930 1055 3984 ἐδέου
1085 3929 1385 3985 τοσσατίων
1411 3931 1610 4008 ἀχέων.

547 4061 670 4114 IIE'.
706 4061 835 4114 ’Ότι
880 4059 946 4114 τὸ
978 4061 1427 4130 ἀνεκπόρευτον
1470 4058 1977 4130 φιλοπονώτερον.

468 4233 544 4289 Ὦ
580 4236 764 4307 μάκαρ
795 4234 1132 4304 ἀγλαόουμε,
1166 4232 1218 4286 τί
1248 4233 1500 4304 ῥέξομεν,
1532 4232 1651 4286 εἰπὲ
1682 4234 1777 4286 καὶ
1805 4233 1958 4303 ἡμῖν.

545 4331 788 4401 Ὄμματ’
819 4327 956 4399 ἔχων
988 4327 1166 4398 ἐρέεις
1191 4345 1205 4393 ;
1231 4326 1365 4396 δῆλα
1394 4325 1506 4380 τάδ’
1533 4324 1724 4397 ἄχθοσί
1753 4342 1858 4379 σοι.

466 4413 613 4474 Ἧσό
635 4437 723 4491 μοι
754 4419 810 4471 ὲν
843 4418 1088 4488 μεγάρῳ,
1127 4417 1287 4486 μόνον
1316 4410 1424 4488 ἧσο
1447 4433 1462 4448 ο
1496 4415 1555 4468 τὸ
1583 4415 1628 4468 δ’
1657 4413 1849 4485 ἄρκιον
1883 4414 2000 4468 ἐστι

543 4513 720 4582 Ἔργα
750 4509 1095 4580 διδασκῆσαι,
1119 4509 1184 4580 ὴέ
1211 4526 1295 4572 τις
1326 4507 1630 4579 ὑψαγόρης.

506 4645 655 4712 [ις’.
690 4643 821 4696 Ὅτι
854 4641 1185 4712 κεφάλαιον
1209 4640 1504 4712 μοναχοῐς
1542 4641 1610 4696 τὸ
1639 4641 1986 4710 φιλόξενον.

466 4818 706 4874 Λύουσιν
732 4815 956 4887 μοναχοὶ
985 4815 1226 4870 κανόνων
1251 4814 1443 4879 τύπον,
1468 4814 1686 4868 εἴποθεν
1711 4813 1857 4869 ἔλθοι

539 4909 748 4977 Ξεῖνος,
779 4908 872 4962 καί
900 4926 1038 4978 φασι
1060 4926 1074 4941 ·
1105 4909 1379 4980 Φάρμακα
1401 4908 1576 4961 ταῦτα
1608 4907 1777 4962 πέλει.

467 5002 711 5073 Χριστοῦ
739 5003 796 5057 δὲ
831 5003 1002 5070 ξεῖνος
1032 5003 1220 5074 φορέει
1248 5002 1418 5057 τύπον
1437 5019 1452 5035 ο
1484 5001 1647 5066 αύτδς
1685 5001 1772 5073 ἄρ’
1805 5002 1978 5068 ἐστὶν,

543 5089 615 5146 Οῦ
639 5093 760 5164 δίχα
793 5094 901 5147 πᾶν
926 5093 1102 5162 ἄλκαρ
1137 5093 1198 5146 οὐ
1224 5091 1405 5146 δύνατ’
1435 5091 1720 5162 ὠφελέειν.

468 5223 594 5280 ΠΖ’.
618 5223 854 5278 Ὀτινδεῐ
884 5223 1028 5290 τοὺς
1059 5224 1391 5362 «triforme
1423 5222 1508 5292 μὴ
1531 5222 1657 5289 τοῖς
1687 5223 1892 5291 κακοῖς
1921 5223 2050 5278 ἐπι-

1225 5310 1372 5348 rem.

1225 5310 1369 5348 νεινκ

465 5402 533 5455 Ei
561 5401 744 5465 ἄλλοις
774 5401 1067 5454 ἐκέλευσεν
1099 5402 1126 5454 ὁ
1165 5400 1372 5472 Κύριος
1402 5401 1801 5464 ἑπτάκις-ἑπτὰ

541 5493 655 5547 Καὶ
685 5493 908 5557 δεκάκις
939 5492 1120 5564 ἅφίειν
1155 5491 1476 5562 πταίσματα
1503 5491 1610 5546 τῶν
1641 5491 1867 5561 ἑτέρων,

469 5587 588 5641 Οὐκ
615 5585 682 5640 ἂν
716 5587 931 5656 πρῶτος
956 5586 1163 5649 ἐκεῖνος
1188 5585 1367 5656 ἀφῆκε
1396 5583 1536 5639 πλε“·
1575 5586 1716 5643 ὥστε
1762 5584 1838 5656 μὴ
1878 5585 2048 5649 εῐκοις

551 5677 644 5749 Τῷ
672 5677 808 5749 μετὰ
835 5676 932 5748 τὴν
965 5676 1168 5748 πρᾶξιν
1197 5677 1400 5748 μνῶντί
1428 5694 1489 5732 σε
1517 5677 1626 5734 τῶν
1658 5677 1961 5750 προτέρων.

556 5851 670 5924 (se)
708 5853 916 5910 Pallad.
943 5855 999 5910 in
1029 5853 1170 5911 Hist.
1200 5855 1322 5911 ue.

1893 437 2344 501 PARADISUS.

2070 563 2120 620 Α
2221 556 2506 625 Plangeret
2532 556 2820 620 immenso,
2861 553 2943 611 sic
2970 553 3103 639 Asio
3132 551 3251 607 iniit
3280 551 3362 606 ei:

2077 1897 2124 1956 B

3612 432 3718 496 886

2148 647 2206 702 Si
2243 649 2545 703 vicinorum
2573 663 2848 703 mrumnas
2876 662 3002 702 cum
3035 654 3216 700 mente
3240 645 3471 708 volutes,

2222 737 2304 796 Ob
2333 739 2596 794 damnum
2626 739 2806 794 minor
2838 738 2967 792 hinc
2996 736 3181 791 luctus
3209 735 3312 790 erit
3343 732 3648 803 proprium.

2303 848 2540 904 LXXIX.
2599 848 2754 914 Quod
2786 848 2955 901 otium
2993 845 3194 914 peccati
3236 844 3400 913 fontes
3431 842 3525 895 sit.

2151 959 2362 1014 Menses
2394 959 2636 1029 quinque
2668 956 2784 1013 seni
2821 956 2996 1011 voluit
3023 955 3147 1026 quis
3171 953 3358 1009 dicere
3380 949 3664 1020 quiddam,

2221 1051 2339 1104 Non
2381 1050 2484 1105 fuit
2511 1059 2565 1104 at
2594 1049 2675 1104 las
2707 1064 2832 1104 cum
2870 1063 3088 1118 semper
3115 1054 3312 1117 agente
3343 1043 3514 1113 loqui.

2152 1140 2294 1195 Audi
2323 1154 2410 1195 me
2445 1140 2686 1204 tandem,
2723 1140 3017 1205 exclamat,
3057 1137 3104 1193 si
3137 1136 3267 1207 quid
3303 1133 3403 1190 tibi
3435 1141 3607 1188 restat

2225 1230 2334 1285 Otii
2371 1248 2382 1284 :
2411 1238 2466 1285 at
2501 1230 2752 1285 incubuit
2777 1239 2894 1286 tum
2930 1231 3106 1300 magis
3137 1229 3226 1283 ille
3245 1227 3419 1297 operi.

2155 1339 2368 1396 LXXX.
2414 1338 2571 1394 Ratio
2604 1338 2944 1407 dignascendi
2973 1337 3355 1392 illustrationes
3383 1351 3474 1390 seu
3514 1335 3731 1390 virtutes

2821 1409 3052 1462 diuinas.

2154 1519 2212 1574 In
2239 1518 2460 1575 Christo
2490 1517 2600 1572 duo
2636 1517 2943 1579 certabant,
2975 1515 3064 1570 hic
3094 1515 3320 1585 gnavior
3355 1522 3522 1584 atque

2222 1610 2542 1668 Fervidiore
2570 1609 2759 1665 animo
2789 1649 2804 1676 ,
2835 1609 3060 1680 segnior
3097 1609 3236 1662 alter
3259 1617 3402 1663 erat.

2155 1704 2363 1759 Annuit
2397 1703 2524 1757 huic
2548 1702 2786 1773 primum
2843 1701 3126 1756 Dominus.
3148 1699 3299 1755 Cur?
3319 1700 3504 1756 dicito.
3526 1698 3727 1770 Nempe

2229 1794 2369 1850 Pura
2403 1794 2546 1849 Deus
2577 1793 2795 1863 praefert
2821 1793 2987 1848 corda
3013 1791 3342 1848 laboriferis.

2401 1901 2639 1958 LXXXI.
2676 1903 2828 1970 Quod
2856 1902 3100 1956 diabolus
3138 1902 3209 1956 sit
3240 1900 3476 1956 invidus.

2153 2013 2375 2069 Invidus
2399 2023 2485 2069 est
2510 2014 2793 2068 hominum
2822 2013 3005 2083 generi
3035 2021 3118 2067 sat
3148 2013 3347 2067 noxius
3377 2031 3392 2066 :
3424 2020 3480 2067 at
3513 2012 3562 2067 si

2225 2104 2335 2161 Nos
2363 2105 2503 2161 duro
2527 2119 2634 2160 non
2659 2114 2743 2160 est
2775 2105 3045 2173 stringere
3069 2105 3233 2160 dente
3265 2103 3420 2159 nefas
3457 2120 3471 2157 :

2151 2194 2412 2262 Quzenam
2444 2194 2550 2251 erit
2580 2195 2633 2250 in
2660 2195 2830 2266 sylvis
2859 2193 2974 2249 fera
3001 2193 3096 2248 leti
3127 2203 3382 2264 exempla
3411 2191 3658 2264 periclo?

2215 2288 2442 2343 Lividus
2480 2288 2609 2343 hinc
2635 2303 2830 2357 expers
2862 2287 2953 2342 ille
2984 2287 3190 2342 laboris
3219 2285 3345 2341 erit.
3379 2281 3386 2296 '

2367 2390 2627 2446 LXXXII.
2668 2392 2910 2446 Amorem
2943 2407 2974 2446 a
3008 2392 3118 2448 Deo
3157 2393 3272 2448 solo
3298 2392 3498 2447 sedari.

2161 2503 2361 2558 Arcum
2398 2504 2763 2569 tenditamor,
2795 2505 3000 2561 celeres
3021 2504 3257 2560 formido
3279 2503 3528 2574 sagittas.

2221 2594 2430 2663 Ecquid
2466 2597 2664 2666 agam?
2697 2596 2755 2650 Si
2787 2613 2908 2665 quae
2945 2597 3055 2650 sint
3087 2596 3182 2650 tibi
3223 2596 3326 2650 tela
3355 2609 3487 2665 cape
3518 2612 3534 2650 :

2159 2681 2296 2737 Dein
2325 2682 2501 2753 fugito
2523 2685 2589 2740 ad
2612 2685 2891 2741 Christum
2920 2704 2933 2740 :
2961 2684 3117 2740 fortis
3138 2685 3274 2740 satis
3291 2684 3379 2739 ille
3405 2694 3731 2754 potensque,

2229 2773 2537 2830 Imtuensas
2571 2776 2718 2831 vires
2751 2775 2930 2832 hostis
2953 2785 3015 2832 ut
3046 2775 3355 2830 imminuat.

2159 2881 2445 2938 LXXXIII.
2480 2883 2848 2940 Salutationes
2875 2894 3184 3007 (sanctorum
3209 2883 3378 2941 divini
3403 2882 3607 2950 aliquid
3639 2881 3736 2935 ha-

2908 2972 3013 3007 ere.

2908 2972 3013 3010 ere.

2158 3058 2286 3115 llaec
2319 3060 2419 3114 tria
2452 3068 2582 3116 sunt
2612 3058 2868 3131 fugienda
2896 3062 3012 3127 tibi,
3043 3061 3150 3126 leo,
3177 3060 3400 3124 femina.
3443 3073 3686 3130 serpens,

2231 3150 2455 3219 Iiocque
2492 3153 2666 3220 magis
2698 3151 2898 3206 mulier
2924 3167 3034 3222 quo
3058 3152 3234 3222 magis
3266 3152 3356 3205 illa
3387 3152 3538 3206 furit.

2082 3248 2129 3310 (ζ
2159 3242 2491 3311 Amplexare
2523 3243 2645 3311 pios
2669 3243 2995 3306 monachos,
3033 3247 3126 3312 qui
3157 3258 3300 3312 sarpe
3332 3244 3606 3312 precando

2228 3335 2294 3389 Et
2327 3334 2511 3404 lingua
2543 3342 2598 3387 et
2628 3333 2786 3389 labiis
2814 3334 2999 3389 omnia
3031 3343 3220 3389 sancta
3249 3333 3454 3389 ferunt.

2155 3465 2445 3521 LXXXIV.
2498 3463 2920 3536 Increpatiouem
2956 3476 3078 3522 ante
3123 3477 3397 3538 peccatum
3443 3467 3739 3522 salutarem

2870 3554 3004 3594 esse.

2153 3647 2290 3702 Cum
2323 3649 2416 3718 qui
2444 3658 2699 3719 peccarat
2725 3649 2940 3720 culpam
2971 3650 3279 3714 damnaret,
3311 3649 3508 3704 acerbe

2227 3737 2296 3794 Se
2329 3740 2700 3806 crucians,sic
2731 3741 2873 3796 hunc
2901 3740 3127 3796 Besario
3157 3739 3269 3812 (50)
3303 3739 3612 3810 increpuit:

2155 3832 2213 3888 Si
2240 3843 2297 3888 tu
2331 3833 2592 3899 quisses,
2633 3837 2748 3890 haec
2779 3839 2948 3904 pravo
2978 3835 3146 3890 corde
3177 3834 3456 3899 volutans,

2225 3925 2345 3981 Non
2371 3926 2494 3982 istis
2523 3927 2621 3982 tibi
2649 3942 2797 3982 nunc
2828 3927 3069 3983 luctibus
3099 3936 3242 3982 esset
3267 3941 3427 3996 opus.

2155 4053 2416 4109 LXXXV.
2468 4056 2551 4108 Ad
2581 4055 2787 4109 labores
2821 4054 3052 4108 alacrius
3085 4052 3447 4120 suscipiendos
3479 4051 3729 4120 tranquil-

2209 4125 2318 4177 tam
2344 4127 2400 4178 in
2427 4126 2607 4180 eodem
2639 4125 2752 4179 loco
2775 4127 3202 4194 permansionem
3233 4123 3460 4176 multant
3484 4121 3688 4175 valere.

2157 4231 2381 4289 Summe
2404 4235 2485 4289 vir
2515 4243 2678 4304 atque
2708 4235 2866 4289 beate
2897 4235 3079 4298 Pater,
3106 4233 3214 4298 die,
3243 4230 3435 4301 ecquid
3473 4230 3737 4301 agemus?

2225 4325 2380 4399 Tune
2411 4326 2625 4381 oculate
2652 4341 2814 4396 rogas
2837 4326 2862 4379 ?
2884 4340 2973 4380 res
2999 4324 3051 4379 id
3086 4331 3280 4393 aperta
3317 4323 3494 4377 docet.

2155 4416 2298 4472 Siste
2332 4416 2481 4470 domi
2521 4417 2673 4472 solus
2701 4415 2908 4486 placide
2943 4433 2955 4468 :
2990 4414 3336 4469 manifestius
3367 4411 3536 4476 istud,

2227 4506 2490 4564 Ostendet
2516 4507 2650 4578 quid
2678 4522 2832 4577 agas.
2861 4522 3024 4578 quam
3055 4506 3246 4561 rabula
3273 4504 3592 4573 altiloquus.

2154 4637 2438 4694 LXXXVI.
2480 4637 2918 4708 Hospitalitatem
2959 4637 3288 4708 prazcipuam
3331 4649 3446 4690 esse
3489 4632 3737 4688 virtutem

2747 4711 2801 4763 in
2828 4708 3124 4763 monachis.

2150 4817 2268 4874 Non
2288 4827 2510 4876 servant
2537 4820 2790 4876 monachi
2808 4835 3032 4876 normas
3049 4834 3177 4874 cum
3196 4817 3319 4888 quis
3340 4814 3490 4871 venit
3508 4813 3710 4886 hospes

2224 4913 2405 4984 Atque
2436 4913 2552 4969 haec
2581 4928 2705 4970 esse
2737 4915 2920 4968 ferunt
2957 4913 3192 4968 exitiosa
3221 4911 3349 4968 sibi.

2155 5003 2358 5059 Verum
2392 5005 2592 5075 hospes
2610 5003 2819 5059 Christi
2849 5005 3087 5075 speciem
3109 5004 3267 5075 gerit,
3298 5013 3353 5060 et
3373 5003 3490 5059 sine
3509 5001 3730 5059 Christo

2214 5093 2473 5149 Praesidia
2502 5095 2769 5149 humanos
2803 5093 2954 5148 nulla
2975 5094 3168 5164 juvare
3194 5093 3398 5149 valent.

2147 5222 2458 5280 LXXXVII.
2495 5222 2648 5290 Quod
2671 5233 3049 5296 nonhoporteal
3077 5239 3166 5278 eos
3194 5224 3286 5296 qui
3311 5223 3449 5294 lapsi
3488 5229 3632 5289 sunt,
3670 5221 3728 5274 in

2679 5294 2836 5348 malis
2859 5294 3215 5362 perseverare.

2154 5400 2212 5457 Si
2248 5401 2697 5473 Dominusjussit
2724 5409 2933 5472 septem
2964 5412 3188 5471 septena
3217 5401 3520 5472 decemque

2217 5497 2366 5549 Dena
2397 5496 2673 5550 remittere
2703 5496 2770 5550 iis
2799 5495 2894 5566 qui
2921 5495 3060 5549 mala
3094 5494 3473 5566 praestiterint.

2158 5583 2278 5640 Non
2307 5583 2431 5640 ideo
2463 5585 2557 5640 tibi
2581 5593 2661 5640 tot
2694 5587 2987 5654 condonat,
3021 5594 3081 5641 ut
3111 5585 3230 5656 ipse
3250 5584 3493 5640 monenti

2235 5675 2310 5734 'I‘e
2336 5677 2512 5748 culpae
2540 5677 2686 5734 haud
2712 5679 2896 5746 cedas,
2930 5689 2984 5736 et
3020 5679 3236 5736 recidas
3263 5677 3446 5736 toties.
