4164 6452
535 402 641 466 887
1775 412 1807 470 J
1813 409 2015 469 OANN
2023 411 2095 471 IS
2134 413 2571 479 GEOMETR/E
3713 422 3835 484 888

708 511 1041 579 LXXXVIII.
1080 510 1396 569 Monachum
1426 516 1559 569 nulli
1592 518 1665 570 rei
1694 517 1931 588 alligari.
2152 535 2197 591 Α

2152 535 2197 591 Α
2432 525 2564 583 IIII'.
2606 528 2737 585 Ὅτι
2764 528 2967 584 οὐδενὶ
3006 529 3239 585 δέδεται
3264 534 3297 585 ό
3322 532 3613 602 μοναχός.

534 629 672 682 Dum
706 627 849 682 ardes
887 627 1152 696 diripiunt
1182 627 1334 684 lures
1362 628 1485 683 Abii
1514 628 1652 698 (51),
1687 630 1776 683 ille
1799 630 2047 700 juvabat,

1958 641 2047 696 tat,
2228 636 2416 707 Φῶρες
2440 637 2715 707 ὲληῖσαντ⁹
2746 637 2904 692 ἀϐίου
2932 639 3117 710 δόμον,
3147 640 3205 702 ὃς
3232 640 3289 693 δὲ
3317 642 3602 713 συνήργει,

612 722 676 773 Et
712 720 955 789 relegens
990 721 1218 785 omissa,
1254 718 1381 775 Ilrec
1404 736 1625 790 quoque
1654 722 1853 787 tollite,
1878 723 1977 775 ait.

2302 731 2411 783 Καί
2444 748 2495 782 τι
2520 732 2798 801 παροφθὲν
2824 731 2984 798 ἐλὼν,
3014 734 3127 787 Καὶ
3154 734 3265 786 τόδ’
3291 733 3488 800 ἕλεσθ’,
3526 735 3684 791 ὲσὸα.

531 813 668 867 Cum
700 810 973 881 fugerent,
1013 822 1146 867 tunc
1178 811 1319 868 forte
1355 814 1472 868 viro
1506 816 1598 883 qui
1632 815 1849 870 tramite
1878 816 2069 871 eodem

2240 822 2325 883 Ὠς
2358 823 2403 876 δ’
2437 825 2772 893 ἀπέφευγον,
2796 827 2824 879 ὁ
2849 826 2895 878 δ’
2923 826 3093 896 ἄνδρα
3120 826 3300 897 τυχὼν
3321 828 3411 880 ἐπὶ
3442 829 3602 899 τήνδε
3631 830 3842 887 κιόντα

602 904 734 969 Ibat,
770 902 1072 967 mandavit,
1108 903 1304 971 Curre,
1341 904 1528 960 relicta
1569 905 1731 960 refer.

2298 911 2456 979 Εἷπε,
2489 915 2641 969 Δίδου
2676 916 2951 987 προφθὰς,
2983 916 3340 971 ὲκλελάθοντο
3364 920 3526 988 τόδεη

529 1014 820 1071 LXXXIX.
872 1014 1072 1067 Curam
1130 1018 1294 1069 etiam
1375 1016 1726 1085 profanorum
1827 1017 2123 1071 habendum

2022 1018 2123 1070 lum
2365 1028 2490 1081 119'.
2531 1030 2671 1084 Καθ’
2703 1028 2741 1083 ἂ
2772 1028 2892 1082 τῶν
2919 1026 3206 1098 ἀμυήτων
3243 1030 3666 1102 ἐπιμελητέον.

1252 1103 1385 1140 esse.

526 1195 809 1252 Illoutibus
839 1215 868 1253 a
903 1197 1135 1253 summis
1160 1197 1242 1250 vir
1272 1204 1497 1251 sanclus
1524 1196 1591 1251 ad
1624 1196 1824 1265 oppida
1860 1212 2118 1267 pergens,

1952 1212 2118 1267 'gcns,
2236 1202 2326 1266 Ἐξ
2346 1204 2521 1273 ὀρέων
2549 1204 2837 1257 κατέϐαινε
2868 1203 2992 1259 κατ’
3022 1204 3193 1258 ἄστεα
3224 1205 3407 1276 τίμιος
3435 1208 3596 1276 ἀνὴρ,

596 1285 706 1347 Sic,
744 1288 871 1357 quia
906 1304 1025 1342 cum
1056 1287 1242 1357 pravis
1274 1287 1516 1354 degeret,
1541 1287 1791 1356 arguitur
1823 1307 1835 1341 :

2295 1298 2403 1349 Καὶ
2432 1299 2726 1365 συνέμικτο
2759 1301 2954 1361 κακοῖς
2988 1299 3253 1368 ἀνδράσιν
3279 1315 3292 1329 ·
3335 1300 3454 1353 εἷπε
3486 1300 3540 1353 δέ
3566 1319 3672 1364 τις,

524 1374 782 1434 Versaris
818 1380 942 1435 talis
967 1396 1091 1435 cum
1136 1379 1370 1433 talibus!
1412 1378 1465 1433 Id
1506 1378 1668 1443 facio,
1704 1380 1901 1448 inquit,

2221 1391 2373 1452 Τοῖος
2397 1392 2524 1451 ἐὼν,
2557 1389 2786 1443 τοιοῖσδε
2811 1391 3098 1461 συνέρχεαι
3126 1409 3140 1458 ;
3174 1387 3340 1443 Εἶπεν
3362 1408 3375 1423 ο
3424 1392 3568 1462 Ὀρῶ
3592 1394 3705 1464 γὰρ

594 1468 839 1539 ngrOIis
872 1470 1114 1525 medicos
1147 1485 1252 1524 non
1282 1471 1471 1539 procul
1496 1486 1617 1525 esse
1648 1470 1838 1526 videns
1870 1469 2007 1540 (32).

1813 1487 1838 1526 s
1870 1469 2007 1540 (3‘1)-
2296 1484 2433 1547 Τοὺς
2458 1484 2866 1554 Ἀσκληπιάδας
2893 1484 3122 1552 πλησίον
3153 1484 3450 1540 ἀσθενέων.

522 1596 637 1653 XC.
693 1598 848 1663 Quod
897 1616 1015 1653 eum
1066 1602 1155 1669 qui
1211 1602 1369 1655 semel
1420 1618 1698 1671 aggressus
1739 1612 1814 1655 est
1882 1602 2113 1665 labores,

2088 1621 2113 1665 εν
2307 1625 2375 1685 Lf.
2407 1618 2538 1673 ’Ὅτι
2572 1618 2679 1672 τὸν
2699 1617 2989 1672 ἐπιϐάντα
3030 1620 3240 1682 πόνοις
3281 1617 3531 1672 ἑστάναι
3566 1619 3732 1672 δέον.

987 1688 1319 1738 perseverare
1346 1682 1607 1741 oporteat.

522 1778 969 1850 Despondentem
1002 1782 1244 1836 animum
1276 1781 1533 1852 juvenem
1578 1797 1677 1851 per
1720 1783 1912 1852 proelia
1943 1797 2108 1843 smva,

2095 1822 2108 1843 ο
2213 1798 2419 1866 Φεῦγεν
2454 1796 2776 1869 ἀπειρηκὼς
2803 1797 2940 1868 πρὸς
2967 1798 3093 1860 τοὺς
3125 1796 3396 1866 πολέμους
3423 1796 3542 1859 νέος
3571 1795 3739 1867 ἀνὴρ,

600 1877 792 1931 Saevus
824 1876 968 1929 enim
1000 1876 1144 1930 Mars
1179 1884 1283 1939 est,
1320 1875 1404 1929 vir
1430 1874 1636 1944 probus
1669 1875 1959 1929 admonuit
1989 1894 2003 1927 :
2142 1910 2185 1968 Β

1940 1883 1959 1928 ι
1989 1894 2003 1927 ε
2142 1910 2185 1968 Β
2298 1890 2591 1961 Ἀργαλέος
2620 1891 2729 1960 γὰρ
2762 1891 2967 1960 Ἀρης·
2996 1892 3115 1943 τοῖα
3142 1890 3198 1943 δέ
3227 1890 3280 1942 οἴ
3310 1907 3396 1954 τις
3435 1890 3538 1960 ἔφη
3563 1906 3576 1919 ·

529 1968 690 2032 Nate,
720 1967 865 2022 Deus
905 1967 999 2021 tibi
1027 1966 1227 2021 ductor
1255 1967 1369 2021 lteri
1401 1966 1505 2021 luit
1533 1970 1641 2021 huc
1668 1966 1931 2031 venienti,
2142 1966 2173 1968 ⁷

2142 1966 2175 1968 ⁷
2218 1986 2380 2047 Χθὲς,
2412 1985 2593 2049 τέκος,
2630 1983 2805 2038 ἐνθάδ’
2839 1983 2954 2045 ἰὼν,
2988 1982 3120 2036 Θεὸν
3154 1979 3298 2054 εἶχές
3331 1984 3378 2053 ῤ’
3405 1983 3691 2055 ἡγεμονῆα
3718 1998 3735 2015 ⁸

589 2061 745 2116 Nunc
775 2062 966 2116 abiens
996 2062 1203 2116 vidcsis
1237 2063 1363 2132 quis
1397 2062 1492 2115 tibi
1530 2061 1639 2117 dux
1673 2061 1869 2117 aderit.

1866 2101 1869 2114 ν
2287 2079 2401 2133 Νῦν
2422 2078 2467 2132 δ’
2497 2078 2697 2143 ἀπιὼν,
2726 2079 2925 2148 σκέψαι
2954 2079 3039 2143 τίς
3068 2097 3148 2132 τοι
3182 2079 3510 2149 ὁδοιπορέει.

514 2190 650 2247 XCI.
682 2189 831 2257 Quod
867 2192 1090 2246 mutatio
1127 2193 1183 2247 in
1222 2202 1505 2315 util-Iamque
1543 2202 1754 2261 partem
1802 2206 1948 2260 mque
1983 2207 2104 2258 pro-

1190 2279 1287 2333 pen
1327 2272 1433 2317 eat.

1983 2207 2104 2258 Pm‘
2419 2211 2534 2279 ιιΑἏ
2565 2212 2695 2265 Ὅτι
2733 2212 2799 2266 τὸ
2824 2209 3162 2281 μετάϐολον
3186 2209 3594 2277 ἑτερότροπον.

514 2372 759 2429 Adversa
795 2374 1023 2429 omnino
1051 2375 1177 2429 vita:
1207 2382 1481 2429 metanma
1505 2372 1697 2443 priori,

2213 2387 2321 2441 Τοῦ
2356 2387 2624 2459 προτέρου
2651 2387 2854 2459 βιότου,
2881 2386 2943 2440 τὸ
2970 2386 3235 2450 ἐναντίον,
3267 2386 3300 2455 ὴ
3336 2384 3614 2455 μετάνοια,

587 2469 793 2521 Aurum
830 2483 929 2537 pro
958 2467 1106 2522 ferro
1136 2476 1223 2523 est
1255 2485 1267 2521 :
1295 2466 1378 2522 sin
1412 2467 1560 2522 redis
1600 2466 1669 2520 ad
1705 2464 1997 2527 vomitum,

1940 2479 1997 2527 ην
2283 2483 2509 2554 Χρύσεα
2539 2481 2837 2553 χαλκείων·
2866 2482 2914 2534 εἱ
2939 2480 2996 2533 δὲ
3026 2480 3094 2533 τὰ
3120 2479 3314 2549 πρῶτα
3345 2480 3584 2549 φρονεῖς,

516 2557 799 2627 Desipere,
820 2559 965 2614 haud
990 2573 1187 2629 sapere
1213 2568 1319 2626 est,
1349 2572 1453 2614 nec
1472 2558 1518 2613 si
1543 2559 1867 2613 immutatus
1891 2557 1961 2611 ab
1978 2556 2110 2611 orbe

2065 2571 2110 2610 ’θ
2228 2578 2292 2630 Ἦ
2320 2577 2577 2645 μετάνοια
2606 2575 2795 2629 ἄνοιαν
2820 2572 3074 2641 ἐγείνατο
3094 2589 3107 2601 ο
3136 2572 3243 2629 κᾶν
3276 2572 3385 2641 γὰρ
3407 2570 3493 2623 ἐπ’
3524 2570 3709 2641 ἄκρων

587 2650 848 2705 Extremo
877 2652 1088 2717 venias,
1121 2651 1311 2705 limine
1345 2651 1715 2721 progrederis.

2284 2670 2390 2738 Γῆς
2428 2667 2600 2731 οὕτως
2630 2666 2813 2737 ἔλθῃς,
2838 2666 2938 2719 οὐκ
2966 2665 3180 2734 ἀπέϐης
3216 2663 3525 2735 προθύρων.

583 2778 748 2835 XCII.
783 2780 937 2846 Quod
980 2781 1132 2835 stulti
1167 2791 1392 2851 carpant
1423 2798 1541 2852 quia
1575 2780 1838 2851 praeclara
1870 2790 2017 2833 sunt.

2288 2801 2404 2868 ιιῐιν.
2444 2802 2575 2853 Ὅτι
2603 2798 2729 2865 τοῖς
2763 2798 3047 2865 ἀνοήτοις
3078 2797 3419 2867 ἐπίμεμπτα
3446 2796 3518 2851 τὰ
3560 2796 3735 2850 καλά.

510 2891 649 2946 Cum
689 2891 885 2945 blande
917 2892 1142 2961 quidam
1179 2893 1425 2948 vetulum
1456 2891 1706 2963 proferre
1727 2899 1985 2960 rogarent

2211 2910 2570 2966 Μειλίσσοντο
2603 2910 2841 2980 γέροντά
2864 2927 3013 2976 τινες
3054 2910 3315 2979 κρινέειν,
3357 2911 3385 2962 ὁ
3412 2909 3456 2962 δ’
3486 2908 3689 2979 ἐφῆστο

581 2981 879 3047 .ludicium,
907 2986 1067 3050 sedit,
1091 2984 1341 3057 desipere
1371 2986 1731 3041 assimulans.

2293 3004 2624 3074 Ἀφραὶνων,
2660 3004 2790 3074 ἄχρι
2815 3021 2898 3067 τις
2924 3005 3075 3074 ἴαχεν
3100 3019 3112 3033 ’
3150 3002 3372 3055 ’Έλλιπε
3408 3002 3515 3071 γὰρ

511 3075 673 3131 Unus
702 3077 944 3132 clamat:
974 3079 1057 3132 An
1092 3081 1300 3134 esthoc
1336 3079 1601 3135 stultior?
1642 3081 1712 3133 At
1745 3079 1839 3134 tibi
1871 3091 2105 3149 prorsus

2214 3096 2443 3167 ’Λφρων
2472 3096 2660 3161 ἄλλοςς
2699 3097 2759 3148 Ὀ
2787 3096 2834 3149 δ’
2857 3091 2979 3148 εἷπε
3002 3113 3017 3127 ο
3054 3096 3226 3149 Πόσον
3259 3095 3463 3164 ταύτην
3495 3112 3557 3160 γε
3594 3093 3794 3163 συνῆξα

589 3168 834 3226 Stultitia
871 3172 999 3237 ista,
1031 3188 1195 3228 senex
1223 3172 1423 3243 inquit,
1460 3173 1631 3228 abibit
1667 3173 1837 3228 iners.

2146 3255 2158 3257 _
2300 3184 2661 3257 Ἀφροσύνην,
2700 3185 2797 3239 ἐπὶ
2822 3186 2907 3238 σοὶ
2933 3184 2979 3239 δ’
3007 3185 3083 3248 ὡς
3108 3184 3245 3255 ταχὺ
3272 3184 3419 3255 τήνδ’
3450 3183 3640 3238 ὀλέσω.

508 3303 695 3360 XCIII.
726 3304 880 3371 Quod
906 3307 1122 3377 ﬁrmum
1152 3316 1201 3362 et
1220 3307 1507 3388 _robustum
1531 3308 1599 3361 sit
1633 3308 1878 3378 quodque
1899 3308 1955 3363 in
1978 3323 2105 3376 pro-
2130 3255 2152 3313 ί

1148 3394 1268 3433 una
1303 3390 1525 3433 natura.

1986 3323 2105 3375 Μο-
2130 3255 2175 3313 c
2389 3318 2502 3385 ιιΓο.
2534 3318 2665 3373 Ὅτι
2700 3320 2961 3387 ἰσχυρὸν
2988 3317 3154 3374 ἅπαν
3183 3318 3285 3374 ἐπὶ
3314 3318 3425 3388 τῆς
3455 3318 3630 3386 ἰδίας.

1147 3394 1268 3448 prta
1303 3394 1525 3433 natura.

509 3487 652 3542 Dom
686 3488 1086 3545 meditarentur
1116 3490 1275 3555 socii,
1315 3491 1451 3546 latet
1482 3489 1813 3547 Heliodorus
1849 3492 1965 3563 (53)

1938 3492 1965 3555 ἓ)
2212 3497 2628 3569 Σκεπτομένους
2652 3498 2883 3569 ἑτάρους
2914 3496 3221 3567 ἐκρύπτετο
3258 3497 3582 3566 Ἡλιόδωρος

582 3581 815 3638 Ᾱζάἱὺυε
854 3601 868 3636 ι
898 3593 954 3638 et
979 3598 1203 3639 causam
1235 3583 1364 3638 dum
1398 3584 1538 3653 petit
1564 3584 1720 3650 alter,
1753 3585 1829 3639 ait
1870 3603 1884 3641 :

2281 3592 2545 3662 Δώματος
2577 3591 2843 3661 ὲνδοτέρῳ
2866 3608 2881 3623 ο
2924 3586 3045 3644 εἷπε
3073 3591 3129 3645 δέ
3158 3608 3263 3657 τις,
3288 3591 3354 3644 Τί
3376 3591 3529 3656 τόδες

510 3670 706 3729 Nonne
740 3672 868 3727 ferre
899 3682 1017 3727 tuto
1051 3674 1275 3730 latebris
1306 3684 1601 3733 servantur
1632 3678 1858 3747 opacis?

2210 3685 2323 3738 Καὶ
2343 3684 2474 3755 γὰρ,
2505 3684 2633 3757 ἔφη,
2666 3684 2761 3737 καὶ
2797 3685 2964 3754 θῆρες
2993 3682 3347 3746 ὑπεισδύντες
3375 3682 3479 3736 ὑπὸ
3513 3683 3682 3753 χειαῖς

574 3763 657 3817 Ac
692 3774 811 3818 tuto
855 3766 1111 3821 volucres
1147 3767 1349 3821 aethera
1381 3768 1762 3839 pervolitant?

2280 3776 2579 3842 Σὼζονται,
2616 3777 2805 3849 κδρνις
2839 3777 3016 3848 αἰθέρ’
3045 3777 3435 3848 ἁνιπτὰμενος.

508 3892 694 3949 XCIV.
740 3894 893 3960 Quod
913 3893 1092 3979 preces
1121 3914 1302 3979 eorum
1350 3898 1443 3980 qui
1487 3914 1744 3980 memores
1789 3907 1912 3953 sunt
1960 3898 2100 3966 inju-

2044 3914 2100 3951 ιι·
2322 3910 2438 3977 ιιΔ’.
2476 3910 2598 3965 Ὅτι
2628 3911 2803 3980 εὐχαὶ
2842 3911 3240 3980 μνησικάκων
3273 3908 3688 3979 ἀπρόσδεκτοι.

950 3982 953 3983 ⁷
1008 3970 1232 4034 riarum,
1258 3970 1434 4025 irrita:
1465 3971 1594 4023 sint.

505 4078 643 4146 Qute
696 4079 856 4136 fratri
901 4080 1090 4148 facies,
1126 4099 1403 4139 summum
1456 4098 1676 4154 quoque
1724 4093 1948 4154 tangere
1973 4096 2096 4139 cer-

2032 4098 2096 4137 :r-
2206 4083 2281 4137 Τὸ
2309 4083 2447 4154 πρὸς
2475 4083 2705 4154 ἀδελφὸν
2734 4085 2880 4139 ἆπαν
2902 4084 2996 4138 ἐπὶ
3020 4083 3113 4138 τὸν
3133 4083 3371 4157 Χριστὸν
3391 4081 3676 4147 διαόαίνει,

1802 4176 1939 4251 [tum
1976 4185 2062 4232 est

579 4266 855 4323 Continuo
888 4268 1195 4338 Christum,
1236 4287 1333 4327 seu
1370 4274 1535 4339 bona,
1574 4289 1671 4329 seu
1705 4273 1847 4328 mala
1881 4271 1992 4327 sint
2021 4288 2035 4322 :

1881 4271 1992 4327 sint
2021 4288 2035 4322 :
2275 4264 2465 4338 Τούτῳ
2490 4266 2849 4338 μνησικάκων
2884 4267 3079 4339 ὲχθρδν
3109 4269 3316 4323 ἐκεῖνον
3342 4266 3509 4337 ἔχεις,

508 4357 764 4415 lnlensus
804 4360 946 4424 Deus
978 4364 1161 4418 oranti
1188 4373 1293 4431 est,
1328 4365 1421 4436 qui
1453 4365 1652 4422 damna
1677 4366 1929 4436 patrarit,

2216 4355 2496 4411 Ὀππόταν
2532 4358 2839 4430 ὲκτανύσῃς
2873 4358 3012 4429 χέρα
3044 4356 3285 4429 αἴθριον·
3318 4357 3368 4410 εἰ
3409 4355 3455 4407 δ’
3487 4349 3776 4422 ἀγαπάζων

579 4450 735 4507 Sicut
768 4469 963 4510 rursus
999 4455 1072 4521 ei,
1104 4456 1194 4525 qui
1221 4456 1387 4523 bona,
1418 4458 1690 4527 propitius
1716 4456 1852 4530 (54).

2275 4447 2461 4515 Τόνδε,
2492 4448 2614 4519 Θεῷ
2639 4448 2889 4519 κράζεις,
2925 4450 3069 4504 Εὑθὺ
3102 4450 3362 4520 πάρειμι,
3398 4446 3566 4515 λέγει.

1212 4547 1391 4645 κον]
2121 4622 2177 4684 D
2932 4583 3048 4650 an.

508 4694 631 4760 Quo
663 4699 891 4767 propius
921 4713 1119 4754 cursor
1150 4709 1326 4754 certat
1347 4701 1663 4771 contingere
1692 4713 1917 4766 metam,

2206 4689 2406 4743 Ὅσσον
2439 4692 2469 4744 ὁ
2506 4692 2566 4743 ὲν
2595 4691 2796 4761 σταδίῳ
2827 4691 2936 4745 ἀπὸ
2967 4690 3216 4761 βαλὸίδος
3236 4689 3339 4743 sio‘
3365 4691 3460 4742 ἐπὶ
3488 4689 3682 4757 τέρμα,

568 4786 813 4857 Quisque
844 4789 1021 4861 magis
1060 4790 1304 4846 clamat:
1338 4792 1576 4864 Pergito,
1613 4809 1816 4849 munus
1846 4795 2021 4851 adest.

2270 4779 2474 4844 Μεῖζον
2511 4782 2660 4844 ἄπας
2692 4781 2858 4851 βοάᾳ·
2898 4780 3094 4834 Σπεῦδ’
3130 4780 3229 4843 ἔτ’,
3263 4780 3370 4833 ἰδοὺ
3403 4780 3472 4833 τὰ
3500 4780 3670 4850 γέρα⁸

509 4878 627 4931 Cur
664 4880 834 4950 igitur
860 4882 1000 4938 senii
1032 4899 1156 4939 cum
1185 4885 1236 4938 in
1270 4885 1462 4941 limine
1490 4896 1691 4957 sponte
1727 4887 1988 4952 laborem,

2200 4872 2323 4935 Πῶς
2334 4872 2390 4925 δέ
2405 4873 2699 4944 μ’,έταῖρε,
2718 4872 2989 4943 καμόντα,
3007 4872 3210 4935 ’πύλαις
3226 4873 3270 4924 τ’
3297 4873 3390 4925 ἐπὶ
3408 4874 3612 4943 γήραος
3628 4870 3770 4935 ὄντα,

580 4969 788 5051 Sistcre
819 4989 905 5030 me
932 4976 1115 5045 potius
1142 4992 1307 5047 quam
1338 4994 1633 5048 properare
1655 4980 1888 5035 mones?

2268 4967 2342 5018 Οὐ
2379 4964 2860 5035 μάλ’ὲποτρύνεις,
2888 4966 3025 5020 ἀλλὰ
3055 4968 3217 5029 "Ave;
3241 4983 3320 5031 τι,
3346 4965 3565 5034 λέγειςι

1205 5108 1393 5165 XCVL
2930 5095 3061 5166 cqx

504 5236 673 5291 Multa
702 5236 938 5307 loquens
972 5245 1027 5291 et
1057 5237 1227 5292 multa
1259 5237 1511 5302 hortans,
1544 5238 1661 5293 limc
1691 5238 1807 5293 sola
1843 5253 2091 5309 precare,

2197 5232 2375 5287 Πολλὰ
2407 5232 2583 5286 λαλῶν
2609 5233 2706 5287 καὶ
2742 5233 2914 5288 πολλὰ
2954 5232 3260 5305 παραινῶν,
3290 5232 3348 5285 ἓν
3378 5233 3545 5301 μόνον
3591 5230 3765 5302 εὔχου,

578 5328 819 5383 Cordato
850 5328 1125 5398 imprimis
1162 5338 1220 5383 ut
1248 5328 1459 5398 potiare
1486 5328 1605 5382 viro
1638 5346 1651 5381 :

2273 5326 2457 5395 Ὂφρα
2483 5324 2653 5395 τύχῃς
2678 5325 2872 5395 ἀνδρὸς
2902 5327 3050 5389 ὅστις
3074 5324 3191 5394 ἔχει
3228 5325 3482 5396 κραδίην.

505 5424 576 5483 At
614 5422 659 5475 si
692 5422 912 5475 vecordi
943 5422 1149 5489 pandas
1185 5420 1473 5476 Heliconia
1507 5421 1731 5491 templa,

2197 5420 2259 5472 Ei
2288 5419 2345 5472 δὲ
2378 5418 2594 5489 βίϐλους
2630 5418 2919 5481 Ἑλικῶνος
2949 5418 3191 5487 ἀκαρδίῳ
3219 5417 3375 5489 ἀνδρὶ
3412 5416 3643 5488 κενοίης,

565 5515 889 5571 Conclamas
915 5524 970 5570 et
1000 5514 1218 5587 Hylam,
1242 5524 1295 5570 et
1324 5514 1600 5570 littoribus
1627 5515 1888 5585 loqueris.
2174 5520 2177 5521 '

1877 5555 1888 5567 .
2174 5520 2177 5521 ⁷
2268 5513 2373 5566 Τὸν
2406 5511 2608 5567 Ὕλλαν
2639 5500 2885 5583 κράζείς,
2921 5513 2953 5580 ἢ
2990 5512 3139 5581 παρὰ
3169 5512 3291 5565 θῖνα
3313 5511 3514 5573 λαλεῖς.

577 5713 1088 5789 (διλΜοηιιιεὶιῇ-ιιὶ)
1122 5715 1304 5789 inopia
1342 5718 1519 5772 victus
1548 5715 1693 5771 ᾰϐιοι
1724 5717 2080 5785 vocabantur,
2270 5715 2384 5789 (53)
2426 5715 2753 5789 Heliodorus
2788 5720 2870 5776 vel
2897 5719 3161 5774 Isidorus.
3201 5718 3265 5772 ν.
3294 5718 3521 5789 Niceph.
3549 5732 3656 5781 τιν,
3683 5713 3765 5771 53.

507 5793 562 5836 ut
586 5782 931 5864 εχξίοιηηλιο
965 5786 1053 5843 I3.
1086 5786 1185 5839 viri
1211 5782 1529 5864 iustissimi.
2069 5782 2074 5785 ⁷
2268 5782 2380 5859 (54)
2423 5788 2617 5845 Matth.
2678 5806 2832 5847 xvut.
2898 5790 2961 5845 D.
3024 5791 3307 5864 Clirysost.
3364 5782 3443 5845 de
3483 5789 3673 5844 clecm.
3723 5792 3770 5840 et

582 5855 695 5919 (363)
739 5852 797 5907 D.
831 5854 1115 5923 Cltrysost.
1155 5871 1169 5909 ι
1199 5852 1305 5923 orn,
1341 5859 1395 5911 in
1425 5858 1545 5913 Job.
2196 5870 2331 5917 orat.
