4164 6418
562 427 664 491 891
1838 428 2159 490 JOANNIS
2190 430 2622 492 GEOMETRKE
2950 418 2957 423 ’
3712 431 3826 497 892

567 544 680 599 Sibi
713 545 968 600 traditum
1000 542 1375 599 admirabilem
1408 542 1901 609 adolescentulum,

564 640 619 693 lu
656 642 867 694 actione
900 642 1057 695 sitam
1093 639 1276 694 docuit
1304 648 1498 703 artem,
1532 640 1675 694 haud
1702 656 1920 706 novam,

563 729 818 785 Plausum
862 731 1104 795 ferendo,
1129 731 1398 795 emendat,
1423 739 1599 801 urget,
1629 732 1901 787 admonet.

564 821 794 875 Doctore
823 836 963 890 επιρο
993 821 1217 890 gradum
1251 830 1503 875 movente
1528 821 1592 875 ad
1622 823 1847 892 regiam,

560 911 853 965 Pantaleon
880 927 910 965 a
934 920 1086 982 tergo
1110 913 1439 982 sequebatur
1479 914 1610 977 cito,

562 1002 728 1056 Docto
758 1002 1017 1071 magistro
1061 1002 1198 1057 fidus
1227 1004 1487 1058 assistens
1513 1018 1725 1070 comes;

557 1094 714 1158 Quod
749 1108 871 1148 cum
909 1094 1151 1148 viderent
1173 1096 1448 1164 principes
1474 1096 1691 1165 quidem
1727 1095 1849 1160 viri,

558 1185 693 1249 Quis
725 1192 869 1240 esset
902 1187 1221 1254 anquirunt,
1255 1188 1452 1256 quibus
1479 1187 1794 1257 parentibus

559 1277 773 1342 Cretus,
806 1292 1000 1347 rogare
1025 1281 1265 1347 aggressi
1298 1280 1617 1348 magistrum
1646 1282 1909 1348 puberum
1940 1297 1954 1335 :

558 1368 763 1438 Nempe
796 1369 1050 1436 alterum,
1075 1371 1159 1425 cui
1189 1380 1297 1425 tam
1331 1381 1558 1426 venusta
1595 1371 1765 1426 forma
1797 1372 1890 1434 sit,

560 1457 750 1513 Facies
779 1468 889 1514 tam
921 1460 1172 1524 honesta,
1198 1470 1382 1515 tantus
1409 1461 1461 1515 in
1499 1463 1648 1515 vultu
1682 1463 1884 1527 decor,‘

560 1547 677 1600 Non
707 1549 952 1604 invenire
983 1559 1293 1619 promptum
1324 1560 1439 1605 erat
1469 1567 1656 1622 regum
1692 1553 1747 1606 in
1774 1553 1963 1607 domo.

633 1638 729 1693 His
763 1640 1153 1710 Euphrosynus
1182 1641 1283 1696 rite
1309 1658 1631 1712 responsum
1658 1643 1840 1699 dedit:

559 1729 661 1784 llic
700 1740 861 1784 natus
892 1740 975 1785 est
1002 1729 1297 1802 Eustorgii,
1331 1743 1505 1787 matre
1539 1732 1782 1799 Eubola;

560 1821 693 1887 Quae
719 1830 893 1876 morte
924 1820 1069 1875 fatali
1101 1832 1401 1893 perempta,
1427 1824 1540 1892 jam
1572 1825 1818 1878 omnium

559 1912 864 1966 Commune
889 1911 1051 1966 solvit
1085 1912 1325 1967 debitum
1359 1913 1695 1969 mortalium.

558 2003 659 2057 Ast
687 2003 851 2068 hunc,
893 2003 1192 2073 peritorum
1224 2006 1532 2059 medentum
1555 2022 1663 2075 quo
1700 2008 1870 2063 libros

557 2091 892 2157 Addisceret,
922 2092 1247 2147 solutionem
1279 2094 1345 2148 ad
1372 2094 1627 2161 cladium,

561 2179 634 2235 Ut
667 2182 974 2250 pertinaces
999 2183 1125 2237 hinc
1159 2183 1373 2239 doleres
1404 2186 1645 2241 ulcerum

557 2274 962 2341 Compescerct,
996 2274 1127 2327 mihi
1159 2275 1501 2330 tradiderunt
1530 2276 1740 2331 sedulo.

632 2361 710 2415 Illi
741 2364 853 2416 haec
884 2363 1127 2417 vicissim
1164 2366 1326 2419 verba
1350 2360 1655 2419 retulerunt
1679 2368 1795 2420 viro
1822 2384 1835 2420 :

560 2454 661 2508 Vir
690 2456 913 2524 optime,
947 2455 1145 2509 almam
1182 2472 1277 2526 per
1316 2458 1547 2511 salutem
1582 2458 1917 2527 principum,

556 2545 854 2600 Formosus
886 2545 996 2607 hic.
1028 2556 1192 2615 atque
1225 2546 1422 2602 indolis
1452 2546 1670 2616 juvenis
1702 2548 1904 2616 probae,

556 2633 863 2703 Pe’rdiguus
895 2644 998 2700 est,
1026 2636 1119 2703 qui
1149 2636 1215 2690 ad
1244 2636 1599 2706 imperantem
1630 2637 1879 2707 prodeat.

630 2736 759 2789 Post
787 2736 874 2790 illa
905 2735 1151 2791 referunt
1178 2738 1495 2808 imperatori
1521 2739 1684 2801 truci,

559 2827 637 2881 De
670 2828 889 2897 juvenis
924 2829 1088 2899 hujus
1118 2830 1271 2883 vultu
1297 2831 1528 2885 honesto
1550 2843 1604 2885 et
1639 2829 1885 2886 dotibus.

560 2922 707 2990 Ergo
738 2923 946 2978 vocatis
983 2933 1095 2978 tum
1123 2924 1387 2977 ministris
1413 2924 1621 2980 sedulis

559 3010 787 3067 Curavit
816 3020 1060 3083 optatum
1095 3012 1198 3068 sibi
1239 3012 1357 3067 dari
1400 3014 1686 3083 puberem,

559 3101 803 3168 Clarum,
840 3104 1099 3158 nitentem
1136 3105 1397 3174 gemmcis
1420 3104 1740 3161 virtutibus.

562 3193 636 3247 Ut
669 3193 801 3247 vidit
829 3193 949 3263 ejus
973 3194 1086 3248 oris
1119 3197 1396 3264 egregium
1434 3196 1624 3261 decus,

563 3280 917 3351 Splendorem
952 3293 1005 3337 et
1043 3284 1219 3339 oculis
1242 3285 1564 3339 emicantem
1598 3285 1814 3351 lucidis,

560 3373 845 3444 lnstarque
872 3376 1080 3430 vultum
1121 3375 1350 3447 fulguris
1380 3394 1392 3430 :
1427 3388 1539 3431 tum
1576 3379 1778 3447 gaudio

563 3466 793 3522 Summo
820 3469 1084 3536 superbus
1115 3469 1412 3538 imperator
1444 3470 1649 3534 exsilit,

561 3556 1099 3630 Euphrosynumque
1124 3560 1377 3614 hortatur
1407 3570 1578 3614 artem
1609 3561 1760 3615 illum
1790 3576 1946 3617 suam

560 3649 769 3704 Docere
800 3650 974 3704 multo
1001 3666 1165 3720 quam
1194 3662 1353 3704 antea
1377 3652 1715 3719 accuratius,

562 3739 633 3793 Et
658 3742 894 3796 maxime
932 3743 1337 3812 compendiaria
1369 3743 1456 3797 via
1492 3762 1505 3798 :

561 3833 701 3885 Cum
733 3841 956 3901 cuperet
986 3832 1116 3885 huic
1137 3833 1323 3902 juveni
1352 3834 1520 3902 probo
1551 3834 1688 3889 bene
1727 3836 1965 3903 consuli,

571 3920 641 3974 Ut
672 3921 809 3975 forte
838 3922 884 3976 si
914 3922 1308 3993 Euphrosynus
1336 3932 1544 3978 exactaz
1569 3939 1736 3980 senex

565 4011 704 4067 Vitae
728 4015 995 4082 peregerit
1020 4015 1183 4068 hrcve
1215 4014 1451 4069 stadium
1488 4031 1623 4080 sua},
1706 4046 1709 4049 -

566 4104 699 4157 Post
730 4104 849 4168 ejus
881 4104 1089 4157 obitum
1126 4119 1319 4159 rursus
1347 4105 1402 4157 in
1433 4106 1637 4173 palatio

566 4196 670 4250 llic
704 4205 848 4251 esset
880 4211 1072 4251 omnes
1109 4196 1353 4251 allevans
1386 4197 1581 4251 morbo
1612 4200 1790 4268 gravi.

636 4300 706 4351 At
740 4297 1061 4353 Hermolaus
1098 4298 1307 4353 vetulus
1338 4299 1553 4352 occulto
1579 4300 1632 4353 in
1674 4301 1795 4357 loco

562 4388 802 4459 chebat
833 4389 1175 4458 amplexatus
1206 4389 1349 4443 haud
1379 4390 1501 4444 ficte
1526 4391 1717 4456 Deum,

563 4478 665 4532 llic
700 4478 1081 4533 Pantclemona
1110 4480 1326 4534 intuens
1366 4489 1445 4533 ter
1465 4490 1558 4533 aut
1584 4491 1800 4550 quater,

563 4569 633 4622 Et
660 4569 765 4623 huc
791 4576 844 4622 et
872 4568 999 4622 illuc
1034 4570 1387 4623 ventitantem
1424 4569 1568 4625 ultro
1595 4571 1760 4634 citro,

562 4657 728 4713 Juxta
752 4673 933 4712 casam
959 4659 1281 4727 pernicitate
1313 4659 1524 4725 sedula,

565 4749 845 4817 Pergendo
876 4749 1090 4819 publica
1122 4749 1208 4802 via
1240 4750 1483 4819 quotidie

565 4836 841 4908 Vultuque
865 4849 1161 4909 conspecto
1185 4841 1412 4896 decente
1450 4842 1715 4910 maxime,

566 4927 821 4982 Placente
851 4944 1060 4998 gressu,
1089 4938 1144 4984 et
1171 4944 1267 4984 ore
1290 4930 1447 4986 valde
1478 4931 1705 4998 atl‘abili,

566 5010 907 5077 Et'moribus
936 5022 1173 5087 blandis,
1207 5023 1554 5094 benignaque
1590 5025 1793 5090 indole,

566 5109 726 5166 llunc
751 5124 934 5168 mente
964 5114 1109 5169 videt
1138 5115 1423 5170 electionis
1454 5131 1550 5171 vas
1591 5115 1710 5172 fore
1743 5135 1756 5171 :

568 5203 647 5257 Ac
680 5203 940 5271 puberem
964 5205 1170 5261 veritus
1202 5220 1368 5261 senex
1400 5207 1546 5261 lento
1574 5208 1708 5276 pede

569 5294 830 5349 Adoritur
859 5310 891 5349 a
920 5295 1041 5351 loco
1077 5296 1358 5367 improbos
1393 5300 1507 5363 ubi,
1546 5299 1868 5364 lucubrans,

571 5383 808 5454 Lugens.
844 5385 1083 5454 labores,
1112 5398 1165 5442 et
1197 5388 1510 5457 quiescens,
1538 5390 1813 5457 hauserat,

572 5476 633 5529 In
669 5476 961 5532 solitudine
984 5480 1053 5533 ob
1088 5488 1292 5533 metum
1328 5482 1635 5551 gentilium.

577 5565 647 5620 Ut
675 5568 847 5621 movit
876 5569 983 5624 huc
1011 5585 1071 5625 se
1094 5570 1312 5640 juvenis
1340 5582 1504 5644 atque
1536 5574 1778 5629 transilit

575 5659 762 5713 Limen
787 5659 1008 5725 domus,
1038 5662 1185 5717 hunc
1218 5665 1498 5720 osculatus
1527 5667 1742 5721 vetulus
1774 5674 1881 5733 est,

651 5747 909 5803 Formose
940 5750 1011 5804 mi
1044 5752 1362 5811 adolescens
1396 5770 1514 5822 ave,
1542 5770 1575 5810 ο
1612 5756 1791 5825 proles
1823 5757 1989 5826 proba
2016 5774 2029 5810 :

581 5835 647 5891 Et
684 5846 759 5900 tu,
795 5854 961 5894 senex
991 5846 1315 5911 venerande,
1351 5847 1499 5903 salve
1539 5848 1854 5917 plurimum,

2163 554 2210 607 A

2342 542 2511 612 Οὗτος
2538 550 2597 601 τὸ
2630 547 3058 618 πανθαύμαστον
3084 547 3332 602 ἐκλαϐὼν
3358 547 3529 619 κτέαρ

2346 639 2458 707 Τὴν
2485 638 2796 711 πρακτικὴν
2828 639 3089 710 μάθησιν,
3116 641 3177 692 οὐ
3209 639 3308 710 τὴν
3334 640 3551 710 ἀρτίαν,

2346 732 2555 800 Κρότον
2579 730 2687 803 [τσ.
2719 733 2975 802 κροτῶν],
3016 732 3306 797 διδάσκων,
3349 730 3626 785 συλλαϐὼν
3665 732 3824 786 ἐνου-

2344 814 2421 875 Οὗ
2445 822 2706 886 πολλάκις
2728 822 3050 886 σπεύδοντος
3079 824 3138 878 έν
3162 823 3430 894 παλατίῳ,
3569 822 3765 894 “licet,

2359 910 2418 963 '0
2450 912 2799 964 Πανταλείων
2829 913 2889 975 ἐξ
2906 912 3170 965 ὀπισθίων
3192 912 3423 983 τρέχων,

2346 1004 2642 1057 Συνείπετο
2666 1004 2955 1074 προῦχοντι
2976 1004 3055 1075 τῷ
3083 1003 3411 1072 διδασκάλῳ.

2350 1095 2526 1166 Ὅπερ
2557 1094 2843 1165 βλέποντες
2868 1098 2915 1149 οἱ
2950 1097 3273 1166 μεγιστᾶνες
3305 1096 3487 1160 πάλιν,

2345 1186 2441 1248 Τίς
2470 1186 2609 1252 ἐστι,
2638 1187 2732 1240 καὶ
2758 1187 2876 1251 πῶς
2903 1188 3041 1251 ἐστι,
3081 1187 3174 1240 καὶ
3204 1187 3345 1249 τίνος
3378 1186 3553 1251 πέλει,

2349 1277 2631 1346 Ἔφοασαν
2661 1279 2835 1330 εἰπεῖν
2863 1278 2970 1332 τῶν
2995 1278 3130 1332 νέων
3155 1278 3473 1348 διδασκάλῳ.

2348 1367 2540 1420 Ἀλλον
2575 1367 2704 1439 γὰρ,
2733 1369 2809 1431 ὡς
2836 1369 3029 1434 ἔοικεν,
3063 1369 3405 1438 ὡραῖσμένον

2343 1458 2598 1512 Τοιοῦτον
2620 1460 3001 1530 εὐπρόσωπον,
3036 1460 3216 1530 εὐειδῆ
3252 1461 3393 1525 νέον,

2345 1550 2458 1603 Οὐκ
2490 1545 2558 1618 ἦν
2584 1552 2836 1618 ὲφευρεῖν
2868 1552 2924 1602 ἐν
2952 1550 3136 1620 δόμοις
3162 1551 3501 1619 ἀνακτόρων.

2415 1640 2556 1709 Πρὸς
2590 1637 2682 1702 οὒς
2711 1641 2739 1692 ὁ
2766 1640 3110 1709 Εὐφρόσυνος
3134 1641 3404 1709 εὐστόχως
3443 1640 3547 1709 ἔφη
3566 1657 3580 1671 ·

2341 1730 2673 1799 Εὐστοργίου
2705 1732 2834 1793 παῖς
2864 1733 3002 1795 ἐστι,
3038 1731 3246 1802 μητρὸς
3275 1732 3541 1801 Εὑόόλης,

2342 1824 2502 1886 Ἥτις
2536 1822 2772 1876 θανοῦσα
2795 1822 2887 1876 τὸν
2920 1823 3282 1892 πεπρωμένον
3315 1822 3482 1893 μόρον

2338 1915 2413 1967 Τὸ
2438 1913 2614 1967 κοινὸν
2647 1911 2852 1978 ἐξέτισε
2876 1915 2971 1967 καὶ
2998 1914 3214 1969 πάντων
3240 1915 3420 1983 χρέος.
3570 1913 3793 1987 [βίὸλων

2356 2007 2444 2068 Ἐς
2498 2005 2647 2058 τόνδε
2670 2003 2781 2076 [ian
2819 2006 2973 2075 Ἐμοὶ
2999 2004 3081 2076 δὲ]
3110 2004 3299 2057 τοῦτον
3358 2004 3470 2058 τῶν
3504 2006 3818 2075 ἀκεστόρων

2343 2091 2510 2158 Αὖθις
2540 2094 2793 2162 γενέσθαι
2823 2094 2936 2166 [γρ.
2962 2094 3211 2165 ἀνέσθαι]
3234 2096 3504 2164 πημάτων
3534 2096 3817 2166 λυτήριον,

2349 2187 2537 2247 Ὅπως
2570 2184 2852 2247 δυσαλθεῖς
2883 2184 3153 2254 πημάτων
3186 2182 3486 2253 ἀλγηδόνας

2346 2274 2501 2345 Παυῃ
2526 2273 2801 2343 παρέσχον
2838 2274 2895 2340 ἐξ
2925 2274 3143 2343 ἑτοίμου
3177 2272 3497 2343 μανθάνειν.

2416 2367 2477 2419 Ol
2504 2366 2560 2419 δὲ
2591 2366 2727 2436 πρδς
2754 2366 2915 2419 αὐτὸν
2944 2366 3253 2435 ἀντέφησαν
3273 2365 3503 2418 αὑτίκαν

2345 2457 2438 2511 Μὰ
2466 2457 2574 2510 τῶν
2602 2456 2762 2518 θεῶν,
2791 2456 3056 2526 βέλτιστε,
3083 2457 3182 2526 τὴν
3219 2456 3522 2527 σωτηρίαν,

2356 2549 2417 2602 .0
2440 2548 2809 2619 καλλίμορφος
2839 2541 2993 2612 οὗτος
3024 2548 3307 2619 εὐπρεπὴς
3337 2548 3478 2613 νέος.

2377 2645 2449 2707 Ως
2481 2643 2633 2708 ἀξιος
2669 2645 2884 2715 μέδοντι
2908 2642 3002 2699 τοῦ
3032 2642 3394 2711 παρεστάναι.

2347 2736 2456 2788 Καὶ
2487 2736 2769 2806 συντόμως
2797 2734 3058 2806 τρανοῦσι
3086 2733 3161 2804 τῷ
3188 2733 3507 2807 κακεργάτῃ

2353 2828 2585 2880 Ἀνακτι
2614 2827 2792 2880 πάντα
2822 2825 2917 2879 τοῦ
2948 2826 3068 2879 νέου
3099 2823 3289 2877 τούτου
3314 2824 3467 2894 πέρι.

2358 2918 2419 2971 '0
2446 2919 2490 2972 δ’
2513 2918 2579 2972 αὖ
2616 2918 2889 2981 καλέσσας
2922 2917 3202 2979 εὐσταλεῖς
3234 2916 3515 2986 ὑπηρέτας

2351 3006 2529 3078 Ἧγεν
2566 3011 2702 3080 πρὸς
2731 3010 2892 3063 αὐτὸν
2918 3010 3008 3062 τὸν
3038 3008 3372 3079 ποθούμενον
3398 3008 3539 3075 νέον,

2350 3102 2673 3171 Λάμποντα,
2701 3101 3086 3172 μαρμαίροντα
3110 3100 3361 3171 λυχνίτου
3391 3099 3567 3168 δίκην.

2354 3185 2432 3246 Ob
2463 3194 2555 3245 καὶ
2575 3190 2771 3261 διαυγῆ
2792 3191 2887 3243 τοῦ
2919 3189 3214 3261 προσώπου
3243 3190 3340 3259 τὴν
3359 3189 3506 3243 θέσιν
3534 3187 3644 3260 [ισ.
3671 3186 3819 3257 θέαν]

2354 3285 2468 3338 Καὶ
2494 3283 2593 3354 τὴν
2617 3283 3049 3336 ἀποστίλϐουσαν
3085 3282 3149 3334 ὲκ
3178 3281 3286 3334 τῶν
3316 3281 3579 3351 ὀμμάτων

2345 3376 2457 3429 Kal.
2507 3375 2607 3447 τὴν
2666 3376 3189 3446 ἀπαστράπτουσαν,
3243 3374 3432 3444 ὥσπερ
3480 3373 3589 3445 [ἷσ.
3639 3366 3818 3442 εἶδεν,]

2346 3466 2526 3536 Ἠσθη
2558 3468 2675 3520 κατ’
2697 3467 2873 3537 ἄκραν
2896 3466 2924 3517 ὁ
2954 3464 3161 3536 Θρασὺς
3186 3464 3547 3535 στεφηφόρος.
3572 3461 3816 3534 [εὐθέως.

2345 3559 2459 3613 Καὶ
2482 3561 2581 3629 τὴν
2612 3557 2921 3628 προσοῦσαν
2957 3557 3214 3626 ἀσφαλῶς
3256 3554 3587 3625 Εὐφροσύνῳ
3777 3556 3781 3565 '

2351 3649 2694 3720 Προῠτρεψιν
2727 3650 2759 3721 ἢ
2788 3650 2893 3720 πρὸ
2922 3649 3105 3717 τοῦγε,
3138 3649 3234 3703 καὶ
3265 3647 3443 3718 πολλῷ
3473 3647 3655 3709 πλέον,
3755 3718 3763 3724 -

2352 3742 2564 3811 Τέχνην
2584 3742 2859 3795 διδάσκειν
2880 3741 3135 3811 ἐμμελῶς
3160 3740 3497 3811 ὴπειγμένην
3531 3738 3638 3808 [τον.
3668 3736 3809 3789 ἔπει-

2350 3832 2556 3902 Βουλὴν
2583 3832 2693 3902 γὰρ
2726 3832 3057 3886 εὐσύνοπτον
3085 3831 3259 3893 ἄλλως
3538 3827 3623 3900 [γέ
3652 3826 3780 3898 μινι.

2357 3925 2425 3977 Εἴ
2450 3941 2567 3988 πως
2600 3927 2628 3977 ό
2654 3924 2999 3994 Εὐφρόσυνος
3028 3926 3084 3976 ὲν
3116 3922 3312 3995 μακρῷ
3337 3922 3514 3992 χρόνῳ

2354 4018 2461 4071 Τὸν
2483 4017 2578 4071 τοῦ
2615 4016 2733 4089 βίου
2764 4017 2977 4070 δίαυλον
3006 4016 3176 4080 ὅντως
3204 4016 3490 4085 ὲκδράμοι,

2359 4109 2557 4163 Κείνου
2597 4109 2851 4171 θανόντος
2881 4108 3117 4177 ἔμπαλιν
3149 4106 3420 4175 παλατίῳ,

2358 4205 2643 4265 "Anax/ta;
2668 4201 2992 4255 άλθαίνοντα
3028 4198 3216 4253 τοῦτον
3242 4198 3317 4261 ὡς
3346 4199 3486 4266 ἔχοι.

2437 4292 2768 4363 Ἐρμούλαος
2795 4292 2852 4345 δὲ
2879 4290 3124 4357 πρέσῦυς
3149 4292 3206 4343 ὲν
3240 4288 3468 4356 κρυπτῷ
3495 4287 3645 4357 τόπῳ

2373 4387 2549 4458 Ὑπῆν
2579 4386 2796 4455 ἀληθῶς
2817 4386 3053 4456 Χριστὸν
3085 4383 3553 4455 ὲνστερνισμένος,

2363 4482 2459 4543 Ὃς
2488 4480 2639 4534 τόνδε
2668 4477 3043 4531 Πανταλέοντα
3073 4475 3286 4537 διθάκις
3312 4472 3544 4544 βλέπων,

2369 4573 2578 4627 Ἔκεῖσε
2611 4572 2705 4624 καὶ
2726 4569 2804 4640 τῷ
2828 4569 3007 4638 δεῦρο,
3042 4569 3136 4619 καὶ
3164 4564 3497 4645 περαιτέρω,

2355 4663 2529 4715 Ὅπου
2567 4660 2805 4729 κατῴκει
2828 4658 2926 4728 τὴν
2957 4656 3289 4709 παλίσσυτον
3319 4657 3484 4723 τάχος

2364 4750 2637 4821 ’Λταρπδν
2662 4749 2998 4821 ὲκτρέποντα
3026 4748 3125 4817 τὴν
3151 4745 3448 4814 λεωφόρον.

2362 4844 2538 4914 Ὁρῶν
2569 4843 2627 4896 δὲ
2653 4844 2748 4896 καὶ
2779 4840 3044 4911 πρόσοψιν
3074 4837 3477 4908 ὴγλαῖσμένην,
3587 4900 3595 4905 ι

2369 4936 2613 5007 Βάδισμα
2640 4933 2893 5006 τερπνὸν,
2918 4932 3329 5005 εὐπροσήγορον
3358 4930 3553 4998 στόμα,

2350 5026 2524 5092 Ἦθος
2553 5028 2830 5093 ταπεινὸν,
2865 5027 2960 5079 καὶ
2990 5024 3253 5094 γαλήνιον
3285 5024 3515 5094 τρόπον.

2354 5120 2468 5174 Καὶ
2498 5117 2771 5187 πνεύματι
2800 5116 2963 5184 γνοὺς
2997 5115 3191 5177 σκεῦος
3223 5113 3457 5181 ἐκλογῆς
3485 5111 3642 5182 μέγα,

2355 5210 2612 5279 Μάρπτει
2646 5203 2900 5269 δεδοικὼς
2927 5204 3174 5277 πρέσϐυς
3202 5203 3394 5274 ἡσύχῳ
3424 5204 3549 5256 ποδὶ

2356 5300 2555 5355 Καλῶν
2586 5298 2883 5370 κρυφηδὺν,
2914 5296 3043 5350 ἔνθα
3070 5298 3199 5358 τοὺς
3231 5296 3477 5366 μακροὺς
3506 5294 3694 5356 πόνους

2358 5391 2603 5463 Θρηνῶν,
2636 5390 2956 5462 ἀγρυπνῶν,
2986 5389 3212 5459 ἠρεμῶν
3245 5388 3554 5458 ἐκαρτέρει,

2361 5483 2608 5553 Ἔρημον
2646 5482 2726 5544 εἰς
2754 5482 2989 5551 οἴκησιν,
3035 5480 3304 5549 Ἐλλήνων
3329 5478 3499 5550 φόϐῳ.

2357 5575 2462 5627 Τὸν
2484 5573 2579 5627 καὶ
2602 5572 2882 5643 τραπέντα
2912 5572 3004 5627 καὶ
3035 5572 3315 5643 προϐάντα
3340 5571 3438 5640 τὴν
3462 5569 3627 5640 θύραν

2364 5666 2598 5719 ’Έκυσεν
2616 5664 2807 5729 εἰπὼν,
2837 5665 3293 5734 Εὐπρεπέστατον
3326 5663 3507 5727 θάλος,

2429 5755 2635 5809 Νεανία
2666 5755 2944 5825 κράτιστε,
2978 5756 3134 5825 χαῖρε
3168 5754 3339 5807 πολλά
3371 5770 3485 5822 μοι.

2363 5848 2597 5915 Καὺτδς,
2635 5848 2846 5919 γεραιὲ,
2886 5849 3064 5918 χαῖρε,
3104 5847 3372 5917 πάντιμον
3399 5846 3559 5916 κάρα,
