4164 6422
322 443 446 505 80'}

470 562 532 614 Ὀ
567 558 917 612 Παντα).είων
941 556 1227 622 ἀντέλεξεν
1257 555 1483 620 εὐθέως.

1413 439 1454 498 S
1509 439 2149 500 PANTELEEMONIS
2187 439 2560 502 ELOGlUM.

1957 557 2008 618 Α
2037 555 2178 611 Dixit
2211 559 2390 613 salute
2423 557 2772 614 Pantelemon
2811 559 3046 616 reddita.

3512 441 3619 504 894

457 653 570 706 Καὶ
609 652 678 721 τῇ
704 647 820 720 [γρ.
846 647 940 717 τίη
959 645 1094 716 πρὺς
1119 646 1282 700 αὐτὸν
1305 649 1332 700 ό
1355 645 1730 716 πρεσϐύτατος
1755 647 1935 717 γέρων
2039 645 2101 700 Rt

1625 664 1730 710 ιτος
1755 647 1935 717 γέρων
2039 645 2254 702 Rursus
2279 663 2448 704 senex
2475 649 2556 705 sic
2583 649 2854 705 allocutus
2885 652 3146 720 puberem
3169 661 3269 713 est,

452 743 614 812 Χειρὶ
645 739 948 811 κρατήσας,
970 738 1196 804 Τέκνον,
1226 739 1348 790 είπέ
1381 755 1492 808 μοι,
1527 738 1670 800 τίνος

455 839 498 889 ll
511 834 668 902 κτρός
698 849 760 884 τε
793 831 999 902 μητρός
1034 829 1081 884 θ’
1109 831 1218 892 υἱὸς
1239 827 1289 884 εἷ
1307 829 1698 900 πεφιλημένος.

523 921 862 990 Εὐστοργίου
893 922 1020 984 παῖς
1048 921 1186 988 είμι,
1225 919 1360 987 φησὶ
1396 917 1722 988 προφρόνως

462 1018 521 1068 '0
553 1014 920 1077 Havm).s£wv,~
953 1014 1158 1084 μητρὸς
1189 1013 1487 1081 Εὐϐούλης,
1513 1011 1718 1080 Πάτερ,

451 1107 524 1160 "ll
555 1124 636 1168 τις
665 1104 940 1175 παρῆλθεν
965 1105 1030 1156 ὲκ
1055 1102 1388 1156 παλαιτάτου
1420 1100 1636 1171 χρόνου.

499 1200 675 1250 ΕΡΜ.
698 1195 888 1258 Ποίας,
909 1195 1090 1260 τέκος,
1117 1192 1450 1264 θρησκείας;
1477 1188 1588 1260 ἆρα
1613 1189 1754 1261 πρὸς
1777 1189 1906 1260 μίαν

449 1291 524 1342 ’Ἡ
548 1290 644 1343 καὶ
677 1287 797 1342 κατ’
824 1287 990 1356 ἄλλην
1015 1287 1171 1348 ἄλλος
1197 1287 1254 1340 ὲν
1283 1284 1549 1354 διαιρέσει

446 1382 720 1443 Μένοντες
747 1375 888 1450 ἦσαν
915 1382 980 1450 τῇ
1018 1377 1362 1443 συναλλήλων
1390 1376 1596 1446 σχέσει.

521 1476 736 1530 ΠΑΝΤ.
752 1473 954 1541 Μήτηρ
972 1471 1068 1540 μὲν
1087 1471 1120 1540 ὴ
1140 1467 1382 1539 θνήξασα
1397 1467 1486 1520 τὸν
1505 1465 1743 1536 Χριστὸν
1761 1464 1926 1534 μάλα.

457 1569 516 1621 '0
541 1567 644 1635 φὺς
672 1565 852 1634 πατήρ
889 1581 956 1633 με
980 1562 1107 1625 τοὺς
1146 1561 1303 1623 θεοὺς
1331 1559 1572 1630 στέργει,
1604 1558 1806 1628 Πάτερ,

449 1657 690 1719 Σπονδάς
727 1672 787 1708 τε
814 1653 1000 1715 λοιϐάς
1037 1653 1086 1705 τ’
1115 1651 1361 1723 εἰσφέρει
1387 1649 1506 1704 καθ’
1546 1649 1782 1720 ἡμέραν.

515 1751 692 1804 ΕΡΜ.
726 1749 786 1801 '0
814 1747 905 1811 σὸς
933 1746 989 1800 δὲ
1013 1745 1182 1815 θυμὸς
1219 1745 1346 1814 ἄρτι
1381 1741 1635 1814 μητρῷον
1667 1740 1852 1804 σέϐας,

445 1843 520 1894 Ἦ
547 1843 642 1895 καὶ
670 1840 732 1893 τὸ
781 1839 990 1909 πατρὸς
1033 1837 1336 1906 εὐλαϐήσαι
1385 1836 1496 1907 [γρ.
1546 1830 1921 1903 εὐλαϐήσσις].

440 1935 628 2002 Τάφον
648 1905 1122 2002 δοκεύειν-μητρὸς
1154 1905 1551 1996 εὐκλεεστάτης
1577 1943 1593 1993 ;
1629 1924 1732 1997 [μὴ
1756 1924 1925 1978 θέλων
1959 1905 2006 1968 3.

2027 1905 2110 1918 .-..
2146 1905 2316 1932 rm...
2348 1905 2514 1921 ν.......
2550 1905 2751 1920 ...ωηο
2776 1905 2881 1932 νυ,
2916 1905 3143 1920 ............
3183 1905 3305 1920 μην.

1661 1924 1925 2028 μὴΡέλων
1959 1905 2006 1968 8'
2031 1955 2289 2027 Spectare
2321 1957 2592 2012 tumulum
2625 1957 2821 2014 matris
2856 1955 3305 2028 angustissimae?

515 2028 732 2082 HANT.
768 2025 939 2095 Κείνη
969 2021 1214 2076 ποθοῦσα
1246 2021 1396 2091 θῦμα
1422 2019 1500 2089 τῷ
1536 2019 1660 2090 Θεῷ
1691 2018 1838 2088 μόνῳ

439 2120 604 2174 Ζῶσα
633 2117 928 2188 προσάξειν
957 2115 1150 2186 ἢθελεν
1177 2131 1194 2148 °
1228 2113 1413 2185 πατὴρ
1439 2111 1484 2166 δ’
1509 2111 1646 2182 ἐμὸς

435 2211 661 2266 Μᾶλλον
697 2209 1016 2280 στρατεύειν
1047 2207 1240 2279 ἢθελεν
1265 2206 1432 2260 πάλαι
1455 2203 1660 2277 [ποτέ.]

2035 737 2300 792 Prensum
2337 738 2676 807 manu:Dic,
2704 749 2848 806 nate,
2887 740 3143 810 quisnam
3175 748 3228 796 te
3257 749 3430 810 pater,

2035 829 2166 896 Quae
2197 840 2250 886 te
2280 833 2485 888 creavit
2507 841 2679 888 mater
2708 834 2730 888 ?
2759 849 2794 890 ο
2813 834 3030 898 dilecte,
3063 834 3172 890 dic.

2106 929 2430 1002 Eustorgius
2461 947 2548 988 me
2569 934 2779 1004 genuit,
2807 934 3078 1004 ingenuus
3103 949 3240 1004 puer

2034 1021 2334 1090 Respondit
2367 1023 2470 1090 illi,
2501 1033 2674 1078 mater
2709 1025 2918 1082 Eubule
2949 1025 3072 1092 fuit,

2033 1115 2165 1181 Quae
2191 1113 2377 1169 functa
2409 1113 2524 1170 fato
2551 1125 2634 1172 est
2652 1119 2884 1184 jamdiu,
2907 1117 3068 1184 jussu
3093 1118 3256 1172 deum

2102 1215 2342 1277 HERM.
2371 1218 2504 1283 Quis
2533 1221 2714 1274 cultus
2739 1221 2866 1286 illis,
2899 1221 3166 1288 numquid
3205 1222 3402 1276 unicus
3433 1221 3572 1274 fuit?

2031 1309 2112 1362 An
2133 1309 2278 1364 aliud
2310 1318 2475 1378 atque
2508 1312 2654 1367 aliud
2687 1315 2986 1368 reveritum
3016 1314 3283 1368 ambobus
3308 1323 3412 1376 est,

2033 1399 2274 1454 Divortio
2307 1409 2582 1456 sectarum
2613 1404 2900 1472 diremptis
2933 1404 3209 1458 invicem?

2106 1489 2323 1544 PANT.
2345 1490 2626 1546 Christum
2647 1509 2711 1562 pa
2723 1509 2847 1549 rens
2869 1509 2992 1563 quae
3038 1503 3254 1548 mortua
3291 1502 3397 1556 est,
3445 1493 3613 1546 coluit

2029 1580 2189 1635 Pater
2220 1590 2498 1651 superstes
2525 1583 2744 1638 adamat
2773 1585 3094 1639 innumeros
3120 1584 3274 1649 deos,
3439 1581 3574 1654 [pie,

2029 1673 2424 1739 Libaminibus,
2451 1683 2506 1730 et
2533 1674 2785 1746 plurimis
2815 1683 2976 1730 ornat
3004 1675 3196 1731 sacris.

2101 1772 2334 1829 HERM.
2366 1771 2672 1830 Auimusne
2701 1783 3013 1829 maternum
3041 1783 3166 1829 tuus
3197 1772 3404 1829 cultum
3433 1773 3546 1837 Dei,

2027 1864 2110 1918 An
2145 1865 2316 1932 patris
2347 1865 2514 1921 etiam
2543 1865 2751 1920 veritus
2775 1873 2881 1932 est,
2913 1865 3143 1920 minime
3173 1864 3368 1920 volens

2099 2052 2251 2108 ΡΑΝ
2262 2060 2318 2112 Τ.
2347 2055 2472 2110 Haec
2505 2057 2889 2126 percupiverat
2918 2055 3030 2111 Deo
3073 2069 3267 2124 puram
3302 2055 3540 2110 hostiam

2028 2143 2166 2199 Dum
2193 2147 2401 2202 viveret
2439 2148 2742 2216 producere
2777 2164 2791 2202 :
2828 2156 2884 2200 at
2918 2159 3071 2200 meus
3111 2159 3312 2215 parens

2026 2233 2216 2290 Castra
2246 2235 2418 2291 voluit
2445 2251 2659 2306 semper
2690 2236 2868 2307 sequi,
2895 2244 2950 2290 et
2979 2235 3118 2290 bella
3147 2235 3395 2304 exsequi.

435 2305 632 2372 Ὅμως
661 2301 773 2374 [ian
799 2301 860 2352 οὐ
891 2299 1021 2371 μὴν]
1051 2298 1311 2369 θελούσης
1343 2298 1442 2368 τῆς
1473 2295 1926 2366 σεϐασμιωτάτης
2026 2325 2079 2382 α,

2026 2325 2417 2383 Consentiente
2447 2326 2512 2399 [f.
2549 2295 2903 2382 Dissentiente
2935 2327 3034 2400 ηπ]
3064 2335 3242 2383 matre
3264 2327 3607 2387 felicissima.

436 2393 666 2463 Μητρὸς
703 2391 888 2462 πατὴρ
927 2407 994 2460 με
1024 2392 1138 2451 τοῖς
1168 2388 1363 2442 ἑαυτοῦ
1403 2386 1642 2449 δικτύοις

437 2484 674 2554 Σφίγγει
703 2484 908 2547 πιέζων
941 2483 1018 2545 ὡς
1042 2484 1184 2553 κακῇ
1219 2481 1585 2552 ποδοστράϐῃ.

509 2573 684 2629 ΕΡΜ.
711 2575 780 2628 Ἀ
817 2573 1108 2644 μανθάνεις
1137 2573 1233 2627 νῦν
1262 2589 1356 2625 σου
1385 2571 1690 2640 καθηγέτου
1721 2571 1894 2641 πάρα,

434 2665 506 2718 Τί
540 2665 652 2738 [ἴσ.
685 2665 802 2736 καὶ]
833 2665 1006 2720 ταῦτα
1045 2665 1218 2734 κάμοὶ
1249 2665 1346 2719 σὺν
1376 2663 1507 2734 φίλῃ
1539 2661 1824 2733 προθυμίᾳ

435 2757 750 2827 Ἀγγειλον,
779 2758 855 2820 ὡς
882 2757 1095 2828 ἔχουσιν
1133 2755 1332 2810 εἰδέναι
1367 2755 1529 2809 θέλω.

506 2853 721 2905 ΠΑΝΤ.
741 2851 952 2920 Τέχνην
968 2847 1234 2919 Γαληνοῦ,
1248 2848 1348 2920 τὴν
1365 2847 1758 2919 Ἱπποκράτους
1782 2847 1915 2917 ἃμα,

445 2939 784 3009 Ἀσκληπιοῦ
819 2958 878 2993 τε
907 2939 1002 2992 τοῦ
1032 2938 1198 3006 σοφοῦ
1237 2936 1568 3009 προμηθέως
1895 2954 1898 2956 ·

428 3031 662 3094 Βίϐλους
690 3033 892 3085 ὲλίσσω
921 3029 1031 3084 τῶν
1060 3031 1328 3084 τεθέντων
1357 3029 1668 3098 δογμάτων,

427 3123 733 3196 Καθηγέτῃ
765 3124 822 3178 δὲ
851 3124 1114 3194 πείθομαι
1135 3137 1148 3152 ·
1178 3122 1273 3176 καὶ
1303 3123 1412 3192 γὰρ
1433 3121 1573 3176 δέον.

423 3215 597 3282 Λέγει
627 3217 756 3287 γὰρ,
794 3215 870 3280 ὡς
899 3216 1120 3271 ἅπασαν
1151 3215 1456 3286 ἀνθρώπων
1484 3215 1662 3278 νόσον,

428 3307 670 3370 Τούτους
689 3307 798 3380 [Ζσ.
816 3307 1039 3379 ταύτας]
1059 3306 1306 3372 διελθὼν,
1326 3307 1572 3378 εὐχερῶς
1585 3306 1772 3362 παύων
1789 3307 1909 3378 ἔσῃ.

503 3404 680 3456 ΕΡΜ.
701 3401 1060 3472 Στελγῐσματ⁹
1093 3401 1214 3455 ἐστὶ
1227 3401 1668 3466 ταῦτα,·καπνὸς,
1690 3399 1908 3471 αἱθάλη.

429 3497 586 3566 Ἴχνη
611 3495 844 3566 θεούσης
879 3497 1008 3566 νηὸς
1039 3497 1072 3567 ἢ
1103 3498 1264 3558 σκιᾶς
1289 3497 1480 3559 τύπος.

425 3588 670 3659 Γαληνὸς
700 3589 852 3642 οὐδέν
881 3590 1053 3652 ἐστιν,
1081 3587 1189 3641 οὐδ’
1233 3587 1622 3660 Ἱπποκράτης.

426 3680 544 3733 Οὐκ
571 3679 731 3743 ἄλλος
755 3680 923 3748 ἑσμὸς
947 3681 1056 3732 τῶν
1089 3678 1248 3747 θεῶν,
1275 3678 1368 3743 οὓς
1399 3682 1496 3740 καὶ.
1525 3680 1658 3751 σέϐῃ

425 3769 790 3839 Μαξιμιανός.
837 3769 998 3824 Ἀλλὰ
1025 3769 1184 3842 δεῦρό
1213 3787 1323 3840 μοι,
1348 3770 1561 3836 τέκνον,

435 3859 629 3930 Ῥίψας
658 3861 721 3914 τὸ
755 3859 954 3932 σαθρὸν
986 3860 1151 3932 ἄχθος
1187 3863 1251 3914 ὲκ
1275 3863 1374 3931 σῆς
1407 3861 1665 3934 καρδίας,

429 3951 693 4022 Πείσθητι
719 3953 813 4005 καὶ
848 3951 1140 4006 πίστευσον
1171 3953 1252 4016 είς
1277 3952 1514 4022 Χριστὸν
1547 3952 1729 4022 μόνον,

421 4043 504 4096 Δι’
533 4036 596 4097 οῦ
623 4047 744 4098 κατ’
775 4045 944 4116 ἄμφω
969 4045 1218 4116 ψυχικῶν
1243 4046 1556 4116 ἀλγηδόνων

421 4137 536 4188 Καὶ
569 4137 841 4206 σωμάτων
869 4138 1118 4205 τεύξειας
1152 4137 1218 4191 ἄν
1247 4138 1300 4207 γ’
1329 4139 1660 4210 εὐρωστίαν,

423 4229 620 4300 ΙΙόρῤω
648 4229 858 4284 διώκων
881 4230 980 4302 τὴν
1005 4233 1182 4302 κακὴν
1207 4231 1489 4286 ἀπιστίαν.

423 4323 674 4395 Νεκρούς
697 4323 807 4393 γὰρ
835 4317 990 4387 οὗτος
1025 4323 1388 4395 ὲξανέστησεν
1423 4324 1566 4392 λόγῳ
1589 4339 1606 4354 ·

419 4417 534 4470 Καὶ
571 4417 834 4486 δαίμονας
869 4417 1001 4489 πρὶν
1031 4416 1377 4488 ὲξαπήλασεν
1410 4416 1562 4488 φόϐῳ
1585 4432 1599 4445 ·

419 4505 668 4575 Τυφλοῦς
705 4506 1091 4578 διομμάτωσεν
1123 4508 1184 4572 ἐξ
1219 4507 1504 4576 ἁϐλεψίας.

421 4599 668 4663 Χωλούς,
699 4599 997 4670 κλινήρεις,
1029 4601 1298 4663 ἀσθενεῖς,
1333 4599 1722 4670 παρειμένους,

421 4694 730 4763 Ἐρῤωσεν,
763 4690 1087 4763 ὲξώρθωσεν
1121 4694 1188 4746 ἐκ
1217 4691 1396 4746 δεινοῦ
1427 4693 1620 4762 μόρου.

416 4785 667 4855 Λεπροὺς
695 4783 960 4854 καθῆρεν,
993 4784 1371 4856 ὐδαπόρῤυτον
1395 4783 1554 4856 χύσιν

419 4876 694 4947 Ἦμε.ψεν
719 4877 800 4937 εἰς
831 4875 1080 4946 εὔοδμον,
1102 4876 1333 4930 εὐποτον
1361 4879 1542 4933 πόσιν.

419 4971 577 5021 Οῐνου
611 4968 842 5022 παλαιοῦ
879 4969 1066 5039 θαῦμα
1093 4972 1208 5034 τοῖς
1237 4970 1416 5040 φίλοις
1452 4973 1599 5042 μέγα

417 5058 638 5130 Νέκταρ
667 5059 1004 5127 γλυκύτατον
1047 5061 1106 5125 ἐξ
1133 5062 1346 5132 ἀδήλων
1379 5064 1698 5134 πυθμένων.

417 5143 496 5204 Οῦ
526 5152 620 5203 καὶ
652 5151 790 5223 γυνὴ
818 5153 1060 5208 λαϐοῦσα
1090 5154 1234 5225 χειρὶ
1259 5155 1592 5224 κρασπέδου.

419 5241 688 5315 Ἔστησεν
719 5245 881 5309 εὐθὺς
909 5247 1311 5318 αἰματόρρυτον
1338 5247 1516 5318 ῥύσιν,

412 5337 518 5389 Σὺν
552 5341 663 5400 τοῖς
692 5338 750 5391 δὲ
781 5339 952 5393 πολλὰ
987 5339 1282 5409 θαυμάτων
1311 5341 1609 5414 ὑπέρτερα,

417 5432 485 5483 Ἃ
503 5429 630 5493 νοῦς
659 5430 903 5500 βρότειος
929 5432 1252 5504 ἐξαριθμεῖν
1283 5435 1344 5486 οὐ
1371 5435 1573 5500 σθένει,

411 5523 525 5574 Καὶ
555 5524 684 5586 τοὺς
710 5525 797 5578 ἐπ’
829 5525 994 5580 αὐτὸν
1023 5530 1087 5580 ὲκ
1119 5528 1420 5597 πυριπνόου
1453 5529 1618 5582 πόθου

411 5615 456 5666 Τ
459 5613 526 5676 ὰς
557 5615 780 5681 ἐλπίδας
811 5618 1077 5684 τείνοντες
1108 5619 1184 5682 ὡς
1215 5619 1532 5690 εὐεργέτην,

413 5704 618 5758 Σκέπει
643 5709 930 5776 φυλάττων
957 5709 1016 5777 ἐξ
1049 5711 1355 5778 ἀναγκαίας
1388 5712 1615 5782 βλάϐης.

307 5840 310 5842 ν
413 5795 527 5848 Καὶ⁷
559 5798 954 5871 μείζονα-δρῶν
985 5801 1046 5866 ἐξ
1071 5803 1318 5856 ἀπόπτου
1353 5804 1451 5874 τὴν
1476 5803 1634 5874 χάριν

411 5887 634 5956 Δούλοις
670 5891 952 5964 βραϐεύων
977 5897 1090 5960 τοῖς
1119 5895 1383 5967 ὑπηκόοις
1411 5896 1584 5966 νέμει.

2027 2415 2110 2471 Me
2143 2425 2460 2486 procreator
2485 2418 2826 2488 implicatum
2851 2418 3062 2474 retibus

2025 2505 2230 2562 Premit
2257 2507 2397 2568 suis,
2427 2514 2686 2576 tanquam
2723 2521 2912 2563 severa
2946 2507 3224 2577 compede.

2099 2605 2324 2659 HERM.
2347 2606 2480 2671 Quae
2507 2621 2654 2661 nunc
2671 2615 2766 2661 tuo
2790 2621 2819 2660 a
2851 2605 3076 2660 doctore
3095 2605 3285 2668 discis,
3305 2601 3442 2660 heus
3474 2619 3574 2676 age

2016 2691 2320 2752 'Alacritate
2350 2697 2684 2768 perbenigna
2717 2711 2862 2751 nunc
2889 2697 3023 2750 mihi

2024 2790 2299 2849 Edissere.
2335 2798 2394 2844 ut
2423 2803 2481 2844 se
2507 2789 2733 2854 habent,
2770 2789 2896 2844 volo
2934 2787 3077 2843 istud
3109 2801 3361 2842 noscere.

2099 2887 2328 2946 PANT.
2360 2891 2546 2945 Artem
2579 2888 2767 2943 Caleni
2795 2887 3252 2958 Hippocratisque
3269 2885 3431 2942 simul
3460 2884 3606 2941 senis

2020 2980 2200 3048 Atque
2230 2977 2516 3049 Aﬂsculapi
2547 2979 2760 3049 providi
2784 2988 2837 3034 et
2860 2979 3006 3033 docti
3039 2979 3165 3044 viri,

2019 3069 2221 3146 Edisco
2256 3071 2774 3126 commentariorum
2809 3086 2904 3140 per
2936 3071 3132 3138 libros,

2020 3166 2088 3221 Et
2117 3182 2288 3237 pareo
2322 3167 2532 3222 doctori
2565 3181 2710 3233 meo,
2743 3167 2908 3221 veluti
2941 3167 3118 3223 decet.

1939 3251 1988 3316 α
2017 3257 2266 3329 Namque
2297 3260 2494 3314 asserit
2526 3275 2634 3325 me,
2667 3259 2951 3330 quodlibet
2987 3259 3163 3315 morbi
3200 3275 3370 3330 genus

2017 3347 2226 3403 Sanare
2250 3363 2436 3418 posse,
2471 3350 2516 3403 si
2551 3349 2722 3404 libros
2759 3349 2860 3404 hos
2891 3350 3136 3404 volvero.

2088 3438 2323 3494 HEliM.
2351 3439 2682 3512 Strigmenta
2727 3449 2854 3495 sunt
2904 3441 3043 3505 haec,
3083 3441 3266 3497 fumus
3306 3453 3360 3496 ct
3411 3441 3592 3496 favilla

2014 3530 2254 3600 Vestigia
2280 3534 2517 3586 errantis
2549 3530 2770 3594 carinae,
2805 3532 3015 3586 umbra:
3043 3539 3223 3603 typus.
3381 3532 3557 3606 [sunt,

2013 3621 2256 3677 Galenus
2287 3632 2372 3677 est
2401 3623 2579 3689 nihili,
2613 3623 2862 3694 nihilque
2882 3623 3270 3695 Hippocrates.

2013 3710 2262 3768 Examen
2295 3713 2428 3768 illud
2460 3713 2536 3767 nil
2570 3713 2825 3780 deorum,
2857 3731 2998 3784 quos
3025 3715 3159 3770 colit

2012 3801 2128 3858 Rex
2160 3803 2516 3860 Maximinus.
2539 3805 2655 3860 Huc
2689 3806 3114 3874 adesdum,nate
3143 3807 3238 3874 mi,

2009 3893 2271 3961 Proiicito
2302 3905 2513 3965 putrem
2546 3896 2817 3950 sarcinam
2848 3897 3011 3952 corde
3042 3912 3070 3950 e
3101 3905 3218 3959 tuo.

2011 3981 2341 4054 Obtempera
2376 3995 2431 4039 et
2457 3984 2621 4039 crede
2651 3985 2706 4038 in
2745 3985 2910 4039 Deum
2941 3985 3219 4040 Christum
3249 3985 3434 4040 modo.

2009 4071 2094 4129 Ob
2121 4089 2282 4143 quem
2314 4073 2569 4129 dolorum
2610 4083 2721 4129 tam
2755 4075 3074 4130 intimorum
3108 4087 3414 4145 pectorum,

2009 4163 2182 4232 Quam
2215 4165 2505 4222 sanitatem
2538 4181 2828 4235 corporum
2859 4163 3076 4237 asseqUi
3115 4183 3311 4238 queas,

2007 4255 2358 4310 Incredulam
2395 4263 2631 4312 mentem
2669 4257 2866 4326 procul
2899 4257 3094 4328 fugans
3124 4259 3348 4313 malam.

2006 4344 2146 4400 Nam
2187 4354 2438 4401 mortuos
2468 4347 2831 4402 exsuscitavit
2861 4347 3136 4418 Christus,
3179 4359 3234 4405 et

2009 4435 2278 4492 Daetnonis
2313 4437 2492 4507 abegit
2517 4446 2676 4493 antea
2702 4437 3050 4496 formidinem
3079 4460 3094 4496 :

2009 4531 2182 4586 Cascis
2207 4541 2418 4586 remota
2451 4532 2627 4586 aciem
2659 4531 2807 4587 dedit
2839 4533 3095 4602 caligine.

1929 4595 1984 4656 Ῑ)
2007 4619 2266 4683 Claudos,
2301 4620 2534 4686 solutos,
2568 4619 2897 4686 imbecillos,
2928 4595 3156 4680 clinicos

2003 4710 2292 4774 Firmavit,
2323 4721 2488 4782 atque
2516 4713 2690 4768 erexit
2719 4729 2749 4768 e
2776 4713 2886 4768 leto
2919 4715 3093 4784 gravi.

2004 4803 2152 4857 Idem
2192 4803 2439 4873 leprosos
2478 4803 2632 4871 eluit,
2667 4805 2988 4876 [lusumque
3023 4821 3182 4877 aqua:

2001 4893 2234 4974 Mutavit
2261 4895 2314 4956 in
2350 4894 2620 4966 liquidum
2661 4911 2726 4952 ac
2752 4897 2985 4952 odorum
3015 4897 3271 4968 poculum

2001 4985 2165 5040 Lenis
2193 4987 2376 5042 temeti
2410 5005 2423 5042 :
2467 4989 2668 5042 mirum
2697 4988 2891 5044 amicis
2923 4990 3208 5058 gaudium.

2001 5077 2390 5134 Dulcissimum
2425 5091 2616 5138 nectar
2649 5081 2860 5152 origine
2891 5083 2956 5137 de
2992 5082 3336 5140 abscondita.

1999 5169 2137 5226 Cum
2169 5171 2372 5228 femina
2401 5173 2524 5243 ejus
2551 5173 2821 5230 ﬁmbriam
2858 5175 3032 5244 tetigit
3057 5191 3245 5240 manu,

1999 5262 2260 5318 Cohibuit
2291 5266 2394 5319 atri
2424 5265 2712 5336 sanguinis
2743 5265 2949 5320 ﬂuxum
2988 5266 3156 5322 illico.

1999 5355 2387 5412 Miraculorum
2426 5373 2625 5428 genera
2653 5357 2828 5413 multo
2859 5359 3013 5429 plura
3052 5369 3202 5424 sunt,

1997 5445 2252 5502 Numeris
2283 5454 2472 5503 tenere
2499 5449 2738 5503 humana
2765 5465 2887 5518 quae
2912 5464 3069 5504 mens
3105 5465 3214 5504 non
3253 5451 3418 5506 valet.

1996 5538 2266 5604 Quocirca
2304 5539 2356 5592 in
2399 5539 2577 5609 ipsum
2607 5555 2637 5595 e
2677 5539 2903 5596 fervidis
2932 5539 3244 5606 doloribus,

1998 5622 2198 5694 Speres
2225 5637 2571 5693 reponentes,
2607 5627 2904 5697 benignum
2935 5637 2991 5682 ut
3029 5629 3352 5699 principem,

1997 5713 2233 5770 Servatus
2266 5725 2449 5771 tuetur
2481 5717 2551 5771 ab
2583 5718 2904 5776 imminente
2929 5719 3298 5790 incommodo,

1997 5806 2066 5860 Et
2099 5809 2418 5878 ampliorem
2442 5811 2670 5880 gratiam
2700 5819 2968 5881 praastans
2995 5811 3183 5869 statim

1999 5895 2182 5954 Servis
2213 5901 2489 5958 ministrat
2514 5902 2866 5960 audientibus
2891 5903 3026 5960 suis.
