4080 6414
563 441 673 506 895
1844 435 2166 498 JOANNIS
2202 433 2638 495 GEOMETRIE
3720 432 3836 495 896

632 553 771 608 Tum
806 550 1155 608 Pantelemon
1191 562 1373 604 rerum
1412 561 1640 602 acumen
1674 547 1921 615 audiens,

566 647 633 702 Et
664 647 959 701 dictionum
996 657 1153 697 sensa
1191 640 1608 711 perfectissima,

561 740 721 795 Senis
754 737 970 792 verendi
994 750 1180 790 amore
1210 742 1496 803 correptus
1525 735 1615 804 pio
1638 742 1740 790 est.

559 834 636 885 Ac
666 831 832 883 veluti
861 828 1019 882 tellus
1046 835 1171 880 ante
1197 824 1675 896 praestantissima,

558 919 679 974 Mox
713 934 900 973 semen
933 925 1214 986 acceptum
1242 925 1407 985 atque
1436 930 1559 969 rore
1590 915 1854 984 percitum

556 1011 751 1064 Calore
778 1009 929 1063 varie
962 1015 1264 1077 temperato
1298 1006 1587 1061 commode

558 1100 814 1164 Maturat,
849 1108 1028 1167 auget,
1067 1097 1306 1151 fructum
1338 1106 1390 1150 et
1418 1106 1788 1164 opportunum
1816 1094 1979 1149 habet
2009 1113 2022 1147 :

560 1190 774 1259 Spicam
800 1190 892 1245 ille
923 1189 1107 1259 granis
1142 1188 1286 1241 mille
1324 1186 1582 1240 frumenti
1614 1200 1833 1256 gravem
1867 1201 1883 1239 :

558 1280 814 1349 Evangeli
850 1280 931 1335 sic
963 1277 1297 1348 paenitentiae
1333 1277 1498 1339 bono,

556 1369 748 1426 Omnis
771 1376 925 1424 satus
950 1368 1337 1423 miraculorum
1369 1364 1625 1421 examina

554 1544 614 1601 In
651 1546 1001 1601 commodum
1036 1559 1294 1613 magnum
1328 1541 1575 1596 omnium
1607 1537 1916 1593 mortalium

554 1639 842 1702 Produxit,
875 1647 1038 1706 atque
1068 1638 1243 1699 auxit,
1272 1635 1568 1702 laboreque
1606 1632 1799 1687 extulit
1833 1650 1847 1684 :

556 1728 785 1783 Messem
812 1727 1015 1782 volenti
1050 1726 1323 1781 collocatis
1356 1738 1653 1787 assumere,

557 1817 864 1886 Optabilem
894 1818 1037 1870 haud
1067 1816 1333 1877 venalem,
1365 1822 1418 1868 et
1442 1820 1670 1883 argento
1701 1811 1838 1865 sine.

553 1908 871 1963 Prostratus
894 1907 1019 1961 inde
1051 1913 1230 1960 mente
1257 1913 1415 1958 cauta
1441 1901 1711 1973 supplicat

552 1998 769 2053 Pronus
795 1998 910 2053 seni
939 1997 1145 2066 optimo
1180 2014 1194 2049 :
1226 1994 1497 2049 Renuntia
1533 1993 1667 2047 mihi

553 2089 805 2156 Quonam
833 2090 995 2143 modo
1026 2103 1239 2157 possem
1277 2086 1476 2141 intueri
1508 2084 1681 2140 oculis
1712 2082 1850 2138 meis

552 2180 734 2234 Animi
760 2178 1088 2245 medentem,
1119 2194 1279 2248 quem
1310 2192 1473 2232 vocas
1496 2186 1551 2230 et
1574 2174 1843 2245 corporis.

550 2270 603 2326 ls
627 2281 728 2336 est,
755 2280 900 2325 tuam
931 2270 1169 2326 coluisse
1196 2284 1357 2340 quem
1387 2277 1617 2323 matrem
1645 2274 1803 2321 antea

551 2361 697 2417 Dixti
726 2380 740 2417 :
780 2362 993 2418 solutus
1022 2362 1316 2425 omnibus;
1348 2358 1591 2429 potentia

554 2451 780 2507 Summa
814 2453 1063 2507 invocata
1086 2450 1337 2506 Numinis
1371 2460 1451 2505 ter
1484 2448 1735 2516 maximi,

552 2542 740 2598 Undas
766 2544 962 2597 lavacri
993 2543 1211 2611 augusti
1244 2541 1312 2596 ad
1347 2541 1611 2595 auxilium
1645 2554 1797 2609 cape,

552 2633 850 2704 Fidemque
877 2634 988 2688 falli
1016 2634 1255 2690 nesciam
1291 2634 1356 2688 ad
1392 2632 1699 2688 custodiam
1733 2647 1750 2688 ε

551 2724 619 2778 Ει
651 2733 846 2779 cuncta
877 2725 1044 2780 facies
1074 2725 1194 2779 sine
1220 2725 1406 2781 labore
1436 2726 1743 2781 commode.

621 2814 837 2871 Pudore
863 2826 1044 2871 motus
1072 2817 1198 2872 hinc
1230 2832 1328 2872 nec
1354 2828 1637 2874 aversatus
1668 2827 1773 2883 est,

553 2906 696 2971 Quin
730 2916 924 2976 sponte
948 2909 1109 2962 celeri
1147 2908 1322 2962 tendit
1350 2910 1416 2963 ad
1440 2910 1692 2965 eumdem
1719 2908 1912 2981 gradu,

550 2996 619 3051 Et
646 2999 842 3067 gaudio
866 2999 1089 3054 affectus
1115 3000 1306 3055 diebus
1341 3001 1574 3069 singulis

550 3087 947 3143 Domunculam
981 3089 1053 3159 pii
1086 3090 1469 3161 frequentabat
1494 3092 1665 3147 senis.

548 3176 685 3231 Nam
710 3178 1058 3235 Pantelemon
1095 3197 1205 3237 non
1232 3182 1317 3238 sui
1354 3183 1573 3238 domum
1601 3182 1772 3252 patris

548 3269 953 3341 Perelegantem
990 3289 1229 3343 unquam
1263 3290 1517 3337 reversus
1542 3284 1733 3345 postea
1762 3285 1868 3339 est,

548 3362 822 3418 Remeans
854 3366 1078 3435 gradum
1115 3367 1358 3422 doctoris
1386 3383 1416 3422 e
1439 3368 1627 3423 schola
1658 3368 1765 3431 sui,

548 3453 687 3520 Quin
715 3466 842 3511 ante
863 3459 1156 3514 venerandi
1189 3459 1258 3515 ad
1288 3459 1453 3531 pedes
1482 3462 1703 3515 caderet
1729 3461 1902 3517 senis.

617 3554 783 3611 Certo
812 3556 1020 3613 dierum
1044 3560 1175 3614 olim
1207 3569 1523 3617 recurrente
1544 3561 1739 3616 ordine

548 3642 720 3700 Foras
745 3662 1040 3719 parumper
1071 3652 1262 3705 semita
1291 3651 1571 3721 digressus
1594 3663 1702 3715 est,

546 3736 616 3791 Et
644 3740 914 3807 publicam
947 3751 1168 3811 propter
1197 3743 1341 3797 viam
1367 3741 1575 3797 faciens
1605 3743 1727 3810 iter,

546 3828 717 3884 Ictum
752 3846 781 3884 a
810 3830 919 3886 fera
939 3842 1174 3903 puerum
1211 3837 1376 3890 situm
1413 3845 1610 3890 nactus
1644 3836 1763 3891 solo

547 3919 671 3975 Jam
702 3932 996 3991 mortuum,
1027 3941 1127 3982 nec
1159 3928 1398 3998 viperam
1428 3929 1583 3983 valde
1615 3927 1800 3997 procul

547 4011 865 4070 Deterrimae
888 4015 1098 4081 formae,
1133 4019 1351 4074 horride
1378 4029 1676 4090 reptantem
1708 4018 1857 4075 humi
1890 4036 1903 4073 :

544 4098 856 4174 Improvido
886 4109 1207 4178 perterritus
1228 4110 1566 4169 discrimine.

546 4192 809 4251 Tremore
834 4206 1024 4267 captus
1045 4202 1442 4270 expavescebat
1473 4203 1661 4267 miser,

544 4283 918 4343 Convulsione
952 4301 1210 4357 tremens,
1240 4304 1388 4347 metu
1414 4306 1469 4349 et
1508 4294 1834 4359 formidine;

546 4371 661 4427 Vox
694 4374 1049 4448 faucibusque
1074 4381 1228 4436 haesit
1253 4384 1456 4439 videnti
1481 4392 1585 4438 tam
1624 4384 1739 4440 fera

544 4463 797 4520 Procedit
827 4468 1053 4524 ulterius
1083 4472 1364 4542 reciproco
1394 4475 1561 4544 gradu
1600 4493 1613 4529 :

543 4550 711 4609 Retro
736 4555 956 4626 refugit,
984 4560 1181 4615 deinde
1207 4570 1440 4617 mentem
1473 4565 1756 4636 colligens.

544 4642 673 4697 Veri
706 4645 905 4700 seniles
934 4663 1074 4701 anne
1107 4664 1387 4706 sermones
1422 4653 1564 4707 sient

544 4733 807 4802 Equidem
836 4736 1005 4791 sciam
1038 4737 1242 4809 [inquit
1272 4740 1408 4811 ille];
1438 4757 1565 4797 mox
1597 4752 1789 4812 pectus
1812 4760 1973 4803 suum

543 4823 856 4894 Plangendo
893 4828 1149 4896 tundens,
1176 4830 1382 4885 lumina
1414 4834 1613 4889 attollit
1644 4836 1789 4905 polo,

543 4912 868 4985 Palmasque
897 4926 1159 4989 utrasque
1191 4921 1361 4975 tendit
1388 4922 1440 4976 in
1475 4939 1754 4979 summum
1783 4925 2007 4992 artltcra,

544 5005 909 5078 Orationeque
934 5025 1067 5066 usus
1100 5022 1184 5068 est
1213 5015 1563 5071 sanctissima
1597 5031 1613 5071 :

616 5096 873 5154 Servator
901 5101 1042 5157 alme
1071 5103 1308 5169 Christe,
1345 5104 1434 5160 lux
1466 5116 1592 5163 ante
1622 5108 1864 5176 initium,

542 5186 588 5240 0
621 5200 815 5244 cuncta
845 5192 939 5260 qui
967 5192 1085 5248 solo
1110 5191 1247 5249 facis
1277 5204 1412 5249 nutu
1445 5204 1561 5263 tuo,

541 5280 587 5334 A
613 5297 721 5350 quo
747 5297 911 5340 omne
938 5301 1157 5349 munus,
1185 5303 1348 5343 omne
1371 5289 1655 5348 descendit
1682 5293 1887 5349 bonum
1921 5312 1934 5350 :

544 5371 601 5426 Si
631 5390 717 5430 me
751 5386 903 5431 tuum
934 5378 1182 5448 dignaris
1215 5394 1337 5435 esse
1362 5383 1663 5449 servulum,

541 5462 700 5519 Nunc
725 5466 1225 5537 dissipetur'bellua
1258 5474 1636 5540 voracissima,

542 5554 611 5607 Et
638 5565 856 5612 mortuo
884 5559 996 5627 jam
1022 5562 1187 5615 redde
1217 5563 1382 5618 vitam
1413 5565 1665 5635 puerulo.

544 5650 689 5704 Dixit
715 5669 727 5704 :
762 5654 1058 5724 statimque
1086 5673 1315 5726 crepans
1344 5669 1621 5730 perempta
1643 5669 1727 5716 ost
1753 5660 1952 5720 bellua.

547 5739 797 5795 Surrexit
820 5744 982 5797 etiam
1011 5754 1123 5799 tum
1158 5748 1303 5803 illico
1332 5750 1535 5806 illaesus
1566 5767 1722 5821 puer.

546 5823 707 5882 Novit
736 5838 850 5885 tum
885 5842 1069 5898 aperte
1101 5847 1304 5904 quanta
1331 5839 1401 5895 sit
1437 5818 1586 5897 verbi
1615 5841 1708 5897 Dei
1786 5818 1824 5859 ί

2157 548 2211 607 Δ

2414 547 2525 599 Kal
2565 542 2910 598 Πανταλείων
2949 542 3228 613 ἀκρότητα
3261 540 3607 611 πραγμάτων

2345 637 2453 690 Kal.
2483 636 2744 706 ῥημάτων
2768 634 2999 703 δήλωσιν
3028 632 3435 703 ἀκριϐεστάτην

2345 729 2383 779 Γ
2386 728 2621 796 έροντος,
2656 726 2731 788 ὡς
2751 728 2984 797 ἧκουσεν
3005 725 3270 795 ἀπλήστῳ
3298 724 3467 794 πόθῳ,

2352 819 2441 881 Ὠς
2465 813 2554 871 οἷα
2581 818 2651 886 γῆ
2674 818 2733 870 τὸ
2759 816 2962 887 πρόσθε
2998 815 3281 886 καλλίστη,
3322 815 3523 885 σπόρον

2346 910 2533 965 Ἐνδον
2555 909 2794 962 λαϐοῦσα
2823 909 2916 962 τὸν
2946 908 3171 961 τεθέντα
3197 911 3263 977 τῇ
3293 908 3474 977 δρόσῳ

2343 1001 2454 1053 Kal.
2485 1000 2782 1071 θερμότητι
2812 1000 3193 1070 συγκραθέντα
3224 999 3466 1069 ποικίλῃ,

2340 1090 2524 1156 Αὐξει,
2556 1092 2833 1157 πεπαίνει,
2860 1091 3073 1162 καρπὸν
3106 1090 3317 1160 ῶριμον
3344 1092 3502 1160 φέρει
3531 1106 3547 1121 ο

2339 1185 2606 1246 Κάκεῖνος
2630 1182 2773 1236 οὐτω
2808 1183 3197 1252 μυριόϐλαστον
3229 1183 3431 1252 στάχυν

2341 1272 2724 1341 Εὐαγγελικῶς
2757 1275 2838 1335 εἰς
2868 1274 3155 1342 μετάνοιαν
3190 1271 3339 1338 ξένον

2340 1366 2581 1436 Θημῶνα
2623 1364 2981 1435 πάνσπερμον
3029 1365 3179 1435 ἆρπη
3230 1363 3340 1435 [ίσ.
3386 1363 3823 1434 παντόσπερμον

3263 1454 3451 1527 [αἴρει]
3484 1454 3789 1527 θαυμάτων

2343 1552 2438 1613 El;
2458 1550 2633 1603 κοινὸν
2655 1548 2923 1617 ὠφέλημα
2951 1547 3028 1618 τῷ
3064 1548 3270 1618 βροτῶν
3296 1549 3441 1616 γένει

2340 1640 2608 1710 Ηῦξησεν,
2638 1640 2989 1709 ἐϐλάστησεν,
3027 1640 3240 1706 ὕψωσεν
3269 1640 3438 1709 πόνῳ,

2339 1730 2521 1791 Τιθεὶς
2553 1730 2762 1800 ἄμητον
2799 1730 2911 1792 τοῖς
2944 1728 3156 1782 θέλουσι
3182 1729 3481 1798 λαμϐάνειν

2341 1821 2604 1892 Ποθητδν,
2629 1823 2728 1875 οὐκ
2748 1821 2975 1891 ὠνητὸν,
3002 1821 3247 1892 ἀργύρου
3272 1823 3416 1891 δίχα.

2340 1913 2472 1968 Εἰτα
2500 1914 2785 1985 προκύψας
2812 1913 3057 1977 εὐλαϐῶς
3089 1914 3180 1966 τὸν
3206 1915 3523 1985 πρεσϐύτην

2337 2006 2560 2078 Πρηνὴς
2595 2007 2948 2061 καθικέτευεν
2972 2024 2985 2037 ο
3018 2006 3188 2070 Αὐτὸς
3216 2007 3307 2059 οὐν
3338 2009 3546 2077 φράσον

2337 2099 2463 2162 Πῶς
2494 2099 2559 2153 ἂν
2587 2098 2854 2167 δυναίμην
2889 2099 3265 2169 προύμμάτων
3290 2100 3601 2169 δεδορκέναι

2336 2189 2538 2261 Ψυχῶν
2578 2190 2761 2261 ἰατρὸν
2788 2190 2846 2243 ὃν
2873 2191 3053 2259 λέγεις
3077 2191 3172 2244 καί
3199 2191 3490 2261 σωμάτων.

2334 2282 2444 2351 Φὴς
2467 2283 2559 2335 καὶ
2590 2281 2765 2351 πάρος
2788 2282 2852 2334 ἐκ
2880 2282 3084 2351 μητρὸς
3115 2300 3220 2351 φ...

2334 2373 2586 2443 Αὐδήσας
2610 2372 2819 2426 ἐκλύων
2848 2374 3014 2427 αὐτοῦ
3038 2375 3098 2427 τὸ
3126 2376 3329 2445 κράτος

2334 2466 2527 2528 Σθενὲς
2544 2465 2653 2536 [ἵσ.
2678 2466 2749 2519 Σὺ
2768 2465 3088 2537 πανσθενὲς]
3114 2467 3369 2536 μέγιστον
3408 2467 3809 2539 ἐκκαλούμενος

2333 2557 2573 2625 Λουτρὸν
2601 2556 2661 2609 τὺ
2688 2556 2940 2627 λαμπρὸν
2973 2560 3052 2620 εἰς
3078 2558 3331 2627 βοήθειαν
3353 2558 3505 2625 λαϐὲ,

2333 2648 2443 2700 Kal.
2473 2647 2656 2701 πίστιν
2689 2647 3024 2716 ἁκράδαντον
3061 2648 3143 2711 είς
3175 2648 3474 2719 οἰκουρίαν,

2332 2739 2444 2793 Kal
2475 2741 2653 2793 πάντα
2676 2738 2847 2792 ποιῶν
2880 2738 3138 2811 εὐμαρῶς
3158 2741 3377 2804 πάντως
3405 2740 3524 2811 ἔσῃ.

2344 2828 2724 2898 ᾘσχυμμένος
2756 2829 2863 2899 γὰρ
2886 2828 3151 2897 οὐμενοῦν
3185 2830 3533 2901 ἀπεστράφη,

2336 2921 2431 2982 Ὧς
2459 2918 2572 2991 [γρ.
2609 2919 2728 2992 Ὃς]
2753 2922 2845 2974 καὶ
2869 2920 3005 2990 πρὸς
3027 2921 3190 2975 αὐτὸν
3215 2922 3277 2975 ὲκ
3305 2922 3647 2993 προμηθείας
3670 2922 3795 2992 τρέ-

2332 3012 2497 3065 Ὅθεν
2526 3013 2774 3083 γεγηθὼς
2837 3014 3048 3085 ἡμέραν
3081 3014 3203 3067 καθ’
3232 3016 3445 3086 ἡμέραν
3666 3012 3799 3086 [κων

2333 3104 2581 3173 Ἐστειχε
2612 3103 2748 3174 προς
2768 3105 3027 3172 γέροντος
3058 3104 3375 3175 οἰκητήριον

2343 3193 2403 3247 '0
2431 3194 2794 3248 Πανταλείων.
2818 3193 2893 3247 Οὐ
2923 3194 3032 3265 γὰρ
3058 3196 3137 3258 είς
3163 3194 3254 3247 έοῦ
3284 3196 3489 3266 πατρὸς

2333 3284 2555 3356 Οἴκημα
2585 3284 2971 3339 καλλίτευκτον
3002 3283 3174 3353 εἰσῄει
3202 3285 3332 3338 ποτὲ

2330 3377 2537 3431 Νόστον
2573 3377 3014 3449 παλιμπόρευτον
3044 3377 3109 3430 ἐκ
3133 3376 3477 3439 διδασκάλου,

2332 3466 2517 3520 Θέλων
2557 3466 2664 3537 πρὸ
2685 3466 2779 3519 τοῦ
2807 3466 3060 3537 γέροντος
3092 3468 3173 3530 εἰς
3205 3467 3375 3529 πόδας
3405 3467 3610 3522 πεσεῖν.

2401 3562 2517 3630 Μιᾷ
2544 3560 2601 3613 δὲ
2640 3559 2850 3613 πολλῶν
2883 3560 3104 3631 ἡμερῶν
3125 3559 3447 3629 τελουμένη,

2334 3650 2543 3715 Ἐξωθε
2580 3651 2777 3722 μικρὸν
2804 3651 2908 3721 τῆς
2934 3650 3055 3705 ὁδοῦ
3082 3651 3428 3722 παρεκθέων,

2343 3744 2676 3815 Ὀδοιπορῶν
2706 3745 2960 3814 αἴσχιστα
2982 3743 3086 3814 τῆς
3108 3744 3409 3813 λεωφόρου.

2344 3836 2576 3907 Ἐφεῦρε
2616 3837 2948 3907 θηρόδηκτον
2974 3838 3032 3890 ὲν
3055 3839 3125 3907 γῇ
3158 3836 3371 3890 παιδίον

2330 3928 2605 4000 Τεθνηκὸς
2636 3930 2759 3999 ἤδη,
2785 3929 2880 3983 καὶ
2905 3928 2965 3983 τὸ
2995 3929 3184 3999 θηρίον
3216 3928 3408 3991 πέλας·

2333 4023 2489 4090 Ἔχις
2523 4021 2632 4090 γὰρ
2654 4017 2722 4092 ἦν
2760 4022 3020 4085 κάκιστος
3051 4021 3235 4091 ἕρπων
3267 4021 3348 4082 εἰς
3374 4018 3563 4091 χθόνα.

2331 4114 2508 4185 Πολλῇ
2543 4115 2600 4168 δὲ
2624 4113 2809 4167 λοιπὸν
2835 4113 3118 4183 συσχεθεὶς
3148 4112 3381 4183 ἀγωνίᾳ.

2331 4206 2698 4259 Κατεπτοεϊτο
2723 4205 2981 4274 δειματού
2991 4222 3151 4273 μενος
3179 4204 3386 4274 δρόμῳ,

2330 4294 2519 4366 Συχνῷ
2555 4312 2613 4348 τε
2644 4295 2845 4366 παλμῷ
2872 4295 2968 4350 καὶ
2991 4296 3100 4349 δέει
3129 4295 3223 4349 καὶ
3252 4294 3448 4365 δειλίᾳ,

2330 4384 2559 4457 ”Εστηκ’
2588 4387 2817 4452 ἄναυδος
2848 4388 3075 4457 εἰσορῶν
3107 4387 3168 4440 τὸ
3204 4385 3500 4456 δρώμενον.

2328 4478 2513 4550 Χωρεῖ
2540 4478 2595 4531 δὲ
2622 4480 2866 4548 πρόσσω,
2899 4477 2992 4532 καί
3019 4479 3379 4542 παλλίσσυτος
3419 4479 3574 4534 πάλιν

2336 4568 2540 4623 Ἐλθὼν
2568 4569 2781 4623 ὀπίσσω
2807 4571 2900 4624 καὶ
2940 4570 3299 4641 συναθροίσας
3326 4569 3552 4640 φρένας,

2322 4660 2387 4714 Εἰ
2417 4659 2532 4731 δῆτ’
2562 4660 2785 4729 ἀληθείς
2810 4660 2859 4713 oi
2890 4661 3187 4730 γερόντειοι
3213 4660 3385 4728 λόγοι,

2323 4742 2452 4803 Ὧδε
2492 4753 2758 4820 προσεῖπε
2777 4767 2791 4781 ·
2829 4750 3116 4821 Γνώσομαι
3143 4768 3159 4783 ο
3188 4751 3286 4805 καὶ
3315 4750 3629 4820 πρόσφατον

2324 4838 2526 4909 Στῆθος
2556 4840 2826 4905 πατάξας,
2854 4840 3009 4910 ὄμμα
3040 4840 3224 4903 τείνας
3252 4842 3334 4903 είς
3364 4840 3550 4908 πόλον,

2323 4931 2436 4984 Καὶ
2463 4933 2653 5002 χεῖρας
2679 4932 2759 4995 εἰς
2790 4932 3021 5003 ἔπαρσιν
3055 4931 3275 5002 ὑψώσας
3304 4932 3441 4999 ἄνω,

2328 5020 2518 5085 Ἔλεξε
2547 5022 2767 5076 πάντων
2795 5023 3188 5077 εὐσεϐέστατον
3215 5022 3375 5092 λόγον
3407 5040 3423 5054 ’

2391 5107 2462 5164 ’Ὦ
2487 5112 2689 5183 Χριστὲ
2720 5112 2924 5183 Σῶτερ,
2957 5108 3003 5167 ὦ
3035 5115 3333 5186 προάρχιον
3360 5116 3542 5182 σέλας,

2335 5201 2399 5255 .0
2428 5200 2607 5256 πάντα,
2632 5203 2888 5273 πράττων
2911 5206 2978 5275 τῇ
3010 5204 3228 5275 θελήσει
3257 5207 3351 5259 καὶ
3390 5209 3551 5280 μόνῃ.

2323 5292 2460 5363 Παρ’
2485 5284 2546 5346 οὐ
2573 5293 2788 5347 κάτεισι
2820 5296 2967 5348 πᾶσα
2992 5295 3100 5347 τῶν
3129 5296 3309 5349 καλῶν
3337 5298 3507 5367 δόσις,

2321 5382 2385 5438 Εἰ
2415 5384 2506 5438 σόν
2538 5402 2606 5454 με
2635 5386 2819 5439 δοῦλον
2848 5386 3021 5451 ἀξιοῖς
3058 5389 3388 5457 πεφυκέναι,

2321 5477 2602 5548 Διαρῤαγῇ
2628 5478 2689 5531 τὸ
2722 5478 2911 5549 θηρίον
2940 5479 3000 5532 τὸ
3032 5482 3353 5551 παμφάγον,

2321 5567 2436 5622 Kal.
2464 5570 2616 5622 παιδὶ
2645 5571 2723 5640 τῷ
2758 5570 3009 5639 θνήξαντι
3030 5573 3128 5642 τὴν
3158 5572 3303 5645 ζωὴν
3322 5573 3488 5629 δίδου.

2338 5658 2424 5721 Ὦς
2451 5653 2545 5713 οὖν
2576 5662 2821 5731 παρευθὺ
2854 5662 3041 5732 θηρίον
3077 5664 3343 5736 διερῤάγη

2322 5750 2434 5805 Καὶ
2461 5754 2591 5815 παῖς
2620 5753 2822 5823 ἀνέστη
2853 5755 3116 5824 μηδαμῶς
3150 5755 3529 5826 βεϐλαμμένος
3552 5771 3568 5786 ο

2329 5843 2509 5912 Ἔγνω
2539 5845 2821 5917 προδήλως
2855 5846 2949 5901 τοῦ
2971 5848 3107 5903 Θεοῦ
3138 5849 3316 5919 Λόγου
3350 5848 3494 5920 πόση
