4080 6414
453 477 513 534 '0
541 481 786 551 Παντελή
796 499 912 548 μων
937 482 1089 552 ἰσχὺς
1117 481 1177 534 ού
1210 483 1573 552 μετρουμένη.

439 573 550 628 Καὶ
585 573 714 635 στάς
746 572 830 625 ἐπ’
861 572 1031 643 ἄκρου
1065 571 1353 642 πτώματος
1376 573 1471 626 τοῦ
1497 575 1705 644 θηρίου,

443 664 820 735 Ἀνορταλίζον
846 664 922 726 ὡς
949 663 1294 734 νεοσσὺς“ὴρέ
1305 681 1382 734 μοι

434 756 600 809 Ὂλον
623 755 684 810 τὸ
716 755 896 824 σῶμα,
928 755 1023 808 καὶ
1048 755 1140 808 τὸν
1170 756 1364 828 αἰθέρα
1396 757 1628 827 βλέπων,

438 845 620 917 noxa;
657 845 1020 914 διεξέπεμπεν
1043 845 1358 916 ἀξιόχρεως.

430 939 626 1008 Τρέχει
655 937 711 992 δὲ
742 938 834 990 καὶ
861 939 1078 1007 γέροντι
1109 939 1361 1008 κηρύξων
1391 939 1538 1005 τάδε,

427 1027 780 1095 Αὑτάγγελος
812 1027 1060 1096 προεῖδεν
1091 1029 1490 1101 ἀγγεληφόρος.

432 1119 657 1171 Πίπτων
697 1118 784 1170 ἐπ’
807 1114 967 1180 οὖδας
994 1136 1008 1149 ο
1041 1119 1228 1183 Ἵλεως
1266 1121 1448 1188 γενοῦ,
1479 1122 1678 1191 Πάτερ,

431 1211 477 1261 Κ
488 1209 668 1280 ράζων
700 1209 931 1278 ἄληκτα,
967 1209 1065 1281 τὴν
1094 1212 1462 1282 ἀτέκμαρτον,
1494 1212 1688 1280 λέγων,

431 1303 472 1356 Τ
477 1303 674 1372 άχιστα
704 1302 790 1365 δός
825 1319 916 1372 μοι
947 1303 1047 1373 τὴν
1076 1304 1559 1372 παλιγγεννησίαν,

428 1397 540 1465 Τὴν
569 1395 902 1465 ψυχολαμπῆ
941 1396 1043 1464 τῆς
1071 1396 1391 1467 καθάρσεως
1418 1399 1598 1467 χάριν.

441 1487 582 1555 Ἐγὼ
609 1488 718 1558 γὰρ
749 1485 867 1540 οῖδα
895 1487 988 1540 καὶ
1015 1487 1163 1558 σοφῷ
1194 1504 1300 1557 περ
1332 1489 1618 1559 πείσματι,

428 1580 622 1643 Ἀλλος
644 1580 778 1642 Θεὸς
804 1580 1117 1650 κράτιστος,
1157 1580 1402 1648 ἄφθιτος,
1439 1582 1632 1650 μέγας,

423 1669 540 1722 Οὐκ
573 1668 741 1733 ἐστιν,
773 1669 874 1722 οὐκ
907 1669 1140 1733 ἔνεστιν,
1166 1670 1198 1740 ἢ
1233 1669 1468 1738 Χριστὸς
1498 1670 1676 1739 μόνος,

419 1761 626 1832 Νεκροὶ
657 1761 725 1816 δι’
759 1755 929 1831 οὗπερ
963 1761 1342 1826 ἐξανίστανται
1378 1762 1565 1816 πάλιν.

419 1853 533 1904 Καὶ
560 1853 661 1923 τὴν
691 1856 949 1921 φανεῖσαν
978 1853 1190 1922 ἀθρόως
1223 1854 1354 1922 παρ’
1377 1854 1568 1908 ἐλπίδα

421 1941 682 1997 Ἀπασαν
722 1943 1006 2014 ἐξήγγειλε
1039 1943 1510 2014 θαυματουργίαν.

495 2035 603 2089 Καὶ
633 2035 875 2105 πρέσϐυς
904 2031 1024 2088 εἷπε
1046 2049 1060 2064 ⁸
1093 2035 1200 2087 Τοῦ
1231 2035 1530 2104 φθαρέντος
1564 2036 1752 2108 θηρίου

414 2128 494 2182 Τὸ
519 2128 719 2198 πτῶμα
749 2127 943 2192 δεῖξον,
970 2127 1046 2188 ὡς
1077 2125 1212 2197 ἔχει,
1247 2129 1436 2190 κάμοὶ,
1475 2132 1686 2184 τέκνον.

419 2219 696 2291 Ἀμφωδ
729 2219 944 2272 ἔϐαινον
978 2218 1108 2272 ἔνθα
1141 2235 1244 2272 που
1282 2219 1343 2272 τὸ
1368 2219 1557 2290 θηρίον

421 2311 753 2383 Ἀναρθρον,
785 2311 1013 2374 ἄπνουν,
1047 2311 1280 2379 ἐκτάδην
1310 2311 1653 2382 ήπλωμένον,

417 2403 906 2472 Κατηλοκισμένον
935 2418 994 2454 τε
1029 2401 1125 2455 καὶ
1152 2403 1498 2472 πεφυρμένον

420 2494 695 2564 Ἐῤῥιπτο
728 2492 889 2561 δεῖμα
917 2493 1029 2554 τοῖς
1052 2491 1244 2563 ὁρῶσι,
1273 2495 1368 2546 καὶΙ
1391 2493 1578 2559 γέλως.

493 2584 605 2638 Καὶ
633 2582 979 2637 Πανταλείων
1001 2582 1130 2652 ἄγχι
1159 2600 1276 2646 πως
1301 2583 1379 2653 τῷ
1406 2583 1689 2659 πρεσϐύτῃ

419 2676 498 2729 Τὸ
525 2675 726 2744 πτῶμα
753 2673 848 2726 τοῦ
881 2673 1179 2744 φθαρέντος
1215 2673 1367 2728 ἔνθεν
1397 2675 1588 2746 θηρίου

420 2764 691 2832 Ἐδειξεν,
725 2766 1051 2836 ἐσκίρτησεν
1079 2766 1272 2836 ἡδονῆς
1300 2767 1427 2822 ὕπο.

414 2859 668 2929 Πρέσϐυς
694 2857 756 2911 τό
777 2857 829 2926 γ’
857 2857 1014 2928 δμμα
1037 2858 1132 2911 τοῦ
1163 2859 1282 2922 νοὸς
1302 2859 1481 2931 πολλῷ
1503 2861 1662 2917 πλέον

411 2953 512 3013 Εἰς
541 2949 674 3019 ὕψος
703 2950 842 3020 ἄρας
873 2949 1105 3020 οὐρανοῦ
1135 2949 1272 3020 πρὸς
1305 2953 1512 3018 ἑστίαν,

428 3041 875 3112 ’Δπευχαριστῶν
901 3040 1152 3110 ἀσμένως
1186 3042 1264 3111 τῷ
1293 3043 1503 3114 Κυρίῳ,

422 3135 542 3188 Ὠδὶ
575 3135 892 3205 προσεῖπεν,
918 3133 980 3186 ἐκ
1008 3133 1221 3203 φρενῶν
1249 3135 1569 3205 γερουσίων,

421 3229 512 3290 Ὠς
535 3226 690 3291 Δόξα,
716 3224 862 3293 δόξα,
903 3225 1028 3290 δόξα
1058 3227 1139 3279 σοὶ
1164 3225 1310 3296 μόνῳ
1341 3227 1565 3295 πρέπει,

410 3316 508 3386 Τῷ
540 3315 934 3386 τρισσολαμπεί
954 3315 1057 3384 τῆς
1104 3318 1233 3385 μιᾶς
1255 3315 1537 3386 θεαρχίας,

411 3405 508 3476 Τῷ
535 3405 911 3476 παντεπόπτῃ,
944 3403 1022 3474 τῷ
1053 3404 1300 3475 κραταιῷ
1334 3406 1604 3476 Δεσπότῃ,

408 3497 504 3567 Τῷ
531 3496 853 3568 δημιουργῷ
881 3496 990 3548 τῶν
1013 3495 1124 3548 ἄνω
1151 3498 1245 3548 καὶ
1279 3495 1388 3548 τῶν
1412 3496 1584 3562 κάτω,

409 3589 506 3659 Τῷ
534 3587 955 3659 πανσθενουργῷ
980 3587 1090 3640 τῶν
1112 3587 1292 3642 καλῶν
1323 3589 1659 3661 πρωταιτίῳ,

409 3681 503 3750 Τῷ
529 3679 606 3749 τῷ
627 3679 785 3748 Λόγῳ
812 3680 1029 3749 φέροντι
1052 3679 1254 3748 κόσμον
1286 3681 1366 3742 εἰς
1392 3680 1589 3748 πέρας,

408 3771 503 3840 Τῷ
532 3770 631 3840 τὴν
657 3770 829 3840 θεώδη
867 3769 964 3822 καὶ
991 3770 1290 3839 φθαρεῖσαν
1316 3771 1506 3823 οὐσίαν

405 3861 635 3914 Φανέντι
662 3859 754 3913 καὶ¹
786 3859 1043 3923 σώσαντι,
1081 3860 1301 3912 καὶτῶν
1332 3861 1580 3930 ἀγγέλων

425 3951 773 4022 ’Υπερτέραν
808 3949 1062 4013 τεύξαντι
1094 3952 1160 4021 σῇ
1193 3953 1488 4024 παρουσίᾳ.

408 4045 522 4098 Καὶ
542 4043 650 4112 γὰρ
675 4043 896 4111 ταχεῖαν
925 4042 1022 4110 τὴν
1047 4042 1279 4114 ἀμοιϐὴν
1306 4043 1405 4112 τῆς
1435 4043 1610 4115 πάλης

411 4134 624 4204 Ἐργῳ,
648 4133 742 4186 τὸν
773 4132 971 4204 ἐχθρὸν
998 4132 1032 4186 ἃ.
1057 4132 1238 4202 δεήσει
1259 4133 1564 4199 λανθάνειν,

409 4225 660 4291 Ἐδειξας
687 4225 768 4288 εἰς
799 4225 890 4277 σὸν
923 4224 1315 4295 εὐεπίστροφον
1337 4224 1549 4295 λάτριν,

402 4316 673 4385 Φάλαγγα
709 4316 978 4369 διώσαντα
1005 4316 1104 4387 τὴν
1133 4317 1404 4381 ἐναντίαν,

405 4408 604 4478 Τυχεῖν
639 4407 863 4460 ἐκείνων
895 4407 1005 4460 τῶν
1031 4407 1212 4477 μονῶν
1239 4409 1565 4478 ἀμεινόνων.

491 4497 657 4568 Ὁμοῦ
679 4498 735 4550 δὲ
760 4497 952 4550 θᾶττον
984 4495 1139 4561 αὖθις
1166 4501 1247 4561 εἰς
1277 4500 1375 4569 τὴν
1404 4499 1584 4552 οἰκίαν

405 4591 518 4646 Τοῦ
553 4590 857 4663 πρεσϐύτου
895 4590 1230 4662 προῦϐησαν,
1261 4586 1325 4646 οὗ
1355 4592 1454 4663 τὴν
1485 4595 1772 4665 φωσφόρον

405 4681 689 4752 Σφραγῖδα
715 4681 920 4751 σεπτὴν
952 4684 1030 4745 είς
1058 4683 1332 4754 τρισήλιον
1359 4685 1493 4753 φάος

409 4773 618 4841 Ἔθηκε
655 4771 964 4826 πιστεύοντι
990 4788 1005 4802 ·
1045 4773 1140 4824 καὶ
1167 4772 1246 4842 τῷ
1278 4773 1558 4847 πρεσϐύτῃ

405 4865 666 4932 Ἔμεινεν
699 4864 838 4917 ἑπτὰ
873 4866 1226 4934 συμπονήσας
1259 4866 1495 4936 ἡμέρας.

404 4957 517 5010 Καὶ
545 4957 610 5028 δὴ
642 4956 780 5027 μετὰ
811 4956 907 5027 τὴν
941 4955 1177 5026 ἑϐδόμην
1206 4955 1538 5020 ὀπισθόπους

404 5049 497 5112 Εἰς
521 5044 666 5102 οἷκον
697 5047 866 5102 ἐλθὼν
895 5047 1002 5118 [ἴσ.
1027 5043 1182 5120 ἦλθε]
1219 5047 1485 5118 πατρικὸν
1513 5051 1873 5122 κεχαρμένος.

475 5141 666 5212 Πατὴρ
702 5141 838 5211 πρὸς
873 5140 1038 5192 αὐτὸν
1061 5137 1184 5192 εἷπε
1219 5141 1417 5210 μεστὸς
1442 5141 1691 5212 δακρύων
1717 5161 1730 5174 ο

401 5234 606 5287 Τέκνον
639 5233 904 5298 ποθεινὸν,
936 5233 1034 5296 τὰς
1059 5233 1328 5296 τοσαύτας
1361 5234 1574 5303 ἡμέρας

402 5323 515 5379 Ποῦ
551 5324 644 5378 καὶ
673 5325 851 5394 παρῆς
892 5341 1006 5394 μοι,
1041 5325 1133 5376 καὶ
1165 5324 1368 5378 στένων
1398 5324 1762 5394 ἐδυσφόρουνς

411 5418 471 5469 Ὀ
505 5415 712 5487 δεύτερ’
735 5417 898 5470 αἰνῶν
932 5417 1026 5470 καὶ
1088 5416 1369 5487 μεριμνῶν
1409 5419 1502 5470 καὶ
1552 5419 1714 5471 πέλον
1759 5419 1866 5492 [ἴσ.

398 5507 680 5576 Θρήνοισι,
708 5507 920 5570 τέκνον,
949 5501 1038 5558 οἷα
1060 5505 1338 5575 πείσομαι,
1366 5507 1539 5571 τάλας
1633 5507 1836 5579 [ποθῶν

401 5598 550 5661 Υἱὸς,
583 5598 644 5649 τὸ
670 5597 860 5667 μέλλον
889 5597 964 5658 ὡς
988 5598 1226 5664 ἀγαστὸν
1263 5599 1320 5651 ἐν
1346 5599 1490 5667 φάει,

401 5689 682 5752 Ἀποινον,
713 5688 1044 5742 άστένακτον
1069 5690 1129 5741 οὐ
1157 5689 1340 5760 βλέπω
1363 5690 1494 5760 βίον.

397 5777 499 5832 Σοῦ
539 5781 637 5851 μὲν
667 5781 935 5850 παρόντος
959 5783 1052 5836 καὶ
1076 5782 1258 5837 θανεῖν
1288 5785 1599 5858 ἱμειρόμην.

1392 370 1454 429 S.
1497 363 2060 428 PANTELEEMON
2071 365 2139 424 IS
2177 366 2552 428 ELOGIUM.

1934 483 1980 538 Α
2014 475 2107 531 Vis
2132 477 2510 545 Pantalemon,
2543 487 2604 534 ut
2633 479 2798 535 modo
2832 478 2977 535 haud
3000 479 3151 536 tinita
3181 479 3272 535 sit.

3486 371 3593 434 898

2012 572 2078 626 Et
2104 583 2258 630 stans
2283 575 2338 630 in
2364 576 2474 632 alto
2500 577 2694 633 bellua:
2724 578 3010 644 cadavere,

2012 661 2085 718 Ut
2113 665 2293 734 pullus
2326 665 2462 730 alas,
2489 667 2688 723 leniter
2718 676 2890 723 totum
2925 668 3146 723 elevans

2007 751 2243 824 Corpus,
2273 755 2570 826 oculosque
2597 756 2663 812 ad
2691 756 2896 811 aethera
2926 757 3196 812 extollens
3219 769 3374 820 suos,

2009 843 2207 900 Preces
2244 846 2365 913 pias
2399 846 2692 917 purissimo
2720 847 2833 901 edit
2862 854 3100 916 pectore.

2008 931 2147 990 llinc
2173 939 2349 991 currit
2376 937 2440 992 ad
2465 951 2654 992 senem
2685 936 2788 992 ista
2816 952 2995 1006 praeco
3027 937 3308 1002 nuntians,

2008 1023 2141 1090 Quae
2167 1034 2348 1080 certus
2381 1027 2499 1097 ipse
2529 1028 2758 1083 nuntius
2787 1041 3141 1098 prospexerat
3174 1054 3187 1083 ;

2007 1113 2146 1170 Tum
2179 1119 2465 1187 procidcns
2495 1121 2647 1174 humi
2683 1138 2697 1172 :
2725 1119 2908 1185 Pater,
2938 1137 3176 1190 praesens
3207 1123 3359 1187 ades,

2006 1205 2294 1262 Clamabat
2322 1209 2574 1276 assidue;
2607 1209 2742 1264 mihi
2777 1220 3032 1280 augusta,
3072 1213 3348 1282 inquiens,

2008 1295 2178 1350 Ortus
2218 1296 2445 1352 secundi
2479 1312 2676 1353 arcana
2707 1300 2901 1355 confer
2927 1302 3178 1370 protinus
3213 1321 3226 1356 :

1898 1376 1916 1400 ⁸
2007 1388 2396 1457 Purgationem
2429 1389 2827 1444 illuntinantcm
2859 1403 3104 1460 pectora,

2006 1477 2143 1533 Nam
2173 1478 2299 1534 novi
2326 1493 2427 1548 ego
2453 1480 2814 1550 persuasione
2847 1483 3140 1547 acerrima,

2010 1569 2278 1625 IEternus
2305 1581 2364 1625 ut
2385 1571 2456 1626 sit
2484 1581 2789 1641 praepotens
2819 1587 3068 1628 summus
3098 1574 3264 1642 Deus,

2004 1661 2279 1728 Christus,
2309 1677 2411 1718 nec
2437 1663 2584 1718 ullus
2608 1672 2802 1732 praeter
2830 1663 2998 1729 hunc,
3024 1665 3117 1735 qui
3148 1667 3298 1723 solus
3319 1679 3420 1726 est.

2004 1751 2109 1808 Per
2141 1769 2304 1824 quem
2337 1753 2516 1809 redire
2543 1755 2744 1808 mortui
2777 1754 2845 1808 ad
2876 1755 3039 1810 vitam
3069 1757 3270 1824 solent,

1923 1826 1973 1886 Β
2002 1841 2306 1913 Visumque
2336 1851 2536 1913 prater
2558 1859 2709 1913 spem
2738 1844 2904 1900 modo
2930 1861 3093 1901 omne
3124 1863 3152 1901 a
3185 1863 3244 1904 se
3274 1847 3452 1920 palam

1997 1932 2348 1991 Renuntiavit
2380 1934 2588 1990 editum
2615 1935 2966 1990 miraculum.

2075 2035 2213 2089 Tum
2247 2035 2434 2090 senior
2467 2053 2482 2088 :
2510 2035 2658 2090 Heus
2691 2045 2770 2100 tu,
2806 2035 3002 2104 inquit,
3030 2045 3322 2108 peremptae
3350 2037 3544 2095 bellua:

2009 2128 2255 2184 Cadaver
2277 2128 2457 2183 indica
2487 2136 2548 2182 ut
2577 2142 2637 2182 se
2667 2128 2851 2192 habet,
2879 2127 2953 2182 [ili
2977 2129 3201 2198 optime.

1998 2218 2116 2274 Mox
2145 2235 2276 2290 ergo
2313 2229 2541 2292 uterque
2566 2221 2800 2276 contulit
2830 2237 2889 2276 se
2919 2221 3014 2276 ubi
3048 2222 3223 2276 bestia

1997 2313 2306 2380 Exanimis,
2341 2314 2566 2368 immota
2599 2321 2765 2383 atque
2793 2314 2941 2370 iners
2969 2323 3193 2370 extensa
3223 2325 3363 2381 erat,

1999 2407 2274 2476 Sulcoque
2306 2407 2434 2460 trita
2458 2416 2512 2461 et
2535 2407 2824 2476 inquinata
2857 2407 3140 2470 sordibus,

1996 2496 2197 2552 Terror
2221 2497 2442 2566 iacebat
2467 2506 2522 2552 et
2545 2497 2707 2567 jocus
2737 2499 3132 2568 spectantibus.

2072 2587 2174 2642 Hic
2207 2585 2558 2642 Pantelemon
2592 2589 2904 2643 comminus
2934 2597 3124 2643 sancto
3156 2589 3274 2644 scni

1994 2674 2146 2730 Feras
2166 2675 2399 2731 cadaver
2423 2684 2696 2732 monstrat
2729 2678 3024 2733 instratum
3057 2679 3197 2745 solo,

1993 2767 2210 2822 Exsiliit
2233 2768 2500 2823 immenso
2524 2784 2690 2824 senex
2723 2785 2834 2838 prae
2861 2768 3062 2840 gaudio
3091 2785 3107 2823 :

1993 2857 2260 2927 Puraeque
2291 2858 2490 2912 mentis
2523 2857 2729 2912 lumine
2754 2857 2897 2912 elato
2927 2857 3114 2922 altius,

1993 2949 2246 3006 Convexa
2278 2950 2568 3014 caelorum,
2598 2949 2872 3021 adytaque
2900 2949 3114 3004 intrans
3141 2949 3278 3020 poli,

1993 3037 2192 3095 Grates
2227 3039 2480 3095 lubenter
2509 3041 2619 3108 egit
2659 3040 2912 3111 ingentes
2946 3039 3078 3106 Deo,

1913 3155 1959 3218 ο
1996 3131 2090 3189 Sic
2114 3141 2441 3203 apprecatus
2472 3141 2653 3187 mente
2684 3148 2855 3188 canus
2886 3131 3119 3200 candida
3155 3149 3169 3184 :

2063 3232 2262 3295 Decus,
2296 3233 2464 3288 decus
2495 3232 2593 3286 tibi
2619 3231 2713 3295 sit,
2747 3232 2904 3286 decet
2933 3241 2984 3286 te
3014 3247 3184 3284 unum
3221 3232 3412 3298 decus,

1992 3321 2100 3376 Ter
2123 3321 2282 3391 cujus
2312 3321 2602 3391 imperium
2631 3322 2858 3375 unicum
2883 3327 3176 3389 augustum
3204 3320 3393 3388 micat,

1990 3411 2198 3468 Cuncta
2232 3412 2486 3475 intuenti,
2520 3411 2753 3480 principi
2781 3409 3085 3465 fortissimo
3111 3428 3124 3462 :

1991 3505 2096 3572 Qui
2126 3506 2306 3576 Opifcx
2331 3521 2694 3574 supernorum
2729 3503 3142 3572 inferorumque
3165 3501 3436 3566 omnium,

1990 3594 2094 3660 Qui
2119 3602 2427 3664 praepotens
2462 3594 2819 3663 pulchrorum
2852 3608 2912 3648 es
2945 3600 3137 3646 auctor
3161 3600 3324 3659 atque
3349 3590 3494 3656 fons,

1988 3683 2365 3754 Mundumque
2395 3684 2573 3740 Verbo
2599 3685 2665 3739 ad
2698 3686 2904 3739 exitum
2932 3683 3089 3738 ducis
3111 3682 3317 3737 bonum

1989 3776 2083 3831 Dei
2115 3777 2367 3830 aemulam
2402 3777 2494 3846 qui
2533 3777 2860 3846 labilemque
2882 3773 3178 3830 essentiam

1986 3867 2278 3933 Lustrasti,
2312 3877 2366 3922 et
2390 3877 2679 3931 assertam,
2703 3868 2912 3938 angelis
2928 3866 3196 3922 excellere

1988 3956 2202 4014 Virtute
2233 3957 2414 4014 fecisti
2446 3961 2750 4029 prmsentize
2775 3968 2904 4014 tute.

1984 4049 2170 4106 Laeta
2202 4051 2698 4106 remunerationem
2727 4063 2784 4105 tu
2820 4053 2982 4106 citam

1983 4138 2159 4209 Opere
2186 4140 2351 4210 (quod
2387 4141 2600 4196 hostem
2629 4157 2736 4195 non
2764 4140 2978 4213 juvabit
3008 4141 3280 4216 invidum)

1985 4232 2157 4286 Servo
2187 4232 2447 4288 indicasti
2475 4242 2584 4287 tam
2616 4233 2939 4301 obsequenti
2975 4242 3029 4288 et.
3062 4235 3270 4289 sedulo.

1981 4321 2215 4388 Quando
2251 4322 2494 4379 hostium
2521 4323 2682 4378 turba
2713 4323 2936 4392 repulsa
2965 4330 3050 4378 est
3079 4323 3351 4393 integrum

1982 4416 2276 4471 Feliciores
2299 4418 2624 4479 mansiones
2652 4416 2896 4485 assequi.

1910 4491 1956 4546 Ῑ)
2050 4507 2189 4562 llinc
2222 4507 2402 4561 denuo
2435 4522 2605 4577 ocyus
2631 4507 2852 4560 domum
2879 4513 3124 4560 remeant
3148 4503 3311 4561 simul

1980 4599 2232 4670 Longtevi
2266 4598 2506 4653 hominis
2539 4615 2553 4652 :
2586 4598 2675 4652 ubi
2700 4596 2996 4668 praél'erens
3025 4599 3202 4654 lucem
3236 4612 3450 4653 sacram

1981 4687 2206 4758 Signum
2236 4689 2558 4753 verendum,
2595 4687 2730 4742 solis
2757 4695 2817 4740 ut
2843 4693 2926 4741 ter
2957 4686 3143 4751 lucidi,

1981 4779 2166 4836 Posuit
2189 4781 2294 4836 [ide
2326 4780 2539 4836 imbuto
2572 4799 2585 4835 :
2618 4781 2845 4852 senique
2877 4791 3063 4835 astans
3099 4779 3244 4834 bono

1977 4870 2202 4927 Juvenis
2231 4871 2472 4927 laborem
2506 4887 2603 4942 per
2632 4873 2747 4926 dies
2777 4879 2980 4940 septem
3017 4871 3233 4940 accipit.

1976 4961 2218 5018 Tandem
2250 4979 2537 5020 remensus
2565 4964 2684 5018 luce
2716 4964 2944 5032 septima
2980 4963 3147 5024 viam,

1977 5055 2206 5112 Domum
2237 5073 2370 5127 puer
2399 5056 2616 5111 revertit
2642 5058 2707 5109 ad
2743 5055 2913 5124 patris
2947 5054 3157 5109 hilaris.

1975 5149 2154 5219 Ipsum
2183 5167 2378 5220 parens
2406 5164 2529 5204 cum
2561 5148 2812 5218 lacrymis
2841 5144 3034 5201 allatus
3067 5156 3151 5200 est

2050 5240 2250 5296 Dilecte
2283 5240 2357 5295 ﬁli
2392 5239 2490 5305 mi,
2518 5238 2633 5293 dies
2667 5253 2760 5306 per
2788 5246 2885 5304 tot,
2914 5252 3070 5307 rogo,

1980 5332 2206 5386 Ubinam
2244 5333 2484 5386 locorum
2518 5344 2640 5384 eras
2671 5328 2694 5380 Ἰ
2721 5327 3001 5398 gemebant
3033 5341 3153 5396 ego,
3187 5327 3237 5382 id
3261 5325 3442 5382 ferens

1974 5423 2162 5493 ngre,
2189 5423 2296 5477 hoc
2323 5431 2376 5476 et
2401 5421 2532 5476 illud
2567 5420 2834 5491 cogitans,
2861 5418 3179 5474 desiderans

1972 5513 2069 5579 ’l‘e,
2097 5522 2241 5576 nate,
2265 5504 2496 5582 lugens;
2529 5519 2731 5580 quanta
2767 5509 2968 5566 sull‘ero
3003 5509 3201 5564 miseri

1975 5602 2075 5658 Ubi
2114 5604 2300 5658 filius?
2329 5605 2423 5673 qui
2457 5603 2810 5670 imposterum
2839 5603 2926 5656 lux
2955 5603 3120 5656 chara
3153 5601 3299 5656 erit?

1974 5694 2243 5764 Suspiriis
2278 5695 2397 5761 sine
2425 5705 2476 5750 te
2507 5702 2780 5749 carentem
2818 5693 2960 5748 haud
2999 5693 3160 5746 vitam
3194 5708 3295 5762 ago
3329 5710 3342 5745 :

1973 5788 2244 5844 Praescntc
2275 5789 2368 5844 sed
2402 5797 2472 5855 te,
2501 5787 2583 5843 vel
2616 5787 2755 5843 mori
2783 5795 3091 5857 cxpeterem
3129 5787 3311 5842 modo.
