4080 6436
600 345 711 409 899
780 360 783 363 ’
1898 337 2218 397 JOANNIS
2251 335 2685 397 GEOMETRrE
3802 335 3920 398 9m

675 458 942 511 Sermone
974 452 1235 507 Pantaleo
1268 448 1421 505 brevi
1452 447 1593 502 dixit
1622 445 1794 516 patri:

600 547 791 603 Morbo
822 545 1147 618 gravissimo
1178 543 1502 612 optimatum
1534 540 1870 616 quempiam,

602 638 672 693 Et
703 639 1007 709 principem
1048 635 1315 689 illustrem
1344 632 1617 686 dolentem
1654 631 1911 695 maxime,

606 729 722 802 Ego
752 738 802 785 et
830 742 986 783 meus
1011 727 1202 781 doctor
1233 722 1351 777 dies
1377 732 1584 791 septem
1611 721 1803 776 ordine

602 827 663 882 In
691 823 842 893 regio
871 816 1184 873 curavimus
1215 812 1441 884 palatio,

600 916 741 971 Dum
767 924 991 983 prorsus
1029 923 1060 962 a
1087 904 1423 961 cruciatibus
1455 900 1771 958 saevissimis

598 1004 983 1073 Commitigata
1012 999 1309 1055 acerbitate
1330 993 1617 1065 quieverit.

670 1106 770 1161 His
801 1100 1078 1173 acquievit
1102 1098 1361 1169 Iacrymis
1385 1096 1527 1151 fusis
1549 1102 1727 1164 pater.

597 1199 693 1255 Ille
719 1196 848 1251 hinc
875 1201 1100 1263 repente
1131 1189 1369 1260 patrium
1400 1188 1659 1256 linquens
1700 1186 1866 1239 larem

598 1291 767 1345 Recta
794 1286 996 1349 evolat,
1030 1283 1230 1337 timore
1251 1279 1404 1335 nullo
1431 1279 1692 1348 percitus,

596 1380 679 1434 Ad
709 1377 1131 1447 Euphrosynum
1164 1386 1224 1429 se
1246 1369 1572 1440 magistrum
1595 1366 1905 1430 conferens,

600 1471 835 1525 Ridente
863 1466 1092 1538 jamdie
1123 1463 1329 1520 coloris
1355 1462 1508 1516 aurei
1543 1478 1558 1515 :

598 1561 673 1617 Ut
700 1560 856 1615 stella
886 1556 1119 1613 Veneris
1150 1556 1293 1610 alma
1325 1555 1505 1607 clarus
1538 1551 1778 1608 Lucifer.

663 1649 1025 1718 Interrogavit
1056 1647 1247 1702 doctor
1276 1644 1555 1700 hominem
1591 1642 1874 1713 providum
1902 1657 1918 1694 :

600 1745 646 1799 0
676 1744 960 1807 Pantaleo,
988 1740 1297 1797 curriculus
1327 1752 1394 1792 en
1427 1738 1639 1791 dierum
1670 1736 1784 1790 abit

602 1839 847 1911 Septem,
875 1835 1078 1893 schola:
1099 1849 1165 1888 ex
1187 1846 1298 1903 quo
1330 1840 1478 1900 septa
1512 1838 1712 1883 nostra:
1744 1827 1955 1883 deseris
1989 1845 2003 1882 :

606 1933 747 1999 Quid
778 1945 960 1985 rerum
994 1925 1238 1997 agebas?
1268 1939 1334 1978 ne
1358 1922 1493 1976 mihi
1535 1922 1590 1975 id
1620 1921 1755 1987 cela,
1786 1920 2050 1987 obsecroj;

576 2010 733 2076 'Nam
767 2020 937 2075 libera
962 2026 1066 2082 est,
1102 2014 1252 2080 novi,
1289 2012 1387 2067 tibi
1415 2012 1537 2066 vitae
1569 2010 1735 2065 actio.

668 2120 875 2189 Agrum
904 2128 1099 2170 recens
1128 2119 1405 2168 mercatus
1432 2119 1516 2165 est
1542 2109 1763 2180 (inquit)
1797 2123 1973 2163 novus

596 2210 759 2266 Pater
789 2208 1055 2279 optimus,
1080 2206 1169 2261 cui
1209 2202 1465 2259 assiduus
1500 2201 1630 2255 haesi
1667 2215 1870 2265 comes,

594 2302 897 2372 Adjunctus
928 2298 1051 2369 ipsi,
1083 2311 1153 2351 ne
1180 2301 1343 2349 ruant
1371 2293 1683 2357 conamina,

594 2394 658 2449 lu
683 2394 893 2449 aedibus
923 2390 1082 2445 sedes
1116 2387 1209 2443 ubi
1242 2384 1444 2442 stabilii
1469 2398 1656 2447 meas;

592 2491 788 2543 Aratra
824 2493 878 2540 et
910 2484 1149 2547 aculeos,
1186 2481 1481 2550 magistros
1507 2488 1563 2533 et
1586 2479 1779 2542 boum,

595 2582 861 2637 Scrutans
892 2586 945 2632 et
969 2590 1178 2632 ornans
1201 2574 1407 2643 praedia
1434 2579 1562 2626 ante
1595 2572 1785 2625 urbem
1818 2570 1943 2625 sita.

596 2675 698 2730 Hic
728 2671 941 2745 perstiti
967 2679 1172 2739 septem
1204 2667 1465 2721 laborans
1502 2678 1597 2733 per
1628 2664 1746 2717 dies
1778 2682 1791 2717 :

593 2765 732 2821 Nam
763 2762 1015 2833 plurimis
1050 2760 1197 2830 agris
1226 2767 1280 2812 et
1314 2756 1511 2826 amplis
1533 2754 1771 2825 praediis,

597 2859 870 2928 Omnique
900 2872 959 2911 re
986 2869 1086 2909 nec
1118 2851 1355 2921 mancipi
1389 2849 1756 2920 praestantius,

596 2952 696 3007 Est
720 2949 989 3018 Optimum
1025 2944 1180 3007 illud,
1216 2940 1532 3012 comparavi
1566 2939 1713 3009 quod
1747 2937 1930 2993 modo.

667 3040 1068 3111 Euphrosynus
1106 3034 1261 3090 audit
1290 3032 1428 3099 haec,
1460 3040 1514 3087 et
1543 3030 1820 3085 obturavit
1848 3044 1931 3083 os.

594 3220 828 3287 Quando
860 3217 1033 3273 Deum
1063 3216 1346 3271 Christum
1379 3212 1531 3267 indui
1564 3213 1674 3265 imo
1704 3221 1943 3281 pectore,

591 3314 819 3369 Pietatis
841 3309 1349 3377 emendationisque
1380 3306 1447 3361 ad
1479 3306 1620 3359 viam

593 3404 899 3460 Recurrere
929 3412 1173 3473 optarem
1204 3409 1438 3469 patrem,
1472 3413 1662 3453 errore
1690 3396 1860 3466 impio

590 3497 842 3563 Abjecto.
870 3494 928 3549 ld
956 3492 1275 3562 expetebat;
1311 3498 1385 3555 et,
1412 3490 1577 3558 vulgo
1605 3498 1662 3542 ut
1691 3488 1899 3552 ferunt,

591 3586 803 3643 Funem
830 3600 1052 3641 movere
1084 3584 1251 3653 coepit
1280 3596 1524 3645 omnem,
1554 3594 1665 3649 quo
1692 3594 1893 3649 parens

590 3679 862 3735 Evaderet
892 3678 1089 3741 ﬁdelis,
1123 3686 1288 3745 atque
1311 3673 1610 3727 identidem

592 3770 886 3840 Proposuit
908 3784 973 3822 ac
1003 3768 1226 3836 scripsit
1248 3764 1490 3834 patentia
1521 3762 1807 3831 dogmata,

593 3856 867 3927 Praesagia
896 3864 951 3910 et
977 3864 1163 3908 vatum
1194 3851 1522 3920 probantum
1553 3849 1733 3903 lucide

593 3946 779 4002 Mundi
809 3945 1241 4009 absolutionem;
1269 3942 1400 3995 item
1434 3949 1495 3994 ut
1522 3940 1670 4009 potis
1693 3938 1796 3992 fuit

599 4040 840 4109 Serpens
873 4051 1145 4092 venenum
1178 4036 1229 4089 in
1264 4049 1362 4089 cor
1388 4033 1566 4086 virum
1601 4029 2005 4085 transfundere.

592 4133 712 4189 Ποο
737 4147 988 4189 summus
1019 4138 1212 4184 auctor
1245 4127 1494 4183 omnium
1526 4133 1582 4181 et
1614 4123 1881 4179 Dominus
1910 4121 2070 4187 tulit;

591 4227 835 4295 Corpore
858 4237 1054 4278 carens
1081 4230 1277 4274 natura
1300 4227 1354 4273 et
1378 4216 1762 4279 immutabilis,

591 4316 965 4388 Sanguinibus
995 4329 1027 4368 e
1056 4312 1387 4367 castissimis
1417 4320 1622 4376 cretus,
1656 4309 1799 4362 Deus

592 4418 751 4474 Servi
789 4417 1019 4487 ﬁguram
1052 4413 1196 4481 cepit
1220 4410 1493 4478 abjectam
1532 4408 1853 4469 admodum,

588 4511 937 4578 Carnemque
969 4504 1280 4566 mOrtalem,
1312 4504 1405 4557 sed
1437 4517 1467 4555 a
1501 4502 1620 4555 labe
1649 4514 1876 4553 vacuam
1909 4540 1922 4551 .

590 4599 761 4654 Fixus
792 4593 962 4659 cruci,
998 4593 1278 4660 clavisque
1310 4592 1540 4643 adactus
1570 4587 1781 4650 ferreis,

591 4688 936 4746 Cruciatibus
961 4692 1138 4738 tortus
1171 4683 1445 4753 (dolorum
1475 4696 1507 4733 ο
1530 4680 1885 4747 remedium!)

591 4784 820 4839 Moritur
848 4781 1115 4841 lubenter,
1142 4783 1393 4831 mortuus
1425 4782 1619 4843 sponte
1650 4781 1705 4827 et
1733 4787 1832 4827 sua

586 4876 670 4931 Ad
701 4874 857 4929 inferi
890 4872 1035 4927 venit
1065 4870 1230 4936 fores,
1254 4878 1309 4924 et
1342 4870 1540 4922 robore

588 4966 841 5023 Tumulis
872 4965 1095 5036 apertis,
1130 4979 1197 5017 eu
1236 4962 1478 5032 sepultos
1506 4961 1720 5017 saeculis

587 5060 817 5125 Priscis,
846 5059 900 5112 in
932 5059 1042 5113 illis
1071 5056 1274 5110 excitat
1301 5052 1613 5108 reconditos
1647 5069 1661 5104 :

584 5154 692 5209 Pro
723 5166 950 5206 munere
980 5149 1220 5204 oﬂ‘erens
1254 5146 1426 5215 patris
1450 5159 1681 5213 superas
1712 5143 1926 5198 domos.

585 5245 957 5301 Pulvisculum
991 5241 1283 5303 extollens,
1314 5245 1368 5293 et
1400 5239 1568 5291 altum
1601 5239 1913 5292 sublevans.

582 5339 696 5393 lctu
726 5338 1019 5391 draconem
1052 5331 1321 5387 sauciarit
1350 5330 1597 5383 horrido.

582 5426 731 5482 ldem
767 5427 855 5480 ille
883 5438 1103 5496 quoque
1132 5431 1397 5477 venturus
1437 5431 1520 5476 est
1552 5423 1747 5475 iterum
1782 5438 1844 5476 ex
1881 5423 1987 5490 puli

584 5519 882 5575 Cacumine
911 5515 1203 5579 accedens,
1229 5514 1441 5568 cruenti
1473 5529 1582 5583 quo
1616 5514 1751 5583 lupi,

586 5609 989 5677 Erroribnsque
1020 5606 1267 5675 impliciti
1295 5606 1574 5659 acerbiora
1595 5606 1738 5674 dent,

590 5698 863 5768 Supplicia
898 5718 911 5753 :
941 5700 1128 5769 justis,
1161 5697 1519 5767 elegantibus,
1541 5699 1748 5767 probis,

590 5786 817 5843 Tribuet
856 5804 1146 5857 perennem
1178 5789 1410 5858 gloriam
1435 5799 1487 5844 et
1519 5805 1775 5859 superum
1814 5792 2014 5845 cibum.

2486 450 2630 519 Ἔφη
2662 448 2718 501 δὲ
2742 465 2908 517 πατρι
2946 447 3225 515 συντόμως
3248 446 3591 500 Παντωλέων
3616 460 3635 478 '

2398 544 2602 612 Λυμῶν
2631 542 2824 612 βαρεῖα
2844 542 2952 594 τῶν
2979 540 3319 611 μεγιστάνων
3345 539 3469 592 τινὰ

2401 635 2675 704 ’Ἄρχοντα
2702 633 2794 685 τὸν
2826 631 3132 702 προύχοντα
3162 634 3257 684 σὺν
3284 629 3597 701 διδασκάλῳ

2412 725 2707 794 Ἀλγοῦντα
2735 724 2925 788 δεινῶς
2954 726 3053 787 τὰς
3082 723 3347 787 τοσαύτας
3376 723 3599 794 ἡμέρας

2409 817 2847 888 Ύπηρετοῦμεν,
2882 818 3037 880 ὅντες
3065 818 3124 871 ἐν
3152 817 3419 887 παλατίῳ,

2399 911 2544 973 Ἕως
2566 910 2787 974 τελείως
2810 909 2920 963 τῶν
2950 909 3265 977 ἀναγκαίων
3294 907 3471 962 πόνων

2411 1001 2474 1053 Ἦ
2510 1000 2809 1070 σφοδρότης
2840 999 3042 1066 ἔδειξεν
3073 998 3449 1070 ήμερουμένη.

2466 1091 2660 1161 Πατὴρ
2683 1090 2962 1160 δακρύσας
2987 1090 3268 1159 ἠρέμησεν
3301 1088 3500 1142 αὐτίκα

2410 1184 2694 1236 Ἐντεῦθεν
2720 1183 2883 1246 εὐθὺς
2909 1186 3180 1253 πατρικῆς
3210 1182 3303 1235 ἀπ’
3337 1183 3578 1253 ἐσχάρας

2399 1278 2627 1347 Τρανῶς
2651 1278 2902 1342 διαπτάς,
2929 1277 3077 1330 ἐνδον
3103 1277 3203 1329 οὑκ
3234 1275 3372 1347 ἔχων
3402 1276 3592 1344 φόϐον,

2397 1369 2542 1440 Πρὸς
2570 1369 2916 1438 Εὐφρόσυνον
2936 1369 3027 1423 τὸν
3056 1370 3380 1424 διδάσκαλον
3411 1369 3572 1435 θέων,

2399 1461 2542 1531 Ἤδη
2567 1460 2814 1532 γελώσης
2840 1461 3057 1531 ἡμέρας
3082 1462 3437 1533 χρυσοχρόου,

2400 1555 2677 1615 Ἀπεισιν,
2708 1555 2886 1625 ἀστὴρ
2910 1554 3067 1617 ἄλλος
3094 1556 3170 1618 ὡς
3200 1556 3495 1624 ἑωσφόρος.

2482 1647 2626 1699 Ἰδὼν
2650 1647 2707 1699 δὲ
2741 1647 2929 1701 τοῦτον
2960 1649 3125 1718 ἤρετο
3157 1646 3447 1717 προμηθέα
3466 1662 3481 1675 ο

2393 1735 2465 1791 Ὦ
2489 1739 2857 1804 Πανταλείων,
2884 1738 3111 1811 ἡμερῶν
3140 1740 3281 1791 ἐτττά
3319 1739 3517 1808 δρόμος

2396 1831 2662 1899 Ἐφευξεν
2700 1831 2758 1898 ἐξ
2781 1825 2844 1885 οὗ
2874 1831 3034 1900 τήνδε
3063 1831 3161 1901 τὴν
3197 1830 3391 1901 σχολὴν
3417 1827 3616 1884 λιπών.

2402 1923 2537 1989 Ποῦ,
2564 1924 2705 1990 είπέ,
2742 1925 2819 1995 μὴ
2844 1925 3061 1998 κρύψῃς
3086 1925 3149 1978 σύ
3179 1942 3272 1994 με.

2410 2017 2597 2086 Ἔχεις
2623 2016 2753 2087 γὰρ,
2772 2012 2909 2081 οἶδα,
2933 2018 3034 2089 τὴν
3065 2019 3241 2087 φορὰν
3265 2019 3579 2087 ἐλευθέραν.

2482 2110 2698 2181 Ἀγρὸν,
2731 2112 3028 2179 προσεῖπεν
3051 2150 3065 2175 ,
3094 2111 3438 2183 ἠμπολήσατ’
3464 2113 3676 2183 ἀρτίως

2404 2206 2599 2269 ’Ἄλλος
2630 2205 2813 2275 πατὴρ
2840 2206 3119 2274 φέριστος,
3146 2198 3190 2271 ᾧ
3216 2206 3311 2259 καὶ
3344 2205 3668 2275 προσμένων

2398 2300 2643 2363 Σταλεὶς,
2677 2299 2809 2370 παρ’
2840 2300 2990 2369 αὐτῷ
3022 2300 3096 2370 μὴ
3132 2299 3321 2368 σφαλῶ
3349 2298 3715 2370 πειρώμενος,

2410 2390 2674 2456 Ἐκεῖθεν,
2699 2390 2822 2444 ὅθεν
2850 2407 2912 2459 γε
2928 2390 3029 2454 τὰς
3044 2392 3215 2461 νομὰς
3236 2389 3347 2462 [τσ.
3375 2388 3562 2461 μονὰς]
3584 2387 3871 2460 διατρίϐω,

2402 2483 2643 2554 Ἀροτρα
2674 2484 2769 2537 καὶ
2807 2483 3110 2554 βούκεντρα
3144 2483 3240 2537 καὶ
3267 2483 3534 2554 βοηλάτας

2397 2575 2659 2645 Κοσμῶν,
2691 2574 2950 2645 ἐρευνῶν,
2978 2574 3073 2627 τοῦ
3101 2574 3222 2627 νέου
3262 2573 3589 2645 προαστείου
3613 2588 3627 2602 °

2401 2669 2659 2738 Ἐμεινον
2688 2668 2827 2722 ἑπτὰ
2855 2667 3210 2737 συμπονήσας
3244 2665 3479 2737 ἡμέρας.

2398 2757 2616 2812 Πολλῶν
2640 2756 2751 2826 γὰρ
2780 2758 2967 2827 ἀγρῶν
2993 2756 3288 2825 κτημάτων
3312 2756 3358 2807 θ’
3386 2756 3525 2826 ὑπὲρ
3565 2754 3731 2822 φύσιν

2396 2852 2507 2905 Καὶ
2535 2852 2736 2915 παντὸς
2765 2851 2924 2905 ἄλλου
2954 2850 3279 2920 τιμιώτερος
3313 2849 3482 2910 πέλει,
3522 2847 3863 2920 [ὠνησάμην.

2397 2945 2467 3000 ’Ὁ
2494 2962 2584 3015 μοι
2612 2944 2837 3014 ἄριστον
2859 2943 2918 2997 ὃν
2947 2943 3111 2996 τανῦν
3142 2942 3315 3014 [ἵσ.ὅν
3349 2959 3437 3012 μοι
3477 2940 3569 3011 ἄρ.
3598 2941 3731 2993 ὄντα
3750 2937 3866 3012 νῦν]

2470 3037 2740 3090 Ἤκουσεν
2773 3036 3139 3107 Εὐφρόσυνος.
3176 3033 3416 3105 Ἔφραξε
3447 3034 3621 3104 στόμα

2461 3219 2591 3277 ...δὲ
2622 3220 2798 3290 κάρτα
2833 3216 3067 3287 Χριστὸν
3089 3217 3427 3288 ἀμφιέννυσο

2396 3312 2542 3382 Πρὸς
2576 3310 2881 3376 εὐσέϐειαν,
2919 3312 3056 3380 πρὸς
3088 3311 3374 3380 διόρθωσιν
3414 3308 3551 3362 θέλω

2393 3404 2841 3473 Παλινδρομῆσαι
2870 3403 2960 3456 τὸν
2990 3404 3238 3467 τεκόντα,
3269 3401 3366 3457 καὶ
3409 3401 3622 3471 πλάνην

2403 3496 2530 3566 Ἐᾷν
2560 3495 2783 3565 βαθεῖαν
2808 3510 2822 3527 ο
2850 3493 3008 3547 τοῦτο
3043 3494 3107 3565 δὴ
3131 3494 3194 3546 τὸ
3225 3494 3319 3547 τοῦ
3355 3493 3516 3561 λόγου
3638 3492 3857 3564 [κάὶωη

2390 3583 2595 3638 Τοῦτόν
2655 3586 2706 3653 γ’
2751 3584 2865 3657 [γρ.
2914 3584 3144 3655 ταύτην]
3192 3584 3367 3637 ἐποίει
3422 3585 3598 3636 πάντα
3633 3584 3856 3655 κινήσας

2389 3677 2588 3729 Πιστὸν
2614 3676 2891 3745 γενέσθαι,
2922 3676 3243 3738 πλειστάκις
3273 3675 3369 3729 καὶ
3394 3675 3653 3738 πολλάκις

2391 3769 2648 3838 Γράφων,
2678 3768 3003 3840 προτείνων,
3036 3768 3343 3821 εὐσύνοπτα
3373 3767 3640 3837 δόγματα,

2399 3861 2615 3931 Ῥήσεις
2651 3860 2950 3931 προφητῶν
2985 3858 3410 3931 μαρτυρούντων
3439 3860 3673 3928 εὐλόγως

2390 3953 2506 4025 Τὴν
2531 3955 2803 4024 κοσμικὴν
2833 3953 3136 4025 πλήρωσιν,
3162 3954 3238 4018 ὡς
3272 3955 3562 4024 ἐπεκράτει

2394 4047 2627 4111 Δράκων
2652 4046 2911 4115 ἀφύσσων
2927 4046 2989 4098 τὸ
3008 4046 3214 4114 βροτῶν
3236 4047 3439 4118 ἀρευ...
3461 4046 3567 4117 [ῖσ.
3592 4041 3849 4116 ὀλέθριον]

2387 4136 2499 4191 Καὶ
2525 4136 2659 4206 δῆτα
2687 4135 2880 4189 τοῦτον
2905 4138 3002 4189 καὶ
3030 4138 3213 4206 φέρων
3242 4140 3270 4190 ὁ
3296 4137 3594 4207 Δεσπότης,

2384 4228 2518 4291 Θεός
2552 4245 2657 4297 περ
2687 4227 2783 4294 ὢν,
2817 4227 3082 4298 ἄσαρκος,
3115 4228 3382 4299 ἄτρεπτος
3406 4229 3577 4297 φύσιν.

2392 4322 2586 4389 Ὅμως
2608 4320 2828 4391 κυηθεὶς
2856 4322 2919 4373 ἐκ
2951 4320 3241 4387 πανάγνων
3268 4322 3516 4389 αἱμάτων

2383 4410 2617 4481 Μορφὴν
2654 4410 2712 4462 δὲ
2740 4410 2927 4463 δούλου
2964 4409 3288 4479 προσλαϐὼν
3330 4410 3441 4482 [Ion
3485 4407 3842 4480 ἀνθρωπίνην]

2385 4503 2499 4556 Καὶ
2524 4503 2704 4572 σάρκα
2731 4501 2955 4572 θνητὴν,
2984 4502 3101 4554 ἀλλ’
3128 4503 3406 4573 ἁμαρτίας
3430 4503 3567 4573 δίχα,

2384 4594 2614 4664 Σταυρῷ
2644 4594 2842 4662 παγεὶς
2870 4594 3079 4663 ἥλοισιν
3100 4595 3510 4664 ἐμπεπαρμένῳ
3533 4611 3548 4625 ·

2389 4686 2542 4754 Πάθη
2576 4684 2785 4749 παθὼν,
2819 4680 2865 4738 ὦ
2896 4686 3080 4756 θαῦμα
3109 4688 3205 4756 τὴν
3229 4687 3419 4739 παθῶν
3444 4687 3610 4749 λύσιν,

2384 4778 2624 4845 Θνήσκει
2660 4778 2914 4840 ὲκόντως,
2953 4779 3047 4830 καὶ
3082 4777 3259 4830 θανὼν
3290 4778 3567 4840 ἑκουσίως,

2385 4868 2552 4939 ’ᾍδου
2587 4868 2867 4921 κατελθὼν
2896 4872 2975 4931 εἰς
3012 4868 3210 4932 πύλας,
3236 4870 3329 4921 καὶ
3352 4868 3427 4940 τῷ
3462 4870 3642 4939 κράτει

2384 4961 2604 5029 Τάφους
2632 4961 2850 5025 ἀνοίξας
2881 4963 3005 5024 τοὺς
3037 4963 3204 5015 πάλαι
3231 4964 3637 5033 κεκρυμμένους

2378 5054 2627 5124 Νεκροὺς
2653 5054 2893 5124 ἐγείρας,
2924 5056 3048 5117 τοὺς
3075 5056 3252 5125 χρόνῳ
3281 5054 3663 5125 τεθαμμένους,

2380 5146 2565 5216 Δῶρον
2588 5147 2865 5216 προτάξας
2894 5148 3195 5217 πατρικοὺς
3224 5147 3337 5200 ἄνω
3363 5147 3574 5217 δόμους.

2382 5239 2486 5291 Τὸν
2513 5237 2640 5309 χοῦν
2667 5238 2883 5307 ἀνυψῶν
2914 5240 3007 5290 καὶ
3034 5240 3325 5309 μετάρσιον
3361 5240 3555 5309 φέρων,

2382 5331 2629 5401 Ἔτρωσε
2653 5330 2744 5383 τὸν
2772 5330 3040 5399 δράκοντα
3073 5331 3256 5401 πληγῇ
3286 5333 3492 5401 καιρίᾳ.

2392 5424 2628 5486 Ἐκεῖνος
2657 5423 2816 5486 αὐτός
2844 5425 3014 5483 ἐστιν,
3046 5423 3103 5486 ὃς
3141 5424 3329 5492 μέλλει
3361 5424 3516 5477 πάλιν

2383 5515 2629 5567 ⁸’Λνωθεν
2662 5514 2817 5585 ἥξειν
2847 5518 2958 5577 τοῖς
2996 5515 3302 5585 μιαιφόνοις
3332 5514 3511 5576 λύκοις

2376 5606 2489 5659 Καὶ
2521 5610 2635 5669 τοῖς
2670 5609 3050 5678 ἁμαρτάνουσι
3076 5609 3167 5659 τοῦ
3198 5607 3380 5660 δοῦναι
3409 5607 3559 5675 δίκην

2381 5701 2473 5761 ’Ὡς
2500 5700 2547 5751 δ’
2573 5701 2638 5753 αὖ
2667 5702 2895 5765 δικαίοις
2927 5702 3188 5769 κάγαθοῖς
3219 5703 3311 5753 καὶ
3336 5701 3574 5768 κοσμίοις

2378 5794 2647 5863 ’Λληκτον
2678 5792 2833 5865 εὖχος
2863 5797 2956 5849 καὶ
2980 5796 3187 5865 τροφὴν
3223 5795 3522 5864 ἀνωτὲραν.
