4080 6416
18 1277 42 1290 -’
61 1267 116 1300 Σΐξι

355 328 458 394 901
1697 341 2008 401 (ῙΛῐὶΜΙΝε

2021 347 2040 400 l
2080 343 2336 404 VAlllA.
3495 350 3602 410 902

467 447 688 518 Ἄρχων
717 464 776 500 τε
800 447 1018 504 πάντων
1041 450 1292 521 γηγενῶν
1315 492 1327 506 .
1348 493 1362 507 .
1386 493 1400 506 .

459 536 673 609 Κριτὴς
697 544 953 610 φανεῖται
977 581 991 596 .
1013 580 1028 595 .
1051 581 1066 594 .
1090 580 1104 596 .
1129 580 1145 595 .

461 631 690 686 Ζώντων
723 650 783 686 τε
813 635 1022 704 νεκρῶν
1047 635 1118 699 τ’,
1147 636 1204 688 ὲν
1229 636 1371 706 ῥοπῇ
1399 635 1743 708 ταχυδρόμῳ.

461 722 582 776 Εισιι
609 726 718 795 γὰρ
745 725 898 796 ὑμῶν
927 725 1178 799 ἀδρανεῖς
1208 727 1342 792 θεοὶ,
1373 728 1578 796 Πάτερ,

461 815 672 870 Εῑδωλα
697 817 1050 888 χειρότευκτα
1079 819 1350 889 δαιμόνων
1374 819 1573 891 πλάνη,

465 911 679 981 Ὥσπερ
709 912 994 982 προφήτης
1023 907 1200 978 εἶπεν,
1230 911 1540 987 ὀξυδερκίᾳ,

459 1003 524 1056 Tt
553 1001 706 1056 οὖσιν
731 1003 828 1055 ὲκλ
855 1002 916 1056 ού
947 1019 1038 1073 ροτ
1065 1021 1172 1074 χε..

457 1093 734 1164 ’Υπαρξις
755 1093 832 1156 ὡς
863 1093 1098 1166 ἔχοντες,
1129 1095 1202 1159 ὥς
1241 1114 1302 1150 τε
1333 1097 1430 1151 καὶ
1468 1096 1635 1169 βάρος

456 1185 566 1255 Γῆς
589 1186 696 1238 εἰσι
730 1185 821 1255 ἄρ’
849 1186 1044 1243 εἰπὲ...

459 1277 524 1328 Οί
558 1277 656 1346 μὲν
688 1276 980 1346 κάθηνται,
1004 1277 1098 1330 καὶ
1120 1279 1424 1348 καθήμενοι
1452 1278 1630 1348 μάτην

459 1371 724 1433 Ἀνεισιν,
757 1370 865 1422 οὐδ’
896 1369 971 1432 ὥς
991 1385 1004 1399 ·
1033 1371 1160 1437 εἰδὲ
1190 1372 1284 1424 καὶ
1307 1371 1640 1441 ὀρθοστάδην

464 1459 790 1530 Ἐστηκότες
817 1459 1106 1529 μίμνουσιν
1133 1462 1528 1533 ὲστηλωμένοι,

454 1550 745 1613 Κλίνοντες
768 1549 801 1622 ἦ
826 1553 1171 1622 κάμπτοντες
1198 1554 1432 1617 ούδόλως
1455 1555 1626 1625 κάρα,

455 1641 564 1692 Καὶ
593 1641 771 1710 φωτὸς
795 1643 922 1696 εὐ...
967 1643 1173 1713 καίπερ
1196 1645 1596 1700 ἀντανάκλασιν

453 1730 650 1784 Λαϐὼν
676 1732 931 1802 ἀφορμὰς
957 1734 1052 1796 τὰς
1083 1735 1290 1790 ἀπελ...
1324 1754 1386 1789 το

525 1823 716 1894 Πατὴρ
745 1825 882 1893 πρὸς
907 1824 1068 1878 αὐτὸν
1095 1827 1336 1891 εὐσεϐῶς
1365 1826 1640 1898 ἀπεκρίθη
1661 1842 1678 1859 ⁶

453 1913 530 1966 Τὸ
558 1915 710 1984 ῥῆμα
736 1915 895 1969 τοῦτο
919 1916 1364 1986 δυσανόιγνωστον
1393 1919 1548 1973 πέλει

454 2005 568 2060 Καὶ
599 2005 856 2062 δύσκολον
899 2008 1138 2079 μάλιστα
1177 2012 1290 2075 τοῖς
1319 2010 1732 2083 ἁπλουστέροις.

904 2192 1108 2246 Λείπει
1136 2190 1352 2247 τᾶλλα.

1960 457 2008 514 Δ
2040 455 2294 528 Princeps
2324 458 2371 510 is
2396 463 2573 511 exstat
2601 456 2846 510 omnium
2877 457 3216 523 mortalium,

2039 546 2344 602 Viventium
2374 557 2536 618 atque
2569 557 2933 616 mortuorum,
2963 549 3203 604 momine

2031 637 2328 694 Celerrime
2349 640 2514 709 judex
2538 639 2806 694 videbitur
2839 640 3040 709 gravis.

2103 730 2242 786 Sunt
2270 745 2462 801 nempe
2490 731 2562 786 dii
2590 731 2753 786 vestri
2787 731 3067 798 imbecilli,
3097 731 3176 786 mi
3205 746 3426 802 parens,

2031 822 2176 879 ldola
2207 824 2328 879 ﬁcta
2365 822 2639 890 manibus,
2667 831 2788 880 astu
2821 825 3130 880 daemonum
3161 865 3178 892 ,

2033 912 2104 969 Ut
2131 916 2417 985 perspicax
2449 917 2711 986 propheta
2737 917 3014 986 quondam
3047 917 3282 972 dixerat.

2099 1005 2240 1072 Quid
2271 1021 2511 1076 namque
2540 1014 2687 1072 sunt,
2715 1006 2824 1062 nisi
2851 1008 3100 1078 quaedam
3131 1009 3321 1063 inanes
3348 1005 3598 1072 fabricae,

2028 1095 2160 1163 Quae
2191 1105 2338 1151 stant
2367 1097 2556 1152 eadem
2585 1111 2690 1165 qua
2721 1099 2911 1154 locatae
2940 1106 3068 1154 sunt
3099 1098 3218 1153 basi

2028 1188 2262 1242 Telluris
2285 1202 2463 1242 annon
2495 1188 2710 1258 pondus
2741 1189 2841 1244 hoc
2871 1189 3061 1242 inutile
3085 1188 3212 1243 est?

2029 1277 2094 1331 lli
2126 1278 2411 1332 consident
2431 1277 2528 1338 dii,
2558 1293 2746 1332 verum
2775 1278 3008 1333 inaniter
3037 1279 3228 1334 sedent

2027 1371 2137 1426 Nec
2163 1370 2360 1425 deinde
2389 1379 2622 1439 surgunt
2655 1389 2666 1422 :
2700 1371 2858 1438 sique
2887 1378 3038 1424 recto
3066 1370 3370 1439 sint_statu,

2029 1461 2118 1517 Sic
2149 1468 2470 1532 permanent
2494 1437 2588 1512 ﬁxi
2625 1466 2684 1513 ut
2711 1437 2984 1514 columnis
3017 1437 3304 1514 stabilibus
3337 1476 3352 1513 :

2025 1553 2136 1608 Nec
2164 1553 2444 1606 vertebras
2471 1549 2712 1616 ﬂectunt,
2741 1565 2842 1604 nec
2871 1551 3134 1604 inclinant
3160 1560 3345 1620 caput.

2027 1645 2092 1699 Et
2121 1645 2260 1700 lucis
2289 1652 2558 1706 exsortes,
2585 1642 2801 1696 tametsi
2828 1641 2884 1694 in
2909 1641 3030 1694 luce
3053 1641 3183 1694 sint.

2027 1737 2120 1792 Sic
2143 1737 2444 1792 instruendi
2474 1735 2644 1806 patris
2669 1751 2834 1790 ansas
2870 1736 3086 1804 arripit.

1952 1807 1996 1862 Β
2085 1828 2290 1883 Parens
2319 1829 2405 1898 pie
2437 1837 2563 1882 nato
2597 1830 2763 1882 hocce
2791 1843 3116 1898 responsum
3146 1827 3294 1883 dedit
3327 1845 3340 1882 :

2023 1919 2121 1976 Hic
2150 1935 2330 1976 sermo
2363 1919 2565 1990 percipi
2591 1921 2778 1988 nequit
2802 1928 2886 1974 sat
2911 1921 3215 1985 commode,

2021 2010 2089 2065 Et
2118 2011 2324 2066 arduus
2353 2009 2584 2065 rudibus
2609 2011 2790 2066 adhuc
2817 2019 2902 2066 est
2931 2011 3190 2067 maxime.

2023 2142 2041 2160 ο
2151 2141 2167 2157 0
2281 2142 2296 2159 ο
2410 2137 2426 2157 ο
2537 2139 2555 2157 0
2666 2143 2684 2160 ο
2796 2140 2814 2158 0
2925 2142 2940 2158 0
3055 2145 3070 2160 ο
3183 2143 3202 2160 0
3315 2147 3330 2161 ο
3445 2143 3462 2160 0
3569 2147 3582 2160 ι

2371 2191 2601 2247 Deerant
2629 2191 2833 2264 reliqua
2861 2194 2916 2247 in
2943 2192 3244 2265 archetypo.
3322 2215 3346 2236 ι

365 2401 3572 2432 ———————————————————————_—-———__

1192 2578 1788 2694 JOANNIS
1867 2577 2736 2726 GEOMETRIE,

1767 2814 1852 2858 UT
1878 2813 2161 2870 renum,

894 2961 1258 3026 CARMINA
1301 2959 1558 3026 VARIA
1601 2957 2079 3022 ARGUMENTI
2109 2937 2352 3022 'sacm
2399 2961 2556 3022 VEL
2591 2959 3026 3023 HISTORICI.

806 3125 965 3194 (JnA.
991 3124 1210 3188 Cnmn,
1233 3123 1478 3177 Anccdota
1506 3125 1696 3186 Graeca,
1721 3134 1781 3173 ex
1806 3123 1950 3176 codd.
1985 3120 2166 3183 Paris,
2196 3121 2413 3184 lom.-1V,
2436 3133 2489 3184 p.
2509 3121 2622 3184 265,
2642 3123 2753 3173 cod.
2795 3123 2909 3186 552,
2931 3123 3133 3188 Suppl.)

415 3422 484 3479 α’.
510 3424 612 3490 Είς
643 3420 748 3474 τὸν
776 3421 988 3490 κύριον
1014 3417 1356 3487 Νικηφόρον
1384 3417 1401 3449 ¹
1431 3417 1847 3483 τὸνβασιλέα.
1943 3451 1988 3512 c
2019 3416 2170 3472 Χιών
2198 3433 2259 3470 τε
2284 3417 2380 3470 καὶ
2413 3416 2622 3487 χάλαζα
2647 3417 2740 3471 καὶ
2771 3414 2983 3488 κρυμοῦ
3009 3415 3122 3488 βία,

335 3517 438 3584 Μὴ
475 3513 729 3586 χρώμασι
758 3511 1000 3565 ποίκιλλε
1022 3509 1287 3562 δεσπότου
1318 3510 1340 3541 ²
1363 3507 1513 3572 θέαν,

356 3607 498 3660 Ἀλλ’
531 3605 833 3674 ἀδάμαντα,
860 3602 1084 3673 χρυσὸν,
1106 3600 1367 3672 ἄργυρον,
1395 3599 1561 3665 λίθον,

335 3699 560 3754 Χαλκόν
587 3714 646 3749 τε
679 3697 776 3749 καὶ
808 3695 1024 3765 σίδηρον
1053 3693 1300 3763 ἁρμόσας
1329 3691 1470 3763 ἅμα,

339 3789 569 3857 Μόρφου
592 3786 652 3839 τὸ
679 3785 840 3855 σῶμα
860 3801 874 3816 ο
903 3785 1130 3856 καρδίαν
1163 3783 1262 3854 μὲν
1289 3782 1525 3856 χρυσέαν

341 3879 634 3951 Πρώτιστα
663 3877 888 3940 πλάττε,
914 3875 1112 3945 στέρνα
1133 3874 1388 3947 λαμπροῦ
1419 3875 1466 3928 δ’
1491 3874 1770 3948 ἀργύρου,

341 3972 546 4042 Χεῖρας
570 3970 626 4022 δὲ
657 3967 859 4040 χαλκοῦ
894 3967 990 4020 καὶ
1021 3966 1182 4035 σθένη
1222 3965 1543 4038 βραχιόνων,

339 4060 458 4128 Τὴν
493 4059 608 4126 ἰξὺν
635 4059 963 4128 ἀδάμαντος,
991 4059 1056 4111 ὲκ
1075 4057 1224 4110 λίθου
1254 4059 1440 4122 πόδας,

335 4151 577 4220 Κνήμας
600 4150 652 4202 δὲ
685 4152 780 4204 καὶ
814 4149 883 4203 τὰ
906 4149 1052 4202 νῶτα
1084 4151 1179 4202 καὶ
1208 4149 1441 4221 στερρὰν
1464 4149 1662 4219 κάραν,

337 4244 420 4296 Τὸ
451 4242 558 4294 π’ἄν
589 4242 803 4312 σιδηρᾶ.
833 4239 1022 4294 Ταῦτά
1047 4257 1136 4310 μοι
1164 4241 1500 4310 ξενοτρόπως

337 4327 519 4392 Mign;
544 4328 613 4382 τὰ
636 4330 814 4382 πάντα
841 4328 936 4381 καὶ
963 4313 1204 4398 κεράσας
1235 4330 1301 4398 τῇ
1331 4327 1516 4398 τέχνῃ,

339 4421 605 4490 Ἀγαλμα
623 4419 832 4486 καινὸν,
861 4420 1179 4490 αὐτόχυτον,
1211 4421 1477 4486 ποικίλον,

339 4512 498 4584 Ἵστη
529 4512 664 4584 πρὸς
689 4512 888 4580 αὐγὰς,
914 4511 1042 4564 ἔνθα
1076 4511 1318 4582 φλογμὸς
1342 4511 1516 4582 ἡλίου,

479 4671 533 4724 1.
567 4668 632 4723 In
658 4670 929 4724 dominum
963 4648 1322 4738 Nicephorum
1353 4668 1744 4736 imperatorem.

2016 3508 2238 3572 Τούτοις
2263 3508 2325 3561 τὸ
2359 3507 2520 3577 σῶμα
2547 3509 2808 3562 δεσπότου
2833 3509 3035 3579 τούμοῦ
3061 3513 3256 3568 τύπου.

2019 3601 2222 3670 ’Δμφω
2245 3599 2302 3652 δὲ
2325 3601 2506 3670 χεῖρες
2528 3599 2760 3670 ἐκτάδην
2789 3601 3144 3671 ἡπλωμέναι·

2017 3692 2161 3763 Πρὸς
2193 3691 2292 3760 τὴν
2315 3691 2392 3744 ἓω
2426 3691 2525 3760 μὲν
2549 3691 2698 3757 δεξιὰ
2723 3693 3042 3762 νικηφόρος,

2017 3781 2162 3853 Πρὸς
2193 3781 2347 3852 ἥλιον
2376 3781 2435 3835 δὲ
2461 3781 2553 3836 τὸν
2583 3783 2810 3836 δύνοντα
2841 3783 3067 3854 θατέρα,

1997 3873 2126 3943 λΓῆς
2154 3873 2300 3946 ἄκρα
2321 3873 2711 3940 δεικνύτωσαν,
2739 3874 2931 3945 ὥσπερ
2965 3875 3230 3929 Αὐσόνων

2021 3965 2100 4020 Οὐ
2132 3965 2256 4036 (sic)
2292 3965 2622 4036 συγχρόνους
2647 3965 2668 3998 ⁸
2704 3966 2875 4020 ἔτεινε
2914 3968 3074 4019 πέντε
3112 3967 3238 4032 τοὺς
3269 3967 3450 4040 ὅρους,

2021 4055 2244 4119 Τούτοις
2271 4056 2583 4121 ἀπεικόνιζε
2618 4055 2778 4127 σῶμα
2805 4057 3090 4113 δεσπότου.

2019 4147 2214 4218 Ψυχῆς
2243 4147 2300 4200 δὲ
2329 4147 2525 4210 κάλλος
2553 4148 2650 4201 καὶ
2675 4149 2930 4218 φρόνημα
2959 4149 3055 4202 καὶ
3079 4149 3334 4219 τρόπους,

2013 4239 2088 4292 Οὐ
2116 4237 2348 4301 πλοῦτος
2371 4237 2526 4306 ὕλης,
2559 4239 2680 4290 οὐδὲ
2709 4237 2904 4300 κάλλος
2935 4240 2999 4292 ἐκ
3023 4241 3241 4310 τέχνης,

2025 4327 2166 4381 Ἀλλ’
2196 4328 2327 4381 εἰτὸ
2361 4328 2554 4391 κάλλος
2583 4328 2680 4381 καὶ¹
2707 4327 2767 4380 τὸ
2799 4328 3004 4399 πλῆθος
3034 4331 3279 4401 ἀστέρων

2014 4419 2110 4482 Et;
2144 4417 2203 4471 ἓν
2231 4417 2482 4472 συνελθὸν
2517 4417 2613 4472 καὶ
2653 4420 2920 4486 κερασθὲν
2946 4421 3044 4473 σὺν
3074 4421 3240 4492 τέχνῃ

2027 4509 2184 4562 Ῥυέν
2213 4525 2274 4561 τε
2307 4507 2498 4580 ῥυθμῷ
2525 4507 2663 4577 πρὸς
2699 4507 2840 4579 μέρη
2868 4525 2928 4561 τε
2960 4507 3056 4560 καὶ
3082 4509 3218 4578 μέλη

2024 4663 2216 4734 glaciei
2252 4663 2420 4734 rigor,
2448 4663 2538 4718 his
2573 4676 2776 4734 corpus
2817 4665 2924 4718 mei
2957 4663 3162 4718 domini
3203 4663 3416 4732 eﬂinge.
3466 4663 3598 4719 Duae

407 4758 488 4815 Ne
525 4761 802 4815 coloribus
831 4758 1063 4829 efﬁgiem
1083 4759 1287 4813 domini
1311 4759 1511 4826 varies,
1531 4759 1622 4814 sed
1655 4759 1916 4813 adaman-
1939 4788 1994 4848 Ι)
2020 4765 2204 4813 autem
2242 4771 2438 4811 manus
2471 4765 2710 4811 extensa}
2739 4757 3108 4826 porrigantur.
3147 4753 3351 4811 Versus
3397 4755 3597 4809 orien—

337 4860 474 4912 tem,
491 4864 708 4911 aurum,
730 4855 1039 4918 argentum,
1069 4847 1322 4917 lapidem,
1339 4862 1414 4903 aes
1439 4856 1492 4902 et
1517 4847 1720 4902 ferrum
1751 4848 1918 4902 simul

340 4940 636 5009 coniunge.
665 4939 834 5008 Finge
883 4949 1065 4993 autem
1105 4955 1351 5007 corpus:
1412 4953 1508 4993 cor
1553 4939 1770 5008 quidem
1818 4955 1920 4992 au-

343 5047 500 5086 reum
534 5032 711 5101 primo
732 5031 981 5095 eﬁ‘orma,
1017 5041 1206 5100 pectus
1230 5029 1506 5101 eiulgcnti
1531 5041 1773 5100 argento,
1806 5044 1922 5083 ma-

348 5139 456 5178 nus
501 5133 678 5178 autem
707 5131 762 5178 et
816 5121 996 5177 valida
1052 5123 1278 5177 brachia
1308 5136 1374 5175 ex
1421 5137 1550 5188 aere,
1601 5123 1820 5176 lumbos
1849 5137 1916 5177 ex

339 5215 655 5280 adamante,
683 5214 850 5284 pedes
881 5228 912 5267 e
951 5213 1150 5282 lapide,
1181 5227 1362 5276 crura,
1407 5221 1554 5282 terga
1612 5221 1665 5267 et
1701 5213 1916 5265 ﬁrmum

339 5315 526 5376 caput,
565 5305 746 5359 omnia
769 5319 799 5358 e
829 5302 994 5358 ferro.
1048 5303 1316 5358 Omnibus
1355 5303 1532 5358 ruistis
1552 5311 1604 5357 et
1646 5311 1762 5358 arte
1791 5305 1918 5356 ada-

341 5400 533 5469 ptatis,
577 5405 814 5454 statuam
855 5409 1079 5459 novam,
1112 5395 1356 5464 undique
1385 5394 1658 5460 collatam,
1686 5395 1916 5459 variam,

341 5491 477 5542 siste
507 5487 574 5542 ad
615 5487 812 5552 lucem,
857 5485 949 5542 ubi
1003 5485 1166 5540 ardor
1198 5486 1328 5539 solis
1351 5493 1456 5548 est,
1484 5485 1596 5550 nix,
1632 5485 1838 5555 grando
1867 5494 1918 5541 et

413 5669 430 5698 ¹
459 5667 802 5736 Nicephorus
843 5665 1024 5725 lrenes
1075 5679 1362 5724 successor
1397 5665 1620 5722 ineunte
1647 5681 1771 5722 szcc.
1801 5681 1874 5720 Ix.
1965 5666 1998 5696 "
2033 5663 2232 5717 δεσπόυ
2269 5664 2369 5719 cod
2455 5677 2578 5718 cum
2608 5679 2638 5716 τ
2669 5678 2835 5735 super
2895 5663 3170 5734 imposito.

343 5755 474 5802 νους
507 5739 632 5794 cod.

2023 4859 2132 4906 tem
2164 4849 2352 4904 dextra
2378 4849 2661 4903 victoriam
2691 4863 2904 4918 gerens.
2937 4848 3004 4902 ad
3044 4848 3212 4902 solem
3275 4861 3406 4901 vero
3447 4849 3596 4901 occi-

2018 4942 2237 4996 dentem
2307 4940 2562 5005 sinistra,
2601 4948 2760 4994 terrae
2802 4939 3175 4993 extremitates
3205 4938 3442 4992 indicent
3490 4955 3503 5002 ;
3537 4947 3595 4990 ut

2019 5034 2384 5090 Ausoniorum
2433 5048 2543 5087 non
2573 5041 3061 5104 contemporaneos
3083 5033 3325 5087 extendit
3353 5035 3598 5102 quinque

2019 5125 2220 5180 limites
2251 5165 2266 5188 ,
2299 5125 2382 5179 his
2425 5125 2598 5194 ﬁgura
2648 5138 2852 5191 corpus
2894 5123 3120 5177 domini.
3161 5124 3368 5176 Animae
3410 5133 3591 5178 autem

2021 5216 2504 5286 pulchritudinem,
2547 5223 2600 5268 et
2633 5215 2992 5284 prudentiam,
3019 5225 3072 5268 et
3103 5229 3302 5279 mores,
3341 5229 3438 5267 nec
3473 5229 3558 5266 ma
3581 5243 3596 5252 -

2023 5309 2176 5364 teriae
2203 5307 2460 5376 pretium,
2479 5322 2580 5360 nec
2605 5305 2780 5360 forma
2809 5321 2870 5359 ex
2893 5315 3024 5368 arte,
3061 5306 3153 5360 sed
3177 5306 3222 5359 si
3247 5305 3595 5374 pulchritudo

2024 5408 2080 5452 et
2109 5395 2402 5450 multitudo
2455 5395 2806 5450 astrorumin
2867 5409 3032 5448 unum
3081 5394 3327 5458 collecta,
3363 5401 3416 5446 et
3479 5405 3596 5446 arte

2025 5487 2342 5557 conjuncta,
2377 5493 2431 5541 et
2463 5485 2566 5539 rite
2592 5483 2769 5539 infusa
2801 5499 2899 5554 per
2928 5492 3110 5554 partes
3139 5493 3193 5538 ct
3247 5484 3488 5539 membra
3537 5483 3594 5537 in

3281 5665 3302 5696 ³
3334 5665 3432 5719 σὺν
3465 5662 3594 5735 χρόα
