4080 6426
394 408 501 471 €05

407 516 648 579 Ἐλικτδς
672 514 818 585 ἄρτι,
846 510 1115 580 νεκρικῶς
1142 509 1475 580 ἐσταλμένος
1498 523 1514 538 ·

409 614 469 667 '0
498 613 624 674 δοὺς
653 610 710 663 δὲ
742 607 899 670 νίκας
929 608 1030 671 τὰς
1052 605 1190 676 ἐμὰς
1215 604 1365 675 ᾠδὰς
1398 602 1611 674 λύραις,

395 706 512 760 Νῦν
543 703 819 770 παίγνιον,
855 702 994 770 φεῦι
1031 696 1296 767 κωμικῶν
1333 694 1690 765 ἀθυρμάτων.

409 798 591 868 Ἐμῶν
622 796 680 849 δὲ
713 794 915 865 χειρῶν
948 794 983 864 ἡ
1013 792 1185 864 πυρὸς
1214 790 1348 862 πρὶν
1375 787 1597 856 ὀξύτης,

398 889 645 959 Στέρνων
676 902 734 939 τε
765 887 975 939 τούτων
1005 883 1297 955 θυμοειδὴς
1326 879 1648 952 στερῤὀτης,

400 976 601 1046 Ψυχρὰ
632 975 782 1036 κόνις
816 974 914 1027 νῦν
942 975 1039 1027 καὶ
1073 974 1263 1043 σαπρὰ
1289 970 1541 1024 δυσωδία.

402 1066 634 1129 Ἀνθους
663 1066 709 1118 δ’
738 1067 921 1118 ἐκεῖνο
947 1066 1044 1117 καὶ
1076 1064 1138 1117 τὸ
1170 1062 1367 1125 κάλλος
1400 1059 1596 1132 ὲρρύη.

403 1157 601 1210 Στολαὶ
625 1155 683 1209 δὲ
708 1155 964 1225 λαμπραὶ
995 1153 1185 1224 σχῆμα
1218 1150 1416 1223 σεμνὸν
1442 1149 1537 1202 τοῦ
1565 1147 1824 1219 κράτους,

401 1250 513 1303 Καὶ
540 1249 823 1318 σκῆπτρον
863 1245 1046 1299 καὶτὸ
1078 1246 1299 1314 στέμμα
1340 1242 1438 1296 καὶ¹
1479 1238 1717 1312 χρυσοῦς
1761 1235 1991 1307 θρόνος⁹

406 1341 598 1411 Ἐρῤει
621 1340 691 1391 τὰ
718 1338 896 1391 πάντα
921 1353 935 1365 ⁸
963 1337 1030 1406 σὴ
1061 1336 1117 1388 δὲ
1144 1334 1347 1404 φρικτή
1380 1349 1470 1402 μοι
1506 1331 1643 1401 μόνη

401 1432 632 1502 dignari],
663 1429 899 1483 δικαστά
933 1429 1028 1482 καὶ
1061 1425 1284 1498 βασιλεῦ
1312 1443 1438 1497 μου,
1470 1424 1645 1495 μένει,

409 1521 551 1591 Πρὸς
582 1522 714 1575 πᾶσι
744 1520 981 1586 τούτοις,
1013 1520 1092 1591 τῷ
1123 1518 1444 1587 κατακρίτῳ
1468 1515 1674 1586 κρίσις.

417 1611 556 1663 Ἀλλ’
582 1611 741 1665 ἵλεών
778 1628 870 1681 μοι
903 1611 1216 1680 σπλάγχνον
1245 1611 1303 1661 ἐν
1333 1608 1462 1678 δίκῃ
1491 1606 1707 1675 νέμοις·

406 1705 517 1756 Καὶ
542 1704 651 1773 γὰρ
683 1703 978 1771 Μανασσῆ,
1013 1700 1116 1753 κᾶν
1144 1701 1207 1752 τὸ
1239 1698 1446 1768 πλῆθος
1485 1694 1820 1764 σφαλμάτων

408 1794 551 1864 Νικᾷ
574 1792 634 1847 τὸ
668 1793 873 1865 πλῆθος
903 1794 1173 1864 ἀστέρων,
1206 1792 1311 1844 κᾶν
1339 1790 1440 1860 τὴν
1471 1788 1721 1858 ψάμμον,

404 1888 505 1940 Σὸν
537 1886 762 1955 πλάσμα
790 1884 967 1954 κάγὼ,
999 1885 1225 1954 πλάσμα
1261 1885 1356 1937 καὶ
1382 1882 1491 1934 σῶν
1513 1880 1818 1933 δακτύλων.

1170 1983 1241 2045 γ’.

474 2071 703 2143 Θρηνῶν
735 2071 796 2125 τὸ
826 2069 1007 2123 κοινὸν
1031 2068 1141 2122 τῶν
1170 2066 1378 2138 βροτῶν
1403 2065 1577 2129 τέλος,
1625 2065 1767 2129 ξένε,

410 2164 609 2216 Καινόν
633 2180 686 2216 τι
720 2161 1045 2231 δυστύχημα
1073 2160 1265 2230 θρήνει
1296 2158 1392 2211 καὶ
1422 2157 1620 2219 πάθος,

409 2254 667 2325 Κρύπτον
694 2253 906 2307 παλαιὰ
928 2249 1363 2320 δυστυχημάτων
1389 2247 1537 2319 πάθη
1560 2263 1577 2279 ο

408 2348 608 2418 Μήτηρ
630 2345 888 2410 θανοῦσα,
912 2343 1078 2398 παῖδα
1108 2342 1207 2396 νῦν
1232 2340 1539 2411 τεθνηκότα

414 2439 511 2491 ’ον
547 2437 787 2507 γαστρὸς
811 2435 961 2489 ἔνδον
993 2431 1258 2504 ἐξέθρεψε
1300 2432 1433 2502 πρὶν
1464 2428 1684 2500 βρέφος,

415 2532 512 2586 ’ον
537 2532 760 2601 ὶκράτει
790 2529 922 2600 πρὶν
954 2529 1254 2599 μητρικαῖς
1285 2527 1344 2579 ἐν
1368 2524 1621 2587 ὠλέναις,

417 2623 577 2693 Ἔχει
603 2620 848 2676 λαϐοῦσα
872 2619 1068 2690 νεκρὸν
1098 2619 1158 2672 ὲν
1181 2621 1301 2681 ταῖς
1328 2615 1622 2686 ἀγκάλαις.

415 2707 511 2775 Εἷς
539 2712 602 2766 τύ
612 2712 747 2782 μδος
777 2712 961 2775 αὐτοῖς
1000 2709 1199 2775 κοινὸς,
1229 2708 1307 2772 ὡς
1326 2707 1544 2779 γαστὴρ
1568 2707 1691 2779 μία.

415 2806 588 2875 Κοινὴ
614 2804 669 2857 δὲ
698 2805 904 2875 μήτηρ,
937 2801 1142 2874 μητρὸς
1172 2801 1206 2872 ἠ
1232 2801 1304 2870 γῆ
1340 2798 1436 2853 καὶ
1464 2801 1660 2853 τέκνου
1681 2814 1697 2831 ·

414 2894 605 2965 Ἀρκεῖ
640 2893 880 2965 μαλάξαι
904 2894 996 2947 καὶ
1027 2892 1194 2946 λίθων
1227 2890 1476 2962 σκληρὰν
1500 2888 1663 2959 φύσιν

413 2984 521 3038 Καὶ
549 2982 723 3036 ταῦτα
758 2983 978 3046 πάντως
1006 2999 1020 3012 ·
1054 2980 1197 3051 πλὴν
1226 2980 1289 3033 τὸ
1317 2978 1517 3050 πικρὸν
1545 2976 1642 3031 τοῦ
1672 2974 1882 3040 πάθους

414 3074 582 3129 Οὔπω
616 3075 889 3141 λέλεκται,
924 3074 1029 3130 κάν
1057 3089 1141 3138 τις
1178 3072 1263 3145 ῐδῃ
1287 3071 1525 3144 δακρύῃ.

424 3169 491 3219 Ἦ
522 3168 623 3238 μὲν
651 3168 760 3238 γὰρ
783 3166 943 3238 ἀνδρὶ
967 3165 1269 3234 συζυγεϊσα
1297 3165 1434 3235 πρὸς
1460 3163 1663 3234 γάμον,

415 3252 601 3331 Οῦπερ
624 3259 686 3312 τὸ
718 3256 914 3321 κάλλος
955 3258 1136 3310 πᾶσαν
1174 3255 1338 3324 ἥδυνε
1360 3252 1555 3323 φρένα,

1724 391 2076 454 CARMINA
2114 390 2370 453 VARIA.

2013 514 2057 567 Α
2087 504 2343 575 Κράτους
2377 502 2434 555 δὲ
2458 501 2616 572 φήμη
2654 499 2834 554 πᾶσαν
2864 496 3105 566 ἐπλήρου
3140 491 3330 562 χθόνα,

2098 595 2301 665 Ἔργον
2333 592 2604 664 μαχαίρας
2628 586 2770 643 εἶδεν
2801 588 2965 643 αὑτὸν
2994 587 3087 639 καὶ¹
3115 585 3323 652 ξίφους.

2093 685 2360 739 Τοσοῦτον
2384 687 2407 718 ⁸
2434 683 2720 753 συζήσασα
2749 680 2827 751 τῷ
2857 677 3175 748 πεφιλμένῳ

2095 778 2259 831 Ὅσον
2290 776 2490 847 φυῆναι
2530 773 2981 846 πρωτογέννητον
3003 771 3220 833 κλάδον,

2094 870 2207 924 Καὶ
2243 871 2341 922 σὺν
2376 870 2707 937 στεναγμοῖς
2740 865 3198 935 προσϐλέπουσαν
3230 863 3311 933 τῷ
3335 862 3512 930 τέκνῳ

2094 964 2332 1033 Μνήμην
2360 962 2571 1015 ἐκείνου
2597 960 2690 1014 τοῦ
2724 959 3051 1028 παθήματος
3077 956 3267 1027 φέρειν
3294 972 3308 983 ·

2099 1055 2163 1108 Ἀ
2176 1071 2302 1123 μφω
2330 1053 2769 1108 καταστένουσαν
2796 1053 2859 1103 ὲκ
2891 1048 3258 1118 θρηνημάτων
3281 1064 3296 1079 ο

2098 1145 2183 1214 Πῆ
2216 1145 2316 1214 μὲν
2340 1144 2401 1196 τὸ
2430 1145 2621 1197 τέκνον
2649 1143 2859 1211 πατρὸς
2881 1137 3321 1209 ὡρφανισμὲνον,

2096 1238 2182 1306 ﬂii
2215 1238 2260 1289 δ’
2293 1233 2360 1289 αὖ
2387 1236 2438 1303 γ’
2473 1235 2672 1304 ἑαυτὴν
2704 1233 2898 1303 ἀνδρὸς
2928 1231 3324 1302 ἐστερημένην.

2110 1328 2167 1378 '0
2196 1327 2241 1379 δ’
2273 1326 2447 1396 ὲκφὺς
2471 1325 2609 1395 αὐτῇ
2638 1323 2877 1393 πρῶτος,
2902 1323 2935 1391 ἢ
2977 1321 3178 1391 μᾶλλον
3215 1320 3397 1390 μόνος,

2101 1415 2461 1487 Ἀναδραμὼν
2487 1415 2563 1478 ὡς
2597 1415 2752 1485 ἔρνος
2779 1414 2980 1481 ὡραῖος
3008 1412 3151 1476 νέος,

2112 1511 2263 1563 Ἐπεὶ
2293 1508 2433 1579 πρὸς
2462 1507 2614 1579 ὤραν
2639 1502 2775 1579 ἧκεν
2796 1504 2985 1573 ἀκμῆς
3008 1503 3101 1556 καὶ
3124 1503 3330 1572 γάμου,

2099 1596 2244 1669 Ἦψε
2273 1600 2329 1652 δὲ
2349 1597 2610 1668 λαμπρὰς
2635 1593 2928 1664 λαμπάδας
2957 1592 3290 1661 γαμηλίους,

2100 1692 2277 1755 Εὐθὺς
2310 1692 2407 1761 μὲν
2447 1689 2712 1757 ἐστέρητο
2734 1686 2829 1738 καὶ
2858 1682 2951 1737 τοῦ
2982 1682 3220 1750 συζύγου

2101 1783 2241 1853 Μηδ’
2272 1782 2569 1850 ὲκφυέντος
2604 1778 2795 1840 παιδὸς
2827 1776 2951 1829 ἀντὶ
2984 1776 3242 1847 μητέρος.

2032 1873 2079 1930 Β
2111 1877 2291 1941 Ζήσας
2311 1873 2368 1925 δὲ
2390 1871 2577 1924 λοιπὸν
2614 1867 2810 1941 μικρὸν
2838 1866 3038 1935 ἄζυγος
3070 1867 3282 1938 χρόνον,

2103 1967 2258 2019 Ἐπεὶ
2289 1966 2404 2035 μετ’
2435 1963 2647 2034 ἀνδρῶν
2673 1960 3093 2031 συγκατηριθμη
3104 1960 3263 2030 μένος

2104 2058 2348 2129 ῐιρώτοις
2379 2056 2574 2119 ἰούλοις
2606 2054 2829 2117 ἐσκίαζε
2850 2054 2949 2124 τὴν
2971 2054 3157 2122 γένυν,

2102 2150 2214 2203 Καὶ
2246 2149 2443 2212 κάλλος
2479 2147 2656 2219 ἦνθει,
2681 2147 2777 2199 καὶ
2808 2145 3103 2216 προσώπου
3132 2143 3439 2217 τερπνότης

2106 2238 2303 2309 Ἤριζε
2335 2238 2651 2309 φαιδρότητι
2684 2239 2752 2309 τῇ
2776 2237 2886 2291 τῶν
2915 2237 3184 2307 ἀστέρων,

2108 2331 2299 2398 Ἄφνω
2333 2329 2528 2401 βαρείᾳ
2551 2329 2646 2383 καὶ
2669 2329 2987 2401 δυσαντήτῳ
3019 2328 3162 2399 νόσῳ

2106 2421 2236 2475 Ἐπὶ
2259 2420 2416 2491 ξένης
2438 2423 2542 2490 γῆς
2566 2422 2895 2476 ἐκκόπτεται
2921 2422 3036 2492 βίου
3065 2438 3081 2454 ο

2109 2515 2349 2583 ’Λωρος,
2381 2513 2564 2584 οἴμοιῑ
2600 2517 2694 2569 καὶ
2719 2515 2825 2587 πρὸ
2851 2513 3048 2585 καιροῦ
3070 2518 3169 2584 τῆς
3195 2515 3433 2589 τρύγηςο

2107 2603 2222 2658 Καὶ
2261 2604 2432 2675 μητρὶ
2461 2605 2641 2659 κοινὸν
2675 2604 3077 2678 συγκατῴκησε
3102 2607 3294 2676 τάφον·

2106 2696 2343 2751 Διπλοῦν
2371 2696 2434 2749 τὸ
2460 2696 2656 2762 πένθος
2687 2697 2797 2751 τῶν
2821 2698 3147 2769 στεναγμῶν
3178 2702 3274 2754 καὶ
3302 2700 3447 2768 γόων

2109 2791 2189 2860 Τῇ
2228 2790 2397 2861 μητρὶ
2423 2791 2631 2861 μητρὸς
2660 2792 2755 2844 καὶ
2778 2790 2971 2855 διπλᾶς
3001 2791 3173 2847 λιπὼν
3203 2794 3435 2863 φλόγας,

2109 2881 2272 2943 "litt;
2297 2880 2358 2933 τὸ
2382 2881 2572 2934 τέκνον
2603 2884 2699 2936 καὶ
2724 2882 2787 2936 τὸ
2809 2881 2904 2937 τοῦ
2930 2883 3122 2938 τέκνου
3150 2884 3343 2938 τέκνον

2124 2971 2331 3025 Ὶδοῦσα
2360 2972 2526 3043 κοινῷ
2553 2972 2651 3027 νῦν
2673 2972 2809 3045 λίθῳ
2836 2977 3223 3047 κεκρυμμένα,

2116 3063 2319 3135 Ἀλλης
2351 3065 2555 3135 Νιόϐης
2585 3066 2886 3138 δυστυχοῦς
2916 3068 3066 3123 ἕλκει
3107 3069 3246 3140 βίον,

2117 3156 2342 3225 “mpm,
2368 3157 2823 3223 πολυστένακτον,
2852 3160 3121 3214 ἀντλοῦσα
3144 3162 3359 3231 χρόνον.

2127 3248 2287 3312 ’Λλλ’,
2307 3242 2353 3302 ὦ
2375 3248 2621 3303 κάτοικοι
2654 3249 2811 3303 τοῦδε
2842 3250 2937 3305 τοῦ
2972 3252 3229 3323 λαμπροῦ
3260 3255 3451 3323 δόμου,

418 3456 577 3500 antea
636 3441 824 3496 aureis
854 3437 1153 3496 decorabat
1192 3434 1491 3505 panopliis,
1553 3449 1679 3489 mox
1740 3431 2016 3487 involutus
2039 3451 2084 3514 ρ
2120 3432 2252 3493 loris
2278 3447 2405 3502 pars
2431 3432 2684 3488 acerbior
2717 3434 2961 3489 nondum
3021 3437 3265 3505 exposita
3290 3445 3393 3502 est,
3450 3440 3704 3507 quam.“

419 3542 764 3586 mortuorum
793 3538 1024 3583 ornatus
1053 3540 1206 3596 gero,
1257 3526 1350 3593 qui
1374 3522 1499 3577 dedi
1552 3536 1706 3577 meas
1754 3520 2014 3573 victorias

417 3624 777 3681 celebrandas
802 3622 938 3693 lyra,
972 3633 1122 3674 nunc
1150 3616 1470 3683 ludibrium,
1494 3616 1598 3671 heu
1622 3616 1636 3668 ι
1662 3614 2012 3667 theatralium

420 3721 701 3774 ludorum.
743 3716 993 3770 Mearum
1047 3724 1312 3765 manuum
1380 3708 1576 3776 igneus
1633 3721 1810 3777 nuper
1839 3705 2012 3774 vigor,

419 3811 655 3883 pectoris
685 3808 844 3863 istius
872 3806 1185 3860 animosum
1221 3802 1413 3860 robur.
1445 3815 1594 3854 nunc
1632 3797 1863 3867 frigidus
1890 3796 2015 3866 pul-

431 3908 601 3961 viset
622 3902 847 3973 putidus
886 3898 1093 3953 fmlor:
1139 3894 1292 3949 ﬂoris
1345 3891 1699 3964 pulchritudo
1751 3892 1855 3945 ista
1887 3905 2016 3943 eva-

421 3999 562 4053 nuit.
618 3994 912 4065 Fulgentes
938 4003 1096 4060 togae,
1119 3987 1373 4058 egregius
1426 3985 1640 4055 imperii
1698 3991 2014 4053 apparatus,

422 4100 723 4159 sceptrum,
762 4085 1039 4147 diadema,
1070 4095 1276 4135 aureus
1338 4077 1597 4141 thronus,
1657 4075 1844 4129 omnia
1883 4089 2015 4128 eva-

423 4191 685 4239 nuerunt.
718 4178 900 4233 Tuum
932 4189 1063 4230 vero
1116 4172 1458 4227 tremendum
1517 4168 1656 4223 mihi
1699 4168 1877 4223 solum
1903 4177 2013 4220 tre-

424 4275 705 4340 mendum,
775 4286 809 4326 o
837 4269 1006 4341 judex
1036 4278 1095 4322 et
1129 4281 1224 4321 rex
1257 4280 1437 4330 meus,
1495 4271 1703 4327 manet,
1736 4270 1863 4332 post
1899 4261 2017 4315 haec

424 4367 631 4429 omnia,
660 4366 774 4435 jam
824 4362 1215 4423 condemnato,
1250 4357 1544 4429 judicium.
1588 4353 1694 4408 Sed
1722 4352 2014 4409 miseratus

424 4461 556 4516 mihi
592 4459 797 4513 viscera
842 4456 896 4509 in
928 4452 1137 4525 judicio
1160 4450 1360 4507 exhibe
1389 4465 1404 4513 ;
1437 4457 1495 4502 ut
1554 4447 1808 4501 Mauasse
1860 4443 2012 4511 regi;

424 4554 550 4609 licet
572 4551 867 4606 multitudo
892 4548 1159 4603 scelerum
1208 4551 1430 4612 superet
1456 4540 1740 4595 stellarum
1766 4535 2016 4591 multitu—

425 4647 606 4701 dinem
666 4654 720 4699 et
749 4657 947 4698 arenas
987 4638 1179 4701 maris,
1212 4645 1366 4690 tuum
1422 4647 1559 4702 opus
1611 4645 1712 4699 ego
1769 4640 2014 4698 quoque,

424 4756 672 4814 opusque
704 4741 1000 4809 digitorum
1039 4743 1281 4787 tuorum.

1216 4827 1270 4880 5.

2114 3527 2209 3595 qui
2238 3526 2433 3580 viderit
2457 3528 2809 3597 lacrymetur.
2833 3525 2971 3581 Nam
3003 3528 3121 3585 viro
3144 3530 3457 3599 nuptiarum
3491 3531 3705 3588 [ωηεν-ο

2112 3622 2325 3688 juncta,
2365 3618 2529 3689 cujus
2573 3621 2931 3690 pulchritudo
2958 3622 3197 3692 [omnem
3248 3624 3488 3678 animam
3551 3624 3706 3681 dele-

2116 3714 2318 3779 crabat,
2389 3713 2747 3767 victoriarum
2781 3712 2950 3783 ,fama
3037 3722 3214 3768 totum
3308 3715 3552 3784 replebat
3612 3732 3707 3773 or-

2121 3807 2264 3870 bem,
2293 3805 2572 3859 victimam
2596 3804 2760 3874 gladii
2785 3806 2922 3860 vidit
2955 3806 3106 3859 illum
3151 3817 3205 3861 et
3234 3806 3384 3864 ensis
3425 3824 3441 3872 ;
3490 3815 3704 3864 tantum

2120 3899 2334 3953 vixerat
2357 3913 2483 3953 cum
2506 3907 2692 3952 amato
2733 3898 2968 3967 conjuge
3001 3907 3058 3951 ut
3112 3897 3542 3969 primogenitum
3588 3916 3717 3955 sur-

2118 3989 2304 4044 culum
2333 3988 2681 4057 produceret.
2717 3987 2930 4043 Etcum
2976 3988 3270 4058 gemitibus
3328 3996 3518 4043 natum
3557 4005 3707 4058 aspi-

2118 4083 2375 4142 cientcm.
2395 4081 2537 4136 ferre
2553 4082 2843 4150 oportebat
2867 4081 3031 4149 hujus
3049 4078 3333 4139 infortunii
3356 4082 3705 4149 memoriam,

2118 4178 2311 4233 ambos
2342 4176 2600 4247 lacrymis
2645 4174 3042 4244 deplorantem.
3097 4172 3199 4228 Hic
3249 4175 3470 4245 quidem
3491 4188 3705 4245 natum,

2118 4282 2275 4344 patre
2311 4272 2587 4336 orbatum,
2630 4270 2742 4324 illic
2779 4283 2910 4322 vero
2951 4268 3188 4337 seipsam
3229 4268 3349 4323 viro
3402 4269 3705 4328 viduatam.

2121 4365 2215 4419 Ille
2262 4373 2445 4419 autem
2478 4377 2643 4433 quem
2689 4362 2926 4431 primum
2968 4360 3202 4431 peperit,
3251 4370 3346 4415 aut
3373 4363 3555 4432 potius
3586 4365 3710 4420 uni-

2117 4476 2264 4522 cum,
2294 4473 2548 4513 crescens
2578 4468 2637 4511 ut
2663 4456 2889 4526 pulchra
2926 4462 2982 4509 et
3013 4462 3201 4508 tenera
3239 4455 3444 4524 planta,
3479 4472 3604 4509 rum
3636 4457 3708 4512 ad

2117 4558 2332 4609 aetatem
2357 4552 2507 4607 venit
2529 4550 2913 4606 adolescentiae
2944 4558 2997 4603 et
3031 4548 3377 4617 nuptiarum,
3425 4551 3708 4605 accendit-

2119 4657 2229 4713 que
2258 4640 2533 4710 fulgentes
2561 4638 2833 4711 hymenaei
2873 4637 3067 4703 taedas,
3096 4637 3281 4691 statim
3346 4640 3601 4695 viduatus
3626 4650 3712 4695 cst

2119 4736 2374 4806 conjuge,
2396 4734 2543 4788 nullo
2561 4734 2753 4788 relicto
2772 4746 2872 4802 pro
2893 4742 3069 4786 matre
3087 4744 3278 4800 puero.
3311 4728 3511 4787 Vivens
3527 4744 3708 4788 autem

2040 4850 2096 4911 Β
2123 4836 2313 4899 postea
2343 4826 2563 4881 brevem
2597 4826 2715 4879 sine
2736 4823 2993 4893 conjugio
3014 4822 3204 4889 vitam,
3240 4838 3364 4877 cum
3410 4824 3527 4894 jam
3577 4825 3710 4879 viris

496 4928 712 4984 Deﬂcns
740 4936 1091 4981 communem
1111 4917 1424 4974 mortalium
1455 4916 1642 4977 “nem.
1679 4912 1878 4975 Viam".
1915 4926 2012 4966 I10—
2120 4928 2517 4976 auuumeratus
2561 4916 2752 4986 primis
2795 4915 3153 4969 adumbraret
3216 4915 3341 4982 pilis
3409 4929 3600 4982 genas,
3654 4924 3709 4966 et

425 5037 555 5077 vum
585 5018 859 5091 quoddam
899 5012 1262 5069 infortunium
1302 5018 1357 5063 et
1385 5008 1632 5062 dolorem
1663 5003 1822 5065 deﬂe,
1864 5011 2014 5056 vete-

431 5130 556 5170 rum
586 5111 1018 5167 infortuniorum
1047 5105 1268 5161 dolores
1298 5103 1629 5156 vincentem.
1679 5097 1846 5151 Mater
1866 5110 2015 5149 mor-

427 5218 544 5276 tua,
583 5209 751 5262 ﬁlium
794 5221 943 5259 nunc
979 5210 1282 5266 mortuum,
1316 5210 1479 5268 quem
1520 5203 1679 5249 antea
1711 5190 1853 5245 intra
1895 5200 2015 5243 ute-

427 5318 549 5356 rum
578 5300 840 5354 infantem
861 5296 1018 5358 aluit,
1047 5309 1208 5368 quem
1242 5299 1402 5344 antea
1427 5287 1692 5343 maternis
1719 5283 1867 5337 ulnis
1916 5296 2011 5351 ge-

431 5395 632 5453 stabat.
660 5401 811 5446 tenet
867 5396 1147 5443 mortuum
1174 5381 1416 5440 brachiis
1468 5378 1828 5447 amplectens.
1862 5371 2016 5428 Unus

433 5490 517 5541 his
533 5484 842 5541 communis
876 5481 1146 5543 tumulus,
1172 5490 1232 5532 ut
1266 5485 1452 5530 venter
1472 5487 1617 5526 unus
1639 5511 1654 5536 ,
1680 5466 2017 5523 communis-

431 5596 539 5651 que
564 5590 757 5640 mater,
792 5574 985 5629 matris
1018 5586 1070 5627 et
1103 5571 1197 5625 tilii
1245 5582 1391 5623 terra
1423 5588 1435 5622 :
1471 5566 1589 5619 haec
1633 5561 1818 5617 omnia
1871 5558 2021 5613 sufli-

430 5676 585 5730 ciunt
603 5670 845 5742 lapidum
878 5668 1072 5722 duram
1096 5674 1351 5720 naturam
1381 5659 1631 5724 mollire;
1657 5664 1894 5709 attamen
1920 5651 2021 5706 do—

503 5859 526 5891 ’
555 5855 782 5913 τοσοῦτο
808 5851 934 5907 cod.

754 5950 1028 6009 Pnaon.
1066 5944 1185 6003 Gn.
1220 5938 1370 5999 CVI.

2118 5014 2292 5068 forma
2326 5012 2545 5067 floreret
2594 5020 2651 5065 et
2682 5008 2865 5063 vultus
2891 5006 3085 5076 gratia,
3114 5005 3400 5074 nitoreque
3431 5014 3706 5059 astrorum

2119 5109 2350 5162 nitorem
2372 5105 2635 5167 vinceret,
2654 5108 2875 5170 repente
2904 5099 3054 5168 gravi
3074 5107 3129 5151 et
3152 5096 3483 5151 intolerabili
3512 5099 3707 5149 morbo

2117 5203 2170 5255 in
2203 5213 2347 5255 terra
2374 5199 2547 5252 aliena
2565 5194 2718 5248 evita
2748 5191 2977 5253 tollitur,
2997 5199 3124 5242 ante
3148 5188 3318 5251 diem,
3346 5188 3472 5241 heu!
3496 5197 3550 5239 ct
3571 5198 3709 5239 tem-

2117 5307 2223 5361 pus
2265 5279 2900 5347 Inaturitatis,etmatris
2916 5292 3209 5332 commune
3243 5275 3706 5342 habitavitsepul-

2118 5378 2583 5449 crum.Duplicem
2602 5376 2840 5444 lacryma
2850 5385 2969 5424 rum
2983 5376 3035 5423 et
3047 5370 3347 5438 gemituum
3363 5365 3708 5434 Iuctumlma»

2121 5479 2221 5533 tris
2239 5474 2400 5530 matri
2425 5469 2707 5541 linquebat
2722 5476 2775 5521 et
2792 5465 3063 5534 duplicem
3085 5462 3495 5528 dolorem,qua:
3533 5460 3704 5512 tilium

2121 5578 2175 5623 ct
2206 5566 2302 5621 lilii
2336 5564 2506 5617 filium
2532 5560 2723 5614 videns
2751 5552 3033 5611 communi
3070 5565 3217 5605 nunc
3245 5549 3423 5618 lapide
3454 5545 3707 5601 recondi-

2125 5676 2231 5732 tos,
2261 5659 2490 5716 alterius
2510 5656 2714 5712 Niobes
2742 5652 3003 5709 miseram
3033 5648 3197 5704 vitam
3222 5645 3409 5711 trahit,
3428 5658 3705 5710 amarunt,

3340 5892 3421 5953 29
