4080 6470
468 413 574 474 907

463 523 639 594 Χορὸς
672 522 951 593 φιλάγνων
978 525 1233 579 πανθέων
1262 526 1305 557 ¹⁶
1346 526 1754 599 σεμνοτρόπων,

475 617 535 668 '0
567 617 669 687 μὲν
690 616 969 687 τεθνηκὼς
1006 615 1276 682 δεξιοῦται
1316 619 1597 683 πλουσίοις

469 711 649 780 ’Υμᾶς
682 710 989 773 ταλάντοις,
1021 710 1100 774 ὡς
1124 711 1192 763 ἂν
1218 711 1382 764 αὑτοῦ
1413 712 1508 765 τὸν
1533 713 1706 781 τάφον

456 802 688 870 Συχναῖς
716 802 1142 855 ὲπισκέπτοισθε
1169 802 1210 834 ¹¹
1248 802 1704 874 λαμπαδουχίαις.

470 891 657 961 Ύμῶν
685 891 743 944 δὲ
777 895 938 962 μήτις
967 894 1117 947 τόνδε
1149 897 1365 966 κινήσοι
1392 895 1561 963 λίθον,

450 983 603 1051 Μηδὲ
636 984 896 1054 φθονήσοι
922 986 1085 1056 τῆσδε
1108 986 1207 1056 τῆς
1240 987 1559 1057 συσκηνίας.

450 1076 661 1138 Μόνους
683 1076 743 1128 δὲ
783 1075 1018 1146 κρύπτοι
1048 1078 1210 1130 παῖδα
1237 1079 1331 1130 καὶ
1358 1078 1456 1147 τὴν
1487 1078 1702 1149 μητέρα
1721 1094 1735 1109 ’

461 1167 547 1228 Ὠς
581 1165 646 1219 ἂν
674 1165 857 1229 καθὼς
889 1167 1000 1219 πᾶν
1019 1167 1181 1236 ἔσχεν
1207 1169 1242 1238 ή
1276 1168 1456 1238 μήτηρ
1483 1168 1600 1235 νέα,

447 1255 604 1308 Οὕτω
636 1256 799 1308 πάλιν
828 1256 1086 1322 θανοῦσα,
1121 1260 1379 1332 συμμένῃ
1414 1259 1583 1329 μόνῳ.

445 1349 508 1400 Et
540 1348 594 1401 δὲ
627 1350 764 1419 πρὸς
795 1350 947 1403 οὐδὲν
976 1351 1126 1403 τόνδε
1155 1351 1268 1415 θείς
1299 1369 1383 1415 τις
1424 1353 1468 1383 ⁸³
1492 1353 1584 1405 τὸν
1613 1353 1803 1423 νόμον,

445 1442 630 1495 Κινεῖν
661 1441 837 1494 ἓλοιτο
859 1442 1008 1495 τόνδε
1042 1443 1139 1495 τὸν
1170 1443 1352 1497 κοινὸν
1379 1444 1551 1511 λίθον,

442 1530 516 1581 Τὸ
538 1529 639 1600 τῆς
674 1530 936 1601 Προνοίας
958 1531 1114 1601 ὖμμα
1142 1532 1385 1603 τιμωρὸν
1407 1532 1585 1597 λάϐοι,

441 1621 554 1674 Καὶ
581 1620 693 1691 πῦρ
729 1621 978 1691 γεέννης,
1012 1622 1106 1674 καὶ
1137 1622 1200 1674 τὸ
1221 1623 1320 1692 τῆς
1346 1622 1504 1692 δίκης
1536 1622 1712 1694 ξίφος.

652 1735 716 1791 δ’.
744 1737 849 1801 Εἰς
882 1736 998 1804 τὴν
1040 1736 1326 1806 κοίμησιν
1355 1736 1468 1805 τῆς
1497 1738 1812 1792 Θεοτόκου.

437 1850 566 1914 Σαϊς
591 1849 897 1919 ὴγκαλίζου
922 1850 1054 1921 πρίν
1084 1867 1152 1920 με
1183 1849 1363 1921 χερσὶ,
1403 1850 1674 1921 Παρθένε,

435 1941 615 2012 Θηλῆς
650 1941 707 1994 δὲ
744 1941 843 2011 σῆς
867 1940 1082 1993 ἔσπασα
1119 1942 1386 2013 μητρικὸν
1412 1941 1575 2010 γάλα.

434 2033 509 2085 Τὸ
538 2032 759 2102 πνεῦμὰ
793 2050 887 2086 σου
919 2031 1015 2086 νῦν
1046 2033 1208 2097 αὐτὸς
1236 2032 1664 2105 ηγκαλισμένος,

433 2124 508 2178 Τδ
548 2125 708 2193 σῶμα
738 2125 942 2194 πέμπω
973 2125 1114 2197 πρὸς
1138 2126 1350 2197 τρυφῆς
1382 2125 1443 2177 τὸ
1466 2125 1686 2197 χωρίον.

853 2238 916 2295 ε’.
958 2242 1061 2305 Εἰς
1096 2239 1213 2306 τὴν
1243 2240 1615 2296 ἀπόστασιν.

428 2351 566 2417 Νῦν,
599 2352 820 2422 οὖρανὲ,
849 2352 1117 2418 στάλαξον
1146 2353 1388 2426 δμὸρους
1415 2352 1671 2425 αἱμάτων
1690 2369 1705 2382 ⁸

439 2446 593 2515 ’Λὴρ,
634 2445 960 2516 ἐπενδύθητι
994 2446 1261 2518 πένθιμον
1293 2448 1483 2511 σκότος
1504 2463 1521 2478 ·

438 2538 501 2589 Ἦ
528 2538 622 2607 γῆ,
654 2536 1027 2608 καταξάνοητι
1055 2538 1152 2591 καὶ
1186 2539 1390 2610 ράγηθί
1416 2557 1530 2610 μοι,

426 2630 607 2699 Κόψον
637 2630 705 2683 τὰ
732 2630 953 2700 δένδρα,
979 2631 1139 2701 ῥῖψον
1159 2628 1249 2685 οἷα
1278 2632 1634 2705 βοστρύχους,

425 2722 599 2791 ,Ὅλην
637 2721 832 2791 στολὴν
869 2722 1131 2792 μέλαιναν
1157 2723 1281 2777 ἀντὶ
1312 2725 1416 2794 τῆς
1448 2726 1638 2796 χλόηςν

423 2816 496 2867 Τὸ
533 2814 626 2867 σὸν
656 2815 951 2885 πρόσωπον
990 2816 1336 2885 ἀμφιέσασα,
1373 2820 1554 2871 στένε.

421 2908 498 2961 Τὸ
527 2909 786 2977 συγγενὲς
815 2907 917 2978 μὲν
936 2902 1076 2978 αἷμα
1112 2911 1297 2963 πᾶσαν
1328 2909 1427 2979 τὴν
1457 2908 1579 2962 Ἕω

423 3002 646 3073 Πρῶτον
678 3002 853 3072 μένει,
892 3003 985 3055 καὶ
1029 3003 1311 3072 μερίζεται
1343 3002 1499 3070 ξίφος

419 3096 499 3148 Τὰ
534 3094 780 3164 συμφυῆ,
809 3093 911 3160 φεῦ
939 3097 952 3149 l
982 3095 1078 3147 καὶ⁵
1106 3095 1238 3164 γένη
1266 3111 1326 3146 τε
1353 3095 1450 3148 καὶ
1470 3091 1629 3165 μέλη.

418 3188 612 3257 Πατὴρ
655 3185 755 3257 μὲν
788 3187 931 3257 ὀργᾷ
957 3187 1095 3256 πρὸς
1134 3184 1353 3256 σφαγὴν
1384 3185 1496 3237 τῶν
1530 3184 1839 3256 φιλτάτων

1744 416 2063 482 JOANNIS
2100 421 2536 489 GEOMETRIE

2080 547 2123 601 Α
2155 538 2265 590 Καὶ
2288 538 2469 604 δεξιὰν
2496 542 2628 604 παῖς
2652 541 2906 613 πατρικῷ
2938 544 3150 615 χραίνει
3176 543 3322 614 φόνῳ
3347 560 3358 572 ·

2150 630 2305 698 Λίρει
2327 631 2383 685 δὲ
2421 633 2513 684 καὶ
2540 634 2845 705 μάχαιραν,
2871 635 2917 688 ὣ
2943 636 3146 707 πικροῦ
3179 636 3420 701 πάθουςί

2162 720 2327 791 Ἀνὴρ
2354 722 2581 791 ἀδελφὸς
2611 726 2691 789 είς
2718 726 2953 795 ἀδελφοῦ
2979 728 3208 799 καρδίαν
3230 743 3246 759 ⁵

2162 813 2224 865 'il
2254 816 2323 885 γῆ
2358 815 2415 868 δὲ
2453 814 2670 880 πολλοῖς
2701 820 3151 891 συσπαραχθεῖσα
3173 824 3418 894 τρόμοις,

2148 904 2316 958 Κάτω
2340 906 2598 973 δονεῖται,
2620 909 2717 962 καὶ
2743 912 3029 981 κεραυνῶν
3058 915 3115 967 αί
3144 914 3343 985 φλόγες

2154 998 2397 1051 Ἀνωθεν
2430 1002 2602 1072 αὐτὴν
2628 1004 2954 1075 ὲκτεφροῦσι
2982 1005 3082 1077 τὴν
3106 1008 3275 1064 κόνιν.

2146 1091 2335 1155 Πόλεις
2359 1092 2416 1146 δὲ
2445 1093 2642 1165 ῥώμης
2669 1096 2768 1160 τὰς
2792 1098 3046 1164 ἐπάλξεις
3078 1100 3156 1164 ὡς
3175 1103 3355 1173 κόμας

2145 1182 2290 1253 Πρὸς
2319 1185 2421 1255 γῆν
2455 1186 2720 1257 βαλοῦσαι
2759 1189 2855 1242 καὶ
2886 1184 3441 1263 κατεσπαραγμέναι,

2140 1276 2453 1345 θρηνοῦσαι
2489 1279 2711 1348 πικρὸν,
2732 1276 2820 1333 οἷα
2852 1281 3104 1350 πένθιμοι
3135 1283 3315 1354 κόραι.

2140 1367 2203 1418 Ui
2236 1367 2338 1436 τῆς
2366 1369 2547 1439 Ἀγαρ
2581 1370 2875 1440 κρατοῦσιν
2894 1389 2911 1402 ·
2942 1374 3000 1425 αἱ
3026 1373 3195 1427 πάλαι
3221 1375 3408 1440 πόλεις

2136 1457 2337 1525 Φόρους
2368 1456 2642 1522 τελοῦσαι,
2674 1460 2786 1512 τῶν
2804 1460 2925 1513 καθ’
2953 1461 3112 1532 ἡμῶν
3143 1461 3240 1515 νῦν
3270 1461 3457 1531 φόνων

2135 1547 2360 1600 Λίτοῦσι
2390 1549 2617 1619 μισθοὺς
2650 1542 2747 1603 ’καὶ
2777 1551 3063 1621 χορεύουσι
3094 1554 3259 1623 μέγα.

2134 1639 2244 1693 Καὶ
2273 1639 2446 1692 ταῦτα
2481 1640 2581 1710 μὲν
2614 1642 2679 1712 δὴ
2704 1642 2877 1696 ταῦτα
2906 1644 3042 1714 πρὸς
3072 1644 3171 1715 τὴν
3201 1644 3340 1699 Ἕω.

2132 1728 2214 1780 Τὰ
2241 1730 2379 1799 πρὸς
2406 1727 2572 1782 Δύσιν
2600 1730 2678 1795 δὲ,
2708 1734 2860 1794 ποῖος
2883 1731 3089 1796 ἐξείποι
3112 1732 3267 1801 λόγος
3291 1750 3307 1799 ;

2132 1819 2361 1873 Σκυθῶν
2390 1821 2491 1891 μὲν
2524 1822 2697 1893 αὐτὴν
2726 1824 2953 1894 πλῆθος,
2985 1824 3060 1887 ὡς
3096 1823 3197 1895 μὲν
3229 1825 3469 1897 πατρίδα

2062 1896 2104 1951 Β
2133 1907 2418 1979 Διατρέχει
2445 1925 2506 1962 τε
2538 1910 2635 1963 καὶ
2658 1912 2973 1983 περιτρέχει
2996 1912 3183 1984 κύκλῳ
3207 1930 3251 1972 ο.

2142 1997 2230 2061 Ὧς
2258 1999 2362 2070 γῆν
2390 1999 2446 2052 δὲ
2475 1999 2879 2070 βλαστάνουσαν
2909 2004 3151 2071 εὐγενεῖς
3175 2004 3404 2070 κλάδους

2130 2087 2367 2159 Ἀνδρῶν
2396 2090 2686 2163 ἁτρέπτων
2711 2092 2807 2145 καὶ
2842 2092 3103 2163 σιδηρέαν
3133 2093 3295 2162 φύσιν

2128 2179 2436 2251 Πρόρριζον
2464 2183 2814 2252 ἐπιτέμνουσι,
2847 2181 2945 2236 καὶ⁸
2983 2182 3201 2254 βρεφῶν
3226 2185 3363 2257 γένη

2125 2273 2290 2340 Ξίφος
2320 2273 2531 2344 μερίζει
2552 2290 2567 2305 θ
2601 2277 2698 2328 καὶ
2724 2275 2797 2329 τά
2826 2275 2927 2346 μιν
2952 2278 3139 2346 μήτηρ
3166 2276 3305 2348 ἔχει,

2124 2359 2203 2412 Τὰ
2224 2359 2269 2411 δ’
2298 2360 2491 2431 ἐχθρὸς
2519 2360 2789 2425 ἐξέσπασε
2823 2363 2931 2417 τῶν
2963 2363 3136 2435 βελῶν
3164 2364 3280 2437 βία.

2121 2447 2188 2499 Αἱ
2215 2446 2273 2499 δὲ
2300 2451 2562 2518 κραταιαὶ
2584 2450 2715 2517 πρὶν
2743 2450 2947 2519 πόλεις,
2989 2453 3161 2525 λεπτὴ
3192 2454 3366 2519 κόνις.

2132 2542 2525 2611 Ἰπποτρόφους
2553 2544 2610 2598 δὲ
2647 2545 2747 2609 τὰς
2779 2547 2912 2619 πρὶν
2942 2549 3465 2623 άνθρωποτρόφους,

2120 2632 2282 2703 Οῖμοι
2309 2634 2323 2686 l
2358 2633 2572 2703 βλέπων
2603 2635 2697 2691 νῦν
2720 2637 2839 2701 πῶς
2869 2639 3155 2712 παύσομαι
3183 2641 3475 2714 δακρύων;

2118 2726 2310 2797 Χῶραι
2341 2727 2441 2797 μὲν
2470 2728 2619 2784 οὕτω
2640 2732 3052 2803 πυρπολοῦνται
3074 2736 3169 2789 καὶ
3204 2737 3363 2790 τόποι

2117 2820 2191 2872 Σὺ
2220 2819 2299 2884 δ’,
2325 2822 2357 2890 ὴ
2385 2819 2593 2890 βασιλὶς
2616 2823 2711 2875 τοῦ
2746 2824 3018 2890 Βύζαντος
3041 2827 3221 2893 ἑστία,

2116 2908 2227 2961 Ποῦ
2257 2925 2347 2977 μοι
2376 2908 2546 2979 τύχης
2570 2909 2835 2981 ἕστηκας,
2865 2915 2989 2968 είπέ
3016 2919 3143 2985 μοι,“
3172 2916 3351 2982 πόλις,

2114 2999 2279 3063 Πόλις
2307 3003 2498 3064 κακοῖς
2523 3003 2824 3072 κρατοῦσα,
2850 3008 2964 3070 τοῖς
2998 3006 3184 3072 καλοῖς
3217 3010 3343 3064 ὅσον

2111 3091 2341 3147 Νικῶσα
2370 3093 2430 3146 τὸ
2457 3096 2624 3165 πρίν;
2654 3094 2734 3150 Οὐ
2774 3096 2938 3170 κλονῇ
2970 3100 3012 3131 ¹³
3040 3100 3163 3154 καθ’
3192 3103 3409 3174 ἡμέραν
3427 3143 3450 3170 ,

2114 3185 2190 3237 οὐ
2223 3184 2402 3257 βάθρα
2431 3186 2623 3240 πίπτει
2649 3188 2746 3241 καὶ
2768 3191 3156 3261 σπαράσσεται
3184 3194 3415 3265 τρόμῳ;

415 3369 771 3439 lacrymabilc
791 3375 1009 3438 tempus
1038 3364 1339 3423 Sustinens.
1366 3364 1495 3431 Sed,
1518 3381 1688 3433 ovos,
1706 3364 1799 3436 qui
1823 3364 2010 3435 splen-
2031 3376 2075 3435 ο
2116 3366 2372 3436 inquinat
2404 3383 2537 3423 nece
2585 3386 2601 3423 :
2631 3368 2745 3439 ﬁgit
2801 3378 2983 3423 autem
3036 3370 3303 3439 gladium,
3338 3385 3373 3425 o
3431 3371 3697 3427 acerbum

420 3461 605 3515 didam
642 3462 785 3516 hanc
811 3462 1036 3514 domum
1066 3459 1327 3526 incolitis,
1364 3468 1643 3516 castorum
1670 3472 1725 3516 et
1772 3468 2000 3517 sancto-

418 3570 540 3608 rum
574 3554 875 3609 illustrium
892 3561 1134 3616 caterva,
1163 3562 1417 3608 mortuus
1444 3568 1547 3608 vos
1570 3552 1834 3609 divitibus
1865 3567 1991 3609 cum

417 3648 695 3702 thesauris
722 3645 859 3709 adit,
908 3654 970 3698 ut
1002 3643 1152 3697 illius
1172 3643 1486 3713 sepulcrum
1512 3645 1830 3700 numerosis
1856 3659 2001 3700 con-

419 3739 621 3808 tegatis
664 3736 1028 3806 lampadibus.
1092 3734 1343 3790 Vestrum
1398 3748 1581 3790 autem
1635 3736 1821 3793 nuilus
1853 3738 2003 3796 hunc

417 3838 631 3884 moveat
655 3829 909 3898 lapidem,
959 3841 1136 3896 neque
1179 3827 1253 3880 illi
1309 3826 1551 3881 invideat
1600 3829 1999 3899 contubernio;

413 3924 561 3977 solos
590 3931 772 3974 autem
791 3920 1051 3974 recondat
1075 3920 1245 3974 filium
1263 3929 1315 3975 et
1332 3927 1561 3974 matrem
1584 3936 1601 3972 ι
1628 3928 1708 3988 ut,
1733 3922 1878 3976 sicut
1900 3938 2003 3993 pro

412 4024 529 4069 toto
557 4029 682 4067 cum
735 4012 925 4068 habuit
947 4025 1140 4068 recens
1183 4021 1386 4078 mater,
1412 4012 1488 4067 ita
1547 4021 1768 4067 mortua
1798 4013 1999 4069 iterum

410 4123 536 4161 eum
568 4105 687 4160 solo
730 4114 972 4161 maneat.
1003 4104 1060 4159 Si
1096 4105 1222 4175 quis
1246 4113 1429 4159 autem
1456 4117 1557 4175 pro
1600 4104 1772 4159 nihilo
1821 4105 2001 4176 legem

413 4200 555 4252 hanc
588 4208 872 4267 reputans,
900 4212 1120 4254 movere
1150 4198 1457 4267 susceperit
1475 4211 1827 4252 communem
1850 4197 1998 4255 liunc

408 4292 665 4360 lapidem,
700 4292 919 4345 oculum
957 4290 1327 4345 Providentia:
1354 4289 1626 4345 vindicem
1674 4288 1784 4344 sibi
1832 4304 1995 4346 assu-

408 4391 543 4447 mat,
566 4382 820 4452 etignem
862 4386 1147 4453 gehennae,
1181 4381 1482 4452 etjustitiae
1515 4381 1778 4451 gladium.

771 4481 826 4535 4.
863 4480 928 4531 In
959 4476 1328 4529 dormitionem
1374 4474 1639 4544 Deipam.

478 4574 615 4630 Tuis
662 4568 1085 4641 amplectebaris
1130 4581 1219 4621 me
1270 4566 1425 4635 prius
1478 4565 1758 4630 munibus,
1802 4563 1992 4637 Virgo,

2108 3460 2393 3515 dolorem!
2447 3460 2615 3516 frater
2668 3462 2723 3515 in
2782 3460 2971 3516 fratris
3038 3471 3251 3531 pectus.
3287 3460 3456 3517 Terra
3507 3463 3695 3519 multis

2107 3552 2308 3621 agitata
2359 3552 2692 3609 tremoribus
2745 3553 3007 3608 deorsum
3068 3554 3347 3618 fertur,et
3390 3555 3695 3609 tonitruum

2107 3642 2263 3711 ignes
2317 3644 2611 3699 desursum
2662 3648 2840 3714 ipsum
2899 3644 3209 3700 ineinerant
3245 3645 3549 3714 pulverem.
3589 3646 3692 3701 Ur—

2106 3733 2203 3789 bes
2222 3742 2403 3789 autem
2445 3735 2658 3791 roboris
2699 3735 3057 3791 munimentis
3096 3745 3154 3791 ut
3182 3736 3357 3790 comis
3407 3738 3473 3791 ad
3507 3739 3693 3793 solum

2106 3825 2334 3895 deiectis
2365 3836 2420 3881 et
2457 3827 2679 3891 dirutis,
2700 3843 2885 3883 amare
2910 3828 3283 3900 lacrymantur
3319 3839 3376 3883 ut
3402 3829 3696 3886 luctuariz

2104 3922 2369 3991 virgines.
2400 3920 2523 3976 Filii
2562 3924 2709 3992 Agar
2737 3922 3001 3988 vincunt;
3029 3937 3152 3992 quae
3209 3923 3342 3977 olim
3378 3924 3542 3979 urbes
3587 3925 3689 3977 tri-

2105 4013 2236 4066 buta
2266 4012 2576 4077 solvebant,
2598 4028 2742 4067 nunc
2771 4022 2966 4069 contra
2998 4027 3100 4068 nos
3115 4013 3350 4067 cadium
3377 4014 3689 4067 mercedem

2103 4114 2298 4176 rogant
2355 4114 2411 4160 et
2476 4106 2678 4177 gaudio
2719 4106 3025 4161 exsultant.
3058 4104 3124 4161 Et
3159 4105 3275 4161 hac
3336 4106 3555 4176 quidem
3614 4107 3685 4161 ad

2099 4197 2402 4252 Orientem.
2438 4196 2544 4253 Sed
2576 4213 2698 4268 qua:
2739 4197 3198 4265 adtiecidentem,
3241 4213 3490 4269 quanam
3537 4199 3683 4255 dicet

2101 4292 2317 4346 oratio?
2356 4290 2683 4362 Scytharum
2743 4291 3039 4346 munitudo
3089 4291 3233 4347 hanc
3291 4292 3569 4363 regionem
3620 4302 3683 4346 ut

2098 4399 2257 4438 suam
2301 4384 2534 4455 patriam
2572 4383 2868 4453 perlustrat
2912 4392 2967 4439 et
3015 4383 3322 4440 circulatim
3380 4385 3679 4441 eircumlu~
3754 4460 3757 4461 ν

2095 4484 2357 4540 Strat;ut
2384 4484 2585 4530 terram
2619 4476 3014 4545 producentem
3055 4475 3265 4531 nobiie$
3297 4476 3546 4531 surculos
3574 4477 3675 4530 ho-

2096 4570 2313 4623 minum
2376 4569 2704 4624 invictarum
2745 4577 2802 4624 et
2838 4568 3073 4624 ferream
3115 4578 3366 4623 naturam
3415 4568 3678 4623 radicitus

406 4683 473 4720 ex
524 4668 694 4720 ubere
734 4671 916 4717 autem
947 4670 1042 4714 tuo
1072 4658 1487 4713 matcrnumlac
1518 4659 1799 4728 surgebam.
1836 4658 1995 4714 Nunc
2027 4722 2061 4730 _
2103 4661 2367 4724 avellunt,
2409 4669 2464 4715 et
2502 4659 2797 4715 infantium
2832 4668 3046 4715 aetatem
3090 4660 3305 4730 gladius
3337 4658 3480 4713 tollit
3515 4678 3529 4714 :
3573 4658 3679 4714 hos

408 4758 650 4811 animam
675 4765 827 4809 tuam
863 4754 983 4822 ipso
1008 4751 1323 4821 amplexus,
1345 4764 1549 4819 corpus
1593 4753 1755 4804 mitto
1792 4750 1860 4804 ad
1900 4765 1992 4805 se-
2026 4750 2070 4777 ”
2099 4753 2325 4821 quidem
2361 4760 2536 4805 mater
2572 4752 2756 4816 habet,
2784 4751 2907 4806 illos
2930 4761 3112 4806 autem
3150 4751 3325 4806 hostis
3351 4751 3552 4821 eripuit
3582 4765 3673 4808 sa-

404 4851 527 4904 dem
559 4847 902 4904 deliciarum.

936 4938 990 4991 5.
1029 4935 1097 4991 In
1134 4936 1459 5006 apostasim.

474 5033 657 5097 Nune,
690 5032 915 5095 cmlum,
939 5030 1117 5084 irrora
1143 5028 1373 5082 imbrem
1406 5026 1713 5096 sanguinis,
1774 5040 1867 5081 aer
1908 5026 1993 5080 lu-

403 5138 526 5183 ctus
561 5127 683 5180 velo
716 5123 1096 5187 obnubiletur,
1133 5121 1295 5176 tellus
1334 5121 1612 5190 aperiatur
1633 5128 1688 5174 et
1725 5118 1861 5173 mihi
1892 5120 1986 5173 de-

2092 4843 2240 4911 gittis
2268 4845 2375 4897 vim
2408 4842 2673 4897 inferens.
2701 4841 2832 4907 Qum
2864 4842 2992 4896 olim
3026 4848 3274 4912 potentes
3306 4841 3467 4896 urbes
3495 4851 3676 4908 erant,

2092 4952 2238 4989 nunc
2262 4935 2398 4990 levis
2426 4935 2609 5003 pulvis
2639 4952 2652 4987 :
2690 4933 2812 4989 illas
2846 4950 2969 5004 quae
3008 4941 3117 4988 tam
3173 4934 3377 4989 mullos
3408 4950 3581 5005 equos
3616 4942 3672 4987 et

2096 5034 2179 5080 tot
2240 5027 2494 5081 homines
2552 5026 2776 5082 alebant
2820 5027 2996 5096 prius,
3047 5027 3153 5082 heu
3186 5027 3358 5082 mihi!
3395 5028 3673 5098 quomodo

2099 5133 2248 5173 nunc
2298 5118 2519 5173 intuens
2579 5117 2811 5173 cessabo
2855 5133 2886 5172 a
2919 5120 3208 5188 lacrymisl
3235 5119 3308 5174 Ita
3336 5120 3555 5189 quidem
3592 5135 3671 5173 re-

403 5223 598 5276 liiscat.
632 5218 871 5272 Arbores
911 5230 1061 5277 seca,
1097 5228 1311 5269 comam
1345 5212 1508 5269 simul
1542 5213 1979 5276 lacera,omnem
2093 5211 2285 5278 giones
2312 5220 2369 5264 et
2390 5210 2494 5265 loci
2536 5212 2662 5281 igne
2693 5220 3029 5265 cremantur.
3060 5210 3139 5266 Tu
3165 5226 3323 5280 vero,
3355 5213 3539 5282 regina
3566 5212 3672 5285 By-

402 5310 662 5365 vestitum
745 5308 964 5377 nigrum
1039 5321 1141 5375 pro
1220 5304 1381 5359 viridi
1416 5346 1435 5370 ,
1487 5303 1793 5373 faciemque
1863 5318 1991 5371 ope-
2095 5302 2258 5356 zantii
2280 5302 2459 5363 sedes,
2492 5302 2546 5356 in
2573 5318 2683 5371 quo
2712 5300 2943 5356 fortunae
2970 5303 3098 5356 mihi
3128 5304 3364 5366 sisteris,
3396 5304 3483 5359 dic
3509 5301 3664 5369 mihi,

400 5404 568 5465 ricns,
604 5415 780 5472 geme.
801 5402 1080 5470 Cognatus
1102 5397 1324 5468 quidem
1345 5396 1569 5466 sanguis
1594 5406 1769 5450 totum
1793 5394 1990 5450 Orien-
2089 5408 2124 5448 ο
2153 5393 2349 5448 civitas
2373 5395 2397 5448 ‘3
2442 5393 2650 5450 Civitas
2702 5394 2860 5449 malis
2886 5395 3145 5462 obnoxia,
3180 5396 3339 5450 bonis
3393 5408 3663 5465 quantum

401 5504 509 5549 tem
554 5493 793 5564 primum
824 5498 1130 5561 exspectat,
1159 5497 1216 5545 et
1253 5489 1449 5543 dividit
1506 5488 1722 5557 gladius
1751 5501 1985 5542 consan-
2082 5487 2342 5543 vincebas
2387 5502 2581 5557 nuper,
2621 5502 2802 5542 nonne
2851 5489 3093 5557 quotidie
3122 5490 3435 5545 excuteris?
3484 5507 3666 5545 nonne

397 5587 617 5653 guinea,
641 5584 743 5638 heu
772 5585 783 5636 ι
820 5597 1015 5653 genera
1044 5593 1096 5635 et
1120 5580 1389 5635 membra.
1419 5579 1579 5633 Pater
1618 5578 1840 5647 quidem
1869 5577 1979 5629 ira-
2082 5578 2438 5634 fundamenta
2480 5582 2684 5635 cadunt
2715 5589 2768 5635 et
2806 5581 3046 5636 motibus
3075 5581 3444 5651 dejiciuntur?
3472 5598 3654 5637 nonne

393 5678 566 5730 seitur
588 5675 654 5728 ad
693 5674 895 5730 caedem
922 5688 1173 5738 suorum,
1203 5682 1257 5728 et
1295 5672 1545 5728 dextram
1604 5679 1765 5724 natus
1798 5668 1977 5740 patria
2075 5686 2216 5741 quos
2250 5672 2557 5740 produxisti
2590 5687 2772 5729 ramos
2809 5672 2861 5728 in
2881 5672 3262 5740 brachiistuis,
3286 5673 3465 5730 vidisti
3500 5675 3663 5745 gladii

464 5851 507 5883 ¹⁶
531 5849 670 5905 Dub.
706 5866 812 5905 scr.
841 5859 923 5905 est
954 5850 1068 5905 haec
1099 5865 1224 5905 vox.
1272 5852 1310 5882 ¹¹
1346 5850 1436 5904 Sic
1468 5848 1590 5904 cod.
1672 5848 1713 5879 ¹¹
1740 5847 1887 5900 τίσον
1912 5862 1997 5902 (τοι

2115 5848 2157 5879 ²³
2185 5847 2347 5900 κλονᾶ
2375 5848 2498 5903 cod.
