4080 6470
389 463 498 533 909

387 585 464 638 οὐ
492 578 620 644 τοὺς
649 578 885 650 φυὲν-ξας
911 576 1178 647 ἀγκάλαις
1199 577 1321 640 ταῖς
1357 577 1475 638 σαῖς
1501 568 1751 638 κλάδους,

388 674 531 738 Τοὺς
563 672 663 745 μὲν
698 669 978 742 μαχαίρας
1004 663 1168 741 ἔργον
1189 662 1329 732 εἶδες
1357 667 1416 720 ὲν
1448 666 1650 737 μάχαις

400 768 500 820 Ἐκ
525 763 810 834 συγγενῶν
843 762 1168 826 πίπτοντας.
1199 760 1349 833 οἴμοι
1378 758 1473 814 τοῦ
1499 757 1740 819 πάθουςί

390 859 532 920 Τοὺς
562 857 608 910 δ’
642 856 765 911 ἀντὶ
785 853 1056 926 λαμπρῶν
1078 855 1174 907 καὶ
1196 851 1380 906 καλῶν
1412 850 1730 921 ἀνακτόρων

390 951 608 1020 Νήσους
633 949 872 1020 ἐρήμους
899 947 997 1002 καὶ
1028 945 1317 1017 φάραγγας
1341 944 1434 998 καὶ
1465 943 1696 1014 πέτρας,

392 1044 436 1096 Κ
447 1042 703 1115 ριθέντας
733 1041 925 1105 οἰκεῖν,
958 1041 1060 1112 τὴν
1091 1040 1262 1109 πνοὴν
1288 1037 1692 1109 μετρουμένους
1716 1050 1732 1100 ἰ

390 1136 505 1189 Καὶ
539 1132 735 1200 ταῦτα,
762 1133 866 1203 φεῦ
890 1134 904 1186 l
937 1131 1246 1203 πάσχοντες
1275 1129 1342 1195 (ὣ
1363 1129 1474 1184 τῶν
1495 1126 1783 1199 χριμάτων

392 1225 516 1279 Τῶν
545 1226 674 1292 σῶν,
715 1226 1008 1291 δικαστάί)
1033 1223 1133 1295 τὴν
1167 1223 1367 1292 λιθώδη
1391 1220 1625 1292 καρδίαν

393 1320 584 1382 Οὐδεὶς
621 1319 911 1390 μαλάσσει,
946 1318 1234 1372 σπένδεται
1270 1315 1351 1387 τῷ
1385 1314 1636 1386 πλησίον,

393 1414 505 1467 Καὶ
541 1413 780 1486 δάκρυον
809 1415 896 1483 χεῖ
927 1412 1227 1484 φάρμακον
1253 1411 1556 1480 σωτηρίας.

407 1506 548 1558 Ἀλλ’
572 1507 723 1576 ἥλιος
763 1506 862 1576 μὲν
891 1505 972 1568 είς
999 1505 1190 1566 σκότος
1216 1501 1598 1574 μετεστράφη.

397 1600 506 1652 Καὶ
533 1601 634 1670 τῆς
661 1599 895 1670 σελήνης
921 1599 1125 1667 φέγγος
1150 1595 1527 1668 ὲξαπεκρύδη,

398 1691 508 1744 Καὶ
534 1689 718 1754 καινὸς
749 1685 927 1761 ἀστὴρ
961 1689 1148 1758 θαῦμα
1184 1687 1424 1750 πίστεως
1449 1683 1601 1751 ξένον

397 1783 609 1853 Καινῆς
633 1781 679 1836 δ’
711 1782 950 1852 ἀνήφθη,
976 1782 1078 1852 τῆς
1109 1781 1154 1834 δ’
1189 1780 1330 1851 ἐμῆς
1353 1780 1630 1851 ῥᾳθυμίας

396 1875 675 1944 Λογισμὺς
705 1874 904 1939 οὐδεὶς,
938 1869 1061 1928 οὐδὲ
1095 1874 1204 1927 τῶν
1237 1873 1626 1942 ἐγκλημάτων.

409 1965 549 2020 Ἀλλ’
578 1966 739 2020 nam
776 1981 868 2038 μοι
894 1965 1089 2032 δεῖξον,
1127 1966 1307 2031 ἵλεων,
1335 1965 1500 2034 Λόγε,

395 2059 497 2112 Σὸν
515 2058 672 2131 δμμα
689 2059 951 2130 χρηστὸν,
983 2057 1198 2113 παῦσον
1224 2055 1666 2128 άλληλοφθόρους

396 2150 642 2219 Σφαγὰς,
668 2149 903 2215 ἁλώσεις
929 2151 1208 2221 δεσμίους,
1239 2149 1445 2221 μάχας.
1472 2149 1714 2214 στάσεις.

395 2243 602 2311 Φυγὰς,
625 2241 861 2310 διώξεις,
887 2242 1169 2314 ἁρπαγάς,
1209 2243 1425 2308 ποινὰς,
1462 2241 1674 2313 κρίσεις
1696 2256 1712 2274 ο

401 2337 719 2408 ᾭκτειρας,
747 2331 890 2398 οῖδα,
923 2335 1021 2389 καὶ
1048 2334 1242 2388 Νινευῒ
1263 2335 1362 2406 τὴν
1389 2333 1567 2402 πόλιν,

398 2427 512 2482 Καὶ
536 2428 667 2482 λαὸν
694 2428 935 2500 ἠλέησας
967 2423 1334 2498 ἡμαρτηκότα
1357 2439 1374 2460 υ

399 2521 502 2574 Σὺν
533 2521 787 2590 ποίμνιον
807 2522 938 2592 γάρ,
965 2522 1128 2575 ὤνιον
1159 2521 1271 2574 σῶν
1294 2521 1567 2592 αἱμάτων.

402 2609 481 2680 Σὴ
512 2610 723 2681 μάνδρα
752 2612 928 2680 κάγὼ,
955 2611 1162 2682 Χριστέ
1181 2622 1196 2641 ⁸
1231 2611 1408 2664 ταῦτα
1437 2609 1504 2682 σὴ
1533 2609 1691 2674 πόλις

403 2703 536 2774 Bos,
569 2704 726 2766 πόλις
750 2704 843 2774 σὴ,
874 2707 949 2774 μὴ
989 2699 1343 2775 παρασλὲψῃ,
1377 2704 1597 2774 βλέπων

402 2793 613 2848 Κακῶν
649 2793 920 2858 ἀϐύσσους
944 2811 958 2826 ·
993 2795 1156 2866 μέχρι
1181 2795 1290 2867 γὰρ
1315 2797 1462 2860 τινος
1493 2795 1687 2862 πόνοις

402 2931 483 2986 ς’.
512 2926 618 2993 Εἰς
647 2943 793 2992 τους
833 2929 1043 2998 ἁγίους
1073 2927 1273 3016 πέντε..
1308 2920 1686 3009 quamlith
1717 2927 1819 2985 καὶ
1860 2928 2002 2996 τοὺς

1049 3000 1174 3053 σὺν
1195 3000 1378 3065 αὐτῷ.

407 3134 615 3205 Εἰληφε
649 3136 859 3200 πεντὰς
886 3136 1187 3207 μαρτύρων
1221 3138 1386 3190 πέντε
1416 3137 1610 3206 στέφη.

416 3228 478 3280 '0
513 3228 557 3281 δ’
589 3228 923 3298 Εὑστράτιος
953 3230 1116 3284 πέντε
1138 3229 1431 3300 λαμϐάνει.
1459 3229 1640 3292 Μόνος

410 3321 424 3336 ⁹
438 3320 739 3391 Ελληνικὴν
767 3321 963 3392 ἤλεγξε
995 3320 1406 3391 μυθοπλαστὶαν
1421 3335 1435 3350 ⁶

405 3414 721 3482 Ἤγρευσεν
751 3415 1032 3482 Εὑγένιον,
1057 3413 1270 3485 ἤσκησε
1296 3415 1470 3484 στόμα

403 3614 650 3689 prmdam
672 3619 725 3672 in
751 3619 990 3689 pugnisa
1013 3615 1263 3690 cegnatis
1294 3616 1532 3674 cadere?
1563 3615 1698 3690 proh
1722 3613 2001 3674 dolorem!

402 3725 513 3781 pro
549 3710 858 3780 magniﬁcis
899 3719 954 3765 et
986 3711 1158 3766 va’stis
1191 3711 1438 3781 palatiis,
1473 3711 1683 3768 insulas
1727 3712 2003 3776 desertas,

404 3803 681 3874 gurgites,
721 3813 927 3873 petras,
971 3805 1372 3861 condemnatos
1423 3805 1696 3870 habitare,
1749 3805 2008 3876 spiritum

405 3897 494 3951 vel
525 3896 792 3951 habentes
822 3898 1247 3953 mensuratum?
1283 3906 1344 3953 et
1387 3897 1503 3953 haec
1538 3898 1834 3968 patientes,
1865 3897 2003 3954 heul

404 3987 812 4044 sententiarum
839 3996 1080 4051 tuarum,
1103 3989 1296 4058 judex,
1334 4004 1564 4045 saxeum
1608 3991 1846 4061 rigorem
1875 3991 2003 4045 nul-

403 4082 498 4136 lus
527 4080 743 4135 mollire
775 4088 991 4150 potest;
1019 4081 1274 4151 proximo
1296 4081 1708 4149 reconciliatur,
1731 4091 1786 4136 et
1818 4079 2003 4135 ﬂetum

406 4172 598 4228 fundit
633 4171 827 4228 salutis
863 4173 1194 4229 remedium.
1236 4173 1347 4228 Sed
1381 4174 1468 4230 sol
1501 4175 1722 4244 quidem
1759 4173 1815 4228 in
1852 4183 2005 4228 tene-

405 4268 546 4320 bras
573 4279 876 4320 conversus
923 4274 1028 4331 est,
1070 4275 1127 4321 et
1170 4265 1316 4322 luna:
1353 4266 1534 4337 fulgor
1567 4268 1781 4322 velatus
1819 4275 1926 4333 est,
1949 4277 2008 4323 et

403 4375 622 4416 novum
676 4366 915 4424 astrum,
957 4359 1088 4415 ﬁdei
1142 4375 1299 4415 novre
1327 4359 1614 4416 insolitum
1669 4359 2005 4430 prodigium,

402 4451 660 4517 cﬁ'ulsit;
710 4464 849 4506 mea:
911 4461 1097 4507 autem
1146 4451 1421 4507 socordiae
1478 4452 1622 4507 ratio
1676 4451 1849 4516 nulla,
1907 4466 2006 4508 nec

405 4561 524 4615 que
553 4543 866 4613 culparum.
901 4542 1011 4599 Sed
1051 4543 1346 4598 miseratus
1375 4544 1509 4599 mihi
1558 4544 1808 4607 ostende,
1836 4543 2004 4598 mise-

411 4638 600 4693 ricors
655 4635 918 4703 Verbum,
967 4647 1122 4691 tuum
1175 4637 1502 4692 clementem
1544 4637 1784 4703 oculum,
1841 4635 2001 4690 ﬁnem
2040 4671 2084 4726 ο

411 4730 643 4799 impone
670 4729 880 4783 mutuis
905 4729 1147 4783 caedibus
1176 4727 1428 4797 publicis,
1464 4727 1657 4791 ruinis,
1679 4726 1900 4796 pugnis,
1920 4739 2007 4780 sc-

410 4822 747 4887 ditionibus,
805 4820 977 4892 fugis,
1017 4820 1518 4891 persecutionibns,
1549 4818 1848 4882 violentiis,
1875 4832 2009 4886 sup.

412 4915 626 4987 pliciis,
677 4915 926 4986 judiciis.
997 4914 1262 4971 Misertus
1291 4927 1377 4980 es,
1409 4914 1549 4978 scio,
1579 4913 1795 4968 Niniva-
1833 4911 2006 4976 urbis,

412 5020 472 5065 et
513 5007 719 5078 populo
759 5008 1054 5077 pepercisti
1117 5007 1421 5076 peccaturi;
1458 5017 1612 5062 tuum
1657 5007 1804 5062 enim
1845 5005 2006 5070 ovile,

414 5099 660 5170 pretium
700 5098 779 5152 tui
821 5097 1128 5168 sanguinis,
1159 5099 1373 5154 mansio
1395 5108 1482 5153 tua
1514 5106 1570 5153 et
1605 5113 1726 5167 ego,
1758 5093 2008 5164 Christe;

417 5194 542 5246 haec
583 5200 677 5245 tua
709 5191 908 5245 civitas
947 5192 1180 5258 clamat,
1214 5200 1307 5244 tua
1361 5201 1446 5246 est
1490 5191 1706 5254 civitas,
1757 5207 1826 5244 ne
1863 5189 2010 5244 illam

413 5281 697 5351 deepicias
719 5296 957 5336 cernens
982 5280 1254 5335 malorum
1288 5281 1536 5351 abyssos.
1568 5277 1705 5334 Nam
1733 5296 1842 5350 quo
1885 5295 2011 5349 pro-

413 5387 609 5443 gressa
640 5380 770 5426 sunt
795 5371 1135 5428 infortunia?

415 5510 474 5566 6.
508 5506 580 5564 In
615 5520 827 5565 sanctos
855 5512 1106 5583 quinque,
1143 5509 1479 5565 Euslratium
1502 5521 1550 5564 et
1587 5510 1724 5565 alios
1747 5527 1863 5565 cum
1896 5510 2010 5565 illo.

493 5643 845 5714 Receperunt
865 5645 1114 5716 quinque
1142 5653 1417 5716 martyres
1472 5657 1711 5705 coronas
1746 5645 2014 5715 quinque.

417 5736 744 5793 Eustratius
779 5748 963 5792 autem
1005 5741 1252 5809 quinque
1274 5738 1501 5808 recipit;
1539 5738 1694 5792 solus
1737 5737 2018 5792 Hellenica

420 5831 614 5902 arguit
642 5842 988 5900 commenta;
1038 5833 1346 5904 Eugenium
1375 5842 1603 5888 venatus
1625 5841 1729 5897 est,
1766 5848 1830 5888 os
1875 5830 2021 5885 Mar-

420 5924 568 5978 darii
624 5924 888 5981 instruxit
947 5937 1138 5981 contra
1203 5926 1445 5999 judicem
1485 5926 1740 5994 valentis;
1783 5927 2022 5981 ﬁrmavit

1705 456 2054 520 CARMINA
2087 449 2348 518 VARIA.

1998 573 2053 633 Α
2076 571 2150 623 Τὸ
2182 566 2503 641 Μαρδαρίου
2534 561 2671 637 πρὸς
2694 563 2959 635 δικαστὴν
2981 559 3149 627 ὀξέως
3167 576 3182 590 ο

3558 444 3666 507 910

2081 661 2335 732 Ἔρρωσε
2368 658 2430 712 τὸ
2457 653 2719 728 φρόνημα
2750 655 2959 726 κάμνον
3001 652 3260 724 Ὀρέστου

2079 752 2228 821 Πρὸς
2261 749 2360 820 τὴν
2395 748 2629 821 ῥέουσαν
2661 748 2756 804 καὶ
2775 741 3034 819 σιδηρέαν
3065 740 3268 817 φλόγα.

2077 843 2192 898 Καὶ
2217 841 2393 897 ταῦτα
2419 840 2655 912 πράξας,
2683 841 2784 895 καὶ
2807 839 2942 913 παρ’
2973 840 3194 912 ἑχθροῐς
3216 841 3478 913 τυγχάνει

2080 933 2278 999 Αἰδοῦς
2299 936 2328 988 δ
2353 934 2566 997 κλεινός
2589 950 2604 964 ·
2634 933 2772 988 ἀλλὰ
2796 933 2898 1004 τῆς
2925 933 3241 1005 προθυμίας

2084 1029 2324 1082 1Ἂκοντα
2356 1027 2450 1081 τδν
2479 1026 2746 1099 τύραννον
2772 1027 2922 1080 ἕλκει
2946 1025 3232 1090 ποικίλως,

2083 1120 2198 1192 Τὴν
2222 1121 2402 1192 ψῆφον
2428 1120 2578 1190 αὐτῷ
2613 1119 2712 1190 τὴν
2731 1119 2997 1174 δοκοῦσαν
3034 1119 3312 1174 θεσπίσαι.

2083 1215 2195 1268 Καὶ
2221 1219 2359 1285 πρὸς
2389 1215 2450 1267 τὸ
2498 1213 2612 1284 πῦρ
2664 1214 2933 1266 ἔσπευσεν
2965 1213 3042 1276 ὡς
3081 1214 3335 1282 πέμπτον
3378 1214 3592 1284 στέφος.

2084 1309 2158 1361 Σὺ
2186 1307 2289 1377 μὲν
2327 1307 2500 1373 κάτω,
2533 1306 2792 1377 τύραννε,
2829 1306 2925 1376 τὴν
2960 1306 3237 1377 σιδηρέαν,

2089 1401 2239 1453 ¹’Δνω
2265 1399 2322 1452 δὲ
2355 1401 2592 1466 Χριστὸς
2619 1399 2856 1470 χρυσέαν
2899 1399 3043 1452 τιθεῖ
3071 1400 3285 1470 κλίνην,

2085 1491 2162 1544 Τὸ
2189 1491 2305 1560 φῶς
2327 1490 2780 1558 ἀπαυγάζουσαν,
2809 1490 2885 1553 ὡς
2912 1488 3056 1560 αὕτη
3080 1490 3280 1559 φλόγα..

2333 1625 2400 1691 ζ’.
2431 1627 2535 1692 Εῑς
2555 1624 2674 1694 τὴν
2708 1617 2827 1679 τῶν
2875 1625 3180 1694 Ῥωμαίων
3207 1625 3438 1695 μάχην.

2104 1761 2322 1832 Δνῆκεν
2345 1762 2378 1832 ἡ
2406 1762 2478 1831 γῆ
2509 1759 2606 1814 τοῦ
2638 1759 2936 1834 δράκοντος
2965 1759 3062 1815 καὶ
3091 1758 3256 1813 πάλιν

2087 1853 2378 1922 Σπαρτοὺς
2397 1852 2663 1921 γίγαντας
2687 1851 2892 1922 ἄνδρας
2920 1851 3360 1924 ἅλληλοφθόρους
3382 1869 3400 1884 ·

2018 1923 2062 1978 Β
2086 1943 2284 2015 Θέαμα
2312 1944 2526 2010 καινὸν,
2550 1946 2786 2016 πρᾶγμα
2813 1945 3054 2009 πίστεως
3081 1923 3256 2012 ξένον.

2093 2036 2415 2108 Πάνχαλκος
2438 2037 2583 2108 ὄψις,
2611 2038 2999 2110 πανσίδηροςὴ
3038 2039 3224 2108 φύσις,

2091 2131 2372 2202 ’Όρμημα
2395 2128 2605 2204 θηρῶν,
2637 2129 2858 2202 βλέμμα
2890 2131 3064 2185 δεινὸν
3092 2131 3395 2203 γοργόνων.

2093 2223 2193 2286 Τίς
2217 2223 2262 2275 δ’
2289 2217 2357 2277 αὖ
2388 2223 2599 2287 ἐκεῖνος
2630 2223 2742 2276 τῶν
2777 2223 3054 2293 γιγάντων
3073 2225 3366 2293 ἑνστάτης,

2105 2314 2167 2366 '0
2195 2312 2368 2376 δεινὸς
2399 2307 2556 2377 οὗτος
2580 2317 2748 2369 πᾶσιν
2777 2316 3072 2385 ιμπίπτων
3100 2317 3264 2387 μόνος

2112 2404 2200 2467 Ὦς
2225 2404 2571 2476 ἁλλόμορφος
2602 2407 2697 2460 καὶ
2727 2407 3270 2478 παρεξηλλαγμένος,

2098 2497 2359 2570 Χρυσοῦς.
2381 2500 2443 2552 τὸ
2474 2499 2673 2564 κάλλος
2701 2501 2796 2554 καὶ
2826 2501 3078 2572 σιδηροῦς
3106 2501 3208 2573 τὴν
3238 2501 3436 2574 φύσιν;

2101 2588 2462 2660 Κινούμενος,
2494 2591 2628 2663 πῦρ,
2653 2591 3080 2663 ἐκκαλούμενος,
3118 2592 3279 2661 λέων,

2115 2679 2346 2748 Ἑστὼς,
2379 2682 2596 2752 ἀδάμας
2617 2700 2632 2714 ο
2666 2684 2857 2754 ἄργος,
2888 2685 2946 2737 ἑν
2967 2683 3154 2756 κύκλῳ
3175 2683 3414 2755 βλέπων,

2105 2773 2333 2829 Βλέπων
2359 2778 2646 2846 κεραυνὸς,
2675 2772 2818 2847 αἷμα
2837 2780 2934 2832 καὶ
2959 2779 3120 2846 φόνον
3140 2779 3325 2834 πνέων
3349 2797 3364 2810 ·

2105 2866 2223 2921 Οὐκ
2244 2866 2462 2936 ἀδάμας
2494 2885 2601 2933 τις,
2632 2869 2692 2921 οὐ
2726 2868 2969 2940 σίδηρος,
2993 2870 3056 2923 οὐ
3095 2869 3268 2937 λίθος,

2105 2957 2250 3010 Ἀλλ’
2281 2958 2403 3012 οὐδὲ
2431 2958 2688 3030 χρυσοῦς,
2718 2959 2842 3013 οὐδὲ
2867 2964 2934 3032 τῇ
2969 2959 3132 3031 φύσει
3158 2961 3347 3031 γίγας,

2106 3045 2251 3101 Ἀλλ’
2273 3046 2306 3118 ἢ
2332 3047 2492 3118 τριὰς
2515 3049 2782 3120 κραθείσα
2805 3049 2915 3104 τῶν
2936 3051 3246 3122 ἑρασμίων,

2107 3138 2404 3209 Εὑανδρία,
2433 3139 2718 3211 φρόνησις,
2755 3141 2896 3213 ἀλκὴ
2933 3143 3071 3214 πρὸς
3094 3144 3311 3212 πόνους,

2111 3229 2338 3293 Ἔνυλος
2364 3229 2556 3302 ὥσπερ
2584 3231 2970 3302 ωμπλακεῖσα
3005 3235 3142 3306 πρὸς
3167 3236 3359 3308 μάχην

2108 3321 2225 3390 Τῆς
2249 3325 2455 3395 ἀρετῆς
2480 3323 2720 3378 δείκνυσι
2743 3325 2841 3395 τὴν
2875 3327 3028 3396 ίσχίιν
3063 3328 3206 3399 πόση
3227 3344 3244 3359 ⁶

2108 3414 2236 3480 Πῶς
2265 3414 2360 3469 καὶ
2380 3415 2653 3485 γιγάντων
2683 3418 2779 3470 καὶ
2803 3418 3039 3472 τιτάνων
3065 3421 3123 3473 ὲν
3155 3419 3359 3491 μάχαις

2105 3618 2653 3675 deﬁcientemOresti
2678 3619 2924 3674 animum
2973 3631 3166 3678 contra
3198 3623 3590 3682 circumfusam
3642 3633 3701 3685 et

2107 3709 2344 3764 ferream
2397 3709 2702 3764 ﬂammam.
2741 3710 2808 3766 Et
2857 3712 2976 3766 haec
3022 3728 3150 3768 cum
3180 3715 3383 3786 egisset
3412 3719 3497 3773 vel
3551 3721 3696 3790 apud

2107 3801 2366 3858 inimicos
2391 3803 2668 3858 invenitur
2694 3803 2905 3859 honore
2936 3803 3206 3873 famosus,
3246 3809 3341 3864 sed
3389 3826 3486 3880 per
3539 3811 3697 3868 forti-

2109 3896 2356 3951 tudinem
2382 3896 2613 3951 invitum
2651 3908 2947 3969 tyrannum
2997 3898 3217 3955 diverso
3255 3903 3420 3958 modo
3458 3904 3701 3972 Iadducit

2113 3989 2181 4043 ad
2217 3990 2550 4045 sententiam
2582 3990 3048 4057 pronuntiandam
3083 3994 3246 4063 quale
3295 3995 3414 4065 ipse
3447 3998 3698 4065 volebat;

2113 4089 2169 4134 et
2224 4083 2291 4134 ad
2357 4081 2534 4152 ignem
2597 4083 2799 4137 volavit
2855 4093 2913 4138 ut
2955 4084 3023 4138 ad
3093 4085 3343 4154 quintam
3409 4103 3699 4147 coronam.

2113 4174 2198 4229 'l‘u
2240 4175 2462 4244 quidem
2511 4177 2798 4240 deorsum,
2845 4187 3100 4248 tyranne,
3151 4177 3409 4244 terreant,
3475 4196 3699 4238 sursum

2113 4278 2303 4322 autem
2334 4269 2593 4324 Christus
2623 4284 2846 4323 auream
2871 4271 2966 4324 dat
2987 4269 3262 4338 lecticam,
3299 4270 3422 4327 luce
3452 4275 3693 4345 resplen-

2111 4359 2354 4429 dentem,
2397 4372 2456 4417 ut
2493 4362 2601 4417 ista
2631 4361 2874 4418 ﬂamma.-

2471 4489 2522 4549 7.
2559 4495 2623 4550 lit
2651 4477 3015 4550 Romanorum
3059 4506 3311 4568 pugnam.

2187 4633 2455 4689 Produxit
2479 4643 2624 4688 terra
2659 4647 2691 4687 e
2723 4631 2965 4688 dracone
3017 4633 3212 4688 iterum
3271 4633 3572 4690 seminatos
3615 4635 3701 4708 gi-

2114 4733 2311 4796 gantes
2364 4725 2622 4782 homines
2681 4736 2873 4780 mutue
2922 4725 3267 4791 homicidas;
3321 4727 3698 4795 spectaculum

2121 4834 2352 4885 novum,
2387 4834 2479 4875 res
2507 4835 2536 4873 a
2573 4819 2677 4874 ﬁde
2727 4820 2946 4885 aliena;
2979 4835 3122 4874 aerea
3159 4819 3350 4886 facies,
3375 4819 3552 4875 ferrea
3603 4838 3702 4876 na-

2115 4920 2262 4975 tura,
2299 4910 2542 4966 ferarunt
2593 4910 2853 4981 impetus,
2883 4920 3216 4981 conspectus
3245 4911 3506 4965 terribilis
3561 4908 3704 4965 Gor-

2111 5019 2341 5074 gonum;
2360 5005 2486 5074 quis
2503 5015 2684 5058 autem
2717 5005 2822 5060 iste
2851 5005 3132 5075 gigantum
3146 5003 3522 5069 adversarius,
3553 5001 3704 5059 ferus
3821 5073 3831 5079 _

2113 5096 2221 5151 iste
2272 5097 2352 5150 vir
2391 5097 2543 5152 solus
2580 5096 2634 5151 in
2686 5111 2878 5150 omnes
2932 5095 3172 5159 irruens,
3217 5102 3477 5164 tanquam
3525 5092 3703 5149 forma

2120 5187 2434 5254 dissimilis,
2466 5201 2671 5242 aureus
2694 5185 3126 5256 pulchritudine,
3157 5193 3214 5240 et
3230 5183 3447 5239 ferreus
3469 5183 3704 5238 natura?

2115 5279 2261 5334 Motu
2280 5279 2444 5349 ignis,
2464 5280 2688 5333 nomine
2709 5278 2817 5344 leo,
2836 5277 3093 5333 ﬁrmitate
3108 5277 3358 5344 adamas,
3382 5276 3566 5339 albus,
3583 5276 3698 5331 cir-

2116 5372 2492 5434 cumintuens,
2527 5370 2794 5425 fulmineo
2823 5380 3072 5440 aspectu,
3109 5369 3436 5440 sanguinem
3475 5377 3532 5423 et
3555 5383 3705 5424 mor-

2119 5474 2228 5519 tem
2259 5464 2516 5534 spirans?
2561 5461 2678 5517 Non
2713 5462 2965 5528 adamas,
2992 5477 3102 5518 non
3136 5461 3368 5525 ferrum,
3395 5475 3504 5516 non
3537 5459 3701 5530 lapis,

2117 5567 2172 5612 et
2199 5572 2381 5628 neque
2426 5572 2649 5622 aureus,
2688 5573 2865 5626 neque
2910 5568 3106 5612 natura
3160 5555 3346 5628 gigas;
3416 5552 3513 5609 sed
3567 5553 3704 5608 trias

2118 5652 2466 5724 egregiarum
2502 5633 2688 5705 rerum
2711 5651 3029 5714 commista,
3062 5649 3352 5714 fortitudo,
3387 5647 3704 5717 prudentia,

2122 5743 2178 5799 in
2206 5743 2485 5800 laboribus
2513 5745 2847 5808 constantia,
2869 5755 3132 5812 tanquam
3176 5742 3480 5797 materialis
3522 5750 3708 5796 osten-

2122 5835 2204 5889 dit
2233 5834 2454 5890 virtutis
2483 5848 2596 5890 sua:
2629 5835 2798 5888 robur
2835 5839 3103 5904 quantum
3138 5834 3210 5888 sit
3246 5832 3315 5887 ad
3347 5845 3587 5902 pugnam
3611 5845 3715 5899 ap-

2127 5937 2269 5981 tum.
2314 5925 2386 5982 Ut
2416 5928 2470 5983 in
2535 5927 2739 5997 prteliis
2794 5927 3078 5999 gigantum
3135 5935 3190 5982 et
3247 5923 3533 5982 Titanum.
3602 5932 3714 5978 stat
