4080 6452
450 399 547 464 ενι

443 518 655 589 Κρατεῑ
685 515 807 570 καθ’
837 515 1016 570 αὐτῶν
1051 516 1145 569 καὶ
1174 520 1331 586 χορὸς
1363 514 1473 568 τῶν
1497 514 1768 588 ἀστέρων.

444 608 634 663 Ταῦτα
659 608 875 679 βλέπων
906 607 1119 677 καθῆκε
1146 605 1342 671 κάλλος
1382 606 1603 677 ὑψόθεν,

442 702 555 765 Τάς
588 700 791 771 ἀρετὰς
819 699 1084 753 κάλλιστα
1110 699 1231 762 ταῖς
1263 699 1440 763 νίκαις
1474 701 1709 771 στέφων.

859 814 928 886 η’.
962 814 1072 881 Εις
1110 829 1247 869 τινα
1279 816 1606 883 μουσικόν.

453 930 684 1001 Ὀρφεύς
712 947 793 992 τις
820 929 853 999 ἢ
885 927 1141 998 Θάμυρις
1173 928 1207 999 ἢ
1247 928 1343 981 καὶ
1365 928 1610 999 Κινύρας

445 1022 705 1090 Ἔθελγον
732 1021 897 1092 ᾠδαῖς
918 1019 1135 1089 δένδρα,
1164 1018 1342 1089 θῆρας
1374 1019 1471 1071 καὶ
1504 1018 1688 1082 λίθους
1710 1035 1725 1049 ο

441 1116 562 1168 Τῶν
589 1113 698 1169 σῶν
733 1114 787 1166 δὲ
814 1111 1067 1181 τερπνῶν
1098 1110 1357 1181 ὲμμελῶν
1380 1110 1740 1181 λιγυσμάτων

442 1208 738 1261 Ἀθελκτον
770 1205 946 1268 οὐδὲν,
978 1203 1115 1256 ἀλλά
1150 1204 1245 1257 καὶ
1276 1202 1641 1265 θαλασσίους-

440 1302 675 1371 Ιιέτρας,
707 1297 851 1351 δοκῶ
881 1314 996 1368 μοι,
1028 1296 1126 1349 καὶ
1156 1295 1437 1348 θάλασσαν
1469 1294 1674 1364 ἀγρίαν

438 1394 618 1464 Αὐτὴν
647 1389 1043 1452 κατευνάζουσι
1067 1388 1163 1442 καὶ
1191 1387 1372 1441 πνοῶν
1408 1385 1553 1456 βίας.

449 1483 612 1552 Ὁρᾷς
634 1480 744 1551 γάρ
775 1478 850 1542 ὠς
880 1479 1115 1545 ἤκουσεν
1141 1476 1307 1540 εὐθὺς
1326 1475 1423 1529 τοῦ
1456 1475 1675 1545 μέλους.

439 1571 610 1625 nam
643 1571 744 1642 μὲν
769 1570 936 1640 αἰθὴρ
965 1570 1280 1639 συστροφάς
1301 1568 1649 1631 ἀντιπνόους,

446 1665 670 1734 Ῥήσσει
700 1662 758 1715 δὲ
785 1662 1000 1724 πυκνάς
1027 1660 1136 1727 τῷν
1160 1660 1341 1729 νεφῶν
1374 1660 1743 1722 άντιστάσεις.

441 1756 583 1825 Ὅρα
605 1753 683 1817 δὲ,
718 1752 948 1823 φαιδρὸν
972 1751 1252 1821 προσγελᾷ
1281 1749 1381 1820 τὴν
1405 1748 1493 1803 αίθ
1504 1749 1625 1820 ρίαν
1644 1766 1659 1781 ο

440 1848 607 1901 Κάτω
633 1846 692 1900 δὲ
713 1846 811 1900 καὶ
840 1844 1085 1900 θάλασσα
1114 1843 1525 1914 κυματουμένη,
1577 1830 1584 1841 ’

436 1937 817 2004 Ἰιῖξυπτιοῦται
849 1936 945 1990 νῦν
975 1935 1454 2007 κατεστορεσμένη
1475 1951 1490 1967 ⁸

434 2032 548 2101 Τὴν
582 2029 739 2100 ύὸριν
767 2027 1085 2093 ἐξέπτυσεν,
1112 2027 1186 2090 ὡς
1212 2027 1408 2096 φονεὺς
1444 2026 1598 2097 ξίφος

437 2122 701 2193 Ἴζρῤιψεν
732 2121 815 2183 εἰς
848 2120 974 2190 γῆν,
1001 2120 1112 2173 πᾶν
1142 2119 1458 2185 κατηύνασε
1490 2118 1692 2189 θράσος
1717 2140 1732 2156 ⁸

433 2216 716 2268 Διίσταται
743 2212 1014 2283 χαίρουσα
1039 2212 1176 2280 πρὸς
1197 2210 1258 2263 τὸ
1294 2210 1386 2263 σὺν
1422 2209 1605 2279 μέλος.

434 2309 574 2379 Γελᾷ
596 2307 839 2377 γαλήνην
866 2320 880 2335 ·
910 2305 1076 2370 λεῖον,
1103 2304 1205 2376 ἡδὺ
1234 2303 1593 2373 προσϐλέπει.

435 2400 765 2470 Σκαίρουσιν
800 2395 953 2468 ἰχθῦς
975 2412 988 2425 '
1023 2394 1319 2467 προσλαλεῖ
1343 2413 1425 2449 σοι
1458 2394 1537 2465 τῷ
1566 2394 1719 2466 μέλει

430 2490 663 2559 Φιλῳδδς
696 2489 1031 2558 ἀντίμολπον
1061 2487 1279 2542 ἀλκυὼν
1312 2487 1474 2556 μέλος
1493 2504 1508 2517 ·

431 2579 627 2649 Δελφὶς
658 2578 939 2649 παραπλεί
965 2579 1060 2630 καὶ
1094 2577 1355 2645 περιπλεῖ
1382 2576 1481 2647 τὴν
1508 2575 1702 2647 λύραν.

432 2672 646 2741 Σκάρος
670 2670 727 2723 δὲ
754 2670 946 2737 φωνεῖ,
982 2669 1280 2739 προτρέχει
1300 2668 1358 2722 δὲ
1390 2668 1663 2731 ναυτίλοςο

432 2760 712 2833 Προσπλεῖ
743 2761 800 2814 δὲ
827 2762 1025 2832 μικρὸν
1056 2761 1152 2814 καὶ
1186 2759 1508 2831 προπέμπει
1535 2760 1831 2831 πομπίλος.

459 2854 582 2907 Αλλ’
612 2853 885 2907 ὲνδέδοικα
913 2853 990 2923 μὴ
1021 2850 1284 2922 χορεῦσαι
1307 2851 1446 2922 πρὸς
1474 2850 1635 2922 μέλος
1644 2894 1659 2915 ι

428 2948 540 3001 Καὶ
568 2946 668 3017 τὴν
696 2946 969 3016 φέρουσαν
1000 2946 1177 2999 πάντα
1216 2944 1409 3010 θέλξας
1439 2944 1663 3010 ὁλκάδα,

434 3042 582 3091 ’Λνω
606 3040 757 3092 κάτω
780 3039 849 3092 τὰ
876 3040 1056 3093 πάντα
1080 3037 1392 3110 συστρέψῃς
1423 3036 1537 3110 βίᾳ,

432 3134 503 3186 Ἢ
527 3134 622 3188 καὶ
655 3134 793 3205 πρὸς
819 3133 989 3203 αὐτὴν
1011 3131 1206 3203 θῆρας,
1232 3131 1438 3202 δρνεις,
1473 3129 1666 3202 ἰχθύας

426 3226 616 3297 ἰῐηδᾷν
646 3225 807 3297 βιάσγα
842 3226 938 3280 καὶ
964 3225 1331 3297 κατασπάσῃς
1356 3225 1534 3281 κάτω.

429 3412 621 3459 contra
654 3404 776 3459 illos
806 3402 1091 3459 stellarum
1124 3400 1420 3457 multitudo
1449 3417 1463 3455 :
1498 3400 1614 3455 haec
1642 3401 1864 3457 intuens
1893 3400 2020 3471 pul-

428 3498 795 3552 chritudinem
842 3511 872 3551 e
903 3494 1159 3564 supernis
1190 3494 1498 3559 arcessivit,
1529 3494 1764 3550 virtutes
1815 3495 2022 3564 optime

429 3589 674 3645 victoriis
693 3603 991 3643 coronans.

828 3699 884 3753 8.
916 3697 980 3752 In
1008 3699 1271 3752 musicum
1300 3700 1605 3767 quemdam.

499 3810 753 3879 Orpheus
783 3808 1007 3877 quidam
1037 3808 1122 3862 vel
1141 3807 1432 3878 Thamyris
1454 3807 1535 3860 vel
1565 3807 1799 3876 Cinyras
1823 3806 2014 3861 incan-

424 3904 616 3957 tabant
636 3900 883 3964 arbores,
914 3901 1058 3954 feras
1082 3908 1135 3953 et
1162 3914 1296 3953 saxa
1346 3898 1620 3953 cantibus.
1655 3896 1787 3951 Tuis
1828 3906 2012 3953 autem

426 3993 691 4047 suavibus
731 3990 985 4045 melodiis
1022 3990 1159 4045 nihil
1187 3990 1333 4060 quod
1379 4003 1485 4043 non
1520 3989 1858 4044 incantatum
1904 3988 2012 4054 sit;

426 4083 518 4138 sed
548 4089 604 4136 et
638 4083 849 4135 marina
868 4095 1023 4143 saxa,
1051 4089 1111 4134 ut
1144 4079 1280 4134 mihi
1314 4079 1552 4144 videtur,
1590 4086 1646 4133 et
1677 4093 1883 4133 saevum
1929 4078 2015 4148 ip-

427 4190 549 4231 sum
582 4190 733 4230 mare
770 4182 825 4229 et
857 4182 1149 4228 ventorum
1177 4173 1292 4227 vim
1320 4170 1537 4228 sedant.
1576 4169 1737 4225 Vides
1759 4170 1907 4225 enim
1958 4181 2017 4226 ut

1728 401 2052 465 JOANNIS
2086 403 2294 465 GEOM
2305 402 2520 466 ΕΤΒίΕ

2063 527 2109 583 Α
2145 519 2212 570 Ἣ
2248 520 2342 573 καὶ
2370 519 2617 590 τραπῶσι
2642 518 2776 591 πρὸς
2801 518 2984 585 λίθους
3006 522 3055 573 οί
3082 519 3324 574 ναυτίλοι
3349 536 3364 551 °

3611 406 3716 475 9ιὲ

2140 613 2208 664 Ἦ
2236 613 2416 666 πάντα
2450 613 2675 681 μᾶλλον,
2703 613 2751 664 εί
2776 611 2843 665 τά
2883 614 3157 684 Σειρήνων
3180 613 3379 678 θέλοις.

2142 706 2346 773 Ἀμφω
2377 704 2484 773 γὰρ
2511 705 2674 769 αὐτὸς
2697 706 2792 759 καὶ
2830 704 3011 767 λίθους
3038 705 3395 777 κινουμένους

2149 792 2240 855 Ὧς
2265 792 2537 863 ὲμπνόους
2565 793 2828 861 δείκνυσι,
2854 796 2948 847 καὶ
2986 796 3112 857 τοὺς
3142 794 3414 864 ὲμπνόους

2137 884 2245 950 Οὓς
2268 887 2337 940 ἂν
2366 885 2621 958 θελήσῃς,
2645 885 2785 958 πρὸς
2815 884 2995 950 λίθους
3025 884 3409 957 πηγνυμένους
3443 885 3505 944 ¹⁸.

2894 999 2939 1054 θ,

2136 1116 2206 1169 Τί
2232 1115 2392 1170 τοῦτο
2417 1116 2617 1180 κάλλος
2643 1132 2658 1180 ;
2687 1114 2773 1179 τίς
2800 1116 2964 1170 πάλιν
2990 1118 3152 1188 καινὴ
3182 1117 3399 1182 κτίσις;

2138 1212 2209 1263 Ἢ
2236 1211 2321 1274 τίς
2346 1210 2547 1281 μετῆξε
2572 1210 2672 1280 τῆς
2697 1209 2859 1280 Ἐδὲμ
2883 1210 2945 1262 τὸ
2968 1211 3205 1283 χωρίον;

2136 1303 2251 1356 Οὐκ
2275 1302 2469 1373 ἀρεταὶ
2495 1305 2619 1373 γῆς,
2649 1301 2787 1357 ἀλλὰ
2811 1302 3030 1356 πάντων
3063 1303 3404 1372 κτισμάτων,

2134 1394 2404 1463 Συνῆλθον
2428 1387 2553 1448 ὧδε.
2576 1394 2884 1463 Μέμφομαι
2913 1395 3008 1447 καὶ
3041 1397 3108 1465 τῇ
3141 1394 3321 1463 φύσει.

2134 1483 2201 1536 Τί
2227 1500 2318 1553 μοι
2342 1482 2451 1554 γὰρ
2479 1482 2809 1554 ἀρκέσουσιν
2833 1482 3103 1553 ὀφθαλμοὶ
3134 1483 3246 1549 δύο,

2134 1573 2322 1645 Κάλλη
2352 1572 2589 1627 τοσαῦτα
2612 1573 2888 1643 πανταχοῦ
2916 1573 3307 1644 περιδλέπειν;

2134 1665 2199 1717 Τί
2231 1683 2322 1737 μοι
2346 1665 2403 1719 δὲ
2436 1666 2531 1719 καὶ
2559 1664 2705 1730 νοῦς,
2729 1666 2824 1718 καὶ
2849 1664 3090 1732 γλῶττα,
3116 1666 3211 1718 καὶ
3234 1665 3387 1737 φωνὴ
3415 1666 3517 1735 μία

2135 1756 2326 1828 Πλήθη
2353 1756 2593 1810 τοσαῦτα
2616 1756 2912 1826 θαυμάτων
2938 1759 3100 1821 νοεῖν,
3138 1757 3354 1826 λέγειν;

2062 1878 2104 1932 Β
2133 1849 2339 1919 Χρόνος
2367 1849 2425 1902 δὲ
2454 1850 2605 1912 ποῖος
2640 1849 2855 1920 ἡμέρας
2893 1848 3239 1920 περιτρέχειν

2136 1943 2283 1994 Ἂνω
2317 1942 2469 1994 κάτω
2501 1942 2571 1993 τά
2599 1940 2779 1995 πάντα
2803 1941 2899 1993 καὶ
2932 1941 3336 2012 περιγράφειν;

2132 2032 2300 2086 Κάτω
2329 2032 2429 2103 μὲν
2457 2034 2490 2103 ἡ
2522 2032 2597 2103 γῆ
2624 2031 2910 2101 νυμφικῶς
2944 2032 3272 2104 ἐσταλμένη,

2132 2127 2242 2178 Καὶ
2280 2126 2478 2197 μικρὸν
2507 2128 2572 2179 ὲκ
2595 2126 2696 2194 γῆς
2718 2124 2907 2196 ὥσπερ
2932 2124 3065 2194 ὕψος
3091 2127 3332 2197 ἠρμένη,

2130 2219 2355 2288 Πρόεισι
2387 2217 2587 2289 φαιδρὰ
2611 2218 2779 2270 πᾶσιν
2812 2217 3201 2287 ὲξεσταλμένη,

2129 2310 2391 2378 Δάφναις,
2422 2310 2628 2377 φυτοῖς,
2656 2306 2869 2370 θαλλοῖς
2890 2325 2973 2372 τε,
3000 2308 3246 2374 θάμνοις,
3280 2307 3575 2377 ἀμπέλοις,

2128 2404 2372 2466 Κιττοῖς,
2402 2400 2725 2472 κορύμϐοις,
2756 2401 2999 2469 δένδρεσι
3032 2401 3435 2471 καρποτρόφοις
3461 2416 3474 2429 ·

2128 2495 2333 2566 Πηγαὶ,
2367 2495 2535 2558 σκιαὶ,
2562 2493 2811 2559 δόνακες,
2841 2494 3002 2562 ἄλση,
3028 2492 3264 2555 λιϐάδες,

2128 2589 2286 2650 Πόαι,
2313 2586 2503 2658 νομαὶ,
2529 2585 2838 2657 φάραγγες,
2871 2586 3062 2657 ἄκραι,
3096 2584 3364 2646 κοιλάδες,

2126 2679 2421 2751 Δρυμῶνες
2459 2678 2493 2749 ἣ
2523 2678 2812 2749 λειμῶνες,
2843 2679 3016 2750 ἄντρα
3048 2679 3140 2730 καὶ
3164 2677 3359 2740 νάπαι,

2130 2771 2300 2841 ’Λνθη
2329 2770 2401 2824 τά
2428 2770 2629 2837 πάντα,
2652 2770 2834 2825 πάντα
2858 2770 3054 2839 κάλλη,
3078 2770 3188 2823 πᾶν
3213 2767 3413 2841 μύρον,

2125 2861 2242 2913 Πᾶν
2270 2861 2492 2930 χρῶμα,
2527 2858 2747 2929 βύσσος,
2780 2858 3063 2930 πορφύρα,
3098 2859 3321 2930 χρυσὸς,
3347 2859 3512 2926 γάλα.

2140 2951 2442 3015 Ῥοδωνιαὶ,
2474 2953 2760 3023 κρινῶνες,
2791 2952 3046 3022 όδμητῶν
3073 2950 3190 3012 ἴων,

2125 3042 2493 3116 Χρυσάνθεον,
2527 3044 2822 3115 νάρκισσος
2853 3044 2981 3114 ἡδὺς
3020 3042 3113 3096 καὶ
3140 3042 3362 3112 κρόκος,

2136 3136 2196 3190 '0
2230 3135 2584 3207 πορφυρίξων
2614 3134 2869 3198 ὑάκινθος
2899 3134 3085 3205 ἡδίων,

2049 3245 2094 3305 c
2136 3226 2198 3281 '0
2222 3224 2281 3281 δὲ
2308 3225 2582 3296 φλογίζων
2608 3225 3051 3297 ἐκπρεπέστερος
3078 3223 3259 3279 πλέον.

2126 3402 2229 3463 tili,
2256 3400 2528 3455 autetiam
2551 3397 2748 3470 magis,
2774 3399 2820 3454 si
2844 3398 3067 3455 Sirenes
3088 3397 3289 3453 imitari
3305 3397 3459 3453 velis.
3478 3396 3710 3452 Utrum-

2121 3510 2229 3562 qne
2262 3494 2406 3548 enim
2438 3496 2554 3563 ipse
2591 3502 2647 3547 et
2679 3492 2881 3562 agitata
2910 3506 3041 3546 saxa
3076 3491 3234 3561 quasi
3287 3490 3584 3545 animantia
3612 3505 3708 3546 os-

2126 3580 2322 3644 turdis,
2357 3580 2753 3645 ctanimantia,
2783 3596 2905 3651 qua:
2936 3580 3197 3647 volueris,
3231 3579 3381 3635 saxis
3404 3580 3708 3635 adhaerere.

2888 3692 2941 3747 9.

2186 3802 2324 3869 Quis
2343 3813 2427 3857 est
2451 3804 2554 3857 iste
2570 3803 2736 3857 decor
2759 3804 2786 3857 ?
2811 3817 2933 3872 quae
2949 3817 3089 3857 nova
3116 3804 3314 3858 iterum
3334 3804 3584 3859 crcatiol
3609 3812 3708 3858 aut

2116 3895 2239 3964 quis
2272 3897 2377 3949 huc
2434 3895 2721 3948 transtulit
2770 3895 2970 3949 Edcnis
3000 3893 3225 3949 sedem?
3255 3895 3373 3949 Non
3408 3905 3566 3949 terra:
3591 3895 3703 3948 viro

2118 3998 2280 4051 tutes,
2317 3986 2411 4041 sed
2443 3987 2690 4041 omnimn
2720 3998 3098 4042 creaturarum
3134 3988 3241 4041 huc
3288 3997 3701 4052 convenerunt;

2116 4087 2173 4133 et
2203 4085 2454 4131 naturam
2486 4078 2703 4131 incuso.
2736 4076 3028 4142 Quomodo
3052 4077 3198 4131 enim
3261 4077 3399 4131 mihi
3435 4077 3705 4132 sullicicnt

2117 4168 2262 4222 oculi
2288 4168 2420 4231 duo,
2456 4168 2521 4221 ad
2550 4166 3110 4236 circumspiciendum
3137 4168 3340 4236 ubique
3370 4176 3549 4221 tantas
3580 4168 3703 4236 pul-

428 4264 610 4320 statim
648 4263 958 4317 audiverim
986 4262 1305 4318 melodiam.
1339 4261 1497 4316 Sistit
1528 4261 1703 4316 aether
1725 4270 2013 4316 ventorum
2108 4259 2451 4315 chritudines
2474 4259 2497 4312 ?
2524 4258 2801 4328 quomodo
2830 4259 2961 4312 mihi
2998 4274 3172 4324 mens,
3214 4259 3418 4329 lingua,
3447 4274 3550 4312 vox
3571 4275 3701 4324 una,

426 4356 734 4410 contrarios
767 4356 1026 4425 impetus,
1068 4353 1391 4424 comprimit
1413 4352 1640 4408 nubium
1663 4367 1865 4422 opacas
1892 4367 2012 4407 mo-

2108 4352 2482 4423 prodigiornm
2536 4361 2744 4406 tantam
2799 4352 3205 4407 multitudinem
3252 4353 3317 4406 ad
3350 4352 3699 4422 cogitandum

428 4450 538 4513 les;
567 4448 780 4503 videtur
808 4447 1147 4512 lux,arridet
1205 4446 1478 4502 serenitas
1514 4462 1528 4500 :
1563 4445 1823 4500 deorsum
1866 4459 2007 4514 quo-
2044 4503 2082 4514 _
2118 4446 2200 4498 vel
2249 4442 2541 4498 dicendum
2567 4443 2592 4494 ?
2618 4441 2760 4508 Quid
2783 4451 2871 4497 est
2896 4441 3002 4496 diei
3033 4450 3248 4511 tempus
3279 4443 3344 4495 ad
3373 4456 3697 4512 percurren-

426 4553 533 4607 que
564 4551 715 4592 mare
759 4552 1023 4606 spumans
1057 4552 1203 4591 nunc
1243 4517 1427 4591 sedata
1484 4533 1820 4595 inclinatur;
1868 4531 2011 4603 inju-
2044 4503 2089 4559 θ
2118 4537 2248 4592 dum
2273 4536 2460 4590 omnia
2485 4545 2540 4590 et
2561 4535 2627 4589 ad
2651 4534 3106 4602 describendum?
3135 4533 3281 4588 Infra
3297 4534 3442 4587 enim
3468 4535 3702 4589 tellnsnt

426 4629 565 4681 riam
601 4628 870 4692 excussit,
895 4641 1062 4696 quam
1091 4635 1153 4680 ut
1206 4625 1543 4679 homicidum
1587 4638 1776 4678 ensem
1810 4622 1864 4676 in
1908 4629 2016 4676 ter-

424 4735 545 4774 ram
570 4718 839 4782 mittebat,
870 4732 1090 4772 omnem
1123 4717 1409 4771 audaciam
1445 4714 1683 4785 placavit
1710 4731 1726 4780 ;
1767 4725 2012 4783 apertum

428 4820 515 4869 est
543 4811 788 4880 gaudens
820 4811 886 4864 ad
917 4820 1068 4864 tuam
1118 4809 1410 4864 melodiam
1448 4823 1463 4860 :
1501 4806 1798 4863 serenitate
1852 4806 2011 4871 ridet,

423 4900 723 4971 trampiillo
771 4911 827 4955 et
870 4899 1117 4970 jucundo
1168 4908 1416 4969 aspectu.
1446 4896 1636 4953 Pisces
1694 4895 2008 4961 exsultant;

424 4991 721 5061 respondet
771 5001 875 5045 tua
925 4989 1177 5045 melodiaa
1234 4997 1495 5044 cantuum
1538 4990 1753 5044 amicus
1825 4987 2015 5059 alcyon

424 5087 638 5140 alterna
660 5084 929 5151 melodia;
959 5083 1256 5154 delphinus
1294 5083 1452 5153 juxta
1482 5083 1652 5153 lyram
1698 5091 1753 5137 et
1803 5081 2012 5136 circum

422 5181 595 5252 lyram
666 5188 846 5242 natat;
884 5191 1078 5233 scarus
1138 5186 1321 5232 autem
1374 5177 1542 5240 canit,
1594 5174 1832 5229 nautilus
1881 5187 2012 5227 vero

422 5271 747 5342 praecurrit;
816 5269 1089 5339 pompilus
1140 5268 1365 5322 adnatat
1423 5266 1588 5336 paulo
1625 5275 1681 5321 et
1728 5264 2005 5335 praecedit.

426 5363 530 5419 Sed
567 5364 736 5419 timeo
768 5377 835 5416 ne
857 5362 926 5416 ad
953 5360 1267 5416 saltandum
1332 5374 1460 5415 cum
1520 5358 1757 5414 melodia
1814 5372 2006 5428 geren-

423 5464 530 5511 tem
576 5456 759 5510 omnia
796 5468 989 5509 navem
1042 5453 1350 5520 inrantans,
1414 5452 1687 5522 susdequc
1715 5451 1903 5507 omnia
1952 5450 2004 5505 vi

420 5548 729 5617 perturbes,
766 5557 861 5601 aut
883 5547 951 5601 ad
988 5546 1136 5600 illam
1177 5547 1345 5610 feras,
1385 5561 1535 5611 aves,
1578 5546 1757 5615 pisces
1809 5558 2003 5599 ascen-

419 5641 548 5696 dere
594 5653 762 5710 cogas
805 5648 861 5695 et
926 5638 1195 5702 attrahas.
1219 5646 1316 5694 aut
1340 5638 1406 5695 ad
1437 5654 1568 5695 saxa
1622 5639 1845 5695 tendant
1866 5654 2004 5694 nau»

491 5812 535 5845 η
564 5811 725 5868 Nulla
761 5824 845 5870 est
869 5814 1065 5870 divisio
1094 5814 1149 5870 in
1181 5817 1304 5871 cod.

2117 4642 2320 4697 sponsa
2366 4634 2583 4692 ornata,
2612 4635 2668 4681 et
2720 4624 3003 4696 paululum
3053 4640 3084 4679 a
3142 4632 3290 4678 terra
3341 4624 3491 4680 velut
3536 4625 3699 4680 collis

2115 4718 2384 4782 elevatus,
2467 4718 2649 4787 prodit
2726 4717 3015 4786 splendide
3097 4715 3357 4771 omnibus
3434 4715 3696 4770 adornata

2114 4809 2308 4874 lauris,
2361 4810 2582 4880 plantis,
2644 4809 2837 4873 ramis,
2885 4808 3151 4873 arbustis,
3193 4806 3391 4873 vineis,
3456 4806 3697 4873 hederis,

2112 4903 2409 4974 corymbis,
2455 4901 2747 4956 arboribus
2798 4898 3136 4970 frugiferis:
3194 4898 3399 4963 fontes,
3459 4898 3693 4962 umbrae,

2116 4996 2339 5062 calami,
2398 4995 2529 5061 luci,
2573 5008 2845 5064 aquarum
2898 4993 3104 5063 jactus,
3161 4992 3432 5061 gramina,
3469 5007 3698 5060 pascua,

2115 5089 2377 5160 gurgites,
2412 5088 2601 5154 colles,
2651 5087 2841 5153 valles,
2890 5084 3059 5156 sylva:
3089 5095 3185 5138 aut
3216 5094 3399 5154 prata,
3432 5094 3591 5138 antra
3646 5095 3699 5139 et

2116 5196 2363 5246 nemora,
2416 5180 2687 5249 ﬂoresque
2730 5193 2948 5242 omnes,
2991 5192 3185 5232 omnes
3239 5175 3694 5245 pulchritudines.

2110 5287 2303 5328 omnes
2336 5273 2558 5338 odores,
2586 5287 2777 5327 omnes
2791 5270 3028 5337 colores,
3061 5269 3342 5340 byssinus,
3362 5282 3693 5337 purpureus,

2114 5382 2340 5434 aureus,
2372 5366 2620 5431 lacteus;
2663 5364 2898 5429 rosaria,
2936 5363 3048 5417 lilia
3080 5361 3442 5417 odorantihus
3470 5359 3694 5429 iaculis,

2114 5458 2563 5527 chrysantheum,
2600 5457 2881 5512 narcissus
2913 5456 3194 5527 jncundus
3240 5462 3294 5509 et
3314 5468 3535 5516 crocus,
3556 5454 3693 5523 hya-

2112 5550 2332 5606 cinthus
2376 5564 2685 5620 purpureus
2719 5547 3038 5621 jucundior,
3071 5555 3125 5602 et
3153 5546 3440 5601 ﬂammeus
3471 5546 3697 5615 consm-

2112 5657 2251 5699 cuus
2273 5643 2468 5714 magis.
2501 5640 2645 5699 Nihil
2661 5642 2814 5699 abest
2828 5646 3161 5712 eorumnum
3178 5640 3372 5697 adesse
3386 5638 3563 5697 satius
3577 5647 3659 5694 est
3677 5655 3696 5705 ;
