4080 6484
400 475 508 539 913
1703 473 1936 532 CAIIMI
1951 470 2047 531 NA
2082 468 2334 532 VABIK.
3566 453 3667 517 9Ῑὶ

408 591 671 640 ’Δπεστιν
703 585 876 651 οὐδὲν,
905 577 981 637 ὧν
1010 597 1266 652 παρειναι
1296 579 1523 651 βέλτιον,
2015 587 2061 642 Α
2092 580 2249 643 Τίνος
2274 580 2384 650 γάρ
2413 577 2573 631 ἄλλου
2601 577 2775 631 ταῦτα
2801 595 2815 643 ;
2848 576 2928 639 τίς
2964 575 3132 646 πνοὴν
3156 574 3354 645 γλύφει

405 680 678 748 Πάρεστιν
703 675 860 729 οὐδὲν
893 670 974 730 ὧν
1000 677 1255 745 παρεῖναι
1289 675 1332 707 ³⁵
1370 675 1667 746 συμφέρον.
2093 673 2188 735 Τίς
2220 672 2406 742 σχῆμα
2435 671 2530 724 καὶ
2558 670 2640 734 τίς
2666 667 2796 742 ἦθος
2828 670 2861 740 ἢ
2886 669 2967 733 τίς
2993 669 3089 722 καὶ
3121 667 3318 737 λόγονς

403 773 486 824 Τὰ
509 769 721 840 ῥεῖθρα,
751 771 882 822 ποῖα
914 767 1104 838 ῥεῖθρα
1129 768 1240 820 τῶν
1266 767 1440 836 λόγων
1465 769 1662 838 φράσοι
1687 784 1702 828 ς
2093 765 2136 816 Τ
2139 766 2197 816 δν
2223 764 2369 820 ἔνδον
2407 759 2500 835 ᾆδε
2527 764 2751 833 κόσμον,
2781 761 2904 815 ὲλθὶ
2935 761 3071 832 πρὸς
3101 760 3300 829 δόμους
3325 775 3340 789 ·

406 861 626 930 Χρυσᾶ,
657 858 847 928 διειδῆ,
877 857 1087 928 ψυχρὰ,
1117 857 1318 925 κοῦφα,
1348 857 1540 927 μυρία,
2095 856 2191 919 Τίς
2221 855 2490 926 Βεσελεὴλ
2522 854 2859 925 δημιουργὸς
2888 853 2998 906 τῶν
3032 853 3251 919 δόμων;

409 951 549 1003 Μέλι
583 951 792 1020 πέτρας
825 948 1040 1018 ῥέοντα,
1075 947 1298 1017 τερπνῷ
1326 947 1424 1000 σὺν
1459 946 1632 1016 μέλει.
2099 950 2163 1000 Ὣ
2189 949 2370 1020 χειρὸς
2409 948 2566 1020 ἔργα,
2597 945 2802 1018 χειρὸς,
2836 946 2952 999 ἀλλ’
2986 945 3126 1014 ὑπὲρ
3157 943 3396 1014 τέχνηνῑ

409 1044 482 1094 Ἦ
508 1043 710 1111 λουτρά
741 1040 914 1095 ταῦτα
935 1040 1044 1093 τῶν
1079 1041 1338 1110 χαρίτων,
1365 1039 1440 1101 ὼς
1472 1038 1653 1107 λόγος,
2096 1043 2163 1093 Ὢ
2191 1040 2284 1095 νοῦ
2315 1039 2422 1113 πρὸ
2445 1039 2688 1103 πάντων,
2715 1037 2809 1092 νοῦ
2840 1038 2976 1091 νόων
3008 1036 3338 1107 ὑπερτέρου,

411 1137 481 1188 Ἢ
510 1135 712 1207 μᾶλλον
733 1134 874 1188 αὑτά
903 1134 998 1187 καὶ
1022 1135 1240 1204 χάριτες
1270 1133 1352 1196 είς
1382 1132 1558 1204 χύσιν.
1669 1125 1680 1140 ”
2099 1132 2212 1186 Νοῦ
2241 1132 2598 1204 κοσμοποιοῦ,
2622 1131 2715 1185 νοῦ
2740 1129 3174 1202 βασιλικωτάτου
3205 1130 3218 1182 i

413 1230 488 1280 υὺ
523 1230 674 1298 τρεῖς
698 1229 917 1298 ῥέουσαι
955 1227 1178 1296 μᾶλλον,
1210 1224 1346 1280 ἀλλὰ
1377 1225 1589 1295 μυρίαι.
2104 1227 2277 1294 ’Λφες
2310 1224 2381 1277 τὰ
2398 1225 2499 1294 τῆς
2521 1224 2652 1292 γῆς,
2676 1225 2774 1276 καὶ
2801 1222 2871 1276 τὰ
2892 1223 3002 1276 τῶν
3033 1222 3148 1276 ἄνω
3181 1221 3406 1275 σκόπειο

416 1319 487 1370 Ἢ
511 1318 780 1388 τέσσαρες
816 1317 1033 1388 ῥέοντες
1057 1315 1117 1380 ἐξ
1138 1315 1304 1384 Ἐδὲμ
1326 1314 1496 1368 πάλαι
2101 1318 2168 1369 Ὢ
2190 1315 2415 1385 φαιδρὸς
2438 1315 2569 1385 ἀὴρ,
2610 1314 2808 1385 μικρὸν
2837 1314 3055 1382 ἄφωτος
3089 1311 3248 1384 χύσις
3276 1314 3291 1368 ι

417 1414 654 1485 Κρουνοὶ
687 1412 1112 1484 καταρδεύουσιν
1137 1411 1300 1481 Ἐδὲμ
1326 1410 1426 1480 τὴν
1457 1410 1606 1464 νέαν.
2105 1409 2169 1459 Ὣ
2199 1407 2396 1478 κρᾶσις
2421 1404 2615 1476 ὼρῶνι
2647 1405 2692 1457 ὣ
2732 1405 3023 1474 θεαμάτων
3065 1402 3252 1473 βλύσις
3278 1403 3292 1455 l

419 1505 659 1575 Κρῆναι,
685 1505 892 1574 λίμναι,
928 1506 1112 1575 τέχναι
1151 1503 1207 1556 δὲ
1236 1502 1442 1556 τούτων
1473 1502 1660 1573 μυρίαι
2106 1499 2303 1567 "nm,
2333 1497 2552 1567 τέχνης,
2580 1495 2706 1564 γῆς,
2735 1495 2920 1566 ἀέρος,
2949 1495 3151 1564 φωτὸς,
3188 1493 3373 1547 πόλου.

419 1595 532 1657 Τάς
564 1595 758 1664 ἡδονάς
785 1594 1037 1664 βλύζουσι
1067 1593 1175 1646 τῶν
1207 1591 1438 1664 ῥείθρων
1470 1593 1653 1648 πλέον.
2107 1590 2205 1653 Τίς
2230 1588 2483 1660 Σολομὼν
2514 1588 2726 1660 ἤσκησε
2755 1588 2916 1659 τήνδε
2947 1586 3046 1658 τὴν
3078 1588 3294 1652 κτίσιν;

419 1687 685 1754 Θέλγουσι
711 1685 888 1740 ταῦτα
919 1688 1014 1739 καὶ
1041 1685 1224 1748 λίθους
1247 1685 1342 1737 καὶ
1367 1683 1555 1754 θηρία.
2106 1681 2205 1745 Τίς
2231 1683 2327 1745 τάς
2357 1680 2550 1752 φύσεις
2581 1678 2816 1750 συνῆξεν
2844 1679 2924 1742 εἰς
2961 1677 3092 1749 μίαν
3122 1677 3312 1743 θέσιν;

435 1779 599 1850 Ὁρᾷς
622 1781 692 1832 τά
726 1778 931 1848 πλήθη,
963 1777 1158 1847 θῆρας,
1188 1777 1392 1847 ὄρνεις,
1432 1775 1619 1846 ἰχθύας
1644 1794 1662 1842 ;
2110 1777 2208 1838 Τίς
2227 1776 2327 1838 τὰς
2363 1773 2558 1844 φύσεις
2593 1771 2796 1842 μετῆξε
2828 1771 3032 1842 μᾶλλον
3062 1773 3128 1824 ὲκ
3156 1771 3355 1841 τέχνης
3379 1813 3396 1836 ,

423 1869 580 1923 Δοκῶ
609 1869 835 1922 λιπόντα
869 1872 1047 1923 πάντα
1078 1866 1172 1920 τοῦ
1207 1867 1414 1938 κόσμου
1441 1868 1608 1920 τόπον
2044 1929 2081 1938 ,Α
2113 1869 2283 1938 Σοφὴ,
2311 1867 2451 1937 σοφὴ
2480 1865 2649 1937 φρὴν,
2678 1866 2712 1936 ἠ
2743 1863 3017 1934 βασίλειος
3052 1864 3239 1932 φύσις,

431 1961 527 2024 Ὠς
564 1955 715 2014 οἷκον
742 1953 900 2028 εὗρον
922 1959 1104 2013 κοινὸν
1135 1949 1237 2010 ὧδε
1263 1929 1356 2010 τόν
1388 1959 1577 2023 τόπον,
2043 1929 2085 1980 υ
2113 1929 2402 2029 ἰ’δθαῦμα
2429 1929 2536 2028 τῆς
2556 1929 2986 2026 έῆςξό-στέφων
3027 1929 3120 2010 καὶ
3151 1955 3463 2026 τδστέφος,

428 2055 503 2106 ἻΙ
539 2051 677 2124 πρὸς
695 2053 768 2105 ’τδ
791 2053 986 2115 κάλλος
1016 2052 1396 2122 συνδραμόντα
1421 2053 1712 2118 δεσπότου,
2117 2052 2346 2106 Πάντων
2372 2050 2656 2121 κρατήσας
2689 2047 2981 2120 βαρϐάρων
3007 2048 3346 2122 τυραννίδος,

436 2141 526 2204 Ὠς
555 2141 693 2212 πρὸς
724 2143 887 2213 μέλος
913 2141 1138 2212 μένουσι
1161 2141 1224 2194 τὸ
1256 2143 1385 2210 πρὶν
1428 2144 1693 2212 Ὀρφέως.
2119 2144 2339 2208 Ιῖαθῶν,
2367 2142 2648 2212 ἀναγκῶν,
2685 2142 2945 2213 γαστρὸς,
2970 2140 3164 2207 ὕπνου,
3201 2139 3529 2211 φροντίδων,

429 2231 707 2302 ’ᾼδουσιν,
745 2232 1084 2302 ἀντᾴδουσιν,
1126 2229 1328 2300 ἀηδὼν,
1361 2231 1578 2296 κύκνος,
2120 2234 2283 2288 Ζὼων
2309 2251 2369 2286 τε
2397 2235 2640 2295 πάντων,
2673 2233 2884 2287 ὑδάτων
2922 2233 3018 2287 καὶ
3050 2232 3280 2303 θηρίων,

427 2320 640 2386 Τέττιξ,
673 2323 919 2392 χελιδών,
963 2322 1027 2374 Ἦ
1057 2321 1284 2392 τρυγὼν
1317 2323 1507 2392 τρύζει
1546 2323 1713 2391 μέγα,
2121 2329 2231 2381 Καὶ
2260 2328 2372 2380 τῶν
2404 2325 2601 2394 λόγων,
2633 2323 2730 2380 νῦν
2755 2325 2830 2390 ὡς
2861 2325 2993 2396 ὁρῶ,
3029 2325 3125 2378 καὶ
3151 2323 3262 2377 τῶν
3289 2325 3489 2396 νόμων,

430 2413 629 2484 Πέρδιξ
660 2413 898 2477 κελαδεῖ,
930 2413 1328 2484 λαμπροφωνεῖ
1363 2413 1646 2484 στρουθία,
2122 2420 2204 2472 Τὰ
2232 2419 2411 2471 πάντα
2441 2417 2651 2486 φαίνων
2673 2417 2828 2488 ἥλιος
2852 2418 2946 2471 καὶ
2972 2416 3257 2471 καλλὺνιοιν

433 2506 605 2567 Πίτυς
638 2504 868 2574 μελίζειν
895 2506 1111 2576 ῥεῖθρον
1140 2507 1264 2576 ἠχεῖ
1290 2505 1611 2575 βλυστάνον,
2125 2512 2428 2566 Κάλλιστον
2463 2510 2627 2573 αὐτός
2662 2513 2778 2563 ἐστι
2805 2509 2996 2580 χρῆμα
3021 2509 3116 2562 τοῦ
3148 2509 3288 2579 βίου.

434 2596 635 2666 Τρὲχει
664 2597 869 2665 λαγὼς,
906 2597 1169 2668 σκιρτῶσι
1205 2597 1390 2667 θῆρες.
1422 2597 1704 2668 δορκάδες,
2125 2605 2238 2658 Καὶ
2269 2605 2448 2658 πάντα
2472 2601 2644 2674 κάλλη
2684 2601 2960 2670 συλλέγων
2982 2604 3009 2654 ό
3035 2602 3307 2671 δεσπότης
3429 2675 3433 2679 ι

438 2685 634 2757 Χαίρει
670 2687 738 2740 τὰ
775 2687 976 2754 πάντα,
1003 2690 1179 2742 πάντα
1206 2689 1317 2743 τῶν
1347 2691 1569 2759 μουσῶν
1600 2693 1738 2761 γένη
2125 2697 2202 2750 Τὸ
2224 2698 2472 2767 κρεῖττον
2502 2695 2666 2758 αὐτός
2693 2696 2814 2748 ἐστι
2839 2693 3037 2755 κάλλος
3063 2693 3160 2747 τοῦ
3195 2694 3367 2747 τόπου

441 2773 672 2842 Τέρπει,
706 2777 774 2830 τὰ
803 2778 984 2830 πάντα
1011 2778 1296 2846 τέρπεται,
1333 2780 1408 2850 τῷ
1445 2781 1682 2853 δεσπότῃ
2129 2787 2340 2851 uno;
2363 2787 2420 2842 δὲ
2452 2785 2656 2856 μᾶλλον
2690 2786 2916 2840 κάλλεσι
2946 2789 3061 2850 τοῖς
3096 2787 3153 2838 ἐν
3182 2785 3333 2856 τόπῳ

440 2866 654 2918 Μέλπει
693 2868 758 2922 τὰ
781 2869 960 2922 πάντα
983 2871 1099 2932 καὶ,
1134 2870 1296 2935 δοκῶ,
1327 2873 1417 2925 τὸν
1438 2873 1728 2944 δεσπότην.
2130 2879 2428 2947 Λάμπουσι
2452 2876 2737 2949 λαμπτὴρ,
2762 2894 2819 2930 τε
2829 2878 3149 2950 ρπνοτήτων
3177 2875 3505 2948 τερπνότης.

443 2956 567 3012 Ποῦ
587 2959 950 3029 Πραξιτέλους
975 2961 1111 3031 ἔργα
1137 2979 1152 3024 ς
1185 2962 1288 3014 ποῦ
1330 2963 1387 3016 δὲ
1417 2965 1627 3017 Φειδίου
1653 2982 1668 3032 ;
2131 2965 2338 3021 Τοῦτον
2365 2965 2509 3021 δοκῶ
2539 2984 2633 3037 μοι
2661 2967 2754 3022 τὸν
2781 2967 2949 3022 τόπον
2982 2965 3078 3021 καὶ
3106 2966 3404 3036 Φωσφόρος

443 3050 552 3102 Ital.
579 3049 684 3102 ποῦ
716 3051 1043 3119 Λυσίππου;
1080 3054 1185 3105 ποῦ
1211 3054 1268 3106 δὲ
1298 3055 1393 3108 καὶ
1417 3055 1782 3110 Πολυκλείτου
1809 3103 1828 3126 ,
2134 3059 2358 3131 Πρῶτος
2394 3057 2606 3129 βλέπων
2639 3059 2821 3130 ἵστησι
2850 3061 2942 3113 τὸν
2971 3056 3211 3130 χρυσοῦν
3239 3057 3454 3128 δίφρον.

441 3141 608 3208 Λέγει
637 3140 704 3194 τὰ
733 3140 950 3210 γλυπτὰ
978 3141 1154 3197 ταῦτα
1176 3159 1192 3176 ·
1219 3144 1316 3196 καὶ
1350 3143 1458 3214 γὰρ
1484 3146 1577 3198 καὶ
1600 3145 1738 3199 λάλα
1759 3161 1776 3176 ⁸
2147 3148 2354 3202 Ὁκνῶν
2379 3147 2658 3214 ἀπελθεῖν,
2694 3149 2790 3203 καὶ
2810 3151 3041 3220 δραμεῖν
3076 3150 3212 3220 πρὸς
3243 3148 3510 3219 ἑσπέραν.

441 3231 564 3287 Κᾶν
600 3233 676 3304 μὴ
704 3234 792 3288 λά)
804 3251 861 3302 α,
885 3236 1151 3308 κράζουσι
1181 3239 1303 3301 ταῖς
1330 3238 1548 3310 τέχναις
1570 3239 1741 3309 ὅμως.
2137 3239 2260 3296 Οὐδ’
2295 3240 2339 3272 ¹⁶
2369 3240 2684 3313 ἀντιλάμψῃ
2711 3241 3004 3314 δεσπότης,
3033 3240 3340 3312 ἡττημένος

437 3414 578 3468 nihil
603 3413 758 3469 adest
779 3429 970 3471 eorum
1004 3429 1127 3485 (piae
1183 3415 1377 3471 abesse
1423 3415 1598 3470 decet.
1625 3414 1814 3482 ltivos,
1850 3417 2030 3487 qualia
2061 3419 2104 3480 α
2139 3416 2310 3482 lebra,
2331 3418 2385 3473 in
2413 3417 2610 3473 domos
2635 3417 2940 3488 ingredere.
2960 3417 3096 3485 Quis
3120 3418 3363 3473 Bezelcel
3388 3419 3730 3477 architectus

444 3523 594 3562 rivos
627 3509 792 3562 verba
829 3507 1050 3563 dicent?
1083 3524 1306 3575 aureos,
1341 3508 1618 3576 limpidus,
1657 3509 1909 3579 frigidos,
1945 3527 2031 3563 ra-
2134 3511 2422 3566 domorum
2449 3512 2463 3565 !
2499 3509 2544 3566 0
2573 3526 2770 3566 manus
2791 3527 2953 3582 opus,
2985 3528 3202 3578 manus,
3227 3511 3322 3568 sed
3359 3521 3528 3566 artem
3559 3528 3728 3582 supe-

444 3600 633 3669 pidos,
681 3615 1031 3662 numerosos,
1066 3601 1225 3656 melle
1277 3609 1566 3658 manantes
1618 3619 1648 3658 e
1697 3603 1870 3668 saxis,
1907 3619 2030 3658 cum
2135 3604 2291 3657 rans!
2325 3618 2358 3658 ο
2398 3612 2634 3659 mentem
2679 3605 3116 3673 praestantiorem
3173 3604 3455 3668 omnibus,
3487 3614 3728 3659 mentem

429 3693 691 3762 jucundo
722 3707 896 3759 sono;
941 3693 1024 3747 vel
1063 3692 1256 3748 balnea
1291 3694 1394 3749 ista
1427 3693 1772 3762 Gratiarum,
1812 3707 1872 3750 ut
1897 3696 2036 3750 diei-
2143 3696 2422 3750 mentibus
2444 3695 2810 3766 superiorem,
2833 3704 3074 3751 mentem
3111 3695 3464 3762 creatricem,
3491 3704 3728 3751 mentem

429 3799 559 3849 iur,
585 3786 666 3841 vel
701 3785 886 3856 potius
935 3785 1028 3839 illa
1060 3784 1264 3841 Gratiae
1294 3787 1426 3856 ipsa:
1449 3787 1502 3840 in
1553 3787 1896 3854 effusionem,
1924 3804 2032 3842 non
2140 3787 2667 3858 reginamiLiuque
2701 3787 3007 3852 terrestria,
3029 3802 3266 3857 superna
3307 3787 3554 3854 intuere;
3596 3803 3629 3841 ο
3652 3787 3737 3840 lu-

433 3888 567 3932 tres
619 3886 831 3931 tantum
888 3877 1231 3933 eii‘undentes
1303 3879 1397 3934 sed
1453 3879 1622 3945 mille,
1671 3881 1755 3935 vel
1799 3891 2038 3949 quatuor
2141 3879 2324 3934 cidum
2401 3893 2607 3944 aerem,
2655 3895 2878 3950 parvam
2957 3879 3236 3934 non-lucis
3301 3878 3660 3934 eliusionem!
3701 3898 3736 3931 υ

433 3971 680 4024 [luentes
725 3984 791 4022 ex
826 3968 970 4023 Eden
1013 3969 1143 4024 olim
1202 3970 1303 4024 rivi
1347 3971 1579 4041 irrigant
1614 3972 1758 4028 Eden
1808 3988 2035 4028 novum.
2143 3981 2526 4042 tempestatum
2559 3973 2916 4043 temperiem!
2952 3988 2984 4027 ο
3009 3973 3450 4042 spectaculorum
3490 3973 3731 4026 fontem!

440 4061 682 4124 fontes,
712 4059 930 4133 fistulae,
965 4073 1112 4116 artes
1145 4063 1363 4128 illorum
1396 4062 1623 4117 infinita:
1665 4065 1838 4135 magis
1892 4065 2039 4119 rivo-
2145 4069 2409 4130 materiae,
2430 4065 3271 4131 artis,terr:e,acris,lucis,c(eli
3293 4082 3306 4131 ;
3329 4065 3452 4135 quis
3472 4063 3736 4118 Salomon

443 4169 576 4208 tum
606 4152 832 4208 delicias
863 4153 1150 4208 ell‘undunt
1183 4173 1195 4208 :
1229 4155 1515 4208 iucantant
1542 4155 1625 4211 vel
1661 4155 1804 4211 feras
1831 4169 1882 4212 et
1909 4173 2040 4213 sava
2147 4156 2423 4211 ordinavit
2482 4157 2627 4211 hanc
2659 4155 3038 4212 creationem?
3073 4155 3210 4222 Quis
3241 4165 3468 4209 naturas
3527 4155 3730 4208 coadu-

442 4247 592 4314 ipsa.
659 4243 825 4299 Vides
876 4244 1328 4309 multitudinem,
1377 4244 1546 4310 feras,
1600 4262 1753 4313 aves,
1811 4248 2044 4316 pisces?
2150 4248 2301 4302 navit
2335 4249 2389 4302 in
2418 4263 2592 4302 unum
2637 4247 2816 4317 opus?
2847 4247 2985 4314 Quis
3023 4257 3248 4302 naturas
3301 4246 3485 4318 potius
3514 4260 3609 4314 per
3649 4261 3742 4298 ar—

447 4336 588 4392 Mihi
624 4337 878 4390 videntur
912 4337 1142 4406 liquisse
1189 4351 1412 4392 omnem
1470 4339 1662 4394 mundi
1716 4347 1952 4409 partem,
1985 4349 2046 4393 ut
2149 4349 2257 4395 tem
2309 4338 2738 4396 transmutavit?
2769 4339 3034 4410 Sapiens,
3061 4339 3285 4409 sapiens
3336 4353 3514 4400 mens,
3541 4338 3742 4407 regalis

448 4429 529 4484 ibi
557 4429 659 4482 hoc
697 4428 818 4481 luco
849 4429 1032 4484 sedem
1067 4429 1413 4496 invenirent;
1450 4431 1534 4484 vel
1565 4431 1630 4485 ad
1677 4430 2041 4500 pulchritudi-
2137 4440 2384 4499 natura,
2425 4440 2586 4484 terrae
2649 4430 3003 4494 miraculum,
3067 4442 3345 4483 coronans
3403 4436 3458 4481 et
3510 4441 3738 4489 corona,

450 4537 583 4578 nem
616 4521 830 4576 Domini
904 4525 1275 4587 concurrisse,
1309 4533 1371 4578 ut
1418 4523 1485 4578 ad
1514 4533 1736 4579 cautum
1770 4523 1900 4578 olim
1949 4523 2049 4579 Or-
2148 4524 2398 4578 omnium
2429 4524 2792 4578 barbarorum
2827 4523 3173 4594 tyrannidem
3203 4521 3456 4586 vincens,
3487 4519 3734 4579 dolores.

450 4613 581 4683 phei
623 4613 1009 4682 properabant.
1038 4615 1298 4682 Cantaut,
1342 4623 1397 4669 et
1431 4617 1688 4671 cantibus
1714 4617 2049 4686 respondent
2153 4618 2540 4684 necessitates,
2598 4623 2872 4682 ventrem,
2935 4630 3219 4680 somnum,
3276 4628 3461 4679 curas,
3495 4613 3744 4666 animau-

451 4704 713 4766 luscinia.
748 4718 976 4776 cycnus,
1010 4703 1222 4771 cicada,
1255 4705 1522 4761 hirundo.
1550 4704 1760 4760 Turtur
1811 4707 2044 4759 multum
2082 4771 2116 4780 _
2155 4709 2340 4780 tiaque
2374 4719 2593 4772 cuncta,
2622 4723 2795 4779 aquas
2820 4717 2874 4763 et
2903 4707 3134 4769 belluas,
3169 4716 3223 4761 et
3244 4720 3529 4761 sermones
3562 4721 3731 4770 nunc,

451 4797 647 4867 gemit,
692 4771 878 4866 perdix
945 4798 1210 4864 clamitat,
1237 4798 1408 4869 garrit
1442 4813 1657 4868 passer,
1713 4799 1886 4868 pinus
1939 4799 2046 4852 mel
2082 4771 2123 4824 ῃ
2155 4813 2213 4854 ιιι
2242 4771 2421 4868 video,
2452 4808 2508 4855 et
2534 4771 2710 4870 leges:
2737 4798 2923 4854 omnia
2951 4799 3234 4855 illustrans
3265 4798 3346 4854 sol
3372 4807 3426 4852 et
3455 4797 3744 4860 decoratis,

452 4887 650 4954 stillat,
723 4886 872 4941 rivus
921 4897 1274 4952 murmurat,
1336 4888 1491 4958 lepus
1546 4891 1759 4953 currit,
1841 4889 2048 4943 saliunt
2155 4894 2243 4949 hic
2266 4903 2348 4948 est
2392 4892 2828 4962 pulcherrimum
2872 4891 3061 4945 mundi
3128 4891 3357 4945 bonum.
3423 4886 3492 4943 Et
3551 4902 3745 4942 omnes

455 4985 612 5046 ferte,
665 4989 718 5034 et
762 4979 949 5048 capri;
987 4982 1168 5034 omnia
1219 4981 1477 5050 gaudent,
1527 4981 1712 5036 omnia
1768 4995 2048 5035 musarum
2153 4985 2595 5056 pulchritudines
2634 4997 2980 5054 congregans
3020 4981 3305 5044 dominus,
3338 4982 3456 5050 ipse
3494 4979 3744 5050 pulchri-

457 5090 660 5147 genera
685 5075 1180 5138 delectant,omuia
1207 5073 1836 5141 delectantur;domino
1866 5076 2049 5129 omnia
2153 5079 2283 5134 tudo
2332 5077 2570 5132 maxima
2626 5085 2709 5131 est
2785 5074 2932 5140 loci;
2975 5074 3330 5144 pulchritudo
3387 5073 3572 5142 potius
3626 5073 3747 5140 pul-

453 5179 685 5224 cantant
706 5177 782 5232 et,
804 5177 860 5222 ut
883 5167 1102 5236 Opinor,
1131 5168 1443 5224 dominum.
1475 5166 1579 5223 Ubi
1607 5166 1899 5222 Praxitelis
1921 5183 2052 5237 ope-

2150 5172 2555 5228 chritudinibus
2582 5169 2635 5224 in
2664 5169 2784 5223 loco
2814 5166 3229 5238 splendentibus
3283 5165 3630 5236 splendorem
3666 5163 3744 5214 fe-

456 5262 562 5320 ra?
583 5260 680 5317 Ubi
700 5260 942 5316 Phidiae?
963 5258 1064 5316 Ubi
1087 5260 1344 5332 Lysippi?
1366 5259 1466 5316 Ubi
1484 5260 1777 5333 Polycletis
1793 5260 2052 5331 quoque?
2158 5281 2308 5330 rens,
2332 5263 2594 5318 decorum
2619 5261 2805 5315 decor.
2843 5258 3018 5324 Hunc,
3061 5267 3119 5312 ut
3153 5257 3286 5312 mihi
3309 5255 3544 5322 videtur,
3564 5255 3742 5307 locum

458 5356 795 5424 Loquuutur
844 5353 1031 5408 omnia
1071 5354 1186 5408 [rec
1220 5355 1530 5423 exsculpta,
1562 5368 1688 5408 nam
1727 5362 1782 5408 et
1853 5354 2049 5422 loqua-
2161 5354 2385 5410 Lucifer
2416 5353 2629 5422 primus
2667 5349 2859 5404 videns
2891 5346 3036 5403 sislit
3055 5363 3281 5402 aureum
3313 5361 3560 5407 currum,
3597 5344 3746 5398 abire

459 5441 549 5500 ria
612 5447 819 5512 etiam,
868 5456 921 5501 et
979 5446 1106 5500 licet
1151 5461 1260 5500 non
1320 5447 1570 5517 loquacia
1628 5444 1876 5512 fuerint,
1943 5455 2058 5499 arte
2161 5459 2433 5510 metuens,
2471 5453 2524 5498 et
2563 5443 2628 5497 ad
2691 5441 3042 5497 Occidentem
3089 5455 3334 5510 pergere.
3372 5435 3463 5491 Vix
3522 5435 3748 5490 emicuit

460 5541 708 5593 clamant
739 5550 947 5593 tamen.
1002 5538 1306 5609 Cuiusnam
1353 5538 1500 5593 enim
1559 5535 1700 5593 alius
1741 5537 1858 5592 lucc
1889 5536 2061 5593 sunt"
2158 5541 2435 5604 dominus,
2467 5539 2644 5593 victus
2687 5537 2874 5591 statim
2935 5534 3067 5600 abit,
3115 5543 3166 5589 et
3208 5533 3335 5604 ejus
3376 5528 3744 5603 pulchritudi-

462 5633 591 5702 quis
639 5633 890 5702 spiritum
923 5631 1163 5702 sculpit?
1188 5630 1326 5696 Quis
1354 5631 1632 5696 vestitum,
1677 5630 1804 5700 quis
1855 5644 2059 5694 mores,
2165 5649 2289 5690 nem
2325 5648 2433 5688 non
2464 5630 2722 5688 sustinet.

463 5727 595 5797 quis
627 5741 934 5781 sermonem
959 5725 1125 5780 etiam
1144 5725 1279 5780 dat?
1327 5724 1648 5780 Interiorem
1683 5733 1942 5779 ornatum
1970 5737 2061 5780 cc-

548 5910 589 5942 “
619 5909 736 5966 Vid.
773 5911 876 5981 leg.
909 5904 982 5966 ὧν
1010 5912 1246 5974 ἀπεῖναι.
1328 5915 1369 5947 ⁸⁸
1399 5911 1531 5986 Leg.
1561 5911 1726 5970 credo
1764 5911 1811 5965 εἰ
1843 5911 1908 5966 δ’.
