4080 6400
447 372 551 435 915

453 484 704 538 Ἀπεισιν
732 484 919 552 εὐθὺς,
952 486 1048 541 καὶ
1081 488 1139 541 τὸ
1173 486 1366 551 κάλλος
1395 488 1458 541 οὗ
1494 488 1670 559 φέρει.

1205 589 1258 637 ι’.

520 672 707 727 Ἀλλοι
742 675 1173 728 κατοικείτωσαν
1204 678 1285 740 εἰς
1315 677 1417 747 γῆν
1443 676 1518 741 ὡς
1553 676 1721 748 μῦεςο

455 763 544 826 Ὦς
576 768 825 837 ἑρπετῶν
855 769 1105 838 χείριστα
1136 769 1231 825 καὶ
1257 768 1364 822 τῶν
1396 772 1710 837 κνωδάλων,

444 853 730 923 Τρὼγλας,
766 857 1076 927 χαράδρα-ς’
1115 858 1176 911 οὗ
1212 858 1318 929 γὰρ
1347 859 1525 922 οἰκίας
1550 860 1694 934 λόγῳ
1726 865 1774 895 ﬂ

442 947 693 1018 Σπήλαια
733 950 825 1003 καὶ
856 951 1144 1023 σήραγγας
1168 952 1202 1021 ἢ
1236 952 1504 1021 μυωξίας,

444 1042 513 1092 Ἣ
542 1042 718 1112 σαθρὰ
751 1043 846 1096 καὶ
874 1044 1150 1113 τρέμοντα
1184 1045 1412 1113 παίγνια
1441 1046 1639 1117 ξύλων,

445 1132 708 1202 Ἀθυρμα
739 1135 969 1200 παίδων,
998 1135 1135 1206 ἔργα
1173 1139 1266 1189 καὶ
1298 1139 1478 1208 πάσης
1503 1139 1649 1209 βίας,

444 1227 731 1297 Ὄμϐριον,
758 1228 955 1298 πυρὸς,
988 1229 1232 1301 σεισμῶν
1259 1247 1319 1283 τε
1348 1230 1634 1302 βρασμῶν,
1674 1233 2025 1305 πνευμάτων.

450 1319 617 1389 Ἡμῖν
644 1320 777 1381 Θεὸς
806 1320 1009 1374 δέδωκε
1044 1319 1254 1387 πύργον
1283 1322 1486 1393 ἰσχύος,

438 1410 657 1481 Πύργον
694 1410 938 1481 βεϐαίου,
966 1412 1178 1480 πύργον
1206 1414 1487 1485 άρῤήκτου
1530 1414 1670 1485 βίου,

438 1498 665 1552 Πάντων
691 1499 1006 1570 κρατοῦντα
1028 1500 1139 1553 τῶν
1168 1501 1359 1555 παθῶν
1389 1503 1496 1555 τῶν
1535 1504 1629 1561 τοῦ
1657 1505 1800 1575 βίου,

438 1590 548 1642 Ka‘t
570 1589 868 1661 βαρϐάρων
899 1592 1104 1663 χειρῶν
1128 1610 1187 1645 τε
1220 1595 1315 1647 καὶ
1339 1598 1758 1665 τεχνασμάτιυν,

440 1680 665 1734 Πάντων
693 1681 876 1734 καλῶν
906 1682 1148 1751 γέμοντα
1180 1686 1274 1737 καὶ
1311 1684 1604 1757 θεαμάτων
1623 1702 1639 1719 ο

438 1770 721 1841 Πύργωμα
748 1771 1003 1845 κάλλους,
1032 1774 1243 1844 πύργον
1274 1777 1557 1847 άφράστου
1588 1779 1810 1846 γάνους,

447 1864 543 1917 Ἐκ
580 1868 708 1935 γῆς,
737 1865 1033 1937 θαλάττης,
1061 1868 1245 1937 ἀέρος,
1279 1869 1478 1937 φωτὸς,
1504 1852 1670 1925 πόλου
1693 1889 1706 1902 ο

437 1955 679 2015 Κάλλους
710 1956 767 2010 δὲ
796 1957 999 2025 μᾶλλον
1022 1960 1222 2028 κρᾶμα
1251 1960 1360 2011 τῶν
1381 1959 1562 2029 ὡρῶν,
1591 1962 1722 2031 ὅρον

437 2046 541 2115 Γῆς
572 2047 667 2099 καὶ
690 2046 968 2116 θαλάττης
1000 2049 1201 2118 δεσμός
1231 2051 1370 2112 ἐστι,
1395 2052 1500 2104 κᾶν
1539 2053 1665 2121 ὄρος

433 2138 623 2191 Συνδεῖ
652 2139 777 2193 κατ’
810 2140 942 2193 αὐτὸ
975 2142 1066 2194 καὶ
1097 2142 1328 2213 διείργει
1359 2145 1458 2207 τὰς
1486 2146 1678 2213 φύσεις
1700 2164 1714 2179 ·

433 2229 607 2300 ’Ὕψος
633 2231 909 2295 κολοσσὸς,
943 2235 1038 2286 καὶ
1070 2235 1282 2304 τέμνων
1310 2237 1401 2289 τὸν
1426 2239 1566 2307 ἀέρα
1590 2257 1603 2271 ·

436 2320 692 2385 ίῖιὰζεταί
717 2341 834 2386 πως
868 2325 963 2377 καὶ
993 2325 1133 2396 πρὸς
1162 2327 1355 2400 αἰθέρα
1386 2331 1610 2398 φθάσαι.

430 2414 505 2466 Τὸ
530 2414 575 2466 δ’
604 2411 765 2484 εὖρος
795 2417 981 2485 εὐρὺς,
1009 2418 1104 2471 καὶ
1136 2418 1197 2471 τὸ
1233 2421 1413 2490 μῆκός
1444 2439 1497 2475 τι
1523 2422 1707 2480 πλέον.

430 2503 663 2575 ’Λμφοῖν
694 2507 750 2561 δὲ
777 2510 992 2562 τούτοιν
1025 2510 1241 2576 κάλλος,
1270 2512 1387 2566 ἀλλ’
1416 2515 1542 2571 ὅσον
1571 2516 1755 2575 πλέον.

431 2599 645 2669 Κοσμεῖ
663 2599 845 2663 λίθους
872 2603 932 2654 τὸ
958 2604 1146 2672 σχῆμα
1171 2607 1514 2675 τετραγωνία

441 2691 689 2756 Ἑξαισία
723 2711 807 2756 τις
835 2694 1056 2766 ἁρμογὴ
1085 2698 1177 2749 καὶ
1210 2698 1347 2767 πρὸς
1373 2699 1540 2771 τρίχα

428 2783 505 2836 Τδ
539 2783 726 2854 σχῆμα
759 2785 994 2857 πύργου,
1023 2788 1212 2859 σχῆμα
1236 2789 1438 2846 λεπτοῦ
1467 2794 1671 2867 κηρίου

429 2877 503 2930 Τὸ
537 2878 727 2948 σχῆμα
758 2879 1046 2934 κάλλιστον
1078 2883 1353 2951 ἐξαγωνία

430 2966 634 3043 Ἷιρται
665 2974 802 3044 πρὸς
832 2975 1031 3045 ἄστρα,
1066 2976 1161 3029 καὶ
1185 2976 1254 3030 τὰ
1291 2978 1462 3050 κάλλη
1497 2978 1594 3034 τοῦ
1635 2981 1823 3036 πόλου.

426 3065 517 3135 Μή
552 3083 641 3133 μοι
673 3066 911 3120 παλαιὰν
940 3066 1116 3139 φράζε
1146 3071 1517 3141 πυργοποιίαν
1548 3089 1563 3103 ·

436 3155 677 3224 Ἐκεῖνος
702 3159 856 3214 οὔπω
885 3160 1116 3239 πύργος.
1165 3164 1281 3217 ἀλλ’
1313 3161 1427 3239 εἶχε
1464 3165 1616 3229 τέλος
1643 3183 1658 3197 ο

1125 3343 1211 3397 10.

498 3430 603 3487 Alli
654 3431 905 3488 habitent
938 3434 990 3488 iu
1019 3447 1160 3490 terra
1193 3446 1251 3491 ut
1292 3452 1501 3501 mures,
1554 3446 1612 3490 ut
1668 3438 2008 3507 Serpentium

429 3528 665 3596 pessima
709 3537 762 3583 et
794 3528 1058 3594 ferarum,
1095 3540 1250 3585 antra
1284 3542 1341 3586 et
1386 3546 1666 3598 concava;
1722 3548 1828 3585 non
1862 3533 2007 3585 enim

429 3621 624 3675 domos
650 3622 794 3685 dico,
826 3622 1118 3692 speluncas
1145 3633 1197 3681 et
1222 3638 1487 3677 cavernas
1513 3632 1566 3676 et
1595 3622 1900 3685 cuniculos,
1929 3622 2008 3675 vel

427 3714 633 3768 caduca
665 3724 718 3769 ct
758 3714 1045 3773 trementia
1089 3731 1119 3769 e
1187 3716 1348 3785 lignis
1400 3716 1650 3777 :cdilicia,
1714 3731 2009 3784 puerorum

426 3808 682 3870 ludibria,
708 3810 919 3875 prtedas
940 3808 1234 3878 cujuslibet
1287 3809 1584 3873 violentia),
1614 3808 2011 3877 procellarum,

424 3898 769 3968 iguis,terr:e
803 3906 1076 3959 motuum,
1103 3908 1414 3952 ventorum.
1466 3897 1633 3952 Nobis
1673 3902 1812 3952 l)i-us
1865 3897 2014 3952 dedit

426 3993 618 4046 turrim
678 3990 1036 4053 fortitudinis,
1096 3990 1292 4044 turrim
1329 3991 1624 4053 firmitatis,
1687 3990 1882 4043 'urtim
1931 3990 2013 4043 in-

427 4085 610 4140 fractae
636 4084 796 4149 vitm;
832 4098 1024 4137 omnes
1067 4084 1285 4141 dolores
1312 4086 1622 4137 vincentem
1655 4084 1778 4137 vitze
1829 4083 2011 4152 hujus,

422 4187 478 4232 et
506 4177 769 4232 barbaras
798 4191 994 4230 manus
1036 4186 1091 4232 et
1138 4177 1364 4232 artificia
1393 4192 1408 4242 ;
1448 4177 1707 4232 omnibus
1737 4175 1895 4230 bonis
1930 4192 2016 4230 re-

428 4267 621 4323 fertam
653 4274 706 4320 et
738 4268 1050 4336 aspectibus
1076 4290 1087 4325 :
1112 4269 1306 4322 turrim
1336 4267 1783 4338 pulchritudinis,
1818 4266 2011 4325 turrim

426 4361 716 4415 iui-ﬂabilis
760 4363 1089 4426 serenitatis,
1135 4364 1186 4416 iu
1238 4374 1403 4427 terra,
1462 4363 1620 4421 mari.
1685 4378 1830 4422 acre.
1869 4362 2014 4422 luce,

423 4455 610 4510 (αξιοι
665 4458 1092 4525 pulchritudinis
1154 4469 1334 4513 autem
1401 4459 1581 4526 potius
1629 4466 2012 4527 tempestatum

422 4549 761 4609 commistio,
796 4557 953 4601 teme
980 4557 1034 4601 ct
1059 4547 1229 4601 maris
1260 4548 1314 4600 iu
1346 4548 1522 4601 limite
1569 4547 1849 4601 vinculum
1901 4556 2012 4611 est,

421 4641 675 4708 quamvis
700 4639 861 4693 limes
884 4639 1064 4708 jungit
1101 4639 1339 4693 simulet
1364 4638 1556 4693 dividit
1581 4648 1807 4693 naturas
1838 4657 1851 4693 :
1883 4640 2015 4695 sub-

422 4731 569 4785 limis
633 4731 913 4791 colossus.
990 4747 1171 4785 aerem
1237 4740 1549 4801 penetrans.
1611 4732 1802 4791 nititur
1879 4749 2012 4803 quo-

421 4822 719 4878 dammodo
751 4824 816 4877 ad
849 4823 1054 4878 aethera
1075 4824 1351 4894 progredi.
1403 4824 1594 4895 Ampla
1648 4835 1833 4879 autem
1894 4825 2009 4879 lati-

422 4914 580 4983 tudo,
613 4924 667 4971 et
707 4915 995 4987 longitudo
1023 4916 1229 4985 aliquid
1281 4915 1499 4985 majus;
1545 4916 1817 4975 ambobus
1884 4917 2008 4973 istis

420 5005 800 5074 pulchritudo,
851 5006 945 5061 sed
996 5016 1207 5079 quanto
1288 5007 1484 5077 major.
1539 5005 2008 5077 Quadrangularis

418 5100 597 5154 forma
617 5100 822 5171 lapides
842 5109 1029 5167 ornat,
1052 5099 1392 5154 admirabilis
1415 5099 1711 5169 dispositio
1729 5098 1865 5152 etad
1898 5114 2004 5153 un-

420 5206 579 5254 guem
601 5190 853 5261 adaptato
881 5200 1234 5260 conspectum
1255 5200 1417 5244 ornat
1440 5192 1628 5252 turris,
1653 5199 2007 5257 conspectum

416 5283 597 5353 exigui
630 5282 843 5335 alveoli.
877 5282 1071 5335 Forma
1106 5283 1470 5352 pulcherrima
1509 5281 1894 5351 hcxaugularis
1938 5281 2005 5335 ad

418 5385 567 5429 astra
647 5374 914 5429 attollitur
1008 5384 1062 5429 et
1139 5376 1206 5429 ad
1283 5375 1408 5429 coeli
1512 5374 2000 5443 pulchritudinem.

418 5465 495 5521 Ne
557 5468 689 5521 mihi
773 5477 1012 5521 veterem
1100 5482 1374 5519 memores
1434 5466 1601 5518 turris
1674 5464 1935 5517 fabricam
1988 5480 2002 5529 ;

419 5559 533 5613 luec
602 5560 842 5613 nondum
905 5561 1077 5612 turris
1135 5568 1251 5613 erat
1300 5568 1354 5612 et
1408 5560 1570 5611 finem
1639 5556 1849 5610 habuit.
1893 5557 2003 5611 Ista

422 5653 658 5707 maxima
702 5652 965 5707 ardificata
1020 5661 1125 5715 est,
1165 5653 1277 5707 sola
1355 5662 1486 5714 stat,
1549 5664 1601 5704 et
1662 5650 1847 5705 urbem
1909 5664 2005 5703 cu-

493 5829 531 5861 "
561 5829 716 5887 Fors.
754 5833 915 5897 λέγω.
998 5835 1039 5865 ¹⁸
1068 5835 1170 5886 τῶν
1206 5833 1439 5895 πνωῦτις
1477 5832 1623 5903 (sic).

1717 381 1751 441 J
1756 382 1905 443 OAN
1912 382 1960 442 N
1967 384 2039 442 IS
2090 382 2526 445 GEOMETRAZ

2062 494 2111 554 Α
2142 497 2415 564 Μέγιστος
2453 488 2611 559 οὗτος
2648 492 2743 551 καὶ
2766 490 3148 567 πεπύργωται,
3179 493 3343 564 μόνος

3607 384 3725 450 916

2144 587 2413 655 Ἕστηκεν
2439 587 2626 651 αὐτὸς,
2657 586 2755 643 καὶ
2798 586 3060 656 φυλάττει
3093 585 3193 656 τὴν
3225 585 3405 641 πόλιν.

2140 680 2345 751 Τέρπει
2367 680 2423 732 δὲ
2460 680 2662 750 μᾶλλον
2696 681 2879 735 πᾶσαν
2910 679 3032 745 ὖψιν
3065 680 3166 732 καὶ
3194 680 3377 751 πόλιν,

2138 771 2260 823 Τῶν
2288 770 2583 840 θαυμάτων
2610 789 2691 836 τις
2724 771 2926 842 χῶρος,
2964 771 3127 842 ἀέρος
3165 772 3332 841 μέσον

2138 863 2262 916 Τῶν
2295 863 2621 932 πνευμάτων
2650 880 2732 926 τις
2761 863 2805 894 ¹⁸
2829 862 3049 927 κόλπος,
3076 859 3224 930 οἶκος
3256 863 3449 918 Αἰόλου
3470 879 3488 897 ·

2138 957 2249 1009 Καὶ
2283 955 2477 1019 κάλλος
2507 956 2689 1020 αὐτὸς,
2728 957 2836 1009 πᾶν
2864 954 2920 1008 δὲ
2956 954 3152 1023 κάλλος
3185 954 3386 1023 ὑψόθεν

2136 1048 2361 1117 Κόσμον
2402 1048 2645 1117 θεωρῶν,
2677 1047 2881 1117 κόσμος
2913 1047 3062 1099 ἐστὶν
3091 1045 3379 1115 ὀμμάτων.

2148 1139 2243 1190 Ἐκ
2275 1138 2378 1207 γῆς
2410 1138 2512 1208 μὲν
2536 1138 2697 1212 ἄνθη,
2733 1138 2949 1206 δένδρα,
2981 1138 3269 1209 λειμῶνες,
3305 1138 3482 1209 χλόαι,

2134 1229 2373 1299 Κρῆναι,
2400 1229 2705 1298 δρυμῶνες,
2731 1230 2960 1300 ὀργάδες
2999 1230 3091 1282 καὶ
3122 1228 3335 1299 λιϐάδες
3358 1245 3374 1261 ο

2143 1318 2210 1372 Ἦ
2238 1320 2282 1372 δ’
2318 1320 2562 1390 ἄμπελος
2598 1320 2860 1391 βρίθουσα
2893 1319 3094 1391 καρπῷ
3124 1321 3331 1393 μυρίῳ,

2132 1409 2312 1481 Πολλὴ
2348 1410 2445 1479 μὲν
2474 1412 2635 1475 εὐθὺς
2669 1412 2868 1482 ἡμερὶς
2897 1412 3263 1487 μεθυτρόφος,

2134 1500 2310 1571 Πολλὴ
2346 1500 2403 1553 δὲ
2428 1502 2521 1554 καὶ
2555 1501 2818 1573 δενδρῖτις
2848 1501 3230 1575 ὼραιοτρόφος
3255 1517 3271 1531 ⁶

2136 1593 2292 1646 Ἔστι
2317 1593 2367 1646 δ’
2390 1594 2527 1646 ὅπου
2557 1594 2652 1647 καὶ
2682 1593 2828 1663 μίξις
2858 1593 3233 1665 ὡραιουμένη.

2140 1686 2206 1737 Ἦ
2233 1684 2459 1755 δενδρὰς
2490 1683 2639 1738 ἔστιν
2666 1684 2913 1754 ἄμπελος
2937 1684 3297 1757 πυργουμένη

2134 1776 2337 1830 Κλάδοι
2368 1776 2489 1831 κατ’
2516 1776 2650 1831 αὐτὸ
2675 1776 2769 1829 καὶ
2790 1774 2957 1829 καλαὶ
2986 1775 3321 1845 κληματίδες
3346 1789 3363 1807 ο

2057 1851 2100 1906 Β
2133 1866 2352 1937 Καρποὶ
2382 1865 2502 1919 κατ’
2531 1866 2685 1930 αὐτὸ,
2715 1865 2808 1919 καὶ
2836 1866 3005 1935 ράγες
3030 1865 3126 1918 καὶ
3164 1865 3226 1920 τὸ
3252 1863 3443 1930 πλέον,

2128 1960 2327 2024 Στιϐάς
2351 1978 2411 2013 τε
2451 1959 2687 2027 φύλλων,
2720 1958 2816 2011 καὶ
2846 1958 2999 2011 στοαί
3026 1975 3087 2012 τε
3119 1960 3211 2012 καὶ
3239 1958 3454 2025 στέγαι.

2126 2052 2315 2115 Θέλεις
2340 2053 2401 2105 τὸ
2427 2051 2640 2122 πύργου
2676 2052 2782 2106 πᾶν
2809 2050 3102 2120 πρόσωπον
3129 2049 3460 2119 μανθάνειν;

2126 2142 2260 2218 Αἶρε
2283 2146 2420 2215 πρὸς
2447 2146 2605 2216 ὀρθὸν
2635 2146 2812 2214 ὄμμα,
2847 2144 3049 2214 βλέψον
3070 2142 3306 2213 ἐγγύθεν

2126 2237 2240 2301 Τὰς
2262 2237 2465 2307 ἀρετὰς
2490 2238 2594 2307 γῆς
2619 2254 2632 2267 ο
2672 2233 2801 2304 εὖγε
2825 2235 2919 2289 τοῦ
2956 2235 3289 2305 κεκληκότος

2127 2330 2493 2401 Προφητικῶς
2522 2330 2793 2398 φύσαντος
2827 2329 2929 2382 οὐκ
2957 2323 3098 2398 ἦσαν
3125 2326 3419 2382 πάλαι.....

2539 2428 2630 2477 ια’.
2664 2422 2767 2487 Εἰς
2799 2419 3017 2474 ἑαυτοῦ
3047 2419 3293 2489 πατέρα.

2138 2512 2233 2565 Ἐκ
2264 2513 2493 2582 γενετῆς
2524 2510 2867 2583 πολύμοχθος
2888 2512 2945 2573 ἐς
2970 2509 3201 2581 ἔσχατον
3230 2509 3410 2581 ἤλασα
3437 2506 3639 2579 γῆρας,

2208 2606 2370 2675 Ὀτρη
2381 2604 2471 2674 ρὸς
2496 2603 2773 2673 θεράπων,
2807 2602 3091 2673 κοιρανίης
3117 2600 3402 2669 στέφανος.

2122 2690 2262 2751 Αἶαν
2292 2695 2530 2767 ἐπῆλθον
2558 2697 2711 2767 ὅσην,
2754 2694 3035 2750 Ἀσιάτιδα
3067 2693 3112 2743 δ’
3143 2691 3352 2746 ὕστατα
3384 2692 3583 2765 ἔσχον,

2195 2789 2391 2859 Πόρρω
2420 2788 2749 2857 συγγενέων,
2780 2785 2908 2854 τῆλε
2931 2786 3093 2855 φίλης
3127 2784 3346 2853 ἀλόχου.

2134 2879 2296 2932 Ἀλλά
2332 2896 2399 2949 με
2430 2879 2639 2933 τέκνων
2668 2877 2863 2945 ζεῦγος
2896 2878 2954 2939 ἐς
2996 2876 3143 2946 ἱερὸν
3163 2877 3374 2947 ἡγαγεν
3406 2877 3564 2941 ἄστυ,

2194 2968 2359 3032 Αὖθις
2395 2974 2489 3025 καὶ
2513 2971 2674 3041 χερσὶ
2708 2971 2881 3039 θῆκαν
2903 2969 3295 3041 ἀριστολόχοις.

2117 3065 2300 3131 Εἴξατ’
2331 3064 2482 3133 ἐμῶν
2513 3063 2721 3116 τεκέων
2753 3061 2925 3123 δυάδι,
2954 3061 3184 3123 Kliong
3209 3078 3269 3113 τε
3307 3061 3481 3113 Βίτων
3508 3076 3592 3131 τε,

2193 3160 2261 3215 υἱ
2299 3160 2489 3232 μικροὶ
2529 3157 2765 3222 σταδίοις
2795 3158 2958 3228 ἤγετε
2989 3154 3343 3227 γειναμένην.

2046 3350 2088 3407 C
2124 3342 2310 3397 stodit.
2393 3339 2631 3393 Delectat
2696 3345 2880 3391 autem
2951 3334 3123 3404 magis
3168 3342 3454 3402 aspectum
3509 3338 3567 3384 et
3613 3342 3707 3382 ur-

2120 3434 2267 3497 bem,
2297 3431 2670 3503 prodigiorum
2698 3427 2950 3496 quaedam
2989 3426 3171 3489 sedes,
3237 3424 3291 3476 in
3340 3423 3483 3478 aeris
3526 3420 3707 3475 medio

2116 3526 2294 3579 ventis
2328 3523 2550 3593 quidam
2583 3531 2804 3590 apertus
2834 3520 3012 3581 sinus,
3042 3518 3185 3575 ,4Ξοιί
3222 3516 3442 3573 domus.
3485 3514 3553 3568 Et
3582 3512 3705 3581 pul-

2116 3619 2245 3669 chra
2316 3617 2477 3684 ipsa,
2554 3628 2884 3681 omnemque
2946 3608 3408 3681 pulchritudinem
3478 3602 3703 3673 superni

2120 3707 2304 3760 tttttudi
2336 3708 2575 3766 intuens.
2611 3705 2847 3761 mundus
2898 3711 2983 3757 est
3004 3701 3201 3757 oculis.
3238 3698 3280 3753 Ε
3310 3710 3453 3752 terra
3479 3694 3704 3764 quidem

2119 3800 2302 3862 flores,
2321 3801 2571 3862 arbores,
2603 3798 2825 3864 calami,
2851 3797 3113 3866 cespites,
3137 3792 3338 3853 fontes.
3360 3790 3548 3861 δειναὶ.
3572 3803 3703 3845 arva

2117 3906 2170 3949 et
2200 3894 2393 3958 rivuli;
2430 3894 2586 3949 vinea
2618 3902 2800 3947 autem
2835 3889 3140 3947 innumeris
3172 3886 3429 3957 frugibus
3449 3892 3697 3949 onusta;

2119 3988 2286 4041 multa
2329 3985 2549 4055 quidem
2582 3984 2749 4039 etiam
2777 3982 2961 4039 suavis
2978 3991 3031 4034 et
3054 3978 3333 4035 inebrians
3380 3991 3529 4040 esca,
3567 3975 3707 4030 mul-

2119 4090 2281 4149 taque
2315 4078 2585 4131 frondium
2621 4076 2860 4146 jucunda
2896 4073 3049 4142 copia
3086 4088 3102 4126 :
3135 4078 3220 4127 est
3259 4078 3441 4125 autem
3469 4068 3538 4122 ibi
3575 4082 3703 4121 con-

2112 4173 2329 4241 junctio
2375 4172 2624 4240 qumdam
2659 4178 2912 4224 accurata
2952 4186 2963 4221 :
3016 4167 3174 4220 vinea
3213 4165 3436 4220 arbores
3466 4164 3703 4218 circum-

2117 4265 2378 4330 flectitur,
2408 4262 2812 4319 ramisimulct
2847 4260 3076 4330 pulchra
3130 4267 3445 4321 sarmenta;
3491 4256 3703 4313 fructus

2118 4355 2279 4410 simul
2305 4365 2359 4410 ct
2388 4354 2585 4409 racemi
2646 4360 2699 4405 et
2762 4350 2866 4405 alia
2922 4350 3103 4420 plura,
3170 4349 3450 4403 frondium
3500 4345 3700 4409 cubile,

2118 4447 2364 4516 porticus
2392 4454 2447 4501 et
2482 4453 2643 4500 lecta.
2673 4443 2768 4497 Vis
2795 4442 2964 4499 turris
3001 4442 3196 4498 faciem
3252 4450 3419 4495 tutam
3452 4437 3707 4495 discere?

2118 4539 2269 4594 eleva
2302 4540 2355 4593 iu
2387 4540 2560 4594 altutn
2588 4537 2803 4605 oculos,
2841 4536 3027 4607 aspice
3057 4535 3284 4605 propius
3330 4543 3487 4588 terra:
3534 4532 3707 4587 virtu»

2120 4644 2231 4698 tes;
2256 4649 2415 4703 euge,
2436 4633 2557 4703 ejus
2594 4648 2720 4702 qua:
2785 4630 3103 4703 prophetico
3143 4628 3327 4682 inflata
3369 4635 3558 4680 vocata
3605 4625 3707 4679 fuit

2044 4720 2089 4777 υ
2119 4742 2228 4781 non
2262 4733 2420 4779 erant
2443 4724 2570 4778 olim
2614 4765 2627 4777 .
2708 4762 2723 4776 .

2585 4815 2671 4868 Η.
2754 4812 2823 4868 In
2859 4822 3065 4881 patrem
3093 4826 3272 4865 suum.

2188 4909 2264 4964 Ex
2298 4917 2421 4963 ortu
2460 4908 2527 4962 ad
2583 4905 2887 4961 senectutis
2914 4913 3157 4959 extrema
3187 4901 3462 4956 laboribus
3516 4901 3706 4970 plenus

2116 5002 2361 5073 perveni,
2395 5010 2683 5072 promptus
2725 4999 3001 5062 minister,
3034 4996 3251 5066 imperii
3283 4996 3472 5050 decus.

2190 5094 2463 5160 Quantam
2494 5091 2739 5161 percurri
2766 5101 2991 5153 terram,
3029 5089 3282 5158 Asiaeque
3304 5096 3549 5142 extrema
3573 5084 3703 5148 vidi,

2115 5185 2309 5257 procul
2336 5200 2363 5237 a
2391 5183 2667 5255 cognatis,
2706 5184 2868 5252 longe
2892 5197 2923 5235 a
2951 5179 3448 5249 dilectaconjuge!

2187 5277 2291 5333 Sed
2321 5293 2407 5332 me
2426 5278 2663 5331 filiorum
2692 5276 2857 5346 parin
2889 5290 3102 5330 sacram
3132 5274 3289 5328 duxit
3320 5274 3533 5336 urbem,
3581 5287 3703 5327 rur-

2115 5387 2347 5442 sumque
2377 5370 2632 5424 manibus
2667 5368 2850 5439 posuit
2885 5367 3187 5422 nobilibus.

2183 5463 2370 5518 Cedite
2402 5477 2647 5517 meorum
2675 5461 2909 5514 filiorum
2941 5460 3078 5527 pari,
3102 5457 3319 5513 Cleobis
3336 5466 3389 5511 ct
3413 5455 3590 5520 Biton,
3612 5452 3704 5524 qui

2120 5557 2268 5626 parvi
2289 5554 2481 5609 stadiis
2514 5564 2746 5606 matrem
2782 5552 2994 5621 egistis.

2192 5644 2448 5710 Blandus,
2488 5643 2917 5713 suaveIOquens,
2954 5656 3130 5695 canus
3162 5649 3327 5711 caput
3362 5650 3415 5695 ct
3457 5638 3711 5709 superci-
