4080 6404
377 409 484 477 91⁷1

375 523 635 595 Μείλιχος
660 525 904 598 ἡδυεπὴς
935 524 1121 590 πολιός
1148 542 1209 579 τε
1239 525 1383 598 κάρη
1414 525 1727 598 πολιόφρων

445 615 556 682 Ἧς
589 618 853 686 στέφανος
891 619 1152 689 χαρίτων,
1191 618 1389 690 ἀγλαΐη
1423 619 1625 688 βιότου.

388 707 550 761 ’Λλλά
583 726 643 762 σε
672 710 863 780 πόρρω
891 710 1152 782 πατρίδος
1185 710 1270 781 ἡδ’
1305 710 1502 782 ἀλόχου
1531 715 1625 766 καὶ
1657 713 1864 768 τέκνων

443 799 605 870 Μοῖρ’
639 800 765 871 ὀλοὴ
797 801 1055 872 μερόπων
1088 801 1330 856 ἔσπασεν
1359 805 1418 866 ἐς
1440 803 1614 858 ἀϊδαν.

375 891 576 960 Χριστὲ
606 891 768 958 ἄναξ,
803 893 1001 963 σοφίης
1032 893 1134 964 σῆς
1163 895 1310 966 ἴχνια
1338 895 1399 950 οὐ
1427 897 1722 965 μαστεύσω

455 982 648 1037 Ὀστέα
674 985 721 1038 δ’
747 985 825 1050 ὡς
862 986 1050 1056 ’Λσίης
1074 987 1308 1058 νεύμασι
1340 990 1454 1052 σοῖς
1486 990 1734 1056 ἀνάγοις,

370 1068 475 1128 Οἴα
496 1077 627 1146 πρὶν
656 1075 716 1142 ἐξ
745 1078 1026 1146 Αἰγύπτου
1059 1079 1152 1132 σοῦ
1187 1080 1518 1152 θεράποντος
1559 1083 1784 1154 Ἰωσὴφ,

450 1166 541 1231 Ὧς
571 1169 630 1222 δὲ
660 1170 756 1222 καὶ
780 1170 1057 1242 οὐρανίοις
1092 1174 1314 1244 πνεῦμα
1349 1177 1520 1229 τεοῖσι
1545 1174 1786 1246 θρόνοις.

767 1282 858 1354 ιβ’.
883 1286 990 1352 Εἰς
1025 1285 1144 1354 τὴν
1191 1286 1551 1357 Ἀνάιηψιν.

1684 414 2033 477 CARMINA
2067 417 2322 478 VARIA.

3551 423 3658 486 913

2152 532 2334 596 Ἐκδὸς
2364 532 2491 604 (sic)
2523 533 2864 605 κατηγορίας
2898 532 3060 588 λῦσεν
3105 535 3530 606 Ἀριστοτέλους.

2820 651 2911 725 ιη’.

2072 768 2398 838 Σιμπλίκιος
2454 769 2599 838 μέγα
2633 771 2749 842 φῶς
2785 771 2978 840 φύσιος
3013 773 3146 843 περὶ
3173 773 3376 827 κύκλον
3401 774 3601 844 ἀνῆψε,

2148 861 2293 915 Νοῦν
2323 863 2379 918 δέ
2408 864 2460 932 γ’
2499 865 2910 935 Ἀριστοτέλους
2939 860 3099 936 εὗρεν
3136 867 3513 938 ἀριστοπόνοις

2071 998 2157 1054 ιϐ’.
2187 1001 2292 1066 Εἰς
2339 1001 2447 1068 τὰς
2480 1000 2526 1056 ε’
2546 1003 2752 1072 φωνὰς
2797 1003 2896 1057 καὶ
2935 1006 3023 1071 εἰς
3077 1005 3185 1071 τὰς
3214 1011 3247 1059 ι’
3278 1023 3528 1074 κατηγο(
3544 1007 3658 1069 lac.

2070 1133 2243 1196 Μόλις
2279 1134 2504 1207 διαδρὰς
2524 1136 2634 1191 τῶν
2662 1137 2936 1206 σοφιστῶν
2961 1140 3061 1202 τάς
3083 1139 3264 1203 δίκας,

2071 1225 2262 1292 Σοφοῖς
2288 1225 2344 1278 δὲ
2375 1227 2578 1295 μᾶλλον
2612 1229 2939 1297 προσσαλὰΝ
2971 1232 3049 1293 ὡς
3082 1233 3334 1302 ἡμέροις,

2066 1317 2267 1371 Φωνῶν
2292 1318 2575 1390 ὲπλήσθην
2597 1322 2690 1374 καὶ
2721 1325 3222 1393 κατηγορημάτων.

369 1395 680 1467 Οὐρανόθεν
714 1401 1024 1454 κατέπλατο
1055 1401 1123 1466 ⁸⁸,
1149 1402 1204 1466 ἐς
1226 1402 1458 1474 οὐρανὸν
1477 1404 1523 1456 δ’
1547 1404 1784 1474 ἔδραμεν
1803 1400 1962 1470 αὖθις
2069 1409 2184 1462 Οὐκ
2214 1409 2384 1476 ἔστιν,
2418 1411 2556 1475 ἐστι,
2581 1413 2721 1484 πρός
2751 1432 2826 1473 τι,
2861 1416 3038 1478 ποιὸν,
3066 1418 3194 1482 ποῦ,
3231 1419 3385 1482 πότε,

370 1489 467 1544 Ὧν
492 1490 646 1558 Θεὸς,
685 1491 765 1547 ὢν
798 1493 1009 1565 βροτὸς,
1044 1495 1315 1568 ἀμφότερ’
1337 1500 1420 1562 είς
1446 1498 1580 1552 Θεὸν
1606 1499 1958 1572 ἀμφοτέρως.

795 1592 886 1656 ιγ’.
929 1590 1033 1655 Εἰς
1081 1582 1530 1658 Ἀριστοτέλην.

369 1671 478 1726 Τὸν
507 1673 634 1728 νοῦν
654 1675 685 1729 6
707 1676 834 1741 νοῦς
857 1677 1090 1749 ἔγραψε,
1126 1679 1230 1751 τὴν
1260 1680 1424 1750 φύσιν
1449 1679 1638 1751 φύσις,

381 1764 762 1840 Ἀριστοτέλην
787 1767 961 1836 εἷπον,
1000 1772 1077 1836 ὡς
1105 1772 1315 1826 τούτων
1351 1774 1500 1845 ὅρον.

881 1883 966 1940 ιδ’.
1005 1883 1108 1950 Εἷς
1138 1885 1448 1942 Πλάτωνα.

367 1991 563 2063 Ψυχὴν
590 1995 833 2050 ἀνειπὼν
861 1997 1132 2053 ἀθάνατον
1159 1999 1188 2052 6
1221 2001 1476 2066 Πλάτων,

380 2085 590 2158 Ἀφῆκε
619 2087 780 2154 δόξαν
809 2088 1080 2145 ἀθάνατον
1110 2092 1168 2145 ἐν
1200 2091 1324 2163 βίῳ.

728 2212 732 2214 -
1126 2183 1210 2239 ιε’.

364 2270 594 2327 Πλάτων
626 2275 655 2326 6
684 2273 896 2339 κλεινὸς
929 2277 960 2330 6
979 2276 1272 2331 πλατύνων
1294 2279 1396 2343 τάς
1430 2280 1659 2350 φρένας,

377 2360 465 2427 Ὦς
495 2365 773 2422 ἐπλάτυνε
799 2367 901 2438 τῆς
927 2367 1108 2439 ψυχῆς
1134 2369 1316 2439 δόγμα
1356 2373 1526 2442 μέγα.

363 2451 460 2518 Εἰς
485 2457 668 2511 πᾶσαν
692 2458 961 2514 ὲπλάτυνε
991 2460 1094 2532 τὴν
1118 2460 1279 2528 δόξαν
1305 2463 1496 2534 χθόνα.

438 2573 536 2630 ις’.
568 2570 675 2635 Εἰς
701 2570 810 2624 τὸν
836 2571 1012 2642 ἅγιον
1044 2575 1379 2643 Γρηγόριον
1410 2577 1519 2631 τὸν
1561 2581 1881 2649 Θεολόγον.

368 2679 596 2744 Ἔνθεος
621 2676 690 2753 ἦν
710 2683 739 2734 6
767 2682 963 2755 Σύρος,
991 2687 1464 2760 πολυγράμματος
1493 2687 1564 2763 ἦν
1591 2693 1648 2746 δὲ
1685 2695 1714 2748 6
1748 2697 1956 2768 Φοῖνιξ,

435 2771 818 2846 Καππαδόκης
855 2776 902 2829 δ’
928 2778 1095 2848 ἄμφω
1130 2781 1224 2833 καὶ
1256 2781 1421 2836 πλέον
1451 2785 1808 2856 ἀμφοτέροις.

452 2886 540 2950 ιζ’.
567 2889 673 2955 Εἰς
703 2891 1066 2961 Σιμπλὶκιον
1091 2894 1200 2947 τὸν
1230 2895 1541 2974 ἐξηγητὴν
1570 2896 1693 2954 τῶν
1718 2899 1869 2954 δέκα

508 2978 511 2979 ν
958 2979 1110 3032 κατη
1118 2983 1351 3033 repetor.

356 3064 684 3142 Σιμπλίκιος
717 3075 846 3147 μέγ’
877 3077 1087 3149 ἄεισμα
1115 3084 1510 3155 κατηγορίαισι
1543 3086 1784 3159 φαάνθη,

356 3230 454 3294 lia,
478 3245 685 3288 corona
709 3249 838 3291 eras
871 3235 1196 3306 gratiarum,
1223 3240 1350 3295 vitae
1377 3239 1719 3309 jucumlitas.

424 3323 534 3379 Sed
565 3333 618 3380 te
648 3325 1051 3399 lougeapatria
1075 3368 1092 3392 .
1151 3333 1385 3403 conjuge
1404 3342 1462 3388 et
1498 3333 1712 3402 liberis,
1771 3336 1946 3391 fatum

349 3417 688 3474 mortalibus
723 3418 1003 3476 funestum
1029 3424 1185 3478 (luxit
1207 3425 1274 3479 ad
1305 3425 1535 3482 inferos.

417 3507 544 3564 Rex
564 3510 802 3577 Christe,
820 3514 1102 3584 sapientiae
1119 3525 1226 3574 tuae
1253 3519 1478 3592 vestigia
1512 3537 1622 3577 non
1650 3520 1952 3592 explorabo

353 3610 412 3656 ut
432 3618 563 3658 ossa
583 3619 650 3658 ex
683 3602 812 3659 Asia
837 3615 932 3661 tuo
967 3617 1104 3664 nutu
1136 3609 1443 3669 transferas
1466 3654 1484 3679 ,

428 3694 500 3750 Ut
519 3695 653 3749 olim
683 3711 752 3752 ex
770 3695 1008 3770 Egypto
1031 3715 1156 3757 ossa
1183 3701 1373 3759 famuli
1412 3704 1488 3759 tui
1514 3703 1739 3776 Ioseph;
1771 3717 1828 3762 ut
1851 3723 1951 3762 au-

355 3793 462 3838 tem
489 3785 734 3840 animam
777 3788 828 3842 in
870 3790 1185 3848 caelestibus
1205 3794 1418 3852 throuis
1447 3797 1558 3853 tuis
1584 3799 1846 3855 colloces.

848 3903 936 3958 12.
970 3903 1038 3958 In
1067 3907 1459 3964 Ascenst'onem.

423 4013 636 4071 Ecml’o
659 4015 1041 4088 descenderat,
1084 4021 1136 4076 in
1163 4025 1362 4080 caelum
1400 4042 1592 4082 rursus
1653 4029 1824 4083 tendit
1893 4039 1950 4084 ut

349 4105 521 4176 Deus,
550 4123 677 4165 cum
711 4111 878 4167 homo
905 4113 996 4180 sit,
1027 4123 1326 4187 utrumque
1363 4118 1430 4174 ad
1496 4117 1665 4174 Deum
1727 4122 1946 4178 unicus.

859 4227 944 4284 15.
967 4227 1031 4284 1η
1057 4230 1422 4286 Aristotelem.

416 4339 665 4397 ﬂentem
695 4357 852 4399 mens
871 4343 1182 4415 descripsit,
1217 4356 1474 4404 naturam
1537 4359 1768 4419 natura;
1819 4352 1944 4408 Ari-

347 4434 624 4490 stotelem
648 4435 796 4504 dico,
822 4447 882 4492 ut
913 4437 1108 4494 horum
1135 4442 1454 4496 terminum.

889 4548 978 4604 M.
1005 4547 1074 4603 In
1110 4549 1412 4609 Platonem.

415 4637 680 4694 Animam
707 4641 1056 4710 proclamans
1078 4643 1448 4704 immortalem
1497 4647 1675 4716 Plato,
1725 4652 1945 4724 reliquit

347 4732 584 4806 gloriam
607 4732 661 4788 in
702 4734 813 4790 vita
839 4735 1232 4794 immortalem.

1073 4830 1161 4888 15.

1073 4831 1161 4888 15.

418 4913 580 4970 Plato
610 4914 702 4971 ille
723 4919 955 4974 celebris
977 4929 1218 4976 mentem
1244 4923 1592 4995 ampliﬁcatis
1617 4933 1678 4980 ut
1705 4929 1943 4999 ampliﬁ-

349 5008 495 5063 cavit
519 5007 723 5064 animae
740 5026 996 5082 u'iagnum
1033 5011 1256 5084 dogma,
1280 5017 1603 5087 ampliorem
1628 5017 1688 5076 in
1714 5034 1938 5079 omnem

350 5108 554 5155 terram
574 5101 804 5174 gloriam
825 5105 1099 5174 praestitit.

497 5213 593 5272 16.
613 5211 689 5270 ’1η
709 5227 954 5272 malum
976 5219 1294 5290 Gregorium
1341 5226 1668 5301 theologum.

423 5306 471 5361 A
505 5309 614 5364 Deo
643 5309 946 5380 inspiratus
963 5323 1049 5369 est
1079 5313 1274 5386 Syrus,
1319 5321 1511 5378 multis
1541 5321 1811 5380 doctrinis
1863 5323 1949 5378 inn

353 5407 604 5456 structus
641 5401 1296 5480 Phteuicius,Cappadox
1329 5421 1513 5469 autem
1563 5429 1863 5494 utrumque
1891 5431 1948 5480 et

355 5503 591 5568 utroque
611 5500 790 5570 majus
831 5501 1016 5559 habet.

353 5608 444 5665 17.
476 5608 542 5665 In
580 5611 913 5687 Simplicium
939 5619 1118 5675 decem
1151 5628 1544 5697 categoriarum
1579 5631 1938 5703 interpretem.

426 5701 742 5774 Simplicius
771 5725 1029 5784 magnum
1055 5719 1346 5790 categoriis
1373 5720 1668 5792 impulsum
1718 5701 1942 5784 dedisse

429 5864 474 5896 "
506 5864 632 5938 ch.
671 5873 808 5928 κατὲ
818 5874 1011 5931 παλτο.

2070 1500 2372 1571 Πάσχουσι,
2407 1503 2611 1574 δρῶσιν
2645 1507 2720 1569 ὡς
2755 1505 2971 1561 θέλουσι
3002 1510 3197 1580 μυρία.

2067 1592 2375 1662 Στρέφουσι
2397 1595 2601 1657 πάντα.
2636 1590 2932 1667 συγχέουσι
2956 1600 3058 1663 τάς
3084 1600 3298 1668 φύσεις.

2079 1682 2252 1748 Ὦςὲξ
2275 1685 2488 1740 ἑαυτῶν
2517 1687 2820 1742 πλάττουσι
2846 1692 3252 1760 τραγελάφους,

2067 1777 2172 1830 Τὸν
2195 1778 2448 1849 οὐρανὸν,
2472 1779 2580 1852 γῆν
2603 1796 2618 1814 ·
2653 1782 2714 1836 τὸ
2741 1783 2901 1849 ξύλον
2938 1785 3074 1854 φασὶ
3094 1784 3244 1839 λίθον
3268 1802 3280 1814 ·

1997 1899 2039 1954 Β
2069 1869 2242 1940 Ὕλην
2271 1870 2543 1943 ἄμορφον,
2567 1869 2709 1938 εἶδος
2747 1874 2884 1946 ὕλην
2913 1878 3015 1932 οὐκ
3044 1877 3189 1949 ἕχον.

2064 1962 2321 2033 Κόσμους
2358 1966 2645 2040 ἀπείρους,
2680 1969 2825 2032 ἰδέας
2855 1970 2964 2042 πρὸ
2992 1970 3103 2025 τῶν
3139 1971 3303 2028 ὅλων.

2058 2056 2124 2108 Οἱ
2153 2055 2252 2126 τῆς
2274 2057 2445 2122 Στοᾶς
2477 2059 2764 2130 βάλλουσιν
2805 2062 3150 2135 ⁹Ακαδημίαν
3173 2079 3189 2096 ο

2059 2150 2365 2222 Πύρῤωνας
2391 2145 2563 2217 οὗτοι,
2597 2155 2809 2219 πάντας
2841 2157 2870 2209 6
2898 2157 3259 2230 Σταγειρίτης
3280 2174 3294 2190 ’

2062 2240 2249 2293 Ἀλλοι
2278 2241 2334 2295 δὲ
2365 2241 2578 2303 τοῦτον,
2609 2244 2857 2310 Φοίνικές
2890 2264 2948 2300 τε
2982 2248 3075 2300 καὶ
3102 2248 3266 2319 Σύροι

2057 2331 2156 2394 Τίς
2189 2331 2314 2396 νοῦς
2338 2334 2610 2399 τοσαύτας
2649 2338 2931 2404 ἐνστάσεις
2954 2340 3246 2412 διαδράμοι

2060 2424 2231 2495 Ἔθνη
2257 2425 2524 2502 τοσαῦτα,
2563 2428 2660 2482 καὶ
2699 2430 2990 2500 φάλαγγας
3017 2433 3329 2504 δυσμάχοιις
3354 2475 3372 2499 ,

2055 2514 2266 2576 Γνῶναι
2293 2517 2363 2570 τά
2389 2521 2609 2589 κρυπτά
2641 2521 2750 2575 τῶν
2773 2522 2908 2576 ὂλων
2933 2525 3114 2594 ζητῶν
3151 2525 3316 2596 βάθη,
3347 2538 3352 2543 ·

2056 2611 2168 2663 Καὶ
2206 2610 2315 2664 τῶν
2347 2612 2536 2684 σαφῶν
2560 2631 2646 2678 τις
2676 2616 2801 2686 ἔσχε
2830 2618 3047 2688 φυρμὸν
3077 2619 3278 2673 αὐτίκα
3310 2637 3326 2652 ·

2062 2701 2160 2754 Ἓν
2185 2701 2444 2769 γνώσεως
2475 2706 2612 2774 φῶς,
2644 2708 2847 2780 Χριστέ
2879 2727 3004 2779 μου,
3035 2709 3101 2764 σύ
3146 2729 3238 2781 μοι
3265 2713 3425 2781 μόνος
3451 2727 3467 2742 ·

2054 2792 2262 2858 Γνῶσις
2301 2795 2504 2863 τελεία,
2539 2799 2743 2869 μᾶλλον
2773 2801 2976 2855 εἰδέναι
3006 2803 3170 2873 μόνον

2054 2885 2122 2938 Σὲ
2149 2886 2486 2958 δημιουργὸν
2516 2891 2738 2954 οὐσιῶν,
2770 2877 3001 2963 χρόνων,
3033 2896 3244 2961 τόπων,

2057 2977 2334 3049 Ἀῥρητον
2359 2979 2437 3043 ὡς
2460 2980 2704 3051 ἀληπτον
2738 2983 2798 3037 ἓν
2824 3000 2884 3037 τε
2915 2987 3008 3038 καὶ
3035 2986 3183 3055 τρία.

2067 3069 2252 3140 Ἀφεὶς
2283 3073 2352 3126 τά
2383 3074 2564 3128 πάντα
2593 3075 2760 3130 τοῦτο
2785 3077 2880 3131 καὶ
2905 3077 3068 3148 μόνον
3100 3078 3269 3148 λέγω.

1971 3251 2018 3311 C
2053 3271 2209 3326 visus
2236 3280 2360 3338 cst;
2396 3275 2706 3346 categorias
2753 3275 3066 3334 Aristotelis
3095 3279 3427 3350 publicando
3459 3283 3645 3343 solvit.

2775 3392 2864 3448 18.

2141 3503 2465 3576 Simplicius
2489 3521 2723 3578 magnus
2752 3517 2965 3566 natura;
2994 3509 3206 3579 peritus
3228 3511 3408 3567 lucem
3431 3512 3649 3569 circum

2051 3596 2308 3667 diffudit;
2343 3608 2580 3658 mentem
2597 3602 2909 3660 Aristotelis
2935 3604 3388 3674 invenitoptimis
3427 3607 3642 3665 labori,-

2051 3689 2178 3748 bus.

2199 3828 2284 3883 19.
2321 3827 2387 3883 1η
2409 3831 2636 3901 quinque
2665 3832 2871 3887 vocales
2898 3843 2948 3887 et
2983 3834 3159 3890 decem
3185 3837 3528 3908 categorim.’

2127 3965 2243 4020 Via:
2276 3965 2614 4035 perspicneus
2649 3968 3023 4038 sophistarum
3059 3973 3385 4040 sententias,
3419 3975 3485 4031 ad
3521 3978 3645 4048 phi-

2051 4055 2316 4127 losophos
2347 4068 2528 4112 autem
2565 4058 2750 4130 potius
2781 4060 3048 4116 accedens
3080 4071 3137 4116 ut
3172 4061 3382 4130 faciles,
3412 4070 3647 4126 vocibus

2050 4149 2290 4218 repletus
2328 4163 2452 4204 sum
2492 4160 2547 4205 et
2577 4151 2894 4222 categoriis.
2933 4151 3050 4207 Non
3088 4165 3190 4221 est,
3225 4168 3331 4222 est,
3369 4160 3444 4214 ad
3478 4163 3635 4230 quid,

2050 4241 2250 4311 quale,
2286 4241 2415 4303 ubi,
2448 4243 2702 4312 quando;
2743 4253 2804 4298 ut
2855 4246 3164 4314 patiuntur,
3209 4259 3412 4319 agunt,
3448 4253 3642 4310 volunt

2051 4335 2365 4391 lunumera.
2399 4336 2600 4390 Omnia
2625 4336 2974 4404 subvertunt,
3003 4339 3353 4398 confundunt
3387 4353 3642 4412 naturas.

2050 4436 2112 4484 ut.
2159 4444 2228 4485 ex
2279 4443 2340 4485 se
2391 4432 2597 4500 fingant
2630 4429 3047 4500 hirco-cervos;
3100 4435 3338 4498 calum.
3389 4445 3639 4505 terram;

2052 4523 2282 4594 lignum,
2319 4531 2528 4590 petram
2561 4522 2789 4589 dicunt,
2821 4525 3110 4580 materiam
3141 4527 3263 4583 sine
3290 4526 3489 4594 forma,
3522 4529 3640 4585 for-

1970 4609 2027 4669 D
2055 4629 2199 4669 mam
2235 4615 2357 4669 sine
2395 4613 2664 4682 materia;
2697 4614 2936 4671 mundos
2983 4615 3417 4674 innumerabiles
3439 4661 3454 4685 ,
3488 4621 3642 4677 ideas

2048 4707 2328 4762 universis
2373 4707 2698 4762 anteriores.
2753 4706 2858 4774 Qui
2909 4723 2940 4763 e
2994 4709 3210 4778 porticu
3263 4720 3397 4768 sunt
3425 4712 3642 4770 Acade-

2046 4799 2214 4854 miam
2265 4799 2626 4870 impugnant;
2664 4801 2752 4855 isti
2790 4799 3192 4872 Pyrrhonzeos,
3234 4819 3431 4861 omnes
3458 4805 3642 4878 Stagi-

2046 4891 2290 4959 rita;alii
2315 4901 2496 4947 autem
2517 4892 2692 4960 illum,
2726 4891 3019 4951 Phoenices
3049 4905 3102 4950 et
3139 4895 3284 4967 Syri.
3311 4896 3448 4964 Quae
3479 4915 3638 4956 meus

2049 4992 2229 5040 tantas
2269 4984 2394 5040 lites
2439 4996 2819 5055 percurreret,
2863 4995 2946 5042 tot
2991 4999 3208 5059 gentes,
3247 5001 3303 5045 et
3341 4993 3642 5066 phalanges

2052 5076 2346 5132 inimicas?
2391 5075 2718 5143 Quaerebam
2761 5093 3096 5150 cognoscere
3124 5085 3371 5142 occultas
3413 5087 3642 5158 profun-

2051 5169 2253 5224 ditates
2285 5170 2693 5234 universorum,
2741 5181 2796 5224 et
2833 5172 2956 5240 quis
3002 5176 3241 5243 potuerit
3271 5179 3490 5235 tandem
3527 5183 3642 5237 cla-

2048 5277 2142 5316 ras
2209 5276 2297 5317 res
2357 5263 2680 5318 obscurare.
2753 5260 2941 5319 Unum
3010 5269 3344 5338 cognitionis
3413 5272 3637 5340 lumen,

2045 5353 2288 5418 Christe,
2317 5363 2376 5409 tu
2410 5355 2546 5410 mihi
2579 5355 2731 5412 solus
2766 5373 2862 5425 es;
2895 5360 3140 5431 cognitio
3163 5361 3411 5432 perfecta
3449 5367 3639 5436 potius

2044 5455 2131 5502 est
2156 5447 2300 5502 scire
2333 5446 2511 5502 solum
2560 5457 2615 5503 te
2646 5458 2950 5505 creatorem
3005 5453 3467 5523 substantiarum,
3499 5469 3637 5515 tem-

2052 5553 2274 5609 porum,
2301 5539 2570 5606 locorum,
2608 5539 2963 5611 inctl‘abilem,
2993 5543 3634 5618 inromprehensibilcm,

2053 5649 2224 5690 unum
2272 5645 2330 5694 et
2371 5645 2516 5705 tres;
2557 5639 2740 5694 omnia
2801 5641 3028 5697 mittens
3058 5641 3163 5697 hoc
3196 5643 3415 5714 quidem
3457 5643 3648 5701 solum

2052 5729 2250 5800 loquor
