4080 6408
484 367 592 430 919

863 484 931 540 κ’.
993 490 1095 554 Εἷς
1128 489 1270 556 τοὺς
1294 492 1694 561 φιλοσόφους.

488 600 651 669 Τρεῖς
676 600 871 669 σοφίης
891 602 1244 671 πολυϊστορος
1271 602 1517 673 ἔκκριτοι
1550 606 1781 679 ἀστέρες
1819 605 1923 663 οἷοι

567 692 879 762 Ἐνθέμενοι
908 692 1112 761 βίϐλοις
1143 692 1299 747 ὄλϐον
1325 696 1662 766 ἀπειρέσιον.

499 784 763 855 Ἀρχύτας
787 781 946 856 ἦρξε,
985 786 1213 840 Πλάτων
1252 787 1513 855 πλάτυνε,
1545 791 1699 855 τέλος
1739 794 1788 847 δ’
1811 795 1904 848 ἐπὶ
1932 798 2064 850 πᾶσι

569 877 656 940 Ὠς
686 876 845 947 ἔτυχε
878 877 1099 948 κληθεὶς
1132 878 1301 950 θῆκεν
1354 882 1753 955 Ἀριστοτέλης.

697 1018 804 1066 xa’.
847 1015 952 1078 Εἰς
978 1012 1086 1079 τὰς
1120 1013 1231 1067 τῶν
1277 1015 1527 1085 Ἰϐήρων
1557 1020 1857 1091 ἁρπαγάς.

483 1127 556 1178 Ού
592 1125 861 1181 Σκυθικὸν
891 1128 1005 1198 πῦρ
1035 1128 1152 1183 ἀλλ’
1191 1130 1438 1203 Ἰὃηρικὴ
1471 1134 1561 1202 βία

485 1218 625 1289 Πρὸς
649 1221 750 1289 τὴν
793 1220 967 1290 Ἐᾠαν
998 1221 1095 1275 νῦν
1131 1222 1311 1277 κλονεῖ
1341 1225 1442 1294 τὴν
1481 1226 1776 1296 Ἐσπεραν.

486 1309 592 1377 Γῆς
616 1309 777 1362 τοῦτο
809 1310 1048 1380 σεισμοὶ,
1078 1310 1268 1364 τούσδε
1302 1312 1504 1381 φαῦσις
1535 1316 1784 1387 ἀστέρων

485 1400 702 1454 ιςαινῶν
728 1401 915 1472 ἐδήλου
948 1402 1181 1471 μάκετις
1209 1404 1400 1474 γῆ.-Τί
1421 1406 1659 1472 Σκύθαις

480 1492 687 1564 Μέμφῃ
713 1494 960 1562 ματαίως
982 1495 1176 1548 ὁππότ’
1206 1494 1272 1549 ἂν
1300 1498 1428 1561 τοὺς
1464 1500 1787 1570 συμμάχους

480 1582 525 1632 Τ
528 1580 721 1636 οιαῦτα
748 1582 994 1653 δρῶντας
1019 1585 1115 1639 καὶ
1139 1584 1327 1655 φίλους
1355 1590 1483 1652 τοὺς
1514 1591 1641 1654 σοὺς
1670 1591 1889 1659 βλέπεις
1918 1593 2003 1659 ’θὶ

1685 1682 1849 1742 φίλους

748 1820 751 1823 ‹
836 1781 940 1852 κβ’.
977 1785 1079 1850 Εἰς
1111 1786 1254 1851 τοὺς
1299 1787 1706 1855 Βουλγάρους.

481 1892 641 1946 Κατὰ
669 1892 894 1946 Σκυθῶν
935 1896 1067 1965 πρὶν
1096 1898 1440 1968 συμμάχους,
1475 1897 1570 1951 νῦν
1601 1898 1659 1952 δὲ
1699 1899 1933 1965 Σκύθας,

480 1985 756 2055 Λήψοισθε
783 1985 1020 2058 Θρᾷκες,
1050 1991 1376 2059 συμμάχους
1412 1991 1549 2060 πρὸς
1574 1993 1701 2055 τοὺς
1733 1991 1923 2060 φίλους

479 2077 746 2147 Σκιρτᾶτε
774 2077 870 2131 καὶ
901 2080 1175 2149 κροτεῖτε,
1207 2078 1353 2149 φῦλα
1383 2082 1732 2154 Βουλγάρων,

481 2170 590 2221 Καὶ
626 2168 886 2240 σκῆπτρα
918 2170 1014 2223 καὶ
1041 2172 1104 2226 τὸ
1131 2173 1352 2243 στέμμα
1381 2176 1476 2228 καὶ
1505 2177 1606 2244 τὴν
1642 2178 1933 2250 πορφύραν

481 2264 523 2314 Κ
537 2262 754 2333 ρατεῖτε
794 2262 887 2317 καὶ
919 2266 1158 2335 φορεῖτε,
1187 2266 1283 2319 καὶ
1312 2267 1613 2336 φοινικίδας

1085 2358 1375 2428 (ζήτησον
1404 2362 1621 2429 στίχον
1650 2362 1781 2427 ἕνα)
1880 2374 1883 2377 ·

480 2446 866 2516 Μεταμφιάσει
890 2449 987 2503 καὶ
1019 2447 1198 2513 ξύλοις
1222 2451 1349 2515 τοὺς
1375 2452 1611 2521 αὐχένας

481 2536 733 2606 Μακροῖς
766 2539 999 2605 συνέξει,
1036 2543 1129 2595 καὶ
1157 2542 1369 2611 κυφῶσι
1391 2546 1518 2608 τοὺς
1554 2546 1745 2610 πόδας.

480 2627 642 2681 Ξανεῖ
661 2628 719 2681 δὲ
758 2628 983 2695 πολλαῖς
1017 2631 1163 2687 νῶτα
1187 2634 1281 2687 καὶ
1306 2634 1407 2705 τὴν
1441 2635 1674 2690 κοιλίαν.

497 2719 635 2774 ’Δνθ’
666 2714 742 2777 ὧν
766 2722 995 2791 ἀφέντες
1026 2724 1401 2797 δημιουργεῖν,

481 2813 717 2881 Τούτους
751 2819 945 2889 φορεῖν
974 2819 1211 2890 τολμᾶτε
1235 2820 1331 2873 καὶ
1364 2823 1584 2891 φρονεῖν
1612 2822 1778 2892 μέγα.

818 2958 923 3020 κγ’.
952 2956 1055 3020 Είς
1085 2954 1200 3024 τὴν
1231 2955 1462 3025 νοητὴν
1489 2957 1735 3012 οὐσίαν.

482 3066 672 3135 Ζητῶν
702 3067 936 3122 ἀπεῖπον
962 3068 1060 3139 τὴν
1094 3069 1289 3141 νοητὴν
1319 3070 1532 3126 οὐσίαν.

482 3156 577 3220 Τίς
605 3158 755 3212 ἐστιν
789 3158 954 3231 αὕτη,
980 3161 1097 3225 πῶς
1129 3162 1187 3214 δὲ
1221 3162 1412 3233 τέμνει
1434 3165 1533 3228 τὰς
1556 3164 1673 3231 δύο,

980 3338 1071 3392 20.
1112 3338 1179 3392 In
1210 3339 1575 3411 philosophos.

554 3427 692 3485 Tres
722 3430 994 3500 sapientia
1046 3433 1267 3503 egregia
1315 3435 1623 3502 conspicui,
1657 3436 1810 3492 velut
1844 3437 2024 3494 sidera
2049 3478 2064 3503 ,

483 3518 640 3574 libris
669 3520 971 3590 pretiosum
1000 3521 1321 3577 thesaurum
1344 3525 1761 3581 commiserunt.
1797 3527 2068 3599 Archytas

485 3612 793 3681 imperavit,
824 3611 977 3667 Plato
1007 3614 1381 3685 ampliﬁcavit,
1413 3617 1737 3674 Aristoteles
1773 3620 2066 3689 perfectio-

488 3717 613 3756 nem
666 3702 721 3756 in
760 3704 1053 3770 omnibus,
1103 3714 1163 3761 ut
1193 3721 1395 3763 nomen
1438 3709 1561 3780 ejus
1595 3709 1831 3767 feliciter
1882 3722 2065 3778 sonat,

486 3795 768 3864 imposuit.

835 3909 927 3966 21.
962 3908 1028 3963 In
1063 3908 1346 3965 [berorum
1372 3914 1718 3970 vastationes.

563 4018 681 4073 Non
707 4019 1000 4091 Scythicus
1031 4020 1198 4092 ignis,
1226 4022 1320 4078 sed
1346 4023 1552 4079 lberica
1584 4026 1847 4081 violentia
1877 4040 2069 4082 versus

486 4110 762 4168 Orientem
788 4129 934 4168 nunc
955 4110 1313 4170 Occidentem
1337 4116 1508 4188 fugat.
1526 4116 1642 4175 Hoc
1669 4128 1830 4174 terrae
1857 4128 2063 4183 motus,

486 4212 541 4255 ιι
576 4203 696 4258 illos
723 4204 1005 4259 stellarum
1039 4220 1303 4262 novarum
1327 4208 1504 4279 fulgor
1533 4210 1858 4267 ostendebat
1886 4220 2064 4265 terrae.

488 4293 629 4358 Quid
681 4292 913 4365 Scythas
946 4294 1167 4350 incusas
1206 4296 1504 4365 immerito,
1550 4314 1679 4355 cum
1712 4299 1897 4353 socios
1939 4298 2067 4354 talia

486 4396 729 4456 agentes,
770 4397 827 4443 et
854 4388 1063 4444 amicos
1095 4398 1221 4446 tuos
1250 4392 1447 4447 vides?

1028 4523 1118 4579 22.
1154 4522 1220 4577 In
1247 4523 1535 4593 Bulgaros.

557 4659 758 4715 Contra
790 4660 1037 4731 Scythas.
1071 4676 1244 4730 nuper
1272 4661 1476 4723 socios,
1512 4677 1657 4714 nunc
1679 4678 1811 4715 vero
1848 4662 2065 4734 Scythae

1759 379 2034 442 ,ΙΟΑΝΝΙ
2044 381 2083 443 S
2113 382 2547 443 GEOMETRA-I

2096 505 2136 559 Α
2182 500 2499 568 Ἀσώματον
2521 501 2617 553 καὶ
2645 500 2842 569 σῶμα;
2874 500 2989 562 πῶς
3026 498 3070 551 δ’
3100 498 3268 569 ἄμφω
3302 497 3439 569 μόνη

2172 592 2411 661 Ἐχουσα
2438 592 2546 644 τῶν
2574 592 2723 645 δυοῖν
2749 592 2807 645 δὲ
2836 590 3002 661 μηδὲν
3030 590 3314 658 τυγχάνει;

2167 682 2293 747 Πῶς
2317 683 2496 737 πάντα
2517 682 2561 735 δ’
2586 682 2759 747 ἐστὶν,
2783 681 2900 735 ἔστι
2928 682 3148 736 πάντων
3177 681 3222 735 δ’
3247 682 3433 735 οὐκέτι
3457 697 3479 749 ς

2670 888 2775 945 κδ’.
2810 894 2917 958 Εἰς
2944 889 3053 945 τόν
3081 818 3263 960 κομῗὲ

2175 1007 2318 1057 ’Ᾱνω
2351 1004 2583 1075 κομίτης
2613 1004 2807 1072 ἔφλεγε
2830 1005 2921 1058 τὸν
2949 1004 3166 1074 αἰθέρα,

2166 1097 2333 1152 Κάτω
2370 1098 2621 1169 κομήτης
2644 1098 2915 1169 πυρπολεῖ
2944 1099 3044 1167 τὴν
3090 1097 3388 1168 Ἑσπέραν.

2180 1191 2381 1261 Ἀστὴρ
2410 1191 2617 1255 ἐκεῖνος
2645 1190 2915 1261 σύμϐολον
2936 1191 3030 1244 τοῦ
3058 1191 3153 1245 νῦν
3179 1192 3399 1254 σκότους
3423 1207 3440 1223 ·

2178 1282 2419 1345 Ἐκεῖνος
2450 1285 2560 1354 ήμε
2570 1284 2727 1352 ροῦτο
2750 1285 2893 1351 φωτὶ
2915 1284 3237 1353 Φωσφόρου.

2178 1373 2322 1426 Ἀλλ’
2342 1366 2500 1437 οὗτος
2536 1375 2684 1445 ἥφθη
2705 1378 2771 1446 τῇ
2804 1375 2957 1429 δύσει
2990 1376 3332 1447 Νικηφόρον.

2167 1464 2365 1533 Τυφὼς
2394 1469 2422 1520 ὁ
2450 1466 2622 1532 δεινὸς
2655 1460 2812 1531 οὗτος
2844 1466 2905 1532 ἐξ
2931 1467 3251 1539 ἀλαστόρων

2166 1559 2250 1612 Τὸ.
2275 1560 2454 1613 πάντα
2484 1562 2743 1632 πιμπρᾷο
2775 1559 2880 1614 ποῦ
2914 1559 3245 1632 βρυχήματα
3272 1561 3516 1631 κράτους

2168 1652 2277 1707 Τοῦ
2308 1652 2424 1717 σοῦ,
2462 1654 2758 1723 στρατηγέ,
2790 1654 2891 1725 τῆς
2935 1655 3198 1725 ἀνικήτου
3242 1654 3507 1725 Ῥώμης;

2167 1743 2333 1796 Φύσει
2365 1742 2609 1814 βασιλεῦ,
2642 1744 2938 1815 πράγμασι
2962 1745 3257 1815 νικηφόρε,

2168 1834 2383 1907 Μικρὸν
2412 1834 2703 1906 προκύψας
2730 1835 2825 1889 τοῦ
2848 1836 3043 1905 τάφου,
3077 1835 3294 1907 βρύξον,
3326 1836 3472 1901 λέον,

2167 1924 2390 1989 Δίδαξω
2416 1926 2587 1979 οἰκεῖν
2613 1924 2713 1988 τὰς
2741 1925 3037 1990 ἀλώπεκας
3065 1927 3315 1999 πέτραις.

2610 2064 2711 2114 κε’.
2740 2061 2921 2129 Ὅρος
2951 2061 3070 2115 τῶν
3095 2061 3308 2116 ὄντων.

2165 2171 2438 2225 Ἔκαστον
2458 2164 2601 2225 εἶναι
2630 2174 2743 2235 τοῖς
2780 2174 2961 2239 σοφοῖς
2996 2171 3144 2225 τοῦτ’
3172 2172 3333 2226 οὐσία
3357 2189 3373 2205 ·

2166 2263 2338 2317 Ποσδν
2369 2263 2447 2328 δὲ,
2486 2264 2687 2335 μέτρον
2728 2265 3021 2335 κάριθμὺς,
3058 2265 3220 2337 ῥοπὴ,
3258 2265 3423 2336 βάρος
3447 2279 3464 2295 ⁸

2164 2355 2240 2409 Τὸ
2271 2356 2406 2423 πρός
2432 2374 2485 2409 τι
2508 2357 2553 2411 δ’
2588 2359 2739 2411 ἐστὶν
2769 2359 2802 2427 ἠ
2829 2358 2969 2429 πρὸς
3000 2356 3130 2412 ἄλλο
3162 2376 3216 2411 τι
3251 2358 3437 2429 σχέσις
3458 2372 3474 2389 ⁸

2167 2444 2348 2509 Ποιδν,
2372 2446 2684 2517 χαρακτὴρ,
2719 2442 2880 2513 εἶδος,
2921 2449 2955 2517 ή
2985 2447 3299 2516 τοιουτότης
3319 2462 3335 2477 ⁸

2166 2532 2280 2586 Ποῦ
2315 2534 2666 2605 συμϐεϐηκὸς
2693 2535 2790 2589 τοῦ
2824 2537 3016 2601 τόπου,
3054 2538 3185 2590 ποτὲ
3212 2536 3407 2607 χρόνου
3430 2554 3443 2569 ·

2168 2623 2350 2678 Ποιεῖν
2379 2624 2440 2679 τό
2466 2644 2519 2679 τι
2545 2626 2699 2697 δρᾷν,
2739 2626 2849 2680 εἴτε
2873 2627 3022 2695 νοῦν,
3048 2628 3151 2682 εἶτ’
3183 2629 3375 2682 οὐσίαν
3398 2644 3413 2660 ·

2168 2716 2407 2788 Πάσχειν
2445 2717 2694 2788 δέχεσθαι
2722 2718 2830 2771 τῶν
2853 2718 2983 2792 παρ’
3024 2718 3198 2773 ἄλλων
3226 2719 3283 2773 δὲ
3317 2719 3540 2790 δράσαις
3566 2720 3641 2778 ⁸⁸.

2168 2806 2422 2869 Κεῖσθαι,
2449 2806 2627 2872 κλίσις
2655 2826 2709 2861 τι
2738 2809 2770 2879 ἢ
2810 2808 2959 2873 θέσις
3000 2809 3108 2863 τῶν
3145 2809 3434 2879 κειμένων,

2172 2898 2359 2968 Ἕχειν
2390 2898 2621 2953 ἕκαστον
2651 2894 2822 2972 οὗπέρ
2850 2903 2968 2955 ἐστι
2994 2902 3056 2954 τὸ
3086 2902 3269 2956 πλέον.

2169 3008 2282 3075 κς·’.
2330 3011 2435 3078 Είς
2478 3012 2595 3081 τὴν
2643 3013 2990 3137 γνωστικὴῖ
3041 3015 3139 3069 καὶ
3193 3014 3534 3086 πρακτικὴν
3578 3019 3751 3086 φιλο-

2837 3100 2957 3137 σοω
2986 3101 3085 3137 αν.

2837 3100 3085 3139 σοφίαν.

2837 3104 3085 3154 σοφίαν.

2168 3171 2417 3243 Θεωρίας
2444 3191 2529 3239 τις
2556 3174 2728 3245 ἄκρον
2750 3177 2784 3245 ή
2816 3175 3107 3247 μοναρχία,

2098 3364 2143 3422 ο
2177 3364 2337 3417 sum;
2368 3366 2495 3423 quae
2518 3361 2605 3407 est
2634 3352 2737 3407 ista
2755 3352 2781 3405 ?
2799 3352 3080 3421 quomodo
3103 3352 3298 3408 dividit
3326 3367 3443 3410 nam
3463 3368 3596 3422 auo,
3627 3370 3752 3411 cor-

2169 3444 2357 3514 porale
2389 3452 2445 3498 et
2491 3445 2873 3514 incorporale?
2909 3445 3189 3514 quomodo
3224 3455 3406 3501 autem
3458 3457 3753 3518 utrumque

2168 3536 2285 3590 sola
2355 3536 2564 3593 habens
2612 3537 2746 3591 nihil
2801 3536 3022 3607 utrique
3075 3538 3423 3608 participat?
3469 3538 3749 3608 quomodo

2168 3627 2356 3682 omnia
2384 3637 2489 3693 est,
2524 3641 2579 3684 et
2609 3629 2742 3684 nihil
2779 3630 3028 3684 omnium
3058 3630 3189 3685 est?

2691 3771 2781 3821 24.
2822 3781 2887 3820 tn
2926 3776 3202 3821 cometam.

2243 3878 2420 3947 Supra
2470 3877 2830 3935 inﬂammavit
2887 3881 3120 3945 aethera,
3161 3878 3302 3933 infra
3356 3886 3600 3933 cometes
3659 3876 3747 3931 in-

2170 3972 2740 4028 cenditOccideutem.
2774 3972 2937 4027 Sidus
2968 3972 3099 4025 illud
3132 3971 3352 4041 signum
3384 3978 3470 4025 est
3498 3969 3750 4024 tenebra-

2171 4081 2319 4131 rum,
2358 4065 2613 4121 blandius
2644 4066 2874 4121 edicitur
2908 4062 3367 4128 luniineluciferi,
3400 4063 3496 4118 sed
3530 4064 3634 4117 hoc
3666 4062 3747 4116 iu-

2170 4157 2507 4211 ﬂammatum
2553 4167 2639 4211 est
2687 4157 2743 4210 iu
2774 4157 2924 4211 obitu
2977 4154 3297 4226 Niceplmri.
3357 4154 3601 4209 Fumans
3649 4155 3752 4207 hoc

2170 4263 2373 4302 saevum
2422 4263 2490 4301 ex
2545 4247 2755 4301 ultione
2812 4247 3001 4300 divina
3058 4246 3244 4299 omnia
3297 4243 3594 4299 consumit.
3647 4240 3748 4297 Ubi

2170 4340 2387 4409 rugitus
2412 4350 2519 4394 tua:
2557 4340 2859 4409 potestatis,
2890 4340 2999 4391 dux
3032 4338 3246 4391 invicta:
3294 4335 3521 4389 Romae?
3556 4344 3750 4389 natura

2170 4449 2288 4495 rex,
2324 4433 2488 4488 rebus
2519 4434 2687 4503 gestis
2726 4430 3066 4498 Nicephore;
3101 4430 3252 4484 brevi
3288 4430 3343 4482 in
3385 4429 3638 4495 sepulcro
3670 4427 3753 4497 ja-

2169 4542 2323 4591 ccns,
2353 4525 2495 4596 rugi,
2531 4525 2637 4588 leo,
2670 4524 2807 4579 doce
2830 4524 3019 4593 vulpes
3047 4522 3276 4592 rupibus
3295 4520 3624 4575 inhabitare.

2644 4656 2736 4711 95.
2776 4655 3024 4725 Definitio
3050 4655 3274 4709 entiam.

487 4752 800 4817 sumeretis,
819 4752 1083 4818 Thraces,
1115 4752 1299 4806 socios
1327 4760 1382 4805 et
1425 4751 1657 4806 amicos.
1690 4752 1978 4809 Exsultate
2009 4764 2065 4809 et
2095 4750 2143 4808 D
2235 4771 2678 4841 Unumquodque
2721 4785 2843 4823 esse
2867 4811 2881 4833 ν
2932 4769 2983 4821 Μ
3035 4765 3375 4836 philosophis
3421 4763 3744 4821 substantia:

488 4845 751 4913 plaudite,
780 4844 1144 4914 Bulgarorum
1178 4842 1376 4905 tribus,
1405 4851 1458 4896 et
1487 4850 1703 4911 sceptra
1737 4850 1791 4895 ct
1817 4842 2068 4900 diadema

485 4948 539 4991 et
575 4953 872 5009 purpuram
924 4939 1203 5011 possidete
1258 4948 1312 4994 et
1362 4948 1605 5009 gestate,
1637 4946 1691 4995 et
1718 4957 1944 4997 croceas
1979 4952 2065 4998 to-

486 5046 602 5099 gas.
643 5073 658 5087 .
694 5073 707 5087 .
740 5071 756 5088 .
787 5071 805 5086 .
838 5072 855 5087 .
895 5071 911 5086 .
941 5071 955 5086 .
991 5071 1006 5087 .
1042 5071 1057 5086 .
1088 5071 1103 5086 .
1140 5071 1155 5086 .
1191 5071 1205 5085 .
1239 5070 1254 5085 .
1295 5070 1311 5086 .
1345 5031 1530 5101 (Deest
1558 5049 1699 5088 unus
1731 5035 2066 5105 versus).....

485 5126 743 5178 vestitum
788 5124 1046 5189 mutabit,
1085 5132 1141 5178 et
1184 5124 1346 5193 lignis
1394 5125 1574 5196 longis
1608 5120 1748 5181 colla
1797 5128 2065 5198 alligabit,

485 5217 838 5285 compedibus
886 5217 1089 5285 pedes;
1164 5217 1464 5286 multisque
1513 5218 1773 5272 lacerabit
1813 5229 1962 5289 terga
2015 5229 2070 5274 et

488 5318 769 5375 ventrem;
805 5309 923 5363 ideo
945 5310 1159 5377 operari
1188 5318 1490 5366 cessantes.
1520 5311 1617 5367 hos
1652 5314 1923 5369 sustinete
1953 5328 2067 5383 pra:

486 5415 548 5456 se
579 5400 722 5456 ferre
753 5409 807 5456 et
842 5401 1084 5470 cugilare
1122 5404 1383 5472 superba.

732 5516 825 5570 25.
870 5515 934 5570 In
993 5516 1403 5573 intellectualem
1435 5522 1817 5576 substantiam.

559 5630 821 5694 Quaerens
862 5630 1284 5686 intellectualem
1326 5632 1692 5687 substantiam
1744 5633 2068 5699 desperatus

561 5806 610 5839 "
642 5807 750 5865 Sic.
827 5813 871 5845 ’ί
904 5812 1032 5883 Leg.
1072 5813 1176 5869 vid.
1218 5814 1318 5878 τὰς
1353 5833 1407 5868 π.
1433 5813 1571 5881 5.7a
1601 5812 1843 5882 δράσεις.

2177 4864 2399 4923 dicitur,
2432 4859 2710 4929 quantitas
2731 4900 2746 4922 ,
2798 4871 3055 4910 mensura
3078 4897 3092 4920 ,
3129 4868 3390 4907 numerus
3415 4893 3429 4913 ,
3460 4852 3576 4916 vis,
3613 4866 3746 4921 pon-

2177 4955 2317 5019 dus;
2347 4953 2413 5007 ad
2449 4950 2581 5021 quid
2613 4959 2717 5015 cst,
2752 4950 2834 5003 vel
2880 4946 2947 5001 ad
2983 4947 3131 5001 aliud
3170 4955 3254 5000 est
3297 4944 3539 5007 habitus,
3575 4942 3751 5013 quali-

2177 5055 2280 5107 tas.
2316 5044 2622 5107 character,
2653 5041 2862 5110 species
2886 5049 2940 5095 et
2967 5039 3149 5093 talitas
3171 5081 3184 5103 ,
3220 5037 3384 5091 modo
3436 5036 3752 5106 adjunctum

2176 5136 2316 5197 loci.
2362 5134 2526 5189 modo
2556 5132 2859 5203 temporis;
2901 5131 3086 5186 facere
3128 5129 3259 5198 quid
3311 5139 3593 5199 operatur,
3640 5127 3755 5182 sive

2175 5243 2348 5291 meus,
2382 5228 2497 5282 sive
2518 5226 2852 5286 substantia.
2878 5223 3019 5293 pati,
3048 5222 3305 5291 excipere
3327 5222 3395 5275 ab
3427 5220 3551 5274 aliis
3583 5218 3753 5274 actio-

2170 5335 2300 5386 nes,
2336 5320 2574 5390 subjici,
2625 5317 2946 5379 inclinatio,
2982 5324 3079 5371 aut
3111 5314 3311 5383 positio
3340 5312 3750 5380 subjectorum,

2168 5413 2602 5483 unumquodque
2633 5410 2837 5465 habere
2870 5409 2922 5464 id
2962 5420 3074 5476 quo
3103 5414 3287 5459 tamen
3309 5401 3486 5471 majus
3515 5399 3750 5456 exsistit.

2192 5521 2284 5576 '26.
2322 5520 2383 5574 In
2411 5519 2778 5577 Cnoslicorum
2818 5528 2870 5573 et
2901 5516 3271 5570 Practicorum
3303 5510 3716 5583 philosophiam.

2189 5676 2196 5682 .
2239 5630 2486 5687 Thcorize
2524 5646 2738 5688 summa
2772 5638 2856 5685 est
2895 5643 3016 5698 quae
3046 5626 3118 5684 sit
3151 5623 3493 5692 monarchia,
3526 5621 3656 5695 quid
3682 5620 3754 5674 sit
