4080 6436
311 426 411 494 921

313 541 379 598 Τί
409 535 661 608 πράξεως
687 533 720 603 ἡ
752 529 948 600 κρᾶσις
977 525 1190 600 ἀρετῶν
1223 527 1340 598 ὅλη.

313 640 496 696 Μέσαι
526 635 584 688 δὲ
606 631 830 702 γνῶσις,
858 629 1132 697 δευτέρων
1155 625 1304 696 ὴοῶν
1334 625 1512 695 νόμοι,

314 733 472 788 Δυοῖν
495 727 724 782 ἐκείνων
748 722 922 778 ταῦτα
957 719 1220 792 βαθμίδες
1245 718 1362 773 δύο.

313 825 428 896 Μιᾷ
455 821 499 876 δ’
530 819 739 890 ἑκάστῃ
759 817 855 869 καὶ
885 813 1156 884 συνάμφω
1182 813 1280 866 καὶ
1311 810 1486 883 μόλις.

809 928 914 994 κζ’.
943 930 1044 994 Εἰς
1089 927 1472 996 Σιμπλίκιον.

325 1029 542 1098 Ῥήτωρ
563 1027 592 1078 ὀ
618 1023 946 1094 Σιμπλίκιος
977 1019 1010 1092 ἢ
1050 1019 1343 1089 φιλόσοφος
1366 1034 1382 1084 ;

321 1121 523 1189 ’Ἄμφω
553 1117 704 1170 δοκεῖ
738 1130 854 1184 μοι,
880 1112 976 1166 καὶ
1015 1112 1094 1182 μά
1121 1111 1250 1174 τοὺς
1280 1110 1476 1178 λόγους
1504 1107 1698 1180 ἄκρος.

799 1230 909 1294 κη’.
935 1224 1040 1289 Εἰς
1071 1223 1441 1292 Πορφύριον.

333 1323 392 1376 '0
417 1321 732 1393 Πορφύριος
762 1317 956 1372 λευκὸν
993 1315 1408 1388 Ἀριστοτέλους

321 1415 396 1468 Τὸ
427 1412 748 1485 πορφυροῦν
772 1409 942 1476 ἔδειξε
983 1409 1030 1440 ³³
1059 1407 1317 1476 γνώσεως
1349 1405 1535 1476 βάθος.

325 1507 516 1576 Ὄρνις
543 1502 846 1573 πτερωτὸν,
872 1500 986 1572 πῦρ
1015 1501 1074 1554 δὲ
1099 1499 1304 1568 κοῦφον
1335 1497 1433 1568 τὴν
1467 1496 1633 1566 φύσιν
1655 1512 1674 1528 ν

323 1597 640 1667 ’.ὶνωφερὴς
675 1596 733 1649 δὲ
758 1591 1232 1662 νοῦςξΊαμϐλὶχου
1265 1591 1450 1654 πλέον,

325 1690 386 1742 El
429 1689 504 1758 μὴ
531 1687 674 1741 τιθεῖ
697 1703 780 1750 τις
819 1686 1010 1749 οὐσίας
1037 1683 1394 1755 ἀσωμάτους.

324 1781 406 1834 Τά
429 1783 546 1844 τοῖς
573 1781 760 1848 σοφοῖς
789 1777 1058 1832 δοκοῦντα
1081 1775 1190 1828 τῶν
1219 1776 1394 1829 όντων
1422 1775 1582 1846 γένη,

335 1870 642 1938 Ἐλεγχέτω
677 1869 770 1920 τὸν
803 1867 974 1940 ἄνδρα
1010 1866 1038 1918 ὁ
1066 1865 1236 1936 μήπω
1263 1865 1461 1934 λέγων,

337 1962 653 2032 Ἰάμσλιχος
683 1960 926 2032 ἄκρατος
957 1957 1034 2012 ὣν
1073 1959 1200 2022 νοῦς
1237 1959 1332 2010 καὶ
1365 1957 1549 2027 μόνον.

397 2055 497 2118 ’ος
520 2071 614 2106 σου
637 2052 855 2123 τέθηπα
887 2052 989 2120 τὴν
1015 2049 1180 2118 φύσιν
1203 2048 1398 2120 Σύρος,
1439 2047 1602 2119 Σύρε,

327 2145 464 2214 Εἵης
501 2146 559 2199 δὲ
590 2144 804 2208 πιστὸς,
826 2143 922 2196 τοῦ
955 2142 1144 2213 Σόρων
1173 2141 1413 2212 Χριστὸς
1441 2139 1656 2208 γένους.

405 2237 594 2306 Σοφῶν
621 2235 884 2290 τοσαῦται
923 2235 1036 2288 τῶν
1061 2233 1310 2286 παλαιῶν
1341 2232 1606 2303 αἱρέσεις,

327 2327 715 2400 Πυθαγόρειοι,
749 2325 1000 2386 Στωϊκοὶ,
1033 2323 1394 2395 Παρμενίδαι,

329 2417 694 2491 Κυρηναῖκῶν
723 2415 916 2488 ἑσμὸς,
949 2418 998 2469 oi
1025 2417 1136 2468 τῶν
1171 2415 1496 2486 Μεγαρέων,

331 2511 506 2580 Χορὸς
529 2509 842 2573 Πλάτωνος,
872 2508 929 2561 οἷ
953 2525 1014 2560 τε
1037 2507 1132 2560 τοῦ
1159 2507 1472 2576 Περιπάτου
1493 2519 1508 2534 ·

347 2595 566 2649 Ἐπικοῦ
577 2613 730 2666 ρειοι.
761 2595 1011 2659 Κυνικοὶ,
1039 2595 1418 2665 Πυρῤωνίδαι,

337 2689 510 2752 Δεκὰς
537 2688 720 2743 τελεία
741 2689 852 2742 τῶν
881 2687 1016 2742 δέκα
1045 2685 1230 2740 στύλοι
1258 2687 1454 2755 γενῶν.

533 2778 636 2834 κθ¹.
665 2781 768 2845 Εὶς
797 2779 910 2848 τὴν
951 2779 1239 2849 κοίμησιν
1263 2777 1373 2848 τῆς
1398 2779 1720 2834 Θεοτόκου.

332 2893 444 2964 Ζῇς
465 2894 560 2945 καὶ
593 2893 831 2946 θανοῦσα
855 2910 868 2923 ·
904 2893 1059 2959 ζῶσα
1087 2892 1316 2957 τίκτεις,
1349 2893 1651 2963 Παρθένος.

691 3003 754 3060 λ’.
793 3008 898 3072 Εις
944 3005 1060 3072 τὴν
1097 3005 1441 3074 ἀποδημίαν
1470 3005 1541 3059 ’³.

330 3097 520 3170 Τρῶες
561 3099 662 3170 μὲν
689 3099 784 3152 καὶ
821 3099 1035 3170 ’Λχαιοὶ
1063 3097 1152 3152 ἐπ’
1178 3097 1458 3167 ἀλλήλοισι
1488 3093 1762 3166 Θορόντες,

329 3267 439 3314 tota
469 3257 788 3326 coniunctio
816 3253 1157 3325 operationis
1180 3253 1444 3308 virtutum
1471 3271 1486 3308 :
1527 3249 1706 3307 media
1729 3257 1916 3306 autem

326 3350 539 3421 gnosia,
576 3347 945 3404 secundorum
987 3361 1204 3400 morum
1247 3346 1418 3417 leges,
1459 3345 1694 3398 duorum
1726 3343 1924 3396 horum

328 3441 698 3497 {illidamenta
727 3441 842 3494 haec
869 3439 1002 3495 duo.
1037 3436 1144 3494 Uni
1194 3446 1380 3492 autem
1406 3437 1608 3507 cuique
1629 3441 1930 3504 utrumque

326 3549 472 3604 aagre
503 3534 670 3588 etiam
699 3531 979 3588 convenit.

825 3624 916 3678 27.
961 3622 1028 3676 In
1058 3621 1422 3692 Simplicium.

391 3738 611 3793 Rhetor
651 3736 972 3806 Simplicius
1024 3751 1094 3790 an
1149 3732 1557 3805 philosophus?
1609 3729 1927 3802 Utrumque

321 3831 454 3886 mihi
499 3830 736 3894 videtur,
762 3839 816 3883 et
840 3835 987 3882 certe
1010 3840 1268 3881 sermone
1298 3839 1573 3880 summus.

810 3919 903 3974 28.
946 3918 1008 3972 In
1043 3915 1428 3986 Porphyrium.
1563 3905 1570 3914 “

397 4035 748 4108 Porphyrius
780 4033 1076 4090 candidum
1135 4029 1450 4087 Aristotelis
1497 4029 1746 4085 scientire
1801 4041 1928 4097 pro-

329 4126 592 4191 fundum,
645 4141 984 4197 purpureum
1036 4125 1309 4188 ostendit;
1359 4124 1478 4178 avis
1521 4122 1666 4176 alata
1717 4129 1831 4184 est,
1875 4129 1928 4174 et

325 4219 472 4288 ignis
507 4219 734 4274 subtilis
777 4225 1008 4280 natura;
1043 4217 1300 4272 sublimis
1332 4225 1516 4270 autem
1555 4213 1730 4283 [uagis
1773 4211 1930 4266 Jam-

326 4313 497 4368 bliehi
535 4327 716 4376 mens,
739 4312 842 4367 nisi
875 4310 1002 4380 quis
1029 4319 1232 4365 statuat
1263 4308 1638 4378 incorporales
1663 4306 1929 4362 substanc

325 4405 455 4460 tias.
488 4403 632 4472 Quae
659 4402 1003 4473 philosophis
1032 4403 1144 4456 visa
1168 4413 1299 4455 sunt
1327 4400 1540 4454 entium
1565 4411 1770 4468 genera
1804 4410 1928 4452 esse

323 4501 625 4555 convincat
652 4499 854 4562 virum,
869 4511 936 4552 ne
951 4499 1182 4566 loquens
1201 4493 1444 4564 quidem,
1465 4491 1808 4548 Jamblichus
1830 4489 1924 4560 qui

323 4605 465 4663 pura
497 4605 661 4646 mens
685 4599 740 4644 et
770 4589 906 4644 nihil
931 4589 1078 4644 aliud
1103 4595 1210 4642 est.
1901 4573 1906 4576 ’

396 4683 508 4748 Qui
555 4691 704 4734 tuam
755 4693 1008 4735 naturam
1043 4676 1214 4748 Syrus
1255 4677 1488 4732 miratus
1528 4689 1675 4738 sum,
1703 4687 1738 4726 ο
1769 4671 1928 4744 Syre,

321 4777 404 4831 sis
443 4785 636 4830 autem
665 4773 868 4836 ﬁdelis,
889 4772 1148 4828 Christus
1179 4787 1210 4826 e
1242 4757 1510 4840 Syrorum
1539 4782 1736 4838 genere
1759 4775 1864 4822 est.

401 4865 876 4933 Philosophorum
923 4873 1170 4918 veterum
1201 4870 1284 4916 tot
1321 4869 1506 4924 εοειιῡ,
1549 4855 1932 4928 Pythagorici,

325 4958 528 5022 Stoici,
569 4956 940 5024 Parmenidte,
976 4957 1405 5027 Cyrenaicorum
1464 4955 1642 5016 turba,
1669 4950 1928 5022 Megarei,

325 5047 586 5104 Platonis
647 5047 890 5113 cohors,
931 5048 1322 5116 Peripatetici,
1377 5043 1650 5115 Epicurei,
1717 5040 1930 5113 Cynici,

325 5139 720 5214 Pyrrhonidae,
776 5139 944 5196 decas
991 5139 1258 5210 perfecta,
1305 5136 1660 5208 decemplicis
1707 5133 1930 5205 generis

325 5234 632 5291 ωιιιιιιιιαι.
1579 5285 1588 5294 α

676 5324 768 5384 29.
807 5323 878 5380 In
903 5323 1282 5378 dormitione»;
1309 5320 1581 5390 Deiparaz.

397 5437 564 5494 Vivis
583 5439 668 5494 vel
703 5448 942 5505 mortua,
969 5437 1181 5500 vivens,
1217 5433 1406 5505 Virgo,
1435 5433 1602 5500 paris.

753 5533 844 5588 30.
889 5529 958 5584 In
995 5529 1304 5584 abscessum
1337 5542 1514 5582 suum.

400 5622 584 5680 Troes
611 5634 668 5680 et
714 5623 892 5680 Graeci
929 5625 982 5678 in
1037 5622 1270 5680 invicem
1307 5627 1553 5685 ruentes,
1583 5616 1752 5684 unius
1797 5631 1925 5672 cor-

327 5711 488 5784 poris
527 5727 696 5768 causa
727 5711 920 5768 decem
952 5713 1110 5770 annis
1135 5711 1472 5768 ceciderunt.

405 5837 651 5932 "Prius
677 5884 795 5931 erat
821 5873 999 5940 εδυξε.
1044 5875 1122 5948 ,λιι
1154 5873 1238 5930 Au
1278 5873 1631 5947 ἀκαδημιανι

1621 415 1962 479 CARMINA
1999 381 2259 480 vanu.

3473 395 3584 457 92?.

1933 531 1976 586 Λ
2080 523 2344 594 Σὼματος
2381 517 2558 590 οὕνεχ’
2601 515 2720 580 ένδς
2751 515 2832 579 εὶς
2861 513 2974 567 δέκ’
3009 511 3239 564 ἔπιπτον
3271 507 3386 574 ἔτη.

2011 617 2076 670 0i
2103 615 2160 668 δὲ
2184 615 2342 682 σοφοὶ
2370 603 2467 666 καὶ
2493 615 2734 682 ῥήματος
2762 609 2796 677 ἢ
2829 607 2924 661 καὶ
2949 603 3281 675 γράμματος
3317 602 3454 661 οἴου,

2084 705 2364 776 Μάρναντ’
2395 695 2478 768 εις
2508 701 2678 755 ἐτέων
2717 701 2812 752 atati.
2837 698 3027 768 χιλίων
3059 695 3315 756 δεκάδας.

2026 799 2188 852 Ἀλλά
2209 797 2256 851 τ’
2297 797 2385 868 ἔμ’
2415 799 2482 850 ἐκ
2503 795 2704 865 βελέων
2725 792 2860 853 Θεὸς
2895 790 3104 856 ἕξελεν,
3135 788 3200 841 ἐκ
3232 804 3292 840 τε
3317 783 3602 856 κυδοιμοῦ,

2098 891 2186 954 Ἐς
2211 889 2445 960 Τριάδος
2479 887 2706 956 γνῶσιν,
2738 885 2798 936 ὲν
2834 882 3068 955 Τριάδος
3097 897 3164 951 με
3190 879 3344 950 φάει.

2087 982 2198 1036 Καὶ
2230 980 2628 1050 συλλογισμοὺς
2661 981 2759 1032 καί
2785 973 3084 1044 λογισμοὺς
3108 973 3206 1026 καὶ
3228 971 3444 1038 λόγους.

2015 1075 2243 1146 Χαίρειν
2281 1074 2503 1146 μακρὰν
2531 1071 2752 1142 φράσας
2784 1086 2889 1134 τις,
2927 1061 3008 1129 εἷς
3035 1065 3168 1128 Θεὸς
3188 1061 3534 1133 γινωσκέτω.

2091 1169 2362 1238 Ἀναρχον
2391 1166 2554 1238 ἀρχὴ,
2585 1165 2828 1234 πνεῦμα,
2861 1161 3018 1231 φῶτα
3036 1159 3107 1211 τά
3144 1157 3292 1228 τρία.

2013 1278 2119 1336 λα’.
2153 1278 2258 1345 Εἰς
2289 1278 2398 1332 τόν
2423 1277 2597 1346 ἅγιον
2623 1275 2906 1346 Κήρυκον
2927 1267 3253 1338 ἱστάμενον
3276 1267 3472 1336 μέσον
3493 1259 3614 1317 τῶν

2647 1345 2956 1414 ἀμπέλων.

2033 1464 2120 1528 Ὡς
2150 1461 2375 1532 εὐγενές
2395 1479 2448 1514 τι
2474 1460 2665 1532 κλῆμα
2695 1458 2910 1530 μάρτυς
2937 1455 3210 1526 ἀμπέλου,

2019 1551 2261 1625 Χριστοῦ
2287 1551 2500 1622 φανεὶς,
2525 1551 2766 1621 ἕστηκας
2805 1545 3065 1617 ἀμπέλων
3091 1541 3288 1614 φύλαξ.

2367 1639 2472 1714 λβ’.
2498 1643 2603 1704 Εῑς
2636 1641 2739 1693 τὸν
2767 1638 2940 1708 ἅγιον
2970 1636 3267 1690 Βλάσιον.

2031 1739 2120 1801 Ὠς
2152 1736 2355 1808 μόσχος
2386 1733 2521 1802 ἡδὺς
2545 1731 2884 1804 θρεμμάτων
2929 1725 3262 1798 Ἐκκλησίας

2023 1829 2174 1884 Βοῶν
2207 1828 2466 1899 ἐτάχθης,
2506 1824 2726 1887 Βλάσιε,
2755 1821 2993 1894 φρουρὸς
3023 1821 3224 1892 μέγας.

2021 1943 2127 2014 λγ.
2165 1943 2276 2010 Εἷς
2307 1959 2443 1996 τινα
2471 1939 2844 2062 κατελθόνὲιὲ
2877 1938 2966 2002 εις
3001 1933 3268 1990 Ἐλλάδα
3294 1932 3391 1988 καὶ
3419 1932 3619 2002 ἀγροι-

2669 2024 2774 2062 κισ
2845 2023 2979 2062 ντα.

2669 2024 2774 2062 κισ
2777 2023 2979 2062 verm.

2021 2108 2099 2162 Οὐ
2131 2105 2425 2178 βαρϐάρων
2449 2102 2576 2172 γῆν,
2600 2099 2718 2155 ἀλλ’
2750 2099 2878 2154 ἰδὼν
2905 2097 3005 2168 τὴν
3049 2095 3304 2162 Ἑλλάδα,

2035 2195 2463 2271 Ἐϐαρσαρώθης
2502 2195 2596 2249 καὶ
2621 2193 2784 2262 λόγον
2809 2191 2907 2244 καὶ
2937 2189 3029 2244 τὸν
3065 2189 3294 2262 τρόπον.

2341 2287 2440 2342 λδ⁹.
2465 2289 2571 2353 Εὶς
2611 2283 2750 2352 ὅρος
2788 2283 2900 2336 τὸν
2936 2284 3278 2352 Ὄλυμπον.

2029 2381 2136 2435 Τὸν
2159 2377 2390 2446 οὐρανὸν
2432 2376 2553 2449 μὲν,
2582 2374 2830 2444 ἄγγελοι,
2866 2371 3074 2443 βροτοὶ,
3106 2369 3294 2441 χθόνα,

2032 2475 2238 2546 Ἄμφω
2261 2472 2318 2525 δὲ
2343 2469 2525 2524 κοινὸν
2551 2467 2628 2531 ὡς
2661 2469 2786 2540 ὅρον
2815 2465 2921 2536 γῆς
2945 2465 3040 2518 καὶ
3073 2463 3238 2516 πόλον

2031 2565 2318 2633 Ὄλυμπον
2347 2559 2528 2630 ἔσχον,
2559 2555 2817 2627 πείθομαι
2855 2554 3002 2624 μίξιν
3033 2551 3271 2624 βλέπων.

2029 2653 2138 2718 Οὓς
2169 2651 2266 2705 καὶ
2291 2649 2446 2712 θεοὺς
2474 2647 2749 2716 Ὅμηρος,
2781 2643 2857 2707 ὼς
2883 2643 3046 2706 δοκῶ,
3079 2641 3280 2710 λέγων,

2033 2744 2236 2814 Κοινὴν
2265 2741 2448 2811 ἀφῆκε
2478 2740 2614 2793 πᾶσι
2644 2735 2853 2792 τούτων
2882 2735 3094 2790 ἑστίαν.

2031 2831 2400 2908 Προφητικῶς
2429 2832 2718 2901 Ὄλυμπον
2751 2825 2874 2883 εἷπε
2897 2829 2990 2881 τὸν
3022 2826 3208 2881 πόλον.

2029 2929 2125 2982 λε’.
2154 2929 2263 2994 Εἰς
2295 2924 2438 2991 τοὺς
2470 2919 2848 2994 ,βασιλικοὺς
2895 2916 3246 2994 στεφάνους
3285 2915 3396 2984 τῆς
3429 2915 3634 2986 χειρός

2461 2989 2848 3060 αὐτοκράτωρ
2899 2989 3202 3054 Ἰωάννης,

2035 3089 2348 3160 Ἐθραυσεν
2381 3083 2612 3156 ἐχθροὺς
2641 3081 2794 3147 δεξιά
2817 3081 2910 3151 σὴ,
2940 3079 3150 3150 Χριστέ
3181 3093 3308 3149 μου.

1949 1881 1994 1938 Β

1947 3255 1992 3318 c
2095 3240 2420 3312 Philosophi
2452 3248 2635 3294 autem
2667 3237 2818 3292 verbi
2851 3245 2948 3290 aut
2993 3235 3192 3290 littera:
3217 3235 3382 3290 unius
3431 3249 3630 3300 causa,

2033 3337 2420 3402 pugnaverunt
2452 3341 2724 3382 annorum
2755 3325 2946 3380 decem
2979 3325 3244 3380 millibus.

2103 3423 2207 3477 Sed
2241 3436 2328 3474 me
2353 3422 2500 3475 Delus
2527 3433 2559 3473 e
2593 3417 2717 3472 telis
2743 3417 2968 3486 eripuit.
2995 3416 3187 3486 procul
3218 3431 3250 3470 a
3282 3416 3545 3484 tumultu,
3573 3416 3630 3470 in

2033 3513 2325 3570 Trinitatis
2369 3509 2766 3582 cognitionem,
2818 3515 2876 3564 et
2919 3509 2978 3562 in
3032 3507 3322 3562 Trinitatis
3371 3509 3496 3563 luce
3543 3524 3632 3562 me

2035 3605 2242 3678 posuit.

2105 3699 2176 3754 Et
2221 3695 2600 3770 syllogismos,
2653 3703 2708 3751 et
2753 3695 3300 3766 argumentationes,
3351 3705 3408 3749 et
3461 3695 3632 3750 verba

2033 3793 2220 3848 valere
2241 3791 2474 3846 multum
2505 3788 2708 3844 dixerit
2733 3788 2970 3858 aliquis;
3002 3805 3146 3843 unus
3174 3789 3315 3843 lleus
3346 3795 3632 3852 noscatur,

2034 3887 2154 3941 sine
2177 3883 2454 3955 principio
2484 3881 2820 3952 principium
2844 3923 2858 3948 ,
2891 3881 3142 3950 spiritus,
3180 3881 3360 3935 tribus
3397 3879 3634 3934 lumini-

2035 3977 2140 4030 bus
2175 3985 2462 4030 constans.

2034 4069 2094 4123 51
2109 4108 2122 4120 .
2159 4069 2226 4121 1η
2249 4075 2492 4122 sanctum
2515 4066 2776 4136 Cerycum
2800 4066 2856 4120 in
2874 4065 3048 4120 medio
3070 4066 3346 4120 uinearum
3376 4073 3629 4118 stantem.

2111 4157 2182 4214 Ut
2229 4159 2414 4214 nobile
2464 4159 2743 4230 quoddam
2801 4167 3145 4212 sarmentum
3193 4158 3366 4210 vineae
3397 4155 3630 4223 Christi,

2035 4265 2242 4324 martyr
2269 4253 2418 4307 visus
2449 4267 2532 4316 es,
2557 4261 2674 4307 stas
2705 4252 2990 4304 vinearum
3021 4257 3238 4306 custos.

2445 4343 2536 4398 52.
2569 4341 2638 4396 In
2671 4351 2916 4395 sanctum
2946 4339 3216 4396 Blasium.

2110 4433 2182 4490 Ut
2209 4435 2465 4505 egregius
2495 4435 2703 4489 vitulus
2735 4433 2996 4489 Ecclesiae
3041 4434 3228 4504 gregis
3281 4433 3446 4487 boum
3497 4445 3634 4485 con-

2037 4531 2263 4584 stitutus
2291 4541 2352 4582 es
2377 4565 2393 4590 ,
2427 4525 2597 4592 Blasi,
2635 4541 2870 4596 magnus
2899 4539 3110 4583 cuStos.

1964 4599 2008 4654 Β
2036 4623 2130 4680 55.
2173 4619 2243 4676 In
2286 4619 2568 4692 quemdam
2617 4620 2912 4692 ingressum
2950 4620 3008 4673 in
3041 4617 3310 4675 Gra’ciam
3371 4628 3420 4673 et
3464 4620 3638 4689 sylve-

2600 4701 2766 4746 δεῖσαι
2815 4691 3041 4760 factum.

2110 4784 2230 4839 Non
2264 4783 2864 4854 barbarorum_terram
2889 4821 2906 4847 ,
2944 4781 3040 4838 sed
3085 4781 3354 4837 Graeciam
3395 4796 3520 4834 cum
3553 4781 3636 4836 vi-

2031 4877 2198 4943 deris,
2231 4877 2500 4932 barbarus
2529 4874 2714 4930 factus
2741 4890 2802 4930 es
2833 4885 2886 4929 et
2922 4889 3182 4929 sermone
3209 4883 3266 4929 et
3295 4875 3568 4928 moribus.

2439 4967 2530 5022 δι.
2569 4965 2634 5020 In
2663 4977 2893 5022 montem
2919 4966 3228 5036 Olympum.

2107 5061 2320 5117 Cutlum
2355 5059 2600 5129 quidem,
2632 5059 2844 5127 angeli;
2879 5066 3106 5124 terram,
3138 5059 3441 5124 mortales;
3467 5057 3634 5112 autbo

2033 5167 2166 5208 vero
2207 5152 2370 5207 simul
2407 5151 2684 5206 habebant
2732 5159 2794 5204 ut
2839 5160 3004 5204 terra:
3052 5159 3298 5205 montem
3344 5159 3398 5204 et
3429 5149 3632 5204 omium

2030 5245 2320 5315 Olympum
2343 5258 2360 5307 ;
2380 5243 2546 5296 credo
2573 5241 2960 5296 confusionem
2989 5257 3224 5298 cernens
3257 5259 3272 5296 :
3303 5255 3445 5312 quos
3475 5242 3623 5295 enim

2033 5337 2170 5395 deos
2203 5334 2497 5396 Homerus,
2535 5341 2594 5386 ut
2639 5349 2788 5396 reor,
2816 5334 2970 5395 dicit,
2995 5349 3344 5388 communem
3365 5333 3626 5388 omnibus
3703 5329 3708 5332 ’

2036 5431 2230 5485 borum
2262 5427 2447 5483 sedem
2477 5425 2720 5496 reliquit,
2751 5427 3071 5497 prophetice
3105 5427 3398 5498 Olympum
3425 5426 3628 5482 calum

2034 5537 2260 5578 Vocans.
2715 5571 2718 5574 .

2058 5615 2150 5670 '55.
2189 5613 2255 5667 in
2291 5611 2494 5681 regales
2527 5629 2750 5668 coronas
2783 5629 2974 5667 manus
2999 5614 3293 5682 imperator
3329 5611 3594 5666 Joannes.

2105 5703 2374 5760 Contan
2409 5705 2595 5760 hostes
2650 5705 2874 5760 dextera
2914 5715 3030 5772 tua,
3051 5705 3269 5761 Christe
3296 5705 3390 5759 mi.
3423 5702 3630 5758 Christi
