4080 6426
510 361 619 427 923
1806 361 2132 424 JOANNIS
2170 361 2608 427 erronem/12:
3698 374 3802 441 eet

510 474 752 546 Χριστοῦ
782 476 839 531 δὲ
871 476 966 531 τοῦ
1004 475 1098 531 σοῦ
1130 475 1314 543 δεξιᾶς
1343 475 1712 547 ἐστεμμένης,
2139 475 2183 532 Δ
2281 474 2496 545 Λεπρδς
2530 475 2599 539 ’⁷,
2628 474 2853 545 τυφλὸς.
2888 477 3134 547 πέφυκα,
3166 476 3383 548 νεκρὸς,
3423 479 3629 551 Χριστέ
3672 500 3794 555 μου,

511 568 601 621 Σοὶ
630 570 740 630 πᾶς
773 570 1081 640 προσάπτει
1110 568 1220 623 τῶν
1249 567 1637 639 προτροπαίων
1669 566 1770 640 τὴν
1807 570 1987 641 χάριν.
2202 568 2408 636 Ὢμους
2442 566 2719 636 κεκυφὼς,
2757 569 3008 640 καρδίαν,
3040 570 3186 636 νοῦν,
3221 572 3317 625 καὶ
3346 572 3527 641 λόγον.

2200 658 2422 731 Ἔγειρε
2453 660 2653 727 πάντα,
2696 661 2781 714 σοὶ
2813 662 2960 733 μόνῳ
2986 662 3084 727 ζῶ,
3112 663 3202 725 σὸς
3235 663 3281 715 δ’
3307 662 3463 732 ἐφυν.

3033 754 3142 810 ὅλος
3170 755 3213 802 τ’
3235 755 3339 811 ἔδυς
3360 754 3523 820 ἄγριον
3555 756 3699 822 οἶδμα

2198 846 2349 916 Θυμέ
2370 845 2560 910 τάλας,
2599 845 2653 899 τε
2696 846 3003 911 πέπονθας;
3034 847 3131 900 καὶ
3166 849 3267 901 ὅσα
3315 850 3409 903 καὶ
3460 852 3584 906 ὅσον
3630 848 3792 921 οἶδμα

2269 939 2365 1000 Εἰς
2394 938 2593 1009 χρόνον·
2617 937 2677 1003 ἐξ
2704 938 2848 1009 ἥϐης
2880 940 2938 1003 ἐς
2964 938 3164 1009 βιότοιο
3183 941 3335 995 δύσιν
3361 943 3373 995 !
3440 940 3714 1014 [μόγησας
3742 944 3788 975 ³⁸

504 1031 740 1160 λζζκιὲὲς⁷
1119 1031 1540 1158 Ἰωὰνλνιέξθτὸν
1586 1031 1998 1160 Ῥοὸαιρδὴτην
2025 1091 2093 1145 “.
2200 1031 2765 1191 Ὥέἓέἒτῗέἔισὲὶιξῗὶ
2798 1032 2955 1141 φάῗῇ
2981 1031 3151 1085 ὤλετο
3177 1035 3274 1087 καὶ
3307 1035 3470 1105 μένος
3504 1036 3716 1111 ἑυσθλδν⁹

2732 1140 2785 1193 η,
2820 1140 2943 1193 χειρ
2972 1123 3031 1177 δὲ
3055 1123 3273 1178 λέλοιπε
3304 1128 3530 1195 κράτος,

765 679 875 744 λς’.
901 681 1007 746 Εἰς
1031 678 1152 748 τὴν
1174 681 1383 734 εἰκόνα
1415 678 1521 735 τοῦ
1550 677 1845 748 Σωτῆρος.

508 794 653 859 Νοῦς
679 794 755 849 ὥν
789 795 1066 866 μέγιστος,
1098 795 1304 865 σαρκὸς
1328 794 1558 863 εἴληφας
1580 794 1755 865 πάχος
1781 809 1798 824 ·

508 888 729 957 Ταύτην
752 887 949 958 γράφω
978 886 1097 953 νῦν,
1130 888 1231 957 τὴν
1262 888 1307 941 δ’
1332 887 1446 941 ἄνω
1479 886 1643 956 φύσιν
1671 884 1842 950 σέϐω,

507 982 583 1033 Οὐ
618 980 773 1052 χερσὶ
802 980 1069 1051 γραπτὸν,
1101 980 1161 1032 ού
1205 979 1586 1050 περιγραπτδν
1617 978 1790 1050 τόπῳ.

501 1203 615 1262 Ἦν
646 1206 864 1275 λευκὸν,
892 1207 970 1270 ὼς
999 1206 1209 1278 ἔφησαν
1240 1207 1286 1238 ’⁵
1318 1206 1583 1277 Ἕλληνες
1602 1206 1795 1270 πάλαι,
2196 1215 2389 1269 Πᾶσαν
2412 1215 2457 1268 δ’
2491 1216 2834 1286 ἀμφοτέραις
2870 1216 3105 1286 ἀρύουσι
3136 1220 3442 1291 κακεργέες
3470 1220 3648 1285 ἀστοὶ,

508 1300 575 1352 Ὀ
604 1299 700 1354 νῦν
730 1299 964 1369 ἐρυθρὸν
989 1298 1211 1369 Κύπρις
1242 1298 1433 1369 ἦνθισε
1463 1298 1636 1370 ῥόδον.
2267 1304 2539 1371 Γείτονες,
2568 1305 2628 1369 ὃς
2660 1306 2711 1359 κ’
2746 1304 2925 1358 ἐθέλοι
2956 1309 3156 1376 κτῆσιν
3188 1307 3323 1378 ἐμοῦ
3360 1308 3563 1377 βιότου.

500 1383 631 1454 Ἷίν,
672 1383 741 1459 ἦν
781 1387 1067 1459 ροδανδοῦς
1095 1390 1168 1453 ⁸⁸,
1204 1389 1299 1441 καὶ
1331 1388 1496 1441 πάλιν
1525 1388 1718 1440 λευκὸν
1748 1386 1898 1458 ῥόδον
2196 1394 2388 1464 Πάσης
2416 1394 2475 1447 δὲ
2511 1394 2715 1458 σκοπός
2744 1396 2865 1464 εἰμι
2890 1394 3073 1463 κακῆς
3102 1395 3359 1466 γλώσσης
3384 1412 3400 1428 ο
3450 1397 3633 1463 θάνον,
3656 1399 3709 1450 οἱ
3728 1397 3785 1451 δὲ

514 1479 768 1549 Ἰωάννης
792 1480 854 1533 τὸ
886 1480 1072 1551 θαῦμα
1098 1480 1198 1550 τῆς
1224 1479 1574 1551 οἰκουμένης.
2270 1486 2362 1549 Εἰς
2391 1486 2467 1539 ἐτ’
2498 1486 2639 1557 ἐμὴν
2670 1484 2899 1556 κραδίην
2934 1485 3226 1541 ιοσολοῦσι.
3253 1487 3468 1549 rem:

500 1571 625 1623 Οὐδ’
662 1567 730 1643 ἦν
764 1570 999 1643 ἐρυθρὸν
1029 1572 1289 1643 φοινίκων
1330 1568 1391 1636 ἐξ
1421 1572 1693 1641 αἱμάτων,
2195 1579 2317 1633 Τῶν
2345 1578 2584 1641 πάντων,
2610 1578 2672 1632 οὐ
2696 1578 2893 1633 τόσσον
2920 1577 3209 1649 ὀδύρομαι,
3239 1578 3402 1635 ὅσσον
3429 1578 3548 1642 ἑνός
3577 1596 3685 1648 περ

500 1662 625 1715 Οὐδ’
659 1660 807 1733 εἶχεν
845 1664 1016 1736 ὀδμὴν
1055 1663 1370 1733 ὁρθοδοξιας
1411 1664 1605 1733 μύρον.
2263 1671 2447 1725 Αἱῶνα
2469 1671 2689 1741 τρομέω
2710 1671 3298 1742 άμφιπαρερχόμενον.

515 1755 652 1809 Ἀλλ’
683 1752 751 1827 ἦν
778 1756 1048 1820 δυσώδους
1078 1758 1138 1810 ἐν
1172 1757 1324 1827 μέσῳ
1352 1756 1512 1826 ῥιφὲν
1550 1756 1741 1821 τόπου,
2192 1762 2268 1815 oe
2295 1761 2407 1815 δέτι
2437 1778 2531 1831 μοι
2558 1761 2895 1830 περίκειται,
2928 1760 3198 1831 μαψιδίως
3222 1761 3269 1815 δ’
3300 1761 3605 1831 ἀλάλημαι,

510 1847 600 1910 Ὠς
626 1849 693 1901 ἐκ
724 1849 988 1918 ῥοδωνιᾶς
1017 1867 1124 1921 περ
1150 1851 1215 1902 ἐκ
1244 1851 1345 1918 τῆς
1384 1848 1663 1918 πατρίδος,
2121 1844 2167 1900 Β
2270 1852 2478 1919 Ἀλγεά
2505 1868 2565 1903 τε
2590 1853 2881 1920 στοναχάς,
2916 1851 3088 1923 κήδεα
3126 1851 3301 1922 μοῦνα
3335 1852 3540 1921 φέρων.

498 1940 749 2010 Αἰσχριῖκ
778 1940 1001 2010 βιασθὲν
1027 1942 1186 2011 χερσὶ
1225 1942 1325 2011 τῆς
1351 1940 1547 2011 δούλης
1574 1942 1777 2011 Ἅγαρ.
2210 1944 2566 2016 Ἀμπλακιῶν
2592 1946 2641 1998 τ’
2671 1945 2764 1998 ἐπὶ
2789 1945 2904 2008 τοῖς
2935 1945 3135 2015 φόρτον
3168 1944 3454 1999 πολυειδέα
3474 1944 3644 2017 ἄχθη,

497 2031 572 2083 Τὸ
604 2031 648 2083 δ’
682 2031 845 2095 ἄνθος
885 2032 1039 2102 ἤνθει
1070 2033 1167 2086 καὶ
1201 2031 1709 2104 βεόορὸορωμένον.
2266 2034 2364 2101 Οἷς
2400 2036 2583 2108 μόνοις
2613 2036 2831 2091 πλουτῶ
2868 2037 3101 2093 πλοῦτον
3128 2038 3464 2107 ἀπειρέσιον.

510 2122 674 2188 Ἀλλ’,
706 2118 752 2176 ὦ
789 2125 1063 2194 φυτουργὲ
1092 2125 1186 2178 καὶ
1214 2124 1431 2196 γραφεῦ
1467 2123 1577 2177 τῶν
1608 2123 1837 2187 ἀνθέων,
2194 2131 2304 2202 Σήν
2330 2148 2389 2183 τε
2418 2130 2577 2200 δίκην
2612 2129 2834 2199 τρομέω
2852 2129 2948 2183 καὶ
2973 2130 3254 2202 τάρταρον
3275 2130 3565 2200 ἠερόεντα,

495 2215 569 2265 Τὸ
609 2215 808 2278 κάλλος
835 2217 936 2269 οὐκ
969 2217 1206 2288 ήνεγκας
1238 2216 1611 2288 ἠρημωμένον
1630 2232 1647 2248 ⁶
2265 2222 2377 2277 Καὶ
2406 2220 2585 2293 φλόγα
2612 2223 2715 2291 τὴν
2747 2221 2971 2290 σκοτίην
3008 2223 3105 2276 καὶ
3133 2223 3313 2291 ὀφέων
3336 2222 3615 2291 δαπάνηνο

494 2306 691 2371 Νεύεις
718 2308 796 2373 δὲ,
830 2308 924 2361 καὶ
954 2308 1046 2371 σὸς
1082 2304 1195 2381 εἶχε
1221 2308 1427 2379 λειμὼν
1456 2308 1556 2379 τὴν
1584 2308 1768 2379 χάριν.
2200 2315 2424 2385 Ἐγγύθι
2450 2316 2550 2384 τῆς
2576 2314 2818 2385 Σκύλλης
2834 2316 2882 2348 ’⁸
2904 2314 3117 2385 χαλεπὴ
3144 2314 3459 2385 παρέστηκε
3475 2312 3777 2384 Χάρυὸδις.

495 2400 603 2452 Καὶ
631 2399 696 2470 δὴ
726 2398 978 2469 μυρίζεις
1014 2400 1254 2464 πίστεώς
1290 2418 1381 2453 σου
1421 2399 1499 2470 τῷ
1525 2400 1707 2473 μύρῳ,
2273 2406 2585 2476 Ἀμφότερα
2610 2407 2850 2475 τρομέω,
2875 2407 2972 2459 καὶ
2996 2405 3112 2476 βίον
3132 2406 3209 2469 ὡς
3245 2405 3504 2460 θάνατον.

493 2490 606 2544 Καὶ
639 2492 1020 2563 φοινικόχρουν
1049 2493 1316 2557 δεικνύεις
1347 2493 1476 2563 παρ’
1507 2492 1721 2558 ἐλπίδα,
2200 2498 2365 2554 Ἀλλά
2389 2498 2469 2569 μ’,
2497 2497 2652 2561 ἄναξ,
2676 2496 2914 2569 ἐλέαιρε,
2949 2497 3046 2551 καὶ
3073 2495 3443 2569 ἀμφωτέρωθι
3475 2496 3706 2561 σάωσον,

504 2583 594 2650 Ἐξ
615 2583 866 2655 αἱμάτων
900 2585 962 2638 τὸ
997 2584 1219 2657 χρῶμα,
1259 2584 1396 2656 πλὴν
1428 2585 1802 2657 αύτορῥύτων.
2261 2590 2456 2644 Ἔνθεν
2496 2591 2810 2661 ἀναστήσας
2830 2589 3006 2643 εὖδιον
3031 2591 3115 2653 εἰς
3136 2588 3353 2660 λιμένα.

492 2678 757 2746 Κρεῖττον
788 2678 984 2749 χρόνου
1009 2678 1069 2731 τὸ
1102 2678 1299 2749 βάμμα
1329 2678 1529 2741 παντὸς
1554 2679 1648 2731 καὶ
1678 2680 1907 2749 πάθους,
2192 2685 2266 2737 Ἤ
2300 2701 2367 2753 με
2407 2681 2598 2752 φέρειν
2639 2681 2904 2752 φορέοντα
2936 2680 3172 2746 δίδαξον,
3212 2680 3320 2750 ὅπη
3361 2679 3421 2733 τέ
3462 2695 3529 2747 γε
3571 2678 3776 2749 βούλει,

504 2768 675 2838 Ὀδμὴ
705 2768 904 2839 ῥέουσα
928 2770 1053 2841 μηδ’
1090 2769 1443 2841 ἀπορρέουσά
1467 2787 1573 2824 πω.
2270 2775 2509 2845 Ῥήματι
2542 2772 2723 2827 πάντα
2752 2772 2960 2843 φέρων,
2978 2773 3159 2827 πάντα
3186 2771 3383 2842 χαλινὰ
3412 2771 3630 2843 φέροις.

490 2860 665 2915 Τοῦτο
700 2862 915 2933 βλέπων
948 2863 1169 2934 ἥρπασε
1200 2860 1369 2932 γῆθεν
1397 2862 1491 2915 καὶ
1523 2862 1707 2926 πόλος.
2185 2865 2338 2937 Θυμέ
2365 2866 2555 2930 τάλαν,
2594 2864 2648 2916 τί
2685 2863 2963 2928 πέπονθας
2990 2881 3008 2931 ;
3066 2864 3323 2935 άνέγρεο,
3366 2869 3442 2934 μή
3476 2881 3536 2917 σε
3566 2862 3778 2935 χαλέψῃ

499 2952 563 3004 '0
592 2951 697 3020 γῆς
724 2952 782 3005 δὲ
813 2952 1017 3022 μᾶλλον
1051 2953 1330 3023 Δεσπότης
1364 2954 1429 3006 σὺ
1465 2952 1562 3007 καὶ
1593 2955 1784 3021 πόλου,
2254 2956 2475 3025 Δαίμων
2503 2957 2530 3007 ὁ
2565 2955 2710 3025 ζωῆς
2745 2953 3015 3025 βάσκανος
3044 2953 3324 3024 ἡμετέρης
3349 2969 3363 2983 ο

487 3046 631 3119 Παρ’
662 3048 827 3104 αὐτὸν
853 3051 1008 3117 ἱστὰς
1039 3052 1133 3105 τὸν
1166 3054 1387 3125 φαεινόν
1413 3072 1508 3109 σου
1542 3058 1758 3127 θρόνον.
2180 3048 2275 3120 Μή
2308 3047 2355 3100 σ’
2387 3044 2680 3113 ὑπνώοντι,
2715 3045 2975 3113 ζιζανίων
3003 3045 3207 3112 σπόρον
3231 3043 3606 3118 ἐγκαταμίξῃ,

491 3225 624 3266 τοῖο
652 3209 732 3269 tui
762 3210 983 3267 dextera
1017 3224 1304 3281 coronata,
1347 3213 1447 3271 tibi
1478 3229 1673 3271 omnes
1699 3212 1941 3273 alterunt
1996 3212 2081 3268 vi.
2107 3219 2153 3279 c
2190 3209 2441 3269 humeris
2473 3207 2793 3273 inclinatus,
2820 3205 3007 3273 corde,
3047 3213 3231 3260 mente
3257 3213 3313 3261 et
3353 3221 3633 3262 sermone.
3668 3202 3772 3262 Ex-

486 3302 788 3357 ctoriarum
820 3303 1076 3373 gratiam.
2185 3304 2291 3362 cita
2323 3304 2532 3365 omnia,
2574 3302 2671 3356 tibi
2706 3300 2807 3356 soli
2839 3300 2983 3365 vivo,
3014 3310 3140 3355 tnus
3170 3316 3386 3370 quoque
3412 3300 3502 3355 tio.

837 3395 928 3451 56.
970 3395 1039 3451 In
1068 3398 1354 3468 imaginem
1387 3397 1717 3457 Saluatoris.
2255 3396 2423 3455 Miser
2454 3396 2657 3461 anime,
2691 3395 2821 3466 quid
2856 3409 3052 3463 passus
3077 3407 3136 3447 es
3168 3402 3225 3448 et
3251 3403 3489 3463 quanta,
3529 3404 3583 3449 et
3612 3393 3773 3465 quale

553 3484 708 3544 Mens
742 3490 985 3545 maxime
1010 3505 1135 3547 eum
1168 3492 1269 3557 sis,
1298 3493 1487 3550 carnis
1511 3492 1800 3564 sumpsisti
1834 3491 2032 3547 molem
2062 3508 2075 3546 :
2181 3487 2342 3543 ulcus
2374 3486 2613 3541 habuisti
2642 3486 2697 3541 in
2724 3494 2969 3555 tempore
2992 3500 3057 3539 ex
3100 3484 3391 3554 juventute
3434 3486 3499 3539 ad
3545 3486 3669 3539 vita:
3709 3486 3772 3539 ti-

494 3577 639 3632 hane
690 3594 841 3634 nunc
907 3580 1259 3646 describam,
1317 3582 1412 3640 sed
1471 3599 1767 3654 supernam
1823 3593 2075 3638 naturam
2179 3581 2335 3635 nem!

481 3669 672 3733 adoro,
708 3683 816 3725 non
862 3671 1119 3727 manibus
1164 3672 1610 3742 describendam,
1653 3688 1763 3731 non
1813 3673 1934 3729 loco
1968 3674 2077 3727 cir-
2251 3672 2417 3727 Periit
2446 3670 2665 3743 quidem
2707 3670 2803 3724 tibi
2861 3671 3028 3735 nitor,
3091 3670 3256 3738 periit
3297 3667 3510 3739 egregia
3565 3665 3766 3730 virtus,

483 3760 988 3817 cumscrihendam.
2188 3762 2349 3832 periit
2374 3772 2528 3825 tetas,
2573 3778 2769 3816 manus
2799 3775 3019 3830 quoque
3041 3760 3212 3814 robur
3267 3758 3521 3827 perdidit.

627 3851 720 3906 '57.
761 3851 829 3907 In
858 3862 1102 3908 sanctum
1129 3852 1399 3909 Joannem
1429 3868 1928 3926 rosam-gerentem.
2238 3854 2469 3909 Omnem
2520 3864 2704 3909 autem
2756 3862 2987 3923 utraque
3022 3867 3188 3906 manu
3241 3851 3506 3905 hauriunt
3533 3851 3767 3919 improbi

552 3943 689 3998 Alba
732 3954 871 4008 erat,
924 3956 984 3999 ut
1018 3947 1277 4001 dixerunt
1310 3948 1439 4001 olim
1481 3948 1653 4003 (ἰταξοί
1678 3988 1694 4013 ,
1726 3966 1894 4019 quam
1925 3963 2074 4005 nunc
2173 3946 2548 4013 eives,vieini,
2580 3955 2638 3999 ut
2656 3945 2889 4015 quisque
2919 3943 3053 4005 vult,
3075 3943 3199 3997 vita:
3225 3957 3357 3996 mea;
3381 3942 3765 3997 substantiam.

478 4037 705 4093 rubrum
733 4038 926 4109 Cypris
963 4055 1148 4094 rosam
1198 4040 1396 4097 ﬂorere
1436 4040 1584 4095 fecit.
1618 4040 1759 4097 Ecce
1808 4052 1928 4099 erat
1981 4057 2072 4097 ro-
2249 4040 2444 4095 Omnis
2470 4048 2654 4093 autem
2694 4039 2848 4092 mala:
2873 4037 3072 4106 lingua:
3101 4051 3304 4105 scepus
3333 4052 3475 4092 sum.
3520 4035 3765 4092 Mortuus

480 4144 851 4200 sam-gerens,
886 4140 942 4185 et
975 4148 1169 4187 rursus
1205 4133 1327 4187 alba
1354 4148 1478 4188 rosa
1505 4143 1625 4189 erat
1652 4132 1893 4190 Joannes
1918 4135 2070 4190 orbis
2173 4148 2323 4195 sum,
2348 4140 2403 4185 et
2426 4128 2516 4183 isti
2543 4129 2596 4182 in
2627 4137 2818 4197 peetus
2849 4141 3052 4190 meum,
3091 4124 3235 4178 heul
3266 4126 3370 4179 tela
3398 4125 3629 4194 jaciunt.

478 4221 791 4277 admiratio.
840 4223 955 4277 Non
1004 4233 1126 4279 erat
1165 4225 1332 4280 rubra
1365 4241 1396 4280 e
1434 4227 1600 4283 rubro
1630 4229 1919 4297 sanguine,
1952 4242 2065 4283 non
2244 4221 2519 4277 Omnibus
2548 4234 2655 4273 non
2686 4227 2896 4272 tantum
2917 4216 3158 4280 crucior,
3190 4224 3456 4286 quantum
3491 4216 3656 4271 unius
3702 4216 3770 4270 ti-

477 4312 712 4367 habcbat
747 4313 971 4369 odorem
1011 4317 1355 4373 orthodoxize
1396 4333 1648 4374 suavem.
1691 4317 1797 4373 Sed
1831 4330 1949 4373 erat
1983 4319 2065 4374 fe-
2171 4330 2296 4371 meo
2315 4312 2678 4368 aeternitatem
2711 4324 2801 4365 me
2825 4319 3162 4363 manentem.

479 4404 571 4458 tidi
599 4405 792 4460 avulsa
830 4408 883 4460 in
909 4408 1091 4462 medio
1121 4407 1248 4473 loci,
1276 4418 1335 4460 ut
1363 4425 1393 4463 e
1422 4410 1655 4476 rosario,
1679 4424 1879 4477 nempe
1906 4426 1936 4465 e
1964 4424 2061 4465 sua
2237 4407 2382 4461 Nihil
2404 4406 2537 4461 mihi
2565 4413 2838 4476 superest,
2866 4402 3071 4457 frustra
3095 4401 3316 4467 ebeno,
3338 4401 3582 4467 dolores,
3603 4400 3773 4471 gemi-

476 4499 672 4563 patria,
709 4498 944 4566 turpiter
985 4508 1171 4567 erepta
1205 4500 1460 4556 manibus
1510 4516 1684 4557 servae
1723 4501 1891 4571 Agar.
1930 4502 2059 4558 Flos
2166 4510 2275 4563 tus,
2310 4508 2552 4556 etcuras
2583 4498 2761 4553 solum
2803 4496 3033 4552 habens.

473 4602 657 4643 autem
692 4587 922 4643 ﬂorebat
951 4590 1037 4643 vel
1065 4604 1224 4645 emno
1260 4590 1578 4648 immersus.
1615 4590 1748 4657 Sed,
1778 4610 1811 4649 ο
1843 4608 2063 4649 creator
2089 4576 2141 4638 Ῑ)
2237 4590 2533 4660 Culparum
2561 4591 2627 4643 ad
2649 4589 2763 4643 haec
2792 4603 2956 4650 onus,
2990 4585 3321 4656 multiplices
3343 4599 3601 4656 angores,
3637 4586 3765 4655 qni-

472 4691 527 4733 et
556 4682 734 4748 pictor
753 4679 971 4747 florum,
1000 4682 1475 4750 pulchritudinem
1499 4699 1607 4738 non
1642 4684 1954 4740 sustinuisti
1983 4686 2057 4741 ita
2169 4686 2277 4741 bus
2307 4683 2441 4739 solis
2472 4683 2800 4737 immensam
2817 4681 3033 4748 copiam
3055 4680 3334 4750 possideo.

472 4772 830 4840 deperditam.
858 4771 1049 4834 Jubes,
1080 4782 1135 4826 et
1168 4782 1297 4828 tuus
1323 4774 1516 4828 habuit
1569 4775 1765 4830 hortus
1787 4778 2057 4846 gratiam;
2247 4775 2428 4830 Tuam
2463 4789 2595 4829 vero
2617 4772 2946 4828 sententiam
2979 4772 3153 4827 timeo
3187 4781 3245 4826 et
3304 4780 3567 4826 tartarum
3619 4778 3769 4824 tene-

470 4874 524 4916 ct
564 4862 813 4933 fragrare
856 4864 994 4919 iacis
1034 4865 1159 4920 lidei
1192 4865 1401 4930 odore,
1436 4875 1491 4920 ct
1540 4869 1769 4922 rubrum
1815 4871 2058 4926 colorem
2175 4869 2486 4932 brosum,et
2502 4865 2779 4920 ﬂammam
2798 4864 3121 4929 obscuram,
3147 4872 3203 4919 et
3225 4864 3567 4935 serpentium
3588 4862 3767 4917 abun-

470 4969 569 5024 per
603 4970 752 5022 Spem
802 4967 1052 5025 praestas,
1096 4971 1127 5012 e
1174 4956 1446 5027 sanguine
1495 4959 1759 5025 colorem,
1814 4960 1899 5015 vel
1946 4976 2053 5015 non
2168 4961 2439 5015 dentiam.

471 5058 669 5118 sponte
712 5048 937 5114 ﬂuenti;
970 5049 1238 5119 liquorem
1270 5060 1485 5117 tempus
1520 5068 1688 5109 omne
1716 5064 1772 5109 et
1806 5054 2053 5109 dolorem
2233 5050 2392 5105 Juxta
2429 5048 2667 5120 Scyllam
2704 5046 2922 5102 funesta
2951 5047 3136 5102 adstat
3172 5046 3523 5119 Charybdis;
3557 5058 3770 5102 utram-

470 5142 807 5207 vincentem,
840 5155 1179 5209 unguentum
1209 5143 1383 5199 ﬂuens
1412 5153 1467 5199 et
1492 5146 1737 5200 nondum
1769 5146 2048 5201 dilﬂuens.
2161 5160 2265 5217 que
2297 5147 2481 5210 timeo,
2514 5152 2571 5198 et
2601 5143 2765 5197 vitam
2791 5144 3203 5197 velutmortem.

473 5233 592 5288 Hoc
615 5248 846 5288 cernens
872 5232 1074 5289 coelum
1121 5248 1151 5289 e
1182 5241 1327 5288 terra
1370 5233 1612 5303 eripuit;
1649 5242 1707 5288 et
1749 5242 1803 5288 tu
1851 5233 1978 5288 caeli
2011 5240 2067 5288 et
2252 5233 2356 5290 Sed
2387 5234 2518 5299 mei,
2550 5249 2583 5288 o
2614 5249 2730 5300 rex,
2762 5233 3050 5298 miserere,
3083 5240 3136 5286 et
3173 5230 3438 5300 utrinque
3468 5242 3563 5284 me
3592 5227 3771 5291 salu,

474 5335 636 5381 terrae
667 5325 961 5391 Dominus,
998 5326 1156 5396 juxta
1203 5326 1583 5396 splendentem
1630 5326 1873 5381 statuisti
1910 5335 2062 5381 tuum
2176 5327 2303 5382 inde
2342 5326 2620 5382 adducens
2648 5326 2702 5381 in
2735 5325 3098 5395 tranquillum
3130 5334 3376 5394 portum.

469 5422 760 5475 thronum.
2249 5418 2341 5473 γει
2366 5434 2453 5474 me
2492 5418 2861 5477 sustinentem
2899 5416 3175 5475 sustinere
3216 5417 3375 5483 doce,
3434 5414 3582 5470 sicut
3640 5412 3769 5479 vis;

541 5513 838 5584 Leprosus,
898 5529 1100 5579 caecus,
1156 5522 1408 5569 mortuus
1464 5528 1641 5577 eram,
1700 5512 1923 5568 Christe
1959 5511 2059 5576 mi,
2169 5511 2335 5567 verbo
2373 5513 2560 5568 omnia
2586 5510 2982 5578 Ierens,irena
3007 5518 3208 5569 cuncta
3244 5510 3414 5567 feras.

552 5670 600 5702 “
636 5669 771 5741 Leg.
797 5670 907 5724 vid.
938 5670 1331 5741 poﬁavnﬁmv._
1374 5631 1611 5722 "-Prius
1646 5676 1763 5722 erat
1792 5667 2015 5741 ἔφησεν.
2090 5668 2136 5699 ³⁸

2167 5666 2297 5741 ng.
2335 5665 2442 5741 yid.
2483 5664 2803 5741 ῥοδανθοῐῖς.
2849 5666 2937 5741 _"_
2957 5664 3194 5741 λεπτρδς
3222 5663 3375 5741 (sic).
3407 5664 3453 5697 ’⁸
3474 5664 3541 5741 In
3592 5677 3764 5741 marg:

464 5745 543 5796 ei:
575 5730 764 5795 ἐαυτῶ
822 5746 891 5795 Ὢ
912 5730 1083 5804 team:
1107 5730 1427 5809 ἀργαλέοις
1455 5740 1707 5809 κήδεσιν
1732 5730 2141 5809 ἀνιστάμενον
2174 5730 2285 5792 οἷδ’
2318 5736 2358 5790 ἆ
2417 5730 2730 5804 πέπονθας
2764 5736 2865 5791 καὶ
2904 5736 3026 5791 ὅσα
3058 5730 3159 5790 καὶ
3223 5730 3379 5790 ὅσον
3438 5730 3616 5805 οἶδμα
3664 5730 3773 5805 μδ·

471 5826 689 5879 τησας.
767 5814 812 5845 ³³
849 5813 987 5873 Cod.
1017 5812 1241 5882 σκύλης.
