4080 6442
305 407 410 470 925

379 518 450 570 Ἢ
475 514 524 570 κ’
547 515 764 586 ἀρετῶν
797 515 1034 590 σκεδάσῃ
1071 516 1302 574 πλοῦτον
1327 517 1663 590 απειρέσιον.

308 608 456 679 eum
483 607 676 674 τάλαν,
709 607 763 662 τί
800 608 1116 674 πέπονθας;
1167 610 1418 680 ἅνέγρεο,
1464 607 1609 674 οϊδας
1657 610 1890 682 ἀπειλὰς

373 701 722 756 Δεσποτικῶν
755 701 1064 772 στομάτων,
1093 702 1382 766 όκναλέαις
1405 701 1682 778 κραδίαις.

307 794 459 865 sua:
477 791 670 856 τάλαν,
690 791 742 844 τί
767 791 1078 859 πέπονθας;
1101 792 1358 866 ἀνέγρεο,
1387 793 1573 864 μήπου
1594 809 1652 849 τι.
1671 791 1866 868 κλείσῃ

372 881 677 953 Οὐρανίους
706 881 987 951 θαλάμους
1011 883 1264 952 Νυμφίος
1290 882 1571 954 ἐξαπίνης.

306 975 530 1045 Ἔγρεο.
563 974 703 1045 θυμὲ
737 974 926 1040 τάλαν,
961 975 1055 1028 καὶ
1081 975 1294 1040 ἵστασο,
1321 977 1419 1034 καὶ
1458 977 1586 1046 γόνυ
1639 976 1886 1046 κάμπτε,

370 1067 595 1138 Δάκρυα
630 1066 812 1138 θερμὰ
839 1067 952 1140 χέε,
993 1066 1163 1138 μύρεο
1186 1066 1286 1130 σὰς
1315 1067 1494 1132 ἀνίας.

302 1157 479 1212 Ἷλαθί
505 1176 618 1230 μοι,
645 1159 878 1212 πανίλαε
906 1159 1154 1228 βασιλεῦ,
1179 1159 1298 1230 ἥλιε
1327 1159 1486 1230 δόξης
1513 1177 1530 1195 ⁶

371 1250 570 1314 Ἶλαθι,
599 1251 914 1322 κοσμοφόρε
935 1251 980 1283 ³⁸
998 1267 1012 1280 ·
1042 1251 1210 1316 ἵλαθι,
1231 1254 1566 1329 οἰκτοπάτορ
1585 1269 1603 1285 ·

303 1341 524 1394 Ἤλιτον
555 1343 620 1396 ὲκ
651 1342 900 1410 γενετῆς,
931 1341 1032 1396 ὅσα
1056 1341 1354 1412 ψάμμαθός
1378 1361 1461 1411 τε,
1491 1345 1639 1408 κόνις
1667 1361 1750 1398 τε.

382 1433 492 1486 Ἦδ’
524 1432 604 1486 ἔτι
636 1431 733 1486 νῦν
761 1432 956 1496 λαλέω,
978 1432 1101 1492 οὐδὲ
1133 1433 1282 1492 πνέω
1313 1435 1580 1508 καθαρόν.

309 1524 454 1578 Ἀλλ’
487 1521 634 1576 ἵλαθι
657 1523 778 1576 τεὸν
807 1522 952 1576 κατὰ
997 1522 1268 1596 θέσφατον
1299 1521 1502 1590 οἶκτον,
1537 1525 1710 1594 ἵλαθι,
1741 1567 1748 1574 -

379 1614 553 1670 Ἰλαθι
583 1653 601 1680 ,
637 1613 794 1668 πόλλ’
815 1614 1068 1686 ἀνέτλην,
1101 1614 1230 1681 ἄξια
1255 1616 1302 1672 δ’
1333 1618 1458 1674 οὐδὲ
1481 1618 1632 1676 τάδε.

309 1707 670 1780 Ἀμπλακιῶν
692 1707 949 1778 φορυτοῦ,
979 1707 1078 1761 καὶ
1106 1709 1325 1780 αἴσχεος
1355 1711 1648 1786 ἡμετέροιο

367 1801 639 1872 Τολμὴσω
665 1797 860 1871 μῦθον,
891 1800 1013 1855 οὐδὲ
1039 1799 1238 1870 φλόγες
1267 1803 1510 1868 σκότιαι,

295 1892 434 1946 Οὐδὲ
464 1891 627 1962 μυχοὶ
653 1890 858 1962 χθόνιοι
887 1891 984 1950 καὶ
1003 1891 1256 1962 δαίμονες
1285 1893 1636 1968 ἀγριόθυμοι,

367 1982 504 2038 Οὑδέ
537 1981 589 2052 γ’
609 1981 706 2051 ὅλη
741 1980 884 2036 κεῖθι
911 1983 1012 2054 τῆς
1049 1981 1248 2054 κακίης
1281 1981 1538 2051 βάσανος.

297 2073 467 2144 Τήνδε
499 2073 643 2127 λίπω
667 2073 968 2143 μετέπειτα
996 2075 1092 2130 καὶ
1118 2074 1458 2144 ἐσσομένοισι
1485 2077 1760 2134 πυθέσθαι

367 2165 578 2238 Στήλην
603 2165 882 2236 ὑμετέρης
907 2165 1185 2236 ἔγγραφον
1217 2167 1554 2242 ἀφροσύνης.

300 2258 474 2310 Ισέῐδεσι
501 2255 678 2310 ταῦτα
705 2257 1003 2328 χαράσσειν
1029 2257 1303 2328 αἰδέομαι.
1345 2259 1411 2312 Τί
1432 2259 1488 2314 δὲ
1523 2260 1712 2334 μιῆναι

371 2345 630 2400 ῐλῶσσαν
657 2345 802 2398 ἔοικε
832 2346 998 2399 πάλιν
1031 2348 1275 2418 ῥήμασιν
1303 2351 1680 2421 αίσχροόίοις;

299 2437 556 2507 Δίδόομαι
582 2437 711 2507 γῆν,
745 2437 998 2507 οὐρανὸν,
1025 2439 1188 2509 ἠέρα,
1217 2439 1390 2508 ἥλιον,
1421 2441 1622 2512 ἄστρα,

368 2529 582 2594 Νύκτα,
608 2529 766 2599 φάος,
792 2529 988 2600 χόρους
1019 2530 1248 2594 πάντας,
1282 2531 1500 2588 ἅπαντα
1520 2532 1706 2604 δόμον,

309 2619 522 2683 ’Δλλοις
553 2621 652 2690 μὲν
685 2620 1040 2690 παράκοιτις,
1062 2622 1250 2688 τέκνα,
1279 2623 1446 2692 φίλοι,
1480 2623 1670 2696 θρόνος
1695 2626 1884 2694 αἰπὺς,

373 2711 640 2780 Τερπωλὴ
671 2710 873 2782 βιότου,
921 2713 1264 2784 χρυσοφόρος
1297 2713 1570 2786 σπατάλη,

317 2800 692 2872 Ἀνδραπόδων
721 2803 844 2876 ἐμοὶ
867 2803 935 2872 ³¹,
956 2804 1132 2875 δόμοι,
1172 2804 1363 2874 ἄλσεα,
1387 2806 1591 2874 γνῶσις
1611 2807 1888 2877 ἀνάκτων,

373 2887 469 2956 Οἷς
497 2888 780 2964 φρονέοὖσι
808 2895 940 2965 φίλα
965 2896 1061 2952 καὶ
1091 2896 1345 2952 λαλέουσι
1377 2898 1524 2968 φίλα.

299 2982 487 3054 Αὐτὰρ
510 2983 700 3056 ἔμοιγε
733 2985 866 3052 Θεὸς
897 2987 1058 3058 μόνος
1087 2988 1262 3060 ἥλιος,
1287 2989 1444 3060 ὄλϐος
1474 2991 1742 3062 ἀπείρων,

1610 410 1956 478 CARMINA
1996 413 2258 478 VARIA.

2067 523 2254 585 Ἐλπὶς
2283 522 2608 594 άμεμακτέη
2635 525 2706 588 ³³,
2739 524 2932 598 τέρψις
2951 523 3046 596 ὅλη
3091 524 3292 594 βιότου.

1993 613 2215 684 Ἐγρεο,
2243 613 2382 684 θυμὲ
2405 615 2596 678 τάλαν,
2627 615 2913 688 βλεφάρων
2946 617 3116 670 ὕπνον
3143 615 3324 672 ἔκτοθι
3355 615 3562 688 πέμπε,

2063 705 2312 775 Ὄργανα
2343 703 2598 778 δοξολόγα
2621 706 2770 762 κλίνε
2799 706 2934 772 ἑκὰς
2962 705 3160 778 ῥύπου.

2241 821 2344 891 λη’.
2388 823 2486 888 Ὠς
2513 822 2586 878 ἐκ
2612 823 2720 878 τοῦ
2749 823 2924 892 ἁγίου
2955 822 3312 892 Δημητρίου.

1986 931 2219 998 ΙΙιεύγετε
2249 935 2530 1003 ῥομφαίαν
2553 933 2646 986 καὶ
2668 933 2945 1000 δαίμονες,
2980 933 3114 987 ἄλλα
3139 949 3198 985 τε
3233 931 3400 1002 φῦλα,

2063 1026 2168 1080 Ἦν
2199 1024 2376 1095 βάψας
2396 1025 2578 1094 φορέω
2605 1024 2803 1093 αϊμασι
2830 1027 2942 1087 τοῖς
2979 1025 3152 1087 ἰδίοις.

2451 1156 2550 1212 λθ’.
2579 1161 2684 1224 Et;
2704 1159 2811 1212 τὸν
2835 1159 3097 1228 λῃστήν.

1997 1293 2060 1348 '0
2084 1291 2297 1344 λωποδύ
2308 1309 2414 1360 mi;
2439 1292 2485 1324 ³³
2515 1291 2695 1344 πίστιν
2734 1292 2888 1356 ὲνδὺς
2915 1293 2996 1364 τῷ
3018 1293 3186 1365 ξύλῳ,

1987 1385 2098 1448 Τὰς
2127 1383 2230 1454 τῆς
2262 1383 2427 1454 Ἐδὲμ
2449 1382 2546 1434 νῦν
2579 1383 2935 1454 ὲξεμόχλευσε
2967 1385 3166 1450 πύλας.

2749 1498 2824 1569 μ’.

1987 1609 2095 1665 Τοῦ
2127 1609 2402 1664 Δεσπότου
2425 1609 2487 1664 τὸ
2516 1609 2735 1678 κάλλος,
2769 1610 2914 1684 ἥλιε,
2949 1611 3188 1684 βλέπων,

1985 1701 2202 1766 Φαίνεις
2227 1701 2281 1755 τί
2309 1701 2516 1768 λοιπὸν,
2546 1700 2580 1770 ἢ
2603 1701 2782 1771 λέγεις
2812 1703 3033 1774 τρέχειν
3064 1704 3266 1773 μόνος;

1987 1795 2204 1867 Βραχὺν
2230 1795 2288 1849 δὲ
2311 1793 2500 1848 τοῦτον
2529 1795 2972 1866 ὲμπεριγράφειν
3019 1798 3188 1851 τόπον

1912 1891 1960 1948 Β
2003 1887 2167 1958 Ὁρᾷς
2199 1887 2477 1960 δραμόντα
2505 1888 2774 1960 δυσμόθεν
2811 1890 2946 1960 πρὸς
2972 1889 3069 1960 τὴν
3099 1889 3195 1944 ἕω.

1994 1979 2136 2048 Ὅρα.
2167 1981 2330 2035 πάλιν
2356 1981 2620 2056 τρέχοντα
2644 1981 2848 2048 ταύτης
2875 1983 3012 2051 πρὸς
3039 1981 3218 2047 δύσιν,

1992 2073 2102 2125 Καὶ
2123 2074 2236 2136 τοῖς
2266 2073 2452 2138 ὅπλοις
2487 2075 2753 2144 φλέγοντα
2779 2075 2874 2127 καὶ
2906 2074 3011 2146 πρὸ
3038 2074 3139 2144 τῆς
3172 2079 3374 2148 μάχης.

1991 2163 2102 2216 Καὶ
2131 2163 2192 2216 σὲ
2228 2163 2426 2234 γνόφος
2457 2165 2556 2234 μὲν
2591 2167 2684 2218 καὶ
2725 2165 2922 2218 Θύελλα
2947 2165 3040 2217 καὶ
3065 2167 3224 2235 νέφος

1991 2251 2206 2323 Μικρὸν
2243 2253 2510 2308 καλύπτει
2539 2255 2634 2308 καὶ
2670 2255 2877 2324 διασπᾷ
2901 2255 3182 2317 πολλάκις.

1993 2336 2164 2408 Οὗτος
2195 2345 2251 2398 δὲ
2281 2346 2486 2411 παντός
2509 2347 2629 2400 ἐστι
2667 2345 2938 2416 κρείττων
2961 2347 3056 2400 καὶ
3083 2346 3313 2410 πάθους.

1990 2436 2120 2500 Τοῖς
2150 2437 2366 2507 ὄμμασι
2399 2437 2464 2490 σὺ
2487 2439 2582 2492 καὶ
2607 2438 2813 2508 μόνοις,
2845 2437 2874 2491 ὃ
2903 2439 2996 2496 καὶ
3025 2437 3220 2509 λύχνος
3243 2453 3262 2470 ο

1990 2523 2160 2593 Οὗτος
2185 2530 2245 2582 δὲ
2277 2530 2462 2599 φαίνει
2490 2531 2552 2584 τὸ
2579 2530 2742 2584 πλέον
2768 2533 2889 2594 ταῖς
2921 2531 3202 2600 καρδίαις,

1991 2623 2104 2678 Καὶ
2130 2625 2242 2678 πᾶν
2259 2623 2516 2694 καθαίρει
2543 2625 2644 2694 τῆς
2675 2623 2914 2693 ἀθυμίας
2943 2624 3129 2692 νέφος.

1992 2709 2162 2780 Οὗτος
2191 2715 2422 2787 διαρκὴς
2445 2717 2552 2786 γῆν
2579 2716 2952 2784 καταυγάζειν
2971 2715 3124 2785 ὃλην.

1992 2806 2214 2860 Μᾶλλον
2237 2806 2298 2862 δὲ.
2318 2808 2412 2862 καὶ
2447 2807 2506 2860 σὲ
2535 2807 2638 2866 καὶ
2665 2805 2757 2862 τὸν
2792 2805 3040 2880 ἀστέρων
3067 2803 3294 2870 κύκλον,

1991 2897 2165 2955 Αὑτὸν
2186 2898 2244 2952 δὲ
2271 2899 2471 2970 μᾶλλον
2501 2899 2734 2970 οὐρανοῦ
2761 2897 2853 2953 τὸν
2892 2897 3178 2966 Δεσπότην

1992 2991 2189 3064 Ψυχῆς
2216 3009 2280 3052 τε
2318 2992 2508 3056 κάλλει
2535 2993 2631 3048 καὶ
2659 2991 2892 3062 τρόποις
2914 2991 3242 3061 καθηδύναι.

374 3161 540 3218 Miser
574 3163 788 3228 anime,
820 3164 951 3235 quid
985 3166 1192 3236 pateris
1219 3167 1242 3220 ?
1271 3169 1540 3236 excitare,
1567 3185 1636 3230 ne
1661 3177 1716 3224 te
1735 3179 1892 3225 vexet
1916 3170 1962 3234 C
2063 3170 2202 3226 Aliis
2226 3170 2454 3246 conjux,
2517 3171 2652 3236 nati,
2687 3169 2875 3238 amici,
2901 3171 3009 3230 alta
3049 3170 3232 3236 sedes,
3262 3169 3586 3238 iucunditas

301 3253 515 3309 damon
558 3257 683 3310 vitae
717 3267 922 3311 nostrae
962 3259 1221 3313 inimicus
1250 3276 1264 3323 ;

373 3346 449 3402 Ne
475 3347 572 3402 tibi
594 3349 890 3403 dormienti
927 3349 1268 3404 zizaniorum
1296 3352 1508 3406 semina
1552 3353 1892 3418 immisceat,

303 3439 389 3493 vel
421 3439 684 3493 virtutum
716 3439 948 3510 dissipet
982 3441 1352 3497 abundantem
1379 3447 1614 3514 copiam.

377 3529 540 3585 Miser
571 3531 776 3596 anime,
804 3532 934 3602 quid
969 3534 1496 3603 pateris'?excitare,
1548 3537 1736 3594 noscis
1787 3537 1894 3592 mi-

304 3639 410 3678 nas
442 3624 660 3679 Domini
689 3625 802 3680 oris
832 3623 886 3679 in
914 3627 1084 3681 corda
1123 3627 1460 3684 dubitantia.

389 3716 560 3774 Miser
589 3717 790 3782 anime,
813 3719 944 3788 quid
975 3719 1218 3788 pateris?
1247 3721 1506 3788 excitare,
1527 3737 1595 3777 ne
1617 3721 1714 3778 tibi
1741 3721 1895 3794 elau-

303 3809 396 3864 dat
460 3811 645 3865 subito
690 3827 927 3880 sponsus
977 3813 1229 3869 caelestes
1276 3816 1567 3872 thalamos.

391 3901 586 3972 Surge,
622 3904 1004 3972 miseranime,
1038 3915 1092 3959 et
1125 3915 1228 3974 sta,
1260 3915 1312 3961 ct
1336 3923 1506 3976 genua
1532 3908 1710 3973 ﬂecte,
1737 3907 1896 3964 fletus

319 3991 578 4049 ardentes
615 3995 804 4060 funde,
863 4007 986 4053 tuos
1016 3998 1238 4054 dolores
1286 4001 1544 4071 lacrymis
1574 4001 1739 4055 stilla.

381 4083 686 4154 PrOpitiare
721 4088 880 4154 mihi,
912 4090 1354 4146 clementissime
1390 4107 1504 4156 rex,
1540 4091 1622 4147 sol
1685 4091 1894 4162 glorize.

307 4176 624 4244 propiliare,
657 4180 842 4234 mundi
907 4189 1114 4248 rector,
1175 4182 1498 4256 propitiare,
1527 4183 1894 4255 larrymarum

309 4281 468 4340 pater
491 4287 506 4336 ;

378 4365 606 4420 Peccavi
665 4365 735 4420 ab
793 4375 938 4430 ortu,
970 4377 1237 4438 quantum
1284 4385 1450 4423 arena
1486 4379 1653 4424 estet
1697 4369 1894 4439 pulvis.

309 4457 374 4512 Et
407 4456 571 4511 etiam
609 4473 754 4512 nunc
818 4459 953 4512 nihil
1013 4459 1226 4530 loquor,
1271 4459 1406 4514 nihil
1436 4459 1618 4530 cogito
1672 4477 1892 4530 purum.

1997 3263 2142 3328 vitae,
2180 3278 2345 3318 aurea
2378 3263 2659 3323 mollities,

2069 3353 2366 3408 Serrorum
2419 3361 2672 3411 catervae.
2707 3350 2926 3409 domus.
2971 3348 3103 3412 inci,
3157 3363 3346 3416 regum
3393 3351 3588 3420 cogni-

1996 3445 2094 3508 tio,
2143 3444 2346 3514 quibus
2397 3455 2549 3513 grata
2605 3442 2846 3511 cogitant
2867 3449 2926 3495 et
2961 3449 3111 3511 grata
3137 3441 3458 3510 loquuntur.

2069 3535 2174 3592 Sed
2215 3537 2352 3590 mihi
2374 3534 2517 3590 Deus
2551 3536 2701 3589 solus
2745 3543 2831 3588 est
2860 3535 2965 3598 sol,
2993 3533 3258 3586 immensa
3285 3531 3586 3608 possessio,

1998 3645 2125 3700 spes
2155 3629 2511 3693 inconcussa,
2539 3627 2858 3696 iucunditas
2889 3626 3070 3680 omnis
3105 3626 3248 3678 vitaz.

2081 3721 2279 3792 Surge,
2325 3723 2500 3776 miser
2533 3721 2736 3782 anime,
2761 3733 3016 3774 somnum
3049 3717 3242 3786 procul
3287 3731 3317 3769 a
3362 3713 3588 3790 pupillis

1999 3811 2176 3876 mitte,
2192 3827 2400 3881 organa
2430 3810 2644 3864 laudem
2661 3808 2912 3864 sonantia

2447 3901 2534 3956 58..
2567 3898 2614 3951 Ε
2631 3907 2814 3952 sancto
2852 3897 3136 3950 Demetrio.

2069 3991 2272 4063 Fugite
2300 3993 2563 4062 simium,
2599 3992 2876 4045 daemones
2905 3999 2962 4043 ct
3009 3991 3113 4043 alia
3150 4003 3372 4058 genera,
3426 4001 3590 4056 quem

2003 4085 2124 4140 fero
2153 4087 2384 4140 tinctum
2419 4083 2646 4154 pmprio
2675 4081 2967 4149 sanguine.

2555 4173 2641 4228 59.
2682 4171 2746 4226 In
2768 4173 3047 4226 latronem.

2075 4265 2244 4322 Latro
2273 4267 2432 4320 ﬁdem
2469 4281 2596 4320 cum
2627 4264 2913 4320 statuisset
2943 4262 2996 4315 in
3037 4262 3208 4331 ligno,
3240 4277 3384 4314 nunc
3405 4267 3599 4329 portas

2001 4359 2156 4414 Edon
2183 4357 2422 4428 aperuit.

2759 4445 2851 4501 40.

379 4550 485 4604 Sed
541 4549 836 4620 propitiare
863 4567 958 4621 per
1011 4553 1355 4622 evangelicas
1412 4562 1534 4608 tuas
1607 4553 1887 4625 lacrymas,

2077 4539 2292 4594 Domini
2343 4536 2806 4608 pulchritudinem
2849 4536 3062 4598 videns,
3123 4533 3284 4599 osol,
3331 4531 3590 4604 fulgcsne

309 4644 627 4714 propitiare,
655 4644 824 4697 multa
859 4645 1230 4712 sustinui,scd
1268 4647 1380 4700 lucc
1421 4661 1525 4698 non
1553 4645 1883 4718 suntdigua.

377 4736 675 4803 Culparum
735 4735 944 4800 sordes,
996 4749 1356 4808 nostrumque
1387 4738 1740 4807 approbrium
1807 4753 1904 4793 au-

309 4827 447 4881 debo
500 4843 859 4896 expromere;
899 4845 1007 4882 non
1045 4829 1280 4882 ﬂamma:
1323 4832 1650 4897 tenebrosae,

378 4918 498 4972 Non
537 4931 694 4974 terra:
715 4919 900 4990 abyssi
943 4931 995 4974 et
1026 4921 1303 4974 daemones
1337 4931 1539 4986 truces,
1582 4937 1689 4975 non
1736 4937 1899 4976 oume

309 5011 438 5065 illuc
463 5012 716 5080 ncquilia:
745 5012 1094 5080 supplicium.

367 5102 591 5158 Ccssem
626 5113 805 5157 autem
844 5111 1028 5173 postea
1059 5113 1115 5158 et
1146 5121 1172 5156 a
1210 5104 1410 5159 futuris
1458 5105 1796 5175 interrogare
1822 5107 1890 5160 de

307 5194 560 5247 columna
589 5201 792 5248 nostra:
825 5193 1116 5249 dementia:
1165 5193 1588 5261 inscriptionem
1642 5193 1848 5247 ferente
1877 5209 1892 5256 ;

385 5283 602 5354 Figuris
663 5285 779 5341 haec
831 5285 1123 5356 depingere
1171 5285 1458 5348 erubesco,
1528 5285 1657 5355 quid
1711 5293 1892 5338 autem

308 5377 502 5432 deceat
527 5379 769 5449 linguam
835 5395 1031 5434 rursus
1095 5377 1408 5433 describere
1441 5377 1624 5433 verbis
1677 5377 1895 5431 nocenti

309 5469 420 5524 vita
455 5470 789 5539 dcturpatis;

387 5559 571 5617 Metuo
634 5575 861 5629 terram,
913 5563 1134 5625 caelum,
1199 5577 1403 5623 aerem,
1477 5562 1669 5623 solem,
1725 5568 1895 5623 astra,

315 5663 555 5720 noctem,
607 5655 808 5724 lucem,
858 5663 1036 5711 coetus
1092 5669 1305 5718 omnes,
1362 5667 1581 5707 omnem
1647 5653 1890 5706 domum.

2005 4631 2266 4704 amplius,
2305 4633 2388 4685 vel
2430 4631 2582 4685 solus
2605 4645 2830 4686 currere
2854 4628 3038 4684 dicis?
3068 4626 3293 4680 Brevem
3310 4626 3456 4680 hunc
3477 4625 3592 4679 eir-

2000 4721 2372 4782 cumscribere
2432 4722 2610 4776 locum
2653 4721 2806 4774 vides
2864 4719 3134 4774 currendo
3166 4719 3234 4774 ab
3262 4733 3460 4774 occasu
3523 4719 3596 4770 ad

2001 4831 2282 4881 auroram;
2313 4813 2432 4869 vide
2463 4829 2656 4869 rursus
2706 4813 2776 4868 ab
2816 4827 3013 4866 aurora
3053 4812 3120 4866 ad
3176 4827 3432 4866 occasum
3463 4827 3589 4866 cur-

2007 4919 2253 4974 rentem;
2284 4917 2340 4961 et
2365 4907 2536 4961 armis
2569 4907 2651 4960 vel
2699 4915 2825 4959 ante
2891 4918 3127 4973 pugnam
3183 4903 3486 4956 ardentem.
3521 4901 3594 4955 Et

2001 5014 2056 5060 te
2093 5004 2312 5074 quidem
2346 5000 2600 5070 procella,
2628 4999 2871 5060 nimbus,
2893 5005 2948 5050 et
2975 4997 3148 5050 nubes
3170 4995 3330 5065 paulo
3357 4995 3590 5047 abscon—

1999 5097 2080 5150 dit
2115 5103 2175 5149 et
2205 5093 2344 5147 tol'lit
2370 5093 2591 5161 sazpius.
2621 5091 2715 5144 ille
2751 5097 2934 5141 autem
2993 5089 3140 5140 omni
3195 5087 3444 5155 superior
3505 5097 3592 5139 est

1998 5190 2255 5254 fortuna;
2285 5196 2342 5240 tu
2375 5189 2552 5240 solum
2583 5183 2780 5246 oculis,
2824 5181 2970 5251 quod
3001 5189 3058 5234 et
3078 5180 3321 5242 lucerna,
3357 5178 3533 5245 fulges
3568 5193 3590 5240 ;

2000 5282 2090 5336 ille
2113 5287 2296 5334 autem
2329 5277 2569 5331 maxime
2595 5275 2858 5332 cordibus
2913 5271 3105 5342 fulget,
3166 5279 3220 5324 et
3242 5285 3458 5322 onmem
3495 5283 3592 5321 ve-

2001 5373 2202 5429 cordiae
2241 5369 2440 5424 nubem
2477 5375 2712 5422 amovet.
2747 5365 2843 5418 Ille
2875 5373 3064 5432 potens
3097 5371 3178 5416 cst
3236 5370 3434 5413 terram
3463 5359 3590 5412 uni-

2007 5479 2219 5520 versam
2259 5462 2591 5519 illuminare.
2619 5459 2729 5511 imo
2755 5458 2918 5511 etiam
2953 5465 3004 5506 et
3032 5465 3082 5508 te
3109 5463 3162 5506 et
3194 5462 3464 5505 astrorum
3491 5465 3582 5502 or-

2007 5557 2161 5621 bem;
2193 5555 2438 5625 quinimo
2475 5553 2652 5621 ipsum
2682 5549 2804 5604 cru-li
2839 5547 3154 5610 Dominum,
3211 5543 3406 5596 animm
3459 5539 3586 5612 pul-

2005 5648 2317 5704 cbritudine
2342 5654 2396 5701 et
2417 5643 2664 5700 moribus
2691 5641 2986 5697 delectare.

387 5835 433 5868 ⁸³
467 5835 602 5911 Cod.
641 5835 897 5907 κὸσφορε.
975 5837 1020 5869 ³¹
1057 5836 1184 5906 Leg.
1217 5836 1394 5906 ἑσμοί.
1471 5833 1516 5866 ⁸⁸
1549 5832 1674 5903 ch.
1713 5834 1887 5903 ἀμαιμ

2005 5847 2092 5899 τη.
2169 5827 2213 5862 ⁸³
2245 5817 2380 5884 Cod.
2410 5825 2678 5880 λωποδυτ.
2703 5838 2827 5878 cum
2859 5837 2887 5884 ;
2918 5815 3368 5892 superimposito.
