4080 6408
273 395 382 461 929

1592 397 1940 460 CARMINA
1973 399 2209 462 VARIA

3451 401 3558 467 930

273 515 357 583 ἰ’ῖξ
388 507 460 579 μὲ
486 507 677 580 φέρεις
705 509 806 583 σὺν
837 510 1011 581 μητρὶ
1040 507 1297 582 ξκρατιίιῇ
1331 509 1600 581 νεύμασιν
1633 511 1868 578 ἐσθλοῖς,
1901 519 1942 575 Α
1975 511 2088 583 Τὴν
2116 511 2214 583 σὴν
2241 509 2419 583 κάραν
2449 509 2662 566 τέθεικε
2682 509 2798 583 τὴν.
2819 512 3200 584 πορνοκτόνον.

270 597 353 674 ’ῌ
377 618 438 655 τε
465 600 645 664 θέλοις
674 601 774 654 καὶ
798 601 874 666 ὡς
901 602 1138 669 ἐθέλοις,
1163 604 1258 658 καὶ
1279 602 1340 656 εὖ
1365 620 1426 657 τε
1452 602 1546 658 καὶ
1573 603 1758 660 ὅσσον.

351 717 457 788 με’.
477 719 582 784 Εἰς
596 718 706 772 τὸν
724 719 944 774 ἑαυτοῦ
974 719 1352 775 διδάσκαλον
1379 720 1728 790 Νικηφόρον
1765 719 1865 792 (1).

279 811 484 880 Ἄμφω
507 809 777 863 καλύπτει
806 810 1134 880 πράγματα,
1172 811 1455 882 Νικηφόρε
1479 827 1493 843 ·

274 900 436 963 Λίθος
461 901 661 970 τάφου,
691 899 781 953 σέ·
809 897 1042 966 ζῶντας,
1077 901 1300 970 ἀγνοίας
1343 901 1513 966 λίθος.

663 1011 782 1084 pg’.
820 1013 934 1068 Τοῦ
966 1015 1140 1084 ἁγίου
1169 1013 1492 1084 Θεοδώρου.

278 1104 547 1175 Ούτιδανὴ
578 1105 700 1175 χεὶρ
731 1104 900 1177 νεῦρα
927 1104 972 1158 δ’
1015 1105 1328 1175 άπέτμαγε,
1358 1107 1408 1159 οί
1438 1105 1496 1159 δέ
1532 1105 1591 1175 μ’
1624 1106 1684 1170 ἐς
1725 1100 1869 1160 ἆθλα

277 1197 372 1250 Ἐν
403 1197 638 1258 σταδίοις
667 1197 924 1250 καλέουσι
961 1197 1094 1263 νέοι,
1131 1200 1226 1250 καὶ
1250 1197 1450 1251 ἕστακε
1473 1197 1655 1250 πάντα

278 1289 460 1359 Δῆμος
480 1287 602 1352 ὅλος
635 1289 1058 1358 φιλοκέρτομος,
1092 1291 1150 1352 ἐς
1172 1289 1216 1342 δ’
1237 1290 1371 1360 ἐμὲν
1397 1289 1444 1321 ﬂ
1475 1287 1730 1357 γλώσσας
1756 1289 1803 1322 ιο

278 1381 492 1453 Πικράς
522 1381 865 1446 ἐντανύουσι,
901 1381 997 1435 καὶ
1031 1382 1258 1452 ὄμματα
1284 1381 1456 1455 μυρία
1482 1381 1633 1446 λοξά.

292 1473 454 1528 Ἀλλά
473 1473 525 1541 γ’
548 1473 684 1543 ἐμὸν
707 1473 910 1544 κράτος
935 1473 1105 1538 ἵλαθι,
1142 1473 1342 1544 μάρτυ,
1373 1475 1468 1528 καὶ
1498 1473 1668 1528 ἃπτεο
1689 1477 1871 1546 χεερδς

279 1564 592 1636 Δεξιτερῆς,
623 1564 821 1618 ἰθύνων
850 1565 937 1617 ἐπ’
969 1564 1156 1630 άεθλα,
1176 1566 1284 1619 ’καί
1313 1564 1485 1632 ἄλγεα
1511 1565 1722 1620 παύων.
1809 1589 1812 1594 ·

281 1653 478 1720 Οἶσθα,
510 1656 722 1729 μάκαρ,
755 1657 1038 1728 κέκμηκα,
1061 1657 1323 1720 πανίλαος
1351 1657 1473 1710 ἐλθὲ
1499 1658 1774 1712 καλεῦντι.

392 1768 498 1839 μζ’.
533 1771 638 1836 Εις
672 1770 779 1824 τὸν
807 1770 980 1841 ἅγιον
1013 1771 1315 1841 Θεόδωρον
1350 1771 1458 1825 τὸν
1500 1773 1760 1842 Τύρωνα.

292 1880 391 1935 Ἐκ
423 1882 624 1952 φλογὸς
647 1884 729 1946 είς
753 1883 870 1953 φῶς
895 1883 1158 1954 ἔδραμες,
1191 1887 1257 1938 ὲκ
1285 1885 1450 1956 λιμοῦ
1481 1888 1607 1938 ποτὶ
1638 1887 1867 1956 νέκταρ,

367 1973 459 2038 Ἐξ
489 1975 714 2044 εἱρκτῆς
751 1973 1031 2046 θαλάμους
1066 1975 1303 2048 ἔδραμες
1328 1977 1640 2049 οὐρανίους,

297 2063 391 2118 Ἐκ
421 2065 674 2134 βασάνων
703 2066 920 2136 πικρῶν
959 2067 1080 2120 πότ’
1110 2068 1280 2123 ἀεθλα
1310 2070 1406 2122 καὶ
1429 2069 1634 2139 ἄφθιτα
1677 2070 1871 2138 κάλλη.

285 2157 555 2228 Κοίρανον
571 2157 947 2228 ὲκπρολιπὼν,
970 2160 1147 2229 μέγαν
1169 2155 1311 2224 εἶδες
1332 2161 1542 2216 ἄνακτα
1565 2160 1876 2235 [Χριστόν.]

283 2241 400 2301 Ὧδ’
427 2248 528 2318 ἐμὲ
559 2249 654 2303 καὶ
684 2249 954 2319 καμάτων
990 2250 1088 2304 καὶ
1111 2251 1400 2322 ἀργαλέων
1429 2251 1769 2322 μελεδωνῶν,

295 2339 382 2402 Ὡς
415 2340 651 2411 καμίνου
685 2341 781 2394 καὶ
806 2341 1033 2412 εἱρκτῆς
1059 2342 1158 2396 καὶ
1184 2343 1437 2412 βασάνων
1478 2342 1638 2414 λιμοῦ
1671 2359 1734 2397 τε

287 2429 395 2482 Kal.
419 2429 622 2501 Φαραὼ
651 2431 1017 2502 κακομήτιδος
1054 2431 1392 2503 ὲξερύσειας,
1430 2432 1662 2504 μάρτυς,

285 2523 568 2594 Δύσμορον
595 2523 694 2594 ὀψέ
726 2541 834 2598 περ
867 2525 928 2589 ὃς
956 2527 1049 2580 καὶ
1074 2528 1134 2580 ὲν
1170 2527 1312 2598 ὠμῷ
1339 2528 1512 2598 γήραϊ
1543 2526 1732 2596 θῆκεν.

289 2610 395 2670 Οἷα
422 2615 614 2670 παθὼν
647 2617 798 2682 ἰδίοις
826 2617 1056 2686 ἀγαθοῖς
1091 2619 1476 2691 ιπιμέμφεται
1500 2616 1682 2674 οἶσθα.

289 2728 404 2800 μη’.
422 2732 528 2798 Εἰς
550 2730 668 2800 τὴν
689 2730 933 2801 εὕρεσιν
954 2730 1064 2802 τῆς
1091 2733 1364 2804 κεφαλῆς
1381 2734 1487 2790 τοῦ
1508 2736 1877 2806 Προδρόμου.

297 2837 387 2903 Ὧς
410 2841 544 2910 πρὶν
571 2839 862 2905 θανοῦσαν,
892 2841 1079 2914 λύχνε,
1110 2842 1208 2898 νῦν
1236 2844 1641 2916 κεκρυμμένην

285 2931 480 3004 Βηγὴν
513 2933 776 3004 ἐλέγχων,
809 2933 958 2990 οὕτω
995 2935 1232 3007 Χριστὸς
1262 2935 1562 3006 θαυμάτων

283 3089 606 3157 inimicam;
673 3091 908 3147 suadeas
993 3092 1260 3148 latronem
1378 3091 1628 3157 vah-um,

283 3193 376 3234 sos
435 3180 608 3248 cives,
649 3182 908 3236 virtutem
958 3183 1231 3248 odientes,
1283 3181 1551 3247 laborem,
1595 3183 1869 3240 homines.

284 3272 361 3325 lta
391 3286 478 3326 me
499 3271 618 3342 agis
646 3285 772 3327 eum
814 3280 993 3328 matre
1058 3273 1270 3343 potenti
1317 3275 1382 3328 ad
1413 3275 1616 3344 probos
1648 3287 1872 3343 sensus,

283 3381 392 3436 qua
420 3366 557 3421 velis
582 3377 638 3420 et
659 3375 718 3421 ut
748 3366 907 3434 velis,
937 3376 994 3423 et
1031 3367 1180 3438 quod
1198 3376 1252 3422 et
1281 3377 1548 3438 quantum
1573 3368 1730 3422 velis.

497 3501 588 3556 45.
625 3499 695 3555 1η
723 3518 880 3556 suum
907 3503 1223 3573 magistrum
1256 3501 1634 3572 Nicephorum.

353 3616 477 3674 Duo
507 3620 880 3683 occultantur,
903 3619 1253 3690 Nieephore;
1284 3627 1366 3686 tu,
1396 3618 1638 3689 sepulcri
1665 3617 1874 3688 lapide;

283 3712 639 3784 superstites,
673 3712 998 3784 ignorantiae
1031 3712 1232 3782 lapide.

764 3826 856 3881 46.
898 3825 1088 3882 Sancti
1119 3825 1402 3881 Theodori.

357 3938 801 4010 Contemptibilis
853 3951 1050 3991 manus
1084 3951 1283 3992 nervos
1331 3933 1603 4000 reseeuit,
1649 3933 1879 4000 juvenes

285 4047 421 4088 vero
453 4048 537 4088 me
568 4032 623 4086 in
655 4031 836 4088 stadio
887 4031 955 4084 ad
992 4030 1175 4100 praelia
1219 4037 1441 4094 vocant,
1498 4037 1553 4082 et
1605 4034 1713 4081 stat
1749 4027 1874 4079 uui-

284 4139 481 4180 versus
514 4124 741 4178 omnino
768 4123 1007 4193 populus
1047 4120 1295 4176 convicia
1326 4134 1543 4186 amans,
1576 4118 1629 4172 iu
1662 4132 1750 4171 me
1774 4117 1882 4172 lin-

283 4232 423 4288 guas
463 4216 692 4272 acerbas
735 4215 1048 4280 intendunt,
1085 4226 1140 4268 et
1185 4212 1336 4268 mille
1365 4210 1622 4281 obliquos
1650 4209 1879 4277 oculos;

284 4311 406 4373 sed,
439 4323 474 4364 ο
505 4308 678 4362 robur
709 4322 916 4372 meum,
955 4304 1230 4376 propitius
1264 4303 1364 4369 sis,
1396 4311 1625 4372 martyr,
1666 4309 1722 4355 et
1748 4300 1880 4356 dex-

286 4413 402 4454 tera
429 4414 594 4454 manu
624 4408 809 4469 tange,
845 4399 912 4452 ad
951 4395 1176 4468 praemia
1205 4394 1474 4463 dirigens,
1507 4401 1562 4448 et
1594 4391 1880 4446 doloribus

284 4493 450 4547 tinem
479 4490 794 4560 imponens.
821 4489 966 4555 Scis,
996 4503 1031 4544 o
1052 4489 1231 4555 beate,
1263 4485 1535 4552 laboravi,
1563 4483 1880 4540 misericors
1907 4496 1960 4560 ι)

284 4585 409 4642 veni
447 4586 520 4641 ad
552 4592 864 4640 vocantem.

483 4700 574 4756 47.
613 4696 679 4754 In
714 4707 962 4754 sanctum
1000 4697 1330 4752 Theodorum
1364 4695 1644 4766 Tyronem.

363 4813 443 4868 Ex
477 4813 602 4885 igne
637 4813 691 4868 in
737 4813 918 4868 lucem
951 4811 1241 4874 transiisti,
1276 4826 1307 4865 ο
1335 4809 1481 4865 fame
1509 4809 1577 4864 ad
1611 4817 1820 4873 nectar,
1848 4823 1880 4864 e

280 4919 506 4964 carcere
533 4907 600 4961 ad
630 4907 885 4962 caelestes
914 4905 1186 4960 transiisti
1220 4905 1490 4959 thalamos
1517 4918 1532 4968 ;
1567 4917 1634 4957 ex
1663 4901 1876 4957 acerbis

281 5000 573 5072 suppliciis
599 5001 666 5054 ad
702 4999 930 5067 praemia
961 5007 1019 5052 ct
1047 4995 1522 5066 iucorruptibilem
1560 4993 1876 5064 pulchritu-

278 5095 490 5150 «linem.
535 5092 737 5163 Regem
800 5090 1087 5154 deserens,
1140 5105 1404 5160 magnum
1452 5086 1608 5143 vides
1651 5087 1873 5150 ducem,

280 5186 642 5257 (Christum).
681 5186 758 5240 Ita
805 5199 894 5239 me
940 5197 1164 5254 quoque
1210 5179 1492 5235 laboribus
1529 5188 1586 5234 et
1625 5178 1877 5234 molestis

280 5279 458 5342 curis,
491 5289 551 5333 ut
580 5277 822 5343 fornace,
855 5285 908 5332 et
933 5289 1175 5339 carcere,
1202 5283 1258 5329 et
1288 5271 1598 5342 suppliciis,
1625 5279 1681 5325 et
1705 5270 1870 5337 fame,

278 5382 337 5428 et
364 5372 670 5428 Pharaonis
698 5372 936 5436 astutiis,
960 5374 1191 5433 eximas,
1222 5377 1449 5439 martyr,
1481 5365 1575 5436 qui
1609 5365 1871 5420 miserum

284 5467 367 5522 vel
397 5481 598 5537 aegram
648 5467 716 5521 ad
765 5475 1104 5521 senectutem
1157 5463 1354 5518 ell’ecit.
1409 5461 1605 5528 Qualia
1657 5460 1872 5530 patiens

283 5559 524 5630 propriis
552 5559 714 5615 bonis
741 5561 1014 5630 queritur,
1046 5567 1100 5613 tu
1133 5557 1263 5614 scis.

1719 3093 1873 3149 odio-
1899 3113 1944 3172 ο

2285 630 2393 700 μθ¹.
2429 631 2533 696 Εἰς
2565 629 2682 698 τὴν
2714 631 2916 698 τιμίαν
2947 626 3249 698 κεφαλήν.

1976 743 2048 796 Σὺ
2068 741 2179 795 τῶν
2206 742 2394 796 παθῶν
2433 743 2700 814 μάχαιρα,
2744 742 3040 813 θαυμάτων
3071 741 3286 812 βρύσις,

1974 833 2164 902 Φωνὴν
2193 832 2436 904 ἀφῆκας,
2473 834 2566 886 καὶ
2607 831 2928 903 κεκομμένη
2952 829 3115 883 πάλιν

1976 925 2092 978 Νῦν
2123 925 2418 996 θαυμάτων
2447 925 2597 995 ῥοῦν,
2626 925 2722 978 καὶ
2748 923 3112 994 κεκρυμμὲνη
3145 924 3311 995 κάρα,

1981 1018 2191 1081 Ὄντως
2223 1018 2288 1071 σὺ
2317 1017 2503 1088 φωνῆς
2528 1016 2746 1086 γλῶττα
2786 1015 2880 1068 καὶ
2912 1017 3116 1085 φέγγος
3143 1015 3360 1086 λύχνου.

2737 1113 2802 1161 ν’.

1977 1201 2176 1265 Δαλεῖς
2200 1201 2378 1256 θανὼν
2400 1203 2486 1266 σὺ,
2513 1201 2610 1255 καὶ
2637 1201 2863 1272 κρυϐεὶς
2900 1202 3090 1274 φαίνῃ,
3118 1200 3327 1272 μάκαρ.

1979 1293 2052 1346 Σὺ
2082 1293 2199 1362 φῶς
2238 1293 2407 1356 ὅντως
2442 1294 2539 1346 καὶ
2567 1294 2729 1363 λόγου
2761 1295 2914 1366 φωνὴ
2940 1293 3154 1364 λύχνος.

1979 1405 2080 1462 va’.
2094 1408 2197 1474 Είς
2215 1410 2324 1460 τὸν
2340 1407 2600 1471 Χριστὸν
2614 1405 3006 1462 ὑπνώττοντα
3023 1407 3122 1461 ἐπὶ
3145 1408 3252 1462 τοῦ
3267 1409 3565 1478 σκάρους.

1984 1515 2049 1576 Εἴ
2081 1519 2236 1584 Θεὸς,
2261 1513 2315 1572 εἷ
2337 1518 2550 1589 βροτὸς,
2580 1518 2793 1582 ὑπνοῖς,
2830 1517 2968 1571 ἀλλά
3017 1519 3110 1571 καὶ
3135 1517 3368 1582 εὖνασας
3403 1518 3568 1590 οἶδμα

1991 1612 2238 1674 Ὑπνοῖς,
2268 1610 2483 1680 ἔγρετο,
2503 1612 2724 1680 ἔγρετο,
2745 1608 2841 1661 καὶ
2869 1609 3031 1662 σάλον
3059 1608 3256 1663 εὔνασε
3278 1611 3494 1665 πόντου.

2514 1721 2613 1793 νβ’.
2648 1721 2752 1787 Είς
2794 1721 3035 1776 ἑαυτόν.

1979 1837 2054 1907 Γῆ
2084 1836 2179 1891 καὶ
2211 1834 2458 1890 θάλασσα
2486 1835 2581 1889 καὶ
2606 1834 2769 1898 πόλος
2794 1833 2882 1897 σὺ,
2911 1831 3114 1903 Χριστὲ
3143 1849 3269 1899 μου,

1904 1941 1946 1999 Β
1976 1929 2090 1983 Kal.
2119 1929 2227 1998 γῆν
2257 1927 2417 1981 πατῶ
2449 1929 2561 1990 σοῖς
2584 1925 2816 1996 νεύμασι
2839 1925 3190 1996 καθημέραν,

1981 2022 2093 2075 Καὶ
2120 2021 2221 2093 τὴν
2244 2021 2522 2076 θάλασσαν
2550 2021 2617 2090 σῇ
2651 2019 2986 2091 κυϐερνήσει
3013 2020 3186 2080 πλέω,

1979 2111 2054 2164 Τὸ
2079 2109 2174 2163 τοῦ
2197 2110 2316 2174 νοὸς
2345 2109 2401 2163 δὲ
2429 2110 2625 2180 λαῖφος
2657 2108 2790 2162 ἱστῶ
2821 2107 2962 2179 πρὸς
2991 2106 3152 2160 πόλον
3177 2122 3192 2135 '

1991 2200 2136 2272 Ὀρῶ
2163 2200 2220 2255 δὲ
2253 2201 2345 2258 τὸν
2376 2201 2544 2255 πλοῦν
2570 2201 2902 2270 πνευμάτων
2933 2198 3193 2254 ἐναντίων

1982 2294 2250 2364 Γὲμοντα,
2278 2295 2374 2346 καὶ
2411 2293 2629 2347 δέδοικα
2651 2293 2751 2357 τὰς
2781 2294 3127 2362 καταιγίδας,

1982 2387 2094 2441 Καὶ
2116 2387 2225 2440 τῶν
2248 2387 2442 2458 παρῶν
2482 2389 2526 2420 ⁸⁸
2561 2387 2812 2459 πέφρικα
2849 2389 2946 2452 τὰς
2967 2389 3289 2460 τρικυμίας,

1987 2479 2096 2532 Καὶ
2127 2479 2238 2532 τῶν
2263 2479 2543 2550 λογισμῶν
2570 2480 2632 2534 τὸ
2661 2479 2956 2534 κλυδώνιον
2977 2481 3188 2551 τρέμω.

1987 2570 2112 2634 Πῶς
2147 2566 2240 2624 οῦν
2271 2572 2497 2642 περάσω
2528 2571 2624 2625 καὶ
2655 2571 2810 2642 τέμω
2839 2572 2931 2626 τὸν
2960 2573 3120 2644 ἀέρα,

1985 2662 2094 2716 Καὶ
2125 2661 2224 2726 τὰς
2250 2663 2519 2726 τοσαύτας
2547 2664 2833 2726 ἐνστάσεις
2854 2664 3130 2737 διαδράσω
3157 2683 3172 2732 ;

1983 2754 2094 2806 Καὶ
2123 2756 2197 2825 μὴ
2225 2754 2481 2809 τοσοῦτον
2506 2757 2804 2828 ναυαγήσω
2834 2757 2928 2810 καὶ
2958 2757 3112 2811 πέσω

1983 2847 2080 2910 Εἰς
2109 2846 2338 2919 ἔσχατον
2367 2848 2471 2919 γῆς
2502 2849 2582 2912 είς
2617 2849 2824 2920 μυχοὺς
2849 2848 2944 2902 τοῦ
2974 2850 3251 2922 ταρτάρου
3273 2893 3289 2917 ,

1983 2937 2050 2992 Εἴ
2079 2955 2172 3008 μοι
2197 2938 2378 3007 γένοιο
2415 2939 2606 3011 χερσὶν
2639 2940 3036 3011 οἰακοστρόφος
3060 2957 3076 2976 ο

2152 3093 2244 3150 48.
2282 3093 2348 3147 In
2377 3093 2730 3147 inventionem
2762 3093 2954 3157 capitis
2990 3092 3372 3150 Prccnrsoris.

2053 3207 2120 3262 Ut
2165 3206 2320 3278 prius
2357 3215 2659 3273 mortuum,
2704 3207 2952 3272 lucerna,
2990 3223 3137 3262 nunc
3187 3208 3576 3266 absconditum

1975 3296 2228 3352 revelans
2251 3293 2458 3350 fontem
2478 3297 2883 3368 prodigiorum,
2914 3297 2989 3352 ita
3019 3296 3278 3355 Christus
3302 3307 3454 3354 tuum
3478 3316 3575 3355 ea-

1975 3395 2074 3456 put
2101 3385 2357 3458 praestitit
2393 3401 2425 3441 a
2453 3388 2746 3443 meretrice
2779 3403 3016 3442 caesum.

2433 3499 2525 3556 49.
2560 3499 2627 3554 1η
2656 3501 2918 3571 egregium
2944 3509 3123 3570 caput.

2049 3589 2130 3645 Tu
2162 3591 2482 3662 passionum
2507 3593 2744 3662 gladius,
2771 3593 3146 3664 prodigiorum
3175 3594 3338 3661 latex,
3384 3608 3576 3648 vocem

1979 3684 2312 3753 amisisti,“
2357 3688 2558 3743 iterum
2607 3687 2888 3742 abscissus
2933 3688 3307 3758 prodigiorum
3359 3687 3580 3751 fons,ct.

1979 3777 2362 3834 absconditum
2403 3789 2491 3836 est
2552 3788 2756 3851 caput;
2791 3795 2920 3836 vere
2964 3789 3018 3836 tu
3065 3781 3218 3836 vocis
3270 3781 3495 3852 lingua,
3521 3787 3582 3834 ct.

1983 3867 2220 3925 lucernae
2251 3868 2454 3941 fulgor.

2629 3960 2642 3968 ’
2731 3963 2824 4018 50.

2053 4047 2323 4120 Loqueris
2357 4061 2632 4117 mortuus,
2657 4063 2712 4108 et
2737 4055 3100 4110 absconditus
3127 4054 3290 4117 nites,
3319 4066 3353 4106 ο
3384 4050 3577 4116 beate;

1979 4151 2039 4195 tu
2075 4141 2261 4198 lumen
2293 4157 2424 4198 vere
2453 4152 2509 4198 et
2540 4144 2693 4200 verbi
2727 4160 2856 4210 vox,
2887 4145 3130 4201 lucerna.

2122 4254 2214 4311 51.
2256 4253 2324 4310 1η
2355 4253 2629 4311 Christum
2662 4257 3037 4311 dormitantem
3063 4256 3120 4309 in
3149 4256 3418 4312 navicula.

2052 4345 2126 4402 Es
2159 4347 2326 4414 Deus,
2373 4362 2435 4404 es
2468 4349 2656 4416 homo,
2696 4349 2926 4415 dormis,
2967 4349 3061 4404 sed
3106 4349 3334 4403 ﬂuctum
3375 4349 3578 4406 sedans

1982 4437 2235 4508 dormis;
2297 4441 2556 4507 excitare,
2566 4439 2865 4513 gexcitare,
2921 4451 2978 4496 et
3045 4439 3340 4495 tumultum
3404 4443 3580 4499 maris

1983 4531 2138 4588 seda.

2531 4625 2622 4681 5’2.
2659 4625 2726 4681 In
2751 4643 2806 4681 se
2834 4627 3029 4697 ipsum.

2055 4715 2225 4773 Terra
2258 4727 2313 4773 et
2336 4733 2488 4773 mare
2514 4729 2572 4774 et
2600 4721 2826 4786 caelum,
2857 4729 2936 4784 tu,
2968 4718 3209 4783 Christe,
3244 4715 3403 4771 mihi.
3441 4714 3582 4772 Tcr-
3687 4722 3698 4730 '

1981 4825 2102 4866 ram
2154 4811 2308 4867 calco
2355 4812 2467 4867 tuis
2497 4814 2787 4884 praeceptis
2827 4811 3097 4884 quotidie,
3150 4824 3308 4864 mare
3343 4818 3434 4863 tua
3472 4826 3578 4878 gu-

1981 4903 2308 4960 bernatione
2353 4904 2575 4974 navigo,
2629 4906 2830 4960 mentis
2857 4913 3042 4958 autem
3089 4901 3206 4956 vela
3253 4901 3320 4954 ad
3369 4901 3574 4954 caelum

1985 4996 2180 5065 dirigo.
2215 4996 2397 5053 Cerno
2442 5007 2625 5052 autem
2657 4998 3065 5066 navigationem
3100 4995 3277 5049 ventis
3324 4994 3574 5050 adversis

1985 5091 2222 5160 plenam,
2248 5101 2304 5146 et
2333 5100 2520 5146 metuo
2539 5098 2911 5160 tempestates,
2939 5097 2994 5144 et
3022 5088 3338 5157 passionum
3371 5085 3575 5139 horreo

1983 5181 2268 5248 ﬂuctus,et
2286 5183 2680 5253 cogitationum
2703 5180 3031 5251 agitationes
3056 5180 3242 5233 timeo.
3279 5176 3573 5242 Quomodo

1981 5289 2114 5346 ergo
2145 5274 2500 5346 pertransibo
2542 5282 2597 5328 et
2635 5287 2821 5328 aerem
2859 5272 3113 5334 sulcaho,
3143 5280 3199 5324 et
3227 5277 3409 5323 tantas
3431 5266 3572 5321 dim.

1982 5369 2214 5424 cultates
2259 5367 2533 5424 evadant?
2578 5376 2632 5424 et
2661 5366 2940 5437 quomodo
2984 5380 3094 5420 non
3148 5359 3487 5430 naufragaho
3518 5369 3572 5414 et

1983 5477 2090 5515 non
2135 5461 2332 5517 cadam
2376 5461 2434 5516 in
2489 5459 2750 5516 inferiora
2796 5467 2959 5516 terra:
3013 5465 3067 5514 et
3101 5458 3154 5510 in
3199 5455 3429 5526 :ubyssos
3460 5460 3567 5505 taro

1983 5553 2134 5608 tari?
2163 5554 2364 5610 simihi
2385 5554 2538 5611 adsis
2557 5553 2992 5625 gubernaculum
3018 5551 3274 5608 manibus
3301 5546 3567 5614 dirigens,

353 5681 432 5753 (Ι)
467 5681 632 5753 Forte
672 5681 762 5736 hic
792 5679 1133 5753 Nicephorius
1174 5681 1262 5736 ille
1301 5689 1384 5736 est
1414 5680 1506 5750 qui
1535 5678 1757 5750 scripsit
1824 5677 1866 5733 γ

1986 5695 2005 5735 ι
2048 5678 2268 5736 Antonii
2332 5677 2574 5748 Cauleae,
2613 5677 2939 5751 patriarchae
2972 5676 3080 5734 ΟΡ.
3138 5676 3202 5749 (1-
3220 5673 3372 5746 90l),
3404 5683 3568 5743 quam

281 5750 446 5824 supra
476 5752 748 5809 dedimus.
787 5750 943 5807 Eutr.
975 5750 1147 5807 ΡΑτιι.

355 5874 400 5906 ³⁹
432 5870 546 5927 Sic.
625 5872 670 5905 “'
698 5869 833 5928 Cod.
871 5872 1137 5939 γλύσσας.
1215 5872 1258 5906 ⁸¹
1293 5871 1423 5943 Leg.
1459 5870 1670 5926 παθῶν.
