4080 6412
463 394 567 459 943

466 505 572 557 ’1οι
609 504 889 575 πρόϐαινε,
915 504 1054 573 φωτὶ
1080 504 1194 573 φῶς
1227 504 1683 575 προσλαμϐάνων,

465 596 607 663 Πρὸς
637 596 763 647 ναὸν
794 597 977 660 ἁγνὸν,
1017 594 1141 656 ναὸς
1170 594 1585 664 ἐμψυχωμένος.

536 692 625 751 Εἰς
661 689 717 741 ἓν
741 690 806 741 τά
833 688 1001 757 κάλλη
1034 687 1140 739 τῶν
1182 688 1321 740 ὅλων
1359 688 1716 759 ἡθροισμένοι,

468 782 739 849 Ἂστρων,
772 778 1070 849 Θαλάσσης,
1103 780 1289 850 ἀέρος,
1320 783 1441 850 γῆς,
1481 785 1574 834 καὶ
1608 785 1769 835 πόλου

462 867 588 924 Ὧδε
621 872 853 941 βλέπων,
903 872 1176 940 ἄνθρωπε,
1213 874 1287 943 μὴ
1324 875 1522 945 κάμοις
1555 876 1787 944 βλέπων.

528 964 588 1015 Εἰ
620 963 797 1016 πάντα
819 963 988 1033 κάλλη
1012 964 1114 1033 γῆς
1136 963 1270 1033 ὁμοῦ
1298 982 1356 1017 τε
1393 966 1485 1017 καὶ
1518 967 1683 1019 πόλου

462 1057 572 1108 Καὶ
598 1056 778 1107 πᾶσαν
819 1054 951 1124 ὕλην
982 1057 1172 1126 τιμίαν
1205 1057 1387 1121 ποθεῖς
1415 1058 1658 1126 βλέπειν,

476 1148 657 1214 ’Λφεὶς
684 1146 749 1198 τά
786 1146 955 1199 πολλὰ
984 1148 1090 1216 γῆς
1125 1150 1473 1220 περιτρέχειν
1498 1151 1702 1220 πλάτη,

459 1238 648 1290 Λιπὼν
683 1238 750 1290 τά
787 1232 1004 1309 μακρὰν
1030 1232 1261 1309 οὖρανοῦ
1292 1240 1473 1309 ζητεῖν
1506 1242 1666 1312 βάθη,

471 1331 738 1386 Ἐνταῦθα
770 1332 948 1385 πάντα
975 1334 1353 1405 συνδραμόντα
1387 1353 1476 1404 μοι
1509 1336 1723 1399 σκόπει,

458 1424 530 1476 Τὸ
556 1423 665 1475 τῶν
702 1424 837 1477 ὅλων
869 1424 1115 1496 μίμημα,
1148 1426 1241 1479 τὸν
1279 1428 1475 1497 μικρὸν
1507 1422 1687 1497 δόμον.

468 1516 603 1584 ’Λὴρ
639 1516 737 1583 μὲν
759 1508 936 1579 οὗτος,
970 1515 1085 1568 ἀλλ’
1111 1518 1137 1569 ὁ
1173 1518 1340 1586 αξοὴρ
1374 1519 1430 1570 ὲν
1464 1519 1610 1587 φάει.

462 1607 641 1662 Λίθων
677 1606 732 1660 δὲ
758 1607 965 1661 τούτων
995 1611 1027 1677 ἡ
1059 1609 1288 1679 διαυγὴς
1314 1609 1526 1680 λειότης

459 1700 629 1770 ’Ἄλλη
654 1700 801 1756 δοκεί
830 1701 1073 1755 Θάλασσα
1108 1704 1372 1773 κυμάτων
1402 1703 1531 1756 ἄνευ

467 1792 556 1854 Ὠς
593 1792 650 1843 ὲν
671 1790 880 1862 γαλήνῃ
913 1793 1007 1844 νῦν
1038 1792 1543 1859 κατεστορεσμένη.

456 1884 610 1953 Λύγὴ
634 1884 689 1937 δὲ
714 1884 922 1937 τούτων
962 1885 1157 1939 κιόνων
1194 1885 1287 1938 καὶ
1316 1884 1581 1955 λευκότης

457 1977 567 2028 Καὶ
593 1974 787 2044 συχνὸν
813 1973 1209 2045 ἀστράπτουσα
1242 1975 1435 2045 χροιᾶς
1463 1971 1790 2045 τερπνότης,

467 2069 555 2129 Ὠς
577 2060 667 2120 οἷα
700 2066 917 2137 ῥεῖθρον
950 2066 1277 2135 ὲκτακείσης
1305 2067 1485 2136 χιόνος

458 2158 746 2228 Λαμπρὸν,
776 2157 989 2222 διειδὲς,
1020 2157 1262 2228 ἀψοφητί
1288 2176 1403 2219 πως
1441 2158 1583 2229 ῥέον,

467 2250 553 2312 Ὠς
587 2248 724 2319 πρὸς
757 2248 1035 2302 Θάλασσαν
1062 2248 1229 2320 ἄλλην
1249 2250 1294 2282 ⁸³
1326 2248 1587 2320 ἐμϐάλλει
1614 2250 1765 2304 κάτω

456 2344 583 2406 Ίόἴς
605 2341 1090 2408 ὲξαποστίλόουσιν
1114 2344 1172 2394 ὲν
1207 2342 1363 2413 πάτῳ
1392 2343 1583 2407 λίθοις.

453 2437 635 2507 Αὐτὴν
668 2437 725 2490 δὲ
751 2435 849 2506 τὴν
872 2435 978 2505 γῆν
1009 2435 1200 2489 καὶτὰ
1230 2438 1327 2505 τῆς
1354 2437 1481 2504 γῆς.
1523 2438 1571 2488 εἰ
1611 2437 1807 2504 θέλοις,

455 2527 648 2582 Αὐτῶν
675 2528 869 2580 σκόπει
898 2545 988 2596 μοι
1027 2529 1340 2598 χρωμάτων
1368 2528 1427 2581 τὸ
1460 2529 1728 2593 ποικίλον,

458 2620 566 2671 Καὶ
595 2619 703 2672 τῶν
732 2619 961 2689 γραφῶν
1005 2619 1065 2671 τὸ
1094 2619 1289 2682 κάλλος
1313 2636 1324 2648 ·
1353 2620 1514 2675 ἄλλον
1544 2620 1733 2675 ἐνθάδε

456 2708 715 2777 Λειμῶνα
740 2707 1013 2779 γραπτὸν,
1046 2710 1110 2760 ἐκ
1137 2708 1333 2779 τέχνης
1372 2710 1760 2779 εἰργασμένον,

456 2799 628 2869 ’Ἄνοη
659 2799 914 2869 κομῶντα
944 2798 1020 2870 μὴ
1053 2799 1481 2870 παραραοοῦντα
1517 2798 1563 2832 5‘
1590 2801 1768 2872 χρόνῳ

459 2892 522 2945 ΕΞ
551 2893 607 2944 δὲ
641 2892 778 2961 πρὸς
807 2886 1005 2957 αὐτοὺς
1038 2892 1271 2961 οὐρανοῦ
1300 2894 1425 2957 τοὺς
1448 2894 1707 2963 ἀστέρας,

456 2987 528 3039 Ἢ
572 2988 811 3057 σφαῖραν
839 2986 1010 3057 αὐτὴν
1042 2984 1137 3038 τοῦ
1166 2986 1331 3039 πόλου
1366 2986 1553 3048 ποθεῖς
1587 2987 1831 3058 βλέπειν,

458 3078 648 3131 Τεῖνον
683 3078 773 3130 σὸν
813 3077 969 3148 ὄμμα
990 3095 1002 3107 ·
1031 3079 1225 3149 τμῆμα
1255 3079 1311 3131 δὲ
1341 3079 1579 3150 σφαίρας
1613 3080 1779 3148 βλέπε

462 3168 710 3223 Ἀνωθεν
738 3170 999 3239 χρυσοῦν,
1029 3171 1144 3239 φῶς
1176 3170 1570 3242 ἀπαστράπτον
1599 3172 1743 3241 μέγα

1738 393 2058 452 ΙΟᾹΝΝΙς
2092 394 2525 455 GEOMETll/E

2074 512 2113 564 Α
2148 498 2222 554 Οῦ
2253 502 2632 573 συνδραμοῦσα
2670 505 2817 557 πᾶσα
2851 501 3009 574 xpetit
3037 500 3304 571 ψηφίδων,

3614 386 3722 454 9M

2166 594 2252 657 Ὠς
2277 595 2335 648 ἓν
2363 594 2591 647 τελοῦσα
2623 596 2781 665 σῶμα
2808 595 3245 662 συντεθειμένον,

2158 688 2458 757 Ἔναστρον
2487 686 2519 754 ἢ
2552 686 2854 755 πάμφωτον
2884 686 3228 756 ᾐωρημένον,

2162 778 2249 838 Ὠς
2272 778 2427 846 εἴπερ
2451 776 2519 846 ἦν
2550 777 2612 828 τὺ
2650 778 2871 846 σύμπαν
2908 775 3140 845 οὐρανοῦ
3175 774 3375 837 πλάτος

2153 870 2443 939 Πάγχρους
2462 885 2545 930 τις
2576 868 2750 937 ἀστὴρ
2779 863 2858 929 εἷς
2891 867 3200 934 διαυγάζων
3227 868 3407 935 μόνος.

2153 961 2369 1028 Κόσμον
2405 959 2505 1027 μὲν
2528 959 2670 1011 οὕτω
2697 961 2806 1012 πᾶν
2829 959 2993 1012 καλὸν
3016 959 3219 1028 τέρπον
3250 958 3461 1027 βλέπων

2154 1052 2217 1105 Εἰ
2245 1053 2287 1104 δ’
2319 1052 2620 1121 ὲξεκαύθης
2654 1054 2732 1115 εἰς
2760 1052 2940 1122 ἔρωτα
2974 1051 3081 1105 τῶν
3111 1052 3245 1112 ἅνω,

2154 1145 2261 1197 Καὶ
2290 1144 2379 1197 τὸν
2412 1146 2601 1214 νοητὸν
2626 1145 2914 1219 κόσμονὲν
2948 1144 3102 1214 τύπῳ
3127 1143 3311 1212 βλέπε.

2153 1236 2406 1305 Χριστὸςο
2425 1236 2524 1305 μὲν
2556 1233 2739 1299 οὗτος,
2770 1230 2829 1288 οῦ
2862 1236 3051 1305 Θρόνος
3086 1235 3335 1304 λαμπρὸς
3370 1234 3552 1297 πόλος.

2152 1325 2302 1394 Αὕτη
2327 1326 2383 1377 δὲ
2414 1326 2635 1396 Μήτηρ,
2671 1321 2738 1396 ἦς
2769 1325 2939 1396 μόνης
2965 1325 3138 1394 ἁγνῆς
3163 1325 3353 1386 Τόηος.

2154 1416 2325 1483 Οῦτος
2352 1420 2407 1473 δὲ
2433 1419 2645 1489 λύχνος,
2675 1415 2736 1474 οῦ
2766 1420 2925 1488 λόγος
2955 1421 3093 1489 φῶς,
3126 1423 3217 1474 καὶ
3245 1422 3468 1490 τρόπος.

2155 1510 2314 1568 Οὗτοι
2350 1514 2407 1566 δὲ
2440 1513 2590 1582 φλὸξ,
2627 1513 2773 1578 νοῦς,
2812 1513 3054 1583 πνεῦμα,
3088 1514 3225 1584 φῶς,
3262 1513 3372 1579 πῦρ
3408 1514 3501 1566 καὶ
3558 1511 3607 1576 εἴ

2167 1609 2268 1660 Ἐῶ
2299 1608 2548 1679 Σεραφὶμ
2581 1608 2836 1677 τάγματα
2872 1607 3293 1677 μυριομμάτων,

2166 1699 2270 1752 ’ᾱεῶ
2306 1699 2589 1768 Χερουϐὶμ
2614 1698 2768 1769 ἅρμα
2793 1699 2903 1753 τῶν
2936 1699 3323 1768 φλογοτρόφων

2155 1792 2266 1844 Καὶ
2294 1787 2465 1845 τᾶλλα
2496 1792 2721 1861 φρικτὰ,
2757 1794 2849 1844 καὶ
2874 1792 3054 1859 λέγειν
3089 1808 3145 1843 τε
3171 1790 3263 1843 καὶ
3296 1789 3533 1858 βλέπειν.

2077 1874 2115 1932 Β
2161 1880 2300 1933 Ἀλλ’
2340 1881 2498 1951 εἴπερ
2528 1877 2595 1951 ἦν
2624 1899 2677 1933 τι
2701 1882 2891 1951 κρᾶμα
2918 1881 3028 1933 τῶν
3056 1881 3313 1934 ἐναντίων

2154 1973 2377 2043 Κόσμου
2409 1991 2468 2026 τε
2500 1975 2701 2037 παντὸς
2731 1973 2825 2026 τοῦ
2850 1973 3001 2028 κάτω
3028 1974 3121 2027 καὶ
3148 1973 3257 2027 τῶν
3294 1972 3429 2033 ἄνω,

2157 2067 2373 2119 ’Ένεστι
2405 2067 2563 2120 τοῦτο
2583 2066 2677 2120 καὶ
2709 2056 2980 2121 καλὲίσοω
3009 2066 3103 2119 νῦν
3137 2066 3319 2136 μόνον,

2152 2160 2374 2230 Βροτοῖς
2409 2161 2733 2229 πρεπόντως
2760 2159 2869 2212 τῶν
2910 2159 3090 2213 καλῶν
3121 2160 3180 2210 το
3207 2159 3424 2228 χωρίον.

2153 2252 2408 2305 Γλῶσσαι
2439 2252 2609 2322 πυρὸς
2640 2250 2861 2322 δηλοῦσι
2896 2252 2990 2305 καὶ
3013 2251 3244 2321 βροντῆς
3274 2251 3468 2320 κρότος

2163 2344 2254 2406 Ὠς
2284 2346 2465 2397 πᾶσαν
2494 2344 2838 2413 ὲμπλήσουσι
2864 2343 2963 2414 τὴν
2997 2343 3330 2413 οἰκουμένην

2153 2435 2277 2488 Τῶν
2310 2435 2697 2507 βροντοφώνων
2730 2437 2776 2489 oi
2809 2435 3137 2507 πυρίστομοι
3161 2435 3354 2502 λόγων.

2152 2621 2268 2675 Νῦν
2306 2622 2407 2690 μὲν
2438 2618 2667 2691 συνῆλοε
2699 2620 2775 2690 τῷ
2802 2618 2980 2671 λέοντι
3008 2618 3316 2689 φωσφόρος,

2152 2715 2263 2768 Καὶ
2296 2713 2561 2784 μουσικὸν
2589 2713 2835 2780 τέττιγες
2861 2712 3045 2782 ᾄδουσι
3080 2711 3259 2781 μέλος.

2155 2806 2263 2859 Νῦν
2298 2807 2393 2859 καὶ
2421 2806 2605 2877 πατὴρ
2644 2805 2878 2858 ἔσπευσε
2906 2804 3234 2875 συνδραμεῖν
3263 2803 3473 2866 τέκνον,

2155 2896 2269 2949 Καὶ
2302 2898 2597 2967 μουσικοὺς
2626 2895 2860 2966 ἔθαλψεν
2887 2897 2966 2959 εἰς
2999 2896 3141 2966 ᾠδάς
3181 2896 3356 2957 νέους.

2169 2988 2287 3043 Νῦν
2309 2991 2403 3045 καὶ
2430 2992 2677 3061 γεωργὸς
2705 2993 2805 3055 τὰς
2824 2990 3083 3060 ἀπαρχάς
3109 2989 3216 3042 τῶν
3247 2990 3425 3043 πόνων

2157 3084 2382 3155 Χαίρων
2407 3084 2526 3156 Θεῷ
2557 3084 2763 3149 δίδωσι,
2800 3084 2896 3139 καὶ
2925 3084 3113 3154 κροτεῖ
3145 3083 3309 3151 μέγα.

2158 3174 2273 3228 Νῦν
2299 3175 2357 3228 δὲ
2386 3175 2452 3228 σύ
2486 3193 2577 3246 μοι
2614 3175 2833 3247 φέροντι
2858 3177 3061 3238 ταύτας
3092 3175 3201 3229 τῶν
3228 3175 3401 3245 λόγων

455 3346 703 3417 gredere,
739 3346 847 3401 luci
883 3346 1058 3401 lucem
1100 3344 1374 3413 ederetis,
1408 3347 1480 3403 ad
1510 3346 1777 3417 templum
1809 3358 2047 3418 purum,
2079 3356 2122 3415 (ε
2159 3361 2346 3408 natum
2379 3353 2699 3420 efﬁcientes,
2734 3348 3011 3411 stellatum
3036 3397 3050 3423 ,
3078 3354 3477 3421 illuminatum,
3511 3370 3741 3424 suspen-

456 3439 742 3510 spirituale
776 3440 1062 3508 templum.

530 3533 585 3585 lu
622 3546 791 3585 unum
823 3533 1207 3586 universorum
1244 3530 1685 3601 pulchritudines
1727 3533 2048 3588 coadunatae

456 3637 752 3688 astrorum,
791 3623 981 3685 maris,
1013 3623 1180 3686 aeris,
1221 3634 1381 3677 terra:
1402 3632 1461 3679 ct
1495 3625 1641 3688 coeli,
1672 3625 1762 3678 hic.
1792 3636 2045 3692 cernens,

460 3718 648 3777 homo,
684 3731 751 3769 ne
784 3714 1062 3768 cernendo
1100 3714 1336 3769 labores.

531 3809 587 3861 Si
620 3823 811 3862 omnes
842 3806 1284 3876 pulchritudines
1317 3815 1477 3861 terra:
1511 3807 1675 3862 simul
1714 3822 1778 3861 ac
1807 3807 1965 3874 cmli,
1996 3818 2049 3862 et

455 3917 677 3957 omnem
710 3902 985 3973 egregiam
1013 3901 1303 3955 materiam
1336 3901 1609 3969 inspicere
1634 3902 1791 3970 cupis
1811 3942 1826 3966 ,
1860 3901 2049 3955 desine

457 3995 629 4050 multa
664 4004 824 4048 terrae
851 3994 1187 4063 perlustrare
1210 3993 1514 4057 intervalla,
1544 3994 1726 4064 linque
1752 3994 2049 4047 immensos

459 4089 583 4143 (αξη
609 4089 899 4158 exquirere
926 4088 1191 4158 abyssos;
1226 4087 1315 4141 hic
1342 4088 1525 4140 omnia
1558 4098 1885 4158 congregata
1916 4087 2047 4141 mihi

455 4181 797 4250 contempla,
844 4181 1227 4235 universorum
1283 4180 1797 4246 adumbrationem,
1854 4195 2050 4250 parvas

456 4274 557 4327 has
583 4272 749 4327 aedes.
776 4272 883 4325 Aer
915 4271 1135 4341 quidem
1171 4273 1295 4336 iste,
1324 4271 1416 4324 sed
1453 4271 1627 4327 aether
1650 4273 1705 4326 in
1726 4272 1938 4342 specie,
1975 4273 2051 4326 la-

455 4366 609 4436 p'des
656 4364 743 4420 isti
785 4364 1052 4434 perlucidi
1096 4374 1156 4419 et
1204 4364 1460 4433 perpoliti
1512 4365 1745 4419 alterum
1797 4364 2051 4420 videntur

455 4474 611 4514 mare
639 4458 757 4514 sine
779 4457 1037 4513 [luctibus
1056 4458 1213 4512 velut
1232 4458 1291 4510 ih
1317 4456 1615 4527 tranquillo
1634 4464 1785 4513 nunc
1800 4458 2047 4528 planum.

456 4548 751 4620 Fulgentes
783 4559 968 4604 autem
996 4560 1049 4603 et
1078 4549 1219 4603 alba:
1249 4548 1519 4603 columnae
1542 4590 1555 4613 ,
1589 4557 1645 4602 et
1671 4548 1915 4618 jucunde
1952 4566 2052 4605 co-

458 4644 576 4697 lore
615 4642 819 4709 passim
851 4641 1161 4707 radiantes,
1198 4640 1378 4693 rivum
1422 4638 1674 4694 referunt
1721 4640 2052 4697 tabcscentis

2152 3452 2314 3511 Sum;
2349 3444 2576 3514 perinde
2602 3460 2671 3500 ac
2705 3450 2749 3500 si
2779 3460 2944 3501 omne
2979 3446 3104 3501 coeli
3137 3446 3375 3515 spatium
3399 3487 3413 3512 ,
3441 3446 3619 3501 omnis
3650 3460 3743 3499 co-

2149 3532 2283 3591 loris
2340 3536 2498 3592 sidus
2554 3538 2734 3591 Solum
2795 3540 3154 3594 illuminaret.
3204 3538 3464 3593 Mundum
3525 3540 3743 3609 quidem

2149 3646 2366 3686 omnem
2420 3632 2491 3684 ita
2536 3631 2825 3700 pulchrum
2877 3632 3115 3685 videndo
3157 3631 3449 3686 delectare.
3497 3631 3555 3685 Si
3609 3644 3741 3685 vero

2150 3723 2312 3777 ardes
2337 3723 2636 3792 cupiditate
2658 3724 2991 3786 cmleslium,
3032 3723 3298 3777 mundum
3330 3737 3553 3793 quoque
3589 3722 3748 3777 inlcl-

2149 3813 2438 3868 lertualem
2470 3812 2524 3866 in
2559 3813 2750 3884 ﬁguris
2770 3829 2956 3868 cerne.
2988 3813 3248 3869 Christus
3272 3814 3494 3883 uuidem
3515 3812 3619 3868 iste
3639 3821 3746 3876 est,

2150 3905 2313 3974 cujus
2342 3906 2577 3960 thronus
2603 3906 2928 3977 magniﬁcus
2949 3906 3149 3961 caelum
3174 3917 3279 3969 est,
3309 3904 3412 3960 ista
3438 3915 3619 3960 autem
3640 3920 3749 3959 ma-

2147 4006 2253 4063 ter,
2275 3996 2434 4065 cujus
2445 3996 2619 4052 solius
2636 3997 2864 4065 virginis
2876 3995 3202 4067 partusl‘uit.
3226 3994 3332 4051 iste
3349 3996 3571 4050 luccma
3589 3996 3747 4066 cujus

2150 4086 2375 4139 verbum
2401 4096 2517 4138 erat
2540 4086 2631 4140 lux
2655 4096 2708 4141 et
2730 4087 2925 4142 modus
2948 4103 2964 4152 ;
2990 4086 3078 4141 isti
3100 4096 3281 4140 autem
3309 4085 3550 4149 ﬂamma,
3569 4101 3745 4152 mens,

2148 4176 2416 4243 spiritus,
2450 4176 2666 4240 lumen,
2702 4178 2844 4251 ignis
2878 4188 2934 4233 et
2977 4179 3215 4249 gladius.
3284 4177 3438 4232 Mitto
3473 4180 3747 4248 seraphim

2153 4269 2303 4325 mille
2346 4273 2537 4326 oculos
2578 4273 2895 4328 habentium
2941 4273 3200 4339 ordines,
3257 4273 3417 4327 mitto
3461 4272 3746 4325 cherubim

2150 4379 2378 4418 currum
2420 4364 2671 4421 ﬂammas
2698 4366 2976 4421 edentium
2999 4405 3013 4431 ,
3040 4374 3100 4421 et
3132 4366 3239 4419 alia
3288 4365 3553 4434 stupenda
3601 4362 3745 4419 dictu

2152 4456 2319 4510 simul
2348 4467 2403 4511 et
2436 4458 2577 4513 visui.
2612 4458 2716 4514 Sed
2745 4457 2789 4513 si
2815 4458 3166 4528 foretaliqua
3190 4458 3513 4527 conjunctio
3541 4466 3750 4512 contra-

2158 4548 2362 4603 riarum
2396 4565 2579 4604 rerum
2631 4551 2819 4605 mundi
2863 4546 3109 4606 universi
3164 4561 3279 4605 tum
3316 4548 3595 4604 inferioris
3626 4563 3747 4602 cum

2156 4642 2478 4710 superioris,
2508 4643 2619 4698 illic
2646 4644 2807 4708 inest,
2833 4651 2884 4698 et
2913 4658 3060 4699 nunc
3088 4652 3299 4698 tantum
3323 4650 3572 4707 vocetur,
3606 4657 3753 4695 mor-

458 4737 600 4790 nivis
633 4733 895 4787 nitentem
916 4773 930 4797 ,
973 4734 1286 4802 limpidum,
1325 4733 1490 4787 tacite
1516 4743 1838 4789 currentem
1858 4774 1873 4798 ,
1902 4745 1956 4791 et
1993 4745 2053 4790 ut
2085 4735 2129 4794 D
2157 4732 2359 4787 talibus
2374 4734 2786 4789 accommodata
2799 4734 3160 4804 pulchrorum
3186 4735 3360 4790 sedes.
3390 4732 3532 4803 ignis
3554 4735 3754 4804 lingua:

459 4827 525 4880 ad
559 4825 788 4878 alterum
821 4840 971 4878 mare
1002 4840 1062 4879 se
1101 4831 1351 4893 agentem
1387 4824 1647 4878 deorsum
1696 4825 1752 4879 in
1785 4825 2059 4897 fulgentes

454 4917 751 4987 pavimenti
787 4916 1016 4987 lapides.
1046 4917 1229 4986 Ipsam
1264 4930 1394 4972 vero
1426 4925 1629 4972 terram
1657 4927 1712 4973 ct
1739 4920 2021 4975 terrestria
2043 4958 2059 4984 ,

456 5012 504 5067 si
537 5010 697 5075 velis,
734 5009 1045 5079 contempla
1072 5010 1318 5079 ipsorum
1350 5008 1595 5064 colorum
1629 5012 2063 5077 varietatem,'et

1532 5102 1763 5155 alterum
1824 5102 1913 5156 hic
1967 5104 2063 5158 de-

456 5195 718 5264 scriptum
755 5194 996 5259 hortum,
1020 5202 1137 5247 arte
1165 5193 1520 5256 dcliueatum,
1545 5194 1703 5249 ﬂores
1734 5196 2054 5265 expanden-

453 5101 890 5170 descriptiouum
945 5099 1455 5170 pulchritudinem;

458 5300 565 5343 tem
596 5303 704 5342 non
740 5294 985 5357 tempore
1015 5294 1331 5341 marcentes
1352 5327 1366 5351 ,
1396 5278 1447 5340 si
1488 5300 1615 5341 vero
1650 5288 1766 5356 ipsa
1797 5290 1921 5343 coeli
1969 5290 2049 5344 si-

454 5380 608 5442 dera,
645 5387 739 5433 aut
776 5381 1048 5449 sphaeram
1102 5377 1276 5447 ipsam
1336 5376 1461 5431 coeli
1510 5379 1834 5447 conspicere
1876 5380 2045 5448 velis,

454 5472 645 5527 oculos
685 5460 943 5537 intende;
993 5471 1220 5540 sphaerae
1250 5468 1559 5538 portionem
1606 5470 1790 5540 aspice
1825 5486 2045 5527 sursum

456 5580 705 5629 auream,
730 5564 903 5619 lucem
932 5564 1268 5619 emittentem
1304 5577 1579 5633 magnam,
1618 5563 1671 5617 in
1703 5580 1811 5633 qua
1848 5579 2047 5620 conve-

458 5658 617 5711 niunt
638 5672 829 5713 omnes
856 5657 1165 5727 lapillorum
1188 5655 1402 5712 colore-3
1432 5669 1601 5708 unum
1621 5670 1822 5726 corpus
1842 5655 2048 5712 coadu-

533 5837 577 5866 “
616 5836 741 5890 ἀλλ”
769 5838 890 5895 cod.
996 5842 1042 5871 ⁸⁸
1081 5841 1191 5906 Sic,
1242 5842 1366 5897 rort.
1401 5857 1501 5912 pro
1539 5841 1950 5912 παρανοοῦντα.

2160 4824 2458 4880 ostendunt
2493 4834 2548 4881 et
2581 4827 2884 4882 tonitruum
2916 4827 3104 4898 fragor
3134 4835 3194 4882 ut
3226 4842 3452 4881 omnem
3494 4826 3754 4897 impleant

2161 4916 2349 4971 orbem
2379 4917 2701 4974 tonantibus
2728 4919 2908 4974 verbis
2936 4919 3095 4989 ignea
3119 4919 3236 4973 haec
3261 4933 3379 4973 ora.

2909 5011 3001 5067 97.
3154 5078 3157 5081 δ

2236 5100 2393 5157 Nune
2421 5104 2654 5159 accessit
2683 5105 2748 5157 ad
2777 5104 2988 5158 leonem
3015 5104 3231 5169 lucifer,
3259 5113 3314 5162 et
3340 5107 3593 5162 musicos
3621 5119 3747 5160 can-

2165 5203 2254 5250 tus
2300 5195 2503 5251 cicadae
2560 5206 2843 5265 promunt.
2898 5196 3054 5252 Nune
3098 5208 3252 5268 pater
3299 5201 3514 5254 curavit
3569 5205 3747 5251 natum

2162 5288 2422 5343 accedere
2468 5298 2523 5343 et
2572 5289 2817 5344 musicos
2857 5288 2924 5345 ad
2970 5299 3165 5345 cantus
3206 5292 3438 5361 juvenes
3476 5288 3750 5346 excitavit.

2154 5378 2316 5436 Nunc
2347 5390 2399 5436 et
2428 5374 2669 5451 agricola
2703 5369 2973 5451 primitias
3011 5384 3261 5438 laborum
3306 5384 3497 5437 laetans
3535 5381 3645 5436 Deo
3674 5379 3755 5451 of-

2159 5473 2283 5541 fert,
2315 5482 2369 5529 et
2408 5476 2642 5529 multum
2671 5484 2873 5529 cantat.
2912 5475 3067 5530 Nunc
3096 5486 3277 5530 autem
3320 5484 3375 5530 tu
3409 5492 3494 5530 me
3519 5474 3756 5529 ollercn-

2160 5576 2268 5621 tem
2308 5568 2405 5621 has
2438 5579 2755 5623 sermonum
2788 5582 2985 5638 parvas
3024 5568 3299 5638 primitias
3348 5568 3621 5639 propitius
3661 5583 3756 5622 cx—

2160 5661 2299 5732 cipe.
2332 5661 2436 5716 Alii
2470 5662 2690 5734 quidem
2730 5662 2899 5718 estin
2942 5663 3050 5717 vita
3094 5663 3371 5735 egregium
3408 5679 3613 5734 genus,
3660 5662 3755 5718 alii
