4080 6418
363 426 469 494 953

441 536 551 591 Kal.
580 535 774 606 φθόνος
796 533 894 589 οὐκ
919 533 1102 602 ὀλίγος
1139 532 1330 604 ἔρρεον
1370 533 1434 586 ὲκ
1471 535 1760 604 στομάτων
1787 551 1802 565 ·

373 631 462 693 Ὣς
499 628 656 698 μόνος
693 622 764 698 ἦν
797 624 989 696 σοφίης
1017 623 1198 689 θάλος,
1219 619 1287 696 ἦν
1313 625 1359 676 δ’
1382 626 1580 696 Ἄρεος,
1598 625 1810 706 πρόμος
1833 620 1946 690 οἶος

437 715 752 786 Εὐκραδίως
789 715 951 786 μίξας
980 714 1105 772 νοῦν
1137 714 1299 784 σοφὸν
1330 714 1532 788 ἠνορέῃ
1556 732 1569 745 ·

375 810 439 864 Ἥ
468 809 513 864 δ’
543 808 733 880 ἁρετὴ,
770 807 961 879 κακίη,
993 809 1149 876 γένος
1183 806 1386 873 ἄθλιον,
1414 801 1459 862 ὦ
1498 807 1654 876 γένος
1695 807 1945 880 αἰσχρὸν,

435 899 743 961 Ούτιδανὸν,
778 899 1065 970 φθονερὸν,
1094 897 1392 952 ἀντίπαλον
1425 897 1643 968 σοφίης.

368 993 438 1046 Ἦ
463 991 702 1062 μαλακὸν
721 990 883 1062 σοφὸν
903 990 1168 1070 ἔμμεναι,
1187 991 1220 1062 ἢ
1246 991 1454 1062 ἄρρενα
1473 988 1706 1060 γνὼσιος
1729 990 1946 1064 ἐχθρὸν,

437 1075 565 1136 Ὧδε
601 1083 820 1138 κέλουσι
853 1081 962 1138 νέοι
997 1069 1292 1155 νομοθέται
1327 1069 1546 1156 κακίης.

369 1173 564 1230 Ἔνθεν
601 1175 783 1245 μωρὸς
807 1173 922 1244 ἐγὼ
959 1177 1056 1230 καὶ
1087 1176 1294 1248 πάτρια
1319 1175 1520 1246 θέσμια
1553 1175 1716 1242 λύων,

449 1266 539 1321 Ἐν
574 1269 781 1340 μωροῖς
809 1269 1012 1340 μωρὸς,
1053 1270 1460 1340 μαινομένοισιν
1487 1269 1701 1341 ἄφρων,

369 1360 546 1414 Πολλά
575 1361 812 1432 μόγησα,
845 1361 942 1416 καὶ
967 1359 1107 1434 αἷμα
1135 1361 1373 1444 κένωσα,
1401 1353 1594 1434 λύχνον
1617 1365 1668 1417 τ’
1695 1363 1786 1419 ἐπὶ
1809 1365 1949 1420 τοῖσι

447 1453 754 1526 Ἦμετέρου
785 1451 1090 1526 προμαχῶν
1124 1453 1330 1524 πλῆθος
1353 1457 1400 1488 ⁸⁸
1427 1459 1488 1510 ὲν
1525 1457 1806 1528 πολέμοις,

366 1545 658 1612 Θαύματος
700 1547 824 1601 ἀντὶ
861 1547 1080 1614 γέλωτα
1105 1547 1150 1601 δ’
1182 1547 1364 1618 δφλων
1397 1549 1494 1604 καὶ
1521 1551 1732 1605 ὀνείδεα
1757 1551 1949 1620 arma,

439 1635 760 1708 Σκώμματα
786 1640 838 1671 ⁸³
863 1639 1143 1711 εὐλογίης,
1168 1637 1365 1712 ὕὸριας
1391 1641 1514 1696 ἀντὶ
1555 1642 1770 1709 κλέους.

753 1773 874 1845 [κδ’.
915 1773 1016 1842 Ὠς
1037 1774 1110 1829 ἐκ
1140 1775 1249 1831 τοῦ
1273 1776 1566 1847 Λαζάρου.

375 1881 712 1954 Ὲδάκρυσας
734 1901 750 1916 ο
783 1884 978 1960 βροτὸς
1009 1888 1138 1960 γάρ.
1171 1889 1442 1960 Ἤγειρας
1461 1889 1634 1962 δέμας
1653 1906 1668 1927 ·

363 1975 498 2039 Θεὸς
521 1981 632 2048 γάρ
654 1979 815 2043 αὐτὸς
846 1980 942 2034 καὶ
977 1981 1116 2053 πνοὴ
1155 1981 1372 2036 πάντων
1398 1981 1556 2054 ἔφυς.

439 2069 699 2138 ’Λπνους,
727 2071 1003 2142 σεσηπὼς,
1035 2074 1274 2145 κειρίαις
1293 2073 1663 2146 ἐσφιγμένοῆ

368 2159 674 2229 Ἐμπνους,
705 2161 938 2229 νεάζων,
966 2163 1186 2220 ἅλλεται
1213 2167 1366 2237 φωνῇ
1407 2169 1566 2240 μόνῃ.

440 2251 651 2325 Ἀπνῳ,
683 2254 919 2318 λυθέντι,
947 2257 1188 2328 κειρίαις
1217 2258 1558 2331 ὲσφιγμένφ,

359 2343 542 2414 Λόγῳ,
583 2345 752 2418 πνοὴν
777 2346 945 2418 ρὤίν
977 2366 1038 2403 τε
1065 2349 1164 2404 καὶ
1194 2349 1352 2404 λύσιν
1387 2351 1552 2416 δίδου,

358 2433 578 2501 Ὄντως
597 2437 770 2508 Λόγος
801 2439 890 2508 σὺ,
915 2441 1011 2495 καὶ
1035 2441 1096 2496 τὸ
1129 2444 1242 2496 πᾶν
1263 2443 1466 2508 κτίζων
1493 2444 1660 2516 λόγῳ.

745 2555 880 2619 ριςν.
905 2549 1010 2617 Εἰς
1026 2549 1258 2620 ῥάϐδον
1281 2549 1562 2623 σιδηρᾶν.

367 2655 602 2720 Ῥάϐδος
639 2657 930 2730 προφήτης
954 2655 1024 2730 ἢν
1043 2657 1151 2731 ἔφη
1179 2659 1428 2734 σιδηρέα.

783 2771 790 2776 ·
1104 2759 1227 2808 atC'.

783 2771 790 2776 ·
1141 2771 1156 2806 ι
1193 2759 1227 2808 '.

365 2841 537 2910 Τρεῖς
575 2837 693 2896 οῖδα
723 2821 977 2916 πρώτους
1002 2753 1448 2920 τῆςρέτιστήμης
1478 2839 1708 2914 στύλους

375 2933 784 3006 Ἀριστοτέλην,
807 2936 1092 3005 Πλάτωνα,
1106 2937 1456 3012 Πυθαγόραν.

434 3070 518 3126 Ad
549 3071 688 3128 bella
727 3071 1060 3143 praeferens;
1110 3087 1370 3145 magnum
1421 3075 1568 3132 enim
1599 3085 1654 3132 et
1696 3076 1950 3133 divinum

1675 422 2022 482 CARMINA
2057 421 2311 481 VARIA.

1975 539 2028 597 A

2473 531 2598 604 ριη⁰.
2623 531 2724 596 Εὶς
2751 529 2868 598 τὴν
2901 531 3213 586 Θεοτόιίον.

2050 645 2162 713 Τὴν
2193 642 2464 712 παρθένον
2493 643 2588 694 καὶ
2618 641 2778 711 σῶμα
2807 641 2905 694 καὶ
2935 640 3034 711 τὴν
3063 639 3300 709 καρδίαν
3341 637 3344 640 “

1937 735 1942 740 ’
2059 733 2124 788 ’0
2157 732 2318 802 σῶμα
2341 731 2438 786 καὶ
2461 730 2586 784 νοῦν
2622 732 2738 793 τοῖς
2770 730 2951 792 πόνοις
2977 728 3322 799 ἐφθαρμένος

2061 825 2316 894 Ἰωάννης
2350 823 2592 894 ἔγραψεν
2621 823 2794 892 ἄμφω
2819 821 3104 892 ῥωννύειν.

2049 917 2094 972 Χ
2104 915 2289 988 ρυσὸς,
2305 914 2460 986 ⁸λίθοι
2480 914 2608 986 γῆς·
2627 915 2664 985 ἡ
2691 913 2750 968 δὲ
2771 914 2962 984 τέχνη,
3002 911 3121 978 σοῦ,
3150 911 3316 980 Λόγε.

2783 1003 2910 1075 ριθ’.

2053 1101 2164 1169 Τῆς
2188 1100 2293 1170 γῆς
2313 1098 2386 1154 τὰ
2409 1097 2626 1170 τερπνὰ
2659 1098 2756 1152 καὶ
2784 1097 2854 1152 τὰ
2878 1095 3110 1168 λαμπρά
3131 1095 3246 1150 τῶν
3271 1093 3386 1150 ἄνω

2053 1195 2148 1258 Εἰς
2181 1191 2240 1246 ἓν
2269 1192 2530 1268 κεράσας,
2553 1189 2878 1264 Δημιουργὲ⁴
2901 1190 3018 1244 τῶν,
3039 1190 3188 1246 ὅλων.
3315 1213 3322 1216 -

2054 1285 2150 1356 (Σὺ
2177 1285 2288 1354 γὰρ
2317 1285 2448 1355 συνή
2461 1291 2610 1354 ργεις
2631 1283 2806 1338 ταῦτα
2823 1282 2902 1352 τῷ
2921 1282 3000 1352 σῷ
3021 1279 3288 1351 Νικήτᾳ),

2057 1378 2254 1432 Ἀλλον
2281 1378 2444 1430 πόλον
2468 1375 2722 1440 τέθεικας
2749 1379 2811 1430 ὲν
2835 1378 2908 1446 γῇ
2944 1376 3036 1428 τὺν
3067 1375 3254 1444 δόμον,

2065 1469 2156 1537 Ἐξ
2193 1469 2438 1538 ἀστέρων
2469 1466 2610 1538 φῶς,
2637 1467 2704 1520 ἐκ
2730 1465 2788 1520 δὲ
2817 1466 2919 1536 τῆς
2949 1465 3054 1536 γῆς
3087 1466 3138 1517 οἱ
3161 1463 3322 1516 λίθοι.

2123 1563 2191 1618 Τί
2223 1563 2317 1618 καὶ
2347 1563 2511 1637 τίν-ων
2539 1563 2770 1632 εἴληφας
2797 1563 2877 1625 εἰς
2911 1559 3109 1622 κάλλος
3147 1555 3381 1627 δόμεν,⁶³

2067 1658 2165 1712 Ἐκ
2188 1656 2294 1727 γῆς
2318 1657 2418 1726 μὲν
2447 1655 2603 1728 ὓλην,
2627 1639 2688 1708 ἐκ
2719 1654 2776 1707 δὲ
2798 1651 2895 1706 τοῦ
2932 1651 3100 1728 πόλου
3133 1649 3358 1720 τέχνην.

2129 1749 2287 1812 Τίνος
2320 1767 2380 1803 σε
2407 1749 2530 1819 χεὶρ
2555 1749 2772 1820 ηγειρε,
2805 1747 2902 1802 καὶ
2931 1745 3106 1818 δῶρον
3139 1737 3286 1816 τίνιξ

2056 1841 2250 1906 Πόθος,
2287 1841 2524 1910 Νικὴτα,
2555 1838 2634 1910 τῷ
2655 1837 2948 1908 κρατοῦντι
2985 1836 3096 1890 τῶν
3119 1833 3282 1888 ὅλων.

1982 1907 2027 1964 Β
2127 1935 2203 1989 Οὐ
2237 1934 2358 2005 χεὶρ
2373 1907 2832 2012 λιθουργός,ούδὲ
2870 1933 3055 2002 χεῖρες
3094 1925 3424 1998 ζωγράφου·

2055 2027 2154 2099 Σὴ,
2181 2024 2516 2098 Δημιουργὲ,
2546 2025 2669 2096 χεὶρ
2699 2024 2792 2079 ml
2824 2025 2906 2092 σὴ
2929 2019 3116 2092 τέχνη

2055 2119 2152 2182 Εἰς
2176 2118 2235 2172 ἓν
2263 2117 2332 2172 τὰ
2361 2117 2536 2186 κάλλη
2560 2116 2668 2170 τῶν
2699 2115 2836 2170 ὅλων
2868 2114 3182 2186 κεραννύει.

2056 2210 2236 2265 Λίθων
2266 2209 2364 2280 μὲν
2392 2209 2564 2280 αὐγὴ,
2591 2209 2709 2278 φῶς
2742 2207 2984 2262 δοκεῖται
3020 2207 3286 2274 ἀστέρων,

2068 2303 2226 2374 Ἃψὶς
2250 2304 2310 2357 δὲ
2337 2304 2542 2374 χρυσῆ,
2574 2301 2685 2374 πῦρ
2713 2302 2773 2356 τὸ
2796 2300 3052 2372 λαμπρὸν
3082 2298 3324 2370 αἰθέρρςν

2054 2395 2246 2466 Ψηφὶς
2267 2395 2324 2449 δὲ
2346 2395 2555 2468 τερπνὴ
2588 2395 2684 2448 καὶ
2710 2394 2858 2466 βαφὴ
2881 2385 3336 2463 ’τῶνχρωμάτωῃ

2057 2475 2282 2558 Λειμών
2311 2503 2396 2550 τις
2415 2475 2585 2551 ’ἄλλος
2607 2480 2852 2558 γραπτδς
2885 2485 3073 2540 ἄνθεσι
3102 2480 3285 2553 βρύων

2070 2579 2136 2632 'H
2169 2577 2280 2635 τῶν
2303 2579 2490 2633 τόπων
2508 2579 2675 2650 τέχνη
2707 2577 2766 2632 δὲ
2795 2579 2924 2649 νικᾷ
2952 2577 3050 2647 τὴν
3084 2573 3272 2644 φύσιν,

2053 2672 2163 2726 Καὶ
2186 2671 2372 2742 σχῆμα
2400 2671 2496 2727 καὶ
2525 2671 2737 2743 κίνημα
2766 2671 2862 2724 καὶ
2897 2669 3118 2740 βλέμμα
3149 2665 3379 2736 γράφει.

2053 2765 2166 2818 Καὶ
2196 2764 2418 2836 πνεῦμα
2447 2763 2864 2836 μικροῦ,-τοῦτο
2890 2763 2936 2818 δ’
2959 2764 3059 2816 οὐκ
3087 2745 3199 2832 Eia
3244 2759 3407 2830 μόνον

2060 2857 2203 2929 Ὄρη
2235 2858 2468 2930 μεθιστᾷ
2499 2849 2705 2925 πίστις,
2743 2859 2928 2927 ἔργοις
2956 2855 3051 2909 νῦν
3086 2855 3290 2925 βλέπω.

2057 2949 2158 3002 Σοῦ
2183 2949 2292 3021 γὰρ
2313 2950 2538 3023 λάτρου,
2568 2952 2807 3024 Νικήτα,
2836 2949 3062 3020 φίλτρον
3083 2947 3180 3002 καὶ
3208 2945 3394 3010 πόθος,

2793 3085 2946 3164 117,
3005 3139 3017 3146 _

361 3163 642 3233 quoddam
676 3173 810 3221 tunc
843 3166 1032 3222 multis
1080 3165 1300 3223 invidia:
1334 3183 1500 3224 causa
1530 3169 1828 3224 admodum
1856 3183 1949 3241 ap-

2136 3179 2273 3236 Tres
2313 3181 2436 3235 novi
2462 3163 2972 3252 primas'scicntia:
3015 3178 3322 3242 columnas,
3374 3173 3650 3230 Aristote-

364 3257 648 3327 parebant.

437 3347 572 3404 Inde
600 3349 742 3404 mala
773 3349 958 3419 lingua
993 3359 1048 3404 et
1091 3349 1345 3406 infensus
1400 3349 1602 3420 incepit
1637 3347 1878 3418 daemon,
1901 3359 1957 3406 et

366 3439 574 3496 invidia
604 3455 711 3494 non
741 3441 873 3497 levis
902 3457 968 3496 ex
997 3442 1188 3496 oribus
1217 3441 1449 3496 ellluxit.

444 3533 516 3589 Ut
556 3534 706 3590 solus
736 3546 855 3589 erat
902 3536 1190 3605 sapientia:
1219 3553 1428 3603 ramus,
1471 3539 1576 3596 fuit
1605 3539 1770 3593 etiam
1805 3538 1957 3594 solus

366 3627 585 3682 militiae
621 3626 896 3696 princeps,
940 3636 1066 3698 apte
1093 3629 1333 3686 miscens
1367 3639 1606 3685 mentem
1650 3629 1958 3698 sapientem

366 3719 710 3775 fortitudine.

437 3811 633 3868 Virtus
666 3821 876 3878 autem,
907 3813 1122 3877 vitium,
1149 3826 1321 3882 genus
1353 3811 1558 3874 nobile.
1589 3825 1762 3882 genus
1792 3811 1958 3868 inde-

363 3917 588 3970 eorum,
619 3903 746 3966 vile,
789 3917 1043 3966 exosum,
1085 3903 1132 3958 si
1155 3901 1440 3973 sapientia:
1459 3901 1810 3957 adversatur.

441 3995 538 4050 Vel
565 3996 785 4050 mollem
826 3994 1133 4064 sapientem
1173 4007 1318 4058 esse,
1345 3991 1430 4047 vel
1452 3999 1742 4046 strenuum
1773 3992 1960 4048 scien-

367 4086 459 4140 tiae
492 4086 806 4151 inimicum,
862 4084 952 4139 hic
989 4083 1182 4154 jubent
1223 4082 1350 4138 novi
1403 4082 1668 4153 nequitiae
1723 4082 1950 4152 legisla-

370 4189 540 4237 tores.

441 4273 574 4327 Inde
603 4273 812 4327 stultus
845 4286 967 4343 ego,
999 4280 1052 4327 et
1081 4271 1258 4342 patria
1291 4271 1419 4342 jura
1451 4270 1700 4336 volvens,
1729 4268 1786 4324 in
1819 4277 1960 4326 stu:-

371 4371 444 4426 tis
475 4369 699 4432 stultus,
727 4368 778 4420 in
821 4367 1030 4421 insanis
1073 4367 1327 4420 insanus.

443 4457 612 4515 Multa
666 4475 862 4530 passus
915 4475 1059 4524 sum,
1113 4459 1436 4528 sanguinem
1487 4461 1626 4528 fudi,
1667 4463 1758 4520 his
1783 4462 1958 4522 vitam

373 4565 578 4610 nostra:
616 4555 795 4624 gentis
826 4553 880 4606 in
917 4552 1068 4606 bellis
1091 4551 1432 4618 defendens;

445 4645 552 4702 Pro
586 4644 951 4699 admiratione
981 4641 1152 4696 risum
1182 4644 1438 4699 obtinens
1476 4653 1531 4699 et
1567 4645 1800 4716 injurias
1829 4663 1958 4704 sor-

374 4737 528 4802 titus,
565 4750 665 4806 pro
711 4731 1192 4788 benedictionibus
1245 4733 1558 4801 irrisiones,
1603 4751 1705 4806 pro
1745 4736 1956 4794 honore

373 4829 797 4887 contumeliam.

876 4919 1000 4974 “5.
1039 4917 1108 4975 Ut
1133 4935 1200 4976 ea:
1234 4917 1468 4978 Lazaro.

433 5005 686 5078 Flevisti,
706 5011 950 5066 mortalis
969 5011 1116 5066 enim
1145 5025 1234 5078 es;
1267 5009 1802 5082 suscitasticorpus,
1831 5027 1958 5068 nam

375 5103 524 5160 Deus
550 5103 668 5174 ipse
687 5110 740 5158 et
767 5103 1014 5158 omnium
1041 5103 1150 5158 vita
1189 5117 1272 5158 es.

446 5195 736 5263 lnanimis,
762 5195 1130 5267 putrefactus,
1155 5195 1345 5252 fasciis
1379 5195 1702 5265 involutus;
1739 5195 1956 5262 vivens.

377 5285 822 5360 rejuvenescens,
848 5289 1090 5343 exsultat
1119 5304 1230 5362 una
1257 5303 1416 5344 voce.

447 5377 704 5445 lnanimi,
730 5379 1021 5447 dissoluto,
1042 5379 1238 5444 fasciis
1265 5381 1532 5448 involuto,
1559 5381 1728 5438 verbo
1765 5383 1960 5449 vitam,

2062 3275 2196 3342 lem,
2227 3275 2542 3345 Platonem,
2575 3277 2966 3348 Pythagoram.

2579 3389 2698 3446 118.
2733 3390 2796 3446 In
2821 3389 3106 3456 Deiparam
3117 3427 3130 3442 .

2138 3500 2418 3572 Virginem
2449 3515 2683 3570 corpore
2725 3510 2780 3554 et
2812 3500 2997 3562 corde,
3033 3499 3126 3567 qui
3157 3506 3390 3550 amntem
3439 3501 3494 3549 et
3523 3507 3650 3547 cor-

2061 3613 2167 3669 pus
2202 3593 2492 3668 laboribus
2529 3601 2922 3663 consumptum
2959 3590 3196 3646 habebat
3227 3587 3468 3642 Joannes
3507 3585 3642 3639 scri-

2063 3690 2173 3762 psit
2201 3697 2437 3758 utroque
2487 3687 2699 3752 valere;
2731 3701 2954 3752 aurum,
3001 3695 3160 3740 terrm
3220 3681 3466 3753 lapides;
3509 3693 3648 3750 opius

2067 3791 2249 3839 autem
2293 3790 2450 3836 tuum
2489 3789 2594 3846 est,
2628 3775 2890 3834 Verbum.

2804 3894 2946 3950 119.-

2137 3990 2326 4047 Terrae
2349 3991 2598 4061 jucunda
2641 3999 2698 4046 et
2747 3988 2874 4046 ραιιὶ
2929 3985 3220 4056 magniﬁca
3248 3983 3304 4038 in
3335 3995 3506 4036 unum
3545 3978 3650 4032 mi-

2065 4083 2284 4147 scuisti,
2321 4084 2710 4138 universorum
2739 4080 2987 4135 Creator.
3019 4076 3155 4131 Nam
3193 4085 3249 4129 tu
3279 4075 3392 4127 haec
3426 4085 3656 4136 congre-

2063 4176 2204 4246 εοεῑί
2241 4176 2294 4230 in
2329 4183 2424 4230 tuo
2453 4173 2666 4236 Niceta.
2700 4171 2860 4226 Aliud
2888 4169 3091 4225 cmlum
3137 4163 3382 4222 statuisti
3409 4163 3462 4216 in
3509 4169 3656 4214 terra

2065 4269 2208 4324 hanc
2236 4268 2574 4332 domnm,'ex
2592 4265 2762 4322 astris
2797 4265 3007 4328 lumen,
3049 4276 3080 4314 e
3120 4267 3266 4314 terra
3293 4264 3476 4311 autem
3509 4251 3652 4322 lapi.

1983 4407 1986 4410 .
2065 4363 2162 4420 des
2199 4370 2348 4418 sunt.

2141 4453 2282 4522 Qnid
2326 4425 2670 4524 elequibus
2719 4447 3006 4520 sumpsiSti
3056 4445 3124 4502 ad
3181 4437 3652 4516 pulchritudinem

2001 4535 2044 4592 D
2069 4547 2304 4608 domus?
2332 4549 2372 4603 E
2403 4556 2553 4603 terra
2612 4545 2832 4618 quidem
2888 4539 3196 4604 materiam,
3240 4551 3272 4590 e
3298 4531 3439 4590 cmlo
3471 4537 3656 4586 autem

2069 4655 2266 4699 artem.

2139 4731 2444 4803 Cujusnam
2495 4738 2550 4784 te
2577 4741 2774 4782 manus
2829 4722 3125 4804 exstruxit,
3173 4729 3230 4774 et
3279 4717 3369 4774 cui
3407 4708 3654 4770 donum?

2069 4841 2227 4883 amor
2255 4823 2461 4879 Niceta:
2493 4821 2874 4877 universorum
2903 4809 3260 4872 dominatori.

2144 4919 2264 4975 Non
2307 4932 2504 4972 manus
2533 4913 2786 4986 lapidarii
2829 4926 2930 4967 nec
2979 4923 3176 4965 manus
3237 4903 3492 4990 pictoris;
3544 4907 3660 4964 tua,

2071 5015 2322 5078 Creator,
2349 5023 2549 5066 manus
2579 5017 2633 5062 et
2655 5023 2746 5062 ars
2775 5005 2830 5060 in
2865 5019 3038 5060 unum
3070 5001 3316 5055 omnium
3345 4994 3658 5068 pulchritu-

1989 5137 1992 5143 -
2069 5108 2226 5162 dines
2263 5105 2474 5161 miscet.
2507 5101 2774 5170 Lapidum
2810 5096 3031 5166 quidem
3065 5095 3234 5156 nitor,
3297 5091 3386 5144 lux
3435 5085 3654 5140 videtur

2065 5207 2386 5262 astrorum;
2434 5192 2654 5249 testudo
2699 5199 2886 5244 autem
2921 5179 3122 5250 aurea,
3169 5183 3313 5254 ignis
3359 5175 3662 5250 splendens

2073 5289 2324 5352 aetheris;
2365 5285 2607 5354 jucunda
2655 5282 2963 5352 lapillorum
3030 5279 3266 5332 varietas
3315 5283 3372 5328 et
3409 5271 3660 5325 colorum

2069 5385 2272 5455 fulgor,
2303 5383 2496 5436 hortus
2546 5377 2770 5449 quidam
2827 5383 2914 5430 est
2953 5371 3122 5426 variis
3162 5366 3394 5424 ﬂoribus
3452 5363 3656 5432 pictus.

382 5473 621 5544 vigorem
661 5485 714 5528 et
743 5474 1056 5530 libertatem
1089 5473 1256 5542 dona,
1284 5489 1413 5530 vere
1441 5475 1588 5530 enim
1630 5475 1870 5532 Verbum
1899 5492 1964 5534 es
2081 5478 2410 5548 Figurarum
2449 5487 2542 5526 ars
2592 5480 2845 5524 naturam
2885 5464 3078 5528 vincit,
3104 5469 3158 5515 et
3212 5459 3481 5516 habitum,
3544 5469 3666 5508 mo-

382 5571 437 5621 et
463 5565 646 5620 omnia
677 5565 841 5622 verbo
864 5581 1084 5622 creans.

804 5659 932 5716 “6.
973 5660 1038 5716 In
1070 5661 1272 5732 virgam
1294 5663 1539 5732 ferream.

451 5751 620 5825 Virga
651 5770 815 5824 quam
849 5756 1030 5827 inquit
1056 5757 1344 5827 prepheta,
1371 5757 1570 5812 ferrea.

453 5893 496 5926 ⁸¹
533 5892 764 5964 πλήθεος
792 5895 894 5965 leg.

975 5895 1019 5928 “
1046 5893 1182 5950 (iud.
1225 5894 1538 5964 σκόμματα.
1617 5892 1660 5922 ⁵³
1693 5893 1775 5946 An
1813 5891 2034 5962 δόμωνῒ

2083 5577 2220 5631 tum,
2254 5573 2537 5635 aspectum
2571 5561 2755 5624 refert,
2792 5571 2846 5614 et
2893 5557 3060 5612 vitam
3103 5554 3238 5618 fere,
3277 5551 3328 5604 id
3371 5563 3502 5603 vero
3547 5561 3660 5600 non

2082 5661 2258 5718 solum
2311 5658 2495 5713 habet.
2547 5655 2756 5710 Montes
2806 5647 3072 5706 transfert
3121 5647 3254 5701 fides
3285 5685 3300 5709 ,
3353 5655 3500 5696 mane
3531 5651 3662 5705 ope-

2081 5755 2234 5810 ribus
2261 5751 2442 5807 video.
2474 5747 2578 5804 Tui
2624 5746 2770 5803 enim
2797 5743 2940 5800 servi
2985 5741 3185 5796 Niceta:
3228 5751 3384 5792 amor
3434 5743 3486 5788 et
3521 5729 3661 5802 phil-
