4080 6456
453 578 561 629 Καὶ
588 576 712 638 τοὺς
740 575 971 644 τρόπους
1004 571 1201 635 ἔδειξεν
1223 571 1297 631 ὡς
1334 570 1544 631 ζῶντας
1575 567 1815 637 βλέπειν,

460 667 570 720 Καὶ
600 667 727 729 τοὺς
760 664 941 726 λίθους
965 664 1181 715 ἔπεισεν
1204 662 1494 729 ἀστραπὰς
1530 659 1737 729 φέρειν,

456 758 566 811 Καὶ
596 756 773 810 πάντα.
801 755 901 823 σῆς
939 752 1201 822 μετέσχεν
1224 751 1440 821 αῐγλης,
1472 751 1676 821 Χριστέ
1713 768 1835 820 μου.

788 860 892 926 ρκ’.
924 856 1025 918 Εἰς
1056 854 1164 906 τὸν
1186 852 1356 921 ἅγιον
1387 851 1709 918 Θεόδωρον.

466 966 681 1034 Ῥήτορ,
721 963 1013 1034 στρατηγὲ,
1059 963 1288 1033 μάρτυς,
1325 962 1580 1032 ἀνδρείας
1603 960 1764 1024 τύπε,

458 1055 715 1123 Ἀγαλμα
747 1053 1000 1117 κάλλους,
1028 1052 1239 1123 ἀρετῶν
1274 1053 1463 1122 κρᾶμα
1504 1051 1671 1117 ξένον,

454 1146 544 1196 Σοὶ
587 1145 759 1197 πάντα
780 1144 950 1212 τάμά,
979 1145 1061 1197 σοὶ
1092 1144 1282 1214 πνοὴν,
1316 1146 1399 1196 σοὶ
1428 1144 1553 1207 τοὺς
1585 1144 1793 1211 λόγους,

454 1238 540 1290 Σοὶ
578 1237 759 1306 χειρὸς
788 1235 968 1306 ἄρσιν,
1002 1237 1085 1289 σοὶ
1116 1236 1362 1304 πορείαν,
1391 1236 1474 1288 σοὶ
1497 1235 1709 1303 στάσιν,

464 1327 712 1396 Ἰωάννης
742 1326 946 1390 δίδωσι,
982 1328 1064 1380 σοὶ
1088 1327 1157 1380 τά
1181 1328 1360 1380 πάντα
1386 1344 1498 1396 μοι,

449 1416 648 1481 Φύλαξ,
680 1416 892 1488 όδηγὸς,
920 1417 1211 1487 σύμμαχος
1240 1416 1418 1485 γένοιό
1456 1434 1567 1486 μοι.

912 1530 1053 1596 ρκα¹.
1102 1524 1239 1593 Περὶ
1270 1526 1570 1595 γυναικός.

451 1634 710 1688 Θάλασσα
741 1632 835 1687 καὶ
866 1634 975 1704 πῦρ
997 1636 1089 1687 καὶ
1112 1634 1248 1704 γυνὴ
1278 1635 1447 1687 κακὸν
1471 1631 1676 1702 τρίτον.

469 1725 608 1793 Ἐγὼ
636 1726 693 1778 δέ
724 1742 867 1795 φημι
890 1726 1105 1795 πρῶτον
1133 1726 1164 1794 ή
1195 1726 1337 1793 κακὴ
1363 1725 1569 1777 κακῶν.

453 1816 567 1885 Τῆς
590 1816 634 1870 δ’
658 1812 724 1871 αὖ
761 1816 932 1886 καλῆς
971 1816 1256 1869 κάλλιστον
1290 1816 1442 1869 οὐδὲν
1475 1816 1532 1867 ἐν
1560 1813 1682 1884 βίῳ.

1188 1908 1326 1977 ρκβ’.

456 1998 614 2072 Εἶχον
640 2000 731 2054 τὸν
752 2001 918 2072 ἀγρὸν
947 2002 1151 2072 ἡδονῶν
1183 2002 1226 2034 εδ
1251 2019 1303 2054 τι
1334 2001 1535 2072 χωρίον

468 2094 638 2157 Ἰδεῖν,
672 2097 888 2161 φαγεῖν,
913 2096 1057 2147 πιεῖν
1078 2112 1155 2158 τε,
1178 2093 1476 2163 τερφθῆναι
1502 2093 1678 2163 μέλει.

466 2185 606 2237 Ἀλλ’
630 2185 701 2248 ὼς
734 2186 823 2239 τὸν
851 2186 1012 2253 ἁγνὸν
1042 2186 1168 2239 ναὸν
1194 2182 1331 2238 εἶδον
1356 2186 1673 2256 Παρθένου,“

453 2279 634 2332 Μέσον
660 2281 852 2331 πατεῖν
881 2278 1035 2342 ἔδοξα
1065 2279 1153 2330 τὸν
1183 2277 1434 2349 λαμπρὸν
1466 2278 1650 2333 πόλον.

829 2387 967 2458 ρκγ’.
992 2389 1092 2453 Εἰς
1121 2387 1414 2457 σαρκικὸν
1437 2387 1648 2457 ἔρωτα.

454 2496 518 2550 El
539 2496 671 2566 πυρλ
700 2495 810 2567 πῦρ
835 2496 1063 2562 ἐπάγεις
1086 2496 1330 2567 βρόμιον,
1359 2498 1507 2568 μάλα
1533 2497 1728 2551 πολλὸν
1750 2499 2028 2563 άνάπτεις·

525 2590 589 2641 Εί
615 2591 671 2642 δὲ
706 2592 857 2660 πόθῳ
890 2591 1111 2657 σαρκὸς,
1142 2591 1283 2645 θεῖον
1318 2591 1731 2659 ἀποσϐεννύεις.

458 2679 638 2747 Ἔρως
673 2680 701 2731 ὁ
736 2679 903 2740 δεινὸς
931 2680 1187 2748 ἐκτυφλοῖ
1217 2698 1318 2749 μου
1341 2681 1439 2744 τάς
1480 2682 1684 2752 φρένας
1709 2699 1722 2712 ’

468 2772 606 2827 Ἀλλ’
631 2772 899 2843 αἰθριάζει
932 2772 1021 2835 σὸς
1050 2773 1211 2835 πόθος
1246 2790 1333 2843 με,
1359 2775 1565 2845 Χριστέ
1599 2793 1722 2844 μου.

791 2879 925 2949 ρκδ’.
959 2882 1058 2947 Εἰς
1092 2880 1200 2935 τὸν
1238 2880 1349 2950 τῆς
1375 2883 1685 2951 τραπέζης.

456 2991 569 3060 Τῆς
606 2992 709 3061 γῆς
745 2992 773 3043 ό
806 2992 1012 3062 κόσμος
1044 2995 1070 3046 ὁ
1100 2992 1304 3059 γλυκὺς
1336 2995 1747 3059 Κωνσταντῖνος

469 3086 735 3139 Ἐνταῦθα
759 3088 953 3149 κεῖται,
998 3086 1100 3154 φεῦ
1126 3086 1288 3148 πόσος
1313 3087 1326 3140 l
1358 3086 1553 3157 φρένες
1583 3088 1783 3140 πόσαιῖ

526 3178 765 3251 Πτωχῶν
788 3178 1056 3250 τράπεζα,
1086 3178 1361 3233 δεσποτῶν
1389 3182 1422 3249 ὴ
1465 3181 1784 3252 φαιδρότης,

458 3363 603 3409 trum
634 3363 687 3410 et
732 3354 932 3425 ﬁguras
966 3356 1209 3411 ostendit
1240 3366 1299 3411 nt
1336 3356 1584 3411 viventes
1631 3356 1835 3420 videre,
1867 3365 1919 3410 et
1948 3357 2031 3409 la-
2060 3363 2101 3421 ο

456 3446 613 3517 pides
643 3446 822 3517 coegit
850 3448 1065 3517 fulgura
1118 3449 1432 3514 immittere,
1473 3457 1528 3503 et
1580 3448 1839 3503 omnibus
1879 3460 2030 3502 tuum

456 3539 645 3595 tribuit
665 3540 1034 3609 splendorem,
1091 3539 1307 3595 Christe
1342 3542 1435 3595 mi.

817 3650 938 3704 120.
975 3651 1040 3705 1η
1063 3661 1299 3705 sanctum
1326 3651 1675 3707 Theodorum.

526 3759 757 3820 Rhetor,
818 3760 951 3825 dux,
1017 3770 1247 3830 martyr,
1316 3759 1659 3815 fortitudinis
1734 3762 2034 3831 exemplar,

457 3850 883 3921 pulchritudinis
921 3859 1169 3911 ornatus,
1202 3852 1468 3905 virtutum
1517 3852 1861 3906 admirabilis
1901 3869 2034 3907 eou-

454 3943 689 4011 iunctio,
734 3943 827 3996 tibi
860 3958 978 3996 mea
1009 3945 1217 4008 omnia,
1251 3944 1349 3996 tibi
1374 3944 1564 4007 vitam,
1595 3944 1693 3997 tibi
1721 3959 2028 4006 sermones,

456 4036 559 4091 tibi
602 4052 795 4091 manus
859 4046 1093 4102 motum,
1146 4037 1243 4090 tibi
1290 4052 1561 4106 gressum,
1607 4036 1704 4089 tibi
1740 4036 2035 4089 stationem

454 4125 694 4181 Joannes
722 4126 899 4189 θίγοι-ι,
924 4127 1021 4180 tibi
1055 4143 1171 4181 mea
1200 4128 1415 4193 omnia;
1443 4137 1655 4192 custos,
1686 4127 1821 4191 dux,
1848 4127 2039 4180 defen-

458 4233 554 4273 SOI‘
583 4234 740 4274 meus
768 4228 905 4273 esto.

988 4326 1110 4379 121.
1155 4326 1230 4380 De
1267 4327 1507 4381 muliere.

529 4432 698 4499 Mare,
750 4434 889 4503 ignis
914 4443 967 4488 et
1010 4435 1205 4489 mulier
1227 4446 1355 4491 sunt
1378 4437 1518 4489 mala
1551 4436 1677 4490 tria.
1708 4436 1820 4507 Ego
1852 4446 2034 4493 autem

459 4522 583 4577 dico
607 4524 841 4591 primum
880 4525 1143 4577 malorum
1178 4526 1373 4578 malam
1424 4525 1715 4580 mulierem
1771 4542 1914 4592 esse,
1944 4526 2038 4583 sed

462 4613 703 4669 vicissim
736 4614 878 4669 bona
916 4616 1051 4669 nihil
1084 4632 1205 4671 esse
1243 4618 1514 4672 meliusin
1549 4619 1774 4672 rmtndo.

1203 4723 1320 4778 122.

534 4832 809 4886 llahcbam
850 4834 1187 4902 voluptatum
1227 4834 1394 4888 latum
1432 4834 1722 4905 quemdam
1750 4850 2031 4906 campum,

464 4926 668 4988 videre,
690 4926 999 4991 comedere,
1030 4927 1215 4981 bibere
1247 4937 1300 4981 et
1326 4928 1586 4982 delectari
1611 4939 1796 4981 cantu.
1823 4928 1924 4981 Sed
1955 4927 2043 4981 ubi

464 5033 662 5086 purum
720 5019 825 5071 vidi
884 5020 1141 5087 templum
1196 5019 1455 5090 Virginis,
1509 5020 1758 5075 tnedium
1827 5021 2049 5091 calcare

463 5111 753 5179 splendens
789 5115 987 5166 coelum
1022 5123 1173 5168 ratus
1192 5130 1335 5169 sum.

846 5223 968 5277 125.
1013 5222 1077 5277 1η
1101 5223 1370 5277 carnalem
1393 5238 1649 5277 antorem.

535 5329 592 5382 Si
622 5329 731 5398 igni
777 5330 1096 5384 alimenfum
1138 5331 1317 5399 ignem
1371 5330 1603 5399 praebes,
1657 5328 1829 5382 multo
1869 5325 2043 5396 magis

465 5420 795 5485 incenditur,
820 5422 863 5475 si
900 5431 1078 5475 autem
1103 5424 1273 5475 amori
1319 5425 1523 5487 carnis,
1548 5422 1794 5475 divinum
1834 5419 2035 5473 restin-

466 5511 608 5580 guis.

535 5603 700 5655 Amor
751 5619 929 5658 szevus
979 5606 1223 5659 ohcmcat
1268 5606 1402 5659 mihi
1463 5615 1732 5672 mentem;
1784 5607 1877 5661 sed
1915 5616 2039 5661 tuus

468 5706 552 5745 me
584 5692 854 5747 illuminat
880 5710 1052 5761 amor,
1088 5696 1301 5751 Christe
1333 5697 1426 5750 mi.

543 5870 583 5900 ⁶⁴⁵
617 5871 747 5923 C0].
781 5873 1021 5940 ἠδωνῶν.

1714 457 2029 518 JOANNIS
2058 455 2263 515 GEOM
2272 455 2366 514 ET
2376 456 2491 513 [UE

3593 444 3705 506 956

2057 572 2094 627 Α
2130 567 2346 634 Κόσμος
2381 563 2680 630 δυναστῶν,
2711 563 2915 627 τάξεων
2950 559 3243 631 εὐρυθμία,

2130 658 2252 710 Τῶν
2285 656 2496 727 ἀρετῶν
2526 656 2892 725 πρόγραμμα,
2916 654 3025 707 τῶν
3054 653 3236 706 καλῶν
3272 652 3417 720 ὅρος,

2139 751 2360 821 Ῥώμης
2388 750 2450 803 τὸ
2483 749 2703 813 κάλλος,
2726 750 2854 815 δόξα
2876 748 2984 801 τῶν
3022 746 3348 817 πατρικίων,

2131 843 2242 911 Τὴν
2270 842 2538 912 κοσμικὴν
2569 840 2829 909 σύγχυσιν
2856 839 2929 901 ὡς
2952 838 3092 907 ἔγνω
3117 838 3303 903 πάλιν,

2144 932 2412 1000 ’Λπῆλθεν
2442 932 2604 993 εὐθὺς
2630 933 2657 984 ὁ
2681 931 2885 999 γλυκὺς
2916 932 3347 996 Κωνσταντῖνος,

2144 1024 2295 1077 Ἰδεῖν
2324 1024 2392 1078 τὰ
2430 1024 2605 1094 πικρὰ
2648 1023 2721 1093 μὴ
2752 1022 2987 1093 θελήσας
3025 1021 3119 1073 τοῦ
3157 1021 3296 1091 βίου.

2511 1146 2645 1211 ρκε’.
2676 1140 2777 1205 Εἰς
2808 1138 2923 1207 τὴν
2953 1139 3316 1209 ἀποδημίαν.

2146 1254 2233 1305 Ἐν
2262 1251 2394 1322 μηνὶ
2419 1250 2643 1320 Δύστρῳ
2676 1250 2773 1321 τὴν
2799 1248 3072 1314 Βύζαντος
3098 1251 3283 1302 ἑστίαν

2135 1344 2341 1408 Λιπὼν,
2383 1342 2593 1396 ἐλαύνω
2621 1342 2758 1412 πρὸς
2802 1341 2954 1393 πόλιν
2992 1340 3315 1411 Σηλυϐρίας.

2134 1435 2533 1505 Στιλὸουμένην
2562 1435 2672 1506 γὰρ
2709 1434 2834 1502 ἄρτι
2872 1434 3144 1505 ῥομφαίαν
3172 1434 3404 1502 βλέπων,

2136 1528 2245 1579 Καὶ
2281 1527 2516 1595 συγγενῆ
2551 1526 2829 1598 μάχαιραν
2857 1526 3249 1596 ἀγριουμένην,

2136 1620 2244 1671 Καὶ
2272 1618 2551 1688 θηριῶσαν
2585 1619 2683 1687 τὴν
2734 1618 2906 1688 Ἑῴαν
2927 1618 3063 1689 πρὸς
3090 1620 3307 1687 φόνους,

2135 1712 2244 1764 Καὶ
2273 1712 2433 1779 γνοὺς
2455 1710 2574 1763 κατ’
2598 1713 2731 1765 ἄστυ
2768 1711 2863 1764 καὶ
2891 1712 3227 1779 στεναγμοὺς
3255 1711 3348 1763 καὶ
3372 1710 3569 1779 δάκρυ,

2147 1804 2233 1867 Ὡς
2273 1805 2352 1866 εἰς
2387 1802 2626 1873 γαλήνην
2658 1802 2886 1855 ἔϐλεπον
2917 1802 3017 1873 τὴν
3055 1802 3349 1871 Ἑσπέραν.

2066 1901 2106 1957 Β
2137 1895 2304 1949 Οὔπω
2323 1894 2539 1965 διῆλθον
2567 1896 2662 1965 τῆς
2686 1896 2891 1965 ἀθύρου
2921 1895 2982 1948 τὸ
3017 1896 3213 1965 στόμα,

2135 1989 2256 2042 Τῶν
2299 1989 2548 2059 Ἀμαλὴκ
2574 1988 2687 2059 ὁρῶ
2708 1988 2916 2057 πλῆθος
2946 1989 3313 2060 ἠγριωμένον,

2145 2081 2599 2145 Ὀδοστατοῦντας
2628 2083 2752 2140 τοὺς
2776 2081 2954 2145 ὁδίτας
2989 2084 3255 2148 ἐκτόπως,

2134 2174 2386 2244 Τροφῶν,
2423 2176 2693 2244 πενήτων,
2727 2174 2984 2244 ἁρπαγὴν
3016 2175 3108 2227 καὶ
3141 2175 3464 2245 χρημάτων,

2149 2266 2403 2335 Ἀνδρῶν,
2438 2265 2714 2333 γυναικῶν
2745 2265 3024 2327 κωκυτοὺς
3055 2267 3149 2319 καὶ
3186 2266 3437 2329 παιδίων,

2136 2357 2246 2409 Καὶ
2270 2355 2571 2425 παρθένους
2603 2356 2805 2424 σεμνάς
2839 2372 2898 2409 τε
2930 2357 3025 2410 καὶ
3056 2355 3463 2428 μελαμφόρους,

2136 2447 2545 2518 Γυμνουμένας,
2582 2447 2720 2517 φεῦί
2752 2450 2940 2517 χεῖρας
2970 2448 3234 2517 αἰρούσας
3271 2450 3405 2513 ἄνω,

2134 2542 2246 2594 Καὶ
2274 2539 2374 2609 τὴν
2400 2538 2615 2610 ὁρῶσαν
2648 2540 3108 2611 μαρτυρουμένας
3147 2541 3328 2611 δίκην.

2135 2632 2375 2687 Τοιαῦτά
2406 2649 2495 2701 μοι
2527 2631 2597 2685 τά
2623 2633 2815 2703 πρῶτα
2843 2633 2942 2703 τῆς
2970 2632 3264 2703 ἐκδημίας.

2139 2725 2280 2795 Ἤδη
2308 2724 2367 2777 δὲ
2398 2724 2589 2796 πόρῥω
2617 2723 2708 2777 τὸν
2738 2723 2942 2793 δρόμον
2974 2723 3324 2794 ποιουμένου,

2137 2816 2379 2885 Πρᾶγμα
2410 2814 2732 2884 στεναγμῶν
2761 2812 2910 2877 ἄξιον
2945 2814 3040 2866 καὶ
3070 2812 3343 2884 δακρύων,

2146 2907 2290 2978 ὀρῶ
2324 2907 2585 2977 ραγείσας
2611 2908 2707 2969 τὰς
2739 2906 2982 2977 ἀρούρας
3011 2907 3090 2969 είς
3119 2905 3302 2975 βάθος,

2135 2997 2346 3067 Αὐχμῷ
2384 2996 2655 3066 χανούσας
2690 2997 2786 3049 καὶ
2808 2996 3105 3059 διαστάσας
3145 2997 3292 3059 ὅλας.

2135 3090 2275 3151 Τοὺς
2301 3088 2548 3157 ἀστάχυς
2580 3087 2795 3157 ὠχροὺς
2827 3088 2885 3140 δὲ
2906 3088 2999 3140 καὶ
3025 3087 3383 3156 κεκλιμένους

2136 3181 2383 3250 Νεκροὺς
2421 3180 2738 3250 καθώσπερ,
2782 3180 3014 3250 πάμπαν
3045 3179 3427 3244 ἐκλελοιπότας
3453 3197 3464 3209 ⁸

2436 3358 2559 3412 124.
2589 3357 2657 3412 In
2692 3357 3103 3414 Constantinum
3146 3376 3179 3413 a
3209 3376 3410 3413 meum.

2206 3469 2389 3524 Terrzc
2410 3469 2601 3535 decus,
2638 3471 2825 3525 suavis
2852 3470 3274 3536 Constantinus,
3301 3470 3388 3524 hic
3416 3470 3583 3540 jacet,
3614 3472 3717 3527 heu

2137 3563 2408 3632 quantus!
2452 3577 2606 3616 mens
2635 3564 2867 3631 quanta!

2214 3654 2520 3723 Pauperqu
2559 3670 2770 3717 mensa,
2827 3656 3218 3722 imperatorum
3261 3654 3463 3726 fulgor,
3510 3658 3719 3725 princi-

2138 3762 2268 3817 pum
2318 3747 2506 3808 decus,
2546 3746 2803 3800 ordinum
2862 3747 3168 3811 harmonia,
3216 3748 3480 3801 virtutum
3531 3764 3719 3801 exeru-

2139 3840 2278 3908 plar,
2314 3839 2582 3891 honorum
2624 3842 2802 3901 sedes,
2847 3840 3038 3894 Roma:
3066 3850 3479 3902 ornamentum,
3547 3841 3719 3910 gloria

2140 3929 2517 3996 patriciorum.
2551 3930 2739 3982 mundi
2772 3930 3062 3983 tumultum
3092 3938 3151 3983 ut
3190 3929 3386 3984 iterum
3418 3930 3573 3993 vidit,
3608 3942 3719 3985 sta-

2142 4020 2237 4073 tim
2274 4018 2411 4072 ahiit
2436 4019 2624 4074 suavis
2682 4019 3098 4084 Constantinus,
3152 4022 3335 4077 videre
3367 4023 3556 4077 nuictts
3596 4021 3723 4077 vita:

2140 4113 2555 4169 amaritudines.

2528 4204 2650 4259 125.
2686 4201 2754 4258 In
2779 4219 3047 4274 egressum
3069 4221 3096 4259 e
3133 4206 3331 4275 patria.

2207 4315 2263 4369 In
2300 4330 2487 4370 mense
2511 4315 2706 4386 Dystro
2743 4314 2988 4385 Byzantii
3020 4314 3202 4369 sedem
3235 4316 3514 4385 linquens,
3550 4331 3717 4386 pergo

2142 4409 2207 4462 ad
2242 4408 2431 4462 urbem
2481 4405 2811 4477 Selybriam.
2865 4404 3264 4461 Scintillantem
3296 4408 3438 4460 enim
3469 4416 3600 4463 tunc
3634 4409 3713 4460 vi-

2142 4500 2280 4555 deus
2303 4498 2538 4569 gladium
2572 4506 2627 4552 et
2676 4496 2960 4551 efferatum
3004 4512 3215 4561 ensem,
3258 4507 3313 4552 et
3354 4497 3620 4551 orientem
3657 4498 3722 4552 ad

2144 4608 2307 4647 neces
2349 4600 2619 4656 ruentem,
2660 4600 2713 4644 et
2733 4590 3004 4645 clamores
3039 4589 3342 4644 incivitate
3387 4599 3441 4643 et
3481 4590 3725 4659 gemitus

2073 4698 2119 4755 υ
2147 4693 2200 4736 et
2227 4683 2518 4750 laerymas,
2551 4689 2611 4733 ut
2646 4680 2699 4734 in
2730 4679 3024 4735 serenitate
3046 4679 3339 4734 cernebam
3363 4681 3723 4734 occidentem.

2142 4772 2395 4827 Nondum
2423 4773 2748 4827 transieram
2777 4786 2839 4825 os
2866 4771 3066 4840 athyri,
3100 4770 3256 4825 video
3287 4771 3718 4825 Amalecitarum

2146 4864 2550 4919 multitudinem
2584 4862 2889 4926 ell'eratam,
2925 4863 3166 4918 viatores
3199 4863 3538 4918 detinentem
3578 4865 3726 4919 inso-

2146 4956 2265 5020 lite,
2298 4956 2569 5020 ciborum,
2605 4969 2904 5024 pauperum
2941 4964 2994 5008 et
3026 4955 3443 5024 possessionum
3496 4956 3728 5025 ereptio-

2149 5062 2296 5111 nem,
2343 5046 2615 5108 virorum,
2681 5046 2975 5100 mulierum
3021 5058 3077 5100 et
3125 5062 3419 5115 puerorum
3465 5048 3725 5111 lamenta,

2149 5140 2393 5209 virgines
2423 5139 2636 5195 nobiles
2667 5147 2722 5194 et
2759 5141 3106 5205 obscuratas,
3133 5140 3387 5206 nudatas,
3434 5141 3573 5194 heu!
3611 5155 3728 5193 ma-

2150 5248 2255 5287 nus
2311 5248 2532 5288 sursum
2608 5233 2883 5297 tollentes,
2952 5244 3005 5288 et
3059 5233 3329 5302 justitiam
3406 5242 3723 5287 cernentem

2146 5337 2486 5382 attestantes.
2531 5325 2686 5380 Talia
2753 5325 2974 5379 fuerunt
3032 5326 3167 5379 mihi
3226 5341 3482 5394 egressus
3542 5326 3721 5379 initia.

2144 5419 2265 5472 Jam
2299 5427 2475 5473 autem
2510 5419 2670 5488 longe
2721 5434 2846 5472 cum
2894 5434 3120 5472 cursum
3171 5418 3580 5487 produxissem,
3617 5434 3725 5471 rem

2144 5511 2437 5582 gemitibus
2495 5522 2548 5565 et
2574 5511 2828 5581 Iacrymis
2885 5512 3102 5581 dignam
3156 5512 3385 5580 aspicio,
3416 5526 3642 5579 campos
3673 5512 3723 5564 in

2151 5603 2441 5669 voragines
2472 5603 2739 5657 violenter
2786 5618 3103 5666 conversos,
3151 5603 3385 5672 turpiter
3421 5603 3638 5657 hiantes
3670 5611 3723 5657 et

2151 5695 2372 5750 omnino
2400 5695 2751 5761 dilaceratus,
2782 5697 2963 5765 spicas
3015 5696 3286 5753 marcidas
3321 5707 3372 5751 et
3404 5696 3715 5758 inclinatas,
