4080 6430
433 563 498 615 Οἱ
522 561 568 614 δ’
603 561 832 632 ἀγρόται
863 559 1160 622 κόπτοντες
1186 557 1262 620 εἰς
1295 559 1394 625 γῆν
1431 557 1486 608 ἐν
1516 573 1717 620 πονοις,

437 653 673 706 ὐλωλεν
702 653 877 717 ἐλπὶς,
909 652 1118 721 οἴχεται
1157 651 1252 702 καὶ
1279 651 1387 712 τεᾶς
1420 649 1600 712 πόνος,

438 747 713 814 Ἔφασκον
733 761 746 774 ·
779 743 930 796 οὐδὲν
953 745 1134 813 χεῖρες
1160 741 1584 811 ἐκτετριμμέναι

440 839 679 892 Ἤουσαν
715 831 904 890 αὗται’
943 836 1120 887 πάντα
1151 837 1254 904 ῥεῖ,
1287 835 1463 887 πάντα
1502 833 1717 903 φλέγει·

435 928 620 992 καλὰς
649 929 747 996 μὲν
776 928 906 997 ἡμῖν
931 927 1066 996 ἠφίη
1091 926 1188 988 τὰς
1227 923 1448 987 ἐλπίδας
1473 941 1486 954 -

433 1021 672 1072 Δέδωκεν
703 1019 876 1088 ἀρχήν
901 1033 913 1047 ·
943 1018 1078 1072 ἀλλά
1105 1019 1202 1088 τὴν
1227 1017 1461 1087 βλάστην
1482 1017 1584 1085 ὅρα

447 1110 770 1180 Ἀνομϐρίας
801 1109 1054 1180 μάστιξιν
1083 1107 1518 1178 ἑκτετμημένην.

431 1205 527 1264 Τίς
555 1204 650 1255 καὶ
673 1202 916 1271 παρόντα
948 1203 1056 1254 τῶν
1088 1199 1265 1270 χρεῶν
1291 1199 1443 1252 λύσει
1477 1199 1615 1268 βάρη
1639 1213 1653 1260 ;

431 1293 526 1356 Τίς
557 1293 648 1346 καὶ
679 1295 943 1361 γυναῖκας
970 1295 1048 1355 εἰς
1078 1292 1139 1343 τὸ
1181 1289 1372 1360 μέλλον
1401 1289 1493 1341 καὶ
1523 1289 1685 1340 τέκνα

431 1383 657 1454 Θρέψει.
692 1387 892 1455 φόρους
922 1385 1114 1446 ἄλλους
1143 1399 1202 1434 τε
1231 1383 1326 1434 καὶ
1356 1381 1698 1452 λειτουργίας

431 1478 510 1548 Τῇ
543 1478 818 1548 Καίσαρος
846 1477 939 1548 δῷ,
975 1477 1072 1530 καὶ
1107 1475 1169 1528 τὸ
1201 1476 1310 1528 πᾶν
1334 1472 1654 1543 ὲξαρκέσει;

431 1569 546 1620 Οὐκ
567 1565 712 1619 ἔστιν
738 1567 932 1630 οὐδείς.
969 1565 1131 1618 Ἀλλὰ
1154 1565 1360 1635 καίνεις
1392 1566 1470 1627 εἰς
1505 1563 1622 1616 δέον
1650 1578 1664 1592 ⁸

441 1659 505 1710 Ἠ
525 1657 616 1727 γῆ.
655 1657 828 1727 δέχοιο
853 1657 1028 1711 τοῖσδε
1058 1657 1154 1710 σὺν
1185 1659 1295 1721 τοῖς
1327 1657 1521 1727 ληῖοις,

441 1749 620 1820 Ἠμᾶς
652 1749 895 1812 ἑκόντας.
925 1749 998 1804 Οὐ
1026 1747 1298 1820 μενοῦμεν
1321 1750 1400 1814 εἰς
1423 1750 1615 1818 χρόνον

429 1841 592 1914 Λιμῷ
629 1843 885 1913 τακῆναι,
919 1842 1184 1911 σύντομον
1213 1841 1364 1894 ποθῶ
1401 1842 1574 1904 τέλος.

427 1936 584 1990 Οὕτω
609 1935 893 2006 γεμισθεὶς
926 1934 1158 2004 θλίψεων
1186 1934 1280 1987 καὶ
1300 1933 1548 2002 δακρύων

427 2025 531 2079 Τὸν
559 2026 727 2095 ἀγρὸν
756 2019 901 2094 εἶχον
931 2027 1009 2086 εἰς
1035 2024 1341 2094 ὑπόμνησιν
1385 2025 1586 2086 πόνων,

427 2119 536 2171 Καὶ
557 2117 786 2187 τερπνὸν
815 2117 966 2170 οὐδὲν
995 2116 1096 2186 τὴν
1125 2118 1264 2186 ἐμὴν
1304 2115 1492 2184 θέλγον
1523 2116 1712 2186 φρένα.

426 2206 538 2259 Οὐκ
566 2205 726 2269 ἄνθος
749 2201 910 2272 εἶδον,
941 2205 1056 2258 ἀλλ’
1091 2205 1331 2270 ἀκάνθας
1361 2208 1454 2260 καὶ
1479 2207 1606 2276 βέλη
1631 2221 1642 2234 ·

423 2295 498 2347 Οὐ
535 2293 792 2364 μουσικὸν
825 2295 1071 2363 τέττιγες
1096 2291 1219 2366 ᾗδόν
1263 2313 1353 2366 μοι
1381 2295 1560 2364 μέλος,

423 2386 668 2455 Τραυλὺν
699 2385 944 2456 χελιδὼν,
989 2386 1172 2452 ξουθὸν
1204 2387 1504 2455 ἀηδονίδες,

421 2478 504 2530 Τὰ
541 2479 716 2531 πάντα
751 2477 944 2542 πένθος
972 2477 1137 2550 εἶχεν.
1170 2479 1282 2532 Οὖκ
1320 2479 1694 2549 ἀργυρόχρους

425 2568 617 2640 Ἐρῤει
649 2569 869 2640 διειδὴς,
901 2569 1122 2638 κοῦφος,
1163 2569 1380 2640 ἦίιστος
1413 2570 1555 2639 μάλα
1595 2571 1638 2601 ⁸⁵

421 2662 612 2732 Κρήνη
643 2660 828 2731 ψυχρά
849 2679 932 2726 τις
957 2661 1183 2732 λουτρὸν
1215 2663 1312 2734 ἡδὺ
1341 2663 1436 2715 καὶ
1467 2663 1642 2733 πόμα,

419 2753 534 2805 Καὶ
557 2753 834 2822 γλαφυρόν
865 2772 916 2808 τι
948 2755 1464 2824 συγκελαρρύζουσά
1496 2771 1587 2824 μοι

414 2845 514 2908 Εἰς
541 2845 707 2899 ὕπνον
738 2845 868 2916 ἡδὺν
893 2842 994 2917 ἦγε
1022 2846 1516 2917 προσκεκλιμένον.

415 2939 494 2990 Οὐ
527 2937 777 3010 μαλθακή
803 2956 889 3003 τις
913 2941 1007 2992 καὶ
1029 2939 1327 3009 χλοηφόρος
1359 2939 1466 2990 πόα

415 3028 719 3099 Στρωμνὴν
751 3031 1011 3099 παρεῖχεν
1037 3027 1277 3092 εὔθετον,
1310 3029 1474 3081 πόνου
1507 3027 1650 3098 δίχα.

414 3121 530 3189 Τῆς
555 3121 659 3190 γῆς
689 3123 716 3174 ὁ
745 3121 950 3190 κόσμος
983 3115 1054 3190 ἦν
1090 3120 1210 3184 ὅλος
1233 3120 1598 3190 κεκαρμένθῦ

425 3212 520 3276 Ὠς
549 3212 844 3292 βόστρυχόν
868 3230 952 3276 τις
983 3212 1206 3282 ἐξέκοψε
1230 3213 1324 3284 τὴν
1347 3212 1532 3284 χλόην,

1731 443 2074 504 CARMINA
2108 443 2356 503 VARIA.

2033 561 2074 616 Α
2108 556 2352 622 Δένδρων
2376 551 2441 604 τὰ
2473 549 2668 618 φύλλα,
2695 549 2802 600 πᾶν
2837 546 2898 600 τὸ
2928 546 3118 609 κάλλος
3150 543 3374 599 ἀνθέων.

3577 431 3682 494 958

2109 643 2498 714 Μεσημϐρινὺν
2521 642 2631 712 γὰρ
2671 640 2899 710 σφοδρὸν
2926 640 3078 710 ἣλιος
3106 637 3342 707 βλέπων,

2111 739 2220 792 Καὶ
2253 740 2372 799 ταῖς
2397 736 2647 806 ἀνίκμοις
2670 734 2762 786 καὶ
2793 729 3271 800 κατεξηραμέναις

2109 831 2326 884 Βάλλων
2359 828 2618 898 ἀρούραις
2643 825 2936 894 ἐξετέφρου
2965 825 3058 878 καὶ
3082 823 3288 886 λίθους.

2116 923 2177 974 '0
2202 921 2246 974 δ’
2284 919 2508 990 οὐρανὸς
2539 917 2854 987 πάγχαλκος
2877 913 3324 984 ἠνθρακωμένος,

2107 1011 2582 1082 Σπινθηρακὼδεις
2608 1009 2681 1073 ὡς
2705 1009 3028 1077 κεραυνίους
3054 1007 3260 1074 φλόγας

2107 1107 2188 1160 Td:
2216 1105 2384 1175 συχνὰ
2420 1105 2656 1172 πέμπων
2680 1099 2924 1169 ἀστέρων
2949 1099 3254 1168 ἐξάλματα.

2105 1201 2178 1253 Οὐ
2206 1198 2470 1250 Σκυθικὸν
2502 1197 2613 1266 πῦρ
2644 1194 2838 1262 ἔφλεγε
2873 1193 2972 1263 τὴν
3012 1193 3307 1262 Ἑσπέραν,

2117 1289 2258 1343 Ἀλλ’
2287 1287 2517 1358 οὐρανοῦ
2551 1286 2663 1355 πῦρ
2687 1287 2780 1338 καὶ
2816 1285 3051 1354 Πρόνοια
3082 1283 3177 1336 καὶ
3211 1283 3360 1354 δίκη,

2103 1377 2563 1449 Κατεμπιπρῶσα
2588 1376 2684 1445 τὴν
2719 1376 3036 1445 μιανθεῖσαν
3071 1374 3238 1443 χθόνα
3258 1389 3273 1404 ·

2102 1471 2322 1532 Φθόνοις
2354 1469 2639 1536 ἀθέσμοις,
2669 1469 2964 1537 ἁρπαγαῖς,
2991 1465 3310 1537 λῃστηρίοις

2106 1566 2332 1634 Ὅρκοις
2358 1563 2632 1632 ματαίοις,
2665 1557 2845 1628 μίξεσι
2883 1557 3252 1626 ξενοτρόποις,

2114 1654 2554 1728 Ἀρρητοποιίαις
2580 1670 2640 1704 τε
2668 1653 2764 1704 καὶ
2797 1649 3025 1713 πλοκαῖς
3050 1649 3239 1704 δόλων.

2102 1749 2258 1803 οὕτω
2294 1748 2616 1816 σκυθρωπὸς
2642 1745 2735 1796 καὶ
2768 1741 3315 1813 κατεστυγνασμένος

2105 1839 2273 1908 Ὅλην
2302 1836 2526 1890 διελθὼν
2553 1836 2654 1906 τῆς
2674 1835 2907 1906 σελήνης
2929 1834 3144 1899 εἰκάδα,

2032 1900 2074 1954 Β
2114 1900 2510 2001 Ὑποστρέφειν
2535 1900 2748 1998 ἔγνωκα
2777 1900 2913 1999 πρός
2939 1927 3038 1997 τὴν
3065 1927 3320 1999 πατρίδα,

2102 2023 2304 2092 Φόρτον
2338 2021 2578 2092 κομίξων
2621 2018 2919 2089 συμφορῶν
2945 2037 3005 2072 τε
3037 2019 3134 2072 καὶ
3160 2019 3361 2073 πόνων.

2102 2114 2298 2176 Τείνας
2323 2113 2383 2166 δὲ
2420 2112 2513 2165 τον
2547 2109 2672 2164 νοῦν
2700 2111 2796 2163 καὶ
2825 2109 3332 2180 συνεσκευασμένος

2106 2205 2355 2259 ’Ἤκουσα
2383 2203 2566 2258 καινά,
2606 2203 2723 2272 Πῦρ
2757 2203 3105 2274 μεσημϐρίας
3134 2201 3308 2274 μέσης

2103 2295 2321 2358 Καινῶς
2350 2295 2591 2362 ἀναφθὲν
2620 2297 2678 2347 ἐν
2706 2294 2844 2365 μέσῃ
2879 2297 2944 2364 τῇ
2981 2295 3227 2364 πατρίδι,
3255 2309 3260 2314 ’

2101 2387 2320 2455 Μικράν
2359 2385 2578 2452 ἐλέγξαι
2609 2385 2702 2436 καὶ
2741 2383 2988 2453 Σοδόμων
3013 2383 3110 2454 τὴν
3139 2383 3317 2456 δίκην.

2105 2479 2179 2530 Οὐ
2208 2477 2315 2546 γὰρ
2346 2475 2590 2538 καλύϐας
2623 2475 2870 2546 ἁγροτῶν
2891 2475 3000 2530 οὐδ’
3035 2477 3296 2548 ἀγρότας,

2105 2569 2180 2621 Οὐ
2214 2566 2404 2636 δένδρα
2430 2565 2524 2618 καὶ
2551 2565 2678 2635 χοῦν
2702 2565 2823 2618 οὐδὲ
2857 2566 2953 2618 καὶ
2979 2565 3173 2634 κώμας
3194 2566 3288 2619 δύο

2101 2659 2174 2709 Τὸ
2205 2656 2375 2710 δεινὸν
2404 2655 2722 2726 ὲξέτρωξεν,
2754 2655 2798 2708 ὦ
2837 2656 3008 2727 φρίκη
3037 2657 3226 2727 δίκηςῐ

2115 2747 2254 2800 Ἀλλ’
2288 2747 2487 2816 ἄνδρας
2511 2744 2570 2799 εὖ
2597 2747 2907 2816 τραφέντας
2934 2747 2994 2800 εῦ
3023 2749 3358 2816 πεφυκότας,

2103 2841 2323 2904 Παῖδας,
2355 2839 2553 2909 βρέφη,
2583 2842 2872 2908 γυναῖκας,
2905 2840 3140 2910 ὡραίους
3166 2840 3337 2903 νέους,

2101 2933 2298 2994 Οίκους
2331 2931 2646 3001 μεγίστους,
2671 2931 3009 2998 παγκάλους,
3038 2932 3466 3001 πλουτοφόρους,

2101 3025 2379 3078 Κάλλιστα
2412 3023 2556 3076 ναῶν
2588 3026 2680 3076 καὶ
2714 3024 2949 3094 μέγιστα
2983 3023 3180 3094 χωρία,

2100 3116 2277 3185 Σκεύη
2303 3133 2360 3168 τε
2393 3116 2591 3186 χρυσᾶ,
2620 3115 3000 3185 χρυσόπαστον
3029 3115 3336 3187 πορφύραν,

2103 3209 2406 3278 Ἤλεκτρον
2435 3207 2620 3278 ἄρδην,
2657 3205 2820 3274 ὄγκον
2847 3207 3288 3276 ἀργυρωμάτων,

353 3357 358 3360 Ι
415 3393 482 3442 ut
527 3395 797 3452 mortuas,
822 3395 878 3441 et
905 3387 1130 3444 utnnino
1157 3387 1467 3443 derelictas.
1505 3385 1775 3455 Agricolae
1813 3393 1997 3441 autem
2028 3391 2071 3448 C
2106 3392 2227 3441 tens
2269 3383 2479 3455 lapides
2512 3383 2678 3439 etiam
2719 3383 3083 3440 incinerabat.
3137 3383 3347 3440 Caelum
3379 3393 3558 3440 autem
3603 3403 3680 3442 res

417 3491 532 3546 prae
583 3477 772 3530 dolore
825 3477 879 3531 in
945 3485 1145 3531 terram
1209 3479 1554 3546 aspicientes,
1609 3476 1777 3532 Periit
1848 3492 1995 3547 spes,

417 3565 606 3620 interit
631 3565 810 3620 omnis
850 3565 1028 3633 labor,
1080 3565 1402 3636 inquiebant
1433 3583 1446 3621 :
1475 3565 1610 3619 nihil
1641 3581 1836 3621 manus
1877 3567 1995 3621 ista:

411 3658 706 3730 perfracta:
762 3658 1140 3725 obtinuerunt,
1176 3657 1360 3713 omnia
1408 3658 1612 3723 ﬂtrunt,
1645 3660 1831 3713 omnia
1876 3675 1998 3714 cre-

411 3759 669 3815 mantur;
710 3748 966 3816 pulchras
995 3749 1212 3818 quidem
1251 3749 1411 3803 nobis
1434 3763 1558 3818 sprs
1592 3749 1778 3812 dabat,
1837 3747 1996 3803 initia

409 3834 584 3901 dedit,
607 3835 702 3890 sed
726 3849 962 3891 messem
979 3836 1103 3892 vide
1124 3837 1396 3891 ariditatis
1416 3835 1644 3908 ﬂagellis
1671 3849 1994 3892 resecatam.

407 3923 553 3994 Quis
594 3942 835 3998 praesens
879 3927 1186 3984 debitorum
1219 3943 1358 3984 onus
1392 3929 1606 3984 solvet?
1641 3930 1766 4000 quis
1795 3939 1848 3984 et
1885 3945 2000 3984 mu-

409 4019 578 4076 lieres
606 4029 662 4076 et
685 4021 890 4076 liberos
917 4021 970 4075 in
1002 4023 1244 4076 futurum
1271 4021 1496 4086 nutriet,
1530 4023 1732 4078 tributa
1749 4033 1803 4078 et
1838 4024 1997 4078 mini-

407 4111 586 4166 steria
617 4111 852 4167 Caesaris
907 4112 1030 4167 ﬁliae
1072 4113 1243 4178 dabit,
1290 4123 1343 4169 et
1382 4115 1533 4168 omni
1590 4115 1669 4170 rei
1723 4115 1999 4170 sullieiet?

404 4203 617 4258 Nullus
639 4210 742 4257 est.
775 4202 882 4258 Sed
909 4205 1030 4260 hias
1057 4221 1085 4259 a
1115 4207 1419 4276 proposito,
1457 4214 1626 4270 terra,
1655 4209 1842 4276 accipe
1870 4223 1995 4262 cum

407 4297 572 4352 hisce
611 4297 885 4352 messibus
928 4312 1029 4352 nos
1051 4311 1271 4367 quoque
1302 4298 1564 4354 volentes.
1601 4298 1720 4354 Non
1749 4300 1996 4355 sustine-

408 4388 602 4443 bimus
634 4387 867 4457 amplius
899 4387 1039 4443 l'ame
1065 4389 1335 4453 censumi,
1362 4390 1580 4446 brevem
1607 4391 1768 4460 cupio
1802 4391 1994 4446 frtrem.

409 4479 490 4534 Ita
533 4479 908 4536 circumfusus
930 4481 1080 4536 luctu
1112 4491 1164 4536 et
1192 4482 1450 4550 lacrymis
1497 4483 1679 4536 locum
1721 4482 1992 4537 habebam

413 4573 744 4628 recordandi
809 4575 1046 4637 labores,
1095 4583 1148 4629 et
1203 4573 1338 4627 nihil
1386 4573 1692 4642 jucundum
1753 4583 1992 4629 mentem

412 4681 596 4720 meam
631 4667 936 4722 recreabat.
964 4665 1180 4722 Florem
1215 4681 1322 4720 non
1360 4655 1636 4728 videbam,
1669 4667 1764 4720 sed
1807 4665 1994 4735 spinas

409 4765 468 4812 et
502 4759 762 4814 carduos.
806 4758 926 4814 Non
979 4759 1250 4815 musicum
1311 4758 1446 4812 mihi
1512 4759 1714 4813 cicada:
1767 4767 1990 4813 cantum
2029 4737 2071 4790 θ

409 4851 711 4916 sonabant,
758 4851 1026 4921 gari-itum
1093 4852 1350 4917 hirundo,
1407 4861 1629 4906 acutum
1696 4851 1990 4918 luscinim;

409 4941 603 4996 omnia
632 4943 813 4997 luctus
843 4943 1098 4998 habebat.
1125 4942 1242 4997 Non
1271 4953 1562 5015 argenteus
1612 4943 1834 5005 ﬂuebat,
1865 4945 1990 4997 lim-

410 5033 1214 5104 pidus,levis,iucundissimus
1235 5035 1440 5090 rivulus
1459 5035 1716 5106 frigidum
1741 5035 1991 5106 ρνευιιοιισ

411 5127 674 5182 balneum
707 5136 760 5180 et
797 5136 1008 5196 potum,
1045 5143 1220 5198 neque
1247 5141 1416 5182 suave
1441 5128 1572 5182 mihi
1613 5143 1910 5182 susurrans
1936 5127 1990 5180 in

407 5220 629 5274 dulcem
657 5234 912 5274 somnum
946 5221 1211 5276 invitabat
1242 5221 1612 5276 recubantem.
1639 5218 1755 5274 Non
1812 5219 1994 5272 mollis

407 5321 466 5365 et
492 5309 740 5366 viridans
779 5311 946 5365 herba
989 5311 1168 5366 cubile
1209 5311 1482 5381 pra-bebat
1511 5321 1634 5380 apte
1663 5311 1991 5379 dispositum

413 5403 624 5469 absque
669 5403 879 5457 labore.
925 5403 1108 5458 Terrae
1162 5404 1326 5458 decor
1366 5414 1510 5459 totus
1552 5412 1669 5458 erat
1724 5413 1987 5464 vastatus.

413 5489 576 5556 quasi
609 5490 821 5546 locusta
857 5492 1235 5548 devoravissct
1263 5493 1510 5557 herbam,
1555 5494 1814 5548 arborum
1845 5492 1996 5546 fron-

411 5579 536 5644 des,
585 5589 638 5635 ct
671 5579 864 5636 ﬂorum
931 5584 1410 5653 pulchritudinem.
1457 5583 1592 5639 Nam
1649 5585 1990 5640 meridianos

413 5669 496 5726 sol
525 5669 798 5729 violentos
830 5673 1036 5740 radios,
1068 5675 1230 5732 siccis
1255 5687 1308 5732 et
1343 5675 1509 5732 aridis
1534 5678 1742 5744 campis
1788 5676 1994 5732 itumit-

485 5847 532 5880 ⁸⁵
566 5849 786 5920 Aliquid
819 5852 906 5906 hic
938 5853 1164 5909 excidit.

2099 3487 2217 3534 erat
2267 3477 2530 3542 candens,
2579 3477 2836 3542 rutilans,
2905 3486 2967 3532 ut
3044 3477 3340 3532 fulmineas
3419 3478 3671 3534 ﬂammas

2102 3571 2323 3625 mittens
2364 3579 2643 3625 astrorum
2685 3570 3005 3625 innumeros
3045 3570 3237 3625 saltus.
3289 3569 3406 3624 Non
3443 3569 3678 3642 Scytha-

2099 3678 2220 3717 rum
2285 3662 2426 3732 ignis
2477 3661 2720 3716 incendit
2761 3662 3144 3725 occidentem,
3175 3661 3269 3716 scd
3331 3663 3454 3717 ειηιί
3510 3663 3674 3734 ignis,

2099 3752 2436 3822 providentia
2469 3750 2752 3820 etjustitia
2786 3758 2990 3805 terram
3027 3750 3360 3806 comburens
3389 3751 3674 3820 pollutam,

2097 3841 2240 3898 odiis
2259 3841 2501 3912 injustis,
2524 3841 2792 3910 raptibus,
2809 3841 2990 3908 furtis,
3010 3841 3673 3912 vanisjuribusjurandis,

2101 3934 2400 4002 illegitimis
2430 3933 2720 4004 coniugiis,
2747 3933 3277 4000 abominationibus,
3308 3942 3362 3989 et
3389 3935 3678 3990 fraudibus

2103 4026 2378 4082 dolorum.
2407 4025 2485 4080 Ita
2518 4041 2660 4095 a‘gre
2685 4026 2869 4081 ferens
2899 4035 2954 4080 et
2985 4036 3138 4082 torre
3159 4026 3431 4096 aspiciens
3455 4025 3677 4095 quando

2098 4120 2164 4174 ad
2192 4119 2334 4174 diem
2367 4117 2510 4172 lunae
2541 4119 2864 4188 vigesimam
2905 4117 3121 4180 deveni,
3164 4117 3366 4172 reverti
3407 4117 3574 4170 statui
3607 4116 3676 4171 ad

2098 4212 2357 4280 patriam,
2427 4225 2568 4266 onus
2621 4209 2806 4265 ferens
2858 4210 3236 4265 calamitatum
3287 4219 3341 4264 et
3399 4211 3677 4263 laborum.

2097 4301 2395 4372 Postquam
2423 4313 2605 4356 autem
2655 4309 2890 4355 mentem
2917 4313 3212 4357 exsecutus
3263 4303 3405 4354 viam
3444 4300 3677 4362 mnfcci,

2099 4409 2239 4448 nova
2277 4393 2482 4448 audivi.
2543 4391 2687 4462 Ignis
2730 4393 2976 4447 meridiei
3031 4393 3251 4448 insolito
3295 4407 3446 4448 more
3477 4393 3680 4449 ardens

2099 4487 2154 4538 in
2185 4484 2360 4537 media
2418 4483 2614 4552 patria,
2676 4497 2900 4553 parram
2961 4484 3276 4536 ostenderat
3311 4484 3676 4536 Sodomorum

2103 4573 2391 4628 ultionem.
2450 4571 2566 4626 Non
2633 4573 2778 4628 enim
2830 4573 3226 4643 campestrium
3277 4573 3513 4643 tuguria,
3565 4587 3676 4626 non

2100 4673 2438 4732 campestres
2473 4665 2643 4734 ipsos,
2698 4681 2806 4720 nou
2859 4667 3110 4732 arbores,
3142 4681 3388 4728 arenam,
3425 4679 3533 4718 non
3563 4665 3674 4718 duo

2101 4760 2249 4812 vicos
2281 4773 2456 4812 smvus
2498 4758 2640 4827 ignis
2681 4749 3067 4823 devoraverat,
3111 4773 3144 4812 ο
3193 4757 3458 4812 terribilis
3499 4756 3672 4810 ultio!

2099 4851 2192 4906 sed
2235 4853 2382 4906 viros
2420 4852 2560 4906 bene
2589 4851 2852 4905 educatos
2897 4851 3035 4905 bene
3073 4859 3259 4914 natos,
3301 4866 3520 4920 pueros,
3556 4865 3680 4919 par-

2099 4945 2275 5009 vulos,
2316 4945 2594 5008 mulieres,
2637 4945 2888 5013 egregios
2943 4943 3194 5011 iuvenes,
3249 4941 3446 4998 domos
3493 4943 3670 4996 maxi-

2097 5051 2238 5097 mas,
2265 5035 2685 5104 pulcherrimas,
2717 5035 3040 5100 ditissimus,
3065 5035 3355 5105 magniﬁca
3381 5035 3582 5104 templa
3621 5041 3678 5088 et

2101 5128 2400 5182 immensas
2433 5127 2614 5188 sedes,
2655 5141 2822 5180 aurea
2855 5127 3234 5195 supellectilia,
3264 5135 3512 5180 auratam
3548 5140 3677 5194 pur-

2101 5235 2314 5288 puram.
2369 5218 2656 5278 electrum,
2697 5217 2898 5272 molem
2939 5227 3348 5288 argenteorum,
3405 5216 3676 5286 margari-

2105 5319 2283 5364 tarum
2356 5308 2818 5378 pulchritudinem
2905 5309 3282 5372 destructam,
3365 5317 3672 5361 aromatum

2101 5401 2712 5456 incommensurabilcm
2777 5401 2992 5470 copiam
3037 5401 3385 5470 chtiumque
3435 5399 3670 5452 aliarum

2099 5505 2150 5550 el
2178 5495 2518 5558 divitiarum,
2556 5493 2835 5548 fructuum
2881 5493 3312 5548 innumerabiles
3359 5491 3668 5563 myriadum

2099 5587 2372 5656 tnyriadcs
2393 5629 2406 5652 ,
2435 5593 2488 5638 et
2522 5586 2727 5655 plumbi
2767 5587 2942 5640 maria
2989 5584 3295 5655 liqucl'acli,
3329 5593 3381 5639 ct
3409 5583 3678 5651 margari-

2101 5685 2277 5732 tarum
2317 5676 2548 5733 nitorem
2585 5685 2994 5732 concrcmatum
3030 5694 3043 5732 :
3073 5675 3316 5732 nondum
3344 5673 3534 5729 omnia
3571 5671 3676 5727 dici
