4080 6422
413 425 520 492 959

411 544 523 600 Καὶ
563 548 866 621 μαργάρων
893 571 944 606 τι
985 553 1180 620 κάλλος
1211 556 1571 630 ἐξῃρημένον,

422 634 764 708 ’Λρωμάτων
796 637 856 694 τε
890 643 1096 714 πλῆθος
1127 646 1186 698 οὐ
1222 651 1632 720 μετρουμένων,

421 721 780 796 Ἐσθημάτων
813 731 990 785 ἄλλων
1017 750 1075 786 τε
1104 737 1199 790 καὶ
1229 737 1671 811 πλουτισμάτων,

336 816 339 842 ⁷
409 816 657 887 Καρπῶν
694 823 960 890 ἀπείρους
992 825 1195 897 μυρίας
1222 833 1537 901 μυριάδων·

339 923 344 938 ³
409 909 520 963 Καὶ
551 915 651 982 τῆς
688 915 940 983 μολίϐδου
968 919 1068 988 τὴν
1104 921 1407 981 θαλασσίαν
1437 930 1617 1000 χύσιν,

407 1003 521 1096 Ιξαὶ
553 1008 858 1077 μαργάρων
890 1010 989 1083 τὴν
1016 1015 1210 1086 τέρψιν
1245 1019 1684 1096 ὴνΘρακωμένην
1707 1041 1722 1056 °

408 1090 578 1147 Οὔπω
609 1098 668 1149 τὸ
700 1099 809 1152 πᾶν
839 1101 1048 1172 εἴρητο,
1079 1108 1173 1160 καὶ
1203 1109 1346 1182 λόγῳ
1375 1090 1533 1184 λόγος

407 1186 658 1280 Συνῆπτο
679 1191 864 1280 ,δεινὸς
879 1263 886 1268 1
899 1197 1046 1272 ἄρτι,
1082 1201 1186 1274 καὶ,
1203 1208 1638 1280 συμπτωμάτων

406 1278 586 1344 Πάθος
620 1299 671 1336 τι
707 1278 938 1353 πολλοὺς
960 1278 1388 1365 συγκατασχείν,
1417 1288 1718 1372 καῖτάφον

404 1377 636 1447 Οἰκτρὸν
660 1382 912 1448 γενέσθαι
944 1387 1043 1457 τὴν
1067 1389 1403 1460 ὲνεγκοῦσαν
1431 1394 1616 1464 χθόνα.

405 1467 586 1536 Ποίοις
639 1473 696 1527 δὲ
726 1475 912 1532 λοιπὸν
938 1479 1150 1549 ὄμμασι
1176 1484 1277 1554 τὴν
1311 1488 1547 1556 πατρίδα

401 1566 707 1634 θανοῦσαν,
745 1568 921 1638 εἷπον,
962 1575 1167 1646 ὄψομαι
1199 1581 1292 1634 καὶ
1322 1583 1606 1652 κειμένην,

402 1660 515 1714 Καὶ
543 1666 839 1745 συμφορῶν
873 1669 1148 1739 φέρουσαν
1175 1673 1389 1739 εῐκόνας
1413 1676 1609 1746 μόνον;

405 1753 477 1808 ἰι
504 1757 620 1821 πῶς
646 1761 856 1828 ἐνέγκω
877 1763 1072 1830 κάλλος
1100 1767 1493 1841 ἠρημωμένον,

403 1849 616 1916 Κάλλος
640 1849 896 1914 τοσοῦτον
935 1857 1029 1912 κἀὶ
1069 1860 1150 1931 λτςὶι⁵
1174 1859 1404 1934 λείψανα
1434 1863 1649 1938 βλέπων

400 1942 632 2014 Νεκρῶν
659 1947 874 2004 ἀθάνων
905 1951 986 2017 ⁶⁶;
1020 1953 1092 2006 Οὐ
1127 1957 1312 2026 χανεῖν
1339 1974 1430 2026 μοι
1454 1951 1554 2028 τὴν
1596 1959 1781 2030 χθόνα,

400 2035 515 2089 Καὶ
544 2037 608 2108 δὴ
641 2039 887 2111 βαθεῖαν,
918 2043 1146 2116 εὔξομαι
1179 2049 1498 2120 παραυτίκα
1527 2066 1541 2112 ;

406 2129 476 2180 Ἢ
499 2129 615 2194 πῶς
649 2133 860 2188 ὑποίσω
883 2137 976 2192 καὶ
1000 2141 1343 2210 στεναγμοὺς
1373 2142 1467 2196 καὶ
1493 2143 1654 2210 γόους

401 2219 557 2288 Πάθη
598 2238 654 2273 τε
682 2223 855 2277 πολλὰ
878 2225 984 2282 τῶν
1015 2227 1185 2300 φίλων
1217 2231 1312 2284 καὶ
1351 2231 1596 2304 δάκρυα;

401 2310 558 2364 Οὕτω
597 2315 884 2389 μερισθεὶς
905 2317 997 2374 τὸν
1025 2320 1286 2393 λογισμὸν
1315 2325 1394 2389 εἰς
1417 2327 1535 2394 δύο,

411 2406 612 2478 Ἀγροῦ
650 2409 720 2462 τὰ
755 2412 932 2483 πικρὰ
967 2415 1062 2468 καὶ
1092 2417 1161 2472 τὰ
1188 2417 1339 2472 δεινὰ
1363 2422 1644 2492 πατρίδος,

400 2497 588 2554 Ἥττω
621 2501 713 2555 τὸν
747 2504 919 2575 ἀγρὸν
941 2507 1052 2560 τῶν
1078 2510 1263 2564 κακῶν
1286 2511 1444 2579 δόξας
1466 2513 1637 2583 ἔχειν,

529 2594 704 2648 ταῦτα
733 2598 969 2667 κρείττω
999 2602 1094 2657 καὶ
1123 2603 1216 2656 τὸν
1239 2605 1410 2678 ἀγρὸν
1437 2606 1690 2679 εἱλόμην.

569 2711 720 2772 ρκςν.
747 2706 851 2773 Εἰς
875 2708 1019 2778 τοὺς
1061 2711 1462 2788 Ἑλληνικοὺς
1483 2718 1810 2790 πολέμους.

397 2814 590 2885 Μωροὶ
617 2815 687 2869 τὰ
719 2818 912 2885 πολλὰ,
944 2819 1048 2873 κᾶν
1079 2824 1234 2892 σοφοὶ
1269 2827 1576 2894 πεφυκέναι

395 2905 661 2972 Δοκῶσιν,
687 2909 737 2963 οἱ
769 2911 873 2981 γῆς
912 2911 1164 2979 Ἑλλάδος
1193 2918 1523 2986 πεφυκότες,

395 3000 460 3053 Οἳ
500 2999 797 3072 βαρῦἁρων
826 3006 1056 3074 ἀφέντες
1081 3007 1348 3078 ἐκφύλους
1384 3013 1568 3084 μάχας

394 3094 557 3148 Αὐτοὶ
586 3097 689 3151 καθ
707 3097 720 3116 ¹
747 3099 926 3159 αὐτῶν
956 3101 1270 3158 ἐσπάσαντο
1295 3106 1360 3158 τὰ
1389 3105 1537 3178 ξίφη.

785 3209 920 3283 ρκζί.
958 3216 1063 3282 Εἰς
1089 3217 1196 3270 τὸν
1223 3216 1604 3288 Ξενοφῶντα.

390 3313 737 3389 Ξενοφῶντος
764 3325 795 3394 ἡ
833 3323 1054 3394 γλῶσσα
1089 3326 1282 3398 πρῶτα
1310 3330 1581 3402 ρητόρων,

1693 449 1728 508 J
1731 449 1933 510 OANN
1940 451 2011 511 IS
2047 453 2484 520 GEOMETRzE

2029 559 2082 633 Α
2106 571 2269 646 Ψυχὴ
2301 577 2358 630 δὲ
2386 581 2478 632 καὶ
2507 581 2629 644 νοῦς
2667 585 2856 653 πρῶτα
2878 586 2986 639 τῶν
3019 588 3350 656 φιλοσόφων.

3590 477 3695 540 960

2388 706 2538 778 ρκη’.
2576 712 2678 776 Εἰς
2712 711 2892 779 νέους
2929 717 3311 786 φιλοσόφους
3343 718 3408 788 ἔτ.

2102 835 2218 889 Οὐκ
2239 837 2387 892 ἐστιν
2416 839 2555 912 ἀνὴρ
2582 841 2640 906 ὃς
2678 844 2844 913 σοφός
2868 861 2882 877 ο
2929 846 3092 914 σοφὸς
3125 847 3171 900 δ’
3199 847 3346 912 οῠτις

2106 927 2296 994 Ὅστις
2330 933 2447 1002 μετ’
2478 933 2687 1006 ἀνδρῶν
2709 937 2922 992 ἵσταται
2944 957 2957 969 ’
2993 942 3153 1014 καινὴ
3183 943 3332 1012 μάχη

2102 1019 2226 1073 Τῶν
2267 1022 2481 1092 ἀρετῶν
2511 1041 2523 1054 ·
2555 1025 2612 1078 τὶ
2643 1028 2789 1098 φημὶ
2826 1029 2872 1082 δ’
2906 1029 3070 1093 αὐτὸς
3095 1031 3170 1095 ὼς
3211 1031 3383 1103 βραχύ
3409 1051 3424 1066 ο

2101 1113 2166 1167 El
2198 1115 2308 1179 πᾶς
2347 1117 2529 1186 σοφὸς,
2565 1117 2736 1184 δειλός
2761 1138 2846 1185 τις
2870 1163 2885 1188 ,
2930 1123 2988 1186 ὃς
3008 1123 3185 1188 δειλὸς
3219 1127 3403 1198 σοφός.

2563 1254 2816 1326 ρκθ¹-ρλ’.
2853 1258 2958 1322 Εἰς
2991 1256 3233 1314 ἑαυτόν.

1996 1362 2004 1371 ’
2101 1383 2355 1438 Πέπονθα
2388 1385 2561 1452 δεινὰ,
2598 1386 2739 1459 πλὴν
2761 1388 2968 1452 δίκαια,
2999 1391 3204 1460 Χριστέ
3234 1411 3359 1461 μου,

2101 1475 2353 1531 Πέπονθα
2375 1478 2547 1544 δεινὰ,
2581 1480 2724 1551 πλὴν
2763 1482 2912 1551 ἐμῶν
2939 1483 3088 1554 ἥττω
3117 1486 3326 1539 κακῶν.

2100 1571 2215 1625 Οὐκ
2245 1571 2359 1626 ἐστι
2401 1574 2561 1645 ποινὴ
2596 1574 2932 1644 σφαλμάτων
2965 1577 3113 1649 ἐμῶν
3147 1579 3259 1648 ἴση.

2099 1665 2344 1736 Δαίμων,
2375 1665 2554 1730 νόσος,
2602 1668 2872 1739 μάχαιρα,
2902 1667 3040 1740 πῦρ,
3064 1669 3235 1742 λύμη,
3265 1672 3477 1738 σκότος,

2099 1758 2401 1827 Μάστιγες,
2437 1757 2645 1830 ὕϐρεις,
2677 1759 2856 1830 λιμὸς,
2889 1761 3224 1831 ἑμπαιγμὸς,
3257 1765 3454 1832 γέλως,

2099 1850 2181 1902 Τὰ
2215 1851 2423 1920 φρικτὰ
2446 1850 2628 1905 πάντα
2653 1851 2754 1922 τῆς
2781 1853 2995 1906 ἐκεῖθεν
3027 1854 3244 1926 ἡμέρας

2028 1977 2072 2031 Β
2101 1942 2348 2007 Λεωνίως
2373 1943 2610 2013 μένοντα·
2633 1960 2647 1974 ·
2675 1943 2787 2015 πῦρ
2812 1944 2992 2014 φωτὸς
3015 1945 3158 2014 δίχα,

2100 2033 2300 2097 Σκότος
2330 2035 2605 2104 φλογίζον,
2639 2032 2933 2108 τάρταρος,
2967 2037 3206 2109 σκώληξ,
3241 2038 3393 2092 πόνοι

2101 2126 2356 2180 Ἀπαντα
2379 2126 2554 2180 ταῦτα
2574 2125 2685 2181 τῶν
2715 2126 2867 2198 ὲμῶν
2891 2128 3042 2198 ἥττω
3072 2129 3259 2182 κακῶν
3277 2147 3294 2162 ·

2099 2218 2275 2290 Στήλῃ
2309 2218 2614 2290 γεγράφθω
2653 2219 2827 2274 ταῦτα
2863 2221 3025 2292 μέχρι
3053 2224 3147 2276 καὶ
3173 2222 3384 2289 τέλους,

2098 2311 2288 2364 Βοῶσα
2311 2312 2498 2382 μακρὰ
2523 2313 2658 2365 πᾶσι
2701 2312 2864 2384 μέχρι
2885 2313 3199 2384 τερμάτων,
3374 2330 3379 2334 ·

2099 2403 2216 2458 Κᾶν
2243 2404 2352 2458 πᾶν
2384 2405 2644 2476 παρέλθοι
2667 2404 2849 2471 τοῠτο,
2878 2405 3052 2461 ταῦτα
3085 2409 3339 2461 σαλπίσει

2099 2497 2210 2549 Καὶ
2234 2498 2350 2560 τοῖς
2371 2487 2551 2551 ὲκεῖθε
2581 2499 2756 2564 πᾶσα,
2783 2497 2858 2560 ὡς
2885 2502 3018 2552 πᾶσι
3049 2500 3227 2570 μόνοςι

2096 2589 2251 2644 Νικῶ
2283 2593 2472 2654 κακοῖς
2501 2590 2737 2645 ἅπαντα.
2773 2591 2918 2662 Πλὴν
2952 2592 3070 2660 σποῦ,
3103 2595 3307 2664 Χριστέ
3339 2614 3467 2666 μου,

2095 2684 2275 2736 Μόνον
2307 2700 2375 2754 με
2409 2683 2538 2754 νικᾷ
2571 2683 2662 2737 σὸν
2687 2683 2924 2755 πέλαγος
2949 2685 3270 2757 θαυμάτων,

2097 2777 2518 2848 Εὺσπλαγχνίας
2541 2777 2781 2843 ἄϐυσσος
2805 2779 2866 2831 οὐ
2897 2781 3264 2852 μετρουμένη,

2095 2867 2309 2921 υἵκτων
2367 2867 2650 2940 ἀείρῤους,
2681 2869 2903 2940 δωρεῶν
2934 2871 3177 2943 ἀπειρία.

2339 3005 2473 3074 ρλα.
2509 3007 2613 3072 Εις
2637 3006 2753 3075 τὴν
2803 3006 3100 3071 ,ϐασιλίδα
3155 3007 3432 3075 Ἑλένην.

2093 3144 2344 3213 Κρύπτει
2376 3142 2630 3214 σελήνην,
2663 3143 2799 3196 ἀλλὰ
2831 3143 3086 3216 λαμπρὸς
3125 3145 3438 3215 φωσφόρος.

2092 3238 2207 3292 Νῦν
2244 3238 2464 3306 Ἑλένην
2489 3237 2728 3307 ἔκρυψεν
2760 3237 2788 3289 ὁ
2817 3237 3045 3306 στυγνὸς
3080 3237 3249 3305 τάφος
3273 3255 3286 3268 ’

1978 3345 2054 3400 .C
2101 3333 2242 3391 Ἀλλ’
2277 3335 2356 3401 εἰς
2378 3332 2632 3387 τοσοῦτον
2667 3333 2742 3408 μὴ
2774 3333 3080 3406 κατισχύσῃ
3107 3334 3328 3404 Χάρων.

391 3511 830 3572 potuerunt,nec
859 3509 1088 3567 verbum
1109 3510 1276 3565 verbo
1292 3521 1446 3568 atrox
1466 3515 1569 3568 rite
1586 3517 1875 3585 expressit,
1892 3531 1987 3572 ca-
2014 3516 2067 3575 A
2091 3510 2174 3570 est
2207 3491 2302 3585 nui
2343 3513 2478 3569 cum'
2507 3515 2640 3569 viris
2685 3513 2959 3581 decertet;
3009 3516 3146 3570 rara'
3166 3523 3249 3574 est
3288 3528 3463 3583 pugna
3511 3512 3677 3565 riu-tu-

393 3596 699 3654 lamitatum
724 3597 1002 3657 miseriam
1027 3604 1522 3672 multisincidisse,
1564 3618 1618 3662 et
1663 3610 1978 3679 sepulcrum
2085 3616 2224 3660 tum.
2255 3605 2395 3671 Quid
2428 3606 2553 3661 dico
2581 3606 2697 3676 ipse
2746 3617 2802 3660 ul
2849 3605 3112 3660 breviuS'?
3143 3604 3191 3660 si
3229 3604 3408 3664 omnis
3439 3604 3678 3678 εερίῡηδο

391 3689 746 3746 lamentabile
777 3703 978 3748 terram
1003 3688 1133 3766 quia
1166 3695 1269 3752 hos
1314 3697 1503 3767 genuit
1555 3699 1750 3756 factam
1787 3699 1976 3756 fuisse.

389 3782 601 3846 Quibus
633 3785 852 3840 tandem
885 3787 1067 3843 oculis
1112 3789 1348 3858 patriam
1388 3773 1719 3856 emortuam,
1757 3792 1976 3862 inquie-

390 3874 542 3940 bam,
575 3875 771 3957 videbo
799 3887 853 3932 et
890 3877 1189 3949 jacentem,
1213 3895 1266 3937 et
1299 3885 1674 3941 calamitatum
1714 3886 1977 3944 ferentem

389 3966 616 4023 umbras
641 3969 961 4026 solum?vel
986 3977 1262 4043 quomodo
1285 3975 1478 4041 feram,
1511 3977 1976 4045 pulchritudinem

387 4058 752 4125 dcvastatam,
794 4055 1002 4118 tantam
1053 4065 1544 4138 pulchritudinem,
1598 4079 1653 4125 et
1709 4070 1974 4140 reliquias

387 4163 733 4210 mortuorum
765 4155 1168 4226 insepultorum
1193 4145 1469 4216 cernens?
1498 4178 1701 4224 nonne,
1723 4172 1780 4216 ut
1808 4163 1978 4223 inhiet

388 4246 522 4300 mihi
556 4255 697 4302 terra
718 4260 773 4303 et
809 4251 1197 4322 praecipitium,
1232 4257 1422 4311 statim
1466 4255 1680 4312 orabo?
1714 4258 1795 4314 vc!
1837 4273 1978 4327 quo-

388 4337 553 4391 modo
592 4340 877 4394 sustinebo
907 4341 1169 4412 gemitus,
1205 4344 1466 4410 lamenta,
1510 4347 1730 4402 dolores
1766 4349 1977 4402 amico-

389 4443 510 4482 rum
547 4439 600 4483 et
623 4430 930 4500 lacrymas?
960 4431 1038 4487 lta
1063 4434 1206 4490 ratio
1243 4435 1297 4490 in
1335 4439 1444 4492 duo
1478 4438 1652 4493 divisa
1685 4448 1790 4503 est,
1817 4455 1977 4510 agro-

385 4537 506 4576 rum
541 4523 726 4580 clades
780 4535 833 4580 et
863 4527 1054 4599 patriae
1105 4529 1409 4597 miseriam,
1455 4532 1669 4587 minora
1707 4533 1850 4589 mala
1881 4534 1978 4588 ha-

383 4615 565 4671 buisse
593 4632 756 4692 agros
787 4627 1072 4690 reputans,
1104 4630 1163 4677 ut
1190 4622 1282 4676 illa
1313 4624 1524 4694 majora
1581 4635 1636 4681 et
1667 4642 1830 4697 agros
1870 4629 1970 4688 eli-

383 4721 592 4775 gerem.

791 4818 915 4876 126.
948 4819 1018 4878 In
1061 4819 1369 4880 Crazcorum
1408 4823 1562 4878 bella.

452 4927 618 4984 Stulti
647 4929 702 4984 in
751 4931 960 4999 multis,
995 4933 1100 4988 etsi
1124 4933 1402 5005 sapientes
1449 4934 1623 4992 fuisse
1654 4937 1967 5003 videantur,

381 5022 476 5092 qui
508 5023 736 5078 Graecia:
784 5039 820 5081 θ
877 5034 1022 5082 terra
1083 5027 1304 5083 oriundi
1364 5039 1556 5096 erant;
1607 5030 1968 5086 barbarorum

380 5114 528 5171 enim
587 5116 803 5172 liberati
854 5120 1099 5176 extemis
1129 5121 1307 5188 bellis,
1339 5121 1442 5193 ipsi
1477 5122 1533 5178 in
1565 5122 1800 5192 'seipsos
1852 5122 1969 5193 gla-

375 5208 526 5264 dium
564 5209 894 5266 eduxerunt.

843 5326 965 5382 127.
994 5328 1058 5382 1η
1093 5327 1510 5398 Xenophontem.

447 5431 825 5505 Xenophontis
885 5437 1069 5508 lingua
1129 5440 1386 5518 princeps
1439 5441 1750 5508 rhetorum,
1812 5458 1968 5500 mens

375 5537 556 5582 autem
586 5535 640 5583 et
674 5528 810 5582 ratio
839 5529 1096 5600 princeps
1135 5532 1609 5604 philosophorum.

770 5638 896 5694 ηδ.
927 5638 992 5696 1η
1026 5658 1182 5696 novos
1212 5643 1571 5714 philosophos.

2084 3714 2274 3754 socors
2295 3708 2400 3763 est,
2433 3698 2527 3770 qui
2553 3714 2765 3766 socors,
2795 3707 2879 3754 est
2905 3698 3148 3769 sapiens.

2560 3822 2825 3882 139-150.
2858 3822 2927 3883 In
2957 3824 3212 3893 “ipsum.

2162 3954 2316 4009 Saeva
2370 3967 2569 4021 passus
2606 3966 2752 4016 sum,
2798 3951 2892 4007 sed
2932 3951 3102 4019 iusta,
3141 3951 3361 4006 Christe
3390 3952 3507 4016 mi;
3539 3967 3676 4006 saeva

2086 4061 2284 4122 passus
2322 4062 2468 4112 sum,-
2503 4046 2598 4099 sed
2639 4044 2854 4099 minora
2885 4044 3023 4099 meis
3051 4043 3231 4099 malis.
3259 4043 3378 4098 Non
3406 4053 3490 4100 est
3517 4060 3677 4113 poma

2085 4141 2264 4212 culpis
2321 4139 2457 4194 meis
2503 4139 2731 4210 mqualis
2786 4137 3117 4204 :‘dzemou,
3174 4137 3442 4196 morbus,
3500 4137 3672 4199 ensis,

2085 4229 2248 4299 ignis,
2330 4229 2514 4290 ruina,
2579 4229 2836 4292 tcnehrte,
2886 4227 3121 4298 ﬂagella,
3179 4226 3414 4294 injurize,
3481 4227 3673 4293 fames,

2084 4321 2340 4385 ludibria,
2395 4319 2582 4387 risus;
2631 4319 2803 4374 trueia
2856 4320 3038 4373 omnia
3091 4320 3317 4374 alterius
3365 4321 3486 4372 vitae
3515 4329 3676 4372 mter-

2083 4429 2214 4467 num
2243 4410 2523 4466 manentia
2570 4428 2582 4464 :
2619 4411 2762 4481 ignis
2793 4407 2916 4465 sine'
2959 4409 3098 4477 luce,
3132 4410 3370 4464 tenebrae
3396 4412 3674 4472 ardentes,

2085 4511 2346 4564 tartarus,
2399 4514 2639 4564 vermes,
2684 4499 2986 4566 cruciatus,
3044 4501 3226 4554 omnia
3291 4502 3406 4555 haec
3456 4501 3672 4555 minora

2083 4601 2213 4647 sunt
2265 4590 2402 4647 uncis
2441 4590 2622 4646 malis.
2642 4590 2927 4646 Columna:
2966 4591 3342 4648 inseribantur
3375 4591 3468 4646 illa
3499 4607 3675 4662 usque

2082 4685 2150 4738 ad
2192 4684 2379 4750 linem,
2407 4683 2762 4739 vehementer
2789 4684 3048 4739 omnibus
3071 4685 3366 4740 clamantia
3401 4700 3576 4754 usque
3607 4685 3673 4737 ad

2082 4782 2347 4838 extrema,
2374 4782 2428 4827 et
2473 4773 2518 4826 si
2555 4788 2718 4827 omne
2765 4773 2913 4829 istud
2961 4774 3199 4840 eveniat,
3236 4773 3325 4828 iila
3356 4774 3676 4829 clamabunt

2009 4869 2051 4922 ι)
2081 4864 2339 4920 omnibus
2377 4864 2470 4934 qui
2517 4864 2627 4919 illic
2682 4872 2834 4928 sunt,
2867 4865 3030 4939 'quod
3080 4880 3181 4934 ego
3213 4865 3366 4921 solus
3415 4865 3675 4920 omnibus

2077 4961 2234 5015 malis
2281 4959 2464 5014 omnia
2499 4959 2702 5026 vinco;
2739 4967 2983 5014 attamen
3039 4967 3284 5024 tuorum,
3318 4960 3537 5015 Christe
3571 4961 3669 5021 mi,

2077 5054 2255 5110 solum
2303 5069 2390 5107 mc
2421 5053 2589 5108 vincit
2623 5052 2998 5123 prodigiorum
3026 5052 3305 5120 Oceanus,
3346 5054 3670 5109 miserieuro

2077 5143 2183 5198 dia:
2207 5142 2782 5198 ineommensurabilis
2812 5142 3078 5214 abyssus,.
3098 5144 3517 5199 miserationum
3545 5142 3671 5198 fans

2082 5235 2468 5302 inexhaustus,
2501 5235 2776 5291 donorum
2807 5235 3024 5290 infinita
3049 5223 3232 5307 copia.

2404 5365 2525 5423 151.
2565 5363 2625 5418 1η
2652 5366 3040 5434 ιηῳεναινὶοεηι
3076 5365 3354 5424 Helenam.

2142 5475 2445 5535 Abscondit
2483 5477 2696 5541 lunam.
2727 5477 2820 5534 sed
2855 5476 3176 5546 splendidus
3232 5473 3494 5533 Lucifer:
3527 5489 3670 5532 nunc

2075 5571 2332 5626 Helenam
2353 5570 2640 5627 abscondit
2658 5569 2811 5628 triste
2828 5569 3168 5638 sepulcrum.
3197 5567 3300 5623 Sed
3323 5583 3428 5621 non
3450 5575 3662 5622 tantum

2077 5663 2392 5732 praevalebit
2428 5661 2670 5717 Charon.
2701 5661 2924 5732 Sepulta
2955 5662 3066 5728 illa,
3101 5661 3168 5718 ad
3199 5660 3542 5729 Spiritualem
3583 5660 3667 5714 luo

449 5741 565 5798 Non
591 5753 674 5801 est
704 5747 786 5801 vir
810 5749 902 5817 qui
939 5751 1158 5820 sapiens
1179 5763 1286 5816 est.
1319 5754 1540 5824 sapiens
1561 5763 1743 5809 autem
1782 5754 1965 5810 nullus
2063 5756 2290 5810 circi-um
2311 5769 2556 5819 sursum,
2588 5765 2648 5808 ut
2679 5755 2806 5808 luna
2840 5753 2905 5808 ad
2939 5752 3160 5816 uelum,
3196 5752 3282 5806 lux
3318 5755 3434 5822 ipsa
3464 5765 3662 5807 ascen-

449 5899 493 5932 “
521 5901 655 5971 ιιι-ε.
675 5904 958 5961 ἀθάπτων.
1037 5911 1079 5941 ⁶⁷
1113 5909 1168 5965 In
1201 5927 1374 5981 marg.
1398 5912 1459 5966 τὸ
1484 5911 1660 5982 δόγμα
1694 5912 1851 5968 τοῦτο
1883 5913 1992 5971 τῶν
2037 5913 2308 5985 Ἑλλήνων
2333 5911 2662 5984 φιλοσόφων.
