4080 6404
327 399 332 406 ~
379 359 488 424 965

379 475 486 526 Τὸν
513 472 663 542 ἥλιον
695 469 980 540 βλέποντα,
1014 465 1112 520 καὶ
1147 466 1274 536 χοῦν
1308 469 1402 520 καὶ
1433 467 1600 532 κόνιν,

392 565 633 636 Ἐχθρῶν
668 580 734 633 με
761 561 1102 632 τυγχάνοντα
1135 560 1572 630 πεφθονημένον,

393 659 479 720 Ὠς
507 657 718 725 -κόπρον
746 655 1062 723 ἀπρόσιτον,
1098 654 1496 722 ὴχρειωμένον,

385 751 482 803 Ὃν
510 749 688 820 ἱερεὺς
719 745 998 816 παρῆλθεν
1032 744 1066 814 ἢ
1103 746 1201 798 καὶ
1230 744 1462 815 Λευϊτης
1489 763 1503 810 ;

379 843 442 895 Ei
473 841 582 911 γὰρ
615 837 882 909 παρῆλθε,
911 837 1007 890 νῦν
1031 836 1077 890 δ’
1107 837 1370 908 ἐπέτριψε
1405 837 1587 901 πλέον,

384 932 494 988 Καὶ
521 929 884 1002 συμπατήσας
913 931 1008 982 καὶ
1031 929 1378 1000 καθυϐρίσας
1402 929 1522 982 ὅλον

395 1023 598 1092 Ἀφῆκε
629 1023 834 1092 γυμνὸν
865 1021 1046 1076 ἄθλιον
1079 1021 1239 1091 μόνον
1258 1036 1272 1050 ⁸

385 1113 444 1163 lii
468 1112 576 1179 γὰρ
611 1111 828 1180 παρῆκε
857 1110 953 1162 καὶ
979 1109 1280 1180 καθύϐρισε
1317 1110 1498 1179 μόνον,

381 1201 494 1256 Νῦν
523 1201 578 1254 δὲ
613 1201 932 1272 προσεστὼς
959 1201 1054 1256 καὶ
1077 1201 1209 1271 γελᾷ
1243 1217 1348 1271 μου
1387 1203 1488 1274 τὴν
1519 1203 1713 1274 τύχην,

382 1293 608 1364 Σκιρτᾷ,
639 1295 844 1364 κροτεῖ,
887 1293 1114 1363 γέγηθε,
1147 1295 1414 1364 καγχάζει
1446 1297 1608 1365 μέγα.

397 1385 538 1452 Ἐγὼ
571 1385 628 1438 δὲ
657 1385 863 1454 κωφὸς,
900 1386 1286 1464 ἐστερημένος,
1314 1387 1478 1456 Λόγε,

385 1480 582 1548 Λόγου,
610 1479 896 1548 λογισμοῦ,
927 1480 1153 1549 χειλέων
1184 1484 1276 1534 καὶ
1312 1484 1542 1552 καρδίας

386 1570 590 1638 Κεῖμαι
621 1569 916 1638 τεθνηκώς.
947 1571 1136 1622 Ἵλεων
1159 1570 1306 1634 ἴδοις,
1333 1573 1474 1640 Λόγε
1499 1589 1514 1602 ·

391 1659 635 1725 ’Λνοιξον
663 1657 756 1721 οὓς
789 1658 898 1724 σὺν,
933 1658 1163 1728 στρέψον
1188 1659 1344 1728 ὄμμα
1371 1661 1462 1712 σὺν
1495 1661 1677 1730 μόνον.

385 1751 492 1819 Σὴν
527 1749 774 1820 καρδίαν,
809 1749 900 1802 σὺν
930 1750 1004 1820 μὴ
1040 1749 1365 1821 παραϐλέψῃ
1405 1750 1616 1820 βλέπων
1641 1767 1656 1782 ³

385 1841 620 1911 Κράζων
656 1841 911 1894 ἀπεῖποψ
945 1844 1037 1912 Μὴ
1073 1841 1359 1913 βραδύνῃς,
1397 1843 1596 1913 Χριστέ
1633 1859 1732 1910 μου
1759 1859 1771 1871 ·

390 1932 530 2001 Μηδ’
578 1931 674 1996 αὖ,
709 1933 886 2004 Κόρη,
911 1935 1198 2000 Δέσποινα,
1237 1934 1448 2004 Μῆτερ,
1486 1933 1750 2004 Παρθένε,

402 2022 542 2094 Ἐμὴ
581 2023 814 2092 βασιλὶς,
846 2023 1024 2090 ἐλπὶς,
1057 2025 1092 2095 ἡ
1124 2024 1358 2096 σώτειρά
1401 2041 1528 2096 μου.

463 2133 600 2202 ρμδ’.
629 2136 734 2199 Είς
770 2133 886 2202 τὴν
918 2135 1248 2204 ὑπεραγίαν
1281 2138 1572 2191 Θεοτόκον
1605 2135 1676 2189 ἐν
1705 2135 1890 2200 πύλῃ.

390 2241 436 2291 Π
444 2240 534 2310 ρος
563 2243 628 2311 τῇ
667 2241 810 2312 πύλῃ
842 2243 1040 2314 γράφω
1070 2260 1130 2296 σε
1159 2243 1259 2314 τὴν
1283 2243 1420 2296 Θεοῦ
1448 2243 1644 2313 πύλην,

393 2333 538 2404 Πρὸς
567 2335 694 2387 ναὸν
719 2333 880 2405 αὕτη,
914 2335 1049 2407 πρὸς
1077 2335 1212 2389 Θεὸν
1233 2336 1422 2406 φέρεις
1453 2342 1518 2390 σὺ
1543 2335 1624 2392 δέ.

385 2441 532 2510 ρμέ.
561 2445 654 2508 Εἰς
681 2443 796 2512 τὴν·
822 2442 1094 2512 λάρνακα
1123 2444 1230 2498 τοῦ
1250 2446 1422 2516 ἁγίου
1454 2433 1962 2516 Παντελεήμονιις.

384 2548 578 2620 ’Ύδωρ
615 2549 821 2621 πέτρας
851 2550 1001 2620 πρὶν,
1033 2553 1127 2604 νῦν
1165 2549 1331 2622 μύρα,
1367 2550 1510 2620 πλὴν
1540 2552 1637 2606 καὶ
1667 2555 1857 2624 μύρων

329 2655 334 2662 ·
393 2639 670 2711 Ἰαμάτων
698 2641 848 2712 ῥοῦς,
881 2641 1041 2696 τοῦτο
1075 2643 1262 2714 θαῦμα
1290 2641 1612 2714 θαυμάτων.

383 2749 553 2821 ρμςό
583 2753 685 2818 Εἰς
711 2749 828 2820 τὴν
855 2751 1074 2819 δέησιν
1097 2749 1208 2818 τῆς
1234 2752 1544 2812 Θεοτόιιου,
1576 2749 1686 2805 τοῦ
1714 2749 1970 2818 Προὸμό-

701 2839 821 2892 μου
855 2822 955 2875 καί
989 2822 1096 2878 τοῦ
1133 2823 1302 2891 ἁγίου
1331 2821 1652 2875 Νικολάου.

375 2927 694 3000 Κάμφθητι
731 2929 890 3000 χερσὶ
927 2929 1185 3000 μητέρος,
1216 2928 1401 2994 θύτου,
1433 2927 1610 2998 φίλου,

370 3015 476 3084 Δίς
517 3021 882 3091 ὴγκαλίσθης,
911 3019 1000 3084 αἷς
1027 3020 1384 3090 ὲϐαπτίσθης,
1420 3020 1584 3090 Λόγε,

381 3113 524 3184 Ὑφ’
549 3109 625 3169 ὧν
651 3113 845 3186 ἐτύθης
871 3113 1018 3186 θῦμα
1043 3113 1228 3169 καινὸν
1267 3114 1547 3177 πολλάκις.

383 3305 512 3346 men
577 3289 795 3346 invidiae
857 3290 1031 3346 solius
1084 3289 1324 3346 ludibrio
1371 3299 1426 3346 et
1483 3289 1620 3346 risui
1689 3305 1778 3345 me
1838 3305 1963 3362 pro-
1993 3297 2042 3362 α

382 3381 629 3452 positum
668 3390 900 3434 cernunt
930 3379 997 3433 ad
1020 3379 1254 3434 dedecus
1277 3387 1489 3434 tantum
1530 3379 1644 3435 sole
1671 3379 1964 3448 fruentem,

383 3481 439 3526 et
493 3479 640 3524 terra
701 3478 756 3523 et
811 3470 1054 3538 pulvere,
1087 3469 1325 3524 inimicis
1387 3483 1639 3533 exosum,
1674 3477 1734 3524 ut
1779 3471 1968 3527 sordes

382 3561 675 3627 evitatum,
708 3560 986 3630 rcjectum,
1011 3575 1175 3630 quem
1206 3560 1464 3616 sacerdos
1490 3569 1584 3615 aut
1620 3559 1808 3616 Levita
1831 3575 1970 3630 pra:-

385 3649 605 3706 tcrivit?
635 3648 692 3706 Si
723 3651 870 3706 enim
903 3649 1218 3720 praeterivit,
1259 3665 1404 3705 nunc
1429 3651 1603 3720 magis
1629 3649 1886 3719 impetiit,
1915 3657 1970 3705 et

385 3743 728 3798 conculcans
751 3751 808 3796 et
832 3740 1088 3797 convitiis
1119 3755 1358 3796 onerans
1389 3749 1565 3796 totum
1616 3741 1838 3811 reliquit
1867 3756 1971 3796 nu—

387 3833 546 3898 dum,
580 3832 863 3896 miserum,
905 3831 1082 3887 solum
1117 3848 1132 3886 :
1180 3831 1225 3886 si
1280 3831 1422 3885 enim
1463 3830 1686 3900 reliquit
1737 3839 1795 3886 et
1837 3845 1971 3887 con-

387 3925 550 3980 viciis
583 3931 796 3978 tantum
823 3923 1072 3994 impctiit,
1128 3937 1276 3978 nunc
1319 3923 1588 3979 accedens
1609 3923 1752 3979 ridet
1790 3938 1966 3978 meam

389 4026 620 4080 sortem,
654 4015 801 4078 salit,
847 4014 1075 4084 plaudit,
1117 4015 1338 4084 gaudet,
1378 4014 1521 4068 ridet
1575 4013 1832 4080 multum,
1867 4029 1970 4085 ego

388 4117 574 4164 autem
627 4117 832 4171 nullus,
860 4107 1121 4174 Verbum,
1155 4106 1322 4161 verbo
1361 4106 1679 4173 destitutus,
1733 4107 1968 4172 ratione,

391 4199 554 4254 labiis
609 4206 666 4253 et
693 4199 882 4264 corde,
909 4198 1068 4268 jaceo
1113 4205 1390 4252 mortuus.
1439 4195 1709 4253 Miserans
1764 4197 1968 4268 aspice,

393 4285 658 4343 Verbum.
693 4288 857 4358 Aperi
885 4303 1074 4343 aurem
1101 4297 1275 4352 tuam,
1302 4297 1558 4342 converte
1589 4297 1798 4343 tantum
1833 4305 1970 4342 ocu-

391 4377 508 4432 lum
539 4384 722 4441 tuum,
767 4392 861 4432 cor
883 4387 1060 4441 tuum,
1093 4393 1164 4432 ne
1201 4385 1354 4431 tuum
1398 4377 1672 4447 aspiciens
1711 4379 1972 4448 despexe-

393 4469 492 4522 ris.
534 4467 794 4524 Clamans
825 4469 936 4523 dixi
967 4487 982 4524 :
1015 4468 1093 4522 Ne
1126 4469 1330 4535 tardes,
1363 4470 1582 4525 Christe
1616 4471 1722 4535 mi;
1767 4487 1832 4523 ne
1860 4478 1944 4524 tar

397 4561 494 4617 des
521 4571 574 4617 tu
605 4579 844 4633 quoque,
881 4561 1067 4635 Virgo,
1111 4563 1360 4630 Domina,
1383 4565 1573 4630 Mater,
1601 4564 1806 4634 Regina
1826 4581 1968 4629 mea,

398 4665 524 4720 spes
561 4661 614 4708 ct
629 4654 778 4710 salus
802 4669 942 4709 mea.

532 4745 656 4799 144.
712 4745 1198 4801 facundissimum
1247 4747 1514 4817 Virginem
1563 4749 1616 4800 in
1660 4759 1834 4814 porta.

467 4838 550 4888 Ad
601 4847 813 4906 portam
849 4839 1074 4894 confero
1106 4849 1158 4895 te
1193 4840 1284 4895 Dei
1337 4849 1578 4909 portam,
1610 4841 1676 4894 ad
1710 4838 1973 4908 templum

398 4927 514 4993 illa,
543 4935 601 4980 tu
627 4928 694 4980 ad
737 4926 908 4982 Deum
940 4929 1119 4984 ducis.

631 5036 756 5090 145.
795 5035 862 5090 In
895 5054 1085 5092 urnam
1113 5039 1285 5092 sancti
1319 5038 1759 5095 Pantaleemonis.

471 5127 631 5196 Aqua
649 5143 678 5178 e
701 5141 834 5192 rupe
860 5127 1012 5191 olim,
1031 5143 1178 5180 nunc
1205 5129 1686 5197 unguentum,imo
1699 5139 1972 5200 unguenta

400 5217 642 5270 remedia
671 5215 870 5284 ﬂuunt;
903 5217 1006 5272 hoc
1061 5219 1448 5272 miraculorum
1478 5221 1829 5276 miraculum.

403 5308 534 5362 146.
567 5307 952 5363 [iterationem
985 5309 1268 5434 Βώρου-ρει,
1303 5309 1664 5367 Prwcursoris
1693 5323 1742 5367 et
1782 5313 1842 5370 S.
1871 5315 1975 5370 Ni-

1130 5397 1188 5434 co
1215 5398 1292 5434 tu.

1130 5397 1292 5435 εοιιιι.

475 5465 743 5525 Flectaris
807 5471 1064 5526 manibus
1103 5472 1318 5538 matris,
1347 5473 1762 5541 sacrificatoris,
1791 5477 1976 5543 amici,

409 5571 532 5626 qua:
561 5567 617 5613 te
667 5561 948 5632 complexa
985 5573 1134 5627 sunt,
1164 5579 1286 5629 quae
1308 5573 1358 5618 te
1387 5564 1822 5632 haptizaverunt,
1847 5566 1978 5620 Ver-

409 5649 562 5716 bum,
604 5665 724 5720 qu-te
755 5665 806 5711 te
861 5655 1058 5725 sacpius
1102 5655 1376 5711 victimam
1426 5669 1622 5710 novam
1657 5656 1979 5714 immolave-

411 5750 557 5797 runt.

1697 357 2034 418 CARMINA
2069 359 2318 420 VARIA.

1987 480 2028 532 Α
2063 467 2207 539 ρμζ’.
2235 471 2340 534 Εἰς
2397 467 2510 537 τὴν
2549 467 2644 522 διὰ
2689 471 3084 538 κινναϐάρεως
3117 470 3452 537 βασιλικὴ-ν
3493 474 3642 525 ὑπο-

3530 362 3641 424 9ὕῦ

2719 542 2974 610 γραφήν.

2064 644 2190 701 Οἴον
2217 647 2276 701 τὸ
2305 647 2504 718 χρῶμα
2539 648 2636 702 καὶ
2663 648 2812 718 λόγοι
2841 649 2935 704 τοῦ
2968 650 3266 705 δεσπότουι

2077 739 2326 812 Ῥήματα
2354 743 2507 796 ταῦτ’
2536 743 2761 818 ἀληθέα,
2797 745 3029 800 τοῦνεκα
3060 746 3328 819 χρώματα
3359 747 3496 800 τοῖα.

2573 881 2720 944 ρμη’.
2761 877 2866 942 Εἰς
2890 876 3127 930 ἑαυτόν.

2066 975 2370 1046 Οὖρανίων,
2401 979 2658 1046 ἐπιγείων
2686 981 2899 1052 ἵστορα,
2932 983 3038 1046 τίς,
3059 984 3209 1051 λέγε,
3240 983 3406 1053 θῆκεν

2146 1067 2643 1141 Ὀκτωκαιδεκέτην
2670 1073 2840 1126 εἰσέτι
2877 1075 2948 1136 α’,
2992 1074 3248 1144 Ἰωάννης

2063 1157 2209 1227 Θῆκέ
2253 1176 2320 1228 με
2349 1161 2750 1230 παμϐασίλεια,
2782 1166 2875 1216 καὶ
2897 1165 3128 1238 ἠνορέην
3156 1167 3250 1219 ἐπὶ
3279 1166 3486 1227 τούτοις

2139 1249 2322 1302 Δῶκεν
2353 1253 2688 1322 ἀριπρεπέα,
2719 1257 2958 1324 ρήγνυσο
2991 1257 3183 1328 μῶμος
3215 1258 3381 1320 ἆπας.

2597 1361 2737 1430 ρμθ’.
2773 1363 2908 1430 Περὶ
2935 1364 3120 1432 ,Θεοῦ

2065 1467 2366 1522 Κάλλιστον
2399 1467 2568 1523 ὅντων
2599 1472 2824 1540 κόσμος,
2861 1473 3085 1543 ἀρχαῖον
3115 1475 3326 1546 χρόνος,

2065 1561 2242 1623 Τόπος
2269 1561 2548 1630 μέγιστον,
2573 1561 2695 1625 νοῦς
2718 1563 2989 1634 τάχιστον,
3023 1565 3155 1632 φῶς,
3193 1567 3372 1636 χάρις.

2067 1651 2200 1714 θεὸς
2228 1651 2285 1704 δὲ
2311 1652 2490 1706 πάντα
2517 1651 2692 1706 ταῦτα
2727 1657 2822 1707 καὶ
2847 1655 3064 1710 πάντων
3086 1657 3198 1710 ἄνω

2142 1773 2242 1837 ρν¹.
2268 1768 2374 1834 Ετς
2409 1783 2578 1834 τινας
2619 1770 2841 1835 νυκτὸς
2867 1769 3180 1835 ἁλοῶντας
3206 1769 3287 1836 ὡς
3317 1769 3436 1822 ἀπὸ
3470 1768 3578 1836 τῆς

2693 1841 2983 1907 σελήνης.

2071 1946 2350 2016 Ἅρματος
2389 1947 2664 2018 ἡμετέρου
2689 1948 2772 2011 τίς
2801 1949 2998 2019 ἔϐησεν
3023 1947 3324 2019 ἐλάστορας
3353 1948 3573 2015 ἄλλους’

2136 2038 2288 2090 Δῖνον
2319 2038 2648 2109 ἀειστροφέα
2675 2039 2896 2093 πάντοσ’
2933 2032 3363 2110 ἐλαυνομένοοςς

2069 2125 2246 2191 Ἵίλιε,
2282 2127 2602 2198 τεθρίπποις
2624 2129 2916 2200 νεμεσίσῃς
2949 2131 3148 2200 μηκέτι
3184 2130 3404 2200 μούνοις

2138 2217 2247 2271 οἴδ¹
2271 2218 2636 2290 ὲπιτολμῶσιν
2659 2221 2946 2292 ἀμετέροις
2979 2237 3040 2273 τε
3071 2220 3302 2290 δίφροις.

2484 2353 2620 2417 ρνα’.
2647 2350 2753 2415 Είς
2776 2348 2892 2417 τὴν
2913 2347 3232 2412 βάπτισιν.

2067 2477 2177 2532 Καὶ
2212 2477 2386 2548 φρένα
2415 2477 2510 2531 καὶ
2550 2479 2809 2550 παλάμην
2849 2480 3125 2552 τρομερὴν
3151 2479 3245 2533 καὶ
3280 2478 3424 2548 ἅψεα
3466 2479 3647 2533 πάντα

2067 2569 2269 2642 Δέρκεο
2292 2570 2387 2626 σοῦ
2415 2572 2764 2643 θεράποντος.
2809 2574 3116 2644 Ἀπὸστιχε,
3149 2573 3267 2638 πῶς
3291 2592 3350 2628 σε
3374 2575 3601 2644 καθήρω
3625 2591 3642 2638 ;

2070 2661 2188 2733 Πῦρ
2209 2663 2406 2726 ἀπνεὲς
2435 2663 2697 2728 τελέθεις,
2746 2664 2992 2735 ποταμὸς
3040 2665 3364 2732 παλίνορσος
3397 2665 3644 2735 ἀπέστη.

2069 2753 2279 2807 ’Ἃπτεο
2317 2753 2412 2807 σοῦ
2445 2754 2730 2825 βασιλῆος·
2771 2754 2866 2808 νῦν
2895 2755 3112 2808 ἐπέοικε
3153 2755 3335 2808 πάντα

2068 2845 2303 2917 Μορφῆς
2359 2845 2662 2917 ἀνδρομέης
2710 2847 2972 2913 τελέθειν,
3032 2846 3127 2900 καὶ
3161 2846 3368 2900 ῦστατα
3411 2846 3647 2917 ἔμπαλιν

3437 2936 3645 3008 [αύτδς,

2069 3027 2307 3098 Αἵμασιν
2367 3027 2685 3099 αὐτοχύτοις
2720 3028 3060 3098 παλάμαισιν
3103 3029 3266 3098 ἐμαῖς
3294 3045 3353 3082 σε
3393 3027 3678 3098 καθήρω.,

2071 3118 2254 3183 Χάζεὸ
2284 3135 2398 3188 μοι,
2433 3117 2677 3188 βασιλεῦ,
2718 3118 2811 3170 καὶ
2841 3117 3018 3171 ἄπνοα
3047 3118 3284 3188 πέφρικέ
3313 3116 3538 3188 ῥεῖθρα·

2200 3291 2326 3346 147.
2360 3291 2423 3346 1η
2447 3293 2784 3362 imperatoris
2808 3292 3209 3360 suscriptionem
3235 3308 3264 3346 e
3288 3292 3527 3346 cinabro.

2139 3381 2330 3448 Qualis
2363 3382 2512 3438 color
2539 3383 2668 3437 talia
2695 3382 2900 3439 domini
2941 3383 3134 3450 verba;
3161 3382 3325 3438 verba
3356 3383 3472 3438 haec
3498 3397 3645 3448 vera,

2073 3473 2198 3531 ideo
2223 3475 2440 3532 colores
2458 3475 2624 3531 etiam
2665 3475 2804 3530 veri.

2611 3565 2733 3621 “8.
2755 3563 2822 3620 In
2861 3565 3116 3635 seipsum.

2139 3655 2459 3714 leestium
2521 3663 2576 3711 et
2631 3653 2973 3711 terrestrium
3015 3653 3271 3725 peritum,
3338 3651 3489 3722 quis,
3535 3651 3649 3718 dir,

2073 3749 2264 3806 statuit
2281 3757 2334 3804 te
2347 3757 2472 3806 octo
2498 3755 2552 3804 et
2569 3746 2760 3804 decem
2799 3761 2976 3803 annos
3001 3745 3220 3802 circiter
3237 3751 3449 3811 natum,
3475 3741 3649 3798 Joan-

2074 3842 2212 3898 nes?

2153 3932 2362 3988 Statuit
2400 3947 2490 3987 me
2519 3932 2903 3988 universorum
2955 3931 3164 4003 regina,
3196 3939 3252 3987 et
3277 3929 3648 3987 fortitudinem

2071 4022 2281 4078 addidit
2305 4021 2590 4087 eximiam,
2625 4022 2788 4078 abeat
2816 4021 2998 4077 omnis
3035 4022 3240 4080 irrisio.

2635 4115 2760 4170 M9.
2819 4114 2897 4169 De
2951 4114 3082 4169 Deo.

2143 4204 2574 4259 Pulclierrimum
2635 4205 2845 4260 entium
2889 4205 3152 4266 mundus,
3203 4201 3648 4272 antiquissimum

2071 4309 2310 4369 tempus,
2354 4300 2656 4354 maximum
2702 4299 2884 4362 locus,
2915 4299 3324 4354 velocissimum
3359 4312 3534 4362 mens,
3567 4295 3652 4348 ln-

2075 4409 2218 4458 men,
2250 4392 2446 4462 gratia.
2468 4391 2611 4448 Deus
2627 4401 2808 4447 autem
2833 4393 3019 4448 omnia
3045 4393 3158 4446 haec
3174 4399 3228 4445 et
3250 4388 3504 4445 omnibus
3534 4404 3652 4442 ma-

2068 4483 2177 4551 jor.

2117 4574 2237 4629 150.
2276 4573 2340 4628 In
2382 4583 2663 4628 nocturnos
2695 4575 3034 4644 eagabundos
3073 4575 3212 4628 velut
3246 4591 3276 4628 a
3301 4573 3426 4627 (una
3448 4580 3613 4624 actas.

1999 4637 2050 4694 D
2149 4665 2381 4720 Currum
2431 4667 2484 4719 in
2533 4669 2800 4736 nostrum:
2828 4667 2954 4737 quis
2990 4666 3282 4722 collocavit
3317 4665 3454 4718 alios
3497 4662 3651 4714 auri-

2083 4773 2202 4828 gas,
2243 4757 2531 4813 circuitum
2559 4773 2774 4829 semper
2797 4769 3078 4829 gyrantcm
3125 4771 3454 4827 quacunque
3515 4755 3651 4810 diri-

2077 4851 2304 4920 gentes?
2691 4907 2694 4910 .

2146 4937 2262 5004 Sol,
2295 4949 2532 5010 quatuor
2555 4941 2714 5010 cquis
2750 4949 2959 4996 tantum
2997 4940 3200 4994 habere
3223 4955 3290 4994 ne
3319 4937 3648 5007 indigneris;

2076 5031 2151 5084 illi
2193 5031 2401 5086 nostris
2435 5030 2572 5100 bigis
2593 5032 2704 5102 jam
2743 5031 3164 5085 insultavvrnnt.

2568 5123 2692 5176 151.
2719 5121 2785 5176 1η
2813 5123 3150 5191 baptismum.

2151 5213 2216 5267 Et
2273 5222 2506 5267 mentem
2534 5253 2549 5278 ,
2593 5223 2648 5269 et
2695 5229 2917 5266 manum
2987 5221 3304 5268 trementem
3346 5221 3400 5268 et
3458 5225 3652 5264 omnes

2077 5321 2272 5360 sensus
2289 5305 2471 5374 aspice
2491 5305 2567 5358 tui
2594 5305 2812 5359 famuli.
2835 5305 2959 5372 Abi,
2982 5307 3256 5374 quomodo
3269 5313 3320 5359 te
3339 5303 3610 5359 mundabo
3627 5303 3652 5355 ’ἔ

2077 5393 2222 5465 Ignis
2261 5395 2566 5449 exstinctus
2598 5403 2702 5462 est,
2731 5397 2908 5450 amnis
2943 5394 3348 5465 retrogredicns
3399 5393 3646 5447 recessit.

2079 5484 2256 5538 Tuum
2294 5499 2472 5552 regem
2508 5493 2720 5554 tanges,
2749 5500 2896 5539 nunc
2931 5485 3185 5540 videntur
3209 5483 3394 5538 omnia
3457 5483 3652 5536 huma-

2079 5589 2204 5626 nam
2237 5571 2469 5626 formam
2497 5583 2911 5642 rrcuperare,et
2944 5573 3160 5630 tandem
3185 5573 3378 5628 iterum
3398 5573 3540 5628 idem
3565 5587 3646 5636 es,

2079 5665 2343 5732 sanguine
2403 5673 2594 5732 sponte
2641 5664 2824 5718 ﬂuenti
2873 5665 3128 5720 manibus
3191 5665 3329 5720 meis
3386 5673 3438 5720 te
3493 5679 3656 5717 mun-

2080 5755 2240 5809 dubn.
2275 5787 2344 5795 -—
2378 5755 2604 5810 Rcrcdis
2659 5773 2686 5810 a
2741 5773 2849 5822 me,
2899 5775 3011 5823 rex,
3059 5767 3108 5813 ct
3151 5757 3392 5812 inanima
3457 5757 3654 5812 fluenta
