4080 6450
428 589 596 643 Φύσει
631 588 737 659 γάρ
764 582 923 644 αὗται
952 590 1129 661 τίμιαι
1159 593 1252 644 καὶ
1285 594 1395 656 τοῖς
1427 592 1629 658 ξένοις,

432 681 707 753 Θρηνοῦσι
741 683 785 735 δ’
816 683 986 754 αὐτὴν
1014 683 1113 755 τὴν
1149 684 1422 754 βασίλειον
1452 687 1605 739 πόλιν
1642 702 1655 717 ⁸

434 776 543 828 Καὶ
572 777 828 845 σκῆπτρα
864 775 1089 845 Ῥώμης
1117 778 1213 830 καὶ
1241 781 1310 831 τὰ
1349 779 1637 849 Ῥωμαίων
1669 779 1831 843 καλά,

446 867 672 920 Ῥυέντα
702 868 838 937 πρὸς
869 868 997 938 χοῦν
1036 869 1203 940 ἔργα,
1226 872 1321 925 καὶ
1361 874 1568 942 σεμνάς
1598 873 1781 936 πόλεις

433 963 559 1023 Τοῖς
590 960 789 1027 ἔθνεσι,
824 961 923 1029 φεῦ
950 963 964 1016 ί
992 962 1241 1028 ἐκτόπως
1274 968 1624 1033 πατουμένας
1650 983 1662 994 ·
1786 962 1791 965 ⁷

433 1052 543 1105 Καὶ
573 1051 733 1116 δόξαν
764 1051 1080 1124 ἀνθήσασαν
1108 1056 1167 1107 ἐν
1204 1055 1418 1119 πολλοῖς
1445 1056 1685 1127 χρόνοις,

433 1143 543 1195 Καὶ
568 1143 664 1195 τοῦ
704 1144 1015 1214 στρατηγοῦ
1047 1144 1116 1198 τὰ
1144 1145 1312 1216 νεῦρα
1337 1147 1781 1214 συγκεκομμένα.

430 1233 637 1287 Γελῶσι
672 1234 719 1288 δ’
751 1235 948 1300 αὐτοὺς
979 1236 1074 1289 καὶ
1109 1238 1308 1306 σοφοὺς
1331 1236 1629 1300 ὑποξύλους

433 1327 545 1380 Καὶ
572 1328 698 1392 τοὺς
730 1327 989 1390 τεθέντας
1011 1329 1119 1381 τῶν
1154 1328 1292 1382 νέων
1319 1327 1497 1397 σοφῶν
1536 1329 1736 1400 δόμους
1766 1329 1835 1385 ³³.

430 1418 617 1482 Δειλός
646 1437 729 1483 τις
761 1419 905 1475 ἔστω
930 1422 1039 1483 πᾶς
1066 1420 1249 1489 σοφὸς,
1286 1420 1392 1474 κᾶν
1422 1421 1496 1492 μὴ
1521 1421 1672 1494 θέλῃ.

431 1511 601 1578 Λαγῶ
633 1512 747 1582 βίον
772 1512 901 1578 ζῶν,
936 1512 1154 1581 γλῶττα
1191 1512 1284 1565 καὶ
1312 1513 1523 1584 γαστὴρ
1558 1515 1740 1584 μόνον.

432 1605 729 1674 Πράκτωρ,
763 1604 1038 1674 ὑπουργὸς
1064 1605 1161 1658 καὶ
1187 1607 1455 1677 ποριστὴς
1484 1607 1781 1678 χρημάτων
1801 1625 1814 1647 ο

430 1695 544 1763 Τῆς
567 1695 790 1766 ἀνδρίας
825 1696 924 1765 μὲν
952 1698 1011 1749 ἐν
1046 1696 1225 1765 λόγοις
1251 1698 1569 1768 ἐπαινέτης’

430 1787 543 1840 Καὶ
574 1787 673 1858 τῆς
706 1787 941 1851 παλαιᾶς
965 1789 1169 1861 ἀρετῆς
1202 1790 1551 1861 μεμνημένος
1576 1808 1589 1823 υ

433 1874 661 1950 Ἔργοις
690 1880 747 1933 δὲ
772 1881 980 1951 ταύτης
1007 1882 1107 1951 τὴν
1138 1882 1390 1937 ἐναντίαν
1419 1884 1627 1954 τρέχων
1646 1901 1660 1914 ο

431 1971 553 2025 Κᾶν
588 1974 636 2026 εἰ
663 1972 845 2043 σοφῶν
872 1991 958 2039 τις
981 1974 1142 2040 ἄλλος
1180 1976 1405 2047 ἀνδρίαν
1434 1976 1588 2032 λάσοι
1609 1992 1625 2008 ο

429 2063 568 2116 Θεοῦ
599 2065 707 2134 γὰρ
738 2066 871 2118 αὐτὸ
899 2066 1071 2137 δῶρον
1098 2061 1215 2120 οἶδα
1249 2069 1343 2123 καὶ
1377 2069 1558 2139 μόνον,

435 2157 738 2223 Ἐκτακτος
765 2153 941 2224 οὗτος,
976 2160 1074 2213 καὶ
1104 2159 1285 2228 σοφῶν
1319 2160 1462 2214 λύων
1491 2161 1709 2231 νόμους.

426 2249 535 2302 Φεῦ
559 2251 661 2320 τῆς
693 2252 916 2319 ἀγνοίας
949 2253 961 2305 !
998 2250 1101 2320 φεῦ
1133 2252 1333 2322 φθόνου
1359 2255 1372 2306 ι
1405 2253 1507 2322 φεῦ
1539 2253 1645 2307 τῶν
1670 2255 1800 2311 δύοί

428 2342 552 2399 Υἱοὶ
584 2345 793 2417 βροτῶν
830 2349 1111 2417 μαίνοισθε
1147 2351 1309 2422 μέχρι
1343 2351 1441 2405 καὶ
1466 2353 1643 2419 τίνος;

428 2437 505 2490 ’Ἡ
535 2437 646 2491 τῶν
684 2438 865 2491 καλῶν
895 2441 1004 2509 γὰρ
1032 2441 1259 2513 ἀνδρίαν
1284 2444 1346 2496 οὑ
1371 2445 1671 2512 γραπτέον,

427 2528 507 2581 ’Ἡ
538 2529 611 2600 μὴ
653 2534 898 2601 μετεῖναι
925 2531 1032 2587 τῶν
1060 2534 1240 2587 καλῶν
1272 2535 1483 2591 ἐατέον.

418 2622 627 2692 Σοφοῖς
652 2624 814 2693 σοφὸν
852 2624 909 2678 δὲ
932 2626 1105 2680 καὶτὸ
1130 2627 1417 2697 βούλεσθαι
1449 2630 1591 2694 τόδε,

419 2712 546 2785 Τῆς
581 2715 626 2769 δ’
658 2717 863 2785 ἀρετῆς
889 2718 1136 2790 πόρῥωθι
1166 2719 1383 2775 κεῖσθαι
1414 2722 1513 2787 τὰς
1539 2722 1743 2793 φρένας
1768 2741 1783 2755 ·

416 2805 544 2876 Τὴν
573 2806 618 2859 δ’
652 2802 720 2861 αὖ
742 2808 956 2862 τελείαν
984 2810 1185 2881 ἀρετὴν
1218 2811 1330 2879 ἐγὼ
1363 2811 1526 2881 λέγω,

415 2897 757 2967 Εὑανδρίαν,
794 2900 1087 2971 φρόνησιν,
1119 2902 1326 2972 ἡδονῶν
1361 2905 1588 2975 κράτος.

424 2986 505 3043 Ἣ
534 2988 579 3041 δ’
611 2989 792 3060 ἰσότης
815 2990 871 3044 τί
897 3007 912 3057 ;
945 2992 1160 3062 Κρᾶσις
1188 2992 1405 3064 ἀρετῶν
1436 2994 1526 3063 ἴση
1553 3012 1568 3027 ο

416 3079 614 3149 ’Ὅπερ
645 3078 854 3133 δίκαιον
880 3077 997 3135 ἔστι
1031 3082 1127 3135 καὶ
1155 3082 1407 3136 καλεῖται
1440 3086 1554 3146 τοῖς
1586 3083 1776 3136 πάλαι.

418 3170 596 3227 Μισῶ
632 3171 893 3243 σοφιστὴν
919 3173 1067 3235 ὅστις
1092 3172 1191 3243 ούχ
1218 3172 1369 3243 αύτῷ
1406 3174 1571 3242 σοφός
1596 3192 1611 3206 ο

420 3264 558 3318 Οὐδ’
588 3261 749 3334 ἔσχεν
775 3257 972 3335 οἷσπερ
996 3263 1091 3317 καὶ
1116 3266 1279 3335 σοφὸς
1298 3264 1651 3338 γνωρίζεται.

1742 477 2086 540 ΕᾹΠΜΙΝΑ
2120 480 2373 539 VARIA.

2038 607 2084 661 Α
2116 598 2177 651 Εἰ
2201 592 2485 651 συλλαϐεῖν
2508 596 2563 649 δὲ
2597 594 2671 665 μὴ
2703 593 2911 658 σθένεις
2940 593 3147 662 τόλμαν
3178 592 3344 661 λόγῳ,

3595 479 3701 541 978

2121 691 2186 742 Ti
2215 691 2331 754 τοῖς
2347 690 2531 761 έχουσι
2556 688 2650 742 καὶ
2678 688 2893 757 φθονεῖς
2916 686 3239 748 ama/nuc;

2119 782 2163 833 Τ
2171 784 2187 833 ί
2230 782 2326 836 καὶ
2360 782 2591 852 στερείς,
2622 779 2902 850 ἄνθρωπε,
2943 778 3147 848 γνῶσιν
3192 776 3408 846 ἱσχύοςς

2119 875 2186 926 Τί
2217 876 2331 938 τοῖς
2360 873 2663 942 ἀγνώστοις
2694 871 3024 941 ἐγχειρίζεις
3062 870 3218 939 ἡνίας
3249 885 3263 933 ;

2118 965 2185 1018 Τί
2219 964 2415 1037 βρῶμα
2438 967 2610 1029 ποιεῖς
2640 966 2739 1028 τὰς
2773 966 2959 1028 πόλεις
2988 967 3100 1026 τοῖς
3129 962 3432 1033 βαρϐάροις
3456 977 3474 1027 ς

2120 1059 2184 1111 Τί
2217 1057 2383 1125 νεῦρα
2412 1057 2632 1127 τέμνεις
2656 1056 2751 1111 τοῦ
2786 1056 3020 1129 στρατοῦ
3050 1055 3434 1124 τεθραμμένα,

2120 1150 2350 1213 Πολλαῖς
2380 1150 2613 1205 παλαιοῦ
2642 1149 2740 1204 καὶ
2770 1150 2965 1212 καλαῖς
2991 1160 3378 1219 στρατηγίαις,

2118 1238 2408 1309 Εὑρήμασί
2433 1256 2492 1292 τε
2515 1241 2610 1292 καὶ
2636 1239 2819 1308 σοφῶν
2844 1240 3256 1310 τεχνουργίαιςς

2121 1331 2418 1402 Εὐριπίδου
2451 1331 2570 1394 πῶς
2591 1332 2703 1385 τῶν
2740 1333 3066 1403 στρατηγῶν
3089 1334 3188 1403 τὴν
3214 1332 3397 1403 κρίσιν

2121 1424 2288 1493 Σοφδς
2325 1425 2519 1489 δοκῶν,
2549 1425 2827 1495 ἄνθρωπε,
2858 1424 2955 1479 νῦν
2984 1426 3353 1495 παρατρέχεις

2118 1518 2326 1590 Θάρσει
2353 1519 2657 1589 προκρίνας
2677 1518 2786 1572 τῶν
2826 1516 3041 1588 φρενῶν
3074 1518 3393 1583 εύόουλίαν;

2126 1611 2223 1662 Ἓν
2252 1609 2359 1680 γὰρ
2382 1610 2536 1663 οὐδὲν
2563 1610 2793 1681 θάτερον
2828 1610 3206 1679 λελειμμένον.

2121 1704 2187 1756 Τί
2215 1704 2312 1756 καὶ
2340 1702 2571 1756 καλοῦσι
2600 1702 2698 1773 τὴν
2734 1702 2969 1774 Ἀθηνᾶν
3008 1702 3255 1755 Παλλάδα
3279 1717 3296 1764 ;

2123 1796 2190 1848 Ti
2225 1796 2272 1848 δ’
2297 1812 2312 1860 ;
2342 1795 2445 1848 οὐκ
2483 1794 2765 1847 Ἀπόλλων
2796 1794 3057 1865 μουσικὸς
3085 1794 3182 1847 καὶ
3216 1792 3472 1863 τοξότης;

2124 1885 2190 1941 Τί
2218 1886 2265 1939 δ’
2300 1882 2369 1957 ἦν
2416 1886 2741 1957 Ἀχιλλεύςς
2772 1886 2991 1957 πρῶτος
3013 1887 3073 1939 οὐ
3103 1885 3331 1955 θεωρίᾳ,

2050 1950 2093 2005 Β
2123 1980 2235 2035 Καὶ
2275 1950 2535 2051 μουσικός
2572 1998 2656 2044 τις
2691 1950 2829 2053 ᾖδεν
2843 1980 3055 2051 ἀνδρῶν
3084 1980 3152 2032 τὰ
3184 1950 3354 2043 κλέα-ς
3427 1988 3433 1993 '

2128 2072 2393 2143 Ἰατρικὸς
2419 2071 2463 2125 δ’
2485 2070 2572 2134 οὒ.
2608 2075 2703 2126 καὶ
2730 2071 2977 2143 μαθητὴς
3004 2070 3320 2141 Κενταύρου
3342 2088 3357 2135 ;

2117 2165 2184 2217 Τί
2210 2166 2256 2219 δ’
2281 2163 2348 2236 ἦν
2389 2165 2712 2233 Ὀδυσσεύς;
2744 2166 2804 2218 ού
2837 2166 3015 2234 λόγοις
3049 2167 3232 2232 σοφοῖς
3259 2164 3438 2232 ρέωνς

2118 2259 2192 2311 Τὸ
2220 2258 2470 2313 σύντονον
2506 2258 2562 2311 δὲ
2600 2259 2682 2321 τίς
2710 2258 3042 2330 κατώρθωσε
3074 2260 3270 2325 πλέως

2132 2351 2241 2403 Ἐῶ
2272 2349 2472 2405 Πύλιον
2505 2349 2601 2404 τοῦ
2636 2350 2853 2420 μέλιτος
2884 2352 3039 2420 ἡδίω,

2118 2441 2231 2495 Καὶ
2261 2440 2361 2512 τὴν
2405 2440 2678 2511 Ἀτρείδου
2717 2442 3166 2511 συντετμημένην
3199 2440 3379 2510 φύσιν,

2122 2533 2347 2603 Ἤρωας
2377 2532 2548 2603 ἄρδην
2584 2531 2735 2586 ἐνθεν
2764 2533 3191 2602 ὠνομασμένους
3218 2548 3232 2563 ·

2121 2625 2384 2695 Εἵροντας
2416 2624 2475 2677 εὖ
2504 2641 2566 2677 τε
2596 2626 2693 2677 καὶ
2721 2624 2983 2691 λέγοντας
3008 2624 3275 2694 ἐντέχνως
3294 2640 3309 2658 ο

2134 2717 2371 2789 Ἀνδρῶν
2396 2718 2653 2772 ἁπάντων
2683 2719 2986 2789 Σωκράτης
3015 2720 3355 2788 σοφώτερος·

2126 2809 2299 2879 Ἔστη
2336 2809 2381 2861 δ’
2408 2810 2501 2862 ἐπ’
2525 2810 2700 2879 αὐτὴν
2725 2810 2989 2873 πολλάκις
3014 2809 3113 2881 τὴν
3142 2810 3346 2863 ἀσπίδα
3369 2825 3385 2839 ’

2123 2901 2233 2953 Καὶ
2262 2900 2480 2971 πρῶτος
2511 2896 2614 2972 ἦρε
2647 2900 2756 2954 τῶν
2786 2902 3057 2973 ἀριστέων
3086 2902 3226 2973 γέρα
3252 2918 3267 2933 ·

2124 2991 2353 3045 Πλάτων
2384 2992 2648 3065 ἀθλητὴς,
2676 2994 2771 3047 »αἱ
2808 2992 3057 3065 μαχητὴς
3081 2993 3365 3065 Αἰσχύλος.

2134 3081 2194 3135 ⁸0
2230 3082 2275 3135 δ’
2302 3080 2752 3155 οὗνστρατηγῶν
2775 3086 2994 3156 πρῶτος
3015 3086 3076 3139 οὐ
3108 3089 3203 3139 καὶ
3232 3088 3485 3158 ῥητόρων
3515 3087 3601 3152 “;

2124 3176 2313 3243 Σοφῶν
2338 3177 2393 3229 δὲ
2424 3177 2645 3247 μᾶλλον,
2671 3178 2729 3239 ὃς
2754 3177 2873 3230 λύει
2904 3180 3190 3249 χρησμοὺς
3219 3179 3414 3248 μόνος,

2126 3270 2352 3334 Βουλαῖς
2373 3271 2430 3324 δὲ
2462 3273 2589 3341 νικᾷ
2615 3273 2721 3325 καὶ·
2745 3271 2950 3341 μάχαις
2980 3272 3080 3342 τὴν
3104 3273 3208 3343 γῆν
3239 3272 3369 3349 ὃλην
3386 3288 3425 3303 ν

417 3444 577 3518 gulis
614 3444 801 3501 tristes
819 3444 1013 3501 sedent
1042 3454 1098 3500 et
1121 3444 1400 3516 negleetze,
1424 3412 1806 3500 lamentantur
1836 3459 2021 3500 amare
2050 3463 2093 3524 ρ
2130 3446 2274 3516 apud
2311 3456 2547 3503 veteres.
2588 3447 2689 3503 Odi
2719 3448 3021 3520 sophistam
3052 3449 3146 3519 qui
3192 3448 3297 3504 sibi
3346 3463 3455 3502 non
3491 3449 3715 3518 sapiens

416 3554 545 3595 non
575 3553 734 3595 suam
767 3547 996 3604 sortem,
1034 3553 1162 3593 nam
1210 3546 1409 3593 natura
1438 3538 1772 3592 honorandae
1807 3548 1936 3593 sunt
1963 3548 2019 3592 et

411 3630 499 3685 ab
528 3630 736 3686 exteris
784 3631 1154 3698 honorantur,
1184 3632 1279 3687 sed
1328 3632 1699 3686 lamentantur
1729 3631 1901 3701 ipsam
1928 3646 2017 3685 re-

408 3721 578 3794 giam
613 3719 827 3788 urbem,
859 3731 915 3776 et
945 3730 1161 3791 sceptra
1189 3720 1377 3776 Roma;
1414 3732 1469 3776 et
1501 3719 1873 3777 Romanorum
1904 3722 2019 3775 cxi-

411 3814 565 3878 mia,
614 3811 806 3868 diruta
836 3812 904 3868 ad
951 3814 1134 3869 solum
1192 3828 1392 3883 Opera,
1439 3821 1497 3868 et
1540 3813 1753 3869 nobiles
1801 3814 2019 3869 urbesa

408 3905 688 3977 gentibus
717 3904 857 3961 heu!
890 3905 1169 3965 horrendo
1201 3906 1368 3960 modo
1404 3906 1780 3971 conculcatas,
1811 3916 1865 3960 et
1894 3906 2019 3975 glo-

407 4000 571 4054 riam
609 4013 732 4069 quae
758 4005 911 4053 tanto
951 4008 1198 4069 tempore
1232 3997 1437 4063 floruit,
1478 4005 1533 4052 et
1579 3997 1736 4054 ducis
1772 3997 2017 4068 vigorem

405 4104 844 4164 consumptum.
879 4092 1079 4149 Rident
1123 4102 1306 4147 autem
1349 4093 1472 4148 illos
1517 4093 1797 4161 sapientes
1844 4091 2016 4147 subli-

402 4202 625 4262 gueos,
652 4194 707 4243 et
728 4187 829 4244 bas
855 4203 977 4257 quae
1002 4187 1192 4258 posita:
1221 4194 1353 4242 sunt
1385 4200 1654 4241 novorum
1686 4184 2018 4255 sapientium

398 4282 651 4337 domos.
685 4272 888 4336 socors
911 4280 985 4335 sit
1022 4279 1200 4356 omnis
1224 4278 1612 4348 philosophus,
1648 4278 1779 4333 licet
1814 4277 2014 4331 nolue-

342 4410 345 4411 ν
398 4375 513 4437 rit,
556 4371 768 4441 leporis
799 4371 968 4426 vitam
1000 4372 1227 4437 vivens;
1260 4371 1447 4442 lingua
1477 4379 1689 4426 tantum
1726 4379 1779 4425 et
1809 4378 2018 4434 venter,

402 4465 623 4519 alacer
656 4461 725 4516 ad
759 4461 1053 4532 agendum,
1087 4462 1474 4532 obsequiosus,
1516 4461 1835 4517 divitiarum
1864 4475 2020 4530 quae-

402 4557 592 4621 sitor,
650 4554 994 4610 fortitudinis
1038 4555 1093 4609 in
1128 4554 1310 4609 verbis
1335 4554 1607 4617 laudator,
1638 4562 1694 4608 et
1735 4554 2017 4621 antiquam

405 4650 696 4704 virtutem
755 4662 1093 4713 memorans,
1145 4632 1406 4717 operibus
1450 4654 1634 4702 autem
1681 4645 2017 4700 contrariam

401 4739 623 4796 virtuti
655 4740 797 4794 viam
830 4755 1085 4811 sequens.
1121 4741 1375 4812 quamvis
1411 4739 1611 4810 aliquis
1643 4739 1784 4792 alius
1837 4738 2021 4807 philo-

2127 3550 2230 3603 est,
2261 3548 2316 3595 et
2342 3556 2449 3593 non
2478 3540 2641 3596 habet
2668 3556 2732 3596 ea
2762 3542 2964 3612 quibus
2991 3541 3212 3611 sapiens
3240 3541 3617 3611 cognoscitur.
3652 3540 3713 3593 Si

2128 3646 2259 3685 vero
2276 3631 2611 3701 conjungere
2635 3649 2740 3687 non
2764 3645 2917 3700 potes
2942 3633 3319 3687 fortitudinem
3340 3632 3560 3698 rationi,
3576 3634 3710 3702 quid

2130 3724 2218 3778 bis
2238 3724 2329 3792 qui
2355 3734 2648 3794 utrumque
2671 3726 2872 3780 habent
2896 3726 3111 3781 invides
3138 3726 3502 3796 pertinaciter
3518 3725 3709 3791 i'Quid

2129 3816 2338 3886 privas,
2379 3831 2415 3870 o
2446 3816 2633 3883 homo,
2688 3816 2976 3873 scientiam
3030 3817 3271 3872 robore?
3320 3816 3454 3887 quid
3503 3817 3713 3886 ignaris

2130 3909 2247 3962 lora
2269 3909 2539 3965 remittis?
2562 3908 2692 3980 quid
2723 3910 2888 3964 urbes
2921 3914 3134 3979 praebes
3161 3909 3415 3989 barbaris
3436 3908 3710 3978 praedam?

2130 3999 2265 4068 quid
2305 4014 2504 4055 nervos
2536 4001 2749 4069 rumpis
2793 4000 3075 4056 exercitus
3106 3998 3285 4055 edocti
3331 3999 3521 4053 multis
3571 3997 3721 4051 anti-

2131 4091 2361 4161 quitatis
2405 4100 2460 4146 et
2503 4092 2749 4161 pulchris
2791 4093 3073 4161 strategiis
3100 4134 3115 4158 ,
3187 4091 3717 4159 inventionibusque

2128 4189 2183 4235 et
2212 4180 2503 4249 praeceptis
2532 4181 2907 4248 sapientium?
2957 4181 3232 4251 Euripidis
3282 4182 3485 4234 ducum
3520 4179 3718 4233 delini-

2132 4275 2338 4330 tionem
2380 4274 2657 4344 sapienter
2700 4274 2981 4343 judicans,
3021 4274 3208 4336 homo,
3242 4272 3523 4342 quomodo
3569 4286 3727 4326 nunc

2131 4366 2509 4438 praetermittis
2561 4366 2869 4420 fortitudini
2904 4374 3244 4434 anteponens
3274 4364 3476 4418 mentis
3504 4364 3720 4418 instru-

2130 4459 2410 4515 ctionem?
2439 4458 2617 4514 Unum
2653 4459 2799 4514 enim
2837 4475 2937 4514 nec
2981 4459 3212 4512 alterum
3250 4458 3526 4511 relictum.
3574 4456 3717 4522 Quid

2129 4552 2274 4605 enim
2331 4559 2530 4606 vocant
2576 4550 2844 4604 Athenaut
2903 4548 3163 4603 Pallada?
3220 4547 3395 4617 quid,
3455 4562 3560 4601 non
3614 4544 3726 4600 fuit

2131 4641 2326 4711 Apollo
2361 4641 2608 4695 musicus
2646 4648 2695 4695 et
2730 4639 3078 4695 arcitenens?
3105 4638 3237 4708 quid
3290 4637 3394 4691 fuit
3422 4636 3716 4691 Achilles?

2134 4749 2313 4789 nonne
2368 4736 2580 4803 primus
2615 4733 2868 4798 scientia,
2923 4741 2976 4786 et
3028 4731 3275 4786 musicus
3325 4746 3431 4784 non
3481 4728 3584 4783 fuit
3614 4729 3727 4785 iste

395 4833 732 4905 sapltorum
773 4830 1150 4887 fortitudinem
1201 4833 1501 4902 acceperit,
1548 4831 1643 4887 Dei
1689 4832 1834 4887 enim
1885 4830 2021 4885 illud
2056 4849 2102 4907 ο
2127 4827 2375 4880 virorum
2407 4826 2608 4907 decus?
2645 4840 2827 4880 nonne
2863 4823 3127 4889 medicus,
3161 4832 3215 4877 et
3248 4823 3553 4893 discipulus
3578 4821 3722 4876 Cen-

396 4927 642 4982 donutn
674 4923 844 4979 solius
879 4939 1004 4980 esse
1056 4925 1211 4991 scio;
1248 4925 1352 4980 iste
1396 4934 1553 4979 extra
1585 4924 1834 4981 ordinem
1863 4934 1946 4979 est
1972 4934 2028 4980 et

398 5015 893 5090 philosophorum
925 5015 1182 5086 frangens
1218 5018 1384 5089 leges.
1414 5016 1561 5073 Proh
1619 5018 2023 5089 ignorantiam!

394 5110 560 5184 proh
637 5107 927 5162 invidiam!
997 5109 1134 5179 proh
1173 5112 1519 5180 'utrumque!
1572 5110 1677 5164 lilii
1738 5110 2023 5163 hominum

397 5214 730 5274 usquequo
760 5200 911 5254 stulti
940 5200 1135 5255 eritis?
1170 5199 1269 5255 Vel
1300 5202 1445 5256 enim
1475 5200 1851 5255 fortitudinem
1886 5202 2027 5257 inter

391 5298 580 5353 dotes
618 5290 876 5360 egregias
924 5307 1033 5345 non
1078 5291 1380 5346 inscribere
1412 5300 1646 5360 oportet,
1679 5290 1763 5344 vel
1794 5304 1822 5343 a
1850 5289 2026 5343 virtu-

398 5389 569 5443 tibus
600 5381 853 5437 eximere
887 5396 998 5437 non
1048 5381 1174 5437 licet
1207 5400 1221 5436 :
1255 5380 1599 5451 sapientibus
1632 5382 1854 5451 sapiens
1884 5379 2019 5434 illud

398 5478 585 5536 velle,
633 5473 804 5543 longe
826 5488 858 5528 a
884 5475 1087 5528 virtute
1113 5474 1299 5543 jacere
1330 5479 1593 5533 mentem.
1626 5472 1730 5527 Sed
1761 5488 1864 5542 ego
1897 5486 2026 5539 pcr-

397 5574 634 5628 fcctam
695 5566 956 5621 virtutem
988 5566 1135 5632 tlico,
1190 5564 1590 5629 fortitudinem,
1656 5566 2023 5632 prudentiam,

396 5667 785 5733 voluptatum
822 5659 1129 5715 victoriam.
1148 5658 1457 5729 IEqualilas
1485 5658 1618 5728 quid
1641 5658 1764 5713 est?
1791 5656 2020 5726 aequalis

2134 4917 2315 4973 tauri?
2361 4917 2494 4987 quid
2520 4902 2645 4971 'fuit
2689 4914 2948 4987 Ulysses?
2986 4930 3171 4970 nonne
3212 4915 3552 4984 sapientibus
3601 4928 3719 4968 ser-

2134 5010 2393 5064 monibus
2448 5008 2762 5073 abundans,
2821 5008 3035 5062 robore-
3064 5006 3247 5077 magis
3300 5005 3531 5061 illustris
3572 5004 3723 5059 fuit?

2132 5101 2288 5157 Mitto
2344 5100 2630 5156 Nestorem
2680 5099 2844 5155 melle
2887 5099 3233 5164 suaviorem,
3267 5106 3323 5151 et
3367 5096 3574 5151 Atrida:
3614 5096 3719 5150 duv

2133 5195 2329 5263 plicem
2370 5201 2662 5258 naturam;
2696 5192 2825 5246 hinc
2877 5191 2997 5246 sine
3026 5189 3198 5244 dubio
3232 5189 3428 5244 heroes
3467 5188 3724 5241 nomina-

2134 5297 2240 5353 tos,
2289 5286 2576 5356 loquentes
2621 5285 2783 5340 simul
2819 5293 2873 5339 et
2915 5284 3163 5339 dicentes
3209 5282 3400 5352 perite.
3459 5280 3718 5333 Virorum

2135 5380 2379 5435 omnium
2398 5378 2651 5432 Socrates
2670 5375 3130 5446 sapientissimus.
3148 5390 3289 5444 smpe
3307 5373 3374 5426 ad
3406 5372 3584 5441 ipsum
3607 5372 3725 5440 clyo

2137 5485 2295 5538 peum
2332 5469 2498 5530 stetit,
2532 5476 2587 5522 et
2619 5468 2829 5537 primus
2858 5467 2979 5520 tulit
3010 5474 3355 5519 strenuorum
3387 5461 3722 5518 mercedem.

2084 5592 2088 5599 ι
2137 5560 2291 5615 Plato
2343 5559 2564 5624 athleta,
2610 5558 2902 5628 Aﬁschylus
2953 5556 3129 5613 miles.
3178 5556 3367 5609 Nonne
3419 5555 3585 5625 igitur
3642 5559 3728 5605 est

2141 5650 2584 5723 (Themistocles)
2606 5650 2803 5704 ducum
2836 5651 3046 5719 primus
3078 5646 3471 5703 etrbetorum?
3505 5644 3723 5714 sapien-
3763 5680 3770 5687 -

396 5760 712 5815 virtutum
748 5753 1088 5819 commistio,
1135 5753 1283 5823 quod
1327 5752 1541 5822 justum
1571 5760 1656 5806 est
1701 5760 1757 5805 et
1797 5758 2034 5805 vocatur
2141 5747 2275 5802 tium
2332 5748 2551 5816 potius,
2614 5746 2711 5815 qui
2755 5744 2907 5801 solus
2976 5744 3266 5801 oraculum
3331 5742 3731 5815 interpretatus

481 5925 535 5961 ³⁵
577 5921 759 5977 Prius
794 5926 913 5975 erat
937 5917 1157 5989 νόμους.
1230 5917 1273 5949 ⁸³
1306 5913 1363 5972 In
1394 5931 1567 5987 marg.
1593 5912 1985 5986 Θεμιστοκλῆς.

2824 5928 2846 5935 ”’
2862 5928 2967 5958 ’““’δκς

2998 5965 3023 5981 \
