4080 6416
473 376 578 439 979

473 491 657 546 Ιιείθει
688 508 748 543 τε
781 492 936 561 νικᾷν
969 490 1044 559 μὴ
1071 488 1317 548 θέλοντας
1347 487 1471 546 τοὺς
1500 484 1682 553 φίλους
1713 502 1723 514 ·

474 583 686 650 Κρατεῖ
710 581 765 634 δὲ
796 581 1016 650 Περσῶν
1044 574 1396 646 δημιουργῶν
1428 574 1695 637 ἐκτόπως,

473 674 579 740 Γῆς
606 674 700 726 καὶ
728 671 1020 741 Θαλάττης,
1047 671 1155 723 πᾶν
1189 668 1361 732 ἔθνος,
1396 668 1577 720 πᾶσαν
1612 667 1765 719 πόλιν

470 766 661 834 Ψυχῆς
694 781 751 817 τε
782 764 953 834 τόλμῃ
985 762 1080 816 καὶ
1116 761 1330 832 φρενῶν
1365 760 1591 831 εὐλαὸίᾳ

469 858 637 909 Κάτω
665 855 873 925 τίθησι,
911 856 1005 908 καὶ
1038 854 1168 925 παρ’
1193 853 1402 924 ἐχθρῶν
1430 850 1690 922 τυγχάνει

469 946 657 1011 Αἰδοῦς
687 948 716 999 δ
742 946 973 1010 κλεινὸς,
1007 947 1273 1001 θάπτεται
1302 945 1362 999 δὲ
1390 943 1667 1014 καρδίαις.
1692 968 1697 971 ι

469 1038 576 1089 Καὶ
606 1036 811 1105 θαῦμα.
840 1036 956 1100 πῶς
988 1035 1045 1089 ἓν
1071 1036 1230 1105 σῶμα
1258 1034 1522 1105 καὶψυχὴ
1553 1033 1652 1104 μία

469 1129 750 1195 Κρεὶττων
789 1127 1002 1199 ἐδείχθη
1032 1127 1135 1195 τῆς
1168 1127 1296 1196 ὅλης
1326 1126 1676 1196 οἰκουμένης,

467 1222 671 1292 Θαρσει
697 1238 757 1273 τε
785 1220 984 1290 πολλῷ,
1010 1223 1101 1274 καὶ
1122 1220 1405 1291 φρονήσει,
1430 1220 1527 1273 καῖ¹
1555 1220 1729 1295 μάχῃ.
1828 1290 1831 1293 η

468 1313 533 1365 Τί
564 1314 659 1365 καὶ
692 1312 967 1383 Περικλῆς
1007 1312 1357 1382 Ἀλκιϐιάδης
1392 1312 1486 1365 καὶ
1521 1312 1735 1381 Κίμων,

469 1405 532 1455 Ui
560 1402 668 1455 τῶν
706 1400 949 1473 Ἀθηνῶν
977 1403 1245 1470 εὐπαγεῖς
1267 1402 1462 1472 χρυσοῖ
1489 1400 1694 1466 στύλοι,

472 1500 534 1552 Οί
560 1499 666 1551 τῶν
691 1499 865 1567 λόγων
893 1500 1173 1569 ἄρχοντες,
1203 1499 1252 1551 οἱ
1288 1499 1494 1569 ῥήτρας
1516 1499 1768 1568 πρόμοι,“

472 1592 535 1643 υἱ
560 1590 658 1661 τὴν
692 1592 854 1660 φύσιν
877 1591 1170 1660 βλέποντες
1196 1606 1209 1655 ;
1237 1591 1298 1643 Οἱ
1323 1589 1639 1660 γεωμέτραι

474 1684 827 1753 ’ίίστραπτον
862 1682 1042 1751 ἔργοις
1072 1682 1167 1734 καὶ
1202 1681 1383 1749 λόγοις
1411 1680 1511 1751 τὴν
1558 1679 1807 1743 Ἐλλάδα,

471 1775 690 1838 Ἵπποις
721 1777 844 1828 κατ’
880 1774 1032 1838 αὐτὸ,
1067 1772 1245 1837 ναυσὶ,
1285 1772 1469 1837 πεζοῖς
1492 1772 1761 1842 ἐκράτουν
1789 1786 1801 1798 ’

475 1866 662 1937 Δόξης,
690 1866 988 1934 τροπαίων,
1018 1863 1244 1935 ἀρετῆς,
1271 1862 1645 1933 σοφισμάτων,

476 1960 662 2012 [ἰᾶταν
694 1959 986 2019 θάλατταν,
1022 1958 1201 2009 πᾶσαν
1231 1956 1507 2027 ἐπλήρουν
1537 1954 1700 2025 χθόνα

476 2053 733 2123 Ἕλληνες
757 2044 905 2103 οὗτοι
927 2066 940 2080 ⁸
976 2050 1115 2120 πλὴν
1146 2048 1281 2102 Θεοῦ
1320 2050 1540 2111 πάντως
1585 2049 1743 2117 χάρις

473 2141 581 2195 Ἦν
617 2144 711 2194 καὶ
739 2141 809 2195 τά
836 2141 1063 2206 τούτων,
1093 2132 1156 2193 οὗ
1193 2139 1478 2210 φρόνησις,
1505 2130 1566 2192 οὗ
1602 2138 1784 2205 λόγος,

472 2230 612 2300 Παρ’
641 2226 812 2300 οὗπερ
843 2228 1000 2299 ἔσχον
1032 2230 1125 2282 καὶ
1153 2228 1223 2281 τὰ
1264 2228 1364 2299 τῆς
1396 2226 1701 2295 εὐανδρίας.

472 2324 545 2375 Σὺ
576 2322 645 2386 δ’,
679 2317 722 2376 ὧ
749 2322 1040 2387 Μακεδὼν,
1073 2321 1193 2381 πῶς
1219 2320 1381 2389 σοφὸς
1406 2320 1601 2392 κριθῇς
1634 2319 1713 2373 ἔτι

474 2417 568 2467 Ὧν
601 2414 696 2467 καὶ
728 2416 1014 2485 μαχητής;
1050 2412 1166 2474 πῶς
1198 2412 1411 2482 φθονεῖς
1435 2414 1493 2467 δὲ
1523 2414 1623 2483 τῆς
1649 2412 1843 2484 τέχνης

476 2508 718 2560 ’Ἅπασιν
743 2506 921 2569 ἄλλοις
948 2505 1109 2574 ;πῶς
1135 2507 1296 2578 μόνος
1332 2505 1507 2570 Θέλεις
1537 2505 1685 2575 ἔχειν
1878 2508 1887 2511 “

487 2602 542 2652 ’Λ
554 2599 890 2670 ριστοτέλους
923 2601 1047 2663 τοὺς
1083 2600 1281 2669 σοφοὺς
1309 2599 1668 2670 λαὸυρίνθους
1692 2618 1711 2663 ;

474 2689 731 2760 Μόναρχε
768 2689 976 2759 πρῶτε,
1008 2690 1249 2762 Καῖσαρ,
1285 2690 1449 2760 ἀρκεῖ
1472 2707 1553 2744 σοι
1578 2691 1739 2761 μόνον

476 2780 672 2848 Λέγειν
703 2797 765 2833 τε
794 2780 1008 2846 δεινῶς,
1044 2783 1424 2845 ἀντικάτωνας
1447 2782 1703 2852 γράφειν,

477 2871 691 2936 Βίϐλοις
720 2875 981 2939 συνεῖναι,
1019 2873 1119 2943 τὴν
1151 2873 1314 2943 φύσιν
1341 2872 1525 2943 ζητεῖν
1554 2874 1691 2926 ὅλων
1722 2890 1753 2939 ί

478 2963 545 3015 Τί
573 2963 668 3017 καὶ
699 2967 1028 3035 στρατηγεῖς
1059 2966 1153 3020 καὶ
1175 2962 1336 3035 βιάζῄ
1370 2965 1480 3017 πᾶν
1510 2964 1689 3029 ἔθνος,

477 3054 593 3108 Καὶ
615 3054 722 3120 τὰς
740 3056 1003 3127 ἀπείρους
1026 3056 1085 3111 ὲν
1115 3056 1310 3129 βραχεῖ
1335 3056 1518 3122 πόλεις
1541 3055 1709 3128 ἔχεις,

1740 360 2054 432 103Nle
2091 371 2523 434 GEOMETRE

2075 486 2127 546 Α
2155 484 2353 556 Ὄρους
2375 485 2429 537 δὲ
2454 486 2684 553 πήσσεις
2719 487 2761 515 ⁸⁷
2788 487 2845 537 ἐν
2880 483 3158 554 Γαδείροις
3181 481 3433 533 Αὐσόνων
3457 494 3474 547 ;

3630 369 3735 430 980

2159 579 2226 629 Ἢ
2258 579 2384 641 τοὺς
2418 578 2679 639 ἀπίστους
2715 577 2840 641 τοὺς
2862 576 2919 629 δὲ
2954 574 3181 637 πιστοὺς
3210 572 3268 625 οὐ
3301 572 3420 624 δέον

2153 665 2382 718 Θάλλειν
2410 667 2596 729 καλοῖς
2632 667 2836 720 ἅπασιν
2870 667 3055 736 ἔργοις
3081 663 3175 718 καὶ
3209 663 3427 731 λόγοις;

2167 757 2308 809 Ἀλλ’
2336 757 2478 821 ἐλθὲ,
2516 759 2634 822 πῶς
2663 759 2847 830 ἔκρινε
2871 758 2965 813 καὶ
2987 758 3142 821 Θεὸς,
3173 756 3321 824 λέγε,

2156 849 2291 905 Τίνα
2325 852 2630 923 στρατηγὸν
2657 852 2756 923 τῆς
2785 851 2981 905 ἑαυτοῦ
3013 850 3252 904 δεικνύει

2154 941 2367 1014 Μοίρας
2396 943 2667 1013 κραταιᾶς
2699 944 2790 997 καὶ
2820 942 3053 1013 στρατοῦ
3086 941 3426 1011 ποθουμένου
3454 959 3470 1008 ;

2156 1035 2231 1088 Οὐ
2275 1036 2362 1089 τὸν
2396 1037 2677 1104 γραφέντα
2705 1038 2819 1101 τοῖς
2848 1036 3031 1104 λόγοις
3073 1035 3272 1105 μακρῷ
3302 1035 3499 1106 χρόνῳ,

2157 1128 2267 1180 Καὶ
2304 1128 2641 1182 συλλαϐόντα
2674 1130 2855 1182 πᾶσαν
2892 1126 3310 1192 εὐπαιδευσίαν;

2158 1221 2474 1287 Αἰγυπτίοις
2505 1221 2734 1274 συνόντα
2768 1221 2975 1291 Μωσῆν
3006 1220 3097 1273 τὸν
3142 1219 3315 1289 μέγαν

2157 1312 2238 1365 Τὰ
2274 1312 2467 1384 πρῶτα
2496 1313 2591 1366 καὶ
2625 1313 2887 1367 κάλλιστα
2920 1314 3028 1366 τῶν
3063 1310 3424 1382 μαθημάτων,

2159 1407 2369 1473 Λόγους
2400 1405 2673 1477 ἀριθμῶν,
2706 1404 3032 1477 γραμμικὴν
3066 1403 3329 1475 θεωρίαν,

2163 1498 2414 1565 Ἀστρων
2444 1496 2724 1568 πολήσεις,
2756 1496 3038 1568 ῥυθμικῶν
3076 1494 3253 1567 μελῶν
3283 1495 3462 1564 ὅρους,

2164 1591 2229 1644 Ὃ
2257 1589 2454 1660 κρᾶσίς
2486 1589 2603 1641 ἐστι
2638 1591 2731 1642 καὶ
2755 1589 2907 1652 τέλος
2939 1588 3118 1644 καλῶν
3139 1586 3278 1640 ὅλων
3306 1602 3321 1649 ;

2161 1681 2377 1735 Παλαιά
2409 1681 2603 1743 ταῦτα,
2646 1682 2755 1734 πᾶν
2785 1681 2970 1748 καλὸν,
3012 1679 3168 1750 φασὶ,
3212 1678 3404 1740 πάλαι,

2166 1775 2275 1828 Καὶ
2298 1774 2483 1829 καινὸν
2502 1774 2654 1829 οὐδὲν
2687 1774 2798 1827 τῶν
2831 1774 3014 1827 καλῶν
3044 1774 3138 1826 καὶ
3165 1770 3361 1842 τιμίων
3383 1787 3396 1801 ·

2161 1866 2366 1937 Ζηλοῦν
2397 1866 2454 1920 δὲ
2483 1866 2659 1920 ταῦτα
2684 1866 2758 1936 μὴ
2783 1865 2969 1926 καλὸν,
2996 1865 3090 1918 καὶ
3117 1863 3201 1927 τίς
3235 1862 3430 1931 λόγος;

2158 1958 2292 2012 Οὐδὲ
2317 1957 2550 2027 γράφειν
2579 1956 2755 2022 ἔξεστι
2780 1956 2968 2009 λοιπὸν
2998 1958 3072 2017 ὡς
3099 1954 3289 2018 πάλαι,

2157 2050 2324 2104 Οὐδὲν
2352 2050 2529 2118 λόγοις
2556 2051 2779 2120 ἄριστον
2803 2049 2878 2111 ὡς
2912 2049 3039 2118 πρὶν
3067 2049 3379 2116 τυγχάνειν,

2159 2143 2284 2196 Οὐδ’
2314 2145 2372 2195 ὲν
2404 2144 2608 2213 μάχαις
2644 2142 2957 2213 βέλτιστον;
2988 2142 3296 2213 Ἕρρευσαν
3335 2140 3523 2210 τέχναι
3546 2156 3567 2205 ;

2160 2235 2339 2288 Πάλαι
2369 2235 2478 2305 γὰρ
2502 2230 2645 2305 ἦσαν
2666 2235 2780 2296 τοῖς
2804 2233 3017 2301 βροτοῖς
3045 2231 3369 2304 εὑρημέναι·

2161 2323 2235 2375 Τὸ
2270 2325 2570 2394 σωφρονεῖν
2601 2323 2710 2376 πᾶν
2734 2322 3012 2375 ἐκλέλοιπε
3047 2322 3138 2374 τὸν
3179 2322 3291 2391 βίον
3330 2340 3345 2381 ;

2159 2413 2270 2484 Τὴν
2302 2414 2505 2485 ἀρετὴν
2537 2413 2697 2467 δίωκε
2726 2414 2928 2475 πᾶσαν,
2957 2414 2991 2483 ἣ
3026 2413 3216 2480 πάλαιξ

2157 2506 2393 2558 Φανεῖσα
2422 2504 2653 2568 πολλοὺς
2676 2500 2810 2575 ἦρεν
2841 2504 2921 2567 εἰς
2952 2501 3088 2573 ὕψος
3118 2505 3282 2574 μέγα,

2173 2597 2401 2664 ’ᾼφεῖσα
2427 2596 2653 2659 τούτους
2682 2596 2945 2666 ἀρχικοὺς
2977 2595 3166 2667 ὥσπερ
3196 2595 3421 2656 τύπους.

2162 2689 2304 2758 Πρὸς
2338 2688 2431 2751 οὓς
2456 2688 2667 2759 βλέπων
2694 2706 2801 2753 τις,
2827 2687 3023 2750 κάλλος
3055 2688 3103 2741 εἰ
3140 2687 3284 2740 θέλοι
3318 2688 3458 2756 βίου,

2110 2828 2119 2831 ί
2174 2782 2417 2835 Ἐκεῖθεν
2447 2781 2616 2846 ἕλκει,
2652 2782 2755 2834 κᾶν
2786 2780 2855 2834 τὰ
2883 2781 3111 2851 δεύτερα
3143 2780 3351 2850 γράφῃ.

2164 2875 2236 2926 Σὺ
2265 2874 2342 2939 δὲ,
2376 2879 2631 2945 προφῆτα
2660 2873 2755 2927 καὶ⁵
2788 2873 3033 2943 βασιλεῦ,
3062 2873 3179 2934 πῶς
3212 2872 3372 2925 πλέον

2164 2967 2359 3035 Αὐχείς
2392 2967 2650 3020 ἁπάντων
2677 2965 2876 3035 γνῶσιν
2902 2982 2919 3032 ;
2952 2966 3051 3019 οὐκ
3081 2966 3350 3035 ἀριστέων

2168 3058 2355 3128 Ἔχεις
2382 3058 2449 3112 τὰ
2487 3058 2720 3129 πρῶτα;
2752 3058 2876 3121 Πῶς
2907 3056 3100 3129 σοφίζῃ
3134 3057 3261 3119 τοὺς
3292 3056 3508 3127 νόμους,

477 3243 597 3301 est,
657 3236 907 3291 consiliis
948 3240 1004 3290 et
1051 3235 1249 3305 pugnis
1314 3235 1484 3291 vincit
1542 3250 1767 3293 onmem
1818 3245 2057 3299 terram,
2090 3240 2131 3297 (ζ
2170 3245 2243 3290 tet
2281 3234 2527 3289 inﬁdeles
2564 3246 2617 3290 et
2655 3235 2844 3291 fideles
2874 3234 3071 3288 ﬂorere
3120 3233 3374 3288 omnibus
3410 3233 3570 3288 bonis
3606 3248 3741 3303 ope-

478 3324 674 3381 suadet
704 3326 922 3381 vincere
957 3325 1206 3380 nolentes
1234 3326 1465 3391 amicos,
1499 3334 1554 3380 et
1588 3327 1854 3381 concione
1894 3324 2065 3379 vincit

477 3418 749 3488 stupendo
772 3416 937 3472 modo
970 3417 1186 3481 Persas,
1218 3418 1358 3472 mari
1390 3426 1445 3471 et
1480 3425 1650 3487 terra,
1681 3432 1897 3472 omnem
1928 3432 2062 3487 gen-

481 3520 608 3569 tem,
647 3525 865 3564 omnem
912 3508 1124 3575 urbem,
1159 3508 1333 3563 animi
1372 3509 1603 3564 audacia
1641 3519 1696 3563 et
1737 3510 1933 3564 mentis
1976 3523 2065 3562 sa-

478 3599 682 3673 pientia
731 3598 1024 3666 submittit,
1064 3608 1118 3655 et
1159 3599 1229 3654 ab
1279 3599 1530 3655 hostibus
1572 3598 1784 3654 obtinet
1831 3600 2066 3669 inclytus

482 3692 842 3755 honores,,et
868 3690 926 3743 in
959 3690 1219 3747 cordibus
1252 3704 1447 3745 eorum
1497 3690 1759 3759 sepelitur
1794 3708 1807 3744 :
1855 3699 1910 3745 et
1945 3705 2068 3761 pro-

480 3782 688 3852 digium
719 3790 838 3847 cst,
875 3782 1153 3852 quomodo
1189 3796 1391 3851 corpus
1416 3797 1587 3835 unum
1640 3791 1693 3835 et
1738 3781 1919 3836 anima
1957 3798 2066 3837 una

482 3873 771 3943 superiora
815 3874 932 3927 visa
963 3875 1075 3927 sint
1111 3872 1369 3927 universo
1418 3872 1559 3939 orbi,
1596 3887 1788 3943 magna
1841 3873 2066 3929 fortitu-

481 3965 627 4027 dine,
684 3964 974 4035 prudentia
1039 3973 1094 4019 et
1130 3964 1346 4035 pugnis.
1382 3963 1521 4029 Quid
1578 3964 1744 4019 etiam
1804 3965 2063 4035 Pericles,

481 4056 792 4111 Alcibiades
830 4065 886 4112 et
914 4055 1108 4112 Cimon
1130 4100 1144 4124 ,
1178 4056 1281 4111 illae
1319 4056 1655 4111 Athenarum
1689 4056 1858 4113 ﬁrmae
1885 4073 2066 4113 aureae

482 4149 777 4215 columnae,
813 4149 864 4203 hi
920 4149 1230 4205 orationum
1285 4150 1561 4220 principes
1611 4159 1664 4204 ct
1714 4150 2062 4220 eloquentim,

484 4242 541 4297 hi
573 4243 667 4313 qui
696 4252 949 4298 naturam
990 4243 1327 4309 noscebant;
1361 4242 1417 4298 hi
1443 4252 1734 4313 geometra:
1757 4244 1851 4313 qui
1886 4244 2067 4314 operi-

484 4334 588 4388 bus
621 4341 676 4387 et
702 4332 921 4403 scriptis
955 4331 1218 4389 Graeciam
1244 4334 1616 4401 illustrabant,
1654 4335 1812 4404 cquis
1873 4335 2063 4401 simul,

432 4486 436 4489 ,
487 4425 739 4490 navibus,
765 4434 819 4479 et
854 4424 1082 4494 pedibus
1114 4425 1621 4497 viceruntigloria,
1645 4426 2063 4496 trophaﬁs,vir-

487 4524 624 4581 tute,
654 4515 993 4585 sapientibus
1053 4516 1230 4582 libris,
1273 4530 1437 4571 omne
1486 4531 1659 4580 mare,
1695 4531 1917 4572 omnem
1954 4527 2066 4573 ter—

486 4623 606 4665 ram
638 4607 1001 4677 impleverunt
1039 4607 1211 4664 (Σιταιοί
1241 4607 1354 4662 isti.
1406 4608 1662 4662 Attamen
1699 4609 1792 4663 Dei
1839 4608 2064 4665 omnino

487 4697 606 4753 haec
627 4698 844 4752 illorum
867 4698 1007 4752 dona
1028 4699 1202 4769 gratia
1234 4707 1413 4763 erant,
1436 4700 1595 4768 cujus
1618 4707 1705 4754 est
1744 4700 2057 4769 prudentia,

420 4846 425 4847 ί
487 4795 538 4842 el
594 4786 935 4863 eloquentia,
971 4804 1001 4842 a
1040 4804 1151 4858 quo
1192 4788 1356 4843 etiam
1390 4788 1667 4843 habebant
1721 4790 2064 4847 fortitudinis

486 4877 651 4933 dona.
677 4878 758 4932 Tu
796 4892 946 4942 vero,
969 4895 1001 4933 o
1031 4880 1279 4945 Macedo,
1304 4881 1580 4949 quomodo
1600 4881 1822 4952 sapiens
1847 4882 2063 4953 judica-

424 5046 425 5049 η
490 4981 580 5028 tus
607 4973 706 5039 sis,
738 4972 969 5028 bellator
1000 4988 1125 5028 cum
1156 4972 1365 5028 fueris?
1385 4972 1676 5041 Quomodo
1705 4984 1878 5030 artem
1926 4976 2068 5030 iuvi-

488 5066 583 5121 ἀρε
608 5064 729 5125 aliis
755 5064 1055 5122 omnibus?
1094 5065 1370 5136 quomodo
1400 5067 1550 5123 solus
1592 5067 1793 5123 habere
1824 5068 1906 5123 vis
1946 5068 2069 5123 Ari-

488 5158 699 5212 stotelis
716 5158 992 5227 sapientes
1009 5160 1301 5229 ambages?
1318 5158 1502 5214 Prime
1524 5160 1841 5230 imperator,
1860 5160 2064 5227 Caesar,

488 5249 684 5302 sutiicit
747 5249 843 5302 tibi
902 5249 1085 5305 solum
1130 5250 1278 5321 loqui
1324 5250 1688 5315 mirabiliter,
1721 5253 2065 5308 anticatoncs

489 5340 749 5405 scribere,
789 5340 843 5395 in
868 5340 1024 5397 libris
1050 5344 1383 5408 conversari,
1405 5353 1654 5399 naturam
1682 5344 2064 5401 universorum

489 5430 816 5496 exquirere?
852 5430 990 5496 Quid
1016 5432 1177 5486 etiam
1213 5431 1352 5487 bella
1385 5434 1526 5503 geris
1553 5445 1606 5489 et
1650 5430 1843 5489 omnes
1874 5444 2062 5505 gentes

491 5514 717 5583 subigis,
750 5525 804 5570 et
827 5517 1140 5573 innumeras
1168 5520 1328 5574 urbes
1364 5521 1774 5590 brevitempore
1798 5537 2064 5594 occupas,

490 5606 864 5677 terminosque
878 5608 1136 5667 Ausoniae
1162 5611 1213 5665 in
1244 5609 1489 5673 Gadibus
1520 5612 1672 5684 ﬁgis?
1688 5612 1879 5676 Nonne
1903 5632 2064 5688 opor-

565 5781 609 5819 ’τ
643 5786 874 5857 πήσσαις
905 5786 1033 5845 c011.

1304 5892 1573 5915 -..ηραν-ξος.-

2165 3327 2319 3381 ribus
2348 3335 2403 3381 et
2444 3327 2830 3381 sermonibus?
2867 3328 2974 3381 Sed
3006 3340 3126 3395 age,
3190 3325 3466 3395 quomodo
3512 3326 3745 3380 senserit

2165 3420 2331 3484 Deus,
2366 3419 2456 3474 dic
2491 3418 2670 3475 nobis.
2712 3419 2884 3486 Quem
2922 3420 3116 3474 ducem
3146 3417 3524 3474 sumostendit
3553 3428 3744 3488 poten-

2165 3512 2235 3567 tis
2268 3511 2600 3567 hazrcditatis
2629 3516 2685 3567 et
2714 3512 2928 3567 dilectae
2960 3510 3173 3581 gentis?
3222 3524 3403 3565 nonne
3455 3510 3611 3564 illum
3647 3510 3746 3579 qui

2166 3603 2349 3658 verbis
2381 3603 2522 3674 longi
2561 3604 2821 3673 temporis
2840 3602 3130 3658 historiam
3162 3602 3479 3673 scripserat,
3509 3611 3567 3656 et
3591 3601 3645 3655 in
3681 3616 3741 3657 se

2167 3694 2459 3765 collegerat
2520 3709 2739 3750 omnem
2796 3694 2999 3749 bonam
3071 3693 3437 3750 doctrinam?
3508 3693 3748 3765 Moyscm

2168 3802 2362 3857 nempe
2391 3792 2646 3855 magnum
2684 3801 2808 3842 cum
2868 3784 3139 3857 Aﬁgyptiis
3177 3794 3587 3850 conversatum,
3632 3785 3745 3855 pri-

2169 3878 2274 3931 mis
2302 3888 2353 3932 et
2379 3877 2762 3946 pulcherrimis
2803 3878 3071 3945 scientiis,
3110 3892 3461 3933 numerorum
3520 3877 3745 3932 rationi-

2170 3971 2291 4037 ltus,
2325 3970 2626 4027 litterarum
2668 3971 2900 4037 theon-ia,
2940 3980 3216 4027 astrorum
3285 3970 3741 4035 revolutionibus,

2169 4060 2546 4131 rhythmorum
2592 4062 3027 4128 deﬁnitionibus,
3070 4064 3214 4133 quod
3265 4062 3501 4117 includit
3535 4069 3590 4116 et
3619 4076 3742 4130 per-

2170 4152 2283 4209 licit
2316 4153 2548 4222 pulchra
2570 4154 2797 4208 omnia?
2826 4154 3067 4223 Antiqua
3102 4154 3231 4220 ista,
3282 4154 3493 4219 dicunt,
3541 4161 3595 4208 et
3624 4151 3743 4222 pul-

2169 4248 2362 4303 chrum
2385 4257 2469 4304 est
2498 4262 2661 4303 omne
2688 4247 2832 4318 quod
2862 4256 2948 4303 est
2973 4249 3286 4318 antiquum,
3332 4248 3583 4317 nihilque
3616 4245 3741 4300 novi

2166 4339 2457 4409 pulchrum
2492 4349 2577 4396 est
2604 4348 2658 4395 et
2685 4341 2987 4411 egregium.
3046 4339 3247 4396 Verum
3282 4340 3387 4395 ista
3437 4339 3744 4410 deprimere

2172 4446 2281 4485 non
2314 4430 2489 4497 decet,
2521 4440 2575 4487 et
2620 4446 2861 4502 quanam
2911 4432 3166 4488 ratione?
3197 4446 3380 4488 nonne
3409 4432 3657 4487 scribere
3682 4430 3746 4484 Ii-

2172 4534 2259 4579 cet
2321 4523 2560 4587 tandem,
2625 4525 2757 4591 quia
2802 4525 3133 4595 antiquum;
3199 4539 3386 4580 nonne
3435 4522 3744 4595 eloquentia

2173 4615 2529 4685 conspicuum
2563 4630 2708 4681 esse,
2746 4617 2879 4687 quia
2918 4618 3072 4689 prius
3107 4617 3160 4672 id
3212 4616 3423 4682 evenit;
3472 4630 3654 4671 nonne
3692 4615 3746 4669 in

2170 4709 2365 4778 pugnis
2392 4708 2686 4763 eximium?
2737 4711 3018 4779 perierunt
3056 4710 3238 4766 artes?
3270 4709 3579 4779 antiquitus
3602 4707 3749 4764 enim

2169 4811 2329 4857 erant
2356 4801 2425 4855 ab
2456 4801 2773 4857 hominibus
2825 4803 3079 4858 inventae.
3114 4802 3483 4858 Prudentiane
3528 4802 3752 4855 outnino

2170 4906 2202 4945 e
2235 4891 2344 4944 vita
2372 4891 2650 4947 excessit?
2674 4894 2939 4949 virtutem
2972 4908 3195 4950 omnem
3225 4894 3460 4963 expelle,
3495 4908 3619 4962 quae
3647 4908 3751 4946 an-

2176 4981 2404 5051 tiquitus
2451 4983 2670 5053 cognita
2727 4985 2930 5041 multos
2995 4986 3064 5041 ad
3124 5000 3403 5042 summum
3472 4983 3750 5053 fastigium

2169 5073 2386 5140 er'ulit,
2412 5089 2559 5129 nilne
2592 5060 2816 5146 reliquit
2850 5079 2968 5135 haec
3016 5079 3243 5149 antiqua
3274 5078 3426 5133 velut
3476 5077 3748 5146 exempla.

2170 5165 2250 5219 Ad
2279 5181 2401 5235 quae
2433 5167 2651 5223 intuens
2700 5169 2920 5238 aliquis,
2978 5171 3023 5225 si
3054 5171 3184 5225 vitae
3246 5170 3451 5226 bonum
3495 5168 3749 5231 voluerit,

2172 5257 2296 5312 inde
2316 5259 2576 5323 extrahit,
2607 5260 2733 5317 licet
2761 5262 3003 5317 secundo
3018 5262 3219 5332 scripta
3251 5261 3451 5317 forent.
3487 5261 3569 5315 ’l‘u
3596 5273 3748 5322 vero,

2168 5349 2433 5417 propheta
2479 5358 2533 5404 et
2590 5365 2709 5414 rex,
2770 5352 3049 5421 quomodo
3096 5354 3272 5423 magis
3313 5353 3595 5408 illuminas
3633 5366 3742 5406 om-

2172 5439 2324 5495 nium
2359 5441 2806 5512 intelligentiam?
2855 5460 3038 5500 nonne
3080 5447 3221 5502 inter
3257 5445 3595 5501 fortissimos
3635 5442 3735 5512 pri-

2173 5546 2292 5601 mas
2337 5532 2541 5588 babes?
2596 5537 2872 5604 quomodo
2910 5536 3289 5608 interpretaris
3354 5538 3502 5607 leges
3548 5535 3659 5598 Dei,
3695 5533 3741 5586 si

2155 5622 2283 5695 quis
2312 5622 2479 5689 alius,
2517 5635 2571 5681 et
2604 5627 2766 5683 verba
2792 5628 3041 5699 exquiris
3066 5637 3121 5685 et
3143 5628 3409 5699 exponis?
3436 5626 3736 5685 visibilium
