4080 6404
482 347 581 410 981

464 464 661 535 ,Εἴπερ
695 477 780 525 τις
807 459 986 527 ἄλλος,
1011 458 1106 514 τοῦ
1137 459 1296 525 Θεοῦ,
1326 459 1572 525 καὶτοὺς
1603 460 1794 530 λόγους

486 555 951 626 Ζητείς,ὲρευνᾷς,
979 552 1149 606 τῶνδε
1180 552 1287 607 τῶν
1317 555 1638 625 ὁρωμένων,

490 648 754 720 Στρὲφεις
783 646 840 700 δὲ
879 645 1081 708 πολλὰς
1107 646 1178 700 ἐν’
1199 647 1364 716 φρεσὶ
1389 646 1625 718 θεωρίας
1651 663 1664 676 ’

492 741 676 801 Κινεϊς
704 738 760 792 δὲ
792 737 1045 806 γλῶσσαν
1070 738 1285 802 νυκτὸς,
1325 738 1541 810 ἡμέρας
1571 739 1720 810 ὅλης,

488 829 668 893 Θείοις
696 829 784 884 ἐπ’
811 829 994 900 ἔργοις
1019 844 1034 860 ⁶
1071 830 1329 900 μουσικὸς
1359 830 1418 884 δὲ
1443 831 1751 901 τυγχάνεις,

491 921 603 975 Καὶ
635 920 906 992 ῥυθμικὴν
941 920 1149 986 ἔδειξας
1177 921 1572 994 εὐαρμοστίαν,

488 1010 685 1078 Λόγοις
709 1010 754 1062 δ’
787 1011 1038 1081 ὲφευρείν
1065 1011 1160 1065 καὶ
1190 1011 1326 1084 βάθη
1355 1012 1718 1083 κεκρυμμένα

483 1101 624 1154 Θεοῦ
654 1119 714 1154 τε
745 1102 917 1156 πολλὰ
937 1104 1033 1156 καὶ
1063 1105 1201 1158 Θεοῦ
1237 1105 1346 1158 τῶν
1377 1106 1717 1175 κτισμάτωνς

487 1193 612 1257 Πῶς
645 1193 917 1259 ωντιοεῖς
942 1195 1000 1248 δὲ
1033 1197 1129 1249 καὶ
1153 1196 1375 1267 μέλιτος
1401 1197 1598 1268 κηρίον

487 1285 704 1354 Τρόπον
747 1286 1011 1358 μελίσσης
1039 1287 1139 1359 τὴν
1179 1287 1500 1358 σοφωτάτην
1530 1287 1714 1357 βίϐλον

499 1378 589 1444 Ἐξ
617 1373 687 1449 ἧς
716 1380 903 1433 ἅπασα
926 1381 1147 1448 γνῶσις,
1175 1381 1250 1444 ὼς
1274 1380 1461 1449 πηγῆς
1487 1380 1532 1412 ⁸⁸
1565 1380 1752 1451 βρύεί·

485 1467 644 1532 Θεοῦ,
685 1469 991 1540 Χερουϐὶμ,
1026 1469 1274 1538 ἀγγέλων
1302 1470 1371 1534 ⁸⁸,
1404 1471 1790 1541 άρχαγγέλων,

487 1558 645 1612 Νόων
672 1559 949 1625 ἁπάντων,
978 1561 1145 1630 τῶνδε
1168 1561 1277 1614 τῶν
1299 1562 1593 1633 ὁρωμένων

486 1650 741 1719 Τρόπων,
765 1653 1065 1723 τροπαίων,
1105 1653 1332 1725 ἀρετῆς,
1361 1655 1662 1726 ἁμαρτίας,

485 1743 689 1813 Τύχης,
726 1746 864 1808 νοὸς,
892 1744 1042 1816 ζωῆς
1062 1763 1121 1798 τε
1148 1747 1243 1800 καὶ
1268 1746 1480 1816 θνητῶν
1508 1748 1717 1812 τέλους,

483 1834 686 1898 Φωτὸς,
719 1837 944 1900 σκότους
973 1853 1032 1890 τε
1057 1837 1717 1908 δαιμόνων,παθημάτων,

489 1926 697 1996 Καινῆς
736 1943 795 1980 τε
840 1929 975 1998 πρὸς
1004 1928 1106 1998 γῆν
1135 1928 1388 2000 κράσεως
1416 1930 1510 1983 τοῦ
1539 1931 1834 1997 Δεσπότου,

490 2019 599 2071 Καὶ
626 2019 728 2087 σῆς
759 2021 1028 2090 ἀχράντου
1058 2020 1526 2092 Μητροπαρθένου
1560 2023 1768 2095 Κόρης.

494 2112 744 2182 ’Δρρητα
773 2111 946 2166 ταῦτα
978 2115 1074 2169 καὶ
1101 2114 1276 2182 λόγων
1303 2112 1550 2187 ἀνώτερα
1573 2133 1589 2183 ;

502 2203 639 2254 Ἀλλ’
673 2205 923 2276 ἁρπαγαὶ
961 2205 1053 2261 νῦν
1092 2209 1203 2272 τοῖς
1239 2211 1566 2279 στρατηγοῖς
1593 2210 1686 2262 καὶ
1713 2207 1897 2280 μέθαι,

487 2286 589 2346 Ὧν
616 2295 677 2348 ού
721 2298 964 2366 μετεῖναι
998 2301 1110 2362 τοῖς
1137 2299 1322 2362 καλοῖς
1352 2301 1547 2370 φήσεις
1575 2299 1714 2354 δέον.

489 2389 554 2441 Τί
582 2390 755 2444 ταῦτα
779 2391 917 2462 πρὸς
942 2393 1006 2445 τὺ
1039 2393 1303 2465 πράγμα;
1346 2396 1531 2466 Χωρὶς
1565 2397 1614 2449 οἱ
1653 2395 1820 2463 λόγοι.

491 2481 657 2535 Ἀλλο
689 2485 1014 2556 στρατηγὶς,
1046 2485 1174 2540 ἄλλο
1200 2487 1256 2540 δὲ
1300 2487 1626 2560 στρατηγία.

489 2573 673 2637 Κακός
703 2592 788 2638 τις
821 2569 1010 2638 οὗτοςσ
1039 2578 1071 2649 ἠ
1105 2577 1150 2630 δ’
1189 2577 1387 2649 ἀρίστη
1426 2581 1489 2648 τῇ
1534 2578 1716 2648 φύσει,

502 2665 744 2739 ’ἰατρικὴ
784 2667 1019 2740 σώτειρα
1046 2686 1060 2700 ο
1094 2670 1356 2732 πολλάκις
1384 2671 1428 2723 δ’
1453 2670 1557 2740 ἔφυ

487 2760 686 2823 Φονεὺς
719 2761 901 2832 ἰατρός
927 2779 941 2793 ο
975 2763 1049 2832 μὴ
1083 2761 1320 2833 κακίζῃς
1351 2764 1451 2834 τὴν
1479 2764 1696 2834 τέχνην.

490 2847 565 2900 Οὐ
600 2849 946 2918 πράγματος,
980 2849 1118 2920 (πῶς
1146 2851 1184 2922 ;)
1216 2852 1327 2905 τῶν
1352 2851 1660 2922 προσώπων
1683 2851 1726 2902 δ’
1755 2849 1786 2920 ἡ
1819 2847 2011 2919 βλάϐη.

494 2938 733 3010 Ἐϐλαψε
771 2943 955 3014 ῥήτωρ
985 2943 1246 3008 πολλάκις
1275 2960 1360 3007 τις
1394 2946 1517 3007 τοὺς
1550 2943 1750 3013 νόμους
1772 2958 1788 2973 ⁸

489 3030 581 3102 Μὴ
607 3033 704 3086 καὶ
738 3033 972 3105 κακίζῃς
997 3034 1278 3104 δεινότητα
1305 3036 1416 3089 τῶν
1450 3037 1645 3104 λόγων.

493 3123 704 3188 Ἄλλως
729 3141 790 3178 τε
823 3127 952 3190 τοὺς
981 3127 1187 3192 κακοὺς
1220 3128 1320 3199 μὲν
1343 3127 1418 3193 ὡς
1442 3130 1611 3192 κακὸς
1637 3125 1804 3182 σύνοι.

1797 347 1883 407 CA
1893 348 2135 410 RMINA
2178 349 2405 411 VARIA
2419 395 2435 409 .

2098 496 2142 552 Α
2185 466 2328 536 Ἐγὼ
2363 466 2407 520 δ’
2439 462 2658 536 ἀριθμῶ
2692 463 2816 524 τοὺς
2842 459 3040 524 καλοὺς
3063 456 3156 521 οὒς
3185 456 3280 511 καὶ
3313 455 3508 525 μόνους

3637 333 3749 396 932

2173 555 2304 612 Οἶδα
2329 556 2670 628 στρατηγοὺς
2692 555 2768 618 ὡς
2793 553 3011 624 ἔχοντας
3050 558 3149 621 τὴν
3175 549 3372 618 τέχνην
3391 563 3406 578 ·

2173 650 2284 704 Καὶ
2315 649 2608 720 μουσικοὺς
2639 645 2749 718 γὰρ
2775 645 2868 699 καὶ
2895 641 3236 716 κρατοῦντας
3262 639 3362 710 τὴν
3388 636 3575 708 λύραν,

2173 741 2313 805 Τοὺς
2333 736 2392 795 εὗ
2423 739 2480 794 δὲ
2510 739 2716 809 ταύτην
2739 738 2948 800 εἰδότας
2979 734 3208 806 κροῦσαι
3252 733 3432 803 μόνον,

2173 831 2284 884 Καὶ
2309 831 2438 894 τοὺς
2466 829 2706 891 διδόντας
2731 826 2822 880 τὸν
2851 826 3010 892 λόγον
3036 824 3147 878 τῶν
3185 825 3538 896 κρουμάτων,

2173 926 2284 980 Καὶ
2311 924 2388 996 μὴ
2426 925 2632 994 φέρωσι
2658 923 2845 994 χερσὶν
2875 911 3020 974 οῦτοι
3058 919 3154 992 τὴν
3181 919 3373 990 λύραν.

2186 1019 2274 1081 Ὠς
2305 1017 2564 1080 ἱππικοὺς
2590 1015 2666 1081 δὲ,
2695 1014 3068 1086 γραμμικοῦς,
3103 1013 3284 1065 πᾶσαν
3323 1011 3540 1083 τέχνην,

2188 1108 2726 1180 Ἀγαλματουργοῦς,
2758 1110 3039 1172 τέκτονας,
3075 1105 3373 1169 λιθοξόους,

2177 1201 2468 1264 Ἕκαστον,
2497 1194 2669 1267 οὗπερ
2703 1197 2828 1266 ἔσχε
2851 1195 2951 1264 τὴν
2977 1193 3180 1263 γνῶσιν
3218 1193 3398 1264 μόνον.

2175 1292 2286 1344 Καὶ
2314 1289 2490 1344 ταῦτα
2523 1290 2622 1359 μὲν
2643 1288 2708 1359 δὴ
2734 1287 2858 1351 νοῦς
2887 1286 3134 1351 ἐτόξευσε
3166 1287 3360 1357 μάτην.

2174 1385 2390 1440 Μᾶλλον
2419 1383 2468 1436 δ’
2485 1383 2692 1445 ἐκεῖνος
2716 1380 2865 1448 εύλογ
2881 1379 3085 1441 ὡτατος
3115 1379 3294 1447 λόγος,

2186 1477 2277 1541 Ὠς
2309 1475 2472 1538 αὐτός
2500 1476 2616 1528 ἐστι
2647 1471 2909 1526 δεικνύων
2944 1473 2971 1524 ὁ
3003 1471 3094 1534 σὸς
3129 1470 3306 1538 λόγος,

2175 1570 2266 1639 Μὴ
2290 1565 2682 1638 συμφερόντως
2711 1565 2823 1626 τοῖς
2851 1563 3025 1630 ξένοις
3058 1560 3394 1625 παιδεύσεως

2179 1661 2363 1732 Ἔχειν
2392 1658 2562 1713 ὲθνῶν
2591 1674 2650 1710 τε
2681 1657 2775 1710 καὶ
2808 1654 3042 1725 στρατοῦ
3071 1653 3170 1716 τὰς
3194 1652 3374 1724 ἡνίας.

2174 1755 2238 1809 Et
2266 1753 2374 1824 γὰρ
2395 1749 2743 1822 κρατούντων
2771 1747 2968 1813 τῶνδε,
3003 1749 3114 1800 πᾶν
3142 1745 3315 1800 δεινὸν
3343 1746 3556 1818 κρατεῖ,

2102 1857 2145 1912 Β
2173 1845 2352 1916 Μέθη,
2392 1843 2666 1915 τυραννὶς,
2703 1839 2972 1912 ἁρπαγαὶ,
3008 1837 3234 1908 σφαγαὶ,
3267 1835 3406 1908 βίαι,

2179 1933 2401 2006 Ἦττσι,
2440 1936 2667 2006 σφαγαὶ,
2699 1931 3002 2003 κάθειρξις,
3033 1928 3408 2001 αἱχμαλωσίαι
3435 1944 3446 1972 ι

2177 2031 2371 2100 Δῆλον,
2404 2027 2753 2100 κρατούντων
2776 2024 2954 2078 τοῖσδε
2977 2021 3087 2076 τῶν
3117 2021 3400 2086 ἐναντίων,

2181 2121 2372 2194 Ἀρξει
2402 2119 2565 2174 καλὸν
2594 2119 2722 2184 πᾶν,
2750 2115 3070 2186 ἐγκράτεια,
3100 2112 3431 2185 χρηστότης,

2178 2214 2469 2285 Εὐανδρία,
2495 2211 2784 2285 φρόνησις,
2809 2208 2951 2281 ἀλκὴ
2984 2208 3124 2279 πρὸς
3149 2207 3366 2273 πόνους,

2179 2307 2380 2378 Τέχναι
2406 2306 2529 2360 κατ’
2557 2303 2788 2375 ἐχθρῶν,
2808 2301 3016 2366 τάξεων
3045 2297 3318 2366 εὐταξίαι,

2177 2401 2366 2464 Νῖκαι,
2399 2396 2657 2468 τρόπαια,
2684 2393 2832 2460 δόξα,
2870 2393 3154 2464 Ῥωμαίων
3183 2391 3402 2462 κράτοςο

2178 2488 2315 2543 Θεοῦ
2351 2489 2458 2558 πρὸ
2492 2488 2711 2540 πάντων
2740 2483 2998 2555 εὐμένεια
3023 2484 3134 2546 τοῖς
3163 2481 3328 2547 ὅλοις,

2185 2579 2283 2641 Ὃς
2317 2579 2412 2630 καὶ
2440 2573 2678 2645 σφραγίς
2714 2591 2804 2644 μοι
2841 2571 3006 2626 τῶνδε
3049 2570 3160 2624 τῶν
3196 2571 3586 2642 ψελλισμάτων

2185 2654 2354 2722 "Eata.
2388 2666 2468 2719 Τὰ
2493 2665 2538 2719 δ’
2568 2665 2702 2720 ἄλλα
2736 2665 2848 2726 τοῖς
2877 2661 3161 2731 σοφισταῖς
3189 2659 3453 2730 μελλέτω.

2644 2750 2924 2824 ρξα’-ρξβ’.
2953 2753 3055 2814 Εἷς
3074 2749 3140 2804 τὸ
3170 2752 3297 2819 ἔαρ.

2180 2848 2384 2922 Χριστὲ
2413 2845 2567 2912 ἄναξ,
2603 2845 2663 2910 ὃς
2687 2845 2786 2916 ἔαρ
2814 2844 3036 2898 θαλέθον
3062 2843 3408 2915 πολυήρατον
3442 2844 3566 2913 ἄρτι

2193 2948 2289 3001 Ἐκ
2316 2943 2550 3014 ζοφεροῦ
2581 2942 2850 3012 χειμῶνος
2879 2939 3214 3011 άπηύγασας
3241 2939 3406 3010 ὥριον
3436 2941 3620 3003 ἄνθος.

2184 3037 2368 3090 Πάντα
2395 3035 2440 3086 δ’
2467 3033 2668 3104 ἀνῆκεν
2699 3029 2805 3084 ὑπὸ
2831 3030 3018 3100 χθονὸς
3047 3024 3136 3083 οἷά
3163 3033 3223 3083 τε
3257 3029 3470 3099 τύμϐου

2181 3128 2444 3200 Δεύτερον
2483 3128 2540 3189 ἐς
2571 3123 2838 3195 φαέθοντα
2861 3122 3201 3194 παλίμπνοος
3231 3122 3357 3195 άρτι
3391 3123 3643 3194 μολόντες
3665 3137 3684 3156 ⁸

491 3315 711 3370 quoque
754 3300 954 3353 multas
991 3300 1275 3356 meditaris
1328 3301 1384 3355 in
1427 3311 1612 3358 mente
1641 3303 2066 3360 demonstratio-
2093 3309 2138 3368 ε
2172 3301 2391 3373 pulsare
2425 3309 2637 3357 tantum
2674 3299 2892 3367 sciunt;
2927 3307 2982 3355 et
3020 3298 3288 3353 rationem
3319 3297 3578 3355 docentes
3599 3299 3764 3370 hujus

491 3391 624 3445 nes?
674 3390 1026 3460 linguamque
1080 3405 1306 3447 exerces
1357 3400 1519 3447 nocte
1569 3393 1766 3463 dieque
1813 3405 1950 3458 tota,
2014 3395 2071 3450 in

491 3483 693 3538 divinis
761 3484 1079 3552 operibus?
1132 3484 1381 3538 musicus
1451 3494 1636 3541 autem
1695 3487 1960 3554 exsistis,
2019 3497 2075 3544 et

492 3576 858 3645 rltythtnicam
898 3575 1200 3630 exhibuisti
1243 3576 1614 3643 harmoniam,
1655 3580 1838 3636 verbis
1886 3581 2076 3649 explo-

492 3667 665 3720 rando
732 3666 1052 3722 abscondita
1109 3666 1380 3735 profunda
1434 3667 1526 3723 Dei
1594 3667 1800 3734 multa,
1871 3669 2077 3741 Deique

493 3757 910 3811 creaturarum?
980 3758 1262 3826 quomodo
1318 3759 1700 3827 composuisti,
1761 3761 1911 3815 velut
1958 3762 2076 3832 apis

495 3849 672 3903 mellis
711 3848 918 3913 favum,
951 3833 1425 3920 sapientissimum
1463 3850 1686 3918 librum,
1710 3867 1740 3906 e
1760 3869 1870 3923 quo
1893 3855 2074 3910 omnis

497 3939 748 4003 scientia,
776 3949 836 3994 ut
874 3938 1043 4006 fonte,
1068 3941 1206 4006 fluit,
1235 3941 1350 4009 Dei,
1382 3941 1705 4010 Cherubim,
1731 3947 2074 4015 angelorum,

497 4032 968 4103 archangelorum,
995 4035 1285 4104 spirituum
1318 4035 1586 4098 omnium,
1629 4035 1931 4092 visibilium
1967 4038 2079 4094 fur-

498 4141 730 4187 tuarum,
784 4127 1172 4190 mutationum,
1230 4126 1470 4188 virtutis,
1527 4127 1760 4196 peccati,
1820 4127 2075 4195 fortunae,

499 4217 719 4282 mentis,
764 4217 894 4272 vita:
935 4227 989 4272 et
1050 4217 1174 4272 finis
1225 4218 1763 4284 mortalium,,lucis,
1818 4221 2078 4275 tenebra-

500 4325 734 4380 rumque
778 4312 1111 4376 daemonum,
1167 4311 1508 4381 passionum,
1552 4311 1815 4366 miranda:
1863 4314 1930 4367 ad
1966 4323 2078 4367 ter-

497 4419 614 4456 ram
651 4403 866 4457 Domini
898 4402 1140 4466 unionis,
1176 4411 1230 4457 et
1277 4401 1639 4457 immaculata:
1696 4402 1931 4473 Virginis
1961 4404 2077 4458 Ma-

501 4495 621 4561 tris,
651 4495 943 4551 ineffabilia
971 4495 1176 4559 omnia,
1201 4503 1255 4550 et
1309 4495 1490 4550 verbis
1539 4495 1732 4549 altiora
1757 4496 1782 4549 ?
1813 4495 1918 4551 Sed
1953 4498 2075 4552 vio-

501 4585 679 4641 lentize
759 4600 905 4641 nunc
979 4587 1297 4641 bellatorum
1358 4592 1412 4640 et
1484 4586 1816 4652 ebrietates,
1875 4588 2076 4657 quibus

502 4678 827 4749 participare
874 4677 1025 4733 dices
1082 4679 1327 4734 honestis
1382 4677 1702 4734 indecorum
1749 4694 1892 4745 esse,
1941 4679 2072 4752 quid

503 4767 618 4822 haec
651 4770 716 4822 ad
749 4768 910 4822 rem?
941 4767 1074 4823 foris
1105 4775 1234 4822 sunt
1274 4767 1488 4822 litteraz.
1513 4768 1676 4823 Aliud
1712 4768 1893 4835 miles,
1928 4768 2077 4823 aliud

501 4862 729 4928 militia;
770 4862 859 4918 hie
881 4863 1080 4933 aliquis
1103 4862 1303 4928 malus,
1341 4863 1457 4918 haec
1495 4863 1701 4933 optima
1739 4857 1939 4918 natura
1972 4873 2076 4918 est.

502 4951 768 5008 Medicina
813 4955 1109 5021 salutaris;
1161 4970 1306 5025 saepe
1346 4966 1528 5010 autem
1571 4956 1772 5010 accidit
1806 4956 2078 5012 medicum

503 5043 832 5100 homicidam
883 5062 1023 5109 esse,
1059 5061 1128 5102 ne
1175 5055 1348 5102 artem
1413 5047 1792 5102 calumnieris.
1834 5047 1952 5102 Non
1997 5049 2080 5103 rei

501 5151 766 5206 unquam,
798 5138 891 5192 sed
937 5153 1296 5208 personarum
1339 5139 1494 5208 culpa
1523 5149 1624 5194 est.
1671 5139 1892 5209 lnfrcgit
1930 5141 2076 5209 leges

502 5229 702 5298 aliquis
741 5230 928 5285 rhetor
959 5231 1179 5301 saepius,
1220 5247 1286 5287 ne
1337 5232 1560 5288 incuses
1607 5233 1929 5302 eloquentiae
1960 5249 2083 5302 per-

500 5319 862 5376 versitatem:
921 5322 1079 5376 aliter
1113 5322 1272 5377 malis
1330 5323 1548 5390 quidem
1608 5331 1866 5392 tanquam
1901 5323 2081 5378 malus

504 5421 981 5467 annumeraretnr.
1015 5413 1126 5482 Ego
1143 5421 1324 5468 autem
1350 5413 1526 5467 bonos
1578 5422 1792 5484 reputo,
1820 5429 1959 5484 quos
1988 5429 2082 5469 so-

509 5503 619 5556 lum
657 5506 947 5560 bellatores
972 5521 1094 5560 esse
1122 5507 1258 5569 scio,
1299 5514 1358 5559 ιιι
1393 5516 1563 5560 artem
1603 5521 1755 5561 suam
1788 5508 2082 5578 possiden-

511 5605 627 5660 tes;
663 5607 717 5652 et
769 5597 1016 5653 musicos
1055 5599 1226 5668 lyram
1264 5599 1565 5668 pulsantes,
1624 5599 1718 5669 qui
1755 5600 1892 5657 bene
1943 5601 2086 5658 hanc

577 5749 621 5783 ⁸⁸
659 5751 952 5809 Cort‘cctor
976 5754 1146 5825 πηγή.
1194 5754 1285 5839 ξ’-
1305 5751 1434 5808 Erat
1459 5751 1730 5821 ἀργέλων.

2175 3395 2332 3458 artis,
2356 3391 2460 3447 etsi
2493 3403 2772 3461 nunquam
2799 3389 3055 3444 manibus
3090 3389 3266 3462 lyram
3307 3397 3570 3459 tangant;
3605 3390 3762 3444 simi-

2174 3485 2298 3540 liter
2333 3484 2564 3558 equites,
2591 3483 2909 3552 scriptores,
2935 3494 3130 3536 omnes
3154 3480 3411 3544 artifices,
3439 3479 3759 3545 statuarius,

2175 3576 2518 3647 lignifahros,
2557 3575 2874 3646 lapidarias,
2901 3587 3202 3646 quemque,
3244 3572 3338 3644 qui
3369 3571 3504 3628 artis
3548 3579 3762 3627 tantum

2177 3668 2464 3724 scientiam
2497 3668 2678 3724 habet.
2713 3669 2781 3724 Et
2803 3673 2918 3727 hac
2951 3669 3173 3741 quidem
3202 3681 3336 3722 sane
3360 3678 3518 3720 mens
3556 3662 3763 3718 frustra

2178 3763 2397 3833 obiecit.
2455 3761 2643 3818 Potius
2675 3770 2758 3818 est
2818 3761 2923 3818 ista
2964 3760 3270 3832 justissima
3329 3757 3501 3822 ratio,
3535 3763 3595 3810 ut
3647 3755 3766 3826 ipse

2179 3863 2308 3910 tuus
2358 3869 2545 3910 sermo
2601 3854 2862 3922 ostendit,
2924 3869 2993 3910 ne
3056 3849 3454 3909 convenienter
3501 3847 3765 3903 doctritm

2178 3951 2492 4020 expertibus
2526 3950 2941 4004 committantur
3000 3945 3247 4018 gentium
3306 3951 3363 3998 et
3420 3940 3764 3996 exercituum

2179 4041 2573 4113 gubernacula.
2603 4041 2664 4095 Si
2699 4040 2845 4095 enim
2881 4039 2968 4094 his
2994 4035 3417 4108 imperantibus,
3447 4045 3614 4088 omne
3639 4045 3761 4086 ma-

2180 4135 2292 4189 lum
2319 4135 2576 4205 imperat,
2603 4131 2862 4196 ebrietas,
2911 4128 3182 4200 tyrannis,
3214 4123 3512 4188 violentiae,
3560 4122 3761 4185 caedes,

2178 4225 2533 4291 vastationes,
2570 4223 2774 4286 clades,
2805 4220 3190 4284 incarceratio,
3213 4215 3546 4286 captivitas;
3587 4219 3761 4283 patet,

2181 4318 2576 4389 imperantibus
2613 4317 2843 4372 istorum
2869 4312 3185 4377 contrariis,
3214 4309 3612 4379 imperaturum
3640 4320 3764 4361 esse

2181 4427 2344 4465 omne
2376 4412 2605 4473 bonum,
2662 4406 3102 4479 temperantiam,
3137 4403 3488 4474 probitatem,
3539 4397 3760 4453 fortitu-

2180 4503 2384 4568 dinem,
2421 4500 2789 4570 prudentiam,
2827 4499 2999 4552 robur
3040 4495 3106 4550 ad
3142 4495 3383 4556 labores,
3434 4498 3628 4546 contra
3656 4489 3760 4544 ho-

2182 4605 2290 4651 stes
2320 4592 2749 4664 peritiam,aciei
2774 4591 2972 4645 bonam
3005 4587 3445 4658 dispositionem,
3474 4582 3758 4646 victorias,

2183 4686 2508 4755 triumphos,
2546 4683 2801 4754 gloriam,
2852 4681 3231 4736 Romanorum
3285 4675 3600 4746 imperium,
3663 4673 3761 4729 Dei

2180 4787 2306 4834 ante
2340 4777 2446 4832 alia
2493 4775 2548 4829 in
2600 4790 2794 4830 omnes
2853 4771 3324 4835 benevolentiam;
3363 4769 3459 4839 qui
3495 4767 3767 4823 horumce

2179 4869 2486 4926 carminum
2537 4866 2749 4938 sigillus
2799 4865 2933 4920 mihi
2962 4863 3086 4920 erit.
3113 4863 3324 4918 Caetera
3353 4858 3622 4931 sophistis
3648 4872 3768 4914 ser-

2179 4972 2395 5018 ιέιιιιιΐ.

2731 5064 2990 5146 ιθι-ὶδε.
3029 5089 3099 5143 1η
3130 5105 3241 5145 ver.

2253 5230 2364 5285 Rex
2395 5229 2633 5292 Christe,
2659 5236 2712 5281 tu
2738 5242 2830 5282 ver
2853 5225 3103 5281 floridum
3133 5223 3278 5278 votis
3315 5230 3570 5278 vocatum
3598 5220 3765 5276 modo

2181 5341 2213 5383 e
2251 5325 2534 5381 tenebrosa
2589 5331 2910 5392 tempestate
2967 5320 3252 5390 splendere
3299 5315 3500 5382 fecisti,
3528 5316 3756 5385 conspi-

2182 5433 2343 5472 cuum
2367 5415 2577 5471 ﬂorem.
2597 5413 2792 5468 Omnia
2813 5428 2843 5468 e
2873 5421 3016 5467 terra
3041 5415 3370 5481 exsurgunt,
3404 5416 3464 5463 ut
3492 5407 3759 5462 etumqu

2181 5509 2276 5579 qui
2329 5509 2394 5563 ad
2458 5507 2752 5564 secundam
2818 5505 2988 5559 vitam
3053 5501 3192 5558 redit
3237 5500 3539 5562 redivivus,
3589 5499 3754 5554 modo

2183 5610 2460 5670 crescunt;
2503 5598 2686 5658 omnia
2713 5605 3066 5664 exornantur,
3105 5603 3160 5651 et
3187 5599 3382 5650 ornatu
3421 5590 3758 5648 ﬂoretmun-
