4080 6414
357 463 548 536 Πατὴρ
577 464 694 534 ἐρεῖ
716 481 798 519 σοι
831 465 1025 531 ταῦτα,
1050 464 1366 538 πρεσϐύτης
1391 466 1570 537 γέρων
1589 483 1605 499 ο

372 553 545 626 Ἀδὰμ
570 555 632 608 τὸ
660 556 879 627 πρῶτον
904 557 978 620 ὠς
1010 557 1288 628 διέσπειρε
1317 558 1532 626 γόνους,

358 646 612 716 Ἔνειμεν
636 647 785 718 ἔθνη,
811 649 906 702 καὶ
934 650 1168 703 καθίστα
1201 653 1326 715 τοὺς
1347 650 1506 722 ὄρους
1531 668 1544 681 ·

357 737 584 803 ’Ἄλλους
609 739 708 809 μὲν
735 740 918 804 ἄλλοις
948 741 1221 810 ἀγγέλοις,
1258 745 1578 806 ἐπιστάταις
1603 761 1616 774 ·

353 830 527 893 Αὐτὸς
559 829 604 883 δ’
643 831 821 903 ἑαυτῷ
861 832 1062 904 κλῆρον
1091 835 1276 904 εἴληχε
1316 837 1483 906 μόνῳ,

352 923 458 975 Τὸν
496 923 713 993 Ἰσραὴλ
743 925 1053 997 σχοίνισμα,
1082 929 1212 991 τοὺς
1249 928 1586 999 Ἀϐραμίδας
1609 945 1622 960 ·

363 1012 670 1084 Ὀφθαλμὺς
697 1010 764 1085 ἦν
792 1016 1072 1086 ἄγρυπνος
1113 1018 1264 1085 αῦτῷ
1291 1020 1492 1091 προσϐ)
1504 1020 1650 1072 έπων
1672 1035 1687 1050 ο

353 1104 541 1176 Πηγὴν
571 1107 804 1175 ῥέουσαν
830 1109 928 1182 τὴν
956 1111 1185 1182 ἄνυδρον
1223 1111 1458 1166 δεικνύει
1480 1127 1494 1141 ο

350 1196 499 1266 Παρε
511 1196 734 1268 μόαλὼν
758 1200 992 1272 ἕστηκεν
1022 1205 1102 1266 εἰς
1129 1205 1376 1274 φρουρὰν
1403 1203 1588 1272 κύκλῳ
1609 1219 1622 1230 ·

362 1288 452 1352 Ὠς
479 1290 727 1361 δμματός
751 1309 836 1356 τις
866 1294 1165 1366 ἐξετήρησε
1199 1295 1371 1365 κόρην
1391 1312 1405 1328 ο

363 1383 451 1446 Ὡς
479 1383 636 1448 ἀετὸς
657 1387 918 1458 πτέρυξιν
943 1385 1002 1441 εὖ
1032 1388 1384 1458 ἡπλωμέναις

353 1476 608 1546 Συνεῖχεν
639 1478 860 1542 αὐτοὺς,
889 1475 1003 1548 εἶχε
1033 1479 1126 1533 καὶ
1154 1479 1510 1549 μεταφρένων

354 1567 600 1638 ’Υπερθε
639 1570 877 1639 χρυσῶν,
904 1557 978 1634 ὡς
1009 1572 1264 1636 νεοσσοὺς
1291 1573 1480 1642 ἠγάπα
1508 1591 1521 1604 ο

364 1657 586 1724 Ἀνῆξεν
615 1662 694 1724 είς
723 1662 826 1731 γῆν
857 1663 1038 1732 ἰσχύος
1076 1663 1470 1736 πεπλησμένην
1495 1683 1509 1698 ο

351 1747 572 1801 Πολλῶν
599 1750 833 1821 ἔπλησεν
862 1752 1067 1822 ἡδονῶν
1089 1754 1284 1825 πικρὸν
1318 1755 1513 1825 στόμα.

355 1839 578 1894 Ἐλάιον
605 1841 900 1913 ἐξέρρευσε
936 1845 1032 1898 καὶ
1059 1845 1181 1913 μέλι
1218 1846 1426 1917 πέτρας
1449 1862 1465 1877 ⁸

351 1931 502 1984 Βοῶν
532 1933 695 1986 καλὸν
726 1933 978 2006 τύρωμα,
1016 1936 1351 2007 θρεμμάτων
1377 1940 1540 2008 γάλα,

366 2025 592 2096 Ἀρνῶν,
619 2027 845 2099 ἐρίφων,
878 2031 1044 2100 στέαρ
1077 2033 1142 2083 ἐκ
1179 2032 1398 2102 μόσχων
1422 2033 1578 2088 νέων.

351 2110 503 2186 Αἷμα
531 2119 804 2189 σταφυλῆς
830 2120 950 2191 ἡδὺ,
981 2121 1077 2174 τοῦ
1103 2123 1279 2193 πυροῦ
1307 2125 1508 2194 κράτος

362 2209 451 2272 Ὡς
476 2211 667 2281 χόρτον
694 2207 860 2282 εἶχον,
901 2213 1079 2268 πάντα
1115 2217 1280 2270 πᾶσιν
1301 2216 1574 2288 ἐτρύφων.

349 2301 622 2370 Πλησθεὶς
669 2303 860 2358 Ἰακὼϐ
891 2307 1205 2373 ἐξελάκτισε
1249 2308 1391 2380 μέγα
1419 2326 1434 2341 ’

357 2389 449 2457 Ὠς
485 2395 767 2468 εὐτραφής
795 2415 899 2463 τις,
931 2398 1007 2463 ὡς
1039 2401 1247 2464 πλατύς
1267 2419 1326 2456 τε
1358 2403 1454 2457 καὶ
1490 2404 1688 2474 μέγας,

353 2483 449 2548 Ὠς
483 2487 660 2551 πῶλος
698 2489 876 2543 ἄττων
903 2491 996 2544 τοῦ
1021 2491 1157 2545 Θεοῦ
1182 2494 1514 2565 παρετράπη
1543 2513 1556 2526 ·

343 2579 650 2649 Κρημνοὺς
686 2581 742 2634 δὲ
779 2583 870 2634 καὶ
902 2582 1193 2652 φάραγγας
1225 2579 1339 2655 εἶχε
1367 2587 1461 2638 καὶ
1487 2587 1691 2656 πέτρας
1715 2601 1731 2616 ·

344 2667 558 2723 Ἔθυσε
598 2674 834 2742 μικροῖς,
870 2672 972 2742 φεῦ
999 2675 1011 2726 !
1055 2675 1216 2740 θεοῖς,
1245 2676 1340 2728 καὶ
1365 2679 1723 2746 προσφάτοις,

338 2758 508 2823 Θεοῖς
538 2761 870 2831 βδελυκτοίς,
897 2763 992 2828 οὓς
1018 2763 1264 2834 ἔγνωσαν
1289 2768 1525 2822 οὐδέπω.

336 2852 542 2907 Λιπὼν
571 2854 636 2907 σὺ
668 2855 759 2910 τὸν
787 2858 1015 2911 τεκόντα
1050 2860 1145 2913 καὶ
1175 2860 1419 2925 σώζοντά
1451 2879 1510 2914 σε

337 2946 520 3010 Θεοὺς
547 2947 752 3010 ἐποίεις
781 2949 907 3012 τοὺς
935 2950 1199 3015 τεκόντας
1220 2953 1320 3023 τὴν
1349 2953 1578 3024 πλάνην.

339 3033 472 3091 Εἷδε
509 3038 570 3092 τὸ
599 3039 828 3110 φρικτὸν
856 3041 1012 3110 δμμα
1035 3044 1132 3097 καὶ
1166 3045 1321 3114 ζηλοῖ
1353 3047 1494 3114 μέγα
1514 3065 1527 3077 ο

340 3129 537 3202 Θυμοῦ
566 3132 849 3202 γεμισθὲν,
881 3129 1042 3188 εἷπεν
1067 3151 1081 3165 υ
1130 3137 1548 3210 Ἐξαποστρέιιω

1671 359 2015 418 CARMINA
2047 358 2298 419 VARIA.

1958 479 2002 533 Α
2036 467 2334 538 Πρόσωπον
2369 467 2500 531 ἰδοὺ,
2536 469 2648 530 τοῖς
2681 464 2968 536 στραφεῖσι
2991 461 3091 526 τὰς
3119 459 3330 533 φρένας
3356 476 3371 492 ο

3525 352 3556 414 il

3562 352 3633 416 90

2049 559 2165 628 [Ιῦρ
2193 560 2545 622 ἐκκέκαυται,
2580 557 2751 628 θυμὸς
2781 557 2826 589 ¹⁰
2852 555 2998 627 ήρθη
3035 555 3137 608 καὶ
3172 553 3350 625 φλέγει

2047 653 2159 706 Καὶ
2187 653 2292 722 γῆν
2314 653 2483 726 φάγῃ,
2511 651 2760 722 καρπούς
2786 668 2844 703 τε
2876 650 2970 704 καὶ
3001 647 3072 701 τὰ
3109 648 3212 716 γῆς
3255 647 3418 716 βάθη,

2046 745 2156 798 Καὶ
2181 746 2289 798 πᾶν
2323 743 2535 808 συνάξω
2561 743 2732 797 δεινὸν
2772 743 2852 806 εἰς
2886 740 3084 803 αὐτοὺς
3113 741 3277 808 τάχος
3297 753 3312 767 ο

2047 838 2165 891 Πᾶν
2194 836 2509 898 ἐκκενώσας
2533 837 2634 906 τῆς
2669 835 2950 906 φαρέτρας
2979 849 3084 903 μου
3118 831 3270 902 βέλος
3301 831 3342 861 ²¹
3368 867 3385 893 ν

2046 929 2205 1001 Λιμῷ
2229 932 2467 1003 τακήσῃ,
2503 929 2705 1001 βρῶσις
2733 927 2936 998 ὀρνέων
2967 926 3098 997 ἔσῃ’

2049 1025 2207 1087 Γένος
2238 1024 2496 1094 πονηρὸν,
2528 1023 2737 1093 πλῆρες
2771 1020 2852 1075 ίοῦ
2881 1020 3093 1092 θηρίον,

2049 1117 2278 1185 Πικραῖς
2310 1115 2620 1186 τεμνόντων
2655 1113 3071 1183 συντελεσθείσῃ
3101 1107 3302 1174 πάθαις
3333 1111 3400 1156 "-

2051 1208 2230 1261 Στελῶ
2265 1210 2384 1260 κατ’
2413 1208 2593 1260 αὐτῶν
2622 1206 2797 1276 θῆρας
2842 1206 3242 1276 ἠγριωμένους,

2052 1302 2198 1366 Ἕξω
2230 1301 2526 1370 μαχαίρας,
2559 1301 2616 1353 ἐν
2646 1299 2893 1368 ταμείοις
2919 1297 3046 1362 τοὺς
3081 1298 3302 1368 φόϐους,

2057 1394 2224 1468 Ὁμοῦ
2250 1395 2306 1448 δὲ
2333 1395 2529 1459 πάντα,
2559 1392 2812 1463 παρθένῳ
2838 1392 3073 1455 νεανίας,

2047 1487 2156 1539 Καὶ
2188 1485 2284 1538 σὺν
2324 1483 2544 1554 γέροντι
2578 1480 2783 1552 μαστὸν
2811 1479 2968 1532 ἕλκον
2993 1477 3221 1532 παιδίον.

2047 1573 2239 1641 Εἶπον,
2276 1573 2572 1646 Διασπερῶ
2607 1591 2687 1637 σε,
2724 1572 2876 1642 θήσω
2896 1571 3202 1639 νωνύμους,

2045 1671 2109 1723 Εἰ
2136 1669 2213 1742 μὴ
2241 1669 2306 1722 δι’
2339 1668 2510 1740 ὀργὴν
2534 1665 2826 1740 βαρϐάρων
2858 1663 3247 1735 παραφρόνων,

2046 1761 2607 1833 Μακροχρονούντων,
2640 1761 2714 1832 μὴ
2744 1756 3146 1830 συνεκτρίψωσί
3179 1773 3260 1821 σε,

1967 1853 2015 1912 Β
2046 1855 2154 1910 Καὶ
2184 1854 2538 1925 κομπάσωσι,
2568 1853 2661 1907 καὶ
2691 1852 2968 1921 λαλήσωσι
3006 1850 3148 1921 μέγα
3171 1865 3190 1880 °

2057 1947 2121 1999 Ἦ
2128 1946 2246 2017 μῶν
2269 1945 2461 2015 ἔδρασε
2487 1943 2662 1998 ταῦτα
2699 1944 2840 2015 χεὶρ,
2871 1944 2933 1996 οὑ
2970 1942 3175 2013 Κυρίου
3202 1957 3216 1971 ·

2047 2037 2240 2101 Ἔθνος
2277 2038 2387 2108 γὰρ
2426 2036 2600 2107 ἄφρον
2625 2035 2721 2088 καὶ
2748 2030 3342 2103 παρεκτετραμμένον·

2057 2131 2380 2201 Ἐσύστερον
2405 2129 2464 2183 δὲ
2484 2128 2658 2181 ταῦτα
2687 2128 3010 2196 γενήσονται
3055 2124 3201 2194 τάχα

2043 2217 2304 2282 Διώξεται
2344 2219 2452 2288 γὰρ
2481 2210 2562 2280 εἷς
2599 2216 2759 2287 μόνος
2789 2214 2907 2276 πῶς
2938 2212 3168 2283 χιλίους,

2046 2312 2154 2365 Καὶ
2178 2310 2406 2382 μυρίους
2433 2308 2676 2363 κλινοῦσι
2707 2307 2824 2370 πῶς
2858 2307 3009 2377 μόνοι
3033 2305 3129 2359 δύο
3156 2321 3170 2368 ;

2044 2403 2108 2457 Ei
2141 2405 2216 2475 μὴ
2248 2403 2382 2466 Θεὸς
2412 2403 2699 2473 πέπρακεν
2731 2401 2933 2462 αὐτοὺς
2973 2400 3056 2462 είς
3094 2397 3312 2467 φθόνον,

2043 2496 2156 2549 Καὶ
2186 2496 2374 2566 χερσὶν
2407 2494 2674 2548 ἐκδέδωκε
2700 2495 2819 2556 ταῖς
2847 2493 3129 2546 ἐναντίων.

2043 2589 2171 2642 Θεοὶ
2207 2589 2314 2660 γάρ
2352 2588 2532 2644 αὐτῶν
2557 2588 2710 2642 οὐδὲν
2739 2585 2848 2641 ἶσοι
2887 2587 2965 2657 τῷ
2996 2587 3161 2656 μόνῳ.

2046 2684 2400 2754 Παραφρονῇ,
2431 2681 2701 2751 μέμηνας,
2733 2679 2860 2750 ἔθνη
2891 2679 2959 2732 τὰ
2991 2678 3140 2745 ξένα,

2044 2773 2141 2838 Οἷς
2175 2775 2419 2846 ἄμπελος
2451 2775 2549 2844 μὲν
2578 2772 2830 2843 Σοδόμων
2861 2774 2957 2826 καὶ
2985 2772 3296 2842 Γομόρρας,

2043 2864 2222 2933 Χολῆς
2246 2863 2514 2934 σταφυλὴ,
2557 2862 2785 2934 πικρίας
2814 2862 3032 2932 πλήρης
3062 2859 3278 2931 βότρυς,

2043 2954 2225 3025 Θυμὺς
2251 2955 2559 3025 δρακόντων
2590 2950 2752 3017 οἶνος,
2795 2951 2871 3016 ἰὸς
2894 2951 3136 3004 ἀσπίδων

2043 3050 2118 3102 Οὐ
2161 3049 2516 3120 συμφορήσας
2547 3047 2860 3117 ἐσφράγισα
2886 3043 3062 3097 ταῦτά
3095 3059 3208 3113 μοι,

2044 3141 2153 3197 Καὶ
2186 3142 2362 3196 πάντα
2407 3143 2583 3194 κεῖται
2618 3137 2712 3192 νῦν
2735 3135 3260 3214 τεθησαυρισμένας

341 3318 400 3365 et
429 3311 649 3366 intuere
672 3321 877 3382 quanta
905 3314 1016 3369 tuis
1043 3313 1276 3369 dederit.
1304 3313 1465 3369 Pater
1492 3317 1636 3370 dicet
1666 3319 1794 3372 illud
1823 3321 1940 3384 tibi,
1971 3324 2012 3378 (Ζ
2047 3329 2101 3373 et
2139 3318 2497 3382 inﬂammata,
2531 3326 2588 3372 et
2631 3325 2833 3371 terram
2874 3315 3175 3380 devorarii,
3229 3313 3550 3385 fructusque
3581 3325 3638 3369 et

341 3403 506 3460 senio
536 3403 821 3460 confectus
857 3423 869 3459 :
906 3407 1103 3460 Adami
1135 3408 1370 3477 primum
1407 3416 1467 3462 ut
1497 3409 1945 3466 disseminaverit

343 3498 512 3562 ﬁlios,
559 3497 808 3553 diviserit
857 3507 1080 3568 gentes,
1131 3508 1187 3554 et
1238 3501 1505 3556 terminos
1555 3504 1940 3570 constituerit;

340 3589 487 3644 alios
524 3588 745 3656 quidem
782 3588 904 3642 aliis
928 3589 1137 3658 angelis
1162 3590 1494 3658 praesidibus
1516 3634 1530 3657 ,
1563 3593 1655 3646 sed
1694 3593 1808 3662 ipse
1839 3593 1942 3647 sibi

339 3681 659 3753 portionem
703 3681 806 3736 soli
853 3682 1094 3736 servavit.
1139 3681 1359 3739 lsraelis
1397 3683 1736 3751 funiculum,
1771 3687 1946 3740 Abra-

341 3775 559 3830 midum
590 3789 783 3845 genus.
808 3773 1016 3830 Oculus
1041 3774 1143 3833 fuit
1176 3776 1411 3846 vigilans
1438 3776 1564 3832 illos
1586 3779 1942 3846 custodiens;

341 3868 556 3928 fontem
629 3865 886 3922 ﬂuentem
955 3866 1169 3929 aridum
1239 3867 1515 3934 ostendit;
1575 3869 1974 3925 circumduxit.

339 3971 396 4015 et
439 3959 638 4014 statuit
668 3958 723 4012 in
761 3958 1087 4023 custodiam,
1120 3967 1179 4027 ut
1215 3958 1419 4030 aliquis
1462 3961 1762 4016 eustodivit
1797 3963 1943 4017 oculi

337 4051 616 4121 pupillam
655 4069 668 4104 :
719 4059 778 4104 ut
823 4049 1006 4119 aquila
1039 4051 1143 4112 alis
1181 4052 1441 4126 expansis
1473 4053 1774 4123 assumpsit
1823 4071 1940 4121 eos,

338 4146 587 4215 tulitque
625 4160 791 4215 super
826 4160 1028 4201 aureos
1063 4143 1344 4210 humeros,
1386 4153 1443 4197 ut
1477 4144 1656 4213 pullos
1687 4147 1893 4200 amavit
1928 4164 1942 4200 :

337 4237 581 4292 adduxit
627 4252 722 4292 eos
777 4237 834 4291 in
879 4247 1082 4291 terrain
1140 4237 1340 4292 robore
1395 4236 1706 4292 refertam:
1757 4239 1943 4295 multis

338 4330 597 4401 implevit
633 4330 848 4391 deliciis
879 4345 942 4384 os
970 4345 1244 4386 amarum.
1278 4328 1470 4384 Oleum
1503 4339 1559 4385 et
1592 4329 1698 4386 mel
1729 4347 1760 4386 e
1793 4341 1945 4400 petra

338 4426 570 4489 eduxit;
602 4423 862 4494 butyrum
895 4438 924 4478 e
957 4421 1136 4477 vaccis
1176 4423 1402 4488 bonum,
1434 4422 1520 4477 lac
1554 4438 1584 4478 e
1613 4423 1940 4493 pecudibus,

342 4533 410 4572 ex
443 4517 629 4587 agnis,
667 4517 931 4573 arietibus
960 4524 1015 4571 et
1052 4516 1256 4572 teneris
1281 4516 1470 4571 vitulis
1511 4515 1748 4586 adipem.
1799 4517 1941 4571 San-

343 4612 574 4681 guinem
614 4627 732 4664 uva:
759 4609 1087 4676 jucundum,
1131 4608 1292 4662 tritici
1326 4607 1618 4663 medullam
1665 4609 1718 4663 in
1750 4609 1933 4664 cibum

343 4703 698 4766 habuerunt,
748 4702 1007 4756 omnibus
1047 4703 1224 4758 modis
1266 4702 1505 4756 deliciati
1540 4712 1689 4758 sunt.
1730 4702 1936 4773 Impiu-
1967 4682 2018 4742 D

341 4805 548 4872 gnatus
601 4794 771 4852 Jacob
824 4795 1059 4850 multum
1096 4795 1490 4861 recalcitravit,
1526 4796 1672 4852 velut
1705 4783 1938 4867 quidam

341 4888 717 4950 incrassatus,
748 4887 1012 4942 dilatatus
1042 4895 1096 4941 et
1122 4886 1392 4950 elevatus,
1425 4897 1484 4940 ut
1514 4902 1692 4956 equus
1724 4885 1940 4943 fervens

342 4994 374 5038 a
421 4977 537 5032 Deo
581 4993 811 5034 aversus
845 4987 948 5034 est.
987 4977 1128 5034 Loca
1168 4980 1436 5054 abrupta,
1477 4978 1664 5035 fauces
1693 4987 1746 5034 et
1780 4995 1939 5050 rupes

342 5070 578 5136 habuit;
617 5070 924 5125 immolavit
965 5072 1188 5138 vilibus,
1251 5073 1396 5126 heu!
1448 5072 1552 5126 diis
1599 5080 1652 5126 et
1696 5072 1940 5127 recenti-

339 5163 450 5225 bus
476 5204 492 5228 ,
526 5160 636 5217 diis
675 5163 1182 5234 contemptibilibus
1221 5176 1361 5232 quos
1406 5177 1687 5232 nunquam
1740 5175 1942 5233 cogno-

340 5267 565 5314 verant.
601 5254 1002 5327 Derelinquens
1037 5272 1166 5312 eum
1201 5255 1293 5324 qui
1343 5265 1393 5309 te
1421 5256 1612 5326 genuit
1644 5264 1699 5310 et
1728 5256 1940 5310 salvum

345 5350 503 5416 fecit,
558 5350 694 5406 deos
746 5348 924 5406 fecisti
973 5349 1070 5420 qui
1125 5363 1370 5405 errorem
1413 5360 1735 5418 genueram.
1794 5347 1944 5403 Vidit

346 5442 674 5498 tremendus
705 5443 900 5498 oculus
937 5451 991 5497 et
1026 5442 1203 5496 iratus
1248 5449 1332 5496 est
1376 5440 1567 5506 valde,
1603 5441 1793 5511 iraque
1823 5441 1939 5512 ple-

346 5552 456 5592 nus
485 5536 628 5592 dixit
660 5553 674 5590 :
706 5535 847 5592 Ecce
884 5536 1077 5592 faciem
1106 5542 1347 5590 avertam
1374 5535 1443 5590 ab
1472 5534 1557 5590 his
1592 5535 1686 5605 qui
1715 5550 1938 5590 aversas

345 5625 558 5688 habent
597 5637 830 5682 mentes.
873 5625 1022 5699 Ignis
1066 5641 1368 5682 succensus
1414 5634 1534 5692 est,
1566 5626 1647 5681 ira
1683 5627 1825 5682 elata
1854 5633 1939 5683 est

2048 3413 2275 3482 abyssos
2318 3422 2497 3478 terrae,
2527 3419 2581 3464 et
2609 3426 2772 3464 omne
2805 3411 3002 3463 malum
3038 3409 3090 3462 iu
3126 3423 3220 3462 eos
3260 3409 3370 3462 cito
3405 3422 3639 3477 congre-

2049 3505 2206 3574 gabo.
2244 3503 2474 3560 Omnem
2503 3504 2808 3559 exhausisti
2846 3503 3118 3572 pharetra:
3154 3517 3290 3555 mea:
3335 3502 3633 3570 sagittam;

2050 3597 2191 3652 fame
2221 3598 2588 3660 consumeris,
2623 3611 2748 3652 esca
2777 3595 2957 3648 avium
3003 3593 3134 3657 eris,
3165 3609 3337 3662 genus
3383 3607 3636 3662 pravum,

2048 3691 2205 3760 plena
2236 3705 2448 3746 veneno
2499 3689 2715 3753 bellua,
2757 3687 2970 3741 acerbis
3012 3683 3416 3739 vulnerantium
3453 3692 3640 3736 vasta-

2047 3780 2194 3836 beris
2236 3780 2453 3851 gladiis.
2485 3778 2697 3833 Mittam
2735 3778 2788 3832 in
2821 3793 2916 3832 eos
2955 3776 3163 3831 bestias
3189 3775 3466 3835 eﬂ‘eratas,
3507 3771 3641 3828 foris

2048 3886 2233 3936 enses,
2266 3873 2316 3925 in
2348 3870 2619 3926 cubiculis
2647 3870 2927 3934 terrores;
2960 3868 3232 3936 simulque
3257 3882 3381 3922 cum
3427 3865 3640 3934 virgine

2043 3965 2313 4033 juvenes,
2355 3979 2480 4018 cum
2537 3978 2668 4018 sene
2717 3962 3005 4016 lactentem
3064 3961 3349 4031 parvulum
3385 3969 3638 4013 vastave-

2049 4065 2198 4110 runt.
2236 4053 2728 4126 Dixi,Dispergam
2769 4063 2844 4120 te,
2891 4054 3182 4124 inglorium
3218 4061 3478 4114 statuam,
3531 4049 3637 4104 nisi

2005 4163 2008 4166 '
2049 4157 2274 4219 prepter
2311 4148 2448 4201 iram
2493 4147 2709 4201 barbari
2740 4147 3065 4215 insipientes
3089 4153 3389 4215 ettempus
3426 4142 3636 4212 produ-

2051 4254 2272 4306 centes,
2325 4253 2433 4293 non
2487 4248 2538 4293 te
2579 4236 2988 4303 destruxerint,
3031 4245 3086 4290 et
3140 4235 3356 4304 gloriati
3416 4234 3527 4288 sint
3583 4237 3642 4286 et

2049 4349 2246 4404 magna
2299 4333 2366 4387 de
2415 4346 2474 4387 se
2525 4331 2692 4386 locuti
2747 4330 2952 4384 fuerint
3007 4347 3019 4382 :
3079 4328 3280 4383 Nostra
3335 4325 3463 4382 fecit
3521 4326 3641 4381 haec

2049 4441 2267 4489 manus,
2307 4433 2360 4480 et
2386 4439 2492 4478 nou
2526 4439 2724 4478 manus
2756 4421 2997 4476 Domini.
3027 4420 3174 4476 Gens
3206 4421 3354 4475 enim
3389 4419 3552 4474 stulta
3585 4427 3647 4473 et

2052 4532 2307 4588 perversa
2344 4525 2445 4571 est.
2490 4513 2551 4570 ln
2609 4524 2887 4584 posterum
2927 4525 3110 4568 autem
3159 4513 3278 4568 haec
3325 4511 3457 4566 fient
3506 4511 3644 4566 cito.

2057 4609 2345 4677 Quomodo
2391 4609 2535 4664 enim
2591 4618 2951 4677 persequetur
3003 4622 3145 4662 unus
3207 4606 3387 4670 mille,
3435 4613 3492 4660 et
3531 4605 3644 4658 duo

2047 4711 2257 4757 tantum
2303 4701 2490 4755 decem
2527 4698 2698 4753 millia
2751 4698 3064 4769 fugabuuti
3111 4697 3214 4753 nisi
3260 4697 3403 4752 Deus
3445 4697 3641 4750 vendi-

2046 4795 2216 4850 disset
2242 4808 2337 4849 eos
2362 4793 2415 4846 in
2454 4791 2774 4862 opprobria,
2810 4798 2866 4844 et
2893 4790 3151 4844 manibus
3195 4788 3514 4843 tradidisset
3545 4788 3643 4840 ad-

2045 4887 2434 4943 versariorum.
2467 4885 2551 4939 Dii
2571 4886 2716 4940 enim
2743 4900 2932 4941 eorum
2967 4900 3076 4939 non
3105 4885 3207 4939 soli
3245 4883 3354 4938 Deo
3378 4883 3638 4952 aequales.

2046 4979 2369 5050 lusipientes
2403 4979 2706 5040 furebatis,
2739 4978 2933 5032 aliena:
2969 4986 3189 5047 gentes,
3235 4976 3436 5046 quibus
3482 4977 3640 5028 vinea

2045 5081 2164 5127 erat
2215 5069 2589 5125 Sodomorum
2627 5080 2681 5123 et
2714 5068 3060 5132 Gomorrhae,
3094 5083 3198 5122 uva
3243 5067 3405 5132 fellis,
3445 5067 3641 5120 botrus

2048 5165 2413 5218 amaritudine
2465 5163 2682 5233 plenus,
2736 5159 2807 5215 fel
2854 5162 3157 5217 draconum
3210 5163 3439 5224 vinum,
3477 5177 3641 5214 vene-

2045 5273 2173 5310 nmn
2217 5255 2490 5326 aspidum.
2546 5252 2742 5308 Nonne
2777 5269 3086 5322 congcrens
3141 5253 3243 5308 ista
3293 5252 3425 5306 mihi
3485 5252 3636 5305 obsi-

2044 5349 2226 5418 gnavi,
2268 5356 2324 5403 et
2355 5346 2542 5401 omnia
2571 5353 2794 5401 exstant
2830 5359 2978 5399 nunc
3011 5344 3426 5402 thesaurizata?
3461 5344 3512 5397 in
3552 5344 3640 5398 die

2045 5439 2271 5495 ultionis
2323 5440 2440 5494 haee
2494 5440 2732 5494 solvent.
2783 5436 3026 5508 Tempus
3077 5453 3246 5509 prope
3297 5447 3398 5496 est.
3444 5445 3639 5491 acutus

2041 5540 2126 5586 est
2175 5530 2358 5596 ensis,
2415 5546 2604 5586 arcum
2649 5529 2892 5595 tetendi,
2951 5530 3006 5584 in
3051 5545 3220 5586 nervo
3276 5537 3362 5584 est
3415 5529 3634 5598 sagitta.

2041 5622 2318 5710 Judicabit
2368 5638 2464 5678 eos
2501 5622 2807 5689 Dominus,
2843 5632 2899 5678 et
2953 5623 3132 5680 servis
3177 5623 3401 5680 oculum
3451 5621 3638 5694 propi-

423 5811 467 5842 ιο
502 5808 633 5880 Leg.
674 5805 868 5879 θυμός,
948 5809 986 5840 ¹¹
1033 5807 1123 5866 Sic
1157 5823 1343 5880 supra,
1380 5807 1476 5864 sed
1505 5807 1561 5866 in
1597 5813 1748 5865 textu
1773 5806 1922 5879 λὸγε.

2045 5805 2199 5880 ³[ιοε.
2237 5806 2641 5882 συντελεσθὴσῃ
2676 5809 2936 5878 σπάθαις.
