4080 6418
497 428 599 496 991

510 549 603 602 Ἔν
634 547 819 620 ἡμέρᾳ
842 547 1054 602 τίσουσι
1079 545 1249 600 ταῦτα
1272 546 1371 616 τῆς
1403 545 1581 616 δίκης.

513 639 572 693 '0
601 641 790 710 καιρὸς
819 642 1009 709 ἐγγυς,
1036 640 1300 710 ὴκόνηται
1335 641 1398 692 τὸ
1423 639 1592 708 ξίφος,

505 732 579 784 Τὸ
608 731 758 795 τόξον
785 731 1068 797 ὲντέτακα,
1098 734 1164 803 τῇ
1194 733 1361 801 νευρᾷ
1392 731 1569 802 βέλος.

507 825 698 893 Κρινεῖ
726 824 921 885 αὐτοὺς
951 823 1176 894 Κύριος,
1209 824 1440 888 καὶτοῖς
1471 825 1698 896 λάτραι,

515 914 825 984 Ὀφθαλμὸν
858 916 988 985 ἡδὺν
1016 914 1249 982 ἐμϐαλεῖ
1271 916 1618 986 πεφρικόσιν.

507 1003 632 1068 Εἷδε,
655 1008 763 1078 γὰρ
787 1008 1006 1070 αὐτοὺς,
1033 1007 1282 1071 ἐκτόπως
1320 1007 1692 1078 παρειμένους

515 1097 994 1168 Ἐξηπορημένους
1023 1114 1082 1150 τε
1112 1098 1208 1151 καὶ
1239 1097 1556 1161 λελοιπότας

515 1189 683 1254 Ἰδὼν,
710 1189 910 1260 ἔφησεν
930 1207 941 1219 ·
980 1191 1044 1244 Oi
1077 1191 1191 1244 θεοὶ
1219 1190 1322 1245 ποῦ
1354 1192 1450 1244 καὶ
1482 1191 1629 1259 φίλοι

517 1281 634 1351 Ἐφ’
665 1279 747 1344 οἷς
786 1283 1073 1355 ἐθάρρουν,
1115 1284 1495 1356 ὲξεκόμπαζον
1538 1284 1720 1355 μέγας

511 1365 609 1425 Ὧν
640 1373 842 1427 θυσιῶν
877 1375 936 1427 τὸ
975 1375 1162 1444 στέαρ,
1195 1369 1270 1429 ὧν
1303 1375 1513 1428 σποδῶν
1553 1375 1708 1445 ῥύσιν

515 1467 610 1530 Ei;
635 1467 840 1537 πλῆρες
873 1464 1020 1538 εἶχον
1058 1469 1156 1538 ἡδὺ
1187 1468 1386 1539 βρῶμα
1412 1472 1508 1523 καὶ
1541 1473 1696 1539 πόμα
1721 1486 1737 1501 ·

512 1555 672 1615 Οὗτοι
705 1561 980 1631 γενέσθων
1021 1562 1302 1632 σύμμαχοι
1327 1561 1422 1614 xit".
1455 1562 1798 1632 προστάται·

514 1650 632 1704 Οὐκ
663 1650 802 1711 ἐστι,
830 1653 1027 1718 γνῶτε,
1060 1651 1197 1722 πλὴν
1223 1652 1359 1720 ἐμοῦ
1391 1651 1524 1715 Θεὸς
1566 1653 1754 1722 μόνος·

515 1744 627 1796 Οὐκ
659 1744 773 1797 ἐστι
805 1745 906 1798 κᾶν
933 1745 1182 1815 δράμητε
1219 1746 1323 1814 γῆν
1345 1762 1405 1797 τε
1430 1746 1526 1798 καὶ
1555 1744 1741 1798 πόλον.

525 1836 666 1904 Ἐγὼ
695 1837 950 1908 τελευτῆς
983 1839 1079 1891 καὶ
1105 1840 1272 1907 πνοῆς
1299 1841 1327 1892 ὁ
1348 1839 1550 1907 ταμίας
1577 1853 1591 1866 ·

526 1928 670 1997 Ἐγὼ
702 1931 965 1984 πατάσσω
987 1947 1000 1958 ·
1038 1931 1328 2001 φάρμακον
1355 1931 1410 1984 δὲ
1451 1931 1786 2001 τραυμάτων

527 2019 670 2089 Ἐγὼ
700 2023 889 2093 τίθημι
912 2043 924 2054 ·
950 2025 1034 2086 τίς
1071 2040 1130 2075 σε
1156 2023 1352 2092 χειρῶν
1383 2021 1554 2087 ἐξέλοι

527 2114 711 2182 Ἐμῶν
742 2115 1060 2184 κρατουσῶν
1093 2117 1217 2185 γῆς,
1251 2114 1414 2166 πόλου
1452 2115 1546 2167 καὶ
1573 2113 1682 2166 τῶν
1710 2113 1862 2167 κάτω
1888 2127 1906 2180 ;

511 2205 667 2274 Ἁῐρω
697 2206 830 2276 πρὸς
869 2205 1001 2274 ὕψος
1025 2208 1206 2276 χεῖρα,
1235 2204 1394 2259 τοῦτο
1421 2205 1467 2258 δ’
1497 2205 1746 2275 ὀμνύων·

520 2295 628 2360 Ζῶ,
663 2304 755 2350 καὶ
785 2297 1018 2367 χρονίζω
1049 2300 1300 2367 κρεῖττον
1329 2296 1545 2350 αἰώνων
1572 2297 1710 2350 ὅλων
1732 2314 1746 2328 ·

521 2389 643 2456 Ζωὴ
679 2391 735 2441 δὲ
761 2389 962 2459 μᾶλλον
994 2390 1090 2443 καὶ
1130 2391 1269 2462 πνοὴ
1296 2389 1519 2444 πάντων
1553 2390 1708 2458 ἔφυν.

533 2481 703 2551 Ἐμὴν
733 2484 1005 2551 μάχαιραν
1042 2483 1334 2554 ἀστραπῆς
1363 2481 1500 2536 τιθῶ
1533 2481 1710 2551 φλόγα
1734 2496 1748 2512 ·

533 2572 839 2639 Ἀνθέξεται
869 2575 925 2627 δὲ
959 2577 1078 2645 χεὶρ
1113 2575 1221 2646 ἐμὴ
1254 2576 1357 2630 τῶν
1390 2575 1716 2647 κριμάτων·

525 2663 832 2727 Καταξανῶ
865 2665 1087 2734 μάστιξι
1117 2667 1245 2731 τοὺς
1272 2668 1618 2730 ἀποστάτας’

526 2754 664 2822 Βέλη
701 2753 921 2824 μεθύεω
956 2756 1066 2810 τῶν
1094 2755 1353 2827 βροτείων
1391 2749 1663 2828 αἱμάτων,

529 2851 639 2903 Καὶ
668 2851 764 2920 τὴν
797 2853 936 2922 ἐμὴν
967 2855 1246 2924 μάχαιραν
1270 2855 1335 2907 ἐκ
1368 2853 1480 2908 τῶν
1517 2853 1809 2924 σωμάτων.

530 2941 689 2995 Οὕτω
722 2946 1203 3014 στρατηγήσαντος
1233 2946 1360 3013 ἄρτι
1411 2946 1621 3018 Κυρίου

532 3034 738 3105 Σκιρτᾷ
765 3037 862 3104 μὲν
887 3035 1072 3108 αἰθὴρ,
1097 3038 1327 3104 οὐρανὸς
1353 3038 1450 3091 σὺν
1479 3037 1758 3107 ἀγγέλοις,

535 3131 646 3182 Καὶ
677 3135 1033 3200 προσκυνεῖτε
1067 3133 1109 3164 ¹³
1137 3134 1284 3186 πᾶσα
1313 3132 1390 3202 τῷ
1418 3133 1626 3204 Κτίστῃ
1657 3132 1866 3197 κτίσις·

539 3222 727 3293 Ἕθνη.
757 3224 982 3294 χάρητε,
1013 3224 1233 3294 κλῆρος,
1262 3226 1368 3277 υἱοὶ
1398 3224 1632 3294 Κυρίου.

1108 3337 1112 3340 ’
1130 3316 1258 3386 ρξε’.
1296 3317 1418 3389 ᾨδὴ
1458 3317 1498 3369 Γ
1499 3323 1534 3371 ’.

539 3401 630 3466 Ὦς
674 3405 718 3436 ⁸⁵
739 3407 1087 3478 ἀκρατύνθην
1123 3410 1314 3479 Κυρίῳ
1338 3409 1436 3480 την
1463 3409 1716 3480 καρδίαν,

539 3548 675 3604 tium
717 3547 969 3602 iiunﬁttct
1004 3550 1383 3604 trementibus.
1419 3550 1565 3606 Vidit
1595 3551 1740 3606 enim
1771 3565 1868 3606 eos
1901 3549 2126 3605 insolite

541 3640 890 3704 (Ιιειιὶιίιηιυες
919 3641 1241 3710 desperatos
1267 3651 1321 3696 et
1342 3643 1660 3698 deficientes
1687 3658 1921 3698 cernens
1945 3642 2084 3697 dixit
2114 3661 2127 3696 :

547 3728 647 3784 Ubi
697 3739 824 3785 sunt
877 3731 954 3786 dii
1005 3741 1060 3786 et
1117 3733 1279 3786 amici
1330 3733 1384 3786 iu
1419 3733 1619 3802 quibus
1655 3734 2032 3797 confidebant,
2079 3738 2134 3784 et

546 3830 756 3875 tantum
802 3824 1228 3891 super-luebant?
1278 3840 1513 3894 quorum
1570 3825 1965 3880 Sacrificiorum
2011 3824 2131 3878 adi-

551 3930 697 3984 pem,
722 3933 955 3986 quorum
979 3917 1300 3973 libationum
1324 3919 1512 3973 vinum
1541 3919 1594 3972 in
1619 3920 1842 3988 plenum
1869 3927 1921 3973 et
1939 3917 2136 3988 jucun-

551 4009 683 4063 dam
718 4011 990 4064 habebant
1020 4011 1199 4066 cibum
1231 4019 1286 4066 et
1311 4019 1520 4081 potum.
1553 4011 1712 4066 Fiam
1743 4011 1818 4065 illi
1841 4011 2133 4065 auxiliato-

552 4117 640 4156 res
665 4111 718 4156 et
747 4111 1120 4171 protectores;
1149 4117 1258 4158 non
1283 4112 1387 4170 est,
1413 4103 1633 4168 scitote,
1659 4113 1854 4174 praeter
1887 4120 1972 4158 me
1993 4102 2136 4157 Deus

547 4196 720 4263 alius;
756 4211 862 4250 non
901 4204 1005 4262 est,
1039 4199 1139 4251 etsi
1176 4197 1562 4266 percurreriti‘s
1596 4207 1797 4252 terram
1832 4207 1886 4251 et
1906 4199 2129 4252 emtum.

552 4290 663 4360 Ego
680 4284 871 4346 mortis
895 4299 949 4346 et
967 4291 1090 4346 vita:
1113 4291 1462 4361 dispensator
1482 4309 1496 4358 ;
1515 4306 1618 4362 ego
1643 4290 1929 4361 percutio;
1961 4305 2138 4343 reme-

551 4385 700 4437 dium
729 4394 910 4439 autem
938 4385 1224 4440 vulnerum
1257 4400 1357 4454 ego
1385 4399 1549 4454 pono.
1572 4384 1708 4450 Quis
1738 4393 1788 4439 te
1819 4399 1850 4438 e
1883 4382 2138 4436 manibus

555 4480 692 4532 meis
741 4489 896 4532 eruet
950 4487 1177 4541 terram,
1210 4477 1409 4531 coelum
1455 4486 1510 4531 et
1553 4475 1764 4531 inferos
1801 4465 2138 4530 lCOutiuenli-

554 4571 695 4625 bus?
729 4567 945 4623 Levabo
975 4569 1028 4622 in
1061 4570 1229 4623 altum
1264 4583 1510 4632 manum,
1538 4568 1672 4622 illud
1705 4567 1899 4636 juraus
1932 4585 1946 4620 :
1980 4565 2139 4630 Vivo,

553 4673 610 4716 et
651 4663 789 4716 duro
836 4661 1012 4730 magis
1053 4677 1217 4730 quam
1259 4676 1453 4716 omnes
1491 4661 1862 4725 aeternitates;
1899 4661 2008 4714 vita
2045 4677 2144 4714 au-

558 4765 663 4809 tem
690 4756 868 4825 potius
895 4763 946 4809 et
971 4756 1154 4808 anima
1177 4754 1424 4808 omnium
1452 4754 1678 4809 exsisto.
1700 4755 1873 4808 Meum
1899 4754 2136 4824 gladium

1765 431 1797 493 Ι
1802 429 2004 493 OANN
2011 430 2081 493 IS
2119 431 2555 496 GEOMETR.E

2112 551 2158 607 Α
2190 551 2372 622 Ἤρθη
2411 551 2583 622 κέρας
2613 566 2716 619 μου
2743 549 2818 620 τῷ
2840 548 2984 620 Θεῷ,
3009 547 3105 602 καὶ
3131 545 3193 602 τὸ
3224 544 3401 618 στόμα

3671 425 3788 494 992

2202 642 2624 714 Ἐξεπλατύνθη,
2656 642 2752 696 καὶ
2778 643 2900 696 κατ’
2927 641 3137 712 ἐχθρῶν
3171 641 3367 710 ἰσχύει.

2190 738 2305 791 Οὐκ
2328 735 2476 789 ἐστιν
2507 735 2682 797 οὐδεὶς
2706 733 2910 798 Κύριος
2941 731 3082 800 πλὴν
3115 730 3210 785 σοῦ
3240 731 3436 800 μόνου·

2189 821 2412 886 Δίκαιος
2446 821 2645 887 οὐδεὶς,
2675 822 2752 884 ὼς
2779 821 2844 873 σύ
2875 837 2966 889 μοι
3002 819 3136 882 Θεὸς
3170 819 3352 890 μόνος.

2191 911 2357 965 Ταῦτ’
2387 907 2481 966 οὖν
2510 911 2767 981 ὁρῶντες,
2794 911 2921 973 τοὺς
2953 910 3346 980 ὑπερκόμπους
3373 907 3572 979 λόγους

2204 1001 2533 1057 Ἐκκλινέτω
2554 1005 2683 1068 πᾶς,
2713 1002 2846 1073 μηδὲ
2879 1000 3107 1072 χειλέων
3129 1001 3276 1073 πρόῃ
3301 1003 3370 1066 ⁸⁸,

2194 1095 2336 1166 Μηδ’
2361 1095 2524 1165 ὄγκον
2547 1095 2674 1169 ἄρῃ,
2705 1095 2780 1164 μὴ
2814 1095 3000 1164 φρεσὶ,
3039 1092 3114 1162 μὴ
3145 1093 3359 1164 καρδία.

2195 1187 2330 1251 Θεὸς
2358 1187 2467 1257 γὰρ
2497 1180 2652 1250 οὗτος
2685 1186 2940 1254 γνὼσεων
2967 1187 2994 1238 ὁ
3028 1183 3333 1252 Δεσπότης,

2197 1281 2398 1351 Τέχναι
2424 1281 2469 1334 δ’
2499 1279 2710 1347 ἕτοιμοι
2740 1279 2817 1348 τῷ
2847 1276 3159 1348 τεχνουργῷ
3187 1275 3299 1328 τῶν
3325 1276 3486 1331 ὅλων.

2198 1373 2366 1440 Τόξον
2392 1373 2672 1444 κραταιῶν
2699 1371 3000 1441 ἠσθένησεν
3037 1371 3116 1434 είς
3146 1368 3300 1432 τέλος
3319 1385 3336 1402 ·

2200 1462 2264 1516 Ol
2293 1461 2322 1515 δ
2370 1459 2727 1523 ἀσθενοῦντες
2755 1460 3086 1525 ζωννύονται
3119 1459 3181 1512 τὸ
3210 1459 3433 1528 κράτος.

2201 1554 2390 1608 Τίκτει
2433 1552 2533 1624 μὲν
2560 1553 2700 1607 ἑπτὰ
2735 1553 2911 1607 κοιλία
2955 1552 3313 1624 στειρουμένη
3339 1566 3353 1579 ⁸

2205 1646 2374 1717 Ἀλλη
2399 1645 2444 1699 δ’
2471 1647 2718 1710 ἄτεκνος,
2743 1649 2776 1716 ἡ
2811 1648 2942 1718 πρὶν
2963 1647 3389 1716 εὐτεκνουμένη.

2203 1741 2473 1795 Πεινῶσιν
2509 1742 2710 1810 ἄρτων,
2737 1741 2786 1792 οί
2813 1739 2944 1807 πρὶν
2977 1739 3446 1810 ἐμπεπλησμένοι.

2206 1835 2508 1897 Πεινῶντες
2538 1836 2586 1887 οἱ
2619 1836 2772 1903 πρὶν,
2801 1837 2904 1904 γῆν
2932 1834 3191 1903 παρῆκαν
3231 1834 3297 1886 ὲκ
3330 1834 3535 1906 κόρουω

2133 1904 2174 1960 Β
2205 1927 2334 1988 Θεὸς
2368 1926 2602 1998 χορηγὸς
2631 1931 2724 1979 καὶ
2745 1925 3010 1995 τελευτῆς
3031 1929 3124 1980 καὶ
3147 1927 3316 1996 πνοῆς
3344 1944 3360 1961 ·

2207 2018 2404 2072 Binet
2433 2017 2555 2070 καθ’
2587 2018 2739 2089 ᾅδου,
2772 2020 2908 2090 πρὸς
2949 2019 3010 2072 τὸ
3038 2021 3156 2088 φῶς
3183 2020 3333 2073 ’ἐλκει
3357 2020 3555 2076 πάλιν·

2219 2110 2398 2180 ’Υψοί,
2427 2114 2692 2173 ταπεινοῖ,
2724 2112 3004 2181 πτωχίσας
3031 2114 3124 2166 καὶ
3151 2112 3447 2178 πλουτίσας
3466 2129 3482 2143 ·

2209 2204 2458 2273 Πένητας
2481 2204 2546 2256 ὲκ
2575 2203 2676 2273 γῆς
2712 2203 2970 2276 ἐξανιστᾷ
3001 2205 3238 2274 κοπρίας
3257 2221 3274 2238 ·

2213 2295 2471 2365 Πτωχοὺς
2495 2293 2722 2364 ἐγείρει.
2756 2293 3031 2358 κυκλικῶς
3058 2295 3236 2349 πάντα
3265 2297 3521 2366 στρέφει·

2212 2386 2436 2457 Θρόνοις
2464 2387 2742 2439 δυναστῶν
2776 2387 3059 2454 ὲγκαθίζει
3094 2388 3222 2451 τοὺς
3249 2389 3402 2442 κάτω
3424 2403 3442 2420 ·

2215 2478 2396 2549 Εὑχάς
2417 2495 2474 2532 τε
2500 2477 2700 2549 πληροῖ
2733 2479 2823 2532 καὶ
2851 2478 3077 2533 δικαίων
3104 2481 3228 2544 τοὺς
3261 2482 3489 2552 χρόνους

2226 2571 2563 2641 Ἐπευλογεί,
2589 2572 2800 2624 δίδωσιν
2827 2570 3144 2642 εὐετηρίαν.

2227 2664 2471 2737 ’ἰσχυρὸς
2506 2664 2646 2735 ἀνὴρ
2674 2664 2774 2718 οὐκ
2797 2664 3038 2735 ἐνισχύει
3067 2664 3244 2719 σθένει
3268 2681 3286 2702 ο

2216 2759 2353 2823 Θεὸς
2381 2759 2438 2812 δὲ
2456 2757 2649 2813 τούτου
2677 2761 2954 2829 συμπατεῖ
2976 2758 3068 2812 τὸν
3098 2761 3391 2830 ὲνστάτην.

2219 2853 2426 2922 Μηδεὶς
2451 2852 2616 2924 φρεσὶ
2637 2849 2768 2919 γοῦν
2798 2851 2933 2922 μηδὲ
2966 2849 3180 2922 πλούτῳ
3211 2851 3287 2923 μὴ
3317 2851 3426 2924 βία,

2221 2943 2413 3013 Σοφὸς,
2448 2944 2732 3015 κραταιὸς,
2765 2942 3045 3009 πλούσιος,
3075 2943 3280 2998 σθένων
3306 2945 3471 3014 μέγα,

2222 3039 2382 3106 Μέγα
2405 3037 2674 3107 φρονείτω
2701 3051 2714 3064 ·
2747 3035 2925 3090 πάντα
2956 3038 3062 3106 ρεί,
3091 3037 3269 3091 πάντα
3297 3036 3523 3109 στρέφει
3541 3051 3556 3068 ·

2222 3128 2392 3192 Φόϐος
2424 3127 2582 3193 Θεοῦ,
2608 3125 2825 3196 βέϐαιον
2857 3127 2914 3178 ὲν
2945 3126 3046 3197 βίῳ
3081 3127 3243 3196 μόνον
3269 3143 3283 3159 ·

2176 3263 2192 3285 ,
2227 3221 2339 3288 Τῆς
2369 3219 2571 3289 ἀρετῆς
2600 3219 2632 3288 ἡ
2663 3220 2856 3289 κτῆσις
2881 3219 2941 3270 οὺ
2974 3218 3197 3288 θνήσκει
3227 3219 3424 3290 χρόνῳ.

2233 3311 2326 3371 Εἰς
2351 3309 2617 3378 οὐρανοὺς
2640 3307 2840 3377 ἀνῆλθε
2872 3307 3101 3379 Κύριος,
3135 3309 3333 3381 βροντᾷ
3365 3311 3530 3381 μέγα,

2243 3403 2336 3468 Ἐξ
2364 3401 2590 3474 ὑστέρου
2620 3400 2724 3470 γῆς
2751 3400 2898 3471 ἄκρα
2922 3401 3098 3472 κρήνη
3126 3401 3222 3454 σὸν
3247 3400 3393 3474 δίκῃ.

2232 3547 2380 3603 ullus
2426 3544 2690 3600 Dominus
2743 3551 2944 3616 prater
2985 3552 3037 3598 te
3070 3543 3270 3609 solum,
3309 3543 3491 3597 nullus
3517 3542 3722 3612 justus,
3764 3551 3825 3598 ut

2233 3650 2290 3695 tu
2329 3640 2462 3694 mibi
2499 3638 2652 3694 solus
2681 3637 2849 3691 Deus.
2881 3634 3005 3690 llaec
3035 3637 3202 3706 igitur
3248 3643 3556 3699 cernentes,
3589 3635 3824 3706 quisque

2235 3733 2502 3805 gloriosos
2549 3745 2834 3786 sermones
2871 3731 3036 3784 evitet
3073 3745 3254 3799 neque
3295 3745 3325 3783 e
3367 3728 3526 3783 labiis
3583 3729 3821 3791 educat,

2237 3841 2412 3895 neque
2448 3821 2670 3880 infletur
2703 3830 2887 3876 mente
2924 3837 3101 3890 neque
3130 3821 3317 3875 corde.
3359 3818 3505 3874 Deus
3547 3819 3692 3873 enim
3725 3818 3827 3872 i310

2236 3917 2591 3973 scientiarum
2624 3914 2889 3970 Dominus
2911 3922 3028 3978 est;
3060 3922 3207 3968 artes
3235 3922 3415 3967 autem
3445 3911 3824 3966 universorum

2237 4011 2434 4066 artifici
2471 4019 2599 4064 sunt
2649 4019 2873 4076 paratm.
2916 4006 3118 4060 Arcum
3168 4005 3390 4060 fortium
3425 4003 3727 4059 debilitavit
3770 4001 3825 4055 in

2241 4107 2436 4167 linem,
2495 4100 2695 4155 inﬁrmi
2751 4109 2932 4153 autem
2989 4099 3351 4168 accinguntur
3401 4097 3616 4151 robore.
3678 4093 3827 4148 Parit

2239 4198 2462 4268 quidem
2500 4204 2710 4265 septem
2745 4201 2936 4248 venter
2989 4191 3231 4254 sterilis,
3278 4189 3447 4243 altera
3491 4197 3672 4242 autem
3711 4187 3830 4240 sine

2240 4288 2464 4352 liberis,
2520 4301 2642 4354 quae
2695 4285 2846 4356 prius
2879 4283 3081 4337 multos
3115 4281 3398 4335 habuerat.
3451 4278 3653 4333 Panem
3698 4293 3831 4332 esu-

2243 4381 2392 4436 riunt
2443 4381 2537 4450 qui
2593 4379 2745 4450 prius
2790 4376 2995 4445 impleti
3052 4381 3242 4439 erant;
3291 4372 3385 4442 qui
3440 4382 3618 4426 autem
3679 4371 3834 4440 prius

2241 4468 2573 4528 esuriebant.
2615 4475 2816 4521 terram
2853 4480 2962 4532 prae
2997 4463 3246 4518 satietate
3292 4463 3650 4532 reliquerunt.
3689 4461 3836 4516 Deus

2244 4573 2444 4629 praeses
2487 4567 2570 4612 est
2613 4555 2805 4609 mortis
2833 4563 2887 4607 et
2913 4553 3056 4615 vitae,
3096 4551 3163 4605 ad
3209 4550 3416 4605 inferos
3447 4549 3618 4612 ducit,
3652 4557 3708 4602 et
3737 4547 3842 4601 ite-

2247 4668 2368 4708 rum
2397 4651 2461 4705 ad
2502 4651 2678 4704 lucem
2707 4646 2921 4713 educit;
2957 4644 3187 4707 exaltat,
3228 4642 3499 4708 humiliat,
3539 4656 3840 4710 pauperem

2250 4744 2379 4798 facit
2434 4750 2490 4797 et
2539 4741 2697 4796 ditat.
2745 4740 2990 4808 Egenum
3041 4753 3071 4791 e
3117 4735 3376 4791 sordibus
3424 4743 3582 4788 terrae
3636 4733 3845 4796 elevat,

559 4858 619 4900 ιιι
649 4848 920 4902 flammam
956 4846 1187 4915 fulguris
1217 4861 1437 4914 ponam,
1469 4845 1692 4915 arripiet
1732 4823 1918 4900 autem,
1945 4862 2138 4899 manus
2168 4823 2220 4882 D
2247 4850 2514 4907 pauperes
2574 4833 2836 4895 suscitat,
2874 4827 3172 4898 omniaque
3225 4827 3278 4880 in
3333 4825 3597 4881 circulum
3645 4839 3846 4895 gyrare

562 4954 680 4992 mea
727 4939 949 5004 iudicia,
988 4938 1302 4992 dilacerabo
1339 4936 1566 5007 ﬂagellis
1611 4937 1860 5001 rebelles,
1909 4939 2138 5007 sagittas

562 5031 848 5087 inebriabo
897 5033 1204 5086 mortalium
1241 5031 1542 5100 sanguine,
1591 5039 1644 5085 et
1675 5031 1912 5100 gladium
1961 5047 2140 5085 meum

564 5125 840 5179 carnibus.
874 5123 948 5178 Ita
981 5123 1214 5178 bellante
1242 5125 1402 5178 moslo
1442 5121 1692 5187 Domino,
1719 5123 1888 5176 :etber
1923 5123 2143 5192 quidem

478 5199 481 5201 ’
564 5216 890 5280 exsultat,et
915 5215 1112 5270 caelum
1145 5230 1268 5268 cum
1302 5214 1509 5284 angelis
1546 5231 1560 5268 :
1595 5225 1650 5268 et
1681 5213 1925 5273 adorate,
1958 5229 2149 5268 omnes

565 5319 854 5371 creatum,
893 5307 1244 5372 Creatorem;
1281 5317 1493 5377 gentes,
1535 5305 1850 5370 hiereditas,
1893 5305 1986 5360 filii
2043 5304 2150 5359 Do-

566 5401 722 5464 mini,
758 5401 1006 5477 gaudete.

1065 5492 1187 5546 165.
1227 5491 1509 5545 Canticum
1550 5491 1639 5545 Ili.

639 5585 816 5651 Quam
877 5584 1150 5638 ﬁrmatum
1201 5592 1287 5636 est
1335 5585 1386 5636 in
1439 5581 1672 5636 Domino
1707 5598 1802 5638 cor
1853 5598 2070 5645 meum,
2103 5592 2159 5635 et

579 5681 877 5732 exaltatum
930 5689 1012 5731 est
1046 5691 1217 5730 cornu
1261 5690 1445 5730 meum
1501 5676 1555 5730 iu
1590 5675 1735 5738 Deo,
1770 5686 1825 5730 et
1867 5675 2154 5730 dilatatum

576 5780 661 5825 est
681 5785 745 5824 os
771 5785 950 5824 meum
985 5779 1038 5824 et
1067 5779 1260 5824 contra
1299 5767 1552 5824 inimicos
1583 5768 1902 5838 praevaluit!
1931 5766 2048 5822 Non
2076 5775 2160 5822 est

662 5885 707 5918 ¹³
738 5886 866 5955 Leg.
911 5885 1018 5940 vid.
1053 5886 1466 5955 προσκυνεῖται.
1548 5886 1591 5919 ι’·
1626 5884 1683 5942 In
1721 5900 1888 5956 marg.
1935 5887 2134 5948 ’Λννας

2246 5873 2433 5954 ιμουὴλ
2464 5880 2671 5955 μητρὸς
2695 5878 3067 5953 εὐχαριστίας.

2248 4928 2396 4983 facit.
2436 4925 2752 4994 Principum
2799 4923 3012 4976 tbronis
3053 4920 3288 4975 collocat
3320 4917 3597 4985 dejeclos;
3654 4927 3836 4984 preces

2248 5019 2472 5076 exaudit
2530 5027 2586 5072 et
2636 5017 2911 5086 iustorum
2965 5022 3213 5082 tempora
3271 5008 3578 5073 benedicit,
3642 5020 3699 5061 et
3755 5009 3847 5061 dat

2249 5111 2689 5184 prosperitatem.
2727 5108 2820 5162 Vir
2857 5107 3117 5161 robustus
3145 5119 3254 5158 non
3293 5103 3346 5157 in
3380 5099 3707 5156 fortitudine
3756 5115 3850 5152 ro-

2253 5207 2504 5270 boratur;
2545 5202 2688 5257 Deus
2721 5210 2902 5256 autem
2937 5200 3084 5253 illius
3112 5195 3496 5251 adversarium
3525 5193 3851 5249 couculcat.

2252 5298 2424 5356 Nemo
2464 5299 2627 5369 igitur
2661 5307 2861 5361 mente,
2906 5295 3136 5358 divitiis,
3178 5308 3283 5348 nec
3322 5292 3557 5355 viribus,
3602 5291 3853 5359 sapiens,

2257 5404 2472 5464 potens,
2523 5392 2698 5456 dives,
2736 5391 2964 5444 multmn
3013 5387 3246 5457 pollens,
3285 5383 3600 5453 superbiat;
3665 5381 3859 5434 omnia

2259 5489 2465 5550 ﬂuunt,
2504 5485 2687 5540 omnia
2727 5493 3028 5538 mutantur.
3065 5480 3254 5534 Timor
3287 5479 3381 5532 Dei
3427 5477 3578 5532 solus
3608 5485 3694 5530 est
3728 5476 3860 5528 vitae

2262 5577 2525 5641 tinnitas;
2589 5575 2807 5630 virtutis
2842 5570 3118 5642 possessio
3165 5585 3273 5623 non
3317 5579 3564 5637 tempore
3603 5563 3859 5619 absumi-

2263 5683 2371 5724 tur.
2409 5671 2466 5725 ιιι
2505 5671 2702 5724 (mlum
2761 5667 3010 5722 ascendit
3058 5665 3347 5727 Dominus,
3391 5660 3616 5715 multum
3662 5665 3858 5719 tonat;

2261 5779 2330 5818 cx
2363 5763 2625 5817 extremis
2669 5773 2827 5815 terrae
2862 5774 3115 5813 summus
3148 5757 3271 5810 fons
3315 5770 3440 5810 cum
3489 5752 3719 5816 ultione,
3769 5749 3864 5803 il'e

3163 5877 3204 5909 ”
3241 5875 3350 5930 Sic.
