4080 6404
273 389 388 454 993

277 496 448 565 Οὗτος
477 500 704 571 παρέξει
733 503 846 568 τοῖς
873 503 1136 574 κρατοῦσι
1169 501 1230 556 τδ
1256 502 1482 574 κράτος.

277 595 468 666 Κέρας
491 594 548 648 δὲ
578 595 816 666 χριστῶν
841 593 1073 667 οὑρανοῦ
1108 595 1264 668 θήσει
1298 598 1484 668 μέχρι.

277 705 426 776 ρξς’-
465 707 588 779 ᾯδὴ
617 706 692 763 Δ’.
715 735 786 748 --
814 708 928 764 Τοῦ
957 710 1268 764 Δεσπότου
1306 706 1619 778 adpare-0w
1657 709 1872 776 Ἀριϐα-

919 780 1072 849 κοὺμ
1099 779 1240 854 ἕδρη.

252 891 472 962 «βήμης
510 909 578 961 με
609 892 708 960 τῆς
741 894 840 964 σῆς
875 892 1025 964 ἔσχε,
1065 893 1262 964 Κύριε,
1294 893 1498 966 τρόμος
1520 909 1537 925 ⁸

261 983 502 1049 ’Ἔργων
523 981 580 1033 δὲ
609 980 719 1034 τῶν
745 983 856 1036 σῶν
897 983 1109 1056 θάμϐος
1139 985 1401 1057 ἐξέστησέ
1444 999 1546 1056 με·

279 1073 377 1134 ’Ὡς
400 1072 642 1138 γνωστὸς
672 1077 895 1154 ήμῖνθέν
925 1075 1048 1130 δυσὶ
1072 1078 1239 1142 ζωαῖς
1269 1077 1404 1152 ἔσῃ·

289 1163 382 1226 Ὠς
404 1163 652 1235 ἐκφανὴς
676 1165 736 1219 δὲ
757 1167 868 1222 τῶν
898 1169 1108 1240 χρόνων
1137 1169 1224 1223 ἐπ’
1249 1171 1496 1242 ἐσχάτων
1523 1185 1540 1202 ⁸

273 1255 474 1326 Καιρῷ
497 1255 554 1308 δὲ
583 1257 821 1328 λάμψεις
853 1260 945 1314 καὶ
977 1260 1130 1330 φόϐῳ
1161 1261 1492 1333 πεφρικότος

276 1347 476 1401 Οἴκτου
505 1348 570 1401 σὺ
600 1353 783 1425 μνήσῃ
814 1354 910 1408 καὶ¹
932 1356 1294 1428 καταστείλῃς
1321 1355 1436 1420 δέος
1460 1371 1478 1387 ⁸

287 1439 379 1501 Ὠς
411 1439 714 1513 ἐξανίσχεις
741 1445 846 1513 γῆς
877 1444 1018 1515 ἑῴας
1050 1446 1362 1516 φωσφόρος,

275 1531 432 1584 Λέων
463 1533 762 1606 καθώσπερ
787 1535 848 1601 ἐξ
876 1537 1035 1607 ὄρους
1063 1539 1388 1596 κατασκίου.
1457 1571 1472 1586 ι

275 1623 388 1692 Σῆς
422 1624 625 1694 ἀρετῆς
654 1625 892 1698 ἔκρυψεν
922 1630 1188 1700 οὐρανοὺς
1223 1627 1428 1698 πλάτος
1458 1649 1472 1664 ⁸

278 1715 529 1786 Ἔπλησε
558 1717 718 1790 δόξης
747 1720 848 1792 τὴν
878 1722 1008 1794 ὅλην
1035 1725 1385 1797 οἰκουμένην,

275 1801 355 1860 Οὖ
395 1808 598 1879 φέγγος
619 1811 696 1873 ὼς
731 1813 866 1882 φῶς.
903 1819 1092 1886 χερσὶν
1128 1818 1308 1889 ἰσχύος
1339 1820 1530 1890 κέρας’

266 1901 567 1970 Φίλκτρον,
601 1907 886 1978 κραταιὸν,
914 1907 1090 1975 οἶκτος
1124 1912 1226 1965 οὑκ
1252 1912 1392 1984 ἔχων
1418 1914 1594 1985 πέρας
1617 1932 1634 1950 ⁸

273 1985 355 2046 Οὗ
387 1995 496 2066 πρὸ
523 1998 834 2068 προσώπων
863 2003 1263 2074 ἐκπορεύσεται
1293 2004 1454 2074 φόνος
1479 2023 1494 2038 ⁸

279 2087 615 2164 Παιδευτικὴ
649 2094 916 2167 μάχαιρα,
955 2098 1209 2168 δίστομον
1234 2099 1406 2169 ξίφος-

275 2179 510 2251 Ἔστης,
544 2184 776 2258 ἐπείσθη
811 2188 854 2218 ¹⁶
889 2189 1056 2260 χθὼν,
1099 2191 1332 2258 ἐπεῖδε-ις,
1362 2194 1590 2264 τήκεται

273 2271 454 2345 ’Έθνη
491 2279 732 2347 κραταιά
755 2297 768 2310 ⁸
804 2284 870 2352 τῇ
898 2283 989 2356 βίᾳ
1019 2284 1284 2357 διεθρύϐη

270 2364 449 2437 νορη,
485 2372 700 2442 πετρῶν
729 2392 789 2428 τε
822 2377 1127 2448 σκληρότης
1157 2379 1444 2450 διερῤάγη.

265 2457 392 2532 Πᾶς
417 2459 944 2538 ἐπτοήθη-Μαδιάμ,
976 2471 1084 2531 πᾶς
1115 2470 1334 2538 Αἰθίοψ-

264 2549 421 2603 Καο’
459 2551 668 2610 ὑδάτων
710 2558 978 2625 στείλειας
1007 2562 1200 2633 ὀργήν.
1231 2564 1323 2636 Μὴ
1355 2564 1506 2634 σύγε,

261 2641 466 2712 Θυμδς
495 2644 553 2699 δὲ
579 2649 693 2712 τοῖς
721 2650 906 2721 ῥέουσι
935 2653 1014 2726 μὴ
1047 2655 1138 2718 σὸς
1167 2649 1421 2726 ἐμπέσοι,

225 2725 230 2730 ’
257 2734 418 2806 Μηδ’
464 2737 523 2791 ἐν
546 2737 788 2812 Θαλάσσῃ
826 2745 893 2813 σὴ
921 2725 1298 2818 παρόρμησις,
1323 2749 1520 2805 Μέδον.

260 2826 464 2900 Ἔὸης
483 2829 570 2899 ἐφ’
598 2833 818 2900 ἵππους,
853 2835 1064 2910 ίππάσῃ
1095 2840 1373 2910 σωτηρίαν
1393 2857 1407 2873 ⁸

252 2921 471 2986 Τενεῖς
506 2923 570 2976 τὸ
591 2926 765 2992 τόξον,
793 2931 885 2984 καὶ
915 2931 1058 2986 κατὰ
1092 2934 1395 3008 σκήπτρων
1425 2935 1639 3007 βαλεῖς·
1699 3007 1704 3010 ι

267 3011 624 3086 Ῥαγήσεται
652 3019 724 3090 γῆ
764 3022 1023 3091 ναμάτων
1049 3025 1378 3097 άειρῤύτων.

271 3103 431 3170 Ὠδὶς
455 3107 677 3164 ἐπέλθοι
709 3115 824 3176 τοῖς
855 3113 1114 3184 βλέπουσι
1146 3119 1244 3189 σὴν
1275 3118 1436 3190 χάριν
1457 3136 1470 3150 ⁸

257 3195 385 3250 Kal
418 3203 782 3274 συνταράξεις
819 3207 1030 3262 ὑδάτων
1057 3209 1154 3272 τὰς
1179 3211 1519 3286 πλημμύρας
1540 3227 1555 3242 ⁸

245 3289 466 3361 Φωνὴν
491 3291 731 3361 ﬂuens;
761 3293 918 3370 ἦρεν,
953 3299 1143 3371 ὑψώθη
1169 3293 1312 3371 μέγα
1329 3317 1345 3331 ⁸

247 3429 561 3500 praestabit
629 3431 980 3492 vincentibus
1055 3438 1388 3510 imperium,
1441 3455 1614 3497 cornu
1671 3433 1870 3498 autem

245 3521 613 3578 christorum
643 3541 815 3598 usque
844 3530 912 3586 ad
946 3531 1145 3587 cmlum
1175 3535 1420 3590 extollet.

245 3636 391 3692 166.
437 3635 732 3697 Canticum
773 3644 861 3699 IV.
903 3677 968 3686 —
1023 3647 1237 3702 Domini
1281 3651 1704 3705 incarnationem
1750 3649 1872 3706 lla-

861 3717 1025 3772 bacuc
1063 3722 1295 3774 nuntiat.
1499 3779 1508 3786 ,

329 3802 621 3870 Domine,
667 3805 964 3864 auditionis
1015 3817 1123 3864 tua:
1160 3819 1366 3865 tremor
1413 3825 1500 3866 me
1541 3809 1868 3881 occupavit;

240 3909 504 3965 operum
543 3903 728 3952 autem
764 3907 982 3955 tuorum
1028 3910 1222 3971 stupor
1253 3917 1338 3958 me
1371 3901 1572 3968 atl‘ecit,
1604 3905 1734 3971 quia
1765 3916 1872 3958 no-

244 3997 344 4042 tus
390 3987 567 4042 nobis
599 3989 652 4042 in
690 3990 908 4046 duobus
953 3993 1081 4049 vitis
1122 3993 1230 4048 eris
1262 4031 1276 4056 ,
1321 3993 1448 4062 quia
1509 3993 1780 4048 videberis
1815 3993 1872 4047 in

244 4079 624 4150 temporibus
668 4083 1007 4140 novissimis.
1053 4085 1325 4156 Tempore
1379 4096 1560 4142 autem
1613 4085 1868 4156 fulgebis,

239 4179 302 4226 et
331 4169 561 4224 timore
589 4175 874 4229 trementis
903 4171 1089 4229 ﬂetum
1121 4174 1504 4230 recordaberis
1527 4183 1581 4230 et
1613 4176 1867 4231 timorem

239 4263 516 4328 eximes;
575 4263 705 4334 quia
758 4265 1027 4322 attolleris
1055 4281 1222 4338 super
1271 4274 1478 4322 terram
1531 4267 1759 4324 orientis
1809 4275 1872 4323 ut

239 4353 374 4421 sol,
420 4367 484 4410 et
523 4363 788 4426 tanquam
847 4357 931 4413 leo
979 4373 1045 4415 ex
1088 4360 1352 4414 umbroso
1386 4367 1593 4415 monte.
1635 4357 1871 4415 Virtutis

241 4457 364 4500 tua:
403 4447 772 4503 immensitas
804 4448 974 4505 ccelos
1011 4449 1326 4515 occultavit,
1361 4460 1490 4505 tuus
1517 4449 1776 4522 splendor
1811 4457 1870 4505 ut

243 4541 376 4606 lux,
419 4540 482 4593 in
525 4541 780 4597 manibus
817 4543 1034 4598 roboris
1063 4557 1260 4609 cornu,
1297 4543 1624 4614 pretiosum,
1649 4551 1865 4614 potens,

243 4631 658 4690 misericordia
701 4649 809 4688 non
853 4635 1064 4692 habens
1115 4637 1375 4703 limitem;
1431 4647 1578 4692 tuam
1626 4645 1754 4692 ante
1785 4635 1868 4692 fa-

1593 392 1942 456 CARMINA
1971 395 2230 462 VARIA.

1895 518 1942 574 Α
1986 511 2045 567 '0
2077 513 2256 584 φωτὸς
2287 513 2474 586 ἄρχων
2503 516 2580 582 ὡς
2603 516 2958 588 παρίππευσε
2985 518 3170 575 κάτωο

3451 412 3564 478 994

1981 605 2153 677 Ἐστη
2187 606 2326 676 πρὸς
2355 609 2531 678 αὐγάς
2558 611 2591 682 ή
2623 612 2820 684 σελήνη
2861 611 2958 667 τοῦ
2982 613 3172 668 πόλου.

1977 697 2053 768 Σὴ
2076 699 2171 752 καὶ
2203 699 2352 771 βολὶς
2390 701 2532 772 φῶς,
2561 703 2852 776 ἀστραπῆς
2875 705 2932 759 δὲ
2966 705 3079 776 πῦρ
3112 705 3276 760 ὅπλον
3301 721 3316 737 ⁸

1975 789 2088 860 Γῆν
2119 790 2280 863 ἐξερη
2290 794 2413 861 μοῖς
2436 795 2558 858 σαῖς
2586 795 2859 862 ἀπειλαῖς,
2891 796 2968 868 σῷ
2999 799 3142 869 χόλῳ

1978 881 2152 953 Ἐθνη
2184 883 2451 950 κατάξαις
2475 881 2690 958 ⁸-ἦλθες
2720 891 2801 952 εἰς
2831 892 3107 962 σωτηρίαν

1973 974 2122 1028 Λαοῦ
2147 992 2209 1029 τε
2232 977 2328 1030 τοῦ
2358 975 2454 1030 σοῦ
2477 977 2587 1034 τῶν
2615 997 2675 1032 τε
2703 979 2787 1033 σοὶ
2819 981 3201 1052 κεχρισμένων
3225 1000 3241 1016 ⁸

1973 1063 2200 1129 Βάλλεις
2225 1067 2348 1121 κατ’
2375 1067 2588 1140 ἐχθρῶν
2616 1069 3064 1142 δυσμενεστάτων
3103 1074 3289 1145 μόρον.

1974 1159 2208 1230 Δεσμοῖς
2241 1161 2572 1232 τραχήλους,
2614 1163 2924 1236 συντρίϐεις
2947 1165 3074 1230 τοὺς
3105 1157 3344 1236 αὐχένας
3365 1185 3380 1199 ⁸

1975 1250 2161 1323 Κέρας
2189 1253 2470 1326 δυναστῶν
2503 1253 2792 1326 ἐκτέμνεις
2827 1257 2885 1310 ἐν
2913 1258 3172 1312 ἐκστάσει
3195 1275 3212 1291 ⁸

1973 1345 2088 1400 Kal
2111 1345 2335 1417 σεισμὸς
2363 1347 2560 1411 αὐτοὺς
2586 1347 2817 1419 λήψεται
2841 1348 2940 1419 τῆς
2964 1350 3210 1419 καρδίας.

1972 1437 2280 1491 Χαυνοῦσιν
2305 1433 2394 1492 οἷα
2429 1439 2643 1510 πτωχὸς
2667 1439 2865 1494 ἐσθίων
2901 1441 3078 1512 λάθρα
3112 1455 3128 1472 ⁸

1974 1531 2210 1596 Ἵππους
2233 1531 2293 1586 δὲ
2313 1531 2441 1597 τοὺς
2469 1533 2597 1598 σοὺς
2619 1534 2903 1606 εὑδρομεῖν
2933 1535 3057 1590 καθ’
3086 1536 3295 1590 ὑδάτων

1975 1622 2228 1688 Δέδωκας
2252 1625 2421 1698 ὑγρὸν
2453 1625 2922 1699 συνταράττοντας
2954 1627 3137 1692 κύτος.

1975 1715 2372 1788 Κατεπλάγην,
2399 1717 2619 1791 ἔφριξα,
2649 1720 2743 1774 καὶ
2766 1720 3100 1791 συνεστάλην
3121 1737 3136 1752 ⁸

1979 1801 2076 1872 Οἷς
2108 1807 2393 1880 θεσπιῳδῶ
2423 1811 2520 1865 καὶ
2549 1810 2611 1864 τὸ
2643 1811 2836 1882 μέλλον
2870 1812 3164 1883 προελέπω
3189 1828 3203 1843 ·

1901 1883 1944 1940 Β
1977 1901 2241 1973 Εῖσῆλθεν
2273 1903 2453 1956 αὑτῶν
2485 1902 2680 1975 μέχρις
2706 1903 2910 1957 ὀστέων
2939 1903 3140 1974 τρόμος
3161 1923 3175 1937 ⁸

1977 1991 2387 2064 Συνεκλονήθην
2412 1995 2506 2046 καὶ
2535 1993 2702 2064 βάθος
2731 1993 2834 2064 τῆς
2863 1993 3067 2063 ἰσχύος.

1975 2084 2305 2156 Χμρήσομαι
2331 2079 2394 2138 τὸ
2431 2084 2673 2156 πνεῦμα,
2711 2085 2890 2158 καιρῷ
2919 2088 3029 2139 τῶν
3061 2087 3238 2142 πόνων

1976 2177 2072 2238 Εἰς
2093 2175 2220 2231 λαὸν
2252 2177 2392 2231 ἔλθω
2419 2179 2520 2249 τῆς
2549 2179 2688 2249 ἐμῆς
2719 2179 3034 2250 παροικίας.

1975 2268 2056 2320 Δι’
2078 2260 2153 2321 ὧν
2175 2269 2316 2341 συκῆ
2347 2267 2575 2338 γλυκεῖα
2604 2271 2803 2341 καρπῷ
2834 2270 2908 2341 μὴ
2946 2270 3146 2341 βρίσει,

1975 2359 2118 2430 Μηδ’
2151 2362 2448 2433 εὐφορήσει
2479 2357 2676 2435 βότρυς
2711 2365 2770 2416 ὲν
2805 2367 2926 2428 ταῖς
2955 2365 3256 2435 ἀμπέλοις·

1975 2452 2372 2524 Ψευσθήσομαι
2398 2453 2454 2507 δὲ
2481 2456 2600 2517 ταῖς
2627 2454 2838 2520 ἐλαίαις
2868 2455 3254 2528 προσὸλέπων,

1977 2545 2085 2599 Kal
2109 2545 2211 2615 τῆς
2241 2546 2483 2618 ἀρούρας
2514 2545 2717 2619 βρῶσις
2749 2549 2809 2601 οὑ
2835 2549 3036 2618 πλήσει
3062 2549 3241 2620 στόμα
3259 2561 3276 2578 ⁸

1979 2637 2090 2689 Kal
2114 2637 2451 2710 θρεμμάτων
2478 2638 2539 2691 τὸ
2563 2637 2769 2710 πλῆθος
2792 2639 3076 2694 ἐκλέλοιπέ
3109 2656 3200 2710 μοι

1973 2728 2137 2800 Λιμῷ
2165 2730 2464 2798 τακέντων,
2487 2731 2582 2785 καί¹
2604 2730 2744 2802 βοῶν
2771 2729 2900 2804 κενὴ
2927 2736 3135 2804 φάτνη⁸

1987 2820 2145 2892 Ἐμοὶ
2173 2819 2230 2874 δὲ
2259 2821 2388 2887 δόξα
2411 2821 2618 2895 Κύριος
2648 2823 2816 2895 χαρὰ,
2849 2823 3060 2889 σθένος,

1973 2913 2071 2975 Εἰς
2106 2912 2417 2968 συντέλειαν
2444 2913 2553 2969 τῶν
2577 2915 2756 2969 καλῶν
2781 2916 2992 2971 τάττων
3019 2915 3210 2986 πόδας,

1973 3005 2160 3071 Τιθεὶς
2181 3007 2320 3079 πρὸς
2347 3005 2482 3077 ὕψος
2507 3007 2648 3062 ὥστε
2675 3009 2834 3080 νικᾷν
2860 3007 2919 3062 ἐν
2947 3007 3124 3078 μέλει.

1977 3160 2110 3233 ρξε’⁸
2128 3161 2250 3234 ᾮδὴ
2279 3160 2430 3218 E'.—
2446 3162 2699 3220 Ἡσαΐου
2717 3163 3077 3235 πρόῤῥησις,
3096 3163 3250 3238 εὐχή
3263 3167 3329 3223 τὸ
3345 3171 3562 3230 πλέον.

1896 3295 1942 3354 α
1987 3300 2084 3354 Ἐκ
2111 3295 2307 3362 νυκτὸς
2338 3297 2513 3370 αὑγήν
2537 3296 2646 3351 εἶδε
2675 3296 2776 3366 σὴν
2799 3297 2861 3352 τὸ
2883 3298 3106 3369 πνεῦμά
3135 3318 3237 3372 μου
3257 3317 3276 3336 ⁸

1971 3437 2142 3506 tavit;
2179 3439 2329 3494 stetit
2367 3439 2432 3494 ad
2464 3437 2814 3509 splendorem
2845 3443 2966 3513 ejus
3004 3442 3132 3497 luna
3165 3442 3312 3497 coeli.
3349 3441 3562 3515 Sagitta

1972 3540 2066 3588 tua
2107 3532 2222 3597 lux,
2265 3538 2320 3587 et
2351 3529 2587 3604 fulguris
2633 3533 2771 3604 ignis
2806 3533 2996 3590 telum.
3044 3533 3272 3588 Terram
3307 3535 3561 3590 devastes

1972 3623 2140 3682 minis
2174 3623 2302 3689 tuis.
2331 3624 2414 3680 ira
2445 3632 2534 3680 tua
2563 3633 2752 3697 gentes
2783 3625 3068 3697 percellas,
3100 3625 3292 3682 venisti
3327 3627 3378 3679 in
3407 3627 3561 3681 salu-

1974 3726 2080 3772 tem
2131 3717 2320 3786 populi
2383 3717 2462 3772 tui
2527 3723 2582 3772 et
2637 3717 2972 3772 christorum
3045 3723 3306 3781 tuorum;
3369 3728 3558 3772 contra

1973 3805 2228 3862 inimicos
2269 3805 2542 3876 pessimos
2601 3815 2836 3863 mortem
2889 3805 3110 3874 misisti,
3170 3807 3309 3863 colla
3363 3809 3559 3875 vincia,

1972 3896 2214 3951 conteris
2247 3897 2518 3962 cervices,
2553 3897 2734 3968 capita
2767 3900 3078 3968 potentium
3125 3913 3344 3956 resecas
3391 3897 3444 3954 in
3473 3899 3560 3954 t‘u-

1971 3990 2131 4056 rore';
2166 3997 2222 4044 et
2263 3989 2448 4046 cordis
2489 3991 2783 4061 trepidatio
2818 3991 2942 4046 illos
2987 3992 3301 4062 occupabit.
3351 3990 3560 4062 Super-

1972 4081 2132 4136 biunt
2183 4089 2244 4137 ut
2287 4097 2493 4155 pauper
2533 4083 2588 4139 in
2643 4084 2970 4140 abscondito
3011 4085 3325 4140 comedens.
3378 4085 3562 4154 Equos

1974 4183 2158 4228 autem
2191 4181 2315 4230 tuos
2342 4189 2568 4231 currere
2599 4183 2788 4230 contra
2817 4191 2992 4246 aquas
3021 4176 3233 4246 jussisti
3275 4176 3560 4232 humidum

1971 4261 2358 4332 perturbantes
2403 4263 2642 4320 alveum.
2675 4263 2982 4321 Percussus
3024 4279 3169 4330 sum,
3220 4269 3554 4332 contremui,

1971 4363 2027 4409 et
2058 4353 2344 4426 obstupui,
2389 4370 2516 4412 cum
2557 4357 2786 4413 oraculo
2833 4357 3080 4413 futurum
3130 4359 3425 4429 prazvideo.
3465 4357 3562 4414 In-

1973 4461 2196 4519 gressus
2235 4459 2322 4505 est
2369 4465 2544 4521 usque
2591 4451 2658 4506 ad
2707 4465 2833 4507 ossa
2879 4453 2994 4522 ipsa
3043 4461 3270 4519 tremor,
3322 4454 3562 4524 agitatus

1973 4559 2096 4600 sum
2140 4545 2336 4601 robore
2387 4545 2441 4600 in
2487 4545 2620 4602 imo.
2657 4546 2908 4603 Laetabor
2950 4547 3185 4617 spiritu,
3229 4547 3282 4600 in
3318 4555 3564 4616 tempore

1975 4635 2224 4691 laborum
2251 4637 2470 4692 intrabo
2497 4639 2550 4692 in
2583 4639 2844 4709 pupulum
2871 4653 3003 4694 mea:
3035 4639 3408 4694 habitationis.
3433 4637 3564 4693 Ideo

239 4729 400 4783 ciem
453 4726 566 4781 ibit
615 4743 764 4783 mors
812 4729 1093 4800 castigans
1139 4729 1388 4802 gladius,
1445 4729 1643 4799 duplex
1690 4729 1866 4786 ensis.
1904 4747 1948 4804 ι)
1975 4728 2112 4784 ﬁcus
2145 4730 2330 4785 suavis
2363 4730 2542 4787 fructu
2580 4747 2688 4786 non
2723 4733 3122 4798 incnrvabitur,
3165 4747 3342 4803 neque
3387 4734 3566 4787 abun-

238 4819 526 4884 Stetisti,
591 4819 835 4875 obedivit
887 4829 1072 4888 terra;
1129 4821 1432 4892 aspexisti,
1491 4821 1873 4878 dissolvuntur

179 4961 196 4988 ,
235 4922 452 4986 gentes
483 4921 766 4982 potentes.
801 4911 918 4970 Tua
949 4915 1000 4969 vi
1027 4915 1248 4970 contriti
1278 4925 1406 4972 sunt
1436 4923 1676 4982 montes,
1708 4929 1874 4970 saxo-

179 5003 188 5009 ’
237 5023 378 5065 tum
415 5007 707 5075 asperitas
731 5007 1006 5078 perfracta
1034 5008 1352 5065 est.0mnis
1377 5009 1665 5079 obstupuit
1687 5007 1869 5077 Moab,

231 5101 444 5158 omnis
481 5095 775 5170 Ethiops.
806 5101 1007 5156 Contra
1041 5117 1214 5172 aquas
1245 5103 1380 5155 iram
1421 5101 1652 5168 misisti;
1683 5115 1752 5156 ne
1787 5109 1867 5168 tu,

233 5211 348 5250 uec
411 5193 591 5248 furor
627 5201 754 5249 tuus
785 5194 836 5248 in
880 5193 1107 5249 ﬂumina
1167 5195 1360 5257 irruat,
1394 5209 1574 5265 neque
1617 5194 1673 5249 in
1717 5209 1870 5250 mare

233 5285 584 5356 indignatio
623 5293 737 5350 tua,
775 5301 808 5341 ο
833 5301 950 5342 rex.
985 5285 1170 5356 Equos
1202 5285 1594 5352 conscendisti,
1629 5281 1864 5340 salutem

235 5373 570 5430 advexisﬁ.
607 5373 828 5432 ‘Tendes
884 5391 1072 5432 arcum
1095 5419 1110 5444 ,
1155 5383 1210 5432 et
1241 5385 1432 5438 contra
1468 5387 1686 5446 sceptra
1732 5375 1868 5428 diri-

242 5485 385 5543 ges;
417 5467 717 5524 scindetur
741 5479 885 5525 terra
913 5469 1092 5526 ﬂuviis
1109 5485 1330 5540 semper
1353 5469 1673 5524 ﬂuentibus.
1704 5467 1871 5539 Dolor

237 5565 496 5622 invadat
537 5561 648 5616 hos
679 5565 771 5633 qui
809 5565 1042 5634 gratiam
1090 5575 1239 5618 tuam
1283 5561 1510 5628 vident;
1555 5571 1609 5616 et
1642 5571 1870 5616 contur-

231 5660 414 5717 babis
441 5671 730 5727 aquarum
761 5657 994 5712 ﬂuxum.
1029 5655 1230 5713 Vocem
1269 5655 1416 5712 dedit
1449 5657 1703 5728 abyssns,
1735 5655 1876 5709 mul-

233 5763 366 5809 tum
411 5749 648 5806 elevata
679 5760 804 5818 est;
840 5751 934 5806 ubi
969 5751 1107 5807 lucis
1139 5750 1398 5821 princeps
1430 5747 1686 5806 deorsum
1721 5747 1878 5818 equi-

231 5875 284 5911 “
316 5875 472 5934 Fors
529 5869 780 5942 észieon.

1974 4825 2129 4882 dabit
2161 4825 2347 4883 botrus
2392 4827 2444 4881 in
2479 4827 2698 4893 vineis;
2733 4828 2983 4899 decipiar
3018 4828 3195 4884 olives
3239 4827 3560 4898 inspiciens,

1975 4926 2028 4974 et
2077 4933 2336 4974 arvorum
2389 4935 2514 4976 esca
2569 4934 2674 4975 non
2727 4935 2790 4976 os
2845 4921 3129 4991 implebit;
3189 4929 3244 4976 et
3291 4923 3560 4990 pecudum

1975 5013 2270 5068 multitudo
2327 5011 2513 5069 deﬁcit
2567 5013 2701 5068 mihi
2763 5013 2906 5068 fame
2958 5021 3446 5088 consumptarum,
3508 5021 3564 5067 et

1973 5105 2140 5160 boum
2183 5119 2424 5175 praesepe
2455 5119 2712 5168 vacuum,
2759 5103 2889 5159 Mihi
2921 5115 3102 5160 autem
3137 5103 3404 5160 Dominus
3443 5103 3562 5174 εις).

1975 5197 2078 5260 ria,
2127 5195 2425 5268 gaudium,
2477 5197 2670 5263 robur,
2733 5197 2787 5250 in
2849 5195 3236 5265 perfectionem
3290 5198 3560 5249 honorum

1979 5291 2143 5361 pedes
2193 5291 2524 5361 disponens,
2587 5290 2640 5344 in
2697 5289 3030 5344 sublimibus
3089 5297 3336 5343 statuens
3375 5291 3449 5340 ita
3503 5293 3562 5339 ut

1975 5383 2189 5438 vincam
2222 5385 2272 5438 in
2303 5385 2580 5440 cantibus.

1979 5544 2104 5599 167.
2136 5544 2425 5600 Canticum
2467 5544 2531 5600 ν.
2567 5573 2636 5586 ——
2681 5543 2844 5600 Isaia:
2880 5543 3186 5612 prephctia,
3235 5550 3282 5594 et
3327 5541 3562 5605 plerum-

2602 5633 2696 5687 que
2740 5619 2936 5670 oratio.

2053 5747 2094 5804 E
2131 5759 2289 5806 nocte
2342 5750 2688 5821 splendorem
2743 5761 2896 5807 tuum
2943 5751 3073 5806 vidit
3111 5751 3340 5822 spiritus
3385 5763 3560 5808 meus.
