4080 6426
503 457 609 525 995

501 579 621 638 es);
656 574 764 644 γὰρ
791 573 955 642 νόμος
993 571 1082 634 σὸς
1106 571 1221 633 τοῖς
1248 566 1576 637 ἐφημέροις,
1611 563 1774 632 Λόγε.

503 668 566 720 ΟΞ
589 667 692 736 γῆς
723 666 945 725 ἔνοικοι,
977 663 1152 730 γνῶτε
1181 661 1281 732 τὴν
1307 660 1430 728 ῐσην
1463 657 1644 727 κρίσιν
1671 671 1686 687 ⁸

478 759 650 826 Πδοῦ
685 759 860 828 πέρας
899 757 1006 826 γὰρ
1044 754 1169 824 ἔσχε
1205 753 1316 806 τῶν
1348 753 1720 822 τολμημάτων

486 841 621 914 ’Πᾶς
645 849 935 918 δυσσεϐὴς,
976 847 1035 910 ὃς
1056 848 1116 899 οὐ
1142 845 1457 898 διδάσκεται
1480 841 1685 912 κρίσιν,

505 946 635 998 Οὐδ’
669 941 829 1013 ὀρθὸν
856 937 997 993 οἶδεν
1021 940 1182 1008 ἔργον
1214 941 1270 990 ὲν
1295 939 1364 1007 γῇ
1403 935 1499 988 καὶ
1532 934 1708 1003 λόγον.

511 1033 798 1104 Ἦστραψε
834 1031 1094 1102 Χριστὸς,
1124 1029 1395 1100 δυσσεὸὴς
1434 1029 1542 1090 πᾶς
1575 1027 1818 1098 ἐρρέτω·

518 1129 606 1190 Ὠς
641 1125 868 1196 αἰσχρὸν
902 1124 1059 1195 ὄμμα
1085 1123 1243 1188 δόξαν
1273 1122 1444 1194 ἁγνὴν
1475 1123 1575 1176 οὐκ
1602 1121 1710 1191 ἴδῃ.

519 1217 611 1283 Ὠς
634 1215 702 1291 ἦν
731 1217 997 1290 κραταιὸς
1024 1217 1116 1278 σὸς
1147 1217 1411 1289 βραχίων,
1442 1215 1645 1286 Χριστέ
1679 1229 1783 1282 μου
1806 1226 1818 1242 '

509 1311 621 1363 Καὶ
655 1309 843 1362 τοῦτον
867 1309 968 1362 οὐκ
1001 1308 1231 1379 ᾔδεισαν
1257 1309 1308 1361 οι
1337 1306 1633 1377 τολμητίαι
1657 1319 1672 1334 ³

509 1402 657 1470 Πλὴν
689 1402 912 1470 γνόντες
936 1399 1261 1470 οἰμώζουσι,
1287 1401 1386 1454 καὶ
1421 1401 1523 1452 σὺν
1551 1395 1787 1468 αἰσχύνῃ

509 1493 681 1562 Ζῆλος
700 1492 923 1560 καθέξει
954 1493 1082 1546 λαὸν
1109 1490 1481 1562 ἠγριωμένον.

508 1584 621 1656 Καὶ
649 1583 878 1653 λήψεται
903 1583 1012 1654 πῦρ
1035 1583 1111 1648 ὡς
1133 1583 1343 1655 τροφὴν
1375 1581 1675 1643 ἐναντίους.

515 1678 614 1739 ’ος
650 1677 760 1730 πᾶν
799 1676 962 1730 καλὸν
995 1677 1260 1742 δέδωκας,
1294 1677 1521 1746 εἰρήνην
1545 1673 1709 1736 δίδου,

513 1767 613 1821 Σὺν
636 1768 888 1839 πλάσμα,
916 1769 1194 1838 Πλάστης,
1223 1767 1628 1834 ὲξαναπλάσαις
1657 1767 1823 1836 τάχος
1842 1782 1856 1796 ο

513 1857 629 1910 Οὺκ
656 1857 814 1927 ἴσμεν
850 1858 1010 1912 ἄλλον
1050 1859 1191 1930 πλὴν
1225 1860 1389 1930 μόνου
1423 1857 1519 1912 σοῦ
1549 1857 1851 1927 Δεσπότην.

524 1948 612 2011 Ὡς
642 1949 703 2001 οὐ
732 1950 894 2003 πάλιν
929 1949 1257 2004 πνεύσουσιν
1291 1953 1340 2005 οί
1364 1951 1717 2021 τεθνηκότες,

512 2040 636 2093 Οὐδ’
675 2043 850 2103 ἰατροὶ
891 2042 1127 2096 σώσουσι
1158 2045 1389 2114 νεκροὺς
1422 2046 1486 2097 ὲκ
1524 2044 1699 2112 τάφου
1733 2082 1744 2097 .

526 2132 670 2183 Ἀνθ’
700 2129 775 2186 ὦν
808 2134 1053 2201 ἐπάξεις,
1087 2135 1517 2208 ὲξολοθρεὺσεις,
1543 2137 1683 2208 ἄρῃς

510 2225 628 2279 Πᾶν
662 2226 828 2297 ἄρσεν
864 2228 1046 2282 αὐτῶν
1073 2229 1141 2295 ³⁷,
1180 2229 1275 2283 καὶ
1306 2228 1564 2294 κατάξεις
1597 2229 1675 2292 είς
1713 2229 1904 2298 τάφον.

507 2319 638 2382 Τοῖς
673 2320 778 2390 γῆς
802 2323 1083 2392 κραταιοῖς
1112 2322 1266 2376 δεινά
1297 2323 1560 2392 πρόσθες,
1589 2325 1797 2395 Χριστέ
1835 2341 1962 2393 μου,

511 2411 660 2481 Πρὸς
694 2413 753 2466 σὲ
777 2413 1071 2483 βλέπουσιν
1102 2417 1149 2470 oi
1189 2417 1341 2489 φόϐῳ
1377 2417 1711 2488 πεφρικότες
1735 2433 1753 2450 ⁸

512 2505 846 2579 Παιδευτικὴ
885 2506 952 2580 σὴ
987 2508 1187 2579 ῥάϐδος
1215 2512 1297 2575 εἰς
1332 2509 1528 2582 μικρὸν
1562 2509 1703 2573 δέος.

509 2595 817 2653 Τίκτουσαν
854 2599 1044 2671 ὥσπερ
1072 2602 1230 2672 ἔσχεν
1269 2602 1401 2666 ὠδὶς
1438 2604 1531 2658 καὶ
1563 2603 1751 2674 μάγος,

511 2690 722 2761 Δριμύς
753 2710 837 2756 τις
873 2693 998 2758 ὀξὺς
1027 2696 1288 2766 ῥήγνυσι,
1325 2696 1422 2768 βοᾷ
1460 2697 1626 2768 μέγα.

515 2784 630 2836 Καὶ
663 2784 730 2854 σὴ
761 2786 1000 2857 κατέστη
1039 2789 1203 2859 μοῖρα
1227 2789 1684 2860 τοιουτοτρόπως,

513 2874 620 2927 Τὸν
658 2875 750 2928 σὸν
779 2877 944 2944 φόϐον
975 2878 1206 2950 συνέσχε
1235 2881 1438 2952 γαστρὶ
1467 2880 1716 2952 καρδίας,

517 2967 722 3034 Ὠδινε,
748 2969 922 3023 τίκτει
964 2971 1184 3042 πνεῦμα
1217 2973 1316 3043 τῆς
1352 2976 1649 3045 σωτηρίας.

514 3059 657 3129 Οὑδὴ
682 3063 938 3115 πεσεῖται
968 3065 1077 3127 πᾶς
1103 3082 1188 3129 τις
1218 3066 1247 3118 ὁ
1281 3063 1497 3134 βλέπων
1532 3066 1669 3131 ἄνω,

515 3152 581 3205 Oi
613 3154 683 3224 γῇ
717 3155 1013 3209 πεσοῦνται
1042 3156 1170 3227 τῇδε
1200 3157 1664 3230 προστετηκότες,

513 3245 820 3299 ΙΙνεύσουσι
847 3249 1055 3318 νεκροὶ,
1086 3249 1181 3302 καί
1211 3250 1459 3306 παλαιῶν
1491 3251 1798 3324 μνημάτων

1784 449 2022 511 JOANN
2037 449 2104 509 lS
2135 447 2568 509 GEOMETR/E

2129 575 2175 625 Α
2210 565 2510 634 Οῑκήτορες
2541 559 2817 630 λείψουσιν
2842 559 3049 631 ἃλμασι
3089 557 3269 620 λίθους
3294 573 3310 590 ·

2209 656 2599 726 Πλησθήσεται
2631 653 2688 706 δὲ
2718 653 3004 725 χαρμονῆς
3037 655 3187 706 πᾶσα
3217 651 3417 715 κτίσις.

2211 751 2379 818 Ἵαμα.
2413 748 2550 799 πᾶσι
2575 748 2690 810 τοῖς
2721 746 2934 816 βροτοῖς
2957 747 2991 815 ἡ
3023 745 3091 816 σὴ
3118 745 3310 818 δρόσος
3336 760 3351 777 ·

2207 842 2359 911 Μόνη
2389 842 2641 894 πεσεῖται
2669 838 2952 893 δυσσεϐῶν
2980 839 3258 894 κατοικία.
3617 859 3634 890 ι

2210 956 2348 1028 ρξη’.
2393 955 2516 1028 ᾩδὴ
2549 957 2640 1024 ς’.
2669 985 2740 997 -
2791 956 2894 1009 Ἐκ
2935 955 3120 1079 angor:
3159 952 3541 1036 ἐκραύγασεν
3608 949 3807 1015 Ἰωνᾶς

2922 1043 2994 1079 τα
3036 1043 3088 1079 ε.

2922 1043 3088 1080 τασε.

2208 1119 2356 1191 Πρὸς
2393 1120 2600 1192 Κύριον
2627 1119 2881 1190 κέκραγα
2901 1117 3193 1190 συσχεθεὶς
3233 1117 3418 1180 πόνοις

2210 1211 2480 1274 Κάκεῖνος
2511 1211 2805 1280 είσήκουσε
2830 1209 2926 1263 καὶ
2958 1208 3152 1278 φθάνει
3185 1208 3372 1278 τάχος.

2215 1301 2460 1356 Ἤκουσε
2493 1304 2750 1375 κραυγῆς
2779 1301 2990 1366 κοιλίας
3029 1302 3092 1355 ὲκ
3121 1301 3416 1371 ταρτάρου.

2219 1397 2414 1468 Ῥίψας
2454 1397 2736 1467 θαλάσσης
2768 1396 2847 1458 είς
2874 1393 3014 1465 βάθη
3059 1411 3126 1464 με
3155 1393 3386 1464 καρδίας

2210 1489 2422 1544 Κυκλοϊ
2445 1490 2739 1573 ποταμοῖς,
2771 1488 2987 1544 ὑδάτων
3015 1485 3222 1557 πλῆθος
3254 1487 3390 1558 χέει,

2225 1582 2573 1653 Ίκνούμενόν
2600 1593 2701 1654 μου
2739 1581 3057 1652 πνεύματος
3097 1581 3191 1635 καὶ
3219 1580 3484 1652 καρδίας⁸

2222 1673 2392 1745 Ἐμοῦ
2420 1674 2609 1744 διῆλθε
2637 1674 2817 1729 πάντα
2850 1673 2958 1726 τῶν
2984 1672 3096 1726 σῶν
3120 1671 3385 1742 κυμάτων
3408 1687 3422 1701 ·

2209 1769 2392 1840 ’Βφην
2418 1768 2707 1839 άπῶσμαι,
2740 1767 2945 1840 Χριστέ
2985 1784 3109 1836 μου,
3141 1765 3248 1819 σῶν
3277 1764 3544 1836 ὀμμάτων
3566 1780 3585 1796 ⁸

2209 1862 2401 1931 ’Ύδωρ
2431 1861 2695 1934 κατέρρει
2715 1861 2812 1928 τῆς
2840 1859 2980 1929 ἐμῆς
3005 1857 3189 1928 ψυχῆς
3231 1857 3392 1929 μέχρι
3414 1874 3430 1889 ο

2139 1936 2181 1992 'B
2216 1955 2488 2018 Ἀϐυσσος
2514 1953 2722 2024 ἐσχάτη
2755 1970 2822 2022 με
2848 1952 3038 2005 κυκλοῖ
3069 1951 3160 2005 τὺν
3185 1952 3374 2006 τάλαν.

2213 2050 2484 2119 Σχισμαῖς
2515 2047 2736 2120 πετρῶν
2771 2047 2935 2101 έδυσα
2969 2049 3063 2099 καὶ
3091 2045 3198 2116 γῆς
3236 2046 3520 2118 πυθμένας

2217 2140 2456 2208 ᾯκησα,
2495 2137 2727 2208 μοχλοὺς
2757 2131 2901 2190 εἶδον
2928 2137 3244 2209 ἀρρήκτους
3267 2138 3453 2194 πάλαι.

2226 2229 2371 2282 Ἀλλ’
2405 2231 2470 2282 ἐκ
2496 2229 2706 2299 φθορᾶς
2736 2229 2907 2300 eam
2940 2229 3052 2300 ζωή
3085 2247 3186 2300 μου
3212 2228 3482 2300 βλεψάτω,

2213 2322 2283 2374 Σὲ
2314 2323 2416 2390 τὴν
2442 2320 2702 2390 γλυκεῖαν
2728 2319 2838 2373 τῶν
2860 2319 3116 2388 ὁρώντων
3140 2321 3377 2392 ἡμέραν,

2225 2415 2314 2477 Ὠς
2345 2413 2600 2466 ὲκπνέειν
2623 2412 2872 2483 ἔμελλον,
2904 2413 2980 2476 ὼς
3004 2413 3185 2467 λιπεῖν
3209 2413 3348 2483 βίον.

2228 2505 2648 2577 Ἀνετττερὼθην
2671 2505 2768 2559 νῦν
2797 2503 2980 2575 λαχὼν
3013 2505 3105 2558 τὸν
3137 2505 3448 2575 Δεσπότηνο

2230 2601 2368 2670 Ἐμὴ
2394 2597 2673 2670 προσευχὴ
2699 2597 2838 2668 πρὸς
2870 2597 3062 2668 θρόνον
3092 2598 3183 2652 τὸν
3215 2599 3306 2652 σὺν
3333 2599 3549 2672 δράμοι,

2215 2695 2329 2747 Καὶ
2355 2695 2468 2756 σοῖς
2491 2692 2783 2762 ἀκράντοις
2807 2690 2971 2754 εὐθὺς
3011 2690 3146 2744 ὠσὶν
3175 2693 3426 2762 ἐμπέσοι.

2220 2786 2486 2857 Ἕλειψαν
2509 2785 2584 2849 ὡς
2605 2785 2781 2839 ἶλαιον
2815 2785 2998 2839 αὐτῶν
3025 2785 3076 2839 oi
3109 2786 3288 2856 μάτην

2214 2877 2522 2943 Λαλοῦντες
2552 2877 2939 2950 ἣφρονοῦντες
2963 2879 3013 2932 οἱ
3046 2879 3274 2950 πλήρεις
3305 2879 3521 2950 φθδνου,

2229 2971 2372 3040 Ἐγὼ
2394 2971 2451 3024 δὲ
2481 2970 2632 3024 θύσω
2659 2970 2838 3037 δόξαν,
2869 2968 3020 3026 αἶνον
3053 2971 3303 3041 χειλέων,

2216 3062 2424 3134 Δάκρυ,
2458 3060 2791 3132 προσευχὴν,
2825 3061 3124 3132 συντριϐὴν
3152 3061 3254 3132 τῆς
3275 3062 3538 3133 καρδίας·

2217 3156 2329 3208 Καὶ
2362 3153 2540 3206 πάντα
2566 3152 2725 3206 δώσω
2755 3153 2950 3206 θᾶττον
2975 3152 3050 3216 ὡς
3075 3154 3415 3225 ὑπεσχόμην,

2215 3249 2310 3302 Σοὶ
2341 3247 2565 3320 σῶστρα
2587 3247 2752 3303 τίνων
2773 3248 2852 3320 τῷ
2883 3247 3177 3318 κρατοῦντι
3200 3249 3313 3302 τῶν
3341 3248 3496 3306 ὅλων.

513 3420 610 3475 lux
643 3422 790 3477 enim
831 3423 919 3478 lex
966 3433 1057 3480 tua
1108 3426 1462 3494 mortalibus,
1504 3426 1776 3484 Verbum.
1815 3427 1996 3482 Terra:
2025 3426 2109 3480 in—
2137 3429 2180 3488 (ζ
2216 3436 2339 3482 rent
2391 3427 2646 3484 saltando
2701 3427 2934 3500 lapides.
2988 3425 3314 3498 lmplebitur
3389 3441 3572 3487 autem
3624 3433 3814 3493 laetitia

513 3514 1023 3586 colzmcognoscite
1061 3518 1272 3589 justum
1301 3519 1600 3588 judicium.
1631 3521 1772 3578 Ecce
1813 3522 1957 3577 enim
2000 3532 2104 3576 ter-

516 3607 728 3661 minum
783 3609 976 3664 habuit
1016 3609 1325 3668 facinorum
1362 3614 1544 3670 omnis
1589 3615 1825 3684 impius,
1863 3615 1958 3686 qui
2003 3631 2108 3670 non

517 3700 684 3754 discit
709 3700 1008 3770 justitiam,
1045 3720 1223 3775 neque
1264 3715 1474 3762 rectum
1519 3708 1674 3762 novit
1704 3707 1758 3761 in
1791 3717 1938 3772 terra
1973 3721 2112 3778 Opus

520 3799 576 3846 et
631 3796 877 3848 verbum.
931 3795 1254 3868 Fulguravit
1319 3798 1608 3864 Christus,
1665 3800 1870 3871 impius
1931 3801 2111 3855 omnis

521 3883 717 3951 abeat;
754 3894 813 3941 ut
843 3887 1020 3956 turpis
1044 3889 1239 3946 oculus
1281 3890 1512 3960 gloriam
1545 3907 1741 3962 puram
1774 3907 1884 3947 non
1909 3891 2111 3948 videat.

521 3979 657 4033 Cum
717 3989 837 4035 erat
887 3982 1132 4038 validum
1164 3984 1450 4040 brachium
1476 3993 1652 4053 tuum,
1683 3986 1903 4042 Christe
1931 3985 2027 4051 mi,
2061 3995 2114 4040 et

520 4071 652 4126 illud
689 4089 798 4128 non
831 4088 1207 4145 cognoverunt
1239 4078 1546 4135 facinorum
1577 4095 1808 4146 osores;
1851 4080 1947 4134 sed
1980 4094 2114 4136 nos-

519 4176 708 4221 centes
745 4166 1144 4238 lamentantur,
1196 4181 1253 4226 et
1285 4188 1410 4227 cum
1459 4173 1672 4243 pudore
1701 4173 1904 4230 invidia
1951 4189 2116 4229 oceu-

519 4258 672 4328 pabit
727 4261 992 4331 populum
1046 4263 1357 4320 eﬂ'eratum.
1423 4264 1490 4321 Et
1540 4266 1798 4322 absumet
1858 4267 1999 4337 ignis
2057 4275 2118 4322 ut

520 4352 703 4407 cibum
723 4354 1090 4414 adversarios.
1123 4357 1231 4425 Qui
1255 4374 1420 4416 omne
1442 4360 1652 4417 bonum
1674 4361 1898 4427 dedisti,
1922 4375 2116 4431 pacem

527 4445 693 4513 dona,
750 4456 904 4503 tuum
960 4465 1120 4520 opus,
1151 4451 1415 4519 Creator,
1472 4453 1583 4510 cito
1634 4463 1955 4520 restaures;
2006 4468 2116 4508 non

425 4543 429 4548 ‘
521 4538 780 4595 novimus
814 4541 983 4596 alium
1031 4557 1232 4611 praeter
1283 4553 1336 4600 te
1388 4545 1564 4601 solum
1608 4545 1926 4601 Dominum.
1981 4546 2117 4600 Cum

524 4645 634 4683 nun
673 4647 868 4688 rursus
898 4635 1254 4704 respirabuut
1292 4636 1402 4707 jam
1439 4636 1664 4704 mortui,
1708 4652 1886 4708 neque
1920 4638 2118 4693 medici

525 4723 818 4778 salvabunt
869 4736 1120 4782 mortuos
1169 4745 1201 4783 ο
1236 4729 1492 4799 sepulcro
1536 4747 1550 4785 :

528 4811 810 4882 ingressus
839 4831 922 4882 es,
962 4817 1236 4882 destrucs,
1269 4821 1472 4876 bellum
1511 4821 1692 4875 omnia
1730 4822 1799 4876 ab
1837 4822 1946 4878 illis
1977 4824 2121 4890 tulit,

526 4915 582 4960 et
617 4906 670 4960 in
722 4909 1036 4978 sepulcrum
1074 4911 1330 4972 deduces.
1387 4914 1717 4970 Potentibus
1772 4924 1932 4971 terrae
1977 4932 2122 4974 saeva

527 4997 733 5069 profer,
773 5001 992 5058 Christe
1022 5005 1117 5071 mi,
1151 5007 1247 5076 qui
1281 5007 1336 5062 in
1389 5015 1441 5064 te
1484 5007 1756 5078 aspicient
1787 5010 1982 5065 timore
2012 5021 2123 5066 tre-

528 5090 814 5159 pidantes:
849 5096 1216 5154 correctionis
1245 5105 1356 5154 tute
1387 5099 1539 5171 virga
1595 5099 1650 5154 in
1680 5099 1854 5154 levem
1889 5111 2118 5157 metum.

530 5183 693 5241 Velut
736 5190 1041 5258 parientem
1098 5193 1300 5262 premit
1347 5192 1508 5250 dolor
1539 5202 1594 5250 et
1631 5194 1933 5259 cruciatus,
1965 5205 2127 5260 asper

529 5280 758 5337 aculeus
790 5283 1004 5353 pungit,
1044 5285 1279 5340 multum
1335 5287 1557 5342 clamat.
1618 5284 1685 5340 Et
1732 5285 1926 5364 eodem
1963 5283 2128 5337 modo

531 5382 625 5429 tua
679 5377 968 5432 luereditas
1002 5381 1297 5434 constituta
1351 5389 1459 5445 est,
1497 5388 1654 5436 tuum
1707 5380 1954 5433 timorem
1991 5391 2127 5432 con-

528 5469 674 5536 cepit
724 5471 888 5525 corde
944 5472 998 5525 in
1053 5473 1274 5540 intimo,
1312 5473 1519 5537 doluit,
1559 5473 1699 5542 parit
1733 5471 1930 5526 salutis
1967 5470 2131 5537 spiri-

533 5569 672 5628 tum,
707 5567 774 5618 ad
809 5565 1038 5620 humum
1073 5568 1230 5622 cadet
1272 5567 1456 5622 omnis
1493 5568 1593 5637 qui
1632 5581 1854 5622 sursum
1905 5562 2125 5633 aspicit,

532 5653 730 5706 cadent
765 5658 857 5724 qui
897 5665 1056 5710 terra;
1087 5659 1214 5712 huic
1244 5658 1547 5719 adhwrent,
1585 5655 1939 5725 respirabunt
1983 5668 2127 5705 mor-

536 5743 646 5810 tui,
680 5738 733 5799 et
776 5745 1130 5817 antiquorum
1185 5759 1671 5804 monumentorum
1727 5747 1922 5802 incola:
1961 5743 2123 5799 desc-

611 5925 653 5956 π
686 5925 786 5975 αὐτ
817 5925 964 5995 (sic).

2214 3520 2470 3575 universa
2509 3519 2736 3575 creatio.
2789 3517 3017 3575 Sanatio
3064 3521 3326 3578 omnibus
3367 3522 3690 3584 hominibus
3718 3543 3814 3584 ros

2214 3623 2382 3682 tuus;
2414 3613 2528 3669 sola
2560 3613 2777 3668 decidet
2807 3613 3103 3684 impiorum
3139 3613 3431 3672 habitatio.

2215 3749 2342 3806 168.
2373 3749 2662 3806 Canticum
2707 3749 2796 3808 Vl.
2824 3783 2894 3794 —
2916 3751 2966 3806 E
3003 3753 3146 3823 pisce
3172 3753 3422 3809 clamavit
3445 3755 3556 3811 lucc
3574 3754 3744 3812 Jonas
3793 3772 3814 3814 :

2286 3887 2365 3943 Ad
2400 3887 2688 3944 Dominum
2711 3889 2946 3945 clamavi
2971 3890 3323 3947 tribulatione
3357 3907 3655 3963 oppressus
3706 3912 3723 3962 ;
3758 3901 3816 3950 et

2217 3978 2310 4032 ille
2369 3979 2654 4036 exaudivit
2693 3990 2750 4036 et
2802 3982 2911 4037 cito
2973 3980 3202 4052 adjuvit,
3253 3983 3462 4039 audivit
3512 3985 3814 4041 clamorem

2216 4085 2247 4126 e
2301 4081 2493 4128 ventre
2551 4071 2764 4138 inferi,
2835 4073 3132 4144 projiciens
3188 4089 3278 4130 me
3353 4076 3408 4130 in
3473 4077 3816 4147 profundum

2217 4163 2401 4221 cordis
2455 4166 2662 4231 maris,
2712 4165 3033 4223 ﬂuminibus
3116 4167 3459 4235 circumdat,
3538 4146 3814 4238 aquarum

2178 4269 2180 4273 '
2218 4258 2514 4314 multitudo
2565 4256 2683 4313 ﬂuit
2738 4259 2991 4330 spiritum
3042 4276 3224 4316 meum
3267 4270 3322 4316 et
3364 4277 3461 4316 cor
3496 4263 3818 4332 inundans;

2219 4350 2274 4404 in
2325 4365 2413 4404 me
2461 4351 2800 4408 transierunt
2868 4367 3060 4408 omnes
3085 4351 3286 4409 ﬂuctus
3321 4353 3418 4409 tui.
3452 4353 3574 4410 Dixi
3605 4372 3620 4409 :
3648 4357 3822 4425 Ahje-

2220 4454 2340 4498 ctus
2373 4458 2523 4504 sum.
2547 4443 2785 4511 Christe,
2834 4445 2902 4501 ab
2932 4446 3110 4501 oculis
3141 4447 3279 4512 tuis;
3313 4461 3456 4516 aqua
3481 4447 3692 4517 impetit
3726 4462 3826 4502 me

2223 4553 2397 4607 usque
2421 4538 2490 4592 ad
2530 4539 3046 4610 animam,abyssus
3086 4537 3354 4610 profunda
3409 4555 3499 4596 me
3550 4540 3823 4596 miserum

2223 4630 2411 4684 vallat.
2449 4630 2503 4683 In
2537 4631 2796 4686 scissuris
2824 4638 3101 4701 petrarum
3134 4632 3339 4703 quievi,
3371 4641 3424 4687 et
3474 4641 3635 4689 terra:
3687 4633 3829 4690 iun-

1606 4729 1709 4785 hos
1752 4741 1944 4785 comm
1981 4745 2124 4801 quos
2156 4741 2200 4797 υ
2230 4723 2485 4778 (lamenta
2517 4723 2781 4791 habitari,
2814 4732 3000 4780 vectes
3035 4723 3359 4795 jamdudum
3388 4725 3651 4780 immotos
3685 4726 3825 4782 ridi.

2232 4812 2336 4869 Sed
2368 4828 2400 4870 θ
2432 4815 2788 4885 corruptione
2822 4815 3000 4872 lucem
3025 4816 3136 4871 vita
3162 4832 3283 4872 mea
3323 4817 3575 4888 aspiciat,
3600 4829 3653 4872 te
3697 4819 3818 4874 dulo

2229 4921 2346 4960 cem
2387 4908 2742 4966 cernentibus
2772 4907 2937 4975 diem,
2974 4911 3102 4980 quia
3147 4911 3430 4979 exspirare
3461 4910 3626 4966 debui
3667 4922 3726 4967 et
3752 4913 3818 4965 ri-

2232 5007 2340 5052 lam
2377 4998 2647 5070 linquere,
2697 5015 2846 5056 nunc
2899 5001 3002 5057 alis
3034 5001 3284 5058 sublatus
3344 5018 3466 5057 sum
3525 5000 3830 5058 Dominum

2229 5093 2479 5148 sortitus.
2509 5093 2632 5149 Mea
2665 5093 2842 5150 oratio
2868 5094 2934 5150 ad
2971 5095 3227 5150 thronum
3248 5103 3403 5151 tuum
3444 5097 3757 5166 perveniat,
3782 5111 3834 5150 ct

2239 5185 2349 5240 tuis
2373 5187 2582 5243 sanctis
2605 5188 2835 5244 auribus
2866 5187 3053 5243 statim
3088 5188 3366 5244 audiatur.
3400 5187 3838 5259 Dereliquerunt

2231 5285 2291 5331 ut
2336 5291 2491 5332 suam
2534 5276 2970 5334 misericordiam
3029 5279 3123 5350 qui
3159 5277 3358 5335 frustra
3391 5277 3688 5350 loquuntur
3737 5289 3837 5332 aut

2232 5370 2498 5440 cogitant,
2529 5370 2736 5425 invidia
2765 5372 2933 5442 pleni.
2971 5372 3081 5444 Ego
3107 5381 3290 5429 autem
3325 5373 3553 5445 gloriam
3620 5374 3837 5428 inuno—

2231 5462 2372 5528 laho,
2395 5464 2664 5518 labiorum
2694 5464 2936 5532 laudem,
2962 5465 3171 5533 ﬂetum,
3217 5469 3546 5530 orationem,
3616 5469 3836 5520 contri-

2240 5557 2442 5611 tionem
2472 5558 2654 5613 cordis
2681 5575 2696 5624 ;
2729 5543 2986 5614 ctomnia
3019 5560 3162 5615 dabo
3190 5559 3354 5615 citius
3383 5574 3545 5631 quam
3573 5560 3840 5628 promisi,

2235 5649 2330 5705 tibi
2363 5660 2484 5707 vota
2518 5666 2618 5722 pro
2643 5651 2819 5730 salute
2853 5653 3074 5711 solvens
3103 5655 3484 5711 universorum
3525 5653 3677 5724 Regi.
