4080 6460
1784 518 2113 579 JOANNIS-
2140 515 2572 577 GEOMETRIE
3643 506 3770 571 1000

2131 652 2177 708 Α
2210 635 2317 684 Και
2350 630 2521 683 ταῦτα
2547 626 2794 697 τερπνῶν
2816 625 3117 694 ὲξεφώνουν
3148 624 3371 695 χειλέων
3393 638 3408 653 ·

2219 722 2306 783 Ὠς
2340 719 2651 789 εὐλογητὸς.
2680 718 2754 781 ώς
2782 718 3041 788 ὑμνητὸς,
3070 718 3146 779 ὡς
3175 717 3346 787 μέγας

2205 814 2339 877 Θεὸς
2366 813 2647 881 κραταιὸς,
2675 811 2877 884 Κύριος
2907 812 3338 881 παντοκράτωρί

2204 907 2337 968 θεὸς
2360 905 2589 967 παλαιὸς
2618 904 2727 956 τῶν
2762 903 2928 957 πάλαι
2957 902 3323 972 γεννητόρων,

530 529 645 596 929

525 644 638 713 Τὴν
660 640 929 712 ἐντροπὴν
956 639 1172 693 λάϐοιεν
1210 640 1258 692 οἱ
1296 636 1607 708 τολμητίαι.

532 736 764 802 Amiano
784 734 952 794 δεινὰ,
975 732 1122 784 δεινὰ
1147 731 1271 794 τοὺς
1298 730 1691 799 εἰργασμένους
1720 727 1781 781 ".

485 780 502 913 Ξ
526 780 703 896 Argaei.
733 826 791 879 τὸ
819 780 1110 893 πρόσωπον
1146 780 1327 875 αὐτῶν
1352 780 1583 891 αίσχύνη
1609 837 1622 851 ·

478 916 489 985 ἰ
527 921 714 987 Πάσης
741 916 957 970 πέσοιεν
982 917 1047 968 ἐκ
1079 914 1411 982 δυναστικῆς
1444 913 1587 982 βίας,

527 1010 635 1062 Καὶ
659 1007 967 1079 συντριϐεεη
1001 1008 1110 1059 πᾶν
1139 1008 1197 1059 τδ
1226 1009 1322 1077 τῆς
1349 1006 1539 1075 ῥώμης
1564 1006 1782 1075 κράτος.

526 1099 823 1152 Γνώτωσαν
861 1098 935 1162 ώς
966 1098 1030 1151 σύ
1068 1097 1272 1167 Κύριος
1299 1097 1430 1160 Θεὸς
1462 1099 1643 1167 μόνος,

526 1191 652 1253 Θεὸς
686 1190 965 1260 κραταιὸς,
994 1189 1096 1259 γῆς
1122 1189 1249 1258 ὅλης
1276 1188 1434 1258 δόξης
1460 1189 1599 1251 ὅλος.

526 1284 585 1334 Oi
619 1283 768 1351 τρεῖς
802 1282 903 1351 μὲν
935 1280 1109 1345 οὕτως
1140 1280 1385 1341 εὐσεϐεῖς
1413 1280 1641 1335 νεανίαι.

525 1372 586 1424 Οἱ
619 1372 665 1424 δ’
697 1372 1032 1441 ἐμϐαλόντες
1064 1373 1144 1433 εἰς
1178 1370 1409 1438 κάμινον
1439 1372 1563 1432 τοὺς
1590 1372 1762 1436 νέους,

525 1463 816 1524 θάλλοντες
846 1464 945 1516 οὐκ
976 1461 1190 1515 ἔλειπον
1217 1457 1412 1532 οἷσπερ
1442 1461 1541 1533 τὴν
1578 1462 1751 1530 φλόγα

523 1556 613 1618 Εἰς
645 1554 775 1624 ὕψος
807 1550 963 1625 ἦρον,
999 1556 1229 1617 ὲπτακις
1269 1555 1677 1624 πυργουμένην.

530 1643 621 1710 Ἐξ
648 1644 785 1696 ἑπτά
818 1643 1007 1714 πηχῶν
1034 1642 1237 1714 ἔϐρεμε
1264 1644 1323 1696 τὸ
1349 1643 1459 1713 πῦρ
1491 1644 1654 1712 μέγα,

532 1733 598 1787 Ἢ
632 1735 765 1803 φλὸξ
796 1735 992 1805 ἐχεῖτο,
1020 1734 1116 1788 καὶ
1137 1736 1382 1808 διέτρεχε
1412 1735 1616 1805 κύκλῳ,

518 1826 711 1893 Φλέγει
739 1826 795 1879 δὲ
828 1826 1033 1889 πάντας
1062 1825 1252 1897 ὥσπερ
1284 1819 1411 1897 εὗρε
1443 1826 1537 1879 καὶ
1570 1824 1776 1895 κύκλῳ,

518 1916 703 1970 Δεινοῦ
734 1916 998 1986 τυράννου
1029 1916 1259 1985 δημίους
1293 1917 1573 1987 ὑπηρέτας
1596 1931 1613 1946 ⁶

518 2006 630 2059 Καὶ
661 2007 1003 2076 συγκατῆλθε
1033 2007 1126 2060 τοῦ
1160 2006 1296 2060 Θεοῦ
1321 2009 1715 2080 παραστάτηςο

517 2093 685 2161 υῦτος
715 2085 936 2168 ῥαπίζει
973 2099 1073 2171 τὴν
1103 2100 1333 2171 κάμινον
1374 2100 1637 2153 κυκλόθεν

515 2190 762 2259 Φαιδρὸς,
797 2193 998 2260 ῥιφεῖσι
1024 2193 1137 2254 τοῖς
1164 2192 1304 2255 νέοις
1334 2193 1410 2255 εἰς
1448 2192 1538 2260 τὴν
1569 2191 1765 2260 φλόγα,
1800 2190 1814 2212 ⁸

518 2281 617 2342 Ὃς
648 2282 960 2333 ἐκτινάσσει
998 2281 1099 2351 τῆς
1123 2283 1356 2352 καμίνου
1390 2284 1487 2354 τὴν
1520 2283 1717 2355 φλόγα,

514 2374 696 2428 Μέσον
727 2373 783 2425 δὲ
814 2374 1035 2443 πνεῦμα
1064 2377 1165 2443 τῆς
1195 2374 1428 2444 καμίνου
1462 2377 1583 2427 πνεῖ
1604 2375 1795 2445 δρόσου

515 2464 700 2534 Ψύχον
730 2482 779 2516 τι
810 2464 856 2494 ²⁰
888 2465 1119 2535 τερπνὸν
1160 2470 1254 2518 καὶ
1290 2466 1507 2536 συρίζον
1538 2468 1744 2536 ἡρέμα.

515 2556 588 2608 Τὸ
616 2555 724 2625 πῦρ
754 2555 1012 2628 μερισθὲν
1039 2556 1156 2624 φῶς
1196 2560 1427 2627 παρεῖχε
1451 2560 1564 2620 τοῖς
1588 2558 1728 2620 νέοις
1756 2572 1771 2586 ·

515 2648 589 2701 Τὸ
618 2647 914 2701 καυστικὴν
948 2647 1003 2700 δὲ·
1035 2651 1147 2712 τοῖς
1184 2649 1447 2719 άνάψουσι
1483 2649 1684 2719 μόνοις,

515 2740 766 2810 Συνεῖχεν
791 2741 867 2805 ὡς
895 2742 1138 2811 θάλαμος
1160 2742 1290 2813 ἡδὺς
1312 2743 1440 2805 τοὺς
1462 2744 1635 2807 νέους,

516 2830 782 2899 Ἐφλεξεν
814 2832 991 2896 οὐδὲν,
1032 2834 1093 2885 οὐ
1134 2831 1533 2903 παρηνώχλησέ
1560 2849 1638 2897 τι,

516 2922 760 2990 Δεσμοὺς
794 2922 1015 2988 ἔκαυσε,
1047 2923 1153 2976 τῶν
1184 2922 1388 2993 τριχῶν
1422 2924 1711 2995 ἀπέσχετο,

526 3010 560 3061 Γ
564 3010 652 3062 ότε
682 3012 1002 3081 κροτοῦντες
1037 3013 1275 3078 εὐσεϐῶς
1302 3015 1353 3067 οἱ
1382 3017 1528 3085 τρεῖς
1561 3014 1682 3085 ἅμα

515 3103 632 3172 Mt?
664 3120 722 3157 τε
752 3104 973 3179 γλώσσῃ
1006 3108 1099 3161 καὶ
1134 3109 1233 3179 μιᾷ
1266 3107 1546 3180 προθυμίᾳ

515 3196 817 3260 ιιλέκοντες
838 3192 977 3268 ἦσαν
1004 3193 1176 3265 αἶνον,
1208 3200 1431 3270 ὕμνουν,
1465 3201 1747 3271 εὐλόγουν,

515 3283 676 3357 Εἶχον
706 3288 946 3359 χορείαν,
982 3286 1113 3364 ᾖδον
1142 3291 1518 3364 εὐχαριστίαν.

2218 998 2474 1069 Ὑψηλὸς,
2510 997 2677 1066 ὕψους
2702 996 2925 1060 παντὸς,
2965 995 3178 1049 αἰώνων
3199 994 3332 1061 ἄνω,

2205 1093 2317 1145 Καὶ
2346 1091 2537 1160 κλῆσις
2563 1091 2639 1153 είς
2665 1089 2890 1159 ἄπειρον
2925 1088 3138 1141 αἰώνων
3161 1088 3337 1153 τέλος,

2209 1180 2438 1233 Νικῶσα
2469 1177 2649 1242 δόξαν,
2686 1177 2876 1247 ὕμνον,
2910 1176 3043 1246 ὕψος
3064 1178 3161 1230 καὶ
3188 1178 3399 1250 χρόνον.

2206 1271 2428 1322 Βλέπων
2457 1267 2665 1322 ἄνωθεν
2694 1273 2792 1339 τῆς
2830 1268 3069 1323 ἀϐύσσου
3101 1271 3209 1323 πᾶν
3250 1270 3412 1340 βάθος
3436 1285 3452 1300 ο

2204 1363 2392 1431 Θρόνῳ
2427 1362 2710 1432 Χερουϐὶμ
2743 1361 3122 1431 ἐγκαθήμενος
3154 1362 3391 1431 φλέγων,

2216 1453 2304 1518 Ὠς
2337 1454 2649 1523 εὐλογητὸς,
2680 1454 2756 1517 ὡς
2785 1453 3046 1524 ὑμνητὸς,
3076 1452 3151 1517 ώς
3181 1454 3392 1523 μέγαςί

2209 1547 2308 1597 Ὃν
2346 1544 2661 1613 εὐλογοῦσιν
2689 1544 2915 1615 οὐρανοὶ
2939 1542 3009 1613 γῆ
3042 1544 3137 1596 καὶ¹
3166 1544 3288 1606 νόες
3307 1560 3321 1573 ·

2212 1638 2305 1701 Ὠς
2339 1638 2651 1709 εὐλογητὸς,
2674 1637 2749 1701 ώς
2775 1638 3036 1709 ὑμνητὸς,
3061 1637 3138 1701 ώς
3164 1638 3366 1708 μέγαςί

2799 1768 2893 1841 ρο’.
2946 1772 3071 1843 ’ῼδὴ
3108 1771 3191 1826 n'.

2198 1908 2280 1962 Τὰ
2318 1909 2534 1973 κτιστὰ,
2564 1910 2657 1962 τὸν
2687 1908 2951 1963 κτίσαντα
2977 1907 3215 1977 Χριστὸν
3248 1908 3481 1978 εὐλόγει,

2133 2024 2175 2080 Β
2214 2001 2464 2069 ’Υψοῦτε,
2493 2000 2787 2065 δοξάζοιτε,
2825 2000 2987 2071 μέχρι
3017 2000 3323 2070 τερμάτων.

2204 2096 2373 2157 Πόλος
2403 2093 2564 2158 Θεοῦ,
2599 2095 2717 2157 νόες
2742 2111 2823 2160 τε,
2849 2093 2940 2146 τὸν
2962 2092 3096 2146 Θεοῦ
3119 2093 3293 2161 Λόγον

2210 2186 2464 2256 ’Υψοῦτε,
2498 2186 2771 2253 δοξάζοιτε
2812 2186 2974 2256 μέχρι
3005 2186 3315 2256 τερμάτων.

2203 2280 2384 2332 Ἀπαν
2412 2279 2475 2332 τὸ
2501 2279 2747 2348 ρευστὸν,
2779 2280 2933 2331 πᾶσα
2964 2278 3072 2331 τῶν
3098 2280 3211 2333 ἄνω
3245 2279 3430 2350 φύσις,
3460 2281 3705 2356 [ὑψοῦτε]

2203 2371 2474 2441 Ἀστρων,
2502 2370 2734 2441 σελήνης
2762 2370 2978 2436 κάλλος,
3007 2370 3160 2441 ἡλίου
3187 2372 3341 2441 φάος,
3373 2372 3616 2448 [ὐψοῦτε]

2187 2463 2320 2535 ⁴Ῑῐὲἱν
2342 2462 2580 2532 πνεῦμα,
2604 2463 2697 2513 καὶ
2717 2463 2821 2524 πᾶς
2844 2461 3047 2532 ὄμϐρος
3069 2463 3102 2533 ἢ
3124 2465 3272 2516 πᾶσα
3299 2464 3509 2534 δρόσος,
3531 2466 3768 2543 [ὑψοῦτε]

2200 2553 2459 2613 Καύσων,
2483 2552 2674 2622 ψύχος,
2699 2552 2830 2623 πῦρ,
2864 2552 3052 2624 καῦμα
3073 2554 3165 2606 καὶ
3184 2554 3314 2624 φλὸξ
3336 2555 3509 2626 ἡλίου,
3534 2555 3764 2630 [ὑψοῦτε]

2199 2646 2319 2710 Φῶς
2358 2646 2447 2699 καὶ
2479 2647 2689 2709 σκότος,
2731 2646 2842 2716 πῦρ
2876 2646 2997 2715 ἡδὺ,
3035 2645 3238 2715 φέγγος
3267 2647 3502 2718 ἡμέρας,
3532 2646 3771 2719 [ὑψοῦτελ

2201 2738 2434 2808 Πάχναι,
2466 2737 2740 2807 κεραυνοὶ,
2771 2735 2970 2805 χιόνες,
2999 2736 3187 2804 πάγοι,
3222 2736 3379 2807 νέφη,
3407 2736 3651 2808 [ὑψοῦτει

2204 2829 2370 2900 Ὀρη,
2403 2829 2574 2897 λόφοι,
2604 2831 2673 2899 γῆ
2698 2830 2868 2893 πᾶσα,
2900 2830 3051 2882 πάσα
3077 2828 3183 2899 γῆς
3216 2830 3398 2898 φύσις,
3427 2829 3669 2903 [ὑψοῦτε]

2201 2921 2409 2992 Πηγαὶ,
2447 2920 2710 2985 θάλασσα,
2744 2921 2844 2990 τῆς
2869 2922 3042 2992 ὑγρᾶς
3066 2924 3173 2977 πᾶν
3206 2922 3411 2992 θηρίον,
3446 2921 3689 2994 [ὑψοῦτε]

2202 3012 2391 3076 Θῦται,
2425 3011 2701 3082 προφῆται
2737 3013 2832 3064 καὶ
2860 3010 3079 3083 λάτραι,
3105 3014 3383 3085 νεωκόροι,
3412 3012 3658 3087 [ὑψοῦτι]

2202 3104 2389 3174 Ψυχαὶ
2414 3102 2662 3169 δικαίων,
2688 3105 2746 3159 αἱ
2777 3106 2939 3158 πνοαὶ
2961 3104 3071 3158 τῶν
3106 3105 3399 3175 κειμένων,
3425 3104 3670 3177 [ὑψοῦτε]

2202 3198 2266 3248 Οἱ
2294 3195 2494 3261 ζῶντες
2518 3196 2720 3262 ἁγνῶς,
2758 3196 2805 3248 oi
2837 3196 3089 3249 ταπεινοὶ
3119 3196 3338 3266 καρδίᾳ,
3364 3195 3606 3268 [ὑψοῦτε]

2215 3286 2435 3340 Ἁνανία
2459 3302 2519 3339 τε
2552 3284 2793 3356 Μισαὴλ,
2836 3284 3083 3358 Ἀζαρία,
3111 3284 3356 3359 [ὑψοῦτε]

514 3466 656 3521 mala
679 3467 940 3523 invadant
969 3467 1107 3523 mala
1143 3479 1471 3541 operantes;
1517 3471 1728 3541 operiat
1757 3468 1948 3525 faciem
1993 3483 2091 3523 eo-
2121 3476 2166 3537 (ζ
2196 3482 2360 3537 quam
2381 3467 2860 3538 magnusestDeus
2878 3474 3093 3539 potens,
3115 3466 3377 3525 Dominus
3392 3471 3774 3527 universorum

512 3570 634 3611 rum
658 3558 954 3627 confusio;
997 3562 1195 3616 cadant
1250 3562 1401 3616 omni
1458 3558 1713 3631 potentia:
1775 3571 1880 3617 tua:
1901 3561 1977 3627 vi,
2039 3570 2095 3617 et

511 3657 830 3704 conteratur
859 3652 1073 3706 roboris
1121 3653 1335 3707 illorum
1390 3654 1573 3715 omnis
1621 3657 1814 3709 virtus.
1876 3654 2094 3724 Cogno-

513 3743 670 3789 scant
700 3738 827 3805 quia
854 3746 909 3791 tu
935 3737 1199 3795 Dominus
1251 3740 1394 3797 Deus
1457 3744 1629 3807 solus,
1696 3744 1837 3799 Deus
1877 3754 2093 3813 potens,

516 3827 828 3882 universam
858 3844 955 3899 per
985 3838 1190 3886 terram
1224 3834 1397 3904 gloria
1421 3834 1734 3891 universus.
1808 3853 1816 3900 ι

589 3917 724 3974 Tres
745 3921 960 3988 quidem
990 3922 1218 3992 juvenes
1246 3924 1319 3979 ita
1362 3925 1452 3994 pie
1497 3927 1811 3984 cantabant.
1852 3928 1944 3999 qui
1996 3945 2095 3985 au-

516 4020 625 4065 tem
660 4011 959 4081 injecerant
989 4014 1042 4068 in
1071 4015 1351 4071 fornacem
1380 4017 1631 4086 juvenes,
1664 4036 1770 4074 non
1808 4022 2096 4077 cessabant

518 4101 811 4158 immittere
844 4106 1099 4161 materias
1128 4109 1329 4176 quibus
1363 4108 1580 4165 ﬂamma
1620 4112 1672 4165 in
1724 4114 1893 4167 altum
1927 4130 1986 4170 se
2007 4124 2095 4170 at-

516 4193 764 4257 tollebat,
789 4195 991 4263 septies
1026 4208 1085 4251 ut
1136 4200 1306 4254 turris
1366 4215 1690 4272 exsurgens.
1741 4206 2094 4277 Septuaginta

513 4285 822 4339 cubitorum
848 4286 987 4356 ignis
1010 4288 1153 4344 altus
1183 4291 1451 4361 rugiebat,
1479 4295 1698 4351 ﬂamma
1727 4297 1895 4352 cﬂusa
1919 4307 2003 4354 est
2041 4309 2096 4354 et

512 4375 867 4443 circumacta,
888 4382 1159 4436 consumit
1185 4392 1368 4438 autem
1396 4400 1587 4443 omnes
1610 4404 1749 4458 quos
1769 4389 1976 4445 circum
2008 4392 2095 4444 in-

512 4470 682 4535 venit,
702 4472 827 4524 saavi
855 4473 1069 4541 tyranni
1102 4476 1351 4543 publicos
1386 4478 1670 4536 ministros
1697 4502 1710 4535 :
1740 4482 2096 4539 etdescendit

511 4557 607 4612 Dei
670 4563 938 4618 assistens
999 4568 1269 4636 angelus;
1339 4572 1680 4642 percutitque
1733 4574 1786 4628 in
1826 4576 2090 4631 circulum

513 4651 790 4708 fornacem
819 4657 1177 4727 conspicuus,
1202 4660 1470 4718 immissis
1496 4664 1793 4734 juvenibus
1817 4668 1869 4722 in
1890 4670 2091 4738 ignem,

508 4752 568 4797 et
595 4746 802 4799 excutit
843 4748 895 4799 in
917 4747 1138 4804 fornace
1189 4751 1487 4822 ﬂammam,
1522 4760 1869 4827 mediumque
1930 4763 2092 4831 spiri-

512 4842 626 4888 tum
663 4837 715 4888 in
747 4836 974 4893 fornace
1001 4841 1175 4909 spirat
1209 4844 1368 4912 quasi
1416 4849 1557 4902 roris
1585 4849 1833 4918 spiritum
1889 4851 2090 4920 jucun-

509 4928 639 4978 dum
674 4936 726 4981 et
756 4929 949 4983 leniter
983 4932 1320 4989 sibilantem.
1354 4934 1496 5007 Ignis
1526 4938 1716 4995 divisis
1774 4940 1948 4997 lucem
2002 4944 2093 5012 ju-

509 5019 739 5074 venibus
766 5023 1044 5088 pra-stitit,
1083 5025 1447 5097 ardoremque
1470 5030 1604 5085 solis
1634 5032 2088 5103 incendentibus;

508 5109 721 5177 excepit
762 5122 817 5163 ut
849 5112 1027 5167 mollis
1055 5113 1328 5171 thalamus
1350 5118 1604 5187 juvenes,
1636 5136 1745 5175 non
1778 5137 1875 5177 eos
1933 5139 2090 5179 com-

508 5198 702 5265 bussit,
732 5218 910 5272 neque
932 5205 1233 5276 quidquam
1276 5211 1542 5266 molestia:
1598 5213 1812 5281 attulit;
1871 5216 2087 5272 vincula

505 5297 786 5363 cremavit,
820 5299 890 5353 ab
922 5315 1110 5356 eorum
1172 5304 1385 5373 capillis
1436 5305 1725 5363 abstinuit.
1788 5307 1941 5365 Tunc
2001 5311 2088 5381 pie

506 5389 831 5456 p’audentes
858 5400 966 5446 tres
989 5396 1152 5450 simul
1196 5396 1430 5465 juvenes
1481 5415 1592 5454 una
1646 5401 1830 5472 lingua
1879 5414 1932 5459 et
1960 5405 2091 5474 :uuo

507 5482 703 5535 ardore
732 5483 1010 5551 conjuncti
1036 5499 1408 5545 cantaverunt
1432 5492 1668 5559 laudem,
1704 5495 1964 5565 hymnum
1995 5512 2089 5552 ce-

502 5574 777 5634 cinerunt.
806 5576 1221 5645 bcnedixcrnnt,
1249 5583 1509 5638 choream
1535 5596 1782 5655 egerunt,
1819 5590 2089 5645 actionem

505 5667 801 5731 gratiarum
822 5683 1310 5738 exprompserunt;
1348 5682 1402 5727 et
1460 5676 1575 5730 haec
1624 5678 1886 5734 suavibus
1916 5695 1947 5734 c
2010 5681 2090 5736 la-

506 5754 618 5811 bris
649 5759 907 5814 dixerunt
938 5779 950 5814 :
986 5761 1161 5827 Quam
1196 5765 1537 5832 benedicms,
1570 5784 1734 5839 quam
1776 5771 2088 5839 laudabilis,

584 5931 623 5965 ⁸³
654 5936 902 6003 ἡργασμ.
932 5936 1055 5991 cod.
1134 5940 1179 5970 ²⁰
1213 5940 1444 6011 ψύχοντι
1474 5944 1592 5999 cod.

2120 4813 2171 4873 D

2196 3558 2309 3612 Rex
2337 3561 2348 3611 ι
2380 3559 2520 3613 Deus
2549 3559 2811 3628 antiquus
2842 3560 3194 3629 antiquorum
3216 3570 3427 3631 patrum
3453 3564 3775 3625 altissimus,

2195 3666 2360 3722 supra
2381 3653 2724 3708 altitudinem
2757 3669 2998 3727 omnem,
3022 3663 3076 3709 et
3104 3670 3268 3711 omne
3294 3656 3572 3721 saeculum,
3596 3667 3650 3712 et
3679 3674 3779 3711 no-

2196 3756 2319 3795 men
2345 3742 2465 3810 ejus
2496 3742 2550 3797 in
2578 3742 2846 3798 infinitam
2893 3742 3219 3799 saeculorum
3274 3747 3490 3809 seriem,
3550 3749 3777 3813 gloriam

2196 3848 2464 3902 superans
2518 3834 2732 3888 laudem
2794 3835 3137 3889 altitudinem
3165 3846 3218 3889 et
3266 3844 3499 3905 tempus.
3537 3835 3617 3890 Ex
3668 3842 3775 3891 :dtu

2198 3923 2441 3978 intuetur
2495 3925 2677 3995 abyssi
2725 3924 3171 3994 profunditatem,
3237 3927 3436 3981 throno
3491 3929 3774 3981 cherubim

2197 4014 2449 4070 ﬂammeo
2471 4016 2690 4073 insidet.
2716 4016 2889 4083 Quam
2912 4016 3251 4083 benedictus,
3274 4034 3437 4088 quam
3462 4019 3777 4081 laudabilis,

2196 4126 2360 4179 quam
2382 4114 2641 4181 magnus!
2662 4129 2821 4182 quem
2846 4113 3177 4168 benedicunt
3196 4116 3340 4175 cteli,
3359 4124 3500 4169 terra
3514 4127 3568 4169 et
3585 4130 3735 4168 mare
3759 4130 3773 4165 :

2196 4216 2363 4272 quam
2395 4203 2745 4269 benedictus,
2786 4221 2949 4275 quam
2973 4206 3280 4268 laudabilis,
3311 4223 3474 4277 quam
3498 4222 3731 4278 magnus
3762 4209 3777 4261 ι

2683 4297 2806 4352 170.
2844 4297 3134 4353 Canticum
3170 4298 3307 4355 VIII.
3763 4361 3773 4371 .

2269 4385 2485 4448 Creata.
2505 4388 2822 4443 Creatorem
2855 4389 3134 4445 Christum
3157 4391 3742 4457 benedicite,exaltate
3764 4408 3815 4454 ς,

2196 4478 2495 4545 glnriﬂcate
2535 4495 2709 4549 usque
2740 4481 2804 4534 ad
2831 4491 3100 4537 extrema.

2265 4571 2478 4626 Caelum
2503 4571 2617 4638 Dei,
2643 4574 3002 4644 Spiritusque,
3038 4574 3205 4630 Deum
3244 4575 3481 4631 Verbum
3503 4579 3747 4636 exaltate
3764 4620 3777 4646 ι

2198 4662 2501 4731 gloriﬁcale
2533 4678 2704 4731 usque
2731 4664 2796 4719 ad
2822 4678 3091 4718 extrema.

2267 4753 2441 4809 Omne
2489 4754 2737 4818 ﬂuidum.
2766 4756 2949 4811 omnis
2985 4772 3219 4827 superna
3257 4765 3473 4824 natura,
3507 4762 3783 4820 exaltate:

2196 4853 2492 4908 astrorum,
2521 4847 2662 4902 lunae
2694 4848 3060 4917 pulchritudo,
3096 4850 3229 4905 solis
3278 4850 3482 4917 lumen,
3506 4855 3776 4915 exaltate,‘

2198 4936 2380 4991 omnis
2401 4937 2648 5006 Spiritus,
2689 4939 2870 4994 omnis
2916 4938 3109 5001 imber.
3133 4940 3311 4996 omnis
3355 4956 3465 5007 ros,
3504 4944 3775 5007 exaltate;

2193 5042 2381 5093 aestus,
2414 5028 2603 5098 frigus,
2637 5030 2970 5100 ignis,calor
2998 5040 3049 5087 et
3074 5030 3287 5086 ﬂamma
3316 5032 3470 5098 solis,
3499 5034 3783 5098 exaltate;

2191 5118 2282 5174 lux
2306 5131 2361 5175 et
2376 5123 2630 5187 tenebrae,
2650 5123 2890 5191 jucunde
2913 5123 3193 5194 ignisdiei,
3209 5124 3486 5194 splendor,
3510 5127 3785 5191 exaltate;

2191 5214 2414 5285 glacies,
2431 5213 2679 5281 fulmina,
2692 5217 2865 5284 nives,
2883 5216 3025 5287 gelu,
3050 5216 3247 5282 nubes,
3260 5216 3493 5273 exaltate
3507 5235 3523 5285 ;
3537 5230 3782 5284 montes,

2198 5307 2388 5373 colles,
2428 5307 2609 5362 omnis
2633 5318 2800 5374 terra,
2832 5290 3011 5363 omnis
3061 5316 3219 5363 terrae
3242 5317 3469 5375 natura,
3502 5311 3786 5377 exaltate;

2200 5396 2397 5459 fontes,
2435 5413 2604 5465 mare,
2634 5414 2900 5470 aquarum
2926 5401 3109 5454 omnia
3139 5401 3461 5467 animantia,
3493 5402 3739 5456 exaltare
3766 5420 3784 5466 ;

2201 5495 2541 5554 sacerdotes.
2574 5493 2854 5562 propheta:
2882 5500 2935 5548 et
2971 5491 3183 5559 famuli,
3214 5493 3457 5556 neocori,
3488 5494 3738 5548 exaltate
3770 5510 3787 5557 ;

2200 5582 2397 5638 animae
2449 5582 3339 5655 iustorum,spiritusjacentium,
3374 5584 3643 5647 exaltate;
3685 5586 3794 5654 qui

2195 5677 2377 5732 vivitis
2427 5688 2598 5744 caste,
2651 5680 2743 5749 qui
2789 5679 2954 5736 corde
3028 5681 3262 5738 humiles
3294 5682 3445 5748 estis,
3492 5679 3792 5746 exaltate;

2202 5768 2434 5837 Anania,
2458 5758 2676 5839 Misael,’
2698 5771 2917 5839 Azaria,
2952 5774 3205 5833 exaltate.
