4080 6422
1776 658 2059 704 ΙΝΕΠΝἹἚ
2103 658 2357 703 SECULO
2402 657 2468 703 Χ.

1061 869 1919 1056 COSMAS
2067 865 3167 1061 VESTITOR

1836 1339 2349 1435 NOTITIA

1435 1537 1561 1601 (Cas.
1589 1534 1745 1587 Ouum
1774 1536 1841 1589 De
1872 1534 2045 1599 script.
2079 1536 2271 1595 eccles.,
2298 1540 2415 1585 tom.
2452 1534 2514 1595 lI,
2539 1534 2630 1585 col.
2669 1534 2800 1598 100.)

547 1843 785 1899 Cosmas
818 1839 1088 1910 Vesﬁtor,
1123 1840 1349 1897 natione
1384 1839 1634 1907 Graecus,
1664 1842 1719 1896 in
1744 1842 1868 1898 aula
1894 1841 2505 1914 Constantinopolitana
2555 1841 2697 1898 inter
2719 1840 2929 1912 primos
2971 1840 3191 1903 enituit,
3219 1854 3283 1896 ea
3322 1845 3481 1895 atate
3509 1852 3615 1909 qua
3646 1837 3755 1893 im-

479 1932 694 2005 perium
737 1930 1019 1985 Orientale
1064 1943 1191 1984 cum
1228 1929 1407 2002 gloria
1427 1940 1481 1987 et
1515 1930 1677 1986 laude
1736 1930 1848 1987 Leo
1888 1932 1956 1986 VI
1993 1933 2318 2003 imperator,
2358 1942 2732 2002 cognomento
2764 1929 2987 2000 Sapiens
3023 1939 3079 1985 et
3109 1927 3482 1999 Philosophus,
3516 1928 3756 1982 admini-

477 2019 708 2077 strahat.
744 2016 938 2072 Dictus
975 2014 1207 2071 I’estitor
1257 2032 1353 2071 seu
1386 2016 1668 2093 Βέστητορ
1702 2021 1844 2090 apud
1894 2020 2116 2078 Graecos
2167 2022 2346 2077 aetatis
2370 2020 2679 2093 sequentis,
2708 2020 2854 2090 quod
2883 2020 2989 2076 sub
3010 2020 3347 2089 imperatore
3376 2018 3484 2072 isto
3510 2014 3752 2071 otiicium

477 2100 744 2158 restitoris
772 2114 868 2155 seu
908 2100 1317 2169 protooestiarii
1351 2101 1536 2157 nobile
1560 2102 1860 2169 obtineret,
1893 2104 2056 2175 cujus
2121 2118 2304 2179 partes
2339 2120 2496 2165 erant
2549 2118 2610 2165 ut
2660 2109 2767 2180 ipsi
2822 2106 3147 2178 imperatori
3182 2106 3470 2162 vestienda
3514 2106 3753 2170 adesset,

477 2204 545 2245 ac
575 2188 822 2245 vestibus
878 2187 1260 2257 imperialibus
1305 2196 1422 2242 tum
1469 2192 1882 2261 comparandis,
1916 2200 2029 2247 tum
2056 2197 2435 2253 custodiendis
2463 2196 2756 2268 praefectus
2774 2204 2940 2252 esset.
2970 2194 3130 2263 (Vide
3156 2193 3450 2264 Georgium
3473 2191 3748 2246 Codinum

472 2274 843 2347 Curopalaten
882 2274 937 2328 in
973 2273 1116 2328 libro
1144 2273 1220 2328 De
1253 2274 1565 2344 oﬁiciatibus
1595 2276 1790 2347 palatii
1823 2276 1961 2347 CP.,
1992 2281 2019 2334 1
2052 2296 2177 2353 cap.
2213 2285 2248 2340 2
2269 2295 2323 2341 et
2344 2285 2421 2356 5.)
2460 2284 2700 2341 ditatem
2722 2284 2871 2340 illius
2898 2282 3186 2354 scriptoris
3214 2288 3500 2339 assecutus
3532 2294 3654 2335 sum
3681 2294 3753 2335 es

478 2370 771 2436 Anonymo
798 2364 895 2434 qui
934 2362 1114 2419 Vitam
1144 2366 1319 2419 sancti
1340 2364 1574 2421 Joannis
1613 2365 1987 2439 Chrysostomi
2014 2385 2079 2426 ex
2105 2372 2342 2431 diversis
2370 2373 2691 2430 auctoribus
2713 2372 3047 2442 c0nscripsit
3068 2370 3217 2427 circa
3248 2386 3452 2426 annum
3483 2368 3609 2433 950,
3648 2369 3752 2424 ali-

474 2468 688 2530 quanto
748 2465 875 2527 post
926 2453 1275 2511 Constantini
1324 2458 1792 2531 Porpbymgeniti
1847 2469 2117 2535 tempora,
2169 2477 2333 2531 quem
2386 2460 2601 2532 profert
2627 2459 2901 2514 Henricus
2949 2459 3189 2516 Savilius
3222 2458 3541 2537 ineditione
3565 2456 3746 2511 Gra'ca

476 2550 718 2619 Operam
769 2549 835 2604 D.
863 2548 1095 2605 Joannis
1160 2547 1545 2618 Chrysostomi
1608 2549 1858 2603 omnium
1895 2548 2073 2621 (tomo
2118 2547 2251 2616 VIII,
2285 2563 2408 2619 pag.
2442 2546 2597 2617 295),
2631 2546 2819 2601 Etona:
2846 2545 3009 2602 iacta.
3041 2545 3274 2616 Collegit
3309 2545 3398 2601 hic
3429 2546 3749 2615 Anonymus

490 2638 667 2693 Vitam
700 2635 1070 2707 Chrysostomi
1104 2651 1168 2690 es
1220 2635 1587 2704 scriptoribus
1617 2636 1807 2707 viginti
1840 2636 2265 2705 antiquioribus.
2299 2651 2533 2704 quorum
2574 2634 2882 2705 catalogum
2940 2634 3092 2705 operi
3125 2648 3229 2688 suo
3272 2634 3429 2703 juxta
3485 2633 3748 2687 rationem

479 2738 787 2797 temporum
820 2724 1124 2794 praemittit,
1154 2732 1321 2792 atque
1358 2738 1464 2777 una
1498 2722 1648 2777 velut
1676 2723 1924 2793 ejusdem
1954 2724 2244 2795 temporis,
2268 2722 2518 2778 Cosmam
2551 2721 2865 2777 Vestitorem
2889 2722 3013 2777 loco
3038 2722 3255 2777 decimo
3278 2731 3500 2793 quarto,
3528 2720 3747 2774 Leonem

477 2816 852 2883 imperatorem
887 2811 1013 2887 loco
1043 2810 1260 2866 decimo
1286 2809 1499 2879 quinto,
1532 2809 1627 2879 qui
1659 2810 1825 2866 ambo
1853 2811 1920 2865 de
1941 2810 2323 2881 Chrysostomi
2351 2810 2607 2866 laudibus
2641 2819 2765 2865 stite
2806 2824 2865 2865 se
2890 2800 3136 2880 egerant,
3168 2809 3454 2878 conjungit
3489 2809 3587 2875 (α).
3615 2810 3749 2860 (lum

480 2904 665 2971 itaque
694 2899 808 2955 Leo
844 2899 1168 2970 imperator,
1209 2897 1446 2968 Sapiens
1482 2898 1685 2962 dictus,
1734 2899 1937 2954 multas
1965 2899 2221 2955 homilias
2252 2906 2307 2953 et
2331 2898 2584 2952 encomia
2616 2898 2669 2953 in
2702 2896 2917 2951 Iaudem
2945 2905 3263 2953 sanctorum
3290 2908 3457 2966 atque
3483 2894 3750 2951 festorum

479 3000 533 3043 et
560 2988 974 3044 solemnitatum
1005 2984 1263 3040 Ecclesiae
1299 3000 1363 3039 ex
1398 2995 1525 3041 ante
1550 2985 1716 3042 dictis
1739 2987 2073 3059 collegisset,
2095 2988 2325 3042 Cosmas
2363 2985 2607 3041 Vestitor
2636 2999 2733 3040 seu
2781 2982 3110 3051 Vestiarius,
3145 2985 3426 3040 dominum
3462 2985 3753 3056 imperato-

478 3092 597 3132 rem
665 3089 829 3131 suum
887 3074 1161 3137 imitatus,
1217 3072 1378 3142 cujus
1418 3072 1576 3127 lateri
1637 3074 1940 3141 assidebat,
1992 3074 2260 3145 opuscula
2300 3089 2520 3144 quoque
2549 3073 2603 3128 in
2655 3073 2871 3128 Iaudem
2917 3083 3236 3128 sanctorum
3268 3070 3524 3126 nonnulla
3568 3070 3753 3125 Graece

478 3163 810 3234 composuit,
835 3176 959 3231 qua:
980 3160 1163 3215 adhuc
1199 3174 1334 3216 mss.
1361 3160 1415 3215 in
1446 3159 1792 3215 bibliothecis
1832 3160 2074 3233 Anglicis
2099 3171 2263 3233 atque
2292 3162 2819 3218 aliis'inveniuntur.
2850 3161 3012 3217 Juxta
3040 3162 3295 3216 Allatium
3330 3161 3382 3215 in
3411 3159 3651 3213 Diatriba
3681 3160 3754 3213 De

480 3249 808 3320 Symsonum
865 3248 1101 3313 scriptis,
1150 3261 1277 3317 pag.
1304 3247 1398 3313 95,
1438 3246 1647 3302 Cosme
1707 3246 1984 3303 Vestitoris
2016 3250 2070 3303 in
2104 3261 2316 3304 sanctos
2373 3248 2620 3305 Joachim
2641 3260 2689 3305 et
2720 3250 2931 3304 Annam
2959 3258 3203 3319 parentes
3233 3248 3479 3319 Deiparw
3515 3248 3614 3318 (bi.
3657 3248 3751 3309 Εἰς

478 3339 609 3403 τοὺς
671 3337 865 3407 ἁγίους
929 3334 1189 3405 ἰωακεὶμ
1245 3335 1342 3389 καὶ
1404 3336 1608 3390 Ἄνναν
1636 3336 1763 3399 τοὺς
1792 3340 1969 3405 γονεῖς
1996 3337 2101 3408 τῆς
2133 3338 2421 3403 Θεοτόκου,
2456 3338 2685 3409 incipit:
2729 3339 2795 3391 Ἢ
2828 3337 2954 3408 χθὲς
2989 3338 3091 3408 τῆς
3121 3338 3389 3391 Θεοτόκου
3422 3336 3751 3407 γενεθλιακὴ

478 3429 792 3499 παιήγυρις
812 3426 913 3496 τῆς
938 3426 1215 3495 κοσμικῆς
1243 3425 1440 3495 χαρᾶς,
1460 3436 1592 3492 etc.,
1620 3424 1885 3481 Hesterna
1913 3426 2089 3497 Deipm

2137 3444 2157 3483 ε
2180 3427 2482 3482 nativitatis
2505 3426 2811 3497 pauegyris,
2834 3427 3086 3481 swcutari
3119 3443 3208 3480 seu
3238 3425 3504 3481 mundano
3531 3429 3748 3495 gaudio,

478 3526 587 3571 etc.
614 3514 764 3570 Inter
781 3528 917 3569 mss.
951 3513 1169 3577 codices
1195 3513 1505 3568 Bodleiana:
1520 3512 1865 3570 bibliotheca:
1896 3514 1949 3568 in
1971 3530 2107 3571 mss:
2137 3516 2419 3571 codicibus
2450 3515 2833 3581 Baroccianis,
2858 3516 3051 3571 codice
3075 3515 3203 3581 2.5.5,
3235 3530 3391 3570 num.
3429 3516 3450 3569 t
3484 3533 3498 3569 :
3531 3514 3752 3569 Cosmus

497 3602 722 3659 Vestitor
746 3602 803 3656 in
828 3599 1152 3655 Zachariam
1175 3601 1508 3670 prophetam,
1526 3602 1684 3672 pag.t
1707 3620 1719 3656 :
1742 3601 1932 3656 Μύστα
1949 3603 2060 3656 τῶν
2081 3604 2361 3675 ἀρῥήτων.
2388 3603 2532 3657 Inter
2556 3617 2689 3657 mss.
2718 3603 2936 3659 codices
2959 3603 3327 3660 Eeclesiarum
3340 3601 3548 3671 Anglia:
3563 3603 3745 3657 cathe-

481 3691 721 3747 dralium
754 3696 809 3744 et
842 3688 1080 3743 aliarum
1105 3687 1355 3757 ejusdem
1385 3688 1537 3757 regni
1568 3690 1868 3758 insignium
1894 3690 2352 3746 bibliothecarum
2384 3691 2577 3746 codice
2602 3690 2766 3757 5950,
2807 3692 2862 3746 in
2898 3706 3035 3746 mss.
3078 3692 3365 3746 codicibus
3396 3690 3621 3771 Thomas;
3642 3688 3747 3744 Ca-

486 3778 557 3833 lei
596 3775 827 3839 Graecis,
888 3775 1081 3830 codice
1140 3772 1264 3839 116,
1296 3790 1449 3829 num.
1487 3774 1509 3829 I
1548 3792 1561 3830 :
1595 3774 1803 3831 Cosmus
1848 3776 2129 3832 Vestitoris
2163 3779 2461 3832 encomium
2492 3777 2773 3833 Zachariae
2803 3779 3095 3848 prophetis.
3145 3778 3257 3833 Leo
3287 3777 3521 3833 Allatius
3551 3778 3605 3832 in
3629 3778 3749 3832 Dia-

487 3866 629 3921 triba
658 3865 723 3918 de
756 3861 1083 3933 Symeonum
1118 3862 1362 3931 scriptis,
1390 3877 1513 3933 pag.
1578 3863 1682 3918 100
1722 3882 1734 3919 :
1764 3862 1971 3921 Cosmte
2010 3864 2098 3920 Ve:

2138 3867 2290 3921 itoris
2319 3865 2478 3933 λόγος
2509 3866 2952 3935 ἔγκωμιαστικὸς
2977 3867 3059 3931 εἰς
3087 3866 3179 3921 τὸν
3211 3868 3501 3938 προφήτην
3531 3865 3625 3919 καὶ
3655 3866 3749 3937 ἀρα

485 3954 681 4027 χιερὲα
729 3951 1034 4023 Ζαχαρίαν,
1069 3950 1256 4022 incipit
1289 3969 1301 4003 :
1336 3950 1558 4015 Μύστα,
1584 3961 1692 4007 etc.
1717 3951 1866 4008 Inter
1896 3968 2030 4009 mss.
2054 3970 2096 4010 Ct

2135 3955 2275 4010 dices
2304 3956 2613 4012 Bodleiana
2641 3956 3005 4023 bibliotheca,
3037 3956 3228 4012 codice
3252 3954 3380 4024 269,
3413 3957 3468 4011 in
3500 3971 3632 4012 mss.
3657 3969 3746 4011 co-

492 4044 629 4099 dicil
644 4059 711 4098 us
747 4042 975 4097 Thema:
1000 4040 1136 4106 Roe,
1169 4041 1359 4095 codice
1393 4040 1486 4108 23,
1510 4056 1665 4095 num.
1697 4042 1733 4098 5
1766 4060 1780 4097 :
1822 4043 2030 4099 Cosme
2068 4043 2349 4098 Vestitoris
2379 4046 2443 4099 de
2482 4048 2766 4115 reportatis
2795 4044 3024 4100 Joannis
3051 4046 3415 4118 Cltrysostomi
3446 4044 3749 4100 Constanti-

485 4131 724 4203 nopolim
750 4130 987 4200 reliquiis
1014 4129 1404 4199 fragmentum,
1430 4143 1553 4198 pag.
1588 4128 1683 4182 161
1719 4144 1735 4183 :
1771 4132 2072 4186 'Httouc'cat

2134 4135 2333 4200 πάντως
2366 4137 2518 4207 ὑμῖν,
2545 4146 2678 4203 etc.,
2710 4146 2763 4192 et
2798 4140 2939 4192 inter
2973 4153 3107 4192 mss.
3141 4137 3361 4192 codices
3396 4136 3745 4192 ecclesiarum

483 4222 693 4291 Anglia:
724 4218 1127 4274 cathedralium
1181 4226 1235 4272 et
1286 4216 1517 4273 aliarum
1546 4217 1790 4287 ejusdem
1833 4222 1983 4289 regni
2013 4220 2310 4292 insignium
2342 4225 2823 4289 bibliothecarum,
2852 4225 3041 4280 codice
3071 4224 3235 4290 6045,
3275 4228 3328 4280 in
3364 4226 3748 4293 manuscript’s

485 4310 769 4367 codicibus
808 4307 1056 4379 ejusdem
1112 4304 1154 4359 Τ
1163 4306 1339 4361 homze
1373 4304 1548 4368 Caici,
1590 4306 1783 4361 codice
1802 4305 1949 4361 209:
1983 4306 2169 4363 Sermo
2199 4310 2407 4366 Cosma:
2441 4313 2719 4367 Vestitoris
2742 4316 2797 4367 in
2830 4312 3058 4368 Joannis
3097 4314 3460 4384 Chrysostomi
3504 4313 3750 4381 reliquias

489 4398 1025 4468 Constantinopolim
1076 4406 1395 4466 reportatus.
1454 4394 1564 4450 Leo
1593 4396 1827 4451 Allatius
1858 4411 1986 4467 pag.
2024 4398 2093 4451 94
2126 4398 2250 4455 Ioco
2301 4400 2514 4455 citato:
2554 4400 2778 4455 Cosmus
2828 4400 3061 4457 Vestitor
3089 4402 3154 4455 de
3209 4402 3467 4455 relatione
3518 4401 3749 4469 corporis

485 4494 547 4552 S.
586 4494 815 4548 Joannis
849 4490 1212 4563 Chrysostomi
1266 4488 1811 4560 Constantinopolim,
1860 4491 1955 4554 Εἰς
2010 4490 2096 4555 τὴς

2167 4493 2430 4548 ἐπάνοδον
2462 4494 2558 4548 τοῦ
2613 4494 2869 4565 λειψάνου
2922 4494 3019 4549 τοῦ
3051 4498 3110 4548 ἐν
3143 4493 3323 4563 ἁγίοις
3358 4492 3568 4564 πατρὸς
3596 4491 3750 4562 ἡμῶν

502 4586 750 4640 Ἰωάννου
780 4582 875 4636 τοῦ
916 4581 1333 4651 Χρυσοστόμου,
1369 4579 1564 4649 incipit
1603 4598 1615 4633 :
1651 4582 1955 4635 Ἤκουσται
1992 4581 2113 4633 πάντ

2141 4598 2209 4644 ως
2240 4582 2393 4653 ὑμῖν,
2424 4593 2533 4638 etc.
2569 4582 2717 4638 Inter
2746 4599 2880 4639 mss.
2911 4582 3132 4638 codices
3186 4581 3493 4637 Bodleiame
3559 4580 3752 4634 biblio-

486 4677 683 4736 tbeeze,
716 4672 904 4726 codice
919 4667 1083 4732 5561,
1125 4668 1178 4721 in
1206 4682 1338 4721 mss.
1362 4666 1647 4721 codicibus
1674 4667 1727 4720 in
1762 4667 2012 4739 IIyperoo
2040 4669 2342 4724 Codleiano
2367 4672 2791 4736 exsistentibus,
2832 4672 3013 4727 littera
3046 4673 3111 4735 A,
3142 4671 3331 4726 codice
3362 4669 3449 4734 ⁸11,
3481 4684 3633 4722 num.
3674 4668 3697 4719 1
3734 4681 3750 4719 :

493 4762 702 4815 Cosma'
739 4754 1020 4812 Vestitoris
1065 4755 1251 4809 Canon
1298 4756 1351 4806 in
1386 4752 1783 4823 Theophaniam
1816 4755 2030 4811 Domini
2057 4759 2225 4811 nostri
2274 4756 2404 4812 Jesu
2430 4758 2633 4814 Christi
2662 4760 2749 4814 die
2770 4759 3089 4829 6jamtarii,
3124 4775 3246 4830 pag.
3282 4760 3334 4823 1,
3366 4759 3433 4812 ad
3461 4759 3517 4813 8.
3575 4758 3757 4826 Agunt

490 4866 658 4921 porro
680 4849 748 4904 de
777 4848 975 4903 Cosma
1007 4845 1278 4899 Vestitore
1309 4842 1577 4898 Ilenricus
1613 4843 1857 4901 Savilius
1889 4846 1942 4901 in
1974 4847 2216 4903 editione
2242 4847 2432 4904 Graeca
2460 4849 2551 4903 illa
2582 4850 2830 4909 omnium
2858 4848 2919 4902 D.
2949 4847 3181 4904 Joannis
3210 4847 3591 4918 Cln-ysostomi
3630 4862 3758 4916 ope-

490 4956 636 5005 rum,
671 4953 837 5009 quam
868 4951 1014 4991 anno
1036 4934 1196 4997 1615,
1225 4932 1338 4987 VIII
1366 4933 1495 4988 volt.
1522 4934 1745 4990 in-foIio
1784 4936 1971 4989 Etonac
1996 4939 2333 5006 procuravit,
2366 4946 2517 4991 tomo
2546 4935 2685 4998 VIII,
2716 4952 2838 5007 pag.
2872 4936 3001 5002 295,
3024 4948 3076 4993 et
3113 4953 3271 5007 pagg.
3305 4937 3410 4991 915
3435 4946 3491 4992 et
3512 4936 3639 5000 944,
3665 4934 3754 4989 ubi

491 5036 728 5082 testatur
752 5043 810 5082 se
848 5024 1112 5079 habuisse
1148 5023 1202 5076 in
1235 5021 1493 5076 manibus
1523 5021 1839 5076 Encominm
1880 5020 2087 5078 Cosma:
2126 5015 2405 5081 Veftitoris
2438 5024 2680 5080 Gra'cum
2715 5026 2767 5078 in
2795 5036 3101 5094 reportatas
3138 5023 3197 5080 S.
3234 5025 3465 5081 Joannis
3512 5025 3758 5096 Chryso-

488 5115 654 5170 stomi
688 5114 950 5185 reliquias
983 5113 1048 5167 ad
1077 5110 1266 5165 urbem
1294 5110 1853 5181 Constantinopolim,
1882 5122 2045 5181 atque
2072 5112 2175 5167 alia
2206 5113 2273 5167 ad
2305 5113 2561 5167 eumdem
2586 5113 2913 5185 spectantia,
2935 5114 3137 5184 quibus
3160 5115 3383 5171 edendis
3405 5114 3753 5171 abstinuerit.

487 5205 601 5258 Leo
634 5202 867 5257 Allalius
903 5199 957 5255 in
992 5198 1231 5254 Diatriba
1260 5197 1325 5252 de
1355 5196 1683 5270 Symeonum
1718 5200 1957 5269 scriptis,
1992 5216 2150 5271 pagg.
2184 5201 2276 5268 94,
2305 5201 2375 5255 95
2402 5211 2455 5256 et
2481 5198 2602 5257 100.

561 5346 644 5422 (a)_
691 5344 1053 5422 iiwc_tamen
1113 5355 1278 5422 inerte
1331 5342 1666 5422 conjectura:
1724 5342 1887 5399 inniti
1935 5354 2089 5422 notat
2198 5356 2285 5422 t_ns
2311 5347 2481 5422 enim,
2515 5346 2669 5403 Nilus
2700 5364 2765 5403 ac
2785 5348 3029 5405 Isidorus
3061 5350 3758 5422 Pelusiotaprteponuntur

492 5410 778 5488 Remigius
807 5413 1008 5488 Cellicr
1043 5411 1095 5488 i_n
1128 5410 1272 5488 Hist.
1313 5414 1490 5488 g_énér_.
1529 5414 1649 5488 rios
1675 5425 1911 5488 autenrs
1951 5417 2082 5488 eccl.
2190 5415 2389 5471 Joanni
2425 5410 2782 5480 Dauliasceno.
2821 5423 2914 5488 qui
2944 5422 3149 5474 saeculo
3198 5435 3296 5473 vm
3336 5410 3613 5474 “irruit...
3659 5421 3757 5474 Pn-

489 5502 627 5544 tom.
658 5481 786 5538 XIX
814 5501 825 5537 :
852 5494 908 5537 et
946 5485 1011 5536 It.
1036 5483 1112 5563 IP.
1152 5481 1714 5563 AntoniusnBallerini
1757 5485 1841 5563 _in_
1873 5485 2085 5557 Sylloge
2192 5488 2297 5540 lam
2325 5498 2407 5541 est
2429 5503 2575 5563 ergo
2602 5504 2714 5563 non
2751 5505 2816 5563 eo
2840 5481 3038 5563 ordine
3078 5499 3333 5563 auctores
3362 5490 3484 5563 illos
3524 5492 3755 5544 describi

489 5553 1046 5633 monumentornnt‘aa
1078 5553 1393 5633 mysterium
1426 5552 1796 5633 Cenceptinonis
1822 5552 2083 5633 immacu-
2191 5572 2255 5611 ex
2281 5552 2619 5633 quojnférri
2649 5560 3101 5633 possitquisnam
3128 5562 3301 5629 prius.
3333 5562 3585 5628 quisnam
3633 5576 3759 5628 pus-

489 5633 617 5685 intre
662 5626 893 5701 Virginis
929 5623 1601 5701 Dcipartcillustrandum,
1657 5625 1867 5701 Oudini
1896 5643 2082 5701 asser-
2194 5623 2365 5701 terius
2397 5623 2670 5701 ﬂoruerit.
2713 5649 2730 5680 ι
2795 5623 3089 5685 Concludit
3119 5623 3200 5701 {vir
3228 5623 3445 5689 doctus.
3490 5623 3755 5701 t_nul'lum

491 5701 715 5770 tionem
752 5691 1004 5770 falsitatis
1046 5693 1267 5770 arguitn:
1305 5710 1322 5742 ‹
1344 5691 1426 5770 _Et
1476 5693 1673 5747 falsum
1707 5706 1794 5748 est
1828 5696 1907 5770 Ain
1969 5698 2081 5770 pri—
2190 5698 2373 5752 adhuc
2396 5698 2655 5753 indicium
2689 5712 2980 5770 suppetere
3011 5704 3058 5753 \i
3086 5700 3243 5768 cujus
3267 5701 3494 5754 Cosmas
3525 5698 3762 5756 Vr-stitor

491 5771 620 5831 mis,
670 5767 767 5830 ait,
801 5765 976 5838 _quod
1030 5762 1173 5814 Velut
1226 5760 1985 5838 fundamentumstatuitur.'
2025 5768 2077 5821 in
2189 5783 2219 5822 e
2247 5784 2415 5821 censu
2465 5760 2810 5838 scriptorum'
2843 5773 3063 5826 incerta:
3105 5760 3281 5825 atatis
3305 5771 3467 5824 eximi
3497 5781 3679 5838 queat.
3732 5787 3754 5821 ι

491 5835 856 5912 describendo
894 5834 1125 5912 illorum
1178 5840 1468 5912 auctorum
1526 5834 2074 5912 catalogohordinem
2185 5908 2197 5912 _
2259 5837 2339 5912 (Ab),
2366 5838 2520 5912 Edita
2552 5834 2714 5912 estin
2754 5840 2970 5912 Sylloge
3016 5842 3403 5912 supralaudata
3439 5834 3616 5896 Patris
3638 5841 3759 5894 Bal-

494 5906 758 5974 tcinporis
783 5905 853 5958 ab
880 5906 1167 5971 Anonymo
1224 5911 1499 5957 servatum
1535 5904 1725 5959 fuisse.
1758 5904 2073 5963 Theodorc-
2182 5904 2364 5977 Ierini,
2402 5910 2587 5965 Itonia:
2612 5910 2768 5967 1856.
