  <div class='ocr_page' id='page_1' title='image "/cluster/home/n/w/nwhite01/storage/ocr_20150623/106/coo.31924054870104/512.png"; bbox 0 0 4080 6426; ppageno 0'>
   <div class='ocr_carea' id='block_1_1' title="bbox 385 451 3637 556">
    <p class='ocr_par' dir='ltr' id='par_1_1' title="bbox 385 451 3637 556">
     <span class='ocr_line' id='line_1_1' title="bbox 385 451 3637 556; baseline -0.006 -6"><span class='ocrx_word' id='word_1_1' title='bbox 385 489 514 551; x_wconf 66' lang='lat'><strong>101:5</strong></span> <span class='ocrx_word' id='word_1_2' title='bbox 1338 493 1592 556; x_wconf 76' lang='lat' dir='ltr'><strong>SERMO</strong></span> <span class='ocrx_word' id='word_1_3' title='bbox 1637 491 1713 552; x_wconf 88' lang='lat' dir='ltr'><strong>IN</strong></span> <span class='ocrx_word' id='word_1_4' title='bbox 1742 493 1843 551; x_wconf 85' lang='lat' dir='ltr'><strong>ss.</strong></span> <span class='ocrx_word' id='word_1_5' title='bbox 1876 451 2204 552; x_wconf 70' lang='lat' dir='ltr'><strong>meum</strong></span> <span class='ocrx_word' id='word_1_6' title='bbox 2237 487 2329 546; x_wconf 86' lang='lat' dir='ltr'><strong>ET</strong></span> <span class='ocrx_word' id='word_1_7' title='bbox 2367 484 2650 544; x_wconf 72' lang='lat' dir='ltr'><strong>ANNAM.</strong></span> <span class='ocrx_word' id='word_1_8' title='bbox 3499 463 3637 530; x_wconf 72' lang='lat' dir='ltr'><strong>mos</strong></span> 
     </span>
    </p>
   </div>
   <div class='ocr_carea' id='block_1_2' title="bbox 1100 855 2918 980">
    <p class='ocr_par' dir='ltr' id='par_1_2' title="bbox 1100 855 2918 980">
     <span class='ocr_line' id='line_1_2' title="bbox 1100 855 2918 980; baseline -0.006 -3"><span class='ocrx_word' id='word_1_9' title='bbox 1100 863 1402 979; x_wconf 88' lang='grc' dir='ltr'><strong>ΤΟΥ</strong></span> <span class='ocrx_word' id='word_1_10' title='bbox 1466 857 2282 980; x_wconf 86' lang='grc' dir='ltr'><strong>ΜΑΚΑΡΙΟΥ</strong></span> <span class='ocrx_word' id='word_1_11' title='bbox 2361 855 2918 974; x_wconf 83' lang='grc' dir='ltr'><strong>ΚΟΣΜΑ</strong></span> 
     </span>
    </p>
   </div>
   <div class='ocr_carea' id='block_1_3' title="bbox 1687 1096 2334 1154">
    <p class='ocr_par' dir='ltr' id='par_1_3' title="bbox 1687 1096 2334 1154">
     <span class='ocr_line' id='line_1_3' title="bbox 1687 1096 2334 1154; baseline -0.003 0"><span class='ocrx_word' id='word_1_12' title='bbox 1687 1100 1824 1154; x_wconf 88' lang='grc' dir='ltr'><strong>ΤΟΥ</strong></span> <span class='ocrx_word' id='word_1_13' title='bbox 1877 1096 2334 1154; x_wconf 81' lang='grc' dir='ltr'><strong>ΒΕΣΤΗΤΟΡΟΣ</strong></span> 
     </span>
    </p>
   </div>
   <div class='ocr_carea' id='block_1_4' title="bbox 373 1265 3651 1340">
    <p class='ocr_par' dir='ltr' id='par_1_4' title="bbox 373 1265 3651 1340">
     <span class='ocr_line' id='line_1_4' title="bbox 373 1265 3651 1340; baseline -0.006 0"><span class='ocrx_word' id='word_1_14' title='bbox 373 1285 500 1340; x_wconf 77' lang='grc' dir='ltr'><strong><em>ΕΙΣ</em></strong></span> <span class='ocrx_word' id='word_1_15' title='bbox 541 1283 720 1338; x_wconf 77' lang='grc' dir='ltr'><em>ΤΟΥΣ</em></span> <span class='ocrx_word' id='word_1_16' title='bbox 749 1284 1028 1339; x_wconf 82' lang='grc' dir='ltr'><strong>ΑΓΙΟΥΣ</strong></span> <span class='ocrx_word' id='word_1_17' title='bbox 1051 1281 1366 1338; x_wconf 73' lang='grc' dir='ltr'><strong>ιΩΑΚΕΙΜ</strong></span> <span class='ocrx_word' id='word_1_18' title='bbox 1407 1281 1538 1334; x_wconf 78' lang='grc' dir='ltr'><strong>ΚΑΙ</strong></span> <span class='ocrx_word' id='word_1_19' title='bbox 1569 1277 1812 1334; x_wconf 67' lang='lat' dir='ltr'><em>ANNAN</em></span> <span class='ocrx_word' id='word_1_20' title='bbox 1855 1278 1932 1329; x_wconf 79' lang='grc' dir='ltr'><strong>ΤΟ</strong></span> <span class='ocrx_word' id='word_1_21' title='bbox 1949 1277 2036 1328; x_wconf 89' lang='grc' dir='ltr'><strong>ΥΣ</strong></span> <span class='ocrx_word' id='word_1_22' title='bbox 2071 1273 2438 1328; x_wconf 80' lang='grc' dir='ltr'><strong>ΕΝΔΟΞΟΥΣ</strong></span> <span class='ocrx_word' id='word_1_23' title='bbox 2477 1269 2746 1324; x_wconf 83' lang='grc' dir='ltr'><strong>ΓΟΝΕῚΣ</strong></span> <span class='ocrx_word' id='word_1_24' title='bbox 2785 1269 2917 1324; x_wconf 74' lang='grc' dir='ltr'><strong>ΤΗΣ</strong></span> <span class='ocrx_word' id='word_1_25' title='bbox 2957 1265 3347 1323; x_wconf 83' lang='grc' dir='ltr'><strong>ΘΕΟΤΟΚΟΥ</strong></span> <span class='ocrx_word' id='word_1_26' title='bbox 3381 1265 3651 1322; x_wconf 71' lang='grc' dir='ltr'><strong>ΜΑΡΙΛΣ</strong></span> 
     </span>
    </p>
   </div>
   <div class='ocr_carea' id='block_1_5' title="bbox 1795 1437 2192 1528">
    <p class='ocr_par' dir='ltr' id='par_1_5' title="bbox 1795 1437 2192 1528">
     <span class='ocr_line' id='line_1_5' title="bbox 1795 1437 2192 1528; baseline -0.02 0"><span class='ocrx_word' id='word_1_27' title='bbox 1795 1437 2192 1528; x_wconf 87' lang='grc' dir='ltr'><strong>ΛΟΓΟΣ.</strong></span> 
     </span>
    </p>
   </div>
   <div class='ocr_carea' id='block_1_6' title="bbox 1003 1785 1945 1914">
    <p class='ocr_par' dir='ltr' id='par_1_6' title="bbox 1003 1797 1945 1914">
     <span class='ocr_line' id='line_1_6' title="bbox 1003 1797 1945 1914; baseline 0 -4"><span class='ocrx_word' id='word_1_28' title='bbox 1003 1800 1428 1914; x_wconf 88' lang='lat' dir='ltr'><strong>BEATI</strong></span> <span class='ocrx_word' id='word_1_29' title='bbox 1511 1797 1945 1912; x_wconf 62' lang='lat' dir='ltr'><strong>COSMz</strong></span> 
     </span>
    </p>
   </div>
   <div class='ocr_carea' id='block_1_7' title="bbox 2053 1785 3005 1914">
    <p class='ocr_par' dir='ltr' id='par_1_7' title="bbox 2123 1785 3005 1911">
     <span class='ocr_line' id='line_1_7' title="bbox 2123 1785 3005 1911; baseline -0.012 0"><span class='ocrx_word' id='word_1_30' title='bbox 2123 1785 3005 1911; x_wconf 78' lang='lat' dir='ltr'><strong>VESTITORIS</strong></span> 
     </span>
    </p>
   </div>
   <div class='ocr_carea' id='block_1_8' title="bbox 1896 2035 2098 2080">
    <p class='ocr_par' dir='ltr' id='par_1_8' title="bbox 1896 2035 2098 2080">
     <span class='ocr_line' id='line_1_8' title="bbox 1896 2035 2098 2080; baseline -0.005 -3"><span class='ocrx_word' id='word_1_31' title='bbox 1896 2035 1960 2078; x_wconf 76' lang='lat' dir='ltr'><strong>IN</strong></span> <span class='ocrx_word' id='word_1_32' title='bbox 2012 2035 2098 2080; x_wconf 81' lang='lat' dir='ltr'><strong>SS.</strong></span> 
     </span>
    </p>
   </div>
   <div class='ocr_carea' id='block_1_9' title="bbox 538 2174 3462 2252">
    <p class='ocr_par' dir='ltr' id='par_1_9' title="bbox 538 2174 3462 2252">
     <span class='ocr_line' id='line_1_9' title="bbox 538 2174 3462 2252; baseline -0.005 -3"><span class='ocrx_word' id='word_1_33' title='bbox 538 2187 1008 2251; x_wconf 81' lang='lat' dir='ltr'><strong>JOACHIMUM</strong></span> <span class='ocrx_word' id='word_1_34' title='bbox 1051 2190 1154 2251; x_wconf 88' lang='lat' dir='ltr'><strong>ET</strong></span> <span class='ocrx_word' id='word_1_35' title='bbox 1195 2191 1472 2252; x_wconf 84' lang='lat' dir='ltr'><strong>ANNAM</strong></span> <span class='ocrx_word' id='word_1_36' title='bbox 1515 2189 1966 2251; x_wconf 84' lang='lat' dir='ltr'><strong>GLORIOSOS</strong></span> <span class='ocrx_word' id='word_1_37' title='bbox 2011 2187 2145 2248; x_wconf 83' lang='lat' dir='ltr'><strong>DEI</strong></span> <span class='ocrx_word' id='word_1_38' title='bbox 2205 2185 2658 2248; x_wconf 78' lang='lat' dir='ltr'><strong>GENITRICIS</strong></span> <span class='ocrx_word' id='word_1_39' title='bbox 2699 2180 2975 2242; x_wconf 77' lang='lat' dir='ltr'><strong>MARUE</strong></span> <span class='ocrx_word' id='word_1_40' title='bbox 3055 2174 3462 2238; x_wconf 66' lang='lat' dir='ltr'><strong>PARENTEc</strong></span> 
     </span>
    </p>
   </div>
   <div class='ocr_carea' id='block_1_10' title="bbox 1757 2364 2196 2458">
    <p class='ocr_par' dir='ltr' id='par_1_10' title="bbox 1757 2364 2196 2458">
     <span class='ocr_line' id='line_1_10' title="bbox 1757 2364 2196 2458; baseline -0.009 -3"><span class='ocrx_word' id='word_1_41' title='bbox 1757 2364 2196 2458; x_wconf 80' lang='lat' dir='ltr'><strong>SERMO.</strong></span> 
     </span>
    </p>
   </div>
   <div class='ocr_carea' id='block_1_11' title="bbox 365 2545 3640 2621">
    <p class='ocr_par' dir='ltr' id='par_1_11' title="bbox 365 2545 3640 2621">
     <span class='ocr_line' id='line_1_11' title="bbox 365 2545 3640 2621; baseline -0.003 -15"><span class='ocrx_word' id='word_1_42' title='bbox 365 2557 468 2621; x_wconf 77' lang='lat' dir='ltr'><strong>(Ex</strong></span> <span class='ocrx_word' id='word_1_43' title='bbox 493 2555 660 2607; x_wconf 81' lang='lat' dir='ltr'><strong>codice</strong></span> <span class='ocrx_word' id='word_1_44' title='bbox 690 2557 924 2608; x_wconf 85' lang='lat' dir='ltr'><strong>Vaticano</strong></span> <span class='ocrx_word' id='word_1_45' title='bbox 955 2571 1007 2609; x_wconf 79' lang='grc' dir='ltr'>υ.</span> <span class='ocrx_word' id='word_1_46' title='bbox 1049 2558 1142 2610; x_wconf 73' lang='grc' dir='ltr'>ιῦδ</span> <span class='ocrx_word' id='word_1_47' title='bbox 1186 2557 1344 2621; x_wconf 82' lang='lat' dir='ltr'><strong>edidit</strong></span> <span class='ocrx_word' id='word_1_48' title='bbox 1383 2557 1498 2621; x_wconf 68' lang='lat' dir='ltr'><strong>Ant,</strong></span> <span class='ocrx_word' id='word_1_49' title='bbox 1543 2559 1796 2621; x_wconf 20' lang='lat' dir='ltr'><strong>Britaniath</strong></span> <span class='ocrx_word' id='word_1_50' title='bbox 1839 2557 1890 2606; x_wconf 87' lang='lat' dir='ltr'><strong>in</strong></span> <span class='ocrx_word' id='word_1_51' title='bbox 1927 2553 2124 2621; x_wconf 65' lang='lat' dir='ltr'><strong>sylloge</strong></span> <span class='ocrx_word' id='word_1_52' title='bbox 2150 2549 2664 2621; x_wconf 49' lang='lat' dir='ltr'><strong>manuntentoruinngg</strong></span> <span class='ocrx_word' id='word_1_53' title='bbox 2709 2548 2993 2613; x_wconf 67' lang='lat' dir='ltr'><strong>mysterium</strong></span> <span class='ocrx_word' id='word_1_54' title='bbox 3030 2545 3364 2606; x_wconf 78' lang='lat' dir='ltr'><strong>Conceptionis</strong></span> <span class='ocrx_word' id='word_1_55' title='bbox 3401 2545 3640 2598; x_wconf 78' lang='lat' dir='ltr'><strong>ianuam-</strong></span> 
     </span>
    </p>
   </div>
   <div class='ocr_carea' id='block_1_12' title="bbox 1291 2567 2675 2682">
    <p class='ocr_par' dir='ltr' id='par_1_12' title="bbox 1291 2567 2675 2682">
     <span class='ocr_line' id='line_1_12' title="bbox 1291 2567 2664 2616; baseline -0.006 -10"><span class='ocrx_word' id='word_1_56' title='bbox 1291 2567 1344 2606; x_wconf 72' lang='grc' dir='ltr'><strong>ιιι</strong></span> <span class='ocrx_word' id='word_1_57' title='bbox 1383 2567 1498 2608; x_wconf 76' lang='lat' dir='ltr'><strong>Ant.</strong></span> <span class='ocrx_word' id='word_1_58' title='bbox 1544 2567 1796 2607; x_wconf 68' lang='grc' dir='ltr'><strong>ΒΑιιιιικι</strong></span> <span class='ocrx_word' id='word_1_59' title='bbox 1839 2570 1890 2606; x_wconf 86' lang='lat' dir='ltr'><strong>In</strong></span> <span class='ocrx_word' id='word_1_60' title='bbox 1927 2567 1961 2605; x_wconf 70' lang='grc' dir='ltr'><strong>δ</strong></span> <span class='ocrx_word' id='word_1_61' title='bbox 1997 2567 2124 2616; x_wconf 85' lang='lat' dir='ltr'><strong>uage</strong></span> <span class='ocrx_word' id='word_1_62' title='bbox 2150 2567 2566 2602; x_wconf 78' lang='lat' dir='ltr'><strong>monumentorum</strong></span> <span class='ocrx_word' id='word_1_63' title='bbox 2598 2567 2664 2598; x_wconf 84' lang='lat' dir='ltr'><strong>aa</strong></span> 
     </span>
     <span class='ocr_line' id='line_1_13' title="bbox 1291 2567 2675 2682; baseline -0.006 -14"><span class='ocrx_word' id='word_1_64' title='bbox 1291 2619 1406 2670; x_wconf 77' lang='lat' dir='ltr'><strong>lata:</strong></span> <span class='ocrx_word' id='word_1_65' title='bbox 1433 2616 1656 2682; x_wconf 74' lang='lat' dir='ltr'><strong>Virginis</strong></span> <span class='ocrx_word' id='word_1_66' title='bbox 1685 2613 1908 2679; x_wconf 73' lang='lat' dir='ltr'><strong>Deiparw</strong></span> <span class='ocrx_word' id='word_1_67' title='bbox 1931 2567 2293 2666; x_wconf 47' lang='lat' dir='ltr'><strong>iiyustrandum.</strong></span> <span class='ocrx_word' id='word_1_68' title='bbox 2322 2615 2510 2672; x_wconf 72' lang='lat' dir='ltr'><strong>Romae,</strong></span> <span class='ocrx_word' id='word_1_69' title='bbox 2541 2611 2675 2660; x_wconf 76' lang='lat'><strong>1856.</strong></span> 
     </span>
    </p>
   </div>
   <div class='ocr_carea' id='block_1_13' title="bbox 865 2911 1945 3003">
    <p class='ocr_par' dir='ltr' id='par_1_13' title="bbox 865 2917 1436 2989">
     <span class='ocr_line' id='line_1_14' title="bbox 865 2917 1436 2989; baseline -0.004 -17"><span class='ocrx_word' id='word_1_70' title='bbox 865 2917 1198 2989; x_wconf 82' lang='grc' dir='ltr'>Εὐλόγησον,</span> <span class='ocrx_word' id='word_1_71' title='bbox 1227 2918 1412 2988; x_wconf 82' lang='grc' dir='ltr'><strong>Πάτερ</strong></span> <span class='ocrx_word' id='word_1_72' title='bbox 1424 2957 1436 2970; x_wconf 94' lang='grc'><strong>.</strong></span> 
     </span>
    </p>
   </div>
   <div class='ocr_carea' id='block_1_14' title="bbox 2053 2911 3084 3003">
    <p class='ocr_par' dir='ltr' id='par_1_14' title="bbox 2613 2911 3084 2981">
     <span class='ocr_line' id='line_1_15' title="bbox 2613 2911 3084 2981; baseline -0.011 -12"><span class='ocrx_word' id='word_1_73' title='bbox 2613 2912 2870 2981; x_wconf 81' lang='lat' dir='ltr'><strong>Benedic,</strong></span> <span class='ocrx_word' id='word_1_74' title='bbox 2903 2911 3084 2968; x_wconf 80' lang='lat' dir='ltr'><strong>Pater.</strong></span> 
     </span>
    </p>
   </div>
   <div class='ocr_carea' id='block_1_15' title="bbox 439 3027 1949 3103">
    <p class='ocr_par' dir='ltr' id='par_1_15' title="bbox 439 3027 1949 3103">
     <span class='ocr_line' id='line_1_16' title="bbox 439 3027 1949 3103; baseline -0.005 -16"><span class='ocrx_word' id='word_1_75' title='bbox 439 3033 518 3087; x_wconf 74' lang='lat' dir='ltr'><strong>A&#39;.</strong></span> <span class='ocrx_word' id='word_1_76' title='bbox 568 3031 633 3086; x_wconf 86' lang='grc' dir='ltr'><strong>Ἦ</strong></span> <span class='ocrx_word' id='word_1_77' title='bbox 670 3027 798 3103; x_wconf 80' lang='grc' dir='ltr'>χθὲς</span> <span class='ocrx_word' id='word_1_78' title='bbox 829 3030 930 3102; x_wconf 83' lang='grc' dir='ltr'>τῆς</span> <span class='ocrx_word' id='word_1_79' title='bbox 966 3029 1232 3086; x_wconf 80' lang='grc' dir='ltr'>Θεοτόκου</span> <span class='ocrx_word' id='word_1_80' title='bbox 1273 3029 1598 3102; x_wconf 82' lang='grc' dir='ltr'>γενεθλιακὴ</span> <span class='ocrx_word' id='word_1_81' title='bbox 1638 3029 1949 3100; x_wconf 78' lang='grc' dir='ltr'>πανήγυρις</span> 
     </span>
    </p>
   </div>
   <div class='ocr_carea' id='block_1_16' title="bbox 361 3123 1949 3198">
    <p class='ocr_par' dir='ltr' id='par_1_16' title="bbox 361 3123 1949 3198">
     <span class='ocr_line' id='line_1_17' title="bbox 361 3123 1949 3198; baseline -0.004 -17"><span class='ocrx_word' id='word_1_82' title='bbox 361 3127 469 3198; x_wconf 81' lang='grc' dir='ltr'>τῆς</span> <span class='ocrx_word' id='word_1_83' title='bbox 496 3125 770 3198; x_wconf 84' lang='grc' dir='ltr'><strong>κοσμικῆς</strong></span> <span class='ocrx_word' id='word_1_84' title='bbox 803 3127 981 3198; x_wconf 81' lang='grc' dir='ltr'>χαρᾶς</span> <span class='ocrx_word' id='word_1_85' title='bbox 1013 3127 1149 3196; x_wconf 77' lang='grc' dir='ltr'>ἡμῖν</span> <span class='ocrx_word' id='word_1_86' title='bbox 1177 3125 1278 3196; x_wconf 84' lang='grc' dir='ltr'>τὴν</span> <span class='ocrx_word' id='word_1_87' title='bbox 1325 3124 1520 3196; x_wconf 71' lang='grc' dir='ltr'>ἑορτὴν</span> <span class='ocrx_word' id='word_1_88' title='bbox 1552 3123 1824 3194; x_wconf 77' lang='grc' dir='ltr'><strong>εὐφήμοις</strong></span> <span class='ocrx_word' id='word_1_89' title='bbox 1859 3123 1949 3176; x_wconf 90' lang='grc' dir='ltr'>δε-</span> 
     </span>
    </p>
   </div>
   <div class='ocr_carea' id='block_1_17' title="bbox 359 3211 1948 3288">
    <p class='ocr_par' dir='ltr' id='par_1_17' title="bbox 359 3211 1948 3288">
     <span class='ocr_line' id='line_1_18' title="bbox 359 3211 1948 3288; baseline -0.003 -20"><span class='ocrx_word' id='word_1_90' title='bbox 359 3215 720 3288; x_wconf 82' lang='grc' dir='ltr'>δοξολόγηκεν</span> <span class='ocrx_word' id='word_1_91' title='bbox 769 3213 1087 3287; x_wconf 79' lang='grc' dir='ltr'><strong>ὑμνῳδίαις.</strong></span> <span class='ocrx_word' id='word_1_92' title='bbox 1140 3215 1202 3268; x_wconf 87' lang='grc' dir='ltr'><strong>Ἦ</strong></span> <span class='ocrx_word' id='word_1_93' title='bbox 1251 3215 1308 3269; x_wconf 81' lang='grc' dir='ltr'>δὲ</span> <span class='ocrx_word' id='word_1_94' title='bbox 1348 3215 1589 3286; x_wconf 81' lang='grc' dir='ltr'><strong>σήμερον</strong></span> <span class='ocrx_word' id='word_1_95' title='bbox 1637 3213 1822 3284; x_wconf 83' lang='grc' dir='ltr'>ἡμέρα</span> <span class='ocrx_word' id='word_1_96' title='bbox 1849 3211 1948 3281; x_wconf 74' lang='grc' dir='ltr'>τὴν</span> 
     </span>
    </p>
   </div>
   <div class='ocr_carea' id='block_1_18' title="bbox 363 3303 1948 3380">
    <p class='ocr_par' dir='ltr' id='par_1_18' title="bbox 363 3303 1948 3380">
     <span class='ocr_line' id='line_1_19' title="bbox 363 3303 1948 3380; baseline -0.004 -18"><span class='ocrx_word' id='word_1_97' title='bbox 363 3307 722 3380; x_wconf 80' lang='grc' dir='ltr'><strong>εὐχαριστίαν</strong></span> <span class='ocrx_word' id='word_1_98' title='bbox 763 3309 878 3372; x_wconf 79' lang='grc' dir='ltr'>τοῖς</span> <span class='ocrx_word' id='word_1_99' title='bbox 922 3307 1247 3377; x_wconf 83' lang='grc' dir='ltr'>γεννήτορσι</span> <span class='ocrx_word' id='word_1_100' title='bbox 1286 3305 1590 3377; x_wconf 87' lang='grc' dir='ltr'>προσφέρει</span> <span class='ocrx_word' id='word_1_101' title='bbox 1617 3306 1716 3374; x_wconf 82' lang='grc' dir='ltr'>τῆς</span> <span class='ocrx_word' id='word_1_102' title='bbox 1755 3303 1948 3356; x_wconf 81' lang='grc' dir='ltr'>Θεοτό-</span> 
     </span>
    </p>
   </div>
   <div class='ocr_carea' id='block_1_19' title="bbox 367 3391 1944 3470">
    <p class='ocr_par' dir='ltr' id='par_1_19' title="bbox 367 3391 1944 3470">
     <span class='ocr_line' id='line_1_20' title="bbox 367 3391 1944 3470; baseline -0.004 -17"><span class='ocrx_word' id='word_1_103' title='bbox 367 3416 491 3454; x_wconf 86' lang='grc' dir='ltr'>κου·</span> <span class='ocrx_word' id='word_1_104' title='bbox 540 3399 610 3453; x_wconf 82' lang='grc' dir='ltr'><strong>δι’</strong></span> <span class='ocrx_word' id='word_1_105' title='bbox 641 3391 718 3455; x_wconf 83' lang='grc' dir='ltr'>ὧν</span> <span class='ocrx_word' id='word_1_106' title='bbox 747 3397 971 3470; x_wconf 84' lang='grc' dir='ltr'><strong>ἀπαρχὴ</strong></span> <span class='ocrx_word' id='word_1_107' title='bbox 997 3399 1094 3469; x_wconf 87' lang='grc' dir='ltr'><strong>τῆς</strong></span> <span class='ocrx_word' id='word_1_108' title='bbox 1129 3398 1348 3452; x_wconf 86' lang='grc' dir='ltr'>πάντων</span> <span class='ocrx_word' id='word_1_109' title='bbox 1393 3397 1616 3465; x_wconf 87' lang='grc' dir='ltr'>γέγονεν</span> <span class='ocrx_word' id='word_1_110' title='bbox 1647 3393 1944 3466; x_wconf 88' lang='grc' dir='ltr'>σωτηρίας.</span> 
     </span>
    </p>
   </div>
   <div class='ocr_carea' id='block_1_20' title="bbox 361 3486 1948 3561">
    <p class='ocr_par' dir='ltr' id='par_1_20' title="bbox 361 3486 1948 3561">
     <span class='ocr_line' id='line_1_21' title="bbox 361 3486 1948 3561; baseline -0.004 -18"><span class='ocrx_word' id='word_1_111' title='bbox 361 3489 562 3544; x_wconf 80' lang='grc' dir='ltr'>τοίνυν</span> <span class='ocrx_word' id='word_1_112' title='bbox 585 3491 685 3561; x_wconf 82' lang='grc' dir='ltr'><strong>τῆς</strong></span> <span class='ocrx_word' id='word_1_113' title='bbox 715 3489 983 3560; x_wconf 84' lang='grc' dir='ltr'>θυγατρός</span> <span class='ocrx_word' id='word_1_114' title='bbox 1013 3491 1160 3543; x_wconf 69' lang='grc' dir='ltr'>ἐστιν</span> <span class='ocrx_word' id='word_1_115' title='bbox 1184 3491 1217 3558; x_wconf 88' lang='grc' dir='ltr'><strong>ἡ</strong></span> <span class='ocrx_word' id='word_1_116' title='bbox 1245 3488 1355 3541; x_wconf 84' lang='grc' dir='ltr'><strong>τῶν</strong></span> <span class='ocrx_word' id='word_1_117' title='bbox 1384 3486 1588 3556; x_wconf 81' lang='grc' dir='ltr'>γονέων</span> <span class='ocrx_word' id='word_1_118' title='bbox 1619 3487 1948 3556; x_wconf 81' lang='grc' dir='ltr'>πανήγυρις.</span> 
     </span>
    </p>
   </div>
   <div class='ocr_carea' id='block_1_21' title="bbox 363 3575 1946 3650">
    <p class='ocr_par' dir='ltr' id='par_1_21' title="bbox 363 3575 1946 3650">
     <span class='ocr_line' id='line_1_22' title="bbox 363 3575 1946 3650; baseline -0.001 -20"><span class='ocrx_word' id='word_1_119' title='bbox 363 3579 581 3650; x_wconf 82' lang='grc' dir='ltr'>’Ὥσπερ</span> <span class='ocrx_word' id='word_1_120' title='bbox 624 3579 733 3650; x_wconf 81' lang='grc' dir='ltr'>γὰρ</span> <span class='ocrx_word' id='word_1_121' title='bbox 761 3579 853 3632; x_wconf 74' lang='grc' dir='ltr'><strong>ἐπὶ</strong></span> <span class='ocrx_word' id='word_1_122' title='bbox 891 3576 1018 3650; x_wconf 75' lang='grc' dir='ltr'><strong>δόξῃ</strong></span> <span class='ocrx_word' id='word_1_123' title='bbox 1069 3577 1276 3648; x_wconf 69' lang='grc' dir='ltr'>μητρὸς</span> <span class='ocrx_word' id='word_1_124' title='bbox 1309 3575 1692 3641; x_wconf 78' lang='grc' dir='ltr'>συνδοξάξεται</span> <span class='ocrx_word' id='word_1_125' title='bbox 1735 3577 1946 3637; x_wconf 89' lang='grc' dir='ltr'>τέκνον,</span> 
     </span>
    </p>
   </div>
   <div class='ocr_carea' id='block_1_22' title="bbox 359 3665 1948 3738">
    <p class='ocr_par' dir='ltr' id='par_1_22' title="bbox 359 3665 1948 3738">
     <span class='ocr_line' id='line_1_23' title="bbox 359 3665 1948 3738; baseline -0.001 -17"><span class='ocrx_word' id='word_1_126' title='bbox 359 3667 541 3733; x_wconf 77' lang='grc' dir='ltr'>οὕτως</span> <span class='ocrx_word' id='word_1_127' title='bbox 564 3667 656 3721; x_wconf 74' lang='grc' dir='ltr'>καὶ</span> <span class='ocrx_word' id='word_1_128' title='bbox 698 3667 793 3722; x_wconf 66' lang='grc' dir='ltr'><strong>ἐπὶ</strong></span> <span class='ocrx_word' id='word_1_129' title='bbox 821 3669 1042 3738; x_wconf 77' lang='grc' dir='ltr'><strong>εὐλογίᾳ</strong></span> <span class='ocrx_word' id='word_1_130' title='bbox 1081 3667 1274 3723; x_wconf 78' lang='grc' dir='ltr'>τέκνου</span> <span class='ocrx_word' id='word_1_131' title='bbox 1321 3665 1707 3731; x_wconf 80' lang='grc' dir='ltr'>συνδοξάζεται</span> <span class='ocrx_word' id='word_1_132' title='bbox 1741 3667 1948 3736; x_wconf 81' lang='grc' dir='ltr'><strong>μήτηρ.</strong></span> 
     </span>
    </p>
   </div>
   <div class='ocr_carea' id='block_1_23' title="bbox 359 3755 1952 3836">
    <p class='ocr_par' dir='ltr' id='par_1_23' title="bbox 359 3755 1952 3836">
     <span class='ocr_line' id='line_1_24' title="bbox 359 3755 1952 3836; baseline -0.003 -24"><span class='ocrx_word' id='word_1_133' title='bbox 359 3755 474 3812; x_wconf 82' lang='grc' dir='ltr'>Ἦν</span> <span class='ocrx_word' id='word_1_134' title='bbox 521 3759 684 3836; x_wconf 67' lang='grc' dir='ltr'>οὐνῂ</span> <span class='ocrx_word' id='word_1_135' title='bbox 730 3759 858 3830; x_wconf 77' lang='grc' dir='ltr'>χθὲς</span> <span class='ocrx_word' id='word_1_136' title='bbox 899 3759 1085 3829; x_wconf 82' lang='grc' dir='ltr'>ἡμέρα</span> <span class='ocrx_word' id='word_1_137' title='bbox 1132 3758 1448 3827; x_wconf 81' lang='grc' dir='ltr'>θαυμαστὴ</span> <span class='ocrx_word' id='word_1_138' title='bbox 1497 3757 1570 3811; x_wconf 78' lang='grc' dir='ltr'><strong>ἐν</strong></span> <span class='ocrx_word' id='word_1_139' title='bbox 1618 3756 1952 3827; x_wconf 69' lang='grc' dir='ltr'>ὀφθαλμοῖς</span> 
     </span>
    </p>
   </div>
   <div class='ocr_carea' id='block_1_24' title="bbox 361 3849 1950 3922">
    <p class='ocr_par' dir='ltr' id='par_1_24' title="bbox 361 3849 1950 3922">
     <span class='ocr_line' id='line_1_25' title="bbox 361 3849 1950 3922; baseline -0.003 -16"><span class='ocrx_word' id='word_1_140' title='bbox 361 3851 560 3920; x_wconf 70' lang='grc' dir='ltr'><strong>ἡμῶν·</strong></span> <span class='ocrx_word' id='word_1_141' title='bbox 590 3851 686 3905; x_wconf 73' lang='grc' dir='ltr'>καὶ</span> <span class='ocrx_word' id='word_1_142' title='bbox 705 3854 738 3922; x_wconf 79' lang='grc' dir='ltr'>ἡ</span> <span class='ocrx_word' id='word_1_143' title='bbox 767 3851 1008 3922; x_wconf 84' lang='grc' dir='ltr'>σήμερον</span> <span class='ocrx_word' id='word_1_144' title='bbox 1029 3851 1342 3921; x_wconf 85' lang='grc' dir='ltr'>εὐφροσύνη</span> <span class='ocrx_word' id='word_1_145' title='bbox 1369 3850 1562 3921; x_wconf 87' lang='grc' dir='ltr'>μνήμη</span> <span class='ocrx_word' id='word_1_146' title='bbox 1585 3849 1810 3903; x_wconf 82' lang='grc' dir='ltr'>δικαίων</span> <span class='ocrx_word' id='word_1_147' title='bbox 1833 3850 1950 3920; x_wconf 79' lang='grc' dir='ltr'>μετ’</span> 
     </span>
    </p>
   </div>
   <div class='ocr_carea' id='block_1_25' title="bbox 361 3943 678 4013">
    <p class='ocr_par' dir='ltr' id='par_1_25' title="bbox 361 3943 678 4013">
     <span class='ocr_line' id='line_1_26' title="bbox 361 3943 678 4013; baseline 0.006 -19"><span class='ocrx_word' id='word_1_148' title='bbox 361 3943 678 4013; x_wconf 67' lang='grc' dir='ltr'>ἐγκωμίων.</span> 
     </span>
    </p>
   </div>
   <div class='ocr_carea' id='block_1_26' title="bbox 435 4120 1951 4192">
    <p class='ocr_par' dir='ltr' id='par_1_26' title="bbox 435 4120 1951 4192">
     <span class='ocr_line' id='line_1_27' title="bbox 435 4120 1951 4192; baseline -0.001 -17"><span class='ocrx_word' id='word_1_149' title='bbox 435 4120 512 4176; x_wconf 90' lang='lat' dir='ltr'><strong>B&#39;.</strong></span> <span class='ocrx_word' id='word_1_150' title='bbox 563 4122 812 4191; x_wconf 80' lang='grc' dir='ltr'>Ἐγένετο</span> <span class='ocrx_word' id='word_1_151' title='bbox 844 4125 904 4177; x_wconf 73' lang='grc' dir='ltr'>ἐν</span> <span class='ocrx_word' id='word_1_152' title='bbox 945 4125 1055 4188; x_wconf 83' lang='grc' dir='ltr'>τοῖς</span> <span class='ocrx_word' id='word_1_153' title='bbox 1088 4123 1256 4178; x_wconf 81' lang='grc' dir='ltr'>πάλαι</span> <span class='ocrx_word' id='word_1_154' title='bbox 1295 4124 1506 4188; x_wconf 81' lang='grc' dir='ltr'>καιροῖς</span> <span class='ocrx_word' id='word_1_155' title='bbox 1551 4121 1694 4192; x_wconf 84' lang='grc' dir='ltr'>ἀνὴρ</span> <span class='ocrx_word' id='word_1_156' title='bbox 1739 4121 1951 4185; x_wconf 81' lang='grc' dir='ltr'>δίκαιος</span> 
     </span>
    </p>
   </div>
   <div class='ocr_carea' id='block_1_27' title="bbox 361 4203 1951 4282">
    <p class='ocr_par' dir='ltr' id='par_1_27' title="bbox 361 4203 1951 4282">
     <span class='ocr_line' id='line_1_28' title="bbox 361 4203 1951 4282; baseline 0 -19"><span class='ocrx_word' id='word_1_157' title='bbox 361 4210 430 4263; x_wconf 75' lang='grc' dir='ltr'>ἐκ</span> <span class='ocrx_word' id='word_1_158' title='bbox 455 4209 628 4282; x_wconf 81' lang='grc' dir='ltr'>φυλῆς</span> <span class='ocrx_word' id='word_1_159' title='bbox 668 4210 862 4274; x_wconf 80' lang='grc' dir='ltr'><strong>Ἰούδα,</strong></span> <span class='ocrx_word' id='word_1_160' title='bbox 889 4203 932 4280; x_wconf 81' lang='grc' dir='ltr'><strong>ᾧ</strong></span> <span class='ocrx_word' id='word_1_161' title='bbox 959 4211 1132 4282; x_wconf 77' lang='grc' dir='ltr'>ὄνομα</span> <span class='ocrx_word' id='word_1_162' title='bbox 1169 4210 1448 4279; x_wconf 77' lang='grc' dir='ltr'>Ἰωακείμ·</span> <span class='ocrx_word' id='word_1_163' title='bbox 1489 4210 1630 4280; x_wconf 84' lang='grc' dir='ltr'>ἀνὴρ</span> <span class='ocrx_word' id='word_1_164' title='bbox 1653 4209 1863 4276; x_wconf 71' lang='grc' dir='ltr'>ἔνδοξος</span> <span class='ocrx_word' id='word_1_165' title='bbox 1891 4211 1951 4263; x_wconf 78' lang='grc' dir='ltr'>ἐν</span> 
     </span>
    </p>
   </div>
   <div class='ocr_carea' id='block_1_28' title="bbox 2131 3021 3646 3086">
    <p class='ocr_par' dir='ltr' id='par_1_28' title="bbox 2131 3021 3646 3086">
     <span class='ocr_line' id='line_1_29' title="bbox 2131 3021 3646 3086; baseline -0.005 -1"><span class='ocrx_word' id='word_1_166' title='bbox 2131 3031 2172 3086; x_wconf 94' lang='lat' dir='ltr'><strong>l.</strong></span> <span class='ocrx_word' id='word_1_167' title='bbox 2211 3030 2478 3086; x_wconf 87' lang='lat' dir='ltr'><strong>Hesterna</strong></span> <span class='ocrx_word' id='word_1_168' title='bbox 2531 3021 2623 3082; x_wconf 86' lang='lat' dir='ltr'><strong>Dei</strong></span> <span class='ocrx_word' id='word_1_169' title='bbox 2677 3023 2976 3082; x_wconf 87' lang='lat' dir='ltr'><strong>Geuitricis</strong></span> <span class='ocrx_word' id='word_1_170' title='bbox 3015 3025 3214 3080; x_wconf 75' lang='lat' dir='ltr'><strong>natalis</strong></span> <span class='ocrx_word' id='word_1_171' title='bbox 3252 3024 3522 3080; x_wconf 72' lang='lat' dir='ltr'><strong>festivitas</strong></span> <span class='ocrx_word' id='word_1_172' title='bbox 3552 3041 3646 3080; x_wconf 84' lang='lat' dir='ltr'><strong>sn-</strong></span> 
     </span>
    </p>
   </div>
   <div class='ocr_carea' id='block_1_29' title="bbox 2059 3117 3644 3190">
    <p class='ocr_par' dir='ltr' id='par_1_29' title="bbox 2059 3117 3644 3190">
     <span class='ocr_line' id='line_1_30' title="bbox 2059 3117 3644 3190; baseline -0.004 -14"><span class='ocrx_word' id='word_1_173' title='bbox 2059 3123 2294 3178; x_wconf 88' lang='lat' dir='ltr'><strong>lemne‘m</strong></span> <span class='ocrx_word' id='word_1_174' title='bbox 2343 3117 2488 3176; x_wconf 87' lang='lat' dir='ltr'><strong>diem</strong></span> <span class='ocrx_word' id='word_1_175' title='bbox 2519 3117 2726 3190; x_wconf 71' lang='lat' dir='ltr'><strong>gaudii,</strong></span> <span class='ocrx_word' id='word_1_176' title='bbox 2762 3118 3024 3173; x_wconf 86' lang='lat' dir='ltr'><strong>universo</strong></span> <span class='ocrx_word' id='word_1_177' title='bbox 3070 3117 3281 3172; x_wconf 85' lang='lat' dir='ltr'><strong>mundo</strong></span> <span class='ocrx_word' id='word_1_178' title='bbox 3312 3118 3644 3180; x_wconf 81' lang='lat' dir='ltr'><strong>communis.</strong></span> 
     </span>
    </p>
   </div>
   <div class='ocr_carea' id='block_1_30' title="bbox 2061 3209 3648 3272">
    <p class='ocr_par' dir='ltr' id='par_1_30' title="bbox 2061 3209 3648 3272">
     <span class='ocr_line' id='line_1_31' title="bbox 2061 3209 3648 3272; baseline -0.003 -3"><span class='ocrx_word' id='word_1_179' title='bbox 2061 3209 2414 3272; x_wconf 77' lang='lat' dir='ltr'><strong>faustissimis</strong></span> <span class='ocrx_word' id='word_1_180' title='bbox 2469 3211 2728 3268; x_wconf 82' lang='lat' dir='ltr'><strong>laudibus</strong></span> <span class='ocrx_word' id='word_1_181' title='bbox 2779 3209 2942 3266; x_wconf 88' lang='lat' dir='ltr'><strong>nobis</strong></span> <span class='ocrx_word' id='word_1_182' title='bbox 2999 3209 3308 3266; x_wconf 81' lang='lat' dir='ltr'><strong>coronavit.</strong></span> <span class='ocrx_word' id='word_1_183' title='bbox 3371 3209 3648 3266; x_wconf 79' lang='lat' dir='ltr'><strong>Hodierna</strong></span> 
     </span>
    </p>
   </div>
   <div class='ocr_carea' id='block_1_31' title="bbox 2061 3303 3649 3378">
    <p class='ocr_par' dir='ltr' id='par_1_31' title="bbox 2061 3303 3649 3378">
     <span class='ocr_line' id='line_1_32' title="bbox 2061 3303 3649 3378; baseline -0.003 -16"><span class='ocrx_word' id='word_1_184' title='bbox 2061 3325 2190 3362; x_wconf 72' lang='lat' dir='ltr'><strong>vero</strong></span> <span class='ocrx_word' id='word_1_185' title='bbox 2215 3307 2336 3362; x_wconf 90' lang='lat' dir='ltr'><strong>dies</strong></span> <span class='ocrx_word' id='word_1_186' title='bbox 2389 3307 2528 3378; x_wconf 75' lang='lat' dir='ltr'><strong>grati</strong></span> <span class='ocrx_word' id='word_1_187' title='bbox 2575 3303 2746 3360; x_wconf 89' lang='lat' dir='ltr'><strong>animi</strong></span> <span class='ocrx_word' id='word_1_188' title='bbox 2796 3305 3072 3359; x_wconf 85' lang='lat' dir='ltr'><strong>canticum</strong></span> <span class='ocrx_word' id='word_1_189' title='bbox 3113 3303 3270 3358; x_wconf 84' lang='lat' dir='ltr'><strong>oii&#39;ert</strong></span> <span class='ocrx_word' id='word_1_190' title='bbox 3309 3303 3404 3358; x_wconf 87' lang='lat' dir='ltr'><strong>Dei</strong></span> <span class='ocrx_word' id='word_1_191' title='bbox 3457 3303 3649 3358; x_wconf 82' lang='lat' dir='ltr'><strong>Matris</strong></span> 
     </span>
    </p>
   </div>
   <div class='ocr_carea' id='block_1_32' title="bbox 2060 3393 3648 3466">
    <p class='ocr_par' dir='ltr' id='par_1_32' title="bbox 2060 3393 3648 3466">
     <span class='ocr_line' id='line_1_33' title="bbox 2060 3393 3648 3466; baseline -0.002 -13"><span class='ocrx_word' id='word_1_192' title='bbox 2060 3397 2432 3466; x_wconf 79' lang='lat' dir='ltr'><strong>geniwribus;</strong></span> <span class='ocrx_word' id='word_1_193' title='bbox 2462 3409 2558 3466; x_wconf 88' lang='lat' dir='ltr'><strong>per</strong></span> <span class='ocrx_word' id='word_1_194' title='bbox 2607 3393 2770 3466; x_wconf 87' lang='lat' dir='ltr'><strong>quos</strong></span> <span class='ocrx_word' id='word_1_195' title='bbox 2798 3395 3114 3450; x_wconf 83' lang='lat' dir='ltr'><strong>communis</strong></span> <span class='ocrx_word' id='word_1_196' title='bbox 3165 3395 3414 3448; x_wconf 88' lang='lat' dir='ltr'><strong>omnium</strong></span> <span class='ocrx_word' id='word_1_197' title='bbox 3451 3394 3648 3450; x_wconf 87' lang='lat' dir='ltr'><strong>salutis</strong></span> 
     </span>
    </p>
   </div>
   <div class='ocr_carea' id='block_1_33' title="bbox 2061 3485 3644 3560">
    <p class='ocr_par' dir='ltr' id='par_1_33' title="bbox 2061 3485 3644 3560">
     <span class='ocr_line' id='line_1_34' title="bbox 2061 3485 3644 3560; baseline -0.002 -17"><span class='ocrx_word' id='word_1_198' title='bbox 2061 3491 2318 3560; x_wconf 56' lang='lat' dir='ltr'><strong>primitiae</strong></span> <span class='ocrx_word' id='word_1_199' title='bbox 2380 3490 2432 3544; x_wconf 91' lang='lat' dir='ltr'><strong>in</strong></span> <span class='ocrx_word' id='word_1_200' title='bbox 2463 3487 2638 3544; x_wconf 85' lang='lat' dir='ltr'><strong>lucem</strong></span> <span class='ocrx_word' id='word_1_201' title='bbox 2680 3487 3022 3559; x_wconf 85' lang='lat' dir='ltr'><strong>prodierunt.</strong></span> <span class='ocrx_word' id='word_1_202' title='bbox 3059 3485 3126 3541; x_wconf 87' lang='lat' dir='ltr'><strong>Et</strong></span> <span class='ocrx_word' id='word_1_203' title='bbox 3165 3487 3386 3556; x_wconf 82' lang='lat' dir='ltr'><strong>quidem</strong></span> <span class='ocrx_word' id='word_1_204' title='bbox 3439 3485 3644 3542; x_wconf 75' lang='lat' dir='ltr'><strong>festum</strong></span> 
     </span>
    </p>
   </div>
   <div class='ocr_carea' id='block_1_34' title="bbox 2063 3576 3648 3648">
    <p class='ocr_par' dir='ltr' id='par_1_34' title="bbox 2063 3576 3648 3648">
     <span class='ocr_line' id='line_1_35' title="bbox 2063 3576 3648 3648; baseline -0.002 -15"><span class='ocrx_word' id='word_1_205' title='bbox 2063 3579 2186 3633; x_wconf 75' lang='lat' dir='ltr'><strong>ﬁliae</strong></span> <span class='ocrx_word' id='word_1_206' title='bbox 2213 3579 2414 3634; x_wconf 82' lang='lat' dir='ltr'><strong>festum</strong></span> <span class='ocrx_word' id='word_1_207' title='bbox 2439 3587 2522 3634; x_wconf 88' lang='lat' dir='ltr'><strong>est</strong></span> <span class='ocrx_word' id='word_1_208' title='bbox 2555 3587 2866 3648; x_wconf 88' lang='lat' dir='ltr'><strong>parentum.</strong></span> <span class='ocrx_word' id='word_1_209' title='bbox 2897 3576 3368 3644; x_wconf 83' lang='lat' dir='ltr'><strong>Quemadmodum</strong></span> <span class='ocrx_word' id='word_1_210' title='bbox 3397 3576 3546 3630; x_wconf 88' lang='lat' dir='ltr'><strong>enim</strong></span> <span class='ocrx_word' id='word_1_211' title='bbox 3577 3591 3648 3631; x_wconf 78' lang='lat' dir='ltr'><strong>ex</strong></span> 
     </span>
    </p>
   </div>
   <div class='ocr_carea' id='block_1_35' title="bbox 2061 3668 3648 3741">
    <p class='ocr_par' dir='ltr' id='par_1_35' title="bbox 2061 3668 3648 3741">
     <span class='ocr_line' id='line_1_36' title="bbox 2061 3668 3648 3741; baseline -0.001 -17"><span class='ocrx_word' id='word_1_212' title='bbox 2061 3671 2234 3741; x_wconf 77' lang='lat' dir='ltr'><strong>gloria</strong></span> <span class='ocrx_word' id='word_1_213' title='bbox 2295 3671 2488 3725; x_wconf 86' lang='lat' dir='ltr'><strong>matris</strong></span> <span class='ocrx_word' id='word_1_214' title='bbox 2538 3669 2705 3725; x_wconf 82' lang='lat' dir='ltr'><strong>simul</strong></span> <span class='ocrx_word' id='word_1_215' title='bbox 2740 3668 3082 3738; x_wconf 80' lang='lat' dir='ltr'><strong>gloriﬁcatur</strong></span> <span class='ocrx_word' id='word_1_216' title='bbox 3111 3669 3316 3739; x_wconf 86' lang='lat' dir='ltr'><strong>proles,</strong></span> <span class='ocrx_word' id='word_1_217' title='bbox 3353 3670 3436 3723; x_wconf 79' lang='lat' dir='ltr'><strong>sic</strong></span> <span class='ocrx_word' id='word_1_218' title='bbox 3477 3676 3533 3722; x_wconf 88' lang='lat' dir='ltr'><strong>et</strong></span> <span class='ocrx_word' id='word_1_219' title='bbox 3579 3685 3648 3724; x_wconf 78' lang='lat' dir='ltr'><strong>ex</strong></span> 
     </span>
    </p>
   </div>
   <div class='ocr_carea' id='block_1_36' title="bbox 2062 3760 3648 3834">
    <p class='ocr_par' dir='ltr' id='par_1_36' title="bbox 2062 3760 3648 3834">
     <span class='ocr_line' id='line_1_37' title="bbox 2062 3760 3648 3834; baseline -0.002 -17"><span class='ocrx_word' id='word_1_220' title='bbox 2062 3764 2231 3834; x_wconf 85' lang='lat' dir='ltr'><strong>prolis</strong></span> <span class='ocrx_word' id='word_1_221' title='bbox 2261 3763 2576 3817; x_wconf 87' lang='lat' dir='ltr'><strong>laudatione</strong></span> <span class='ocrx_word' id='word_1_222' title='bbox 2603 3761 2768 3818; x_wconf 86' lang='lat' dir='ltr'><strong>simul</strong></span> <span class='ocrx_word' id='word_1_223' title='bbox 2799 3761 3134 3834; x_wconf 78' lang='lat' dir='ltr'><strong>gloriﬁcatur</strong></span> <span class='ocrx_word' id='word_1_224' title='bbox 3165 3770 3361 3816; x_wconf 86' lang='lat' dir='ltr'><strong>mater.</strong></span> <span class='ocrx_word' id='word_1_225' title='bbox 3387 3760 3516 3814; x_wconf 86' lang='lat' dir='ltr'><strong>Fuit</strong></span> <span class='ocrx_word' id='word_1_226' title='bbox 3549 3761 3648 3830; x_wconf 75' lang='lat' dir='ltr'><strong>igi-</strong></span> 
     </span>
    </p>
   </div>
   <div class='ocr_carea' id='block_1_37' title="bbox 2061 3850 3646 3915">
    <p class='ocr_par' dir='ltr' id='par_1_37' title="bbox 2061 3850 3646 3915">
     <span class='ocr_line' id='line_1_38' title="bbox 2061 3850 3646 3915; baseline -0.001 -8"><span class='ocrx_word' id='word_1_227' title='bbox 2061 3863 2152 3908; x_wconf 89' lang='lat' dir='ltr'><strong>tur</strong></span> <span class='ocrx_word' id='word_1_228' title='bbox 2192 3854 2448 3908; x_wconf 82' lang='lat' dir='ltr'><strong>hesterua</strong></span> <span class='ocrx_word' id='word_1_229' title='bbox 2478 3853 2598 3907; x_wconf 87' lang='lat' dir='ltr'><strong>dies</strong></span> <span class='ocrx_word' id='word_1_230' title='bbox 2639 3852 2904 3906; x_wconf 78' lang='lat' dir='ltr'><strong>mirabilis</strong></span> <span class='ocrx_word' id='word_1_231' title='bbox 2933 3853 2990 3904; x_wconf 87' lang='lat' dir='ltr'><strong>in</strong></span> <span class='ocrx_word' id='word_1_232' title='bbox 3037 3852 3207 3905; x_wconf 78' lang='lat' dir='ltr'><strong>oculis</strong></span> <span class='ocrx_word' id='word_1_233' title='bbox 3245 3852 3444 3906; x_wconf 78' lang='lat' dir='ltr'><strong>nostris</strong></span> <span class='ocrx_word' id='word_1_234' title='bbox 3478 3851 3516 3915; x_wconf 83' lang='grc'>¹,</span> <span class='ocrx_word' id='word_1_235' title='bbox 3543 3850 3646 3906; x_wconf 82' lang='lat' dir='ltr'><strong>lto-</strong></span> 
     </span>
    </p>
   </div>
   <div class='ocr_carea' id='block_1_38' title="bbox 2059 3942 3648 4013">
    <p class='ocr_par' dir='ltr' id='par_1_38' title="bbox 2059 3942 3648 4013">
     <span class='ocr_line' id='line_1_39' title="bbox 2059 3942 3648 4013; baseline -0.001 -15"><span class='ocrx_word' id='word_1_236' title='bbox 2059 3945 2248 3998; x_wconf 89' lang='lat' dir='ltr'><strong>dicrna</strong></span> <span class='ocrx_word' id='word_1_237' title='bbox 2276 3959 2406 4000; x_wconf 85' lang='lat' dir='ltr'><strong>vero</strong></span> <span class='ocrx_word' id='word_1_238' title='bbox 2437 3943 2623 4000; x_wconf 72' lang='lat' dir='ltr'><strong>laetitia</strong></span> <span class='ocrx_word' id='word_1_239' title='bbox 2661 3945 2982 4000; x_wconf 87' lang='lat' dir='ltr'><strong>memoriam</strong></span> <span class='ocrx_word' id='word_1_240' title='bbox 3003 3943 3280 4013; x_wconf 78' lang='lat' dir='ltr'><strong>iustorum</strong></span> <span class='ocrx_word' id='word_1_241' title='bbox 3309 3958 3436 4000; x_wconf 90' lang='lat' dir='ltr'><strong>cum</strong></span> <span class='ocrx_word' id='word_1_242' title='bbox 3485 3942 3648 3998; x_wconf 85' lang='lat' dir='ltr'><strong>laude</strong></span> 
     </span>
    </p>
   </div>
   <div class='ocr_carea' id='block_1_39' title="bbox 2059 4037 2318 4092">
    <p class='ocr_par' dir='ltr' id='par_1_39' title="bbox 2059 4037 2318 4092">
     <span class='ocr_line' id='line_1_40' title="bbox 2059 4037 2318 4092; baseline -0.004 -2"><span class='ocrx_word' id='word_1_243' title='bbox 2059 4037 2318 4092; x_wconf 80' lang='lat' dir='ltr'><strong>celebrat.</strong></span> 
     </span>
    </p>
   </div>
   <div class='ocr_carea' id='block_1_40' title="bbox 2131 4124 3644 4194">
    <p class='ocr_par' dir='ltr' id='par_1_40' title="bbox 2131 4124 3644 4194">
     <span class='ocr_line' id='line_1_41' title="bbox 2131 4124 3644 4194; baseline -0.001 -16"><span class='ocrx_word' id='word_1_244' title='bbox 2131 4124 2198 4179; x_wconf 92' lang='lat' dir='ltr'><strong>ll.</strong></span> <span class='ocrx_word' id='word_1_245' title='bbox 2229 4125 2354 4180; x_wconf 91' lang='lat' dir='ltr'><strong>Fuit</strong></span> <span class='ocrx_word' id='word_1_246' title='bbox 2385 4126 2438 4179; x_wconf 90' lang='lat' dir='ltr'><strong>in</strong></span> <span class='ocrx_word' id='word_1_247' title='bbox 2475 4125 2654 4194; x_wconf 85' lang='lat' dir='ltr'><strong>prisca</strong></span> <span class='ocrx_word' id='word_1_248' title='bbox 2703 4125 2794 4180; x_wconf 88' lang='lat' dir='ltr'><strong>illa</strong></span> <span class='ocrx_word' id='word_1_249' title='bbox 2829 4133 2988 4180; x_wconf 67' lang='lat' dir='ltr'><strong>aetate</strong></span> <span class='ocrx_word' id='word_1_250' title='bbox 3025 4125 3110 4179; x_wconf 83' lang='lat' dir='ltr'><strong>vir</strong></span> <span class='ocrx_word' id='word_1_251' title='bbox 3157 4124 3345 4192; x_wconf 83' lang='lat' dir='ltr'><strong>justus</strong></span> <span class='ocrx_word' id='word_1_252' title='bbox 3372 4139 3438 4178; x_wconf 78' lang='lat' dir='ltr'><strong>ex</strong></span> <span class='ocrx_word' id='word_1_253' title='bbox 3493 4125 3644 4178; x_wconf 84' lang='lat' dir='ltr'><strong>tribu</strong></span> 
     </span>
    </p>
   </div>
   <div class='ocr_carea' id='block_1_41' title="bbox 2058 4215 3644 4284">
    <p class='ocr_par' dir='ltr' id='par_1_41' title="bbox 2058 4215 3644 4284">
     <span class='ocr_line' id='line_1_42' title="bbox 2058 4215 3644 4284; baseline -0.001 -13"><span class='ocrx_word' id='word_1_254' title='bbox 2058 4215 2232 4280; x_wconf 84' lang='lat' dir='ltr'><strong>Judae,</strong></span> <span class='ocrx_word' id='word_1_255' title='bbox 2257 4217 2346 4272; x_wconf 90' lang='lat' dir='ltr'><strong>cui</strong></span> <span class='ocrx_word' id='word_1_256' title='bbox 2381 4233 2578 4272; x_wconf 85' lang='lat' dir='ltr'><strong>nomen</strong></span> <span class='ocrx_word' id='word_1_257' title='bbox 2609 4215 2894 4282; x_wconf 79' lang='lat' dir='ltr'><strong>Joachim;</strong></span> <span class='ocrx_word' id='word_1_258' title='bbox 2923 4216 3006 4270; x_wconf 79' lang='lat' dir='ltr'><strong>vir</strong></span> <span class='ocrx_word' id='word_1_259' title='bbox 3033 4217 3326 4272; x_wconf 85' lang='lat' dir='ltr'><strong>sanctitate</strong></span> <span class='ocrx_word' id='word_1_260' title='bbox 3349 4231 3412 4269; x_wconf 87' lang='lat' dir='ltr'><strong>ac</strong></span> <span class='ocrx_word' id='word_1_261' title='bbox 3429 4215 3644 4284; x_wconf 73' lang='lat' dir='ltr'><strong>iustitia</strong></span> 
     </span>
    </p>
   </div>
   <div class='ocr_carea' id='block_1_42' title="bbox 357 4301 1945 4377">
    <p class='ocr_par' dir='ltr' id='par_1_42' title="bbox 357 4301 1945 4377">
     <span class='ocr_line' id='line_1_43' title="bbox 357 4301 1945 4377; baseline -0.001 -21"><span class='ocrx_word' id='word_1_262' title='bbox 357 4301 602 4373; x_wconf 81' lang='grc' dir='ltr'><strong>ὁσιότητι</strong></span> <span class='ocrx_word' id='word_1_263' title='bbox 633 4303 728 4356; x_wconf 81' lang='grc' dir='ltr'>καὶ</span> <span class='ocrx_word' id='word_1_264' title='bbox 759 4303 1099 4377; x_wconf 79' lang='grc' dir='ltr'>δικαιοσύνῃ·</span> <span class='ocrx_word' id='word_1_265' title='bbox 1133 4304 1276 4374; x_wconf 80' lang='grc' dir='ltr'>ἀνὴρ</span> <span class='ocrx_word' id='word_1_266' title='bbox 1309 4303 1583 4373; x_wconf 74' lang='grc' dir='ltr'>ἐπίσημος</span> <span class='ocrx_word' id='word_1_267' title='bbox 1611 4305 1670 4356; x_wconf 78' lang='grc' dir='ltr'>ἐν</span> <span class='ocrx_word' id='word_1_268' title='bbox 1699 4303 1945 4374; x_wconf 77' lang='grc' dir='ltr'>εὐγενείᾳ</span> 
     </span>
    </p>
   </div>
   <div class='ocr_carea' id='block_1_43' title="bbox 2053 4301 3644 4377">
    <p class='ocr_par' dir='ltr' id='par_1_43' title="bbox 2053 4307 3644 4377">
     <span class='ocr_line' id='line_1_44' title="bbox 2053 4307 3644 4377; baseline -0.001 -15"><span class='ocrx_word' id='word_1_269' title='bbox 2053 4308 2315 4376; x_wconf 85' lang='lat' dir='ltr'><strong>celebris;</strong></span> <span class='ocrx_word' id='word_1_270' title='bbox 2344 4309 2429 4362; x_wconf 78' lang='lat' dir='ltr'><strong>vir</strong></span> <span class='ocrx_word' id='word_1_271' title='bbox 2479 4309 2766 4364; x_wconf 88' lang='lat' dir='ltr'><strong>nobilitate</strong></span> <span class='ocrx_word' id='word_1_272' title='bbox 2801 4316 2858 4363; x_wconf 83' lang='lat' dir='ltr'><strong>et</strong></span> <span class='ocrx_word' id='word_1_273' title='bbox 2894 4308 3106 4362; x_wconf 82' lang='lat' dir='ltr'><strong>divitiis</strong></span> <span class='ocrx_word' id='word_1_274' title='bbox 3155 4307 3416 4377; x_wconf 72' lang='lat' dir='ltr'><strong>insignis;</strong></span> <span class='ocrx_word' id='word_1_275' title='bbox 3451 4307 3534 4360; x_wconf 83' lang='lat' dir='ltr'><strong>vir</strong></span> <span class='ocrx_word' id='word_1_276' title='bbox 3587 4308 3644 4360; x_wconf 86' lang='lat' dir='ltr'><strong>in</strong></span> 
     </span>
    </p>
   </div>
   <div class='ocr_carea' id='block_1_44' title="bbox 361 4395 1956 4468">
    <p class='ocr_par' dir='ltr' id='par_1_44' title="bbox 361 4395 1956 4468">
     <span class='ocr_line' id='line_1_45' title="bbox 361 4395 1956 4468; baseline 0 -20"><span class='ocrx_word' id='word_1_277' title='bbox 361 4395 460 4448; x_wconf 75' lang='grc' dir='ltr'>καὶ</span> <span class='ocrx_word' id='word_1_278' title='bbox 511 4395 746 4468; x_wconf 82' lang='grc' dir='ltr'>πλούτῳ·</span> <span class='ocrx_word' id='word_1_279' title='bbox 793 4395 933 4468; x_wconf 84' lang='grc' dir='ltr'>ἀνὴρ</span> <span class='ocrx_word' id='word_1_280' title='bbox 980 4396 1292 4468; x_wconf 76' lang='grc' dir='ltr'>ἁπλόψυχος</span> <span class='ocrx_word' id='word_1_281' title='bbox 1341 4397 1400 4449; x_wconf 78' lang='grc' dir='ltr'>ὲν</span> <span class='ocrx_word' id='word_1_282' title='bbox 1433 4398 1828 4468; x_wconf 86' lang='grc' dir='ltr'>προσαγωγαῖς</span> <span class='ocrx_word' id='word_1_283' title='bbox 1859 4395 1956 4448; x_wconf 83' lang='grc' dir='ltr'><strong>θυ-</strong></span> 
     </span>
    </p>
   </div>
   <div class='ocr_carea' id='block_1_45' title="bbox 361 4487 1950 4561">
    <p class='ocr_par' dir='ltr' id='par_1_45' title="bbox 361 4487 1950 4561">
     <span class='ocr_line' id='line_1_46' title="bbox 361 4487 1950 4561; baseline 0.003 -23"><span class='ocrx_word' id='word_1_284' title='bbox 361 4487 518 4540; x_wconf 82' lang='grc' dir='ltr'>σιῶν·</span> <span class='ocrx_word' id='word_1_285' title='bbox 552 4487 692 4560; x_wconf 82' lang='grc' dir='ltr'>ἀνὴρ</span> <span class='ocrx_word' id='word_1_286' title='bbox 735 4491 794 4542; x_wconf 83' lang='grc' dir='ltr'>ὲν</span> <span class='ocrx_word' id='word_1_287' title='bbox 821 4490 987 4542; x_wconf 81' lang='grc' dir='ltr'>πᾶσιν</span> <span class='ocrx_word' id='word_1_288' title='bbox 1025 4490 1322 4560; x_wconf 74' lang='grc' dir='ltr'>εὐάρεστος</span> <span class='ocrx_word' id='word_1_289' title='bbox 1361 4489 1442 4559; x_wconf 86' lang='grc' dir='ltr'>τῷ</span> <span class='ocrx_word' id='word_1_290' title='bbox 1480 4487 1620 4560; x_wconf 81' lang='grc' dir='ltr'><strong>Θεῷ·</strong></span> <span class='ocrx_word' id='word_1_291' title='bbox 1655 4489 1796 4561; x_wconf 83' lang='grc' dir='ltr'>ἀνὴρ</span> <span class='ocrx_word' id='word_1_292' title='bbox 1827 4491 1950 4543; x_wconf 77' lang='grc' dir='ltr'>ἐπι-</span> 
     </span>
    </p>
   </div>
   <div class='ocr_carea' id='block_1_46' title="bbox 361 4577 1954 4654">
    <p class='ocr_par' dir='ltr' id='par_1_46' title="bbox 361 4577 1954 4654">
     <span class='ocr_line' id='line_1_47' title="bbox 361 4577 1954 4654; baseline 0.004 -25"><span class='ocrx_word' id='word_1_293' title='bbox 361 4577 608 4648; x_wconf 83' lang='grc' dir='ltr'>θυμειῶν</span> <span class='ocrx_word' id='word_1_294' title='bbox 633 4579 745 4634; x_wconf 80' lang='grc' dir='ltr'>τῶν</span> <span class='ocrx_word' id='word_1_295' title='bbox 768 4581 864 4634; x_wconf 83' lang='grc' dir='ltr'>τοῦ</span> <span class='ocrx_word' id='word_1_296' title='bbox 893 4583 1236 4652; x_wconf 80' lang='grc' dir='ltr'><strong>ῐῑνεύμοιτος⁸</strong></span> <span class='ocrx_word' id='word_1_297' title='bbox 1262 4584 1454 4654; x_wconf 77' lang='grc' dir='ltr'>ὅτιπερ</span> <span class='ocrx_word' id='word_1_298' title='bbox 1481 4582 1709 4647; x_wconf 74' lang='grc' dir='ltr'>ἄτεκνος</span> <span class='ocrx_word' id='word_1_299' title='bbox 1745 4581 1822 4636; x_wconf 82' lang='grc' dir='ltr'>ὢν</span> <span class='ocrx_word' id='word_1_300' title='bbox 1859 4583 1954 4636; x_wconf 79' lang='grc' dir='ltr'>καὶ</span> 
     </span>
    </p>
   </div>
   <div class='ocr_carea' id='block_1_47' title="bbox 359 4667 1950 4742">
    <p class='ocr_par' dir='ltr' id='par_1_47' title="bbox 359 4667 1950 4742">
     <span class='ocr_line' id='line_1_48' title="bbox 359 4667 1950 4742; baseline 0.004 -24"><span class='ocrx_word' id='word_1_301' title='bbox 359 4667 422 4719; x_wconf 74' lang='grc' dir='ltr'>ἐν</span> <span class='ocrx_word' id='word_1_302' title='bbox 446 4668 714 4740; x_wconf 76' lang='grc' dir='ltr'>ἐπιθυμίᾳ</span> <span class='ocrx_word' id='word_1_303' title='bbox 740 4669 870 4740; x_wconf 77' lang='grc' dir='ltr'>περὶ</span> <span class='ocrx_word' id='word_1_304' title='bbox 895 4671 1088 4724; x_wconf 84' lang='grc' dir='ltr'>τέκνου</span> <span class='ocrx_word' id='word_1_305' title='bbox 1124 4671 1506 4742; x_wconf 84' lang='grc' dir='ltr'>συνεχόμενος,</span> <span class='ocrx_word' id='word_1_306' title='bbox 1537 4672 1640 4742; x_wconf 85' lang='grc' dir='ltr'>τὴν</span> <span class='ocrx_word' id='word_1_307' title='bbox 1671 4669 1766 4726; x_wconf 82' lang='grc' dir='ltr'>τοῦ</span> <span class='ocrx_word' id='word_1_308' title='bbox 1789 4673 1950 4740; x_wconf 81' lang='grc' dir='ltr'>ἁγίου</span> 
     </span>
    </p>
   </div>
   <div class='ocr_carea' id='block_1_48' title="bbox 357 4760 1939 4836">
    <p class='ocr_par' dir='ltr' id='par_1_48' title="bbox 357 4760 1939 4836">
     <span class='ocr_line' id='line_1_49' title="bbox 357 4760 1939 4836; baseline 0.003 -21"><span class='ocrx_word' id='word_1_309' title='bbox 357 4760 678 4830; x_wconf 85' lang='grc' dir='ltr'>Πνεύματος</span> <span class='ocrx_word' id='word_1_310' title='bbox 725 4762 1061 4833; x_wconf 80' lang='grc' dir='ltr'>γεγέννηκεν</span> <span class='ocrx_word' id='word_1_311' title='bbox 1109 4762 1360 4834; x_wconf 82' lang='grc' dir='ltr'>νύμφην·</span> <span class='ocrx_word' id='word_1_312' title='bbox 1407 4763 1548 4834; x_wconf 78' lang='grc' dir='ltr'>ἀνὴρ</span> <span class='ocrx_word' id='word_1_313' title='bbox 1594 4764 1672 4828; x_wconf 82' lang='grc' dir='ltr'>ὡς</span> <span class='ocrx_word' id='word_1_314' title='bbox 1721 4765 1939 4836; x_wconf 79' lang='grc' dir='ltr'>ἀληθῶς</span> 
     </span>
    </p>
   </div>
   <div class='ocr_carea' id='block_1_49' title="bbox 353 4853 1948 4928">
    <p class='ocr_par' dir='ltr' id='par_1_49' title="bbox 353 4853 1948 4928">
     <span class='ocr_line' id='line_1_50' title="bbox 353 4853 1948 4928; baseline 0.004 -23"><span class='ocrx_word' id='word_1_315' title='bbox 353 4855 760 4923; x_wconf 73' lang='grc' dir='ltr'>ἐπιτυγχάνων,</span> <span class='ocrx_word' id='word_1_316' title='bbox 804 4855 998 4926; x_wconf 81' lang='grc' dir='ltr'>ὅτιπερ</span> <span class='ocrx_word' id='word_1_317' title='bbox 1037 4855 1360 4926; x_wconf 82' lang='grc' dir='ltr'>εἰσήκουσεν</span> <span class='ocrx_word' id='word_1_318' title='bbox 1394 4857 1424 4908; x_wconf 82' lang='grc' dir='ltr'>ὁ</span> <span class='ocrx_word' id='word_1_319' title='bbox 1455 4853 1590 4920; x_wconf 81' lang='grc' dir='ltr'>Θεὸς</span> <span class='ocrx_word' id='word_1_320' title='bbox 1627 4856 1740 4909; x_wconf 84' lang='grc' dir='ltr'><strong>τῶν</strong></span> <span class='ocrx_word' id='word_1_321' title='bbox 1770 4857 1948 4928; x_wconf 82' lang='grc' dir='ltr'>εὐχῶν</span> 
     </span>
    </p>
   </div>
   <div class='ocr_carea' id='block_1_50' title="bbox 351 4944 1948 5018">
    <p class='ocr_par' dir='ltr' id='par_1_50' title="bbox 351 4944 1948 5018">
     <span class='ocr_line' id='line_1_51' title="bbox 351 4944 1948 5018; baseline 0.005 -23"><span class='ocrx_word' id='word_1_322' title='bbox 351 4944 546 5006; x_wconf 74' lang='grc' dir='ltr'>αὐτοῦ,</span> <span class='ocrx_word' id='word_1_323' title='bbox 599 4945 994 5016; x_wconf 83' lang='grc' dir='ltr'>δωρησάμενος</span> <span class='ocrx_word' id='word_1_324' title='bbox 1036 4947 1216 5018; x_wconf 83' lang='grc' dir='ltr'>τούτῳ</span> <span class='ocrx_word' id='word_1_325' title='bbox 1261 4948 1362 5018; x_wconf 85' lang='grc' dir='ltr'>τὴν</span> <span class='ocrx_word' id='word_1_326' title='bbox 1405 4947 1561 5016; x_wconf 77' lang='grc' dir='ltr'>ὑπὲρ</span> <span class='ocrx_word' id='word_1_327' title='bbox 1617 4948 1817 5004; x_wconf 79' lang='grc' dir='ltr'>πάντα</span> <span class='ocrx_word' id='word_1_328' title='bbox 1875 4955 1948 5003; x_wconf 79' lang='grc' dir='ltr'>τὰ</span> 
     </span>
    </p>
   </div>
   <div class='ocr_carea' id='block_1_51' title="bbox 353 5035 1945 5115">
    <p class='ocr_par' dir='ltr' id='par_1_51' title="bbox 353 5035 1945 5115">
     <span class='ocr_line' id='line_1_52' title="bbox 353 5035 1945 5115; baseline 0.004 -24"><span class='ocrx_word' id='word_1_329' title='bbox 353 5035 726 5106; x_wconf 78' lang='grc' dir='ltr'><strong>σκηνώματα</strong></span> <span class='ocrx_word' id='word_1_330' title='bbox 781 5038 997 5093; x_wconf 80' lang='grc' dir='ltr'><strong>ἰακώ6”</strong></span> <span class='ocrx_word' id='word_1_331' title='bbox 1047 5039 1228 5108; x_wconf 86' lang='grc' dir='ltr'>λέγειν</span> <span class='ocrx_word' id='word_1_332' title='bbox 1276 5041 1334 5093; x_wconf 90' lang='grc' dir='ltr'>δὲ</span> <span class='ocrx_word' id='word_1_333' title='bbox 1389 5040 1612 5112; x_wconf 82' lang='grc' dir='ltr'>μᾶλλον,</span> <span class='ocrx_word' id='word_1_334' title='bbox 1646 5044 1746 5112; x_wconf 86' lang='grc' dir='ltr'>τὴν</span> <span class='ocrx_word' id='word_1_335' title='bbox 1801 5043 1945 5115; x_wconf 79' lang='grc' dir='ltr'>ὑπὲρ</span> 
     </span>
    </p>
   </div>
   <div class='ocr_carea' id='block_1_52' title="bbox 349 5129 1944 5204">
    <p class='ocr_par' dir='ltr' id='par_1_52' title="bbox 349 5129 1944 5204">
     <span class='ocr_line' id='line_1_53' title="bbox 349 5129 1944 5204; baseline 0.004 -22"><span class='ocrx_word' id='word_1_336' title='bbox 349 5129 454 5182; x_wconf 77' lang='grc' dir='ltr'>ὅλα</span> <span class='ocrx_word' id='word_1_337' title='bbox 502 5130 572 5184; x_wconf 73' lang='grc' dir='ltr'><strong>τὰ</strong></span> <span class='ocrx_word' id='word_1_338' title='bbox 621 5131 902 5202; x_wconf 80' lang='grc' dir='ltr'>ποιήματα</span> <span class='ocrx_word' id='word_1_339' title='bbox 969 5132 1078 5186; x_wconf 83' lang='grc' dir='ltr'><strong>τῶν</strong></span> <span class='ocrx_word' id='word_1_340' title='bbox 1131 5133 1478 5204; x_wconf 74' lang='grc' dir='ltr'>ἐπουρανίων</span> <span class='ocrx_word' id='word_1_341' title='bbox 1529 5135 1628 5188; x_wconf 74' lang='grc' dir='ltr'>καὶ</span> <span class='ocrx_word' id='word_1_342' title='bbox 1683 5135 1944 5203; x_wconf 76' lang='grc' dir='ltr'>ἐπιγείων</span> 
     </span>
    </p>
   </div>
   <div class='ocr_carea' id='block_1_53' title="bbox 350 5221 1209 5296">
    <p class='ocr_par' dir='ltr' id='par_1_53' title="bbox 350 5221 1209 5296">
     <span class='ocr_line' id='line_1_54' title="bbox 350 5221 1209 5296; baseline 0.003 -20"><span class='ocrx_word' id='word_1_343' title='bbox 350 5221 698 5293; x_wconf 66' lang='grc' dir='ltr'>ὑψηλοτέραν</span> <span class='ocrx_word' id='word_1_344' title='bbox 720 5223 886 5288; x_wconf 80' lang='grc' dir='ltr'>ἀξίως</span> <span class='ocrx_word' id='word_1_345' title='bbox 915 5224 1209 5296; x_wconf 80' lang='grc' dir='ltr'>θυγατέρα.</span> 
     </span>
    </p>
   </div>
   <div class='ocr_carea' id='block_1_54' title="bbox 425 5313 1939 5390">
    <p class='ocr_par' dir='ltr' id='par_1_54' title="bbox 425 5313 1939 5390">
     <span class='ocr_line' id='line_1_55' title="bbox 425 5313 1939 5390; baseline 0.001 -21"><span class='ocrx_word' id='word_1_346' title='bbox 425 5313 497 5371; x_wconf 86' lang='grc' dir='ltr'><strong>Γ’.</strong></span> <span class='ocrx_word' id='word_1_347' title='bbox 555 5317 669 5371; x_wconf 75' lang='grc' dir='ltr'><strong>Καὶ</strong></span> <span class='ocrx_word' id='word_1_348' title='bbox 711 5316 851 5389; x_wconf 81' lang='grc' dir='ltr'>τῷδε</span> <span class='ocrx_word' id='word_1_349' title='bbox 898 5313 968 5390; x_wconf 84' lang='grc' dir='ltr'>ἦν</span> <span class='ocrx_word' id='word_1_350' title='bbox 1015 5319 1152 5388; x_wconf 80' lang='grc' dir='ltr'>γυνὴ</span> <span class='ocrx_word' id='word_1_351' title='bbox 1201 5317 1484 5390; x_wconf 77' lang='grc' dir='ltr'>θεοσεϐὴς·</span> <span class='ocrx_word' id='word_1_352' title='bbox 1541 5319 1716 5390; x_wconf 76' lang='grc' dir='ltr'>ὄνομα</span> <span class='ocrx_word' id='word_1_353' title='bbox 1765 5319 1939 5389; x_wconf 83' lang='grc' dir='ltr'>αὐτῆς</span> 
     </span>
    </p>
   </div>
   <div class='ocr_carea' id='block_1_55' title="bbox 359 5409 1936 5480">
    <p class='ocr_par' dir='ltr' id='par_1_55' title="bbox 359 5409 1936 5480">
     <span class='ocr_line' id='line_1_56' title="bbox 359 5409 1936 5480; baseline 0.003 -20"><span class='ocrx_word' id='word_1_354' title='bbox 359 5409 548 5474; x_wconf 74' lang='lat' dir='ltr'><strong>&#39;sz,</strong></span> <span class='ocrx_word' id='word_1_355' title='bbox 579 5409 644 5462; x_wconf 68' lang='lat' dir='ltr'><strong>tat</strong></span> <span class='ocrx_word' id='word_1_356' title='bbox 665 5410 766 5478; x_wconf 82' lang='grc' dir='ltr'>τῆς</span> <span class='ocrx_word' id='word_1_357' title='bbox 800 5409 1086 5479; x_wconf 82' lang='grc' dir='ltr'>βασιλικῆς</span> <span class='ocrx_word' id='word_1_358' title='bbox 1109 5411 1200 5464; x_wconf 79' lang='grc' dir='ltr'>καὶ</span> <span class='ocrx_word' id='word_1_359' title='bbox 1234 5410 1376 5480; x_wconf 84' lang='grc' dir='ltr'>αὐτὴ</span> <span class='ocrx_word' id='word_1_360' title='bbox 1408 5411 1581 5480; x_wconf 82' lang='grc' dir='ltr'>φυλῆς</span> <span class='ocrx_word' id='word_1_361' title='bbox 1603 5412 1697 5464; x_wconf 81' lang='grc' dir='ltr'>τοῦ</span> <span class='ocrx_word' id='word_1_362' title='bbox 1743 5412 1936 5477; x_wconf 83' lang='grc' dir='ltr'><strong>Ἰούδα,</strong></span> 
     </span>
    </p>
   </div>
   <div class='ocr_carea' id='block_1_56' title="bbox 355 5496 1939 5574">
    <p class='ocr_par' dir='ltr' id='par_1_56' title="bbox 355 5496 1939 5574">
     <span class='ocr_line' id='line_1_57' title="bbox 355 5496 1939 5574; baseline 0.005 -27"><span class='ocrx_word' id='word_1_363' title='bbox 355 5496 389 5565; x_wconf 70' lang='grc' dir='ltr'>ἦ</span> <span class='ocrx_word' id='word_1_364' title='bbox 419 5512 500 5548; x_wconf 86' lang='grc' dir='ltr'><strong>τοι</strong></span> <span class='ocrx_word' id='word_1_365' title='bbox 523 5497 617 5550; x_wconf 81' lang='grc' dir='ltr'>τοῦ</span> <span class='ocrx_word' id='word_1_366' title='bbox 640 5497 807 5552; x_wconf 56' lang='lat' dir='ltr'><strong>Act-416</strong></span> <span class='ocrx_word' id='word_1_367' title='bbox 835 5500 1208 5571; x_wconf 81' lang='grc' dir='ltr'>καταγομένη-</span> <span class='ocrx_word' id='word_1_368' title='bbox 1227 5501 1364 5570; x_wconf 85' lang='grc' dir='ltr'>γυνὴ</span> <span class='ocrx_word' id='word_1_369' title='bbox 1391 5502 1591 5565; x_wconf 75' lang='grc' dir='ltr'>παντὸς</span> <span class='ocrx_word' id='word_1_370' title='bbox 1622 5503 1939 5574; x_wconf 78' lang='grc' dir='ltr'>ἀπεχομένη</span> 
     </span>
    </p>
   </div>
   <div class='ocr_carea' id='block_1_57' title="bbox 355 5585 1940 5661">
    <p class='ocr_par' dir='ltr' id='par_1_57' title="bbox 355 5585 1940 5661">
     <span class='ocr_line' id='line_1_58' title="bbox 355 5585 1940 5661; baseline 0.006 -25"><span class='ocrx_word' id='word_1_371' title='bbox 355 5585 550 5638; x_wconf 79' lang='grc' dir='ltr'>κακοῦο</span> <span class='ocrx_word' id='word_1_372' title='bbox 585 5589 722 5661; x_wconf 84' lang='grc' dir='ltr'>γυνὴ</span> <span class='ocrx_word' id='word_1_373' title='bbox 767 5589 972 5653; x_wconf 80' lang='grc' dir='ltr'>πιστῶς</span> <span class='ocrx_word' id='word_1_374' title='bbox 1017 5589 1086 5643; x_wconf 74' lang='grc' dir='ltr'><strong>τὰ</strong></span> <span class='ocrx_word' id='word_1_375' title='bbox 1134 5589 1270 5661; x_wconf 80' lang='grc' dir='ltr'>πρὸς</span> <span class='ocrx_word' id='word_1_376' title='bbox 1292 5591 1385 5645; x_wconf 69' lang='grc' dir='ltr'>τὸν</span> <span class='ocrx_word' id='word_1_377' title='bbox 1430 5591 1565 5646; x_wconf 75' lang='grc' dir='ltr'>Θεὸν</span> <span class='ocrx_word' id='word_1_378' title='bbox 1615 5592 1940 5646; x_wconf 82' lang='grc' dir='ltr'>συνοικοῦσα</span> 
     </span>
    </p>
   </div>
   <div class='ocr_carea' id='block_1_58' title="bbox 351 5677 1936 5754">
    <p class='ocr_par' dir='ltr' id='par_1_58' title="bbox 351 5677 1936 5754">
     <span class='ocr_line' id='line_1_59' title="bbox 351 5677 1936 5754; baseline 0.003 -22"><span class='ocrx_word' id='word_1_379' title='bbox 351 5677 432 5746; x_wconf 81' lang='grc' dir='ltr'>τῷ</span> <span class='ocrx_word' id='word_1_380' title='bbox 455 5678 628 5748; x_wconf 80' lang='grc' dir='ltr'>ἀνδρί·</span> <span class='ocrx_word' id='word_1_381' title='bbox 658 5679 796 5752; x_wconf 82' lang='grc' dir='ltr'>γυνὴ</span> <span class='ocrx_word' id='word_1_382' title='bbox 819 5685 1171 5751; x_wconf 85' lang='grc' dir='ltr'>προσευχαῖς,</span> <span class='ocrx_word' id='word_1_383' title='bbox 1196 5681 1290 5734; x_wconf 79' lang='grc' dir='ltr'>καὶ</span> <span class='ocrx_word' id='word_1_384' title='bbox 1309 5682 1608 5753; x_wconf 83' lang='grc' dir='ltr'>νηστείαις,</span> <span class='ocrx_word' id='word_1_385' title='bbox 1638 5685 1733 5736; x_wconf 78' lang='grc' dir='ltr'>καὶ</span> <span class='ocrx_word' id='word_1_386' title='bbox 1767 5701 1936 5754; x_wconf 83' lang='grc' dir='ltr'>προσ-</span> 
     </span>
    </p>
   </div>
   <div class='ocr_carea' id='block_1_59' title="bbox 353 5771 1934 5845">
    <p class='ocr_par' dir='ltr' id='par_1_59' title="bbox 353 5771 1934 5845">
     <span class='ocr_line' id='line_1_60' title="bbox 353 5771 1934 5845; baseline 0.003 -23"><span class='ocrx_word' id='word_1_387' title='bbox 353 5771 546 5841; x_wconf 67' lang='grc' dir='ltr'>φοραῖς</span> <span class='ocrx_word' id='word_1_388' title='bbox 592 5771 1011 5841; x_wconf 71' lang='grc' dir='ltr'>μεγαλοδώροις,</span> <span class='ocrx_word' id='word_1_389' title='bbox 1041 5773 1140 5826; x_wconf 78' lang='grc' dir='ltr'><strong>σὺν</strong></span> <span class='ocrx_word' id='word_1_390' title='bbox 1167 5773 1246 5843; x_wconf 79' lang='grc' dir='ltr'>τῷ</span> <span class='ocrx_word' id='word_1_391' title='bbox 1278 5773 1394 5843; x_wconf 84' lang='grc' dir='ltr'>ίδίῳ</span> <span class='ocrx_word' id='word_1_392' title='bbox 1445 5773 1681 5845; x_wconf 78' lang='grc' dir='ltr'>συμσίῳ,</span> <span class='ocrx_word' id='word_1_393' title='bbox 1714 5774 1792 5844; x_wconf 86' lang='grc' dir='ltr'>τῷ</span> <span class='ocrx_word' id='word_1_394' title='bbox 1821 5771 1934 5844; x_wconf 80' lang='grc' dir='ltr'><strong>ναῷ</strong></span> 
     </span>
    </p>
   </div>
   <div class='ocr_carea' id='block_1_60' title="bbox 419 5927 1554 5997">
    <p class='ocr_par' dir='ltr' id='par_1_60' title="bbox 419 5927 1554 5997">
     <span class='ocr_line' id='line_1_61' title="bbox 419 5927 1554 5997; baseline 0.002 -15"><span class='ocrx_word' id='word_1_395' title='bbox 419 5929 436 5958; x_wconf 83' lang='grc'>¹</span> <span class='ocrx_word' id='word_1_396' title='bbox 472 5927 616 5982; x_wconf 82' lang='lat' dir='ltr'><strong>Psal.</strong></span> <span class='ocrx_word' id='word_1_397' title='bbox 646 5929 928 5994; x_wconf 69' lang='lat' dir='ltr'><strong>cxvu,23.</strong></span> <span class='ocrx_word' id='word_1_398' title='bbox 1009 5935 1028 5964; x_wconf 80' lang='grc'><em>³</em></span> <span class='ocrx_word' id='word_1_399' title='bbox 1072 5931 1216 5987; x_wconf 81' lang='lat' dir='ltr'><strong>Psal.</strong></span> <span class='ocrx_word' id='word_1_400' title='bbox 1243 5945 1462 5997; x_wconf 72' lang='lat' dir='ltr'><strong>tum,</strong></span> <span class='ocrx_word' id='word_1_401' title='bbox 1499 5931 1554 5985; x_wconf 74' lang='lat'><strong>2.</strong></span> 
     </span>
    </p>
   </div>
   <div class='ocr_carea' id='block_1_61' title="bbox 2049 4399 3643 4471">
    <p class='ocr_par' dir='ltr' id='par_1_61' title="bbox 2049 4399 3643 4471">
     <span class='ocr_line' id='line_1_62' title="bbox 2049 4399 3643 4471; baseline -0.001 -16"><span class='ocrx_word' id='word_1_402' title='bbox 2049 4400 2448 4456; x_wconf 85' lang='lat' dir='ltr'><strong>sacriﬁciorum</strong></span> <span class='ocrx_word' id='word_1_403' title='bbox 2481 4399 2762 4457; x_wconf 86' lang='lat' dir='ltr'><strong>oblatione</strong></span> <span class='ocrx_word' id='word_1_404' title='bbox 2795 4401 3012 4456; x_wconf 83' lang='lat' dir='ltr'><strong>sincere</strong></span> <span class='ocrx_word' id='word_1_405' title='bbox 3041 4401 3202 4471; x_wconf 89' lang='lat' dir='ltr'><strong>pius;</strong></span> <span class='ocrx_word' id='word_1_406' title='bbox 3233 4400 3315 4454; x_wconf 80' lang='lat' dir='ltr'><strong>vir</strong></span> <span class='ocrx_word' id='word_1_407' title='bbox 3351 4400 3406 4454; x_wconf 88' lang='lat' dir='ltr'><strong>in</strong></span> <span class='ocrx_word' id='word_1_408' title='bbox 3429 4399 3643 4456; x_wconf 83' lang='lat' dir='ltr'><strong>cunctis</strong></span> 
     </span>
    </p>
   </div>
   <div class='ocr_carea' id='block_1_62' title="bbox 2049 4491 3644 4562">
    <p class='ocr_par' dir='ltr' id='par_1_62' title="bbox 2049 4491 3644 4562">
     <span class='ocr_line' id='line_1_63' title="bbox 2049 4491 3644 4562; baseline -0.001 -16"><span class='ocrx_word' id='word_1_409' title='bbox 2049 4493 2275 4548; x_wconf 83' lang='lat' dir='ltr'><strong>studens</strong></span> <span class='ocrx_word' id='word_1_410' title='bbox 2326 4491 2438 4548; x_wconf 91' lang='lat' dir='ltr'><strong>Deo</strong></span> <span class='ocrx_word' id='word_1_411' title='bbox 2469 4493 2610 4548; x_wconf 90' lang='lat' dir='ltr'><strong>bene</strong></span> <span class='ocrx_word' id='word_1_412' title='bbox 2657 4493 3012 4562; x_wconf 80' lang='lat' dir='ltr'><strong>placerc;vir</strong></span> <span class='ocrx_word' id='word_1_413' title='bbox 3061 4491 3486 4556; x_wconf 86' lang='lat' dir='ltr'><strong>desideriorum,</strong></span> <span class='ocrx_word' id='word_1_414' title='bbox 3519 4507 3644 4560; x_wconf 79' lang='lat' dir='ltr'><strong>qua:</strong></span> 
     </span>
    </p>
   </div>
   <div class='ocr_carea' id='block_1_63' title="bbox 2049 4581 3638 4655">
    <p class='ocr_par' dir='ltr' id='par_1_63' title="bbox 2049 4581 3638 4655">
     <span class='ocr_line' id='line_1_64' title="bbox 2049 4581 3638 4655; baseline -0.004 -17"><span class='ocrx_word' id='word_1_415' title='bbox 2049 4593 2181 4639; x_wconf 90' lang='lat' dir='ltr'><strong>sunt</strong></span> <span class='ocrx_word' id='word_1_416' title='bbox 2229 4597 2298 4640; x_wconf 79' lang='lat' dir='ltr'><strong>ex</strong></span> <span class='ocrx_word' id='word_1_417' title='bbox 2351 4583 2606 4655; x_wconf 88' lang='lat' dir='ltr'><strong>Spiritu:</strong></span> <span class='ocrx_word' id='word_1_418' title='bbox 2639 4582 3092 4654; x_wconf 87' lang='lat' dir='ltr'><strong>quandoquidem</strong></span> <span class='ocrx_word' id='word_1_419' title='bbox 3147 4599 3274 4637; x_wconf 83' lang='lat' dir='ltr'><strong>cum</strong></span> <span class='ocrx_word' id='word_1_420' title='bbox 3335 4581 3638 4636; x_wconf 85' lang='lat' dir='ltr'><strong>liberorum</strong></span> 
     </span>
    </p>
   </div>
   <div class='ocr_carea' id='block_1_64' title="bbox 2048 4674 3639 4746">
    <p class='ocr_par' dir='ltr' id='par_1_64' title="bbox 2048 4674 3639 4746">
     <span class='ocr_line' id='line_1_65' title="bbox 2048 4674 3639 4746; baseline -0.002 -15"><span class='ocrx_word' id='word_1_421' title='bbox 2048 4691 2242 4746; x_wconf 81' lang='lat' dir='ltr'><strong>expers</strong></span> <span class='ocrx_word' id='word_1_422' title='bbox 2274 4684 2444 4743; x_wconf 87' lang='lat' dir='ltr'><strong>esset,</strong></span> <span class='ocrx_word' id='word_1_423' title='bbox 2485 4689 2550 4730; x_wconf 87' lang='lat' dir='ltr'><strong>ac</strong></span> <span class='ocrx_word' id='word_1_424' title='bbox 2597 4676 2876 4732; x_wconf 86' lang='lat' dir='ltr'><strong>desiderio</strong></span> <span class='ocrx_word' id='word_1_425' title='bbox 2907 4675 3076 4744; x_wconf 83' lang='lat' dir='ltr'><strong>prolis</strong></span> <span class='ocrx_word' id='word_1_426' title='bbox 3131 4683 3430 4738; x_wconf 82' lang='lat' dir='ltr'><strong>teneretur,</strong></span> <span class='ocrx_word' id='word_1_427' title='bbox 3461 4674 3639 4729; x_wconf 82' lang='lat' dir='ltr'><strong>sancti</strong></span> 
     </span>
    </p>
   </div>
   <div class='ocr_carea' id='block_1_65' title="bbox 2055 4765 3640 4838">
    <p class='ocr_par' dir='ltr' id='par_1_65' title="bbox 2055 4765 3640 4838">
     <span class='ocr_line' id='line_1_66' title="bbox 2055 4765 3640 4838; baseline -0.003 -16"><span class='ocrx_word' id='word_1_428' title='bbox 2055 4767 2296 4838; x_wconf 87' lang='lat' dir='ltr'><strong>Spiritus</strong></span> <span class='ocrx_word' id='word_1_429' title='bbox 2319 4783 2580 4838; x_wconf 86' lang='lat' dir='ltr'><strong>sponsam</strong></span> <span class='ocrx_word' id='word_1_430' title='bbox 2618 4768 2828 4838; x_wconf 78' lang='lat' dir='ltr'><strong>genuit,</strong></span> <span class='ocrx_word' id='word_1_431' title='bbox 2861 4769 2946 4822; x_wconf 83' lang='lat' dir='ltr'><strong>vir</strong></span> <span class='ocrx_word' id='word_1_432' title='bbox 2975 4775 3230 4822; x_wconf 79' lang='lat' dir='ltr'><strong>votorum</strong></span> <span class='ocrx_word' id='word_1_433' title='bbox 3265 4781 3492 4822; x_wconf 84' lang='lat' dir='ltr'><strong>suorum</strong></span> <span class='ocrx_word' id='word_1_434' title='bbox 3523 4765 3640 4820; x_wconf 81' lang='lat' dir='ltr'><strong>fcli-</strong></span> 
     </span>
    </p>
   </div>
   <div class='ocr_carea' id='block_1_66' title="bbox 2048 4857 3640 4930">
    <p class='ocr_par' dir='ltr' id='par_1_66' title="bbox 2048 4857 3640 4930">
     <span class='ocr_line' id='line_1_67' title="bbox 2048 4857 3640 4930; baseline -0.003 -16"><span class='ocrx_word' id='word_1_435' title='bbox 2048 4859 2271 4915; x_wconf 85' lang='lat' dir='ltr'><strong>cissime</strong></span> <span class='ocrx_word' id='word_1_436' title='bbox 2322 4873 2570 4928; x_wconf 85' lang='lat' dir='ltr'><strong>compos,</strong></span> <span class='ocrx_word' id='word_1_437' title='bbox 2621 4860 2883 4930; x_wconf 89' lang='lat' dir='ltr'><strong>quoniam</strong></span> <span class='ocrx_word' id='word_1_438' title='bbox 2937 4871 3126 4929; x_wconf 85' lang='lat' dir='ltr'><strong>preces</strong></span> <span class='ocrx_word' id='word_1_439' title='bbox 3183 4858 3306 4928; x_wconf 80' lang='lat' dir='ltr'><strong>ejus</strong></span> <span class='ocrx_word' id='word_1_440' title='bbox 3363 4857 3640 4913; x_wconf 75' lang='lat' dir='ltr'><strong>exaudivit</strong></span> 
     </span>
    </p>
   </div>
   <div class='ocr_carea' id='block_1_67' title="bbox 2047 4950 3639 5022">
    <p class='ocr_par' dir='ltr' id='par_1_67' title="bbox 2047 4950 3639 5022">
     <span class='ocr_line' id='line_1_68' title="bbox 2047 4950 3639 5022; baseline -0.001 -18"><span class='ocrx_word' id='word_1_441' title='bbox 2047 4950 2215 5016; x_wconf 84' lang='lat' dir='ltr'><strong>Deus,</strong></span> <span class='ocrx_word' id='word_1_442' title='bbox 2243 4952 2406 5022; x_wconf 84' lang='lat' dir='ltr'><strong>eique</strong></span> <span class='ocrx_word' id='word_1_443' title='bbox 2456 4952 2606 5006; x_wconf 90' lang='lat' dir='ltr'><strong>illam</strong></span> <span class='ocrx_word' id='word_1_444' title='bbox 2663 4951 2810 5007; x_wconf 86' lang='lat' dir='ltr'><strong>dono</strong></span> <span class='ocrx_word' id='word_1_445' title='bbox 2849 4952 3017 5017; x_wconf 90' lang='lat' dir='ltr'><strong>dedit,</strong></span> <span class='ocrx_word' id='word_1_446' title='bbox 3051 4967 3175 5022; x_wconf 84' lang='lat' dir='ltr'><strong>quae</strong></span> <span class='ocrx_word' id='word_1_447' title='bbox 3205 4959 3428 5020; x_wconf 70' lang='lat' dir='ltr'><strong>praestat</strong></span> <span class='ocrx_word' id='word_1_448' title='bbox 3478 4965 3639 5018; x_wconf 71' lang='lat' dir='ltr'><strong>super</strong></span> 
     </span>
    </p>
   </div>
   <div class='ocr_carea' id='block_1_68' title="bbox 2045 5039 3632 5106">
    <p class='ocr_par' dir='ltr' id='par_1_68' title="bbox 2045 5039 3632 5106">
     <span class='ocr_line' id='line_1_69' title="bbox 2045 5039 3632 5106; baseline 0.001 -16"><span class='ocrx_word' id='word_1_449' title='bbox 2045 5040 2225 5094; x_wconf 87' lang='lat' dir='ltr'><strong>omnia</strong></span> <span class='ocrx_word' id='word_1_450' title='bbox 2281 5041 2628 5094; x_wconf 80' lang='lat' dir='ltr'><strong>tabernacqu</strong></span> <span class='ocrx_word' id='word_1_451' title='bbox 2691 5039 2860 5095; x_wconf 76' lang='lat' dir='ltr'><strong>Jacob</strong></span> <span class='ocrx_word' id='word_1_452' title='bbox 2888 5043 2930 5106; x_wconf 78' lang='grc'>⁸,</span> <span class='ocrx_word' id='word_1_453' title='bbox 2961 5057 3056 5096; x_wconf 83' lang='lat' dir='ltr'><strong>seu</strong></span> <span class='ocrx_word' id='word_1_454' title='bbox 3118 5041 3316 5096; x_wconf 85' lang='lat' dir='ltr'><strong>melius</strong></span> <span class='ocrx_word' id='word_1_455' title='bbox 3376 5039 3632 5103; x_wconf 78' lang='lat' dir='ltr'><strong>dixerim,</strong></span> 
     </span>
    </p>
   </div>
   <div class='ocr_carea' id='block_1_69' title="bbox 2047 5130 3636 5200">
    <p class='ocr_par' dir='ltr' id='par_1_69' title="bbox 2047 5130 3636 5200">
     <span class='ocr_line' id='line_1_70' title="bbox 2047 5130 3636 5200; baseline 0.001 -17"><span class='ocrx_word' id='word_1_456' title='bbox 2047 5130 2212 5184; x_wconf 87' lang='lat' dir='ltr'><strong>ﬁliam</strong></span> <span class='ocrx_word' id='word_1_457' title='bbox 2241 5131 2410 5193; x_wconf 89' lang='lat' dir='ltr'><strong>dedit.</strong></span> <span class='ocrx_word' id='word_1_458' title='bbox 2435 5146 2564 5200; x_wconf 83' lang='lat' dir='ltr'><strong>quae</strong></span> <span class='ocrx_word' id='word_1_459' title='bbox 2619 5147 2786 5200; x_wconf 89' lang='lat' dir='ltr'><strong>supra</strong></span> <span class='ocrx_word' id='word_1_460' title='bbox 2837 5131 3124 5186; x_wconf 73' lang='lat' dir='ltr'><strong>universas</strong></span> <span class='ocrx_word' id='word_1_461' title='bbox 3179 5139 3460 5185; x_wconf 84' lang='lat' dir='ltr'><strong>creaturas</strong></span> <span class='ocrx_word' id='word_1_462' title='bbox 3519 5143 3636 5184; x_wconf 72' lang='lat' dir='ltr'><strong>cte-</strong></span> 
     </span>
    </p>
   </div>
   <div class='ocr_carea' id='block_1_70' title="bbox 2049 5221 3353 5290">
    <p class='ocr_par' dir='ltr' id='par_1_70' title="bbox 2049 5221 3353 5290">
     <span class='ocr_line' id='line_1_71' title="bbox 2049 5221 3353 5290; baseline 0.001 -16"><span class='ocrx_word' id='word_1_463' title='bbox 2049 5222 2383 5290; x_wconf 82' lang='lat' dir='ltr'><strong>lestesjuxta</strong></span> <span class='ocrx_word' id='word_1_464' title='bbox 2417 5237 2482 5277; x_wconf 86' lang='lat' dir='ltr'><strong>ac</strong></span> <span class='ocrx_word' id='word_1_465' title='bbox 2509 5230 2796 5278; x_wconf 89' lang='lat' dir='ltr'><strong>terrestres</strong></span> <span class='ocrx_word' id='word_1_466' title='bbox 2825 5223 3022 5278; x_wconf 87' lang='lat' dir='ltr'><strong>merito</strong></span> <span class='ocrx_word' id='word_1_467' title='bbox 3049 5221 3353 5277; x_wconf 79' lang='lat' dir='ltr'><strong>extollitur.</strong></span> 
     </span>
    </p>
   </div>
   <div class='ocr_carea' id='block_1_71' title="bbox 2119 5313 3634 5384">
    <p class='ocr_par' dir='ltr' id='par_1_71' title="bbox 2119 5313 3634 5384">
     <span class='ocr_line' id='line_1_72' title="bbox 2119 5313 3634 5384; baseline 0 -18"><span class='ocrx_word' id='word_1_468' title='bbox 2119 5313 2209 5368; x_wconf 89' lang='lat' dir='ltr'><strong>Ill.</strong></span> <span class='ocrx_word' id='word_1_469' title='bbox 2242 5313 2406 5382; x_wconf 82' lang='lat' dir='ltr'><strong>Atqui</strong></span> <span class='ocrx_word' id='word_1_470' title='bbox 2439 5313 2514 5368; x_wconf 92' lang='lat' dir='ltr'><strong>illi</strong></span> <span class='ocrx_word' id='word_1_471' title='bbox 2553 5315 2642 5384; x_wconf 88' lang='lat' dir='ltr'><strong>pia</strong></span> <span class='ocrx_word' id='word_1_472' title='bbox 2674 5324 2793 5370; x_wconf 90' lang='lat' dir='ltr'><strong>erat</strong></span> <span class='ocrx_word' id='word_1_473' title='bbox 2823 5331 2980 5382; x_wconf 78' lang='lat' dir='ltr'><strong>uxor,</strong></span> <span class='ocrx_word' id='word_1_474' title='bbox 3012 5315 3100 5370; x_wconf 90' lang='lat' dir='ltr'><strong>cui</strong></span> <span class='ocrx_word' id='word_1_475' title='bbox 3131 5325 3332 5369; x_wconf 88' lang='lat' dir='ltr'><strong>nomen</strong></span> <span class='ocrx_word' id='word_1_476' title='bbox 3367 5313 3548 5378; x_wconf 82' lang='lat' dir='ltr'><strong>Anna,</strong></span> <span class='ocrx_word' id='word_1_477' title='bbox 3577 5317 3634 5367; x_wconf 88' lang='lat' dir='ltr'><strong>et</strong></span> 
     </span>
    </p>
   </div>
   <div class='ocr_carea' id='block_1_72' title="bbox 2050 5399 3632 5474">
    <p class='ocr_par' dir='ltr' id='par_1_72' title="bbox 2050 5399 3632 5474">
     <span class='ocr_line' id='line_1_73' title="bbox 2050 5399 3632 5474; baseline -0.003 -16"><span class='ocrx_word' id='word_1_478' title='bbox 2050 5403 2165 5473; x_wconf 84' lang='lat' dir='ltr'><strong>ipsa</strong></span> <span class='ocrx_word' id='word_1_479' title='bbox 2197 5418 2264 5458; x_wconf 80' lang='lat' dir='ltr'><strong>ex</strong></span> <span class='ocrx_word' id='word_1_480' title='bbox 2297 5403 2447 5472; x_wconf 77' lang='lat' dir='ltr'><strong>regia</strong></span> <span class='ocrx_word' id='word_1_481' title='bbox 2477 5401 2622 5457; x_wconf 89' lang='lat' dir='ltr'><strong>tribu</strong></span> <span class='ocrx_word' id='word_1_482' title='bbox 2643 5399 2818 5468; x_wconf 69' lang='lat' dir='ltr'><strong>Judae,</strong></span> <span class='ocrx_word' id='word_1_483' title='bbox 2850 5403 3052 5474; x_wconf 89' lang='lat' dir='ltr'><strong>quippe</strong></span> <span class='ocrx_word' id='word_1_484' title='bbox 3084 5417 3206 5473; x_wconf 67' lang='lat' dir='ltr'><strong>qua:</strong></span> <span class='ocrx_word' id='word_1_485' title='bbox 3231 5417 3262 5457; x_wconf 92' lang='lat' dir='ltr'><strong>e</strong></span> <span class='ocrx_word' id='word_1_486' title='bbox 3289 5401 3494 5456; x_wconf 80' lang='lat' dir='ltr'><strong>Davide</strong></span> <span class='ocrx_word' id='word_1_487' title='bbox 3519 5401 3632 5455; x_wconf 86' lang='lat' dir='ltr'><strong>ori-</strong></span> 
     </span>
    </p>
   </div>
   <div class='ocr_carea' id='block_1_73' title="bbox 2049 5492 3626 5565">
    <p class='ocr_par' dir='ltr' id='par_1_73' title="bbox 2049 5492 3626 5565">
     <span class='ocr_line' id='line_1_74' title="bbox 2049 5492 3626 5565; baseline -0.001 -17"><span class='ocrx_word' id='word_1_488' title='bbox 2049 5495 2228 5565; x_wconf 76' lang='lat' dir='ltr'><strong>ginem</strong></span> <span class='ocrx_word' id='word_1_489' title='bbox 2283 5493 2546 5562; x_wconf 70' lang='lat' dir='ltr'><strong>ducebat;</strong></span> <span class='ocrx_word' id='word_1_490' title='bbox 2581 5494 2782 5548; x_wconf 90' lang='lat' dir='ltr'><strong>mulier</strong></span> <span class='ocrx_word' id='word_1_491' title='bbox 2813 5495 2883 5550; x_wconf 80' lang='lat' dir='ltr'><strong>ab</strong></span> <span class='ocrx_word' id='word_1_492' title='bbox 2921 5494 3074 5550; x_wconf 87' lang='lat' dir='ltr'><strong>omni</strong></span> <span class='ocrx_word' id='word_1_493' title='bbox 3123 5493 3272 5547; x_wconf 87' lang='lat' dir='ltr'><strong>malo</strong></span> <span class='ocrx_word' id='word_1_494' title='bbox 3315 5492 3626 5556; x_wconf 80' lang='lat' dir='ltr'><strong>abstinens;</strong></span> 
     </span>
    </p>
   </div>
   <div class='ocr_carea' id='block_1_74' title="bbox 2051 5583 3626 5657">
    <p class='ocr_par' dir='ltr' id='par_1_74' title="bbox 2051 5583 3626 5657">
     <span class='ocr_line' id='line_1_75' title="bbox 2051 5583 3626 5657; baseline -0.003 -18"><span class='ocrx_word' id='word_1_495' title='bbox 2051 5585 2267 5654; x_wconf 84' lang='lat' dir='ltr'><strong>mulier,</strong></span> <span class='ocrx_word' id='word_1_496' title='bbox 2299 5585 2353 5640; x_wconf 87' lang='lat' dir='ltr'><strong>in</strong></span> <span class='ocrx_word' id='word_1_497' title='bbox 2387 5583 2454 5642; x_wconf 90' lang='lat' dir='ltr'><strong>iis</strong></span> <span class='ocrx_word' id='word_1_498' title='bbox 2483 5601 2606 5657; x_wconf 66' lang='lat' dir='ltr'><strong>quae</strong></span> <span class='ocrx_word' id='word_1_499' title='bbox 2659 5587 2724 5641; x_wconf 87' lang='lat' dir='ltr'><strong>ad</strong></span> <span class='ocrx_word' id='word_1_500' title='bbox 2765 5585 2858 5642; x_wconf 88' lang='lat' dir='ltr'><strong>Dei</strong></span> <span class='ocrx_word' id='word_1_501' title='bbox 2913 5587 3122 5642; x_wconf 89' lang='lat' dir='ltr'><strong>cultum</strong></span> <span class='ocrx_word' id='word_1_502' title='bbox 3163 5585 3456 5656; x_wconf 79' lang='lat' dir='ltr'><strong>pertinent,</strong></span> <span class='ocrx_word' id='word_1_503' title='bbox 3487 5583 3626 5637; x_wconf 86' lang='lat' dir='ltr'><strong>ﬁdeli</strong></span> 
     </span>
    </p>
   </div>
   <div class='ocr_carea' id='block_1_75' title="bbox 2049 5675 3632 5749">
    <p class='ocr_par' dir='ltr' id='par_1_75' title="bbox 2049 5675 3632 5749">
     <span class='ocr_line' id='line_1_76' title="bbox 2049 5675 3632 5749; baseline -0.001 -17"><span class='ocrx_word' id='word_1_504' title='bbox 2049 5679 2167 5732; x_wconf 87' lang='lat' dir='ltr'><strong>viro</strong></span> <span class='ocrx_word' id='word_1_505' title='bbox 2198 5693 2301 5734; x_wconf 90' lang='lat' dir='ltr'><strong>suo</strong></span> <span class='ocrx_word' id='word_1_506' title='bbox 2330 5693 2550 5744; x_wconf 85' lang='lat' dir='ltr'><strong>comes;</strong></span> <span class='ocrx_word' id='word_1_507' title='bbox 2582 5679 2778 5734; x_wconf 90' lang='lat' dir='ltr'><strong>mulier</strong></span> <span class='ocrx_word' id='word_1_508' title='bbox 2813 5677 2866 5734; x_wconf 90' lang='lat' dir='ltr'><strong>in</strong></span> <span class='ocrx_word' id='word_1_509' title='bbox 2905 5677 3180 5749; x_wconf 85' lang='lat' dir='ltr'><strong>precibus,</strong></span> <span class='ocrx_word' id='word_1_510' title='bbox 3215 5689 3269 5734; x_wconf 86' lang='lat' dir='ltr'><strong>et</strong></span> <span class='ocrx_word' id='word_1_511' title='bbox 3299 5675 3546 5746; x_wconf 84' lang='lat' dir='ltr'><strong>jejuniis,</strong></span> <span class='ocrx_word' id='word_1_512' title='bbox 3577 5683 3632 5730; x_wconf 84' lang='lat' dir='ltr'><strong>et</strong></span> 
     </span>
    </p>
   </div>
   <div class='ocr_carea' id='block_1_76' title="bbox 2045 5769 3628 5844">
    <p class='ocr_par' dir='ltr' id='par_1_76' title="bbox 2045 5769 3628 5844">
     <span class='ocr_line' id='line_1_77' title="bbox 2045 5769 3628 5844; baseline -0.004 -16"><span class='ocrx_word' id='word_1_513' title='bbox 2045 5773 2344 5844; x_wconf 80' lang='lat' dir='ltr'><strong>splendidis</strong></span> <span class='ocrx_word' id='word_1_514' title='bbox 2367 5775 2740 5831; x_wconf 84' lang='lat' dir='ltr'><strong>oblationibus</strong></span> <span class='ocrx_word' id='word_1_515' title='bbox 2775 5789 2898 5830; x_wconf 88' lang='lat' dir='ltr'><strong>cum</strong></span> <span class='ocrx_word' id='word_1_516' title='bbox 2925 5774 3158 5844; x_wconf 77' lang='lat' dir='ltr'><strong>conjuge</strong></span> <span class='ocrx_word' id='word_1_517' title='bbox 3201 5787 3302 5828; x_wconf 88' lang='lat' dir='ltr'><strong>suo</strong></span> <span class='ocrx_word' id='word_1_518' title='bbox 3330 5771 3384 5825; x_wconf 90' lang='lat' dir='ltr'><strong>in</strong></span> <span class='ocrx_word' id='word_1_519' title='bbox 3425 5769 3628 5839; x_wconf 87' lang='lat' dir='ltr'><strong>templo</strong></span> 
     </span>
    </p>
   </div>
  </div>
