4080 6418
505 423 642 488 i807

1765 421 2028 482 COSM/E
2066 421 2253 485 VEST
2261 423 2516 485 [TORIS

3628 425 3776 490 1008

503 538 594 590 Det
625 536 885 601 assidua;
920 532 1138 598 mulier,
1194 544 1315 600 qum
1370 545 1464 600 per
1514 530 1860 585 concordiam
1907 532 2075 586 animi

2181 532 2274 587 τοῦ
2308 534 2445 586 Θεοῦ
2493 534 3001 606 προσκαρτεροῦσα’
3053 534 3192 604 γυνὴ
3232 536 3289 588 ἐν
3328 534 3554 609 ὁμονοίᾳ
3580 537 3769 607 ψυχῆς

499 627 864 697 corporisque
919 622 1336 692 temperantiam
1385 621 1499 691 pari
1536 637 1753 692 semper
1783 638 1907 677 cum
1959 624 2078 679 viro

499 730 601 769 suo
659 715 923 784 sapientia
956 711 1217 767 enitebat.
1257 710 1569 764 Secundum
1631 712 1776 765 enim
1823 712 2075 781 (primam

500 805 648 858 illam
686 802 953 872 mulieris)
987 801 1371 855 formationem
1407 817 1471 855 ex
1518 814 1604 865 eo,
1639 801 1731 870 qui
1770 802 1931 856 datus
1970 801 2073 869 ipsi

497 896 700 962 conjux
726 910 753 946 a
787 895 895 947 Deo
929 892 1049 957 fuit,
1079 908 1140 947 os
1174 894 1304 946 illud
1332 893 1431 946 viri
1464 893 1533 947 ab
1556 894 1705 948 omni
1734 894 2062 948 detrimento

496 987 735 1041 servavit
795 986 1087 1056 integrum,
1148 985 1491 1055 conjugalem
1562 1000 1757 1054 nempe
1807 985 1880 1039 illi
1944 986 2075 1039 am:-

495 1083 645 1128 ctum
670 1084 887 1144 propter
910 1088 1155 1128 amorem
1189 1072 1280 1127 Dei
1304 1082 1513 1128 sartum
1542 1082 1855 1144 tectumque
1878 1082 2068 1130 custo-

495 1168 675 1222 diens.

496 1284 499 1285 ν
568 1258 652 1313 IV.
683 1257 800 1313 Non
856 1260 1001 1313 enim
1043 1260 1098 1312 in
1150 1258 1446 1328 perniciem
1499 1258 1624 1323 viri,
1655 1267 1714 1312 ut
1765 1259 1893 1313 olim
1944 1257 2074 1316 Eva.

494 1364 651 1405 versa
682 1360 799 1417 est;
834 1350 926 1404 sed
978 1349 1303 1420 adjutricem
1346 1364 1405 1406 se
1436 1350 1514 1403 illi
1534 1350 1790 1419 tiprzebuit
1834 1360 1947 1403 tum
1983 1364 2078 1417 per

489 1441 676 1510 jugem
733 1442 995 1495 virtutum
1054 1442 1536 1507 exercitationem,
1571 1451 1685 1496 tum
1745 1458 1839 1511 p‘r
1890 1456 2076 1510 preces

496 1531 746 1601 quotidie
789 1530 856 1585 ad
905 1530 1073 1585 Deum
1123 1530 1344 1586 eﬂ‘usas.
1381 1530 1514 1584 Nam
1559 1533 1672 1601 pari
1705 1530 1886 1585 studio
1915 1530 2076 1583 ambo

498 1624 573 1677 illi
602 1623 862 1694 eonjuges
919 1622 1174 1693 precibus
1231 1638 1263 1677 e
1314 1623 1586 1677 desiderio
1636 1622 1805 1691 prolis
1856 1621 2076 1677 insiste-

497 1715 649 1782 bant,
678 1731 786 1771 non
819 1730 977 1771 secus
1017 1725 1183 1783 atque
1235 1715 1472 1785 agricola
1520 1714 1682 1768 simul
1732 1729 1857 1768 cum
1909 1729 2077 1769 uxore

500 1823 598 1861 sua
623 1822 874 1878 asperam
906 1815 1102 1861 terram
1132 1807 1419 1875 diligenter
1458 1805 1928 1870 excolentes,dum
1949 1820 2076 1874 pro-

2181 626 2276 678 καὶ
2321 626 2673 697 σωφροσύνης
2719 626 2972 698 σώματος
3018 627 3079 680 τὸ
3122 628 3456 698 μονότροπον
3516 629 3605 681 ἀεὶ
3663 630 3770 699 τῆς

2180 716 2436 785 γνώσεως
2470 718 2607 788 μετὰ
2627 718 2719 771 τοῦ
2746 720 2939 788 ἀνδρὸς
2962 721 3305 791 κτησαμένη.
3336 721 3492 774 Κατὰ
3522 720 3631 790 γὰρ
3662 720 3769 790 τὴν

2181 803 2379 857 πλάσιν
2407 806 2499 857 τοῦ
2549 806 2937 877 συζευχθέντος
2986 810 3125 877 αὐτῇ
3172 810 3325 879 παρὰ
3370 810 3463 862 τοῦ
3493 810 3652 873 Θεοῦ,
3700 811 3768 861 τὸ

2178 895 2370 948 ὀστοῦν
2395 897 2652 951 διέσωσεν
2678 901 3058 971 ἀσυντρίπτως
3082 901 3177 953 τοῦ
3212 901 3425 970 ἀνδρὸς,
3459 900 3549 953 διὰ
3580 902 3640 952 τὸ
3668 919 3766 969 φι-

2179 986 2362 1041 λόθεον
2395 990 2456 1043 τὸ
2508 990 2890 1062 φιλάνθρωπον
2918 994 3069 1064 αὐτῷ
3116 994 3616 1064 παραφυλάττουσα
3660 993 3766 1062 τῆς

2180 1078 2488 1150 ξυνωρέδος.

2247 1258 2321 1310 Δ⁹.
2358 1257 2434 1309 Οὐ
2479 1257 2589 1329 γὰρ
2639 1258 2975 1328 βλαπτικῶς,
3018 1257 3094 1322 ὡς
3141 1260 3173 1327 ή
3222 1254 3353 1323 Εὕα,
3399 1259 3765 1330 μετεποιήθη.

2177 1346 2312 1400 ἀλλά
2346 1348 2539 1419 βοηθὸς
2580 1349 2658 1419 τῷ
2699 1351 2855 1421 ἀνδρὶ
2885 1350 3236 1421 συνηρμόσθη
3274 1351 3365 1402 ἐπί
3412 1368 3469 1404 τε
3498 1353 3609 1412 τοῖς
3649 1350 3763 1402 τῶν

2178 1438 2388 1510 ἀρετῶν
2415 1440 2829 1509 πολιτεύμασιν,
2859 1440 2951 1492 ἐπί
2982 1456 3039 1492 τε
3065 1442 3183 1501 ταῖς
3213 1439 3301 1491 διὰ
3323 1440 3424 1509 τὴν
3455 1440 3589 1507 πρὸς
3619 1440 3760 1490 Θεὸν

2179 1530 2433 1593 ἱκεσίαις.
2468 1531 2626 1593 Ἴσως
2658 1530 2765 1601 γὰρ
2794 1532 2843 1583 oi
2888 1529 2983 1583 δύο
3008 1530 3136 1599 περὶ
3165 1530 3265 1598 τὴν
3304 1530 3489 1599 δέησιν
3511 1529 3609 1599 τῆς
3636 1533 3725 1581 ἐπι
3747 1559 3765 1569 -

2178 1621 2379 1690 θυμίας
2405 1621 2690 1692 ἀπέκαμον
2716 1621 2809 1675 τοῦ
2850 1622 3065 1674 τέκνου·
3092 1622 3213 1674 καθ’
3242 1620 3302 1674 ὃν
3342 1623 3539 1691 τρόπον
3583 1638 3765 1692 γεωρ-

2177 1715 2272 1781 γὲς
2302 1715 2417 1783 ἅμα
2448 1714 2545 1782 τῆς
2582 1713 2748 1768 αὐτοῦ
2779 1714 3060 1781 γυναικὸς,
3097 1714 3283 1784 χώραν
3326 1714 3771 1784 καλλιεργήσαν-

2177 1823 2268 1869 τος
2297 1808 2513 1877 χέρσον,
2543 1805 2637 1858 τὸν
2682 1806 2886 1875 σπόρον
2933 1805 3426 1875 καταϐαλλόμενοι,
3463 1806 3563 1873 τὴν
3605 1806 3770 1873 εὐφο-

494 1901 697 1970 jiciuut
726 1915 932 1965 semen,
960 1899 1178 1953 uberem
1210 1896 1444 1952 fructum
1476 1905 1872 1952 consecuturos
1898 1911 1958 1950 se
1984 1912 2077 1965 per

2184 1896 2305 1965 ρίαν
2331 1895 2441 1948 τῶν
2466 1896 2695 1966 καρπῶν
2727 1898 3008 1967 ἐπιτυχεῖν
3036 1896 3105 1949 δι’
3156 1897 3320 1967 εὐχῆς
3345 1897 3768 1966 άπεκδέχονται-

500 1993 843 2063 precationes
862 1999 1203 2061 exspectant.
1231 1990 1348 2044 Non
1379 1991 1551 2044 instar
1581 1991 1704 2044 Eva:
1734 2005 1859 2043 cum
1884 1989 2078 2050 Adam,

500 2086 825 2140 versabatur
853 2099 975 2139 cum
1012 2085 1130 2137 viro
1160 2097 1284 2146 suo,
1316 2081 1408 2136 sed
1448 2081 1612 2135 veluti
1655 2080 1756 2150 ipsi
1800 2095 1984 2136 comes
2025 2081 2080 2135 in

499 2178 758 2247 operibus
812 2175 919 2231 Deo
952 2176 1213 2244 acceptis,
1248 2190 1310 2228 ac
1359 2173 1523 2228 simul
1559 2189 1684 2227 cum
1716 2188 1783 2227 eo
1833 2172 1887 2225 in
1920 2173 2084 2226 bene-

500 2268 659 2322 factis
690 2266 1067 2336 spiritualibus
1092 2264 1438 2318 collaborans
1463 2281 1477 2329 ;
1503 2275 1666 2332 atque
1690 2272 1749 2316 ut
1769 2263 1951 2333 portio
1981 2263 2080 2315 viri

500 2374 732 2429 prorsus
764 2359 929 2423 bona,
959 2358 1213 2413 connubii
1250 2358 1487 2410 fructum
1518 2356 1621 2424 ipsi
1655 2354 1918 2409 eximium
1952 2370 2082 2424 pro-

499 2448 643 2503 tulit.
680 2448 746 2501 Et
788 2446 1031 2517 profecto
1057 2446 1166 2500 Eva
1195 2447 1414 2515 quidem
1460 2457 1679 2514 propter
1720 2444 1934 2498 arboris
1967 2444 2083 2497 l‘ru-

499 2548 648 2591 ctum
677 2537 937 2590 universo
964 2534 1171 2589 mundo
1199 2548 1423 2588 causam
1457 2547 1514 2585 se
1538 2531 1792 2586 maeroris
1818 2530 2080 2599 praebuit;

500 2636 557 2683 at
589 2630 791 2697 corijux
820 2626 1091 2682 Joachimi
1120 2627 1276 2680 Anna
1305 2640 1400 2694 per
1435 2624 1674 2679 fructum
1712 2623 1851 2678 uteri
1886 2622 2084 2694 gaudio

498 2718 745 2772 Creatori
777 2716 901 2771 fuit.

570 2808 637 2865 V.
669 2809 938 2865 Omnibus
994 2824 1162 2879 porro
1218 2809 1556 2879 exploratum
1603 2819 1705 2875 est,
1741 2811 1925 2867 Maria:
1981 2812 2079 2868 Dei

501 2903 766 2961 Genitrici
791 2902 1031 2957 faustum
1088 2902 1221 2956 illud
1257 2902 1510 2955 nuntium
1551 2902 1791 2956 delatum
1829 2903 1999 2960 fuisse
2028 2905 2081 2959 in

2182 1986 2295 2056 Οὐχ
2326 1986 2400 2050 ὼς
2431 1988 2465 2055 ἡ
2498 1986 2610 2039 Εὕα
2644 1986 2929 2054 συζήσασα
2970 1987 3051 2056 τῷ
3096 1987 3291 2056 Ἀδάμ,
3323 1986 3438 2039 ἀλλ’
3466 1989 3542 2049 ὡς
3572 2004 3770 2057 συνερ-

2180 2080 2276 2146 γὸς
2317 2078 2703 2148 εὐχαριστίας,
2746 2080 2841 2132 καὶ
2880 2078 3236 2149 συμπονοῦσα
3290 2080 3407 2149 μετ’
3442 2079 3606 2132 αὑτοῦ
3644 2081 3771 2142 ταῖς

2179 2171 2440 2240 ψυχικαῖς
2482 2172 2851 2242 εὐεργεσίαιςο
2886 2175 2981 2225 καὶ
3020 2171 3097 2235 ὡς
3133 2172 3358 2243 άληθῶς
3393 2172 3570 2241 ἀγαθὴ
3606 2172 3770 2241 μερὶς

2181 2263 2632 2333 τελεσφορήσασα
2673 2264 2772 2334 τὴν
2818 2263 3003 2334 κοίτην
3047 2264 3127 2334 τῷ
3172 2262 3350 2330 ἀνδρί.
3407 2262 3471 2315 Ἦ
3518 2263 3615 2333 μὲν
3654 2262 3765 2329 γάρ

2183 2347 2298 2406 Εὕα
2319 2353 2407 2405 διὰ
2435 2354 2647 2422 καρπὸν
2678 2353 2846 2422 φυτοῦ
2868 2353 2945 2422 τῷ
2968 2353 3157 2424 κόσμῳ
3181 2354 3360 2423 λύπης
3392 2353 3610 2421 ἐγένετο
3636 2352 3769 2422 πρό-

2186 2443 2356 2508 ξενος
2390 2445 2422 2513 ή
2454 2443 2510 2495 δὲ
2548 2441 2643 2496 τοῦ
2686 2442 2942 2512 Ἰωακεὶμ
2987 2445 3154 2496 ’Δννα
3192 2442 3281 2509 διὰ
3322 2443 3533 2514 καρπὸν
3561 2443 3766 2503 κοιλίας

2184 2535 2262 2607 τῷ
2290 2536 2500 2609 Κτίστῃ
2524 2536 2936 2607 κεχρημάτικεν
2963 2536 3128 2607 χαρά.

2258 2809 2331 2861 E’.
2366 2809 2542 2862 Πᾶσιν
2582 2806 2764 2876 μέντοι
2807 2805 3070 2876 γνωστὸν,
3096 2804 3173 2869 ὡς
3199 2805 3258 2859 ἐν
3282 2806 3349 2875 τῇ
3378 2804 3637 2876 Γαλιλαίᾳ
3659 2804 3767 2855 τῶν

2185 2899 2354 2953 ἐθνῶν
2402 2900 2435 2969 ἡ
2473 2898 2737 2961 Θεοτόκος
2773 2896 3138 2967 εὐηγγελίσθη
3184 2896 3374 2965 Μαρία
3406 2898 3466 2949 ἐν
3515 2896 3591 2965 τῷ
3634 2894 3768 2964 οἴκῳ

496 2994 719 3051 ϐίιΙὶιαξιι
764 2994 1027 3063 gentium,
1060 2993 1114 3046 in
1175 2991 1339 3047 domo
1371 2990 1595 3063 Josephi
1624 2993 1806 3055 Fabri,
1849 2994 1944 3064 qui
2011 2996 2077 3049 ad

2182 2992 2277 3046 τοῦ
2313 2993 2562 3054 τέκτονος
2609 2990 2830 3060 Ἰωσὴφ,
2862 2990 2954 3042 τοῦ
2985 2990 3077 3043 καὶ
3120 2989 3564 3059 χρηματίσαντος
3585 3026 3599 3049 ,
3629 2988 3770 3069 κατὰ

496 3091 797 3146 eludendas
819 3090 1025 3145 diaboli
1053 3089 1486 3143 machinationes
1509 3089 1668 3143 datus
1683 3090 1849 3144 etiam
1872 3089 2077 3161 Virgini

2186 3083 2545 3155 συναρπαγὴν
2590 3082 2683 3135 τοῦ
2726 3081 2977 3136 διαϐόλου
3049 3081 3283 3150 συζύγου
3333 3082 3431 3150 τῆς
3463 3080 3767 3151 Παρθένου.

495 3182 695 3252 eonjux
756 3181 958 3236 fuerat.
993 3179 1064 3233 At
1122 3195 1317 3235 rursus
1370 3189 1710 3249 compertum
1768 3190 1873 3245 est,
1906 3181 2077 3251 ipsam

2184 3175 2420 3245 Εὔδηλον
2469 3177 2527 3230 δὲ
2574 3175 2757 3237 πάλιν,
2809 3176 2890 3229 ὅτι
2922 3177 2980 3229 ἐν
3023 3174 3272 3244 Βηθλεέμ
3303 3174 3634 3244 γεγέννηκεν
3675 3173 3769 3225 τὸν

493 3274 774 3330 Christum
837 3272 1112 3343 peperisse
1169 3273 1223 3327 in
1286 3272 2077 3343 Bethleem;quandoquidem

2185 3271 2442 3339 Χριστόν·
2471 3271 2553 3324 ὅτι
2585 3272 2682 3323 καὶ
2726 3272 2928 3341 πατρὶς
2962 3270 3132 3338 αὐτῆς
3173 3269 3312 3338 αὑτὴ
3343 3270 3376 3339 ἢ
3418 3269 3571 3330 πόλις
3608 3266 3767 3333 ἐτύγ-

497 3371 613 3423 haec
651 3368 767 3438 ipsa
805 3367 962 3430 urbs,
986 3366 1173 3419 habita
1210 3365 1403 3420 matris
1438 3365 1670 3429 ratione,
1697 3366 1860 3420 etiam
1902 3366 2079 3436 patria

496 3463 668 3532 ipsius
702 3472 838 3523 erat,
874 3459 1051 3530 prouti
1106 3474 1291 3512 sermo
1350 3449 1581 3513 init-rius
1638 3457 2077 3524 demonstrabit;

492 3570 622 3609 nam
678 3563 899 3623 paterna
941 3552 1061 3622 ejus
1107 3551 1304 3606 domus
1332 3548 1728 3621 Hierosolymis
1777 3558 1924 3621 erat,
1960 3567 2081 3620 qua:

495 3646 963 3715 circumcingebat
1006 3643 1363 3714 probaticam,
1391 3650 1452 3696 ut
1482 3641 1645 3711 vulgo
1679 3642 2077 3711 appellabatur,

496 3738 766 3808 piscinam
792 3736 891 3805 (l),
923 3736 979 3789 in
1007 3750 1115 3805 qua
1154 3733 1409 3788 Christus
1438 3748 1502 3787 ac
1525 3731 1669 3787 Deus
1699 3742 1882 3787 noster
1918 3748 2080 3802 para-

496 3826 724 3895 lyticum
752 3840 783 3879 a
820 3824 1040 3894 triginta
1084 3829 1141 3876 et
1183 3829 1307 3876 octo
1336 3820 1496 3874 annis
1552 3819 1624 3873 ibi
1653 3819 1924 3887 iacentem
1956 3834 2079 3873 sur-

498 3932 627 3989 gere
669 3916 870 3986 iubens
914 3914 1167 3979 sanavit;
1196 3911 1339 3965 velut
1374 3908 1470 3979 qui
1524 3923 1589 3963 ex
1620 3908 1710 3963 illa
1762 3908 1925 3963 domo
1951 3910 2083 3965 alle-

497 4009 681 4079 gorice
720 4020 1042 4078 egressurus
1079 4011 1200 4059 erat
1253 4012 1440 4072 pastor
1476 3999 1661 4054 ovium
1707 3999 2080 4055 rationalium.

494 4100 703 4155 Deinde
728 4106 782 4153 et
830 4097 887 4152 in
919 4096 1065 4151 illius
1090 4109 1247 4165 aquae
1276 4093 1486 4164 piscina
1521 4091 1819 4163 symbolice
1855 4106 2080 4160 expres-

495 4207 613 4248 sam
658 4190 914 4245 novimus
944 4187 1198 4257 baptismi
1251 4183 1515 4256 gratiam;
1553 4198 1677 4237 nam
1727 4192 1781 4238 et
1835 4182 2082 4237 diuturni

494 4286 707 4343 erroris
758 4284 1047 4353 mgritudo,
1078 4295 1222 4351 qua,
1254 4295 1365 4335 non
1419 4294 1578 4335 secus
1614 4294 1679 4333 ac
1733 4278 1786 4332 in
1837 4278 2083 4346 corporis

494 4379 758 4434 membris
780 4376 894 4432 ﬁeri
918 4376 1080 4439 solet,
1103 4373 1316 4427 animas
1347 4372 1629 4425 hominum
1655 4369 1890 4440 quadam
1914 4368 2082 4423 veluti

494 4464 729 4536 paralysi
754 4464 1159 4526 debilitaverat,
1182 4460 1509 4529 purilicante
1534 4459 1740 4527 Spiritu
1766 4473 1861 4527 per
1881 4473 2080 4525 aquam

495 4566 687 4611 sanata
707 4554 1309 4625 est;quemadmodum
1330 4552 1495 4606 etiam
1527 4552 1579 4604 in
1612 4550 1780 4621 ﬁgura
1805 4549 2082 4604 Bethleem

495 4662 623 4701 eum
651 4645 949 4708 cernimus,
976 4643 1071 4713 qui
1098 4642 1456 4695 fermentatus
1479 4649 1563 4694 est
1590 4639 1892 4708 spiritualis
1924 4640 2083 4710 panis

496 4736 640 4790 vitae.
678 4735 755 4789 lbi
804 4732 1056 4789 Christus
1103 4742 1159 4787 et
1205 4733 1306 4788 sub
1362 4731 1541 4801 angeli
1573 4730 1757 4799 specie
1788 4730 1939 4785 visus
1998 4740 2081 4786 est

498 4827 756 4891 Abrahae,
790 4827 883 4897 qui
942 4827 1146 4896 pariter
1177 4825 1230 4878 in
1284 4822 1459 4877 forma
1495 4822 1671 4891 angeli
1720 4836 1844 4876 cum
1875 4819 2081 4877 Jacobo

499 4923 739 4977 Iuctatus
765 4930 865 4974 est.
905 4918 1024 4988 Ipse
1050 4925 1132 4972 est
1163 4916 1331 4981 enim,
1366 4915 1455 4984 qui
1485 4915 1550 4968 ad
1590 4914 2078 4983 evangelizandum

569 5125 646 5195 (l)
684 5127 973 5179 Paternam
1009 5123 1251 5195 Deiparte
1300 5123 1519 5195 domum
1550 5123 1739 5175 eodem
1786 5122 2074 5195 modode-

497 5192 677 5260 sig'nat
733 5196 895 5250 etiam
962 5195 1024 5249 S.
1076 5192 1312 5248 Joannes
1384 5193 1777 5261 Damascenus,
1820 5192 2075 5261 inquiens

522 5259 597 5320 De
655 5264 774 5319 Fid.
804 5264 1034 5321 Orthod.
1080 5265 1272 5320 Iib.lv.
1318 5278 1437 5331 cap.
1480 5262 1609 5327 M):
1660 5259 1849 5331 Itaque
1897 5259 2073 5331 pratia

523 5353 644 5388 nam
681 5337 775 5388 hoc
826 5343 982 5389 sonat
1016 5334 1185 5387 Anna:
1223 5334 1556 5395 vocabulum)
1602 5332 1882 5384 Dominam
1931 5332 2073 5399 parit

496 5407 575 5472 (id
600 5407 739 5459 enim
768 5405 955 5459 Maria!
985 5405 1193 5459 nomine
1224 5404 1579 5471 significatur,
1616 5417 1732 5472 quaf
1759 5419 1875 5455 vere
1903 5403 2073 5455 omnis

497 5471 759 5529 ereatura:
795 5477 1012 5529 domina
1037 5475 1182 5542 facta
1206 5475 1297 5535 sit,
1318 5489 1439 5525 cum
1486 5482 1654 5525 mater
1683 5471 1952 5542 Creatoris
1980 5487 2073 5524 em-

496 5546 698 5611 stitit);
730 5547 969 5598 nascitur
999 5541 1171 5597 autem
1200 5545 1257 5596 in
1291 5541 1447 5595 domo
1474 5542 1762 5610 probatione
1806 5541 2072 5605 Joac/u'm,

499 5610 656 5683 atque
683 5615 751 5666 ad
777 5614 1027 5680 tentplum
1059 5612 1345 5666 adducitur
1364 5612 1654 5683 (Τίκτεται
1680 5611 1757 5683 ’ᾐδὲ
1788 5610 1948 5683 ἐν,τῴ
1976 5612 2075 5679 τῆς

498 5681 839 5751 πριιϐατικῆς
885 5683 981 5735 τοῦ
1020 5683 1277 5747 Ἰωακεὶμ
1317 5682 1472 5750 οἴκῳ,
1509 5683 1603 5733 καὶ
1634 5681 1711 5750 τῷ
1744 5681 1876 5750 ἱερῷ
1902 5697 2076 5750 προσ-

501 5751 747 5820 άγεται).
792 5752 873 5804 Ad
914 5767 1078 5820 quem
1115 5752 1436 5805 Damasccni
1472 5752 1648 5820 locum
1686 5753 1800 5805 haec
1848 5751 2078 5805 adnotat

503 5819 803 5888 Lequiuius
852 5818 944 5892 (in'
973 5830 1087 5878 not.
1122 5820 1187 5875 ad
1232 5821 1288 5877 lt.
1328 5821 1429 5885 I.):
1471 5818 1730 5873 Nascitur
1789 5832 1967 5875 autem
2021 5822 2077 5873 in

2184 3380 2348 3432 χανεν
2380 3363 2456 3425 ὡς
2502 3362 2611 3415 άπὸ
2662 3361 2891 3433 μητρὸς,
2947 3361 3092 3414 καθὰ
3142 3358 3500 3431 παρακατιὼν
3540 3361 3568 3412 ὁ
3611 3358 3769 3425 λόγος

2187 3454 2551 3523 παραστήσει.
2607 3454 2669 3507 '0
2697 3452 2806 3524 γὰρ
2853 3452 3120 3521 πατρικὸς
3166 3452 3336 3521 αὐτῆς
3385 3447 3555 3514 οἶκος,
3601 3451 3628 3502 ό
3670 3448 3769 3518 τὴν

2184 3543 2524 3614 προϐατικὴν
2550 3544 2878 3614 περικλείων
2912 3546 2969 3597 ἐν
3010 3542 3371 3613 Ἰερουσαλὴμ
3403 3541 3671 3610 ὑπῆρχεν,
3693 3539 3766 3602 ὡς

2183 3637 2340 3704 λόγος
2370 3638 2566 3701 εἰπεῖν,
2619 3636 3033 3708 κολυμϐήθραν,
3086 3637 3144 3689 ἐν
3259 3635 3348 3688 τδν
3380 3636 3438 3687 ἐν
3477 3634 3765 3703 τριάκοντα

2185 3729 2281 3781 καὶ
2307 3729 2453 3781 ὀκτὼ
2491 3729 2707 3798 χρόνοις
2750 3729 3149 3799 κατακείμενον
3185 3727 3557 3797 παραλυτικὸν
3583 3726 3610 3777 ὁ
3637 3726 3769 3794 Χρι-

2187 3821 2311 3884 στὸς
2350 3821 2444 3875 καὶ
2478 3820 2610 3884 Θεὸς
2645 3821 2801 3891 ἡμῶν
2831 3820 3203 3891 ἐθεράπευσεν
3251 3818 3566 3888 ἐξεγείρας,
3601 3817 3674 3877 ὠς
3709 3815 3768 3879 ἐξ

2186 3912 2398 3966 ἐκείνου
2438 3911 2648 3982 μέλλων
2678 3909 2773 3964 τοῦ
2810 3912 2962 3965 οίκου
2994 3909 3392 3982 ἐκπορεύεσθαι
3423 3907 3764 3978 συμϐολικῶς

2187 4003 2390 4075 ποιμὴν
2430 4004 2539 4056 τῶν
2587 4003 2824 4071 λογικῶν
2867 4001 3179 4073 προϐάτων.
3232 3997 3364 4054 Εἶτα
3404 4000 3502 4054 καὶ
3548 4000 3633 4053 διὰ
3671 3999 3766 4066 τῆς

2186 4097 2366 4149 ἐκεῖσε
2422 4094 2517 4147 τοῦ
2567 4094 2762 4159 ὓδατος
2801 4094 3192 4166 κολυμϐήθρας
3247 4091 3343 4146 τοῦ
3396 4091 3767 4161 βαπτίσματος

2185 4188 2616 4260 προτυπωθῆναι
2649 4189 2711 4241 τὸ
2740 4190 3008 4259 χάρισμα·
3043 4188 3136 4242 καὶ
3166 4186 3275 4256 γὰρ
3301 4186 3520 4257 χρονίας
3563 4184 3767 4249 πλάνης

2188 4282 2220 4350 ἡ
2270 4280 2425 4343 νόσος
2471 4279 2570 4343 τὰς
2608 4279 2719 4333 τῶν
2771 4280 3100 4351 ἀνθρώπων,
3132 4278 3208 4341 ὼς
3258 4279 3315 4331 ἐν
3361 4277 3514 4342 τάξει
3565 4273 3763 4346 μελῶν,

2190 4371 2559 4443 παραλύσασα
2602 4371 2822 4440 ψυχὰς,
2874 4371 3144 4441 καθάρσει
3195 4369 3290 4422 τοῦ
3338 4368 3648 4437 πνεύματος
3702 4365 3769 4418 δι’

2189 4461 2383 4525 ὓδατος
2414 4461 2641 4531 ὑγιὼθη·
2672 4462 2861 4532 ὥσπερ
2892 4464 2986 4515 καὶ
3012 4464 3068 4514 ὲν
3097 4461 3374 4531 προσώπῳ
3399 4461 3499 4529 τῆς
3527 4458 3769 4528 Βηθλεὲμ

2110 4522 2163 4583 D
2187 4554 2215 4606 ό
2255 4522 2416 4624 ἄρτος
2449 4522 2707 4625 ἐζυμῶθη
2751 4554 2779 4607 ὀ
2822 4522 3012 4625 νοητὸς
3050 4522 3153 4624 τῆς.
3189 4522 3357 4621 ζωῆςί
3395 4522 3565 4605 Ἱένθα
3590 4522 3707 4603 ’καὶ
3740 4551 3769 4600 ὁ

2189 4646 2425 4718 Χριστὸς
2463 4645 2841 4716 ἁγγελοφανὴς
2875 4646 3167 4715 ὑπεδείχθη
3190 4644 3270 4715 τῷ
3311 4642 3589 4712 Ἀϐραὰμ,
3622 4643 3651 4694 ὁ
3676 4643 3769 4693 καὶ

2188 4738 2267 4807 τῷ
2302 4737 2501 4792 Ἰακὼϐ
2542 4739 2957 4809 προσπαλαίσας
3004 4738 3063 4789 ὲν
3092 4737 3327 4805 ἀγγέλου
3359 4736 3565 4804 μορφῇ.
3600 4732 3769 4794 Αὐτὸς

2189 4828 2299 4899 γάρ
2327 4829 2474 4882 ἐστιν
2513 4830 2542 4881 ὁ
2584 4828 2753 4882 ἐλθὼν
2786 4828 3243 4897 εὐαγγελίσασθαι
3275 4829 3385 4890 τοῖς
3429 4825 3648 4897 μακρὰν
3678 4823 3769 4879 καὶ⁵

2187 4924 2302 4986 τοῖς
2327 4920 2515 4990 ἐγγύς·
2544 4921 2707 4985 αὑτός
2737 4921 2886 4975 ἐστιν
2929 4921 2989 4974 τὸ
3021 4920 3337 4989 εὐαγγέλιον
3360 4920 3461 4988 τῆς
3499 4914 3772 4971 δικαιοσύ-

2183 5124 2338 5176 domo
2368 5121 2653 5187 probarim:
2684 5139 2695 5172 :
2735 5122 2833 5175 hoc
2862 5132 2939 5177 est
2971 5122 3026 5176 in
3054 5122 3255 5177 aedibus
3308 5122 3593 5190 pecuariis.
3634 5118 3765 5171 Pro-

2182 5193 2372 5246 baticw
2405 5209 2592 5246 nomen
2622 5209 2853 5261 gra'cum
2897 5195 3100 5247 servavi
3128 5203 3339 5260 propter
3392 5192 3589 5244 celebre
3636 5200 3767 5261 tem-

2179 5264 2563 5333 plumisanctm
2593 5260 2844 5324 civitatis,
2875 5264 3015 5332 quod
3042 5262 3691 5333 Probaticainuncupant,
3711 5260 3764 5313 in

2180 5329 2282 5404 quo
2319 5332 2677 5404 Damasceuus
2708 5329 2974 5404 sermones
3009 5333 3193 5404 habuit
3240 5334 3293 5385 in
3329 5331 3520 5404 Natali
3543 5330 3609 5404 ΒῘ
3646 5329 3764 5404 γίγ-

2180 5401 2337 5474 ginis.
2358 5403 2561 5457 Ibidem
2587 5405 2760 5466 aiunt,
2777 5403 3108 5474 probaticant
3128 5403 3286 5474 illam
3300 5403 3556 5474 piscinam
3579 5401 3758 5474 fuisse.

2181 5472 2250 5526 At
2297 5474 2502 5527 nullam
2527 5490 2744 5541 prorsus
2775 5474 2989 5526 domum
3042 5473 3427 5540 Hierosolymis
3454 5481 3571 5541 post
3621 5472 3764 5524 exci-

2180 5545 2326 5613 dium
2353 5545 2562 5598 stetisse
2591 5544 3037 5613 locupletissimus
3061 5554 3137 5597 est
3160 5544 3309 5596 testis
3342 5544 3623 5613 Iosephus,
3656 5550 3759 5595 etc.

2185 5612 2379 5667 Verum
2414 5630 2535 5681 qum
2579 5615 2741 5669 habet
2768 5614 3021 5677 Cosmas,
3058 5614 3311 5675 suadent,
3344 5612 3759 5682 appellationem

2177 5685 2275 5753 τῆς
2303 5680 2639 5753 προϐατικῆς
2671 5683 2807 5737 nihil
2860 5686 2926 5738 ad
2986 5686 3247 5752 templum
3289 5680 3523 5753 Virginis
3554 5692 3647 5735 aut
3687 5680 3763 5753 ad

2175 5750 2422 5818 demum,
2454 5770 2575 5823 quae
2599 5750 2889 5822 superstes
2916 5750 3180 5810 manserit
3203 5754 3420 5811 excidio
3456 5750 3763 5820 Hierosoly-

2177 5825 2406 5890 mitano,
2452 5825 2742 5894 pertinere.
