4080 6418
374 431 505 496 1000

1322 427 1577 487 SERMO
1619 427 1697 486 ΙΝ
1739 427 1844 487 SS.
1886 425 2215 486 JOACHIM
2253 427 2346 485 ET
2380 426 2662 487 ANNAM.

3481 432 3618 497 1010

371 565 490 615 νηςο
520 548 680 610 αὑτός
725 549 873 600 ἐστιν
918 547 947 598 ὁ
989 546 1056 599 δι’
1087 543 1340 616 ἀγγέλων
1383 546 1446 599 τὸ
1491 545 1828 614 πρόσταγμα
1863 541 1958 594 τοῦ

2071 544 2216 597 renit
2245 553 2358 599 tum
2398 546 2464 600 iis
2491 545 2584 614 qui
2621 543 2837 614 procul,
2863 552 2978 599 tum
3012 546 3078 600 iis
3117 547 3210 616 qui
3244 563 3414 618 prope
3449 564 3642 619 erant;

372 640 508 692 Θεοῦ
532 641 627 692 καὶ
653 639 888 709 nam:
918 637 1080 703 αὑτός
1111 639 1284 690 ἐστιν
1312 639 1345 691 ὁ
1375 637 1481 704 τῆς
1507 635 1777 706 μεγάλης
1799 636 1958 700 βου-

375 731 496 798 λῆς
547 732 832 800 Ἀγγελος
853 770 868 792 ,
901 723 1054 796 ᾧτινι
1092 732 1120 782 ό
1154 730 1346 800 Πατὴρ
1393 729 1696 799 σύμὸουλος
1721 726 1962 797 γεγονὼς

375 824 610 892 εἰρήκειο
660 821 1012 890 Ποιήσωμεν
1043 820 1362 888 ἄνθρωπον
1409 822 1541 874 κατ’
1597 821 1806 874 εἰκόνα
1860 817 1958 871 καί

378 914 664 981 ὁμοίωσιν
694 912 1008 981 ἡμετέραν.
1049 903 1222 974 Οὗτός
1249 913 1399 964 ἐστιν
1427 911 1518 964 καὶ
1541 911 1640 979 τῆς
1687 909 1954 980 ἀληθινῆς

378 1005 523 1071 ζωῆς
553 1005 581 1055 ὁ
609 1003 794 1073 ἄρτος.
826 1003 885 1056 ἐν
914 1002 993 1072 τῷ
1020 1003 1119 1074 τῆς
1142 1002 1394 1073 Βηθλεέμ
1422 1001 1646 1072 ὀνόματι
1677 1017 1959 1072 προκηρυ-

375 1093 544 1163 χθείς·
574 1093 823 1163 Βηθλεὲμ
849 1093 959 1164 γὰρ
989 1092 1351 1163 ἑρμηνεύεται
1399 1089 1560 1153 Οἶκος
1588 1090 1777 1160 ἀρτουο
1827 1093 1856 1144 ὁ
1901 1092 1958 1144 ἐν

374 1185 441 1252 τῇ
475 1185 648 1253 σκηνῇ
698 1183 793 1236 τοῦ
843 1182 1097 1254 Ἀϐραὰμ
1135 1181 1444 1252 ἐγκρυφίας
1493 1181 1743 1250 πεφθεὶς,
1790 1182 1959 1251 ἤγουν

373 1275 432 1326 ἐν
466 1275 754 1347 μυστηρίῳ
790 1274 1068 1345 ζυμωθεὶς
1097 1274 1285 1344 ἄρτος,
1316 1272 1464 1326 τοῦτ’
1495 1272 1644 1326 ἔστιν
1685 1275 1719 1344 ἠ
1765 1291 1960 1346 γεννη-

373 1367 502 1436 τικὴ
536 1363 673 1437 σὰρξ
703 1367 798 1420 106
844 1367 1096 1438 Σωτῆρος
1137 1365 1203 1418 ἐκ
1243 1365 1344 1433 τῆς
1389 1365 1672 1436 Παρθένου
1704 1368 1798 1419 καὶ
1825 1367 1958 1420 Θεο-

371 1461 532 1512 τόκου
553 1458 792 1528 Μαρίας.

446 1550 536 1615 ς’.
585 1549 900 1620 Πρόσφορον
941 1543 1035 1601 οὖν
1077 1549 1253 1602 εἰπεῖν
1294 1547 1383 1602 διὰ
1429 1548 1623 1603 ταῦτα’
1650 1550 1961 1620 Εὑλόγησεν

373 1640 582 1710 Κύριος
611 1639 702 1693 τὸν
731 1635 880 1693 οἷκον
909 1639 1073 1693 Δαυίδ
1098 1641 1191 1694 τοῦ
1218 1641 1484 1711 βασιλέως
1516 1643 1606 1696 διὰ
1631 1644 1731 1714 τὴν
1754 1645 1957 1716 προέγ-

370 1748 528 1800 γονον
559 1730 727 1784 αὑτοῦ
771 1731 866 1784 καὶ
905 1730 1176 1794 ζωοτόκον
1215 1733 1458 1802 Μαρίαν.
1510 1733 1822 1806 Εὐλόγησεν
1868 1735 1961 1791 τὸν

368 1820 523 1877 οἷκον
584 1824 843 1893 Ἰωακεὶμ
884 1825 980 1877 καὶ
1041 1826 1245 1893 Ἀννης
1285 1827 1397 1879 τῶν
1450 1827 1677 1881 δικαίων
1718 1829 1810 1883 διὰ
1861 1830 1961 1901 τὴν

369 1914 578 1968 τούτων
624 1914 966 1987 ὴγιασμένην
1003 1915 1302 1987 θυγατέρα.
1347 1916 1660 1988 Εὑλὸγησεν
1700 1918 1792 1972 τὸν
1812 1900 1958 1974 οἷκον
1997 1900 2036 1955 Β

388 2005 586 2076 Ἰωσὴφ
612 2004 699 2058 διὰ
721 2007 819 2077 τὴν
849 2023 954 2076 χρη
965 2006 1212 2076 ματικῶς
1235 2007 1333 2060 καὶ
1360 2007 1521 2077 μόνον
1561 2009 1964 2079 παραδοθεῖσαν

374 2095 614 2165 νύμφην,
647 2096 748 2166 τὴν
776 2097 948 2159 ὅντως
975 2096 1146 2167 ἁγνὴν
1179 2097 1283 2181 ’καὶ
1313 2098 1676 2169 ἀειπάροενον
1697 2099 1792 2153 τοῦ
1827 2103 1965 2174 Χρι-

377 2187 504 2242 στοῦ
531 2189 764 2259 Μητέρα
791 2189 886 2242 καὶ
928 2189 1193 2243 Θεοτόκον
1215 2191 1460 2260 Μαρίαν.

446 2280 610 2334 Ὅθεν
632 2280 721 2333 διὰ
757 2280 931 2334 ταῦτα
953 2282 1347 2354 τρισμακάριοι
1379 2285 1477 2354 τῆς
1528 2283 1876 2356 Θεομήτορος
1913 2285 1963 2338 oi

371 2375 574 2440 γονεῖς,
602 2369 682 2433 οἷς
708 2375 815 2436 πᾶς
839 2375 866 2426 ὁ
894 2375 1100 2444 κόσμος
1127 2377 1415 2444 χρεωστεῖο
1455 2377 1503 2428 οἱ
1547 2377 1645 2447 μὲν
1685 2375 1795 2448 γάρ
1834 2395 1971 2448 προ-ν

371 2465 567 2534 φῆται,
601 2465 669 2518 δι’
695 2465 876 2518 αὐτῶν
921 2465 1116 2538 ὅτιπερ
1146 2467 1396 2539 ἀψευδῶς
1429 2469 1809 2540 ἐχρημάτισαν
1837 2471 1967 2540 περὶ

371 2556 473 2626 τῆς
512 2555 982 2626 ἐνανθρωπήσεως
1015 2558 1111 2610 τοῦ
1153 2559 1415 2630 Χριστοῦ’
1458 2561 1509 2612 οἱ
1535 2560 1846 2626 ἀπόστολοι,
1882 2562 1966 2615 ὅτι

368 2652 463 2706 διὰ
489 2655 586 2723 τῆς
608 2653 792 2706 αὐτῶν
815 2653 1089 2726 θυγατρὸς
1117 2654 1225 2707 υἱοὶ
1268 2653 1446 2724 φωτὸς
1496 2655 1964 2727 ἀνεγεννήθησαν’

370 2745 426 2796 oi
463 2744 609 2813 ἅγιοι
644 2746 944 2817 μάρτυρες,
977 2747 1061 2799 ὅτι
1088 2745 1571 2818 ἐστεφανώθησανο
1601 2747 1651 2800 οί
1693 2748 1832 2802 ὅσιοι
1874 2748 1969 2802 καλ⁸

370 2833 598 2900 δίκαιοι,
638 2836 716 2900 ὼς
749 2834 858 2890 τῶν
904 2835 1212 2908 μελλόντων
1257 2834 1480 2903 ἀγαθῶν
1515 2836 1878 2910 κληρονόμοι·
1916 2841 1967 2893 οί

370 2925 716 2996 ἁμαρτωλοὶ,
761 2928 838 2992 ὡς
878 2927 968 2982 διὰ,
1012 2927 1122 2982 τῶν
1188 2925 1498 2999 πρεσϐειῶν
1549 2927 1653 2998 τῆς
1701 2928 1967 2986 θεοτόκου

372 3016 709 3087 ἐλεούμενοι.

449 3113 523 3165 Z'.
561 3106 657 3173 Οἷς
696 3112 792 3166 καὶ
817 3111 1032 3182 βοῶμεν
1055 3112 1414 3185 εὐχαρίστωςο
1449 3115 1650 3187 Χαῖρε,
1688 3117 1969 3171 πάνσεπτε

373 3201 557 3272 πάτερ
604 3202 704 3272 τῆς
753 3203 892 3273 μετὰ
949 3204 1083 3258 Θεὸν
1143 3204 1360 3270 ἐλπίδος
1423 3207 1603 3278 ἡμῶν,
1686 3209 1964 3279 Ἰωακείμ’

375 3263 541 3362 χάρις
571 3295 638 3363 τῇ
660 3263 839 3361 ’δσςρύῖ
869 3311 985 3348 σου.
1017 3296 1214 3365 Χαῖρε,
1246 3263 1486 3368 πάντιμῐέ
1523 3263 1701 3371 μῖίτερ
1730 3301 1831 3370 τῆς
1864 3263 1970 3373 μη·
1994 3263 2038 3319 C

373 3384 508 3451 ’πρὸς
543 3383 644 3454 τῆς
699 3384 844 3455 ζωῆς
875 3387 1057 3456 ἡμῶν,
1115 3389 1306 3440 Ἀνναο
1358 3389 1487 3454 δόξα
1522 3393 1589 3462 τῇ
1626 3392 1804 3464 κοιλία
1846 3410 1967 3447 σου.

375 3477 574 3546 Χαῖρε,
601 3476 777 3547 πάτερ
804 3476 1174 3548 ἀγαθοσπόρε,
1210 3481 1304 3532 καὶ
1341 3480 1436 3533 τοῦ
1463 3482 1808 3553 πολυσπόρου
1847 3502 1970 3554 γενο

376 3567 624 3638 νήματος
666 3567 900 3638 γεωργέ.
946 3570 1138 3639 Χαῖρε,
1185 3571 1359 3641 μῆτερ
1403 3573 1828 3645 μεγαλόκαρπε,
1869 3577 1970 3646 τῆς

376 3659 660 3729 σωτηρίας
709 3661 866 3730 ήμῶν
906 3661 1053 3731 ῥίζα.
1093 3663 1290 3733 Χαῖρε,
1342 3666 1541 3735 πάτερ,
1591 3665 1683 3719 τοῦ
1733 3668 1968 3739 εὐφόρου

379 3751 615 3822 βότρυος
639 3750 1016 3823 ἀμπελουργέο
1043 3755 1219 3824 χαῖρεν
1250 3755 1447 3826 μῆτερ.
1479 3757 1579 3828 τῆς
1609 3757 1826 3829 ἀγαθῆς
1863 3761 1970 3831 γῆς

377 3845 885 3899 ἐκατονταπλάσιον
905 3844 1136 3915 ἄρουρα.
1164 3848 1360 3918 Χαῖρε,
1380 3849 1580 3920 πάτερ,
1607 3851 1700 3904 τοῦ
1720 3851 1969 3923 ἐμψύχου

376 3937 713 4008 παραδείσου
742 3940 1033 4007 φυτουργέ.
1062 3939 1256 4010 Χαῖρε,
1285 3935 1480 4010 μῆτερ,
1508 3941 1602 3996 τοῦ
1632 3945 1970 4013 ἀνεγκλήτου

377 4031 582 4086 κλάδου
619 4032 860 4101 δένδρον.
913 4033 1110 4104 Χαῖρε,
1162 4034 1362 4102 πάτερ,
1407 4035 1503 4089 τοῦ
1547 4036 1778 4091 ἀσπίλου
1827 4055 1971 4108 μαρη

378 4124 610 4194 γαρίτου
630 4124 827 4194 κόγχη.
861 4124 1061 4193 Χαῖρε,
1108 4124 1306 4195 μῆτερ,
1331 4125 1437 4185 ,τοῦ
1477 4126 1721 4196 καθαροῦ
1760 4131 1974 4198 σμαρά-

377 4213 508 4281 γδου
552 4213 749 4284 πέτρα.
795 4215 992 4284 Χαῖρε,
1036 4216 1232 4286 πάτερ,
1282 4218 1383 4286 τῆς
1422 4215 1734 4287 ζωοῤῥύτου
1785 4219 1971 4290 πηγῆς

378 4305 545 4376 φλέψ.
572 4307 768 4377 Χαῖρε,
807 4306 1007 4378 μῆτερ,
1040 4307 1141 4378 τῆς
1177 4309 1494 4377 τεκνογόνου
1526 4309 1686 4381 δίψης
1717 4310 1900 4382 ὑδρία.

2063 635 2180 703 ipse
2208 644 2288 690 est
2318 637 2436 690 laeta
2457 637 2684 704 justitiaa
2707 635 3052 690 annuntiatio
3077 655 3092 703 ;
3122 638 3240 707 ipse
3270 654 3367 708 per
3392 643 3644 710 angelum

2063 728 2426 798 promulgatio
2455 735 2540 782 est
2593 727 2727 797 legis
2761 726 2854 781 Dei
2886 743 2952 781 ac
2996 726 3212 795 Patris;
3253 729 3368 798 ipse
3417 732 3646 801 Angelus

2062 829 2146 873 est
2171 821 2349 888 magni
2369 819 2636 884 consilii’,
2665 820 2751 874 cui
2779 818 2938 874 Pater
2967 821 3315 876 consiliarius
3345 824 3646 888 exsistens,

2059 912 2236 966 dixit:
2275 911 2562 967 Faciamus
2595 913 2854 966 hominem
2882 913 2952 967 ad
2982 913 3267 983 imaginem
3305 923 3355 968 et
3394 914 3650 968 similitu-

2059 1003 2234 1056 dinem
2263 1013 2500 1057 nostram
2524 1003 2570 1057 ⁸.
2609 1003 2712 1058 Hic
2761 1013 2846 1059 est
2891 1013 2944 1058 et
2979 1006 3135 1074 panis
3184 1021 3327 1060 vera:
3379 1007 3526 1069 vita},
3553 1022 3649 1076 per

2061 1108 2261 1149 nomen
2291 1094 2565 1149 Bethleem
2601 1095 3034 1165 praenuntiatus;
3070 1112 3195 1150 nam
3240 1097 3520 1152 Bethleem
3553 1114 3650 1152 ex-

2061 1187 2296 1256 plicatur
2337 1187 2545 1242 Domus
2594 1188 2788 1256 panis;
2816 1187 3218 1246 subcinericius
3258 1198 3344 1246 est
3386 1192 3540 1260 panis
3595 1191 3650 1245 in

2065 1280 2417 1334 tabernaculo
2469 1279 2704 1334 Abrahae
2761 1290 3079 1349 apparatus,
3130 1281 3234 1337 hoc
3280 1290 3385 1348 est,
3433 1282 3487 1336 in
3536 1299 3650 1353 my-

2061 1374 2230 1429 sterio
2261 1371 2639 1435 fermentatus,
2665 1385 2794 1425 caro
2823 1371 3072 1426 videlicet
3097 1367 3401 1428 Salvato'ris
3427 1389 3497 1427 ex
3531 1372 3652 1426 Vir-

2063 1467 2188 1538 gine
2213 1474 2268 1521 et
2311 1464 2399 1520 Dei
2437 1463 2609 1520 Matre
2641 1462 2810 1518 Maria
2841 1463 3150 1534 progenita.

2135 1557 2222 1612 Vl.
2260 1557 2368 1613 llas
2416 1557 2582 1626 igitur
2624 1557 2696 1611 ob
2728 1571 2925 1611 causas
2958 1566 3390 1611 consentaneum
3435 1567 3520 1613 est
3548 1573 3642 1610 ex-

2063 1651 2340 1705 clamare:
2372 1647 2655 1703 Bcnedixit
2684 1647 2951 1702 Dominus
3003 1647 3191 1701 domui
3226 1647 3446 1703 Davidis
3498 1647 3644 1714 regis

2065 1750 2286 1812 propter
2344 1739 2571 1794 Mariam
2627 1738 2870 1808 ejusdem
2921 1748 3266 1808 proneptem,
3296 1754 3361 1794 ac
3417 1747 3648 1792 matrem

2067 1833 2212 1886 vitae.
2245 1829 2528 1886 Benedixit
2556 1829 2743 1885 domui
2784 1829 3063 1899 justorum
3093 1827 3364 1884 Joachimi
3401 1837 3457 1884 et
3486 1829 3658 1884 Anna:

2069 1931 2291 1992 propter
2315 1919 2710 1976 sanctiﬁcatam
2731 1933 2924 1974 eorum
2948 1919 3137 1972 tiliam.
3162 1918 3446 1972 Bcnedixit
3467 1918 3656 1972 domui

2068 2013 2291 2084 Josepbi
2332 2021 2556 2083 propter
2600 2011 2860 2066 traditam
2894 2012 2950 2064 in
2975 2017 3298 2080 potestatem
3332 2009 3500 2075 illius,
3533 2010 3658 2079 jure

2068 2105 2193 2160 licet
2247 2104 2536 2160 dumtaxat
2593 2102 2858 2172 sponsali,
2893 2102 3053 2172 plane
3105 2115 3299 2171 puram
3351 2114 3415 2154 ac
3443 2113 3659 2168 semper

2069 2198 2334 2268 virginem
2362 2197 2567 2252 Christi
2594 2195 2822 2250 Matrem
2865 2203 2921 2250 et
2951 2193 3240 2264 Dciparam
3278 2191 3530 2245 Mariam.

2140 2291 2448 2346 Beatissimi
2467 2291 2692 2361 proinde
2717 2291 2819 2345 hac
2847 2289 2914 2345 de
2939 2303 3105 2344 causa
3129 2287 3223 2341 Dei
3243 2284 3430 2340 Matris
3458 2299 3663 2355 paren-

2070 2395 2171 2452 tes,
2201 2384 2402 2455 quibus
2430 2383 2718 2438 universus
2741 2397 2801 2437 se
2825 2380 3067 2435 mundus
3081 2378 3407 2434 obstrictum
3445 2377 3663 2446 prolite-

2069 2487 2257 2545 tur;et
2275 2476 2556 2547 propheta:
2582 2473 2802 2544 quidem
2840 2482 3124 2543 propterea
3145 2471 3289 2540 quod
3309 2469 3662 2524 voracissima

2069 2586 2164 2627 eos
2196 2571 2264 2626 de
2320 2569 2698 2626 incarnatione
2750 2566 2955 2622 Christi
3015 2565 3239 2620 oracula
3268 2563 3523 2626 edidisse,
3561 2578 3660 2632 per

2073 2665 2222 2734 ipsos
2272 2661 2527 2732 apparuit
2558 2677 2576 2726 ;
2605 2657 2862 2729 apostoli,
2889 2657 3018 2726 quia
3074 2671 3171 2725 per
3231 2669 3421 2710 eorum
3469 2652 3662 2707 Filiam

2073 2771 2212 2811 nova
2243 2754 2592 2825 generatione
2626 2749 2757 2806 facti
2786 2757 2916 2805 sunt
2948 2748 3042 2802 filii
3095 2747 3273 2812 lucis;
3308 2744 3484 2800 sancti
3516 2758 3666 2797 mar-

2077 2859 2246 2919 tyres,
2276 2847 2408 2918 quia
2453 2843 2705 2900 coronati
2756 2841 3018 2912 sunt;pii
3073 2855 3138 2895 ac
3182 2839 3352 2909 justi,
3401 2847 3665 2906 tanquam

2072 2941 2380 2996 futurorum
2442 2937 2688 2993 bmredes
2718 2937 3033 3000 bonorum;
3075 2941 3418 3003 peccatores,
3472 2937 3668 2998 utpote

2073 3049 2172 3104 per
2223 3033 2469 3102 Deiparae
2513 3045 2705 3102 preces
2750 3027 3188 3084 misericordiam
3243 3029 3664 3092 consequentes.

2147 3115 2260 3172 VII.
2292 3117 2358 3171 Et
2387 3132 2489 3172 nos
2522 3117 2708 3186 itaque
2735 3125 2891 3186 grato
2933 3114 3121 3167 animo
3160 3112 3354 3167 iisdem
3396 3109 3671 3165 acclame-

2076 3225 2238 3266 mus:
2273 3208 2452 3274 Salve,
2502 3206 2777 3271 Joachim,
2832 3204 3226 3274 augustissime
3281 3203 3430 3257 illius
3485 3207 3664 3269 pater.

2071 3316 2196 3371 quae
2228 3315 2354 3368 spes
2385 3309 2469 3353 est
2519 3307 2704 3353 nostra
2741 3306 2866 3366 post
2915 3295 3120 3361 Deum;
3157 3292 3361 3348 lumbis
3394 3291 3505 3346 tuis
3552 3291 3669 3344 sint

2071 3390 2280 3462 gratia.
2313 3388 2494 3452 Salve,
2523 3387 2702 3450 Anna,
2736 3401 2950 3442 summe
2982 3384 3304 3440 honoranda
3339 3384 3490 3438 illius
3545 3398 3668 3436 ma-

2074 3493 2175 3549 ter,
2198 3499 2321 3553 quae
2347 3491 2520 3536 mater
2545 3489 2632 3535 est
2653 3480 2779 3534 vitae
2801 3488 3036 3544 nostrae;
3070 3487 3227 3533 utero
3252 3486 3348 3532 tuo
3375 3477 3447 3531 sit
3469 3475 3667 3545 gloria.

2075 3573 2254 3637 Salve,
2287 3581 2460 3642 pater,
2501 3570 2696 3641 optimi
2761 3578 2930 3633 sator,
2967 3568 3259 3636 cultorque
3323 3563 3664 3619 uberrimam

2073 3681 2332 3736 promens
2393 3671 2655 3733 segetem.
2687 3661 2871 3725 Salve.
2919 3669 3114 3724 mater,
3147 3660 3422 3713 immenso
3481 3656 3669 3710 [ructu

2075 3760 2196 3812 laeta
2228 3755 2388 3811 radix
2416 3754 2588 3819 illius,
2632 3769 2756 3822 qua:
2806 3753 2958 3806 salus
3000 3758 3190 3804 nostra
3239 3750 3437 3804 evasit.
3487 3747 3672 3808 Salve,

2073 3859 2252 3922 pater.
2286 3863 2350 3903 ex
2385 3846 2531 3902 culta
2569 3861 2601 3900 a
2638 3853 2690 3899 te
2715 3847 2872 3899 vinea
2907 3843 3150 3913 Opimum
3207 3840 3460 3912 praebens
3518 3853 3674 3892 race-

2075 3957 2249 3997 mum.
2293 3939 2478 4002 Salve,
2522 3943 2904 3997 mater.terr:e
2952 3935 3112 3988 bona:
3162 3931 3561 3989 lertilissimum
3594 3944 3678 3982 ar-

2077 4052 2228 4091 vum.
2255 4033 2439 4095 Salve,
2456 4041 2632 4104 pater,
2658 4031 2883 4086 animati
2909 4027 3146 4100 paradisi
3174 4027 3467 4096 plantator.
3493 4024 3674 4084 Salve,

2076 4135 2270 4189 mater,
2291 4124 2454 4178 arbor
2474 4138 2688 4177 ramum
2714 4121 2832 4176 vitii
2852 4130 3128 4190 expertem
3154 4117 3360 4173 habens
3381 4114 3674 4187 (2).Salve,

2078 4227 2265 4288 pater,
2293 4215 2659 4269 immaculata:
2715 4212 3026 4280 margarita:
3075 4209 3306 4264 concha.
3344 4205 3524 4269 Salve,
3558 4220 3680 4259 ma-

2076 4319 2180 4373 ter,
2218 4306 2412 4375 inlegri
2465 4320 2494 4359 a
2537 4318 2693 4358 naevo
2755 4301 3030 4372 smaragdi
3063 4309 3241 4370 petra.
3276 4297 3468 4359 Salve,
3500 4304 3682 4364 pater,

2075 4410 2214 4450 vena
2263 4393 2431 4448 fontis
2494 4391 2767 4446 manantis
2802 4391 2990 4445 vitam.
3045 4389 3226 4454 Salve,
3256 4395 3449 4450 mater,
3484 4385 3681 4454 hydria

2079 4487 2222 4543 sitim
2263 4485 2621 4556 suscipiende
2649 4484 2819 4553 prolis
2862 4483 3233 4553 exstinguens.

457 4577 770 4650 Πληροῢται
795 4579 858 4633 τὸ
882 4579 1056 4650 στόμα
1076 4579 1236 4651 ἡμῶν
1249 4577 1346 4633 106
1368 4579 1610 4650 ὑμνῆσαι
1627 4580 1728 4650 τῆς
1747 4579 1969 4650 ἀγιοσύ-

2157 4577 2421 4646 lmpletur
2449 4592 2512 4632 os
2547 4586 2795 4630 nostrum
2832 4573 3088 4628 laudibus
3120 4571 3340 4626 eximiae
3368 4568 3678 4626 sanctitatis

383 4686 485 4740 νης
504 4669 658 4738 ὑμῶν
678 4671 748 4724 τά
773 4664 1052 4742 ἐξαίρετα·
1073 4669 1192 4723 ἀλλ’
1207 4669 1308 4724 οὐκ
1338 4669 1506 4740 ἐσμὲν
1535 4671 1711 4724 ἱκανοὶ⁵
1731 4670 1830 4741 τὴν
1859 4669 1979 4723 θεός

382 4761 613 4825 ζευκτον
659 4761 815 4831 ὑμῶν
854 4762 1098 4833 ὑμνῆσαι
1133 4761 1332 4822 δυάδα.
1368 4763 1417 4815 εί
1461 4763 1536 4833 μή
1583 4779 1648 4830 γε
1692 4761 1836 4816 κατὰ
1876 4761 1977 4830 τὴν

383 4856 573 4923 φωνὴν
608 4851 705 4906 τοῦ
742 4853 968 4922 ἐγγόνου
999 4853 1156 4924 ὑμῶν
1190 4854 1331 4908 κατὰ
1374 4854 1553 4926 σάρκα
1592 4854 1831 4925 Χριστοῦ
1861 4872 1968 4925 μα-

384 4943 616 5016 καρίσαι
649 4945 777 5009 τοὺς
814 4945 1182 5017 ἀμφοτέρους,
1214 4947 1308 5000 καὶ
1343 4949 1520 5001 εἰπεῖν
1545 4963 1560 4978 ⁸
1593 4947 1838 5017 Χαίρετε
1870 4948 1973 5005 καί

491 5104 512 5136 ³
548 5106 650 5161 Isa.
686 5105 799 5175 tx,6
831 5121 944 5164 sec.
979 5102 1142 5161 LXX.
1209 5107 1229 5140 ⁸
1260 5107 1398 5165 Gen.
1433 5124 1472 5175 ι,
1507 5105 1586 5162 16.

462 5268 865 5341 (2)γΡοιει·ειιιε
891 5269 1137 5341 apertius
1165 5267 1516 5324 immaculata
1551 5266 1794 5339 Virginis
1820 5268 1991 5338 origo.

389 5340 728 5397 signiﬁcari?

441 5359 932 5481 ἧῐέῗιίέᾝιξειιυεω
958 5417 1042 5466 est
1059 5409 1502 5481 obscurum,_boc
1517 5408 1636 5481 loco
1659 5407 1824 5462 δυάδα
1847 5408 1975 5478 poni

393 5497 493 5550 pro
529 5479 890 5551 δυασμὸνεεε
922 5480 1233 5550 signiﬁcare
1278 5479 1620 5551 conjugalem
1671 5489 1874 5544 actum,
1908 5493 1974 5551 es

392 5549 505 5620 quo
545 5549 698 5604 beata
747 5549 914 5620 Virgo
968 5549 1228 5619 concepta
1256 5559 1375 5620 est.
1407 5549 1780 5618 Praeterquam
1829 5549 1973 5617 quod

389 5619 538 5676 enim
588 5622 770 5674 nullus
823 5619 962 5675 alius
1000 5619 1297 5689 probabilis
1348 5635 1542 5674 sensus
1599 5621 1653 5674 in
1685 5629 1976 5674 contextus

390 5691 666 5760 atljuuctis
687 5692 951 5754 occurrit,
979 5691 1222 5758 ejusdem
1249 5700 1534 5744 contextus
1562 5689 1701 5744 ratio
1735 5689 1786 5742 id
1815 5690 1974 5757 plane

389 5762 665 5832 postulat;
695 5761 838 5815 unde
865 5772 919 5816 et
951 5761 1437 5832 concluditurillis
1469 5761 1671 5832 verbis,
1700 5761 1832 5813 satis
1862 5777 1971 5832 esse

389 5831 464 5889 tu:
534 5834 768 5901 ipsorum
819 5832 1051 5898 laudem,
1086 5831 1222 5900 quod
1267 5831 1486 5885 Matrem
1535 5831 1633 5886 Dei
1673 5831 1964 5902 genuerint.

2083 4682 2308 4735 vestraa;
2331 4677 2386 4723 at
2408 4678 2649 4724 vestrum
2675 4666 2786 4722 Deo
2801 4666 3027 4736 auspice
3047 4667 3242 4720 initum
3261 4663 3578 4733 conjugium
3599 4662 3678 4724 (5)

2082 4765 2363 4820 celebrare
2399 4777 2746 4833 nequaquam
2775 4775 2940 4832 pares
2966 4774 3185 4820 sumus,
3215 4759 3320 4812 nisi
3361 4756 3678 4825 usurpando

2080 4870 2242 4910 voces
2294 4853 2525 4921 Christi,
2575 4851 2741 4908 vestri
2794 4853 3098 4908 secundum
3157 4864 3380 4905 carnem
3437 4847 3673 4918 nepotis,

2081 4949 2269 5005 beatos
2289 4963 2388 5004 vos
2420 4947 2586 5004 ambo
2611 4929 2976 5019 praedicemns
2999 4960 3065 5001 ac
3094 4943 3347 5002 dicamus
3373 4962 3386 4999 :
3415 4942 3692 5004 Gaudete,

2082 5265 2228 5322 Nihil
2265 5282 2429 5335 porro
2462 5266 2730 5322 illustrius
2756 5266 2913 5336 juxta
2943 5273 2998 5320 et
3021 5265 3202 5335 aptius
3236 5263 3304 5336 ad
3334 5262 3668 5318 laudandam

2007 5379 2019 5385 -
2086 5337 2179 5393 Dei
2213 5338 2509 5394 Cenitricis
2541 5335 3105 5406 conceptionemidici
3143 5335 3337 5405 potuit,
3367 5350 3532 5404 quam
3580 5350 3675 5406 ge:

2082 5409 2385 5464 iterationis
2414 5424 2553 5476 opus
2589 5408 2696 5462 Deo
2717 5405 2941 5476 auspice
2965 5405 3491 5476 fuissesusceptum.
3513 5405 3670 5476 Quod

2083 5493 2216 5533 sane
2245 5474 2500 5548 congruit
2535 5493 2660 5532 cum
2689 5478 2777 5541 iis,
2809 5474 3104 5548 qu:e_apud
3137 5474 3407 5548 Isidorum
3438 5475 3672 5548 legimus

2085 5549 2264 5620 (Hom.
2289 5545 2650 5603 iit—Prwseut.
2681 5545 2885 5620 Ueip.:§
2919 5545 3060 5620 Xlll,
3086 5546 3383 5620 oportuisse
3435 5545 3667 5620 scilicet,

2085 5617 2142 5672 ut
2175 5621 2244 5690 ad
2279 5620 2795 5690 congressum,unde
2838 5619 3077 5690 Virginis!
3097 5617 3664 5690 processitcouccptio,

2083 5689 2335 5814 u‘t'lldaliud
2363 5687 2521 5760 quam
2553 5705 2865 5761 congressus
2912 5706 3026 5744 cun!
3051 5688 3159 5742 Deo
3184 5687 3470 5754 impelleret
3511 5696 3671 5757 atque

2083 5780 2110 5814 α
2192 5773 2382 5814 ureret.

2082 5762 2382 5816 adduceret.
