4080 6424
568 404 709 468 1015

1804 398 1891 456 CA
1901 396 2053 457 NON
2093 396 2622 460 ACROSTICHUS

3690 420 3797 484 101%;

566 518 887 591 splendidus
921 517 1077 573 nobis
1103 516 1181 570 sol
1212 515 1487 577 exoriens,
1518 512 1729 583 fulgore
1761 512 2010 567 veritatis
2032 512 2155 567 uni-

2260 492 2483 585 φαιδρὸς
2516 514 2803 578 ἀνατείλας
2835 515 3016 582 ἥλιος,
3052 515 3262 582 πάντας
3297 524 3553 596 φωτισμῷ
3581 530 3669 598 τῆς
3696 536 3798 607 ἀλη-

561 627 753 667 versos
776 609 1121 673 illuminavit,
1154 615 1208 663 et
1231 604 1541 678 profundas
1574 603 1871 674 impietatis
1900 604 2155 659 tenebras

558 703 798 772 disjccit.

632 792 943 864 lgniformis
976 792 1208 846 thronus
1242 788 1335 844 Dei
1369 789 1499 854 tuis,
1538 804 1571 843 ο
1602 788 1760 843 beata
1793 787 1950 841 Anna
1981 802 2012 840 a
2046 786 2155 842 Deo

557 895 782 949 vocata,
837 883 1141 940 visceribus
1212 881 1567 948 infunditur;
1619 881 1671 936 in
1740 895 1851 951 quo
1906 880 1998 935 ille
2068 894 2155 935 se-

557 979 693 1033 dens
734 976 1021 1048 requievit,
1062 975 1387 1045 laboresque
1450 974 1663 1045 piorum
1697 972 1942 1029 omnium
1970 973 2158 1028 abstu-

555 1069 640 1135 lit,
660 1081 824 1140 atque
849 1068 1129 1125 caelestem
1154 1067 1360 1123 erroris
1388 1076 1670 1138 expertem
1693 1064 1983 1123 scientiam
2025 1064 2157 1121 etfu-

555 1162 658 1218 dit.

632 1252 773 1309 Ecce
801 1253 1086 1319 lectulum,
1110 1267 1275 1323 quem
1298 1267 1427 1307 vero
1451 1249 1587 1321 Regi
1610 1252 1663 1306 in
1688 1249 1905 1322 generis
1927 1248 2154 1305 humani

556 1346 957 1401 restauratione
997 1346 1065 1401 ad
1100 1345 1368 1401 divinitus
1428 1342 1895 1400 discumbendum
1927 1356 2156 1412 prorsus

553 1449 833 1495 servatum
870 1439 1128 1495 Salomon
1150 1439 1423 1510 pnedixit,
1456 1439 1582 1494 sinu
1610 1445 1728 1499 tuo,
1748 1452 1781 1491 ο
1807 1436 1991 1497 Anna,
2022 1449 2157 1489 con-

554 1532 747 1602 cep’sti
773 1548 788 1593 ;
815 1543 1106 1601 propterea
1129 1538 1400 1599 quotquot
1430 1542 1624 1583 sumus
1647 1525 1855 1589 fideles,
1884 1531 1937 1579 te
1954 1522 2152 1594 praedi-

553 1639 747 1678 camus
774 1626 1015 1677 beatam.

1236 1710 1373 1767 ODE
1416 1711 1480 1765 Υ.

631 1807 890 1862 Emonte
939 1805 1219 1861 descendit
1285 1802 1629 1867 Joacliitnus,
1684 1817 1791 1856 non
1846 1802 1960 1872 jam
2019 1800 2153 1869 legis

556 1901 794 1968 tabulas,
838 1899 932 1953 sed
992 1912 1157 1969 quam
1214 1897 1298 1951 lex
1351 1894 1831 1965 praemonstrabat,
1877 1907 2154 1964 quamque

555 2007 749 2047 omnes
781 1992 1171 2061 prophetarum
1204 1985 1597 2057 praedictiones
1631 1984 2012 2056 indigitabant,
2050 1984 2153 2039 im-

555 2085 887 2141 maculatam
926 2082 1018 2137 Dei
1068 2081 1296 2136 Matrem
1339 2079 1604 2151 adeptus;
1635 2087 1688 2134 et
1734 2078 2020 2135 exsultans
2052 2093 2151 2132 cx-

552 2177 867 2234 clamabat:
903 2173 1218 2229 Esaltatum
1253 2180 1337 2227 est
1364 2187 1461 2226 cor
1492 2185 1698 2227 meum.

631 2269 733 2325 Ubi
761 2269 917 2323 Anna
951 2265 1169 2321 tandem
1204 2262 1501 2334 aliquando
1534 2263 1805 2334 persensit
1852 2262 2153 2319 visceribus

552 2361 671 2418 suis
705 2360 855 2415 illam
911 2358 1132 2413 insitam
1179 2371 1304 2412 esse
1355 2356 1525 2411 vitem
1584 2353 1949 2419 fructiferam,
1978 2368 2009 2409 e
2044 2369 2153 2424 qua

553 2468 806 2509 racemus
855 2450 1110 2514 ellloruit,
1161 2449 1256 2519 qui
1302 2448 1369 2503 ad
1428 2448 1806 2503 maturitatem
1852 2446 2152 2517 perductus

550 2548 738 2601 viuum
800 2544 1009 2607 nobis,
1069 2541 1323 2597 videlicet
1383 2539 1873 2607 immortalitatem,
1932 2539 2153 2608 copiose

552 2639 757 2702 stillat,
808 2636 949 2704 Quid
998 2631 1852 2700 tibi,exclamabat;misericors
1900 2630 2149 2699 Domine,

552 2733 855 2789 retribuam
876 2730 899 2784 ?

625 2828 764 2882 Cum
798 2824 1003 2896 pietate
1063 2821 1306 2879 sterilem
1359 2829 1614 2877 naturam
1663 2834 1890 2876 cernere
1929 2817 2154 2875 Joaclii-

554 2937 682 2977 mus
714 2936 822 2975 non
857 2918 1045 2984 ferret,
1076 2914 1391 2973 effundebat
1446 2930 1658 2986 preces,
1685 2924 1745 2969 ut
1776 2915 1949 2969 Anna:
1990 2913 2154 2970 steri-

557 3016 685 3070 litas
743 3012 1080 3076 auferretur,
1111 3025 1348 3080 eamque
1399 3008 1609 3080 prolem
1645 3009 1760 3079 ipsa
1811 3007 2157 3063 sortireture

555 3123 664 3179 qua
718 3106 942 3160 daretur
1003 3102 1149 3159 filius
1204 3102 1294 3157 ille
1346 3100 1678 3166 altissimus,
1710 3100 1805 3170 qui
1863 3099 2157 3154 universos

557 3200 821 3259 mortales
852 3198 1004 3254 Patri
1033 3212 1135 3253 suo
1165 3196 1308 3251 lilios
1336 3192 1589 3251 efﬁceret.

1225 3282 1362 3338 ODE
1396 3281 1486 3337 Vl.

625 3381 985 3455 Magnificans
1021 3382 1179 3434 Anna
1216 3378 1439 3434 lsraelis
1474 3376 1966 3443 Deum,clamabat
1999 3380 2150 3431 laeta-

553 3479 739 3535 bunda
767 3493 782 3532 :
812 3475 1149 3532 Prattcreunt
1176 3470 1364 3541 procul
1394 3468 1562 3524 dubio
1595 3470 1800 3523 umbrae
1831 3468 1998 3538 legis;
2023 3481 2152 3522 ecce

552 3572 701 3629 enim
737 3568 994 3639 splendor
1023 3565 1225 3621 divinae
1254 3562 1445 3634 gratiae
1490 3571 1740 3632 apparet,
1792 3560 1955 3630 Virgo
2002 3559 2153 3615 scili-

555 3674 670 3731 cet,
725 3662 900 3719 nubes
951 3660 1042 3715 illa
1076 3674 1107 3713 e
1148 3672 1259 3727 qua
1312 3655 1555 3726 fulgidus
1596 3654 1679 3711 sol
1734 3652 1967 3711 Deitatis
2023 3667 2152 3707 vere

558 3758 863 3815 enascitur.

631 3848 737 3905 Ubi
786 3845 1039 3915 angelum
1073 3844 1230 3898 Anna
1267 3838 1477 3896 audivit
1533 3838 1873 3895 nuntiantem
1922 3852 1979 3893 se
2008 3836 2154 3908 pari-

558 3954 740 4000 turam
786 3954 910 3997 esse
941 3936 1235 4003 infantem,
1271 3933 1487 3991 Novum
1520 3949 1674 3999 sane,
1703 3932 1903 4002 inquit,
1937 3940 2154 4002 specta-

554 4034 766 4099 culum,
793 4030 839 4087 si
881 4039 936 4085 et
965 4044 1089 4101 ego,
1123 4027 1279 4098 prius
1313 4025 1607 4083 infecunda
1637 4035 1692 4080 et
1722 4036 1912 4094 partus
1944 4023 2151 4086 nescia,

552 4130 667 4199 jam
700 4138 1042 4197 concepcro;
1078 4123 1206 4179 hinc
1238 4121 1620 4178 exclamabat:
1658 4117 1827 4188 Euge,
1860 4117 1997 4187 pl'Ull
2031 4116 2154 4170 felix

554 4223 832 4287 nuntium,
865 4221 911 4276 si
935 4220 1099 4275 verba
1126 4217 1306 4274 exitus
1347 4223 1629 4286 sequatur.

635 4313 743 4372 Ubi
775 4314 938 4369 Anna
982 4327 1044 4369 se
1084 4310 1409 4381 concepisse
1441 4306 1733 4380 persensit,
1764 4301 2110 4359 exclamabat
2139 4316 2152 4352 :

554 4411 835 4466 laetentur
865 4415 1079 4464 montes
1105 4413 1162 4460 et
1190 4404 1383 4469 colles,
1408 4401 1585 4471 campi
1642 4411 1697 4455 et
1742 4413 1913 4463 mare,
1937 4394 2158 4465 angelo-

553 4520 675 4561 rum
700 4500 993 4559 multitudo
1019 4508 1075 4554 et
1105 4498 1424 4553 universum
1451 4492 1763 4549 mortalium
1792 4506 1961 4562 genus
1985 4506 1999 4542 :
2020 4487 2160 4544 divi-

553 4613 685 4655 num
717 4597 865 4652 enim
911 4591 1131 4647 Domini
1162 4589 1449 4646 delubrum
1483 4587 1698 4642 initium
1733 4600 1886 4639 novae
1925 4584 2160 4638 mdifica-
2188 4614 2233 4670 Β

557 4688 721 4747 tionis
739 4686 994 4755 sumpsit.

1218 4773 1357 4829 ODE
1390 4770 1507 4828 VII.

630 4874 804 4941 Quem
842 4869 1059 4943 Moyses
1086 4868 1217 4925 olim
1248 4868 1301 4922 in
1337 4865 1470 4921 Sina
1502 4864 1637 4919 vidit
1683 4862 1880 4918 rubum
1919 4860 2155 4916 flammi—

560 4969 761 5032 ferum,
795 4968 943 5021 hunc
989 4965 1145 5017 Anna
1196 4960 1322 5016 sinu
1383 4956 1658 5027 concepit,
1680 4964 1736 5011 et
1789 4951 2161 5008 infecundatis

560 5054 946 5126 ignominiam,
988 5066 1098 5123 qua
1149 5050 1436 5114 urebatur,
1468 5044 1933 5119 quemadmodum
1962 5042 2160 5098 deinde

560 5148 897 5219 impietatem
951 5141 1254 5214 exstinguit
1317 5153 1517 5196 eorum
1571 5137 1665 5207 qui
1705 5145 1949 5192 canunt:
1986 5132 2159 5188 Bene-

560 5239 740 5294 dictus
774 5254 856 5305 es,
880 5237 1027 5292 Deus
1053 5236 1279 5291 Patrum
1312 5241 1586 5288 nostrum.

632 5329 829 5384 Mirum
863 5328 918 5382 in
947 5327 1193 5393 modum,
1233 5340 1268 5380 o
1299 5326 1477 5387 Anna,
1510 5334 1657 5373 nunc
1707 5317 1800 5374 illa
1833 5315 2047 5388 depluit
2101 5314 2154 5369 in

560 5424 743 5480 sinum
809 5432 964 5477 tuum
1022 5420 1194 5487 stilla,
1226 5434 1350 5489 qua:
1384 5426 1552 5473 totam
1609 5414 1759 5469 intus
1808 5426 1870 5467 se
1921 5408 2159 5480 excipiet

561 5531 761 5588 aquam
809 5513 953 5578 vitae,
986 5512 1316 5568 irrorantem
1371 5524 1486 5575 eos,
1518 5506 1612 5577 qui
1660 5504 1768 5561 ﬁde
1816 5500 2035 5559 accensi
2085 5499 2155 5555 ad

559 5624 685 5662 cum
720 5605 961 5660 clamant
988 5619 1002 5655 ε
1038 5602 1367 5658 Benedictus
1398 5616 1479 5666 es,
1511 5597 1653 5654 Deus
1684 5602 1899 5668 patrum
1927 5602 2151 5649 nostro-

560 5715 707 5755 I‘Ulll.

633 5792 1081 5848 Passerculorum
1139 5791 1349 5858 nidum,
1378 5806 1411 5845 ο
1456 5789 1643 5853 Anna,
1677 5800 1804 5841 cum
1856 5784 2152 5855 aspiceres,

561 5887 753 5958 spiritu
786 5899 1007 5941 sursum
1034 5885 1295 5956 evolasti;
1327 5893 1382 5943 et
1430 5883 1686 5956 precibus
1736 5878 2146 5935 immaculatum

2259 606 2411 669 θείας
2440 607 2781 678 κατηύγασε,
2814 607 2909 663 καὶ
2942 607 3081 678 βαθὺ
3122 610 3312 674 σκότος
3341 612 3523 681 ἀθεῖας
3550 606 3793 695 ἐξήλασεν.

2329 786 2531 855 Θρόνος
2574 787 2602 841 6
2631 787 2982 859 πυρίμορφος
3011 786 3149 841 Θεοῦ
3188 787 3379 856 λαγόσι
3407 808 3498 847 σου
3538 795 3791 870 ἐνίδρυται⁵

2212 898 2213 901 η
2258 880 2317 931 έν
2350 874 2395 948 ᾧ
2427 880 2661 944 καθίσας
2708 880 3118 947 ἀναπέπαυται,
3168 881 3264 935 καὶ
3293 883 3508 938 πάντων
3535 891 3635 943 τῶν
3672 894 3795 948 εὐσε-

2257 971 2371 1024 ϐῶν
2409 972 2502 1026 τὸν
2532 974 2701 1026 κόπον
2751 972 3036 1041 ἀφείλετο,
3076 973 3172 1026 καὶ
3208 972 3308 1044 τὴν
3332 975 3572 1047 καθαρὰν
3600 979 3795 1049 θεογνω.

2260 1065 2382 1120 σίαν
2412 1064 2692 1136 ένίδρυσεν
2720 1064 2816 1119 ἐπὶ
2841 1065 2967 1135 γῆς,
2995 1066 3166 1119 ΙΙἈννα
3199 1066 3446 1135 μακαρία
3482 1067 3738 1141 θεόληπτε.

2333 1242 2464 1307 Ἴδε,
2503 1243 2573 1314 ἣν
2598 1242 2814 1314 προέφη
2857 1241 3132 1311 Σολομὼν,
3163 1244 3221 1295 ἐν
3257 1242 3441 1315 μήτρα
3469 1244 3646 1318 κλίνην
3669 1250 3789 1323 εἴλη.

2259 1354 2387 1405 φας,
2437 1335 2823 1407 τετηρημένην
2869 1335 3215 1405 ἀληθέστατα
3267 1334 3346 1404 τῷ
3396 1336 3577 1406 ἀληθεί
3616 1340 3793 1398 Βασιλεῖ

2258 1427 2410 1481 θείαν
2445 1428 2581 1497 πρὸς
2607 1428 2892 1482 ἀνάκλισιν
2917 1428 3110 1497 γένους
3138 1426 3248 1481 τῶν
3282 1426 3485 1498 βροτῶν
3528 1432 3789 1505 ἐπανακλή-

2259 1535 2362 1571 σει·
2400 1518 2483 1573 διό
2525 1536 2585 1572 σε
2637 1520 3010 1590 χαρμονικῶς,
3055 1518 3247 1583 Ἀννα,
3297 1520 3345 1572 οἱ
3382 1520 3557 1573 πιστοὶ
3596 1525 3790 1595 μακαρί-

2259 1608 2441 1681 ζομεν.

2943 1702 3078 1774 pan
3118 1704 3189 1757 ε’.

2332 1791 2619 1861 Κατῆλθεν
2652 1792 2714 1859 ἐξ
2762 1793 2923 1863 δρους
2952 1795 2980 1847 6
3017 1794 3297 1863 Ἰωακεὶμ,
3328 1793 3447 1865 οὐχὶ
3492 1797 3685 1865 πλάκας
3711 1804 3784 1857 τοῦ

2186 1873 2226 1930 Β
2258 1885 2425 1953 νόμον
2461 1884 2778 1954 δεξάμενος,
2813 1886 2881 1956 ἢν
2906 1885 3067 1956 νόμος
3093 1884 3149 1938 δὲ
3182 1885 3517 1958 προέγραψε,
3547 1892 3632 1944 καὶ
3651 1895 3787 1949 πᾶσαι

2257 1978 2554 2051 προφητῶν
2588 1976 2865 2049 ἐδήλωσαν
2890 1977 2949 2031 αἱ
2983 1978 3189 2047 ῥήσεις,
3226 1976 3365 2031 Θεοῦ
3393 1979 3555 2051 ἁγνὴν
3581 1982 3785 2053 Μητέρα

2256 2083 2351 2135 καὶ
2387 2078 2625 2152 σκιρτῶν
2656 2076 2875 2133 ἁνεόόα’
2924 2073 3303 2148 Ἐμεγαλύνθη
3339 2076 3373 2147 ἡ
3403 2076 3590 2146 καρδία
3616 2095 3721 2148 μου.

2329 2258 2570 2328 Λαγόσιν
2619 2257 2694 2321 ὡς
2730 2256 2927 2328 ᾔσθετο
2960 2258 3130 2309 Ἀννα
3177 2256 3308 2310 ποτὲ
3342 2255 3678 2326 φυτευθεῖσαν
3714 2258 3787 2326 τὴν

2257 2350 2539 2422 εὔκαρπον
2580 2350 2851 2421 ἄμπελον,
2892 2348 2952 2415 ἐξ
2995 2344 3064 2421 ἧς
3112 2352 3141 2403 6
3189 2349 3389 2421 βότρυς
3423 2349 3786 2419 ἧνθησενὸπέ-

2260 2461 2452 2515 πειρος
2512 2445 2646 2514 ἡμῖν
2700 2438 2865 2506 οἶνον,
2916 2442 3243 2509 ἀθανασίαν,
3275 2441 3545 2506 πλουσίως
3586 2443 3784 2496 ἀποστά-

2257 2538 2391 2604 ζων,
2414 2538 2480 2591 Τί
2512 2554 2596 2590 σοι
2626 2535 3015 2603 ἀνταποδώσω,
3047 2534 3395 2605 εὐσπλαγχνε
3426 2534 3609 2604 Κύριε,
3637 2533 3785 2603 ἐφθέγ-

2256 2648 2404 2700 γετο.

2328 2808 2421 2879 Μὴ
2448 2807 2631 2878 φέρων
2649 2806 2751 2878 τὴν
2772 2806 2950 2860 κτίσιν
2974 2807 3002 2860 6
3039 2804 3300 2875 ἰωακεὶμ
3332 2801 3564 2874 καθορᾷν
3587 2798 3783 2869 εὐσεϐείᾳ

2260 2901 2669 2974 στειρεύουσαν,
2734 2898 2835 2970 τὴν
2885 2897 3170 2968 στείρωσιν
3224 2897 3436 2951 ἱκέτευε
3491 2894 3586 2964 τῆς
3633 2894 3784 2958 ’Δννης

2259 2994 2572 3065 παρελθεῖν,
2603 2994 2699 3047 καὶ
2732 2992 2937 3063 ταύτην
2968 2992 3112 3055 ἕξειν
3145 2990 3315 3043 παῖδα
3348 2988 3407 3054 ἐξ
3454 2982 3520 3061 ἦς
3544 2985 3645 3048 υίδς
3668 2982 3783 3049 ὲδᾶθη

2258 3085 2467 3146 πάντας
2508 3084 2827 3154 υίοθετήσας
2856 3081 2933 3153 τῷ
2965 3080 3159 3137 ἑαυτοῦ
3196 3082 3376 3153 Πατρὶ
3402 3081 3428 3134 6
3460 3077 3679 3148 ὕψιστος.

2909 3259 3179 3331 13511.6?-

2326 3356 2511 3428 Νόμου
2545 3358 2601 3410 αἱ
2629 3354 2781 3409 σκιαὶ
2823 3352 3013 3422 σαφῶς
3046 3351 3514 3421 παρατρέχουσιν.
3549 3344 3681 3413 Δύγὴ
3706 3339 3784 3411 γὰρ

2255 3451 2364 3505 ίδοῦ
2388 3450 2486 3521 τῆς
2513 3448 2663 3510 θείας
2695 3448 2919 3517 χάριτος
2950 3443 3335 3515 ἐμφανίζεται,
3372 3444 3404 3511 ἡ
3430 3437 3700 3510 Παρθένος,
3723 3450 3783 3485 γε·

2254 3544 2392 3614 φέλη
2449 3541 2509 3606 ἐξ
2540 3536 2608 3613 ἦς
2640 3542 2667 3593 6
2710 3538 2937 3610 φαιδρὸς
2965 3540 3065 3604 τῆς
3101 3536 3360 3606 θεότητος
3394 3533 3623 3603 ἀντίσχει
3662 3529 3785 3587 ὅντως

2253 3634 2426 3706 ἥλιος,
2486 3634 2659 3686 ’Λννα
2714 3629 2994 3701 γηθομένη
3031 3626 3231 3698 ἐκραζε
3260 3666 3274 3692 ,
3307 3626 3399 3681 τὸν
3460 3624 3586 3679 Θεὸν
3620 3616 3784 3689 Ἰσραὴλ

2257 3724 2561 3797 μεγαλύνου
2570 3740 2635 3777 σα
2646 3765 2657 3777 .

2324 3816 2507 3881 Ξένον,
2533 3816 2583 3869 εἰ
2606 3814 2761 3884 κάγὼ
2786 3812 3152 3885 συλλήψομαι,
3172 3812 3375 3878 θέαμα,
3400 3812 3432 3882 ἡ
3459 3808 3637 3879 ἄγονος
3664 3801 3778 3874 πρὶν.

2258 3908 2354 3963 καὶ
2383 3910 2415 3977 ὴ
2442 3908 2503 3960 οὐ
2529 3908 2815 3971 τίκτουσα,
2844 3908 3017 3959 Ἀννα
3048 3904 3223 3972 ἔλεγε,
3260 3898 3626 3971 φθεγγομένου
3656 3888 3781 3959 ἀγγέ-

2257 4000 2351 4053 λου
2383 3999 2458 4063 ὡς
2491 3999 2746 4068 ἤκουσεν,
2786 3999 2866 4050 ὅτι
2897 3996 3113 4061 τέξεται
3154 3995 3391 4061 παιδίον,
3440 3993 3530 4047 καὶ
3566 3984 3783 4060 ἐκραύγα-

2261 4093 2353 4157 ζεν
2385 4110 2396 4122 ο
2450 4087 2591 4159 Εὖγε
2640 4089 2734 4142 τοῦ
2784 4088 2953 4143 καλοῦ
2988 4087 3371 4157 ἀκούσματος,
3430 4085 3477 4138 εἰ
3521 4081 3623 4136 τῶν
3659 4078 3785 4143 λόγων

2261 4186 2486 4248 έκόασις
2521 4185 2771 4252 γένηται.

2333 4280 2477 4349 ’Ὁρη
2531 4277 2622 4330 καὶ
2669 4274 2869 4346 βουνοί,
2927 4273 3089 4327 πεδία
3137 4273 3234 4327 καὶ
3273 4271 3541 4335 θάλασσα,
3593 4260 3785 4332 ἀγγέλων

2260 4370 2472 4441 πληθὺς
2498 4370 2594 4423 καὶ
2645 4371 2796 4422 πᾶσα
2845 4366 3009 4436 φύσις
3058 4365 3287 4437 βροτῶν,
3342 4356 3782 4432 εὐφραινὲσθωσπν·

2259 4462 2353 4515 τοῦ
2392 4460 2666 4514 Δεσπότου
2711 4460 2773 4512 τὸ
2818 4458 2962 4512 θεῖον
3001 4459 3111 4528 γὰρ
3142 4457 3371 4527 τέμενος
3426 4448 3664 4521 ἀπαρχὴν
3690 4444 3784 4494 ἁνι-

2261 4554 2542 4625 δομήσεως
2597 4553 2838 4619 ἐδέξατο.
2895 4551 3063 4604 Ἀννα
3111 4549 3351 4623 ὁπηνίκα
3401 4544 3592 4619 ᾔσθετο
3639 4528 3786 4600 ἑαυτὴν

2269 4646 2670 4713 συλλαϐοῦσαν,
2707 4644 3031 4714 ἐφθέγγετο.

2938 4761 3074 4829 pan
3106 4760 3182 4814 z'.

2337 4858 2624 4929 Πυρφόρον
2658 4855 2826 4911 πάλαι
2856 4855 3019 4926 βάτον
3050 4854 3294 4923 Μωῦσῆς
3320 4854 3379 4907 ὲν
3410 4849 3542 4905 Σινᾶ
3567 4849 3628 4917 ἣν
3657 4838 3788 4907 adipa-

2263 4970 2380 5017 κεν,
2430 4955 2604 5008 Ἀννα
2646 4950 2907 5005 συνέλαϐε
2952 4948 3185 5015 γαστρὶ,
3220 4945 3479 5008 ἀπαιδίας
3526 4939 3636 5011 πῦρ
3678 4932 3788 4986 σεεν-

2260 5046 2482 5112 νύουσα,
2515 5043 2589 5107 ὡς
2615 5043 2907 5114 ἐσύστερον
2938 5041 3259 5097 δυσσέϐειαν
3282 5043 3393 5104 τοῖς
3428 5036 3717 5108 μέλπουσιν·
3750 5023 3789 5072 ὐ

2260 5142 2369 5194 τῶν
2398 5140 2649 5213 πατέρων
2674 5138 2827 5202 Θεὸς,
2859 5136 3151 5208 εὐλογητὸς
3175 5129 3245 5190 εί.

2342 5319 2526 5386 Ῥανὶς
2553 5324 2621 5393 τῇ
2659 5321 2726 5392 σῇ
2773 5318 2931 5390 νηδύϊ
2962 5318 3285 5392 παραδόξως
3328 5316 3447 5382 νῦν,
3484 5314 3657 5373 Ἀννα,

2260 5415 2477 5472 ὁλυσιν·
2667 5390 2730 5467 τδ
2774 5412 2920 5486 ὕδωρ
2972 5390 3071 5484 τῆς
3110 5411 3257 5481 ζωῆς
3290 5408 3409 5464 ὅλον
3455 5404 3596 5460 ἔνδον
3633 5390 3790 5451 είσεδέ-

2260 5509 2408 5575 ξατο,
2440 5511 2502 5563 τὸ
2533 5504 2781 5579 δροσίζον
2809 5503 2936 5568 τοὺς
2987 5502 3196 5568 πιστῶς
3227 5500 3377 5572 αὐτῷ
3408 5491 3788 5569 κραυγάζοντας”

2270 5603 2329 5657 Ὀ
2355 5601 2465 5656 τῶν
2496 5600 2757 5669 πατέριον
2786 5598 2944 5663 Θεὸς,
2981 5596 3282 5667 εὐλογητὸς
3312 5589 3383 5646 εἴ.

2330 5779 2637 5851 Στρουθίων
2664 5779 2741 5843 ὼς
2777 5778 2955 5851 ἑώρας
2992 5776 3212 5843 καλιὰν,
3242 5768 3627 5843 ἀνεπτηρωθης
3662 5750 3787 5851 Μίίὼ

2265 5891 2415 5949 ματι·
2452 5874 2545 5929 καί
2582 5876 2856 5946 προσευχῇ
2890 5872 3221 5945 περιστερὰν
3247 5867 3488 5941 ὲκομίσω
3519 5862 3610 5934 τὴν
3634 5848 3787 5928 ἀμίαῚιμ
