4080 6408
290 396 426 459 ibi?

1590 395 1735 457 LEO
1776 392 2203 453 PATliIClUS.

3404 396 3541 463 1018

280 522 395 569 τον,
427 504 635 574 κάρφος
668 505 938 579 φέρουσαν
972 509 1205 581 Χριστὸν
1238 509 1447 577 ἐλαίας,
1480 510 1671 574 Ἅννα,
1705 507 1852 578 ἡμᾶς

1964 512 2206 559 assecuta
2256 517 2317 558 es
2366 501 2698 571 columbam,
2735 519 2856 574 qum
2907 520 3118 560 ramum
3163 504 3343 572 olivae,
3378 508 3536 562 Clu-i-

186 638 193 643 .
283 596 672 669 κατακλυσμοῦ
703 599 893 671 νοητοῦ
911 599 1322 671 ἐλευθεροῦντα.

942 833 1071 907 eiu
1104 838 1188 889 ιιι.

361 963 424 1017 Τί
470 981 561 1035 μοι
601 963 818 1036 μήτραν
855 965 1179 1036 ἀπειργάσω
1218 964 1571 1032 ἀτεκνοῦσαν,
1616 964 1710 1017 καὶ
1756 981 1860 1034 μα-

283 1058 442 1119 στοὺς
493 1053 701 1125 ξεροὺς,
752 1056 935 1121 καθὼς
984 1057 1234 1128 προέφης
1278 1061 1335 1111 ὲν
1372 1058 1707 1127 προφήταις,
1758 1055 1858 1108 Δέ-

286 1165 491 1214 σποτα;
522 1148 720 1201 ἀνεϐόα
741 1149 909 1202 ¹Ἀννα
939 1150 1092 1203 ποτέ.
1132 1149 1411 1211 Ἀτεκνίας
1437 1164 1538 1218 μου
1564 1150 1626 1200 τὸ
1656 1148 1857 1212 ὄνειδος

284 1240 555 1306 διάλυσον,
603 1243 698 1293 καὶ
745 1241 832 1304 δός
872 1258 962 1312 μοι
1015 1242 1251 1312 καρπὸν,
1307 1239 1424 1309 μεθ’
1454 1230 1516 1291 οὗ
1550 1240 1854 1309 βοήσομαι·

284 1333 592 1399 Εὑλογειτω
634 1333 668 1404 ὴ
712 1334 890 1397 κτίσις
928 1334 1077 1387 πᾶσα
1126 1333 1217 1387 τὸν
1266 1332 1493 1404 Κύριον,
1539 1332 1634 1385 καὶ
1682 1332 1855 1402 ὑπερ-

285 1425 482 1495 υψοῦτε
508 1428 587 1489 εἰς
619 1427 826 1491 πάντας
852 1427 977 1491 τοὺς
1009 1427 1235 1489 αἰῶνας.

364 1608 607 1678 ’Υπῆλθε
638 1608 737 1678 τὴν
763 1606 881 1679 σὴν,
918 1607 1109 1671 Ἄννα,
1147 1608 1360 1678 μήτραν
1388 1607 1600 1679 λυχνία,
1632 1608 1692 1662 τὸ
1719 1608 1860 1679 λαμ-

280 1699 493 1764 πάδιον,
525 1700 650 1771 ἥτις
673 1699 735 1752 τὸ
767 1699 909 1753 θεῖον
935 1699 1216 1769 μυστικῶς
1245 1698 1492 1771 ἐχώρησε
1523 1700 1584 1753 τὸ
1614 1702 1859 1770 φωτίσαν

277 1794 460 1845 πᾶσαν
484 1792 653 1861 πνοὴν
684 1789 1059 1861 φρυκτωρίαις
1093 1792 1384 1860 μυστικαῖς
1412 1791 1512 1861 τῆς
1540 1790 1692 1854 θείας
1719 1790 1860 1860 γνώ-

1963 606 2107 651 stum
2137 610 2329 666 nempe
2357 611 2387 652 e
2411 596 2679 667 spirituali
2707 598 3039 669 cataclysmo
3069 613 3168 654 nos
3197 598 3541 667 libet-autem,

1959 688 2117 760 gerit.

2595 834 2730 894 ODE
2764 835 2904 893 Vill.

2031 966 2315 1024 Clamabat
2362 969 2658 1041 aliquando
2689 970 2844 1023 Anna
2878 987 2891 1023 :
2926 969 3067 1036 Quid
3101 969 3255 1034 mihi,
3284 969 3539 1035 Domine,

1963 1068 2177 1114 uterum
2230 1061 2436 1115 sobolis
2491 1060 2867 1124 infecundum,
2897 1069 3058 1129 atque
3102 1060 3314 1114 arentia
3363 1060 3539 1114 fecisti

1962 1152 2152 1217 ubera,
2199 1152 2661 1220 quemadmodum
2728 1152 2783 1206 in
2858 1152 3137 1221 prephetis
3200 1152 3541 1221 praediti-isti?

1963 1242 2126 1300 Solve
2181 1243 2488 1299 sterilitatis
2565 1257 2701 1297 meae
2760 1244 3140 1312 opprobrium,
3182 1252 3238 1297 et
3300 1242 3538 1298 fructum

1961 1334 2099 1388 mihi
2128 1334 2328 1400 tribue,
2350 1350 2476 1389 cum
2499 1349 2608 1404 quo
2635 1334 2922 1389 clamabo:
2955 1335 3283 1389 Beuedicant
3312 1336 3541 1389 Domino

1960 1434 2230 1482 creatura:
2282 1440 2498 1494 omnes,
2539 1435 2595 1482 et
2639 1426 3010 1497 superexaltat
3068 1442 3195 1482 eum
3242 1427 3297 1481 in
3349 1428 3535 1481 omnia

1965 1519 2189 1571 saacula.

2033 1608 2224 1663 Sinum
2254 1618 2430 1673 tuum,
2460 1624 2493 1664 ο
2536 1608 2713 1676 Anna,
2748 1609 3140 1664 candelabrum
3177 1610 3364 1676 subiit,
3390 1610 3541 1681 quod

1976 1700 2207 1770 mystice
2252 1700 2490 1754 divinam
2529 1700 2859 1773 lampadem,
2894 1700 3044 1754 omni
3077 1700 3295 1769 spiritui
3344 1699 3545 1753 divina:

1963 1791 2207 1848 scientiae
2232 1790 2417 1845 lumen
2454 1791 2699 1863 mysticis
2735 1791 2949 1846 facibus
2975 1791 3367 1858 aﬂ‘undentem,
3400 1793 3453 1845 in
3485 1807 3546 1847 se

278 1898 441 1945 σεως’
489 1882 570 1935 διὸ
615 1880 936 1953 γηθοσύνως
984 1881 1419 1952 ἀνεκραύγαζες·
1472 1881 1781 1949 Εὐλογείτω
1822 1883 1855 1951 ἠ

1964 1886 2209 1956 excepit;
2253 1894 2543 1955 propterea
2592 1900 2718 1939 cum
2765 1884 2967 1955 gaudio
3015 1885 3338 1941 clamabas:
3374 1884 3547 1940 Bene-

276 1975 457 2037 κτίσις
489 1976 638 2028 πᾶσα
671 1973 762 2026 τὸν
789 1973 1016 2046 Κύριον,
1048 1976 1142 2027 καὶ
1173 1970 1518 2044 ὑπερυψοῦτε
1550 1972 1629 2036 εἰς
1652 1972 1861 2036 πάντας

273 2068 400 2129 τοὺς
434 2066 659 2129 αἰῶνας.

339 2160 610 2229 Φέρουσιν
638 2158 713 2222 ὡς
758 2160 1091 2231 ὡραιότατον
1125 2158 1223 2214 νῦν
1262 2157 1459 2228 ζεῦγος
1493 2157 1645 2213 θείαν
1682 2158 1861 2229 δάμα-

268 2251 372 2317 λιν,
416 2250 484 2314 ὲξ
511 2245 578 2322 ἦς
624 2250 650 2302 ό
683 2250 884 2321 μόσχος
927 2250 1129 2322 ὡραῖος
1157 2250 1422 2322 ἔλαμψεν,
1458 2250 1602 2320 ὑπὲρ
1639 2250 1860 2304 πάντων

273 2341 658 2413 σφαγιασθεὶς,
692 2344 722 2396 ό
746 2343 955 2407 κλεινὸς
1000 2344 1259 2410 Ἰωακεὶμ
1293 2343 1389 2396 καὶ
1419 2343 1588 2396 Ἀννα
1623 2342 1861 2412 μέλπον-

270 2453 378 2499 τες·
414 2435 732 2504 Εὐλογείτω
754 2437 787 2507 ή
811 2435 986 2499 κτίσις
1010 2436 1162 2489 πᾶσα
1189 2435 1281 2489 τὸν
1313 2436 1539 2506 Κύριον,
1570 2434 1664 2488 καλ⁵
1692 2434 1862 2506 ὑπερ-

270 2528 473 2598 υψοῦτε
508 2529 587 2591 εἰς
616 2527 828 2592 πάντας
851 2528 982 2592 τοὺς
1004 2527 1232 2591 αἰῶνας.

949 2733 1083 2805 part
1115 2731 1193 2789 θ’.

341 2860 686 2933 Χορεύσατε,
715 2860 887 2915 πᾶσαι
920 2858 1113 2931 ψυχαὶ,
1144 2858 1238 2915 καὶ
1266 2859 1597 2931 σκιρτήσατε
1617 2875 1631 2889 ·
1666 2860 1737 2929 γῆ
1767 2858 1862 2912 νῦν

271 2952 822 3025 πεπλαστούργηται,
850 2953 974 3023 ἥτις
1004 2953 1337 3024 καρπογονεῖ
1356 2950 1637 3022 άνηρότως
1660 2949 1863 3019 στάχυν

272 3040 588 3112 ζωηφόρον,
637 3040 700 3105 ἐξ
749 3035 811 3095 οὗ
870 3041 1139 3111 φαγόντες
1188 3040 1249 3094 ού
1320 3039 1638 3094 πεινάσουσὶ
1693 3055 1859 3103 ποτε,

279 3132 685 3201 μεγαλύνοντες
717 3130 886 3186 αὑτοῦ
910 3132 1010 3203 τὴν
1039 3131 1376 3202 ἀγαθότητα.

1976 1978 2165 2032 dicant
2211 1976 2445 2031 Domino
2501 1986 2765 2032 creaturae
2820 1991 3035 2044 omnes,
3080 1985 3135 2032 et
3171 1978 3547 2047 superexalta-

1965 2078 2015 2124 te
2036 2083 2162 2123 eum
2189 2069 2243 2121 in
2266 2067 2452 2122 omnia
2491 2069 2717 2123 saecula.

2033 2159 2271 2231 lnclytus
2296 2159 2616 2215 Joacbimus
2647 2174 2769 2214 cum
2806 2158 2984 2225 Anna,
3019 2158 3219 2227 quippe
3247 2157 3542 2229 coniugum

1962 2269 2061 2323 par
2092 2252 2523 2317 nobilissimum,
2559 2250 2799 2306 divinam
2835 2264 2983 2303 nunc
3021 2250 3246 2319 gignunt
3280 2249 3545 2318 iuvencu-

1963 2345 2093 2410 lam,
2127 2360 2158 2399 e
2198 2359 2302 2415 qua
2350 2355 2505 2399 ortus
2544 2351 2629 2397 est
2674 2342 2847 2397 Filius
2904 2341 2959 2395 in
3015 2341 3259 2395 omnium
3310 2340 3541 2394 salutem

1962 2446 2272 2503 mactatus;
2300 2446 2465 2507 atque
2521 2434 2658 2490 adeo
2701 2434 2999 2490 c0ucinunt
3029 2450 3040 2485 :
3075 2431 3404 2487 Beuedicaut
3435 2432 3543 2484 Do-

1964 2532 2114 2587 mino
2171 2540 2437 2587 creaturae
2479 2543 2695 2595 omnes,
2749 2536 2804 2583 et
2852 2524 3261 2597 superexaltate
3299 2540 3425 2579 eum
3491 2526 3545 2579 in

1963 2624 2151 2682 omnia
2187 2625 2413 2679 saecula.

2622 2730 2758 2789 ODE
2786 2730 2880 2787 IX.

2035 2861 2341 2928 laetauiini,
2374 2875 2565 2917 omnes
2588 2860 2805 2924 animae,
2824 2869 2878 2915 et
2906 2857 3216 2927 exsultate;
3248 2872 3396 2912 nunc
3422 2873 3550 2912 con-

1963 2954 2075 3010 dita
2124 2954 2213 3008 illa
2259 2962 2343 3009 est
2388 2962 2553 3019 terra,
2588 2968 2711 3023 qua:
2768 2951 2953 3007 nescia
3001 2951 3166 3005 aratri
3199 2950 3303 3004 fert
3341 2950 3547 3018 spicam

1965 3043 2086 3097 rita?
2109 3059 2123 3108 ;
2147 3060 2176 3098 c
2197 3059 2304 3112 qua
2335 3052 2599 3114 quotquot
2630 3042 3108 3106 manducaverint,
3133 3040 3548 3112 magnificantes

1967 3134 2267 3189 bonitatem
2300 3135 2421 3205 ejus
2451 3150 2559 3189 non
2592 3116 2840 3191 esuOrient
2865 3133 3121 3204 amplius.

344 3223 663 3294 Ψαλτήριον
711 3223 853 3293 μετὰ
903 3222 1138 3294 κιθάρας
1178 3221 1439 3288 ἀνάλαὸε,
1471 3220 1671 3285 Δαυῒδ,
1723 3220 1853 3291 μελ-

2043 3228 2231 3291 Sume,
2256 3242 2290 3282 ο
2322 3226 2511 3292 David,
2548 3227 2865 3295 psalterium
2898 3241 3023 3279 eum
3060 3225 3293 3290 cithara,
3325 3232 3379 3278 et
3417 3238 3553 3278 con-

275 3313 514 3386 ῴδησοψ
537 3314 645 3369 ἰδοὺ
674 3315 904 3378 κιϐωτὸς
934 3315 1177 3385 ἀνεφάνη
1196 3314 1355 3377 Θεοῦ,
1385 3314 1452 3384 ἢν
1484 3314 1729 3383 προέφης
1764 3330 1861 3365 σα-

277 3407 398 3474 φῶς
446 3406 716 3477 ἐσομένην
760 3409 837 3471 εἰς
894 3406 1224 3474 ἀνάπλασιν,
1276 3404 1345 3459 δι’
1388 3402 1457 3477 ἦς
1496 3406 1866 3476 ἑξανέστημεν

277 3504 444 3573 ἡμεῖς
467 3502 560 3555 τοῦ
591 3503 1066 3573 παραπτώματος.

360 3593 449 3657 Ὠς
481 3594 729 3663 μέγιστοι
760 3593 854 3647 δύο
877 3593 1104 3663 ἀστέρες
1128 3593 1400 3664 ἠνέγκατε
1430 3592 1529 3664 τὴν
1560 3592 1735 3663 αὐγὴν
1765 3591 1866 3662 τὴν

277 3683 606 3753 πάμφωτον·
660 3685 783 3755 ἥτις
826 3685 1144 3759 ὲξανατείλῃ
1190 3686 1283 3739 τὸν
1345 3684 1519 3755 μέγαν
1570 3684 1723 3754 ἥλιον
1784 3683 1861 3755 τῷ

279 3774 490 3844 κόσμῳ·
518 3772 600 3827 διὸ
638 3773 997 3845 εύφημοῦμεν
1031 3776 1127 3828 καὶ
1153 3774 1451 3845 δοξάζομεν
1495 3773 1663 3843 ὑμᾶς,
1707 3772 1858 3827 Ἰωαο

278 3862 413 3932 κεὶμ
438 3862 534 3915 καὶ
573 3862 763 3928 Ἀννα,
796 3862 870 3926 ὼς
900 3863 1217 3934 θεόφρονας.

1963 3322 2284 3377 cine:ecce
2335 3319 2590 3389 apparuit
2635 3334 2761 3383 arca
2813 3317 2930 3379 Dei,
2966 3332 3135 3385 quam
3195 3317 3434 3370 futuram
3494 3317 3547 3368 in

1964 3410 2417 3468 restaurationem
2444 3411 2733 3480 perspicue
2759 3408 3087 3479 praedixisti,
3122 3423 3219 3479 per
3250 3424 3416 3478 quam
3448 3424 3550 3463 nos

1962 3518 1994 3558 e
2024 3502 2177 3571 lapsu
2206 3503 2636 3557 resurreximus.

2034 3589 2196 3645 Velut
2221 3591 2351 3646 bina
2382 3590 2618 3645 maxima
2640 3598 2789 3645 astra
2823 3604 3077 3645 auroram
3106 3598 3275 3644 totam
3309 3588 3547 3643 lucidam

1966 3684 2247 3747 attulistis,
2282 3698 2404 3752 quae
2432 3699 2688 3755 magnum
2726 3683 2931 3736 mundo
2961 3682 3131 3736 solem
3168 3681 3392 3747 afferat;
3422 3697 3550 3749 pro-

1972 3784 2154 3843 pterea
2182 3789 2295 3836 vos,
2314 3772 2560 3828 Joaeliim
2583 3784 2638 3828 et
2656 3758 2836 3837 Anna,
2854 3782 3133 3842 tamquam
3161 3772 3345 3825 divina
3372 3781 3551 3825 mente

1970 3865 2225 3936 praeditos
2258 3867 2597 3923 celebramus
2624 3874 2677 3919 et
2703 3865 3096 3936 glorificamus.

284 4062 3542 4115 Μ

1586 4264 1760 4311 ANNO
1813 4264 2041 4312 DOMINI
2091 4264 2242 4311 CMX.

1041 4448 1468 4629 [ΕΟ
1605 4444 2773 4629 PATBICIUS

1691 4913 2204 5008 NOTITIA

1286 5132 1402 5194 (MAI
1430 5129 1655 5183 Biblioth.
1691 5143 1803 5184 nov.
1829 5131 1995 5195 Patr.,
2032 5138 2149 5182 tum.
2174 5130 2256 5193 Vl,
2297 5145 2407 5195 pag.
2431 5130 2568 5192 διε.)

385 5294 583 5361 Leonis
614 5303 835 5361 Patricii
860 5313 1041 5361 exstat
1061 5305 1116 5359 in
1140 5303 1472 5359 bibliotheca
1492 5302 1749 5358 Vaticana
1770 5303 1937 5359 codex
1962 5303 2237 5359 maximus
2265 5301 2562 5358 Bibliorum
2593 5302 2929 5370 Graecorum,
2946 5302 3200 5374 plurimis
3222 5302 3556 5373 splendidis-

309 5401 411 5454 que
443 5393 509 5445 ad
539 5394 865 5448 mirarulum
897 5393 1193 5448 decoratus
1220 5391 1473 5462 picturis,
1492 5405 1616 5444 cum
1642 5390 1812 5460 ipsius
1840 5388 2040 5446 Leonis
2056 5389 2353 5461 fratrisque
2374 5390 2719 5447 Constantini
2749 5391 3005 5462 imagine.
3038 5389 3135 5445 llic
3158 5390 3420 5444 nimirum
3445 5391 3555 5447 Leo

312 5486 497 5531 auctor
521 5492 603 5535 est
632 5483 946 5552 eclogarum
969 5494 1127 5536 sacra
1157 5479 1327 5533 Biblia
1362 5478 1782 5553 illustrautiulq,
1814 5479 1961 5547 quod
1992 5493 2094 5534 nos
2123 5492 2261 5547 opus
2296 5477 2350 5532 in
2381 5478 2489 5533 alio
2521 5478 2644 5534 cod.
2673 5476 2794 5533 Vat.
2826 5479 3264 5535 observavimus.
3300 5478 3559 5534 Suntau—

313 5570 416 5614 tem
436 5567 631 5637 eclogae
660 5569 1198 5624 Commentariorum
1233 5567 1287 5621 in
1324 5564 1746 5631 Octoteuchum,
1786 5565 1839 5619 iu
1872 5565 2043 5620 libros
2075 5574 2313 5634 quatuor
2343 5562 2554 5634 Regum
2585 5574 2638 5621 et
2660 5566 2713 5620 in
2744 5567 2882 5621 duos
2901 5564 3395 5636 Paralipomenon;
3429 5567 3556 5619 item

312 5650 363 5703 in
389 5652 717 5724 Mattlizeum,
753 5660 982 5723 Lucam,
1002 5656 1268 5713 Joannem
1293 5667 1347 5712 et
1371 5656 1540 5711 Actus
1563 5654 1971 5726 apostolorum;
1997 5653 2232 5723 denique
2256 5653 2310 5707 in
2332 5652 2625 5723 Epistolas,
2656 5669 2819 5709 uuam
2848 5653 3064 5718 Jacobi,
3093 5655 3231 5711 duas
3254 5654 3421 5722 Petri,
3444 5666 3555 5711 tres

310 5733 533 5797 Joannis
561 5746 579 5811 (
605 5763 836 5815 quarum
870 5748 922 5800 in
957 5746 1131 5815 prima
1156 5745 1308 5799 deest
1341 5742 1715 5798 testimonium
1747 5740 2023 5809 cwlestc),
2052 5756 2215 5795 unam
2260 5738 2432 5795 Judze.
2464 5740 2573 5795 Nos
2597 5741 2758 5812 hujus
2785 5743 2992 5814 c0piosi
3026 5742 3212 5813 operis
3252 5744 3561 5813 specimen,

309 5825 616 5897 eclogarum
643 5851 838 5907 nempe
873 5836 938 5892 ad
970 5835 1206 5906 primum
1234 5832 1511 5890 Gcncscos
1538 5831 1861 5903 capitulum,
1896 5844 2045 5885 nunc
2076 5829 2131 5885 in
2160 5829 2336 5887 lucem
2361 5830 2672 5887 cffcremus.
