4080 6418
594 382 733 448 1319
1696 379 1838 439 Ι.Εο
1872 378 2283 440 PATRICIUS
2324 379 2406 440 ΙΝ
2441 378 2710 440 GENES.
3780 368 3896 433 102)

3543 532 3875 551 ⁸*

602 546 945 556 ...σι-..αν-

1363 688 2102 812 ΛΕΟΝΤΟΣ
2180 691 3026 810 ΠΑΤΡΙΚΙΟΥ

2104 925 2325 963 ΕΠΙΤΟΜΗ

1146 1060 1588 1115 ΕΡΜΙΙΝΕΙΑΣ
1614 1060 1733 1113 ΕΙΣ
1778 1060 1920 1112 ΤΗΝ
1956 1059 2290 1112 ΙῈΝΕΣΙΝ
2326 1060 2476 1112 ΔιΠο
2510 1058 2872 1112 ΔΙΔΦΟΡΩΝ
2906 1058 3290 1115 ΠΔΤΕΡΩΝ.

1676 1386 2112 1479 LEONIS
2206 1389 2742 1480 PATRICII

880 1580 1246 1641 EPITOME
1288 1577 2073 1641 INTERPRETATIONIS
2124 1577 2204 1638 IN
2242 1578 2582 1641 GENESIN
2640 1580 2753 1641 EX
2798 1581 3069 1645 VARUS
3110 1582 3577 1646 PATBIBUS.

649 1897 858 1968 Moyses
881 1895 1207 1966 theologiam
1236 1907 1345 1948 non
1370 1891 1605 1948 instituit
1628 1903 1848 1964 propter
1888 1894 2152 1965 spiritua-
2178 1897 2201 1958 λέ

2323 1896 2398 1950 Οὐ
2422 1897 2720 1970 προτέταχε
2742 1897 3021 1967 θεολογῖαν
3035 1901 3063 1953 6
3080 1900 3295 1971 Μωσῆς
3314 1900 3421 1955 διὰ
3441 1900 3553 1973 τὴν
3576 1903 3864 1974 νηπιότητα

578 1992 680 2045 lem
713 2005 899 2045 eorum
924 1986 1231 2051 infantiam,
1265 1986 1361 2043 sed
1384 1986 1715 2042 creationem
1750 1986 1827 2041 ait
1860 1985 2055 2042 factam
2079 2002 2149 2044 ne

2250 1990 2450 2056 αὐτῶν,
2479 1990 2614 2045 ἀλλὰ
2634 1992 2732 2059 τὴν
2765 1991 2942 2045 κτίσιν
2975 1991 3121 2061 λέγει
3145 1993 3433 2066 γενητὴν,
3501 1994 3599 2049 διὰ
3642 1996 3705 2050 τὸ
3747 1996 3861 2050 Θεὸν

576 2100 696 2138 eam
732 2099 832 2153 pro
864 2080 971 2135 Deo
1006 2081 1267 2135 haberent
1320 2078 1593 2135 homines.
1656 2077 1782 2135 ideo
1816 2080 1883 2135 de
1932 2080 2150 2152 angelo-

2250 2082 2418 2152 αὐτὴν
2446 2081 2521 2152 μὴ
2546 2081 2688 2151 ἔχειν
2702 2082 2829 2145 τοὺς
2849 2081 3189 2153 ἀνθρώπους·
3213 2084 3312 2137 διὰ
3338 2084 3520 2139 τοῦτο
3551 2086 3688 2158 περὶ
3711 2088 3859 2155 ἁγγέ-
3976 2114 3977 2139 ι

576 2191 695 2229 rum
728 2174 1004 2231 creatione
1029 2172 1150 2227 silet
1180 2186 1250 2225 ne
1280 2170 1696 2237 deiﬁcarentur;
1726 2185 1827 2227 nec
1849 2185 2025 2242 usque
2078 2171 2147 2227 ad

2248 2173 2356 2227 λων
2376 2174 2476 2229 οὐκ
2503 2170 2621 2227 εἷπε
2654 2174 2904 2240 κτίσεως,
2929 2175 3014 2230 ἵνα
3042 2176 3116 2246 μὴ
3144 2177 3579 2249 θεοποιηθῶσιν
3628 2180 3813 2243 αὐτούς
3840 2196 3851 2211 ⁸

574 2265 846 2320 Abraham
883 2263 1027 2333 legcs
1057 2261 1309 2330 angelum
1336 2260 1536 2315 alicubi
1565 2259 1822 2317 missum.

2248 2265 2369 2319 οὐδὲ
2406 2267 2567 2337 μέχρι
2589 2265 2683 2321 τοῦ
2704 2266 2957 2339 Ἀϐραὰμ
2979 2268 3233 2340 εὑρήσεις
3253 2269 3524 2339 ἄγγελον
3548 2271 3853 2341 πεμφθέντα

2250 2372 2379 2412 που.
3970 2362 3971 2369 ‘

2321 2448 2443 2501 ’Ότι
2470 2449 2519 2501 οἱ
2553 2447 2653 2519 μὲν
2684 2448 3061 2521 προϋπάρχειν
3084 2450 3351 2519 λέγουσιν
3403 2450 3694 2520 ἀγγέλους
3712 2449 3849 2519 οὐρα-

2247 2536 2340 2591 νοῦ
2364 2538 2458 2591 καὶ
2489 2539 2593 2609 γῆς
2615 2553 2628 2568 °
2653 2538 2703 2591 oi
2727 2539 2784 2592 δὲ
2813 2540 2909 2593 σὺν
2938 2538 3087 2610 αὐτῷ
3111 2539 3491 2609 γεγενῆσθαι,
3522 2540 3651 2594 ἐπεὶ
3683 2538 3769 2591 καὶ
3796 2538 3843 2589 ἐν

2247 2631 2396 2701 τόπῳ
2418 2629 2524 2683 εἰσι
2548 2645 2565 2662 ⁸
2588 2630 2680 2684 καὶ
2707 2631 2836 2683 ἄνευ
2868 2633 3034 2685 τόπου
3079 2626 3218 2684 εἶναι
3247 2632 3502 2695 τούτους
3539 2630 3645 2684 οὐκ
3671 2629 3734 2683 ἂν
3772 2630 3841 2681 ὲν-

2246 2721 2455 2791 δέχοιτο
2479 2737 2495 2753 ο
2519 2722 2888 2792 περιγραπτοὶ
2923 2723 3031 2793 γάρ
3057 2725 3217 2778 εἰσιν.

2317 2811 2440 2864 Ὅτι
2470 2812 2531 2865 οὐ
2563 2812 2805 2865 διδάσκει
2832 2812 2914 2865 ὅτι
2945 2814 3039 2867 καὶ
3061 2813 3128 2868 τὰ
3151 2814 3325 2867 ὕδατα
3347 2815 3632 2885 εποίησεν
3669 2815 3697 2867 6
3723 2811 3833 2873 Θεὸς

2247 2900 2480 2954 ἐνταῦθα
2508 2917 2523 2931 ·
2555 2903 2611 2956 ὲν
2638 2901 2693 2955 δὲ
2717 2901 2795 2971 τῷ
2828 2903 3117 2973 Σαϐϐάτῳ,
3160 2906 3358 2975 φησὶν,
3394 2905 3485 2959 ὅτι
3512 2908 3574 2959 ἐν
3613 2904 3673 2969 ἒξ
3714 2902 3829 2972 ἠμέ-

2250 3010 2367 3064 ραις
2385 2994 2604 3064 ἐποίησε
2628 2994 2832 3066 Κύριος
2850 2998 2878 3050 6
2897 2995 3030 3061 Θεὸς
3052 2995 3143 3050 τὸν
3172 2996 3447 3069 οὐρανὸν,
3467 2996 3568 3051 καὶ
3596 2996 3694 3067 τὴν
3720 2995 3825 3063 γῆν.

641 2449 793 2516 Quod
823 2447 1043 2519 quidam
1073 2447 1293 2515 angelos
1321 2444 1475 2499 aiunt
1502 2445 1641 2500 coelo
1673 2453 1728 2501 et
1758 2453 1918 2499 terrae
1942 2458 2150 2515 praeex-

572 2544 797 2605 stitisse,
834 2540 925 2594 alii
954 2554 1076 2594 cum
1097 2538 1237 2592 caelo
1268 2547 1501 2604 creatos,
1533 2553 1658 2593 cum
1690 2537 1745 2591 in
1794 2538 1921 2592 loco
1970 2538 2150 2592 sintet

570 2638 689 2691 sine
725 2634 843 2688 loco
896 2647 1016 2686 esse
1067 2629 1429 2685 demonstrari
1482 2646 1589 2684 non
1657 2629 1852 2700 possit,
1909 2629 2147 2684 circum-

572 2727 759 2796 scripti
788 2724 934 2780 enim
963 2733 1108 2778 sunt.

643 2816 800 2883 Quod
824 2832 928 2869 non
947 2815 1105 2869 docet
1133 2813 1302 2869 Deum
1336 2827 1506 2882 aquas
1534 2818 1667 2867 tunc
1702 2810 1927 2878 fecisse;
1973 2811 2068 2867 sed
2091 2812 2145 2865 in

575 2906 833 2967 Sabbato,
859 2902 1054 2971 inquit,
1086 2902 1212 2972 quia
1244 2902 1298 2957 in
1334 2918 1430 2957 sex
1469 2901 1660 2957 diebus
1694 2900 1959 2957 Dominus
2003 2901 2146 2956 Deus

574 2996 701 3050 fecit
726 2993 925 3049 caelum
961 3001 1014 3047 et
1042 3001 1247 3046 terram
1278 3003 1333 3046 et
1359 3006 1509 3047 mare
1540 3001 1593 3047 et
1619 2993 1800 3046 omnia
1833 3007 1952 3062 quae
1982 2991 2035 3046 in
2065 2991 2145 3047 eis

570 3095 719 3143 sunt,
2246 3089 2341 3139 ml.
2367 3086 2466 3157 τὴν
2500 3086 2798 3155 θάλασσαν,
2819 3088 2912 3142 καὶ
2946 3089 3124 3143 πάντα
3152 3090 3219 3143 τὰ
3240 3091 3306 3144 ὲν
3340 3091 3564 3155 αὐτοῖς.

642 3176 796 3243 Quod
829 3175 874 3231 si
905 3174 1048 3229 Deus
1080 3172 1257 3227 lucem
1293 3170 1520 3238 creavit,
1556 3185 1664 3226 non
1691 3170 1819 3226 item
1853 3170 2139 3226 tenebras:
2177 3238 2201 3252 _

2317 3177 2439 3231 Ὅτι
2463 3178 2511 3231 εἰ
2531 3178 2590 3231 τὺ
2618 3179 2734 3246 φῶς
2761 3179 2789 3231 6
2827 3178 2959 3244 Θεὸς
3013 3179 3494 3252 ἐδημιούργησεν,
3558 3180 3660 3234 οῦκ
3682 3177 3821 3238 add:

570 3266 846 3321 contraria
892 3264 1037 3320 enim
1078 3271 1239 3328 sunt;
1273 3262 1547 3317 contraria
1593 3270 1775 3316 autem
1830 3276 1941 3315 non
1988 3238 2201 3325 sunt,E

2245 3270 2306 3323 τδ
2322 3270 2511 3333 σκότος
2540 3286 2555 3300 -
2599 3238 2818 3324 ιιαᾴτεα
2834 3238 2982 3341 γάρ’·
3003 3238 3125 3325 οὐκ.
3156 3238 3273 3324 tot}
3291 3238 3373 3326 ’δὲ
3418 3238 3665 3336 nam...
3700 3266 3815 3322 ἀλλὰ

566 3359 659 3413 sed
702 3356 794 3411 lux
859 3354 1078 3425 quidem
1133 3353 1479 3416 substantia,
1542 3352 1779 3407 tenebrae
1840 3353 2140 3408 ascititium

2243 3359 2304 3414 τὸ
2353 3359 2453 3431 μὲν
2505 3360 2685 3425 οὐσία,
2717 3360 2776 3414 τὸ
2810 3360 2868 3415 δὲ
2933 3361 3280 3432 συμϐεὸηκὸς
3330 3364 3490 3417 ἐστιν
3525 3376 3541 3393 '
3604 3356 3812 3431 οὐρανοῦ

565 3451 737 3519 quid;
769 3447 892 3504 coeli
924 3448 1142 3502 enimet
1176 3457 1335 3501 terra:
1367 3444 1719 3501 obumbratio
1745 3454 1907 3513 sunt;
1939 3459 2139 3501 secun-

2242 3451 2352 3523 γὰρ
2383 3451 2478 3506 καὶ
2510 3452 2612 3523 γῆς
2646 3454 2792 3506 ἐστιν
2823 3454 3180 3525 ἀποσκίασμα
3205 3470 3219 3485 ·
3265 3453 3349 3519 ὡς
3371 3455 3434 3509 δὲ
3466 3455 3518 3507 oi
3552 3452 3674 3520 ἔξω,
3701 3449 3811 3504 σκιᾶ

563 3544 693 3595 dum
730 3540 978 3611 gentiles,
1013 3538 1205 3591 umbra
1225 3547 1405 3591 terrae.
2241 3544 2364 3614 γῆς.

635 3632 792 3699 Quod
822 3629 1055 3701 Spiritus
1082 3629 1172 3699 qui
1204 3628 1482 3683 ferebatur
1509 3642 1603 3681 aer
1627 3636 1709 3682 est
1740 3625 1999 3697 physicus
2041 3639 2137 3680 su-

2314 3632 2434 3685 Ὀτι
2459 3633 2519 3685 τὸ
2537 3633 2760 3704 Πνεῦμα
2787 3634 2815 3688 ὃ
2846 3636 3164 3706 ἐπεφέρετο,
3191 3636 3299 3708 ἀήρ
3327 3639 3489 3693 ἐστιν
3535 3641 3563 3693 6
3604 3633 3804 3706 φυσικὸς

561 3741 660 3794 pra
699 3738 872 3793 aquas
931 3722 1221 3785 exsistens,
1258 3718 1420 3788 cujus
1464 3730 1715 3773 naturam
1777 3716 2030 3771 mobilem
2084 3725 2139 3769 et

2238 3722 2424 3775 ἐπάνω
2449 3722 2655 3776 ὑδάτων
2676 3722 2771 3776 ὤν’
2800 3725 3022 3789 δικαίως
3047 3725 3104 3779 δὲ
3137 3729 3229 3780 καὶ
3245 3728 3306 3780 τὸ
3338 3728 3670 3798 ἐπεφέρετο
3689 3724 3740 3777 τό
3752 3739 3799 3775 τε

564 3818 759 3867 lluxam
801 3813 936 3868 bene
965 3812 1339 3866 demonstrant
1376 3810 1539 3864 verba
1566 3808 1833 3878 ferebatur
1862 3816 1915 3862 et
1951 3823 2135 3875 supra.

2236 3813 2437 3867 ἐπάνω
2457 3814 2607 3885 δηλοῖ
2639 3816 2734 3869 καὶ
2772 3818 3048 3887 κινητικὸν
3080 3817 3244 3872 αὑτοῦ
3268 3820 3367 3872 καὶ
3435 3821 3671 3875 ἄστατον
3692 3834 3705 3847 ο
3732 3817 3797 3868 ὅτι

561 3906 717 3971 Quod
747 3913 925 3958 autem
951 3902 1214 3972 Spiritum
1270 3900 1366 3955 Dei
1402 3900 1551 3967 dicit,
1584 3901 1709 3955 audi
1740 3898 1909 3953 David
1942 3913 1956 3951 :
2000 3897 2134 3951 Fla-

2240 3907 2296 3960 δὲ
2316 3907 2449 3960 Θεοῦ
2478 3907 2610 3961 αὐτὸ
2641 3908 2811 3976 λέγει,
2847 3910 3011 3963 ἄκουε
3043 3910 3135 3964 τοῦ
3164 3912 3329 3965 Δαδίδ
3365 3930 3381 3943 ο
3439 3912 3695 3966 Πνεύσει
3738 3905 3795 3959 τὸ

562 3999 635 4051 bit
658 3995 891 4066 Spiritus
918 3997 1054 4065 ejus,
1076 3994 1126 4048 id
1155 4002 1240 4047 est
1267 3992 1504 4063 Spiritus
1521 3992 1635 4055 Dei,
1655 4003 1703 4045 et
1726 3992 1890 4060 ﬂuent
1912 4007 2063 4060 aqum
2081 3991 2131 4058 ἐ

2235 3997 2478 4065 Πνεῦμα
2518 3999 2724 4060 αὐτοῦ.
2761 3999 2928 4070 ῆγουν
2986 4000 3048 4053 τὸ
3101 4002 3326 4070 Πνεῦμα
3371 4002 3473 4057 τοῦ
3518 3999 3670 4066 Θεοῦ,
3710 3994 3791 4051 καὶ

558 4096 634 4152 et,
683 4087 891 4141 Domini
937 4094 1016 4141 est
1057 4096 1197 4139 terra
1223 4096 1269 4140 et
1305 4083 1578 4154 plenitudo
1603 4082 1788 4151 ejus”;
1820 4090 1895 4144 et,
1930 4080 2133 4137 Caelum

2231 4089 2523 4158 ρυήσεται
2546 4088 2756 4146 ὕδατα.
2797 4092 2939 4145 Καίο
2989 4093 3098 4148 Τοῦ
3136 4096 3365 4164 Κυρίου
3405 4098 3446 4165 ἡ
3477 4094 3556 4166 γῆ
3593 4092 3684 4148 και
3735 4085 3789 4141 τὸ

557 4181 676 4234 cali
706 4179 930 4234 Domino
958 4180 1001 4233 ³.
1028 4178 1260 4245 Quidam
1280 4189 1462 4231 autem
1506 4179 1609 4230 hoc
1638 4175 1705 4231 de
1757 4172 1963 4244 Spiritu
2005 4188 2133 4229 san-

555 4283 646 4326 cto
668 4272 975 4342 intelligunt
998 4287 1013 4336 ;
1037 4286 1138 4325 vox
1162 4279 1342 4324 autem
1370 4267 1656 4337 ferebatur,
1687 4266 1739 4322 id
1766 4265 2019 4338 estquasi
2043 4265 2131 4321 in-

553 4364 790 4419 cubabat
816 4363 972 4435 aquis
1008 4372 1061 4418 et
1078 4376 1174 4418 eas
1201 4360 1527 4416 viviﬁcabat.

626 4548 781 4614 Quod
810 4556 1029 4617 propter
1064 4545 1166 4600 hoc
1195 4544 1395 4600 dicitur
1427 4561 1441 4598 :
1468 4541 1615 4597 Vidit
1648 4540 1795 4596 Deus
1817 4539 1943 4611 quia
1974 4548 2131 4595 erant

554 4644 719 4705 bona,
744 4656 811 4695 ne
834 4640 957 4709 quis
975 4638 1280 4707 vituperare
1298 4637 1522 4691 auderet
1541 4649 1660 4704 quae
1684 4634 1866 4689 divina
1900 4641 2124 4688 senten-

555 4733 627 4784 tia
666 4731 816 4784 ‘bona
841 4729 1070 4782 dixerat.

624 4821 779 4884 Quod
804 4821 911 4874 duo
948 4816 1071 4873 caeli
1097 4824 1261 4871 sunt:
1297 4829 1465 4869 unum
1495 4814 1547 4867 in
1572 4811 1842 4883 principio
1892 4810 2120 4875 factum,

552 4914 782 4968 alterum
822 4929 885 4967 ex
918 4910 1077 4982 aquis
1116 4907 1437 4972 formatum;
1470 4906 1523 4961 id
1572 4913 1657 4960 est
1704 4920 1872 4960 unum
1903 4919 1971 4959 ex
2015 4918 2121 4957 non

550 5004 792 5068 entibns,
822 5003 1050 5056 alterum
1073 4998 1266 5068 exjam
1298 4995 1709 5052 exsistentibus.

618 5094 775 5161 Quod
809 5093 958 5159 illud,
980 5090 1240 5153 Laudato,
1266 5088 1380 5142 cali
1408 5088 1679 5152 caelorum,
1730 5094 1784 5140 et
1821 5101 1958 5155 aqua
2008 5099 2123 5153 qum

548 5189 676 5244 uelo
719 5194 1004 5255 superstat,
1054 5185 1239 5255 plures
1270 5182 1561 5237 caalosnon
1597 5179 1841 5245 inducit;
1890 5177 1985 5232 sed
2019 5175 2135 5233 lle:

547 5283 818 5336 bi-teorum
854 5278 1117 5334 dialeetus
1143 5291 1252 5330 non
1288 5275 1427 5331 solet
1454 5289 1617 5329 voces
1639 5272 1828 5328 cwlum
1850 5281 1903 5328 et
1930 5286 2121 5342 aquam

545 5371 897 5442 singulariter
959 5368 1268 5438 exprimere
1309 5376 1412 5433 ;ut
1446 5380 1546 5421 nec
1596 5364 1768 5420 (ἔτωεί
1812 5363 2030 5417 Athena;
2066 5371 2120 5416 et

549 5462 772 5528 Tltebw;
803 5472 1029 5517 etnemo
1054 5460 1228 5515 urbem
1251 5458 1507 5527 Delphum
1538 5458 1689 5522 dicit,
1725 5456 1819 5512 sed
1854 5455 2117 5523 Delphos;

543 5566 603 5610 et
632 5556 685 5609 in
726 5554 834 5609 alio
867 5554 1047 5608 (mlum
1079 5552 1196 5607 cadi
1215 5551 1491 5608 veritatem
1533 5559 1704 5606 ratam
1730 5547 1880 5605 facit.

612 5765 788 5823 ‘I‘sal.
811 5786 1014 5836 cum,
1052 5771 1133 5826 l8.
1163 5774 1180 5805 ²
1207 5770 1350 5827 Psal.
1374 5787 1529 5836 χχιιι,
1564 5771 1602 5823 ¹.
1635 5771 1652 5800 ³
1677 5768 1820 5824 Psal.
1853 5786 2005 5833 cxm,
2040 5772 2121 5827 l6.

2233 4181 2545 4252 πλήρωμα.
2577 4182 2688 4236 Καί
2707 4198 2721 4214 ⁸
2762 4183 2827 4237 '0
2848 4184 3107 4252 οὐρανὸς
3129 4187 3236 4241 τοῦ
3269 4187 3542 4255 οὐρανοῦ
3590 4182 3665 4249 τῷ
3693 4184 3789 4236 Ku-

2225 4273 2359 4341 ρίφ.
2422 4275 2485 4331 01
2530 4273 2609 4335 δὲ,
2650 4274 2779 4344 περὶ⁸
2829 4274 2923 4329 τοῦ
2986 4277 3252 4345 παναγέου
3286 4278 3612 4348 Πνεύματος
3652 4273 3784 4327 τοῦω

2232 4363 2412 4419 νοοῦσι
2441 4383 2456 4396 ο
2484 4365 2546 4418 τὸ
2561 4366 2620 4419 δὲ
2657 4366 3003 4436 ἐπεφέρετο,
3035 4370 3157 4423 ἀντὶ
3193 4370 3308 4437 τοῦ,
3332 4369 3532 4441 ὥσπερ
3564 4365 3783 4428 ὲπωάξον

2231 4455 2563 4527 ⁶περιέϐιτιλπε
2588 4458 2683 4512 καὶ
2711 4458 3002 4527 ὲζωογόνει
3022 4461 3092 4515 τὰ
3120 4459 3313 4514 ὕδατα.

2303 4550 2425 4623 Ὅτι
2451 4548 2539 4603 διὰ
2562 4548 2723 4603 τοῦτο
2754 4550 3098 4623 πρόσκειται,
3162 4553 3243 4606 ὅτι
3295 4548 3492 4607 εῖδενὸ
3543 4550 3670 4612 Θεὸς
3716 4546 3780 4598 ὅτι

2232 4641 2395 4709 καλὰ,
2428 4642 2517 4696 ἵνα.
2548 4642 2738 4714 μηδεὶς
2765 4644 2988 4715 δύνηται
3015 4645 3175 4715 ψέξαι
3207 4647 3242 4700 a
3262 4648 3294 4717 ὴ
3316 4647 3440 4702 θεία
3467 4646 3646 4716 ψῆφος
3676 4635 3774 4693 εἷπε

2132 4780 2135 4781 ,
2232 4731 2391 4787 καλά.

2304 4821 2536 4874 Ὀτιδύο
2556 4822 2776 4891 οὐρανοί
2797 4824 2957 4889 εἰσιν,
2977 4818 3057 4889 εἷς
3082 4826 3110 4879 6
3140 4826 3199 4879 ἐν
3228 4828 3370 4899 ἀρχῇ
3405 4825 3663 4898 γεγονὼς,
3697 4818 3771 4875 καὶ

2229 4912 2413 4978 ἕτερος
2446 4914 2474 4964 6
2495 4912 2554 4979 ἐξ
2586 4914 2793 4968 ὑδάτων
2813 4918 3083 4981 συνεστώς
3116 4933 3131 4947 ⁶
3154 4918 3293 4973 ὥστε
3313 4921 3341 4973 6
3378 4921 3480 4990 μὲν
3505 4919 3566 4984 ἐξ
3593 4918 3686 4970 οὐχ
3703 4913 3773 4967 δνο

2226 5019 2355 5068 των,
2388 5004 2416 5057 ὁ
2438 5003 2495 5059 δὲ
2526 5003 2587 5069 ἐξ
2620 5005 2809 5061 ὄντων.

2297 5096 2420 5150 ’Ότι
2436 5097 2514 5164 τὸ,
2534 5098 2873 5170 Εὐλοτεῖτε,
2901 5103 2955 5155 οἱ
2980 5104 3225 5171 οὐρανοὶ
3245 5104 3362 5159 τῶν
3383 5103 3666 5174 οὐρανῶν,
3690 5094 3767 5152 καὶ

2223 5189 2282 5242 τὸ
2302 5188 2445 5261 ὕδωρ
2460 5190 2521 5244 τὸ
2538 5190 2796 5263 ὑπεράνω
2810 5193 2916 5248 τῶν
2932 5195 3199 5264 οὐρανῶν,
3212 5197 3273 5251 οὐ
3294 5198 3516 5260 πολλοὺς
3531 5189 3764 5264 οὐρανοὺς

2221 5280 2390 5351 λέγει,
2409 5282 2544 5338 ἀλλὰ
2568 5284 2601 5355 ἡ
2642 5283 2913 5358 Ἐὗραίων
2937 5288 3122 5361 γραφὴ
3139 5291 3230 5344 τόν
3253 5307 3313 5344 τε
3339 5287 3595 5359 οὐρανὸν
3609 5282 3693 5338 καὶ
3714 5278 3764 5332 τὸ

2221 5371 2380 5441 ὕδωρ
2398 5374 2496 5427 οὐκ
2510 5370 2649 5428 οἶδεν
2664 5375 2858 5441 ἑνικῶς
2878 5377 3183 5449 ὀνομάζειν·
3198 5381 3347 5435 ὥσπε
3353 5400 3385 5453 ρ
3401 5380 3515 5435 οὐδὲ
3529 5380 3574 5432 oi
3592 5373 3758 5438 Ἕλλη⁸

2219 5476 2308 5524 νες
2322 5461 2383 5515 τὸ
2399 5462 2654 5533 Ἀθῆναι,
2672 5466 2844 5520 καὶτὸ
2869 5467 3074 5536 Θῆϐαιο
3102 5472 3196 5525 καὶ
3211 5471 3324 5541 τὴν
3352 5469 3579 5541 Δελφὸν
3603 5463 3758 5519 πόλιν

2218 5550 2396 5615 οὐδεὶς
2421 5552 2591 5620 λέγει,
2621 5555 2756 5610 ἀλλὰ
2785 5558 3055 5627 Δελφοὺς
3085 5560 3236 5630 λέγει
3269 5579 3285 5594 ο
3315 5562 3438 5617 ἐπεὶ
3483 5549 3753 5627 ὀοὺρανδς

2222 5644 2329 5699 τοῦ
2361 5646 2621 5716 οὐρανοῦ
2644 5650 2703 5705 ἐν
2735 5651 2876 5723 ἄλλῳ
2915 5656 3070 5727 κυροῖ
3087 5654 3185 5726 τὴν
3208 5655 3482 5727 ἀλήθειαν.
