4080 6434
347 395 475 465 1021

1381 394 1863 457 ATIIANASIUS
1902 397 2263 459 CORINTH.
2305 399 2537 464 EPISC.

415 521 533 573 Ὅτι
566 517 678 580 πῶς
712 515 803 571 καὶ
832 515 975 585 μίαή
1004 512 1210 566 ὐδᾶτων
1235 512 1527 589 συναγωγὴ
1554 513 1645 565 καὶ
1686 512 1914 580 nonat;

2092 517 2380 581 Quontouo
2412 518 2707 589 singularis
2730 535 3000 590 aquarum
3032 521 3285 577 collectio
3305 533 3354 577 et
3378 525 3599 593 plures?

345 612 417 663 Τὸ
449 610 567 680 μὲν,
598 609 681 661 δτι
712 608 969 675 ἦνωνται
996 619 1009 632 ·
1036 603 1094 655 τὸ
1121 602 1199 668 δὲ,
1234 602 1316 653 ὅτι
1344 600 1540 655 κοῖται
1575 604 1669 656 καὶ
1694 604 1911 675 πελάγη

347 700 726 771 κεχωρισμένα
764 698 923 752 εἰσιν.

418 772 779 856 Ὀτιῗτὰςόὐκ
806 790 1097 860 ἐδωδίμους
1142 791 1373 859 βοτάνας
1400 789 1703 861 βλαστῆσαι
1748 806 1918 859 προσ-

346 885 536 950 έταξεν
557 884 585 936 δ
612 883 767 947 Θεὸς,
796 882 892 937 καὶ
914 882 983 935 τὰ
1002 882 1182 935 ὶοϐόλα
1204 882 1293 936 διά
1311 899 1368 935 τε
1396 882 1496 945 τὰς
1520 879 1822 949 μελλούσας
1852 882 1916 934 ἐκ

346 976 445 1045 τῆς
484 974 754 1045 ἁμαρτίας
769 973 1079 1044 ἀρρωστίας
1108 973 1445 1041 ἐγγίνεσθαι.
1474 973 1569 1026 καὶ
1589 974 1676 1028 διὰ
1706 972 1768 1025 τὸ
1791 974 1917 1026 επι-

347 1066 541 1134 φόδους
575 1066 721 1135 ἡμᾶς
754 1058 892 1117 εἶναι
944 1065 1002 1116 ὲν
1040 1065 1204 1117 παντὶ
1251 1066 1346 1118 καὶ
1382 1065 1534 1134 τόπῳ
1558 1066 1655 1117 καὶ
1709 1063 1910 1134 χρόνῳ,

344 1156 438 1208 καὶ
498 1153 897 1219 συστέλλεσθαι,
916 1155 1009 1207 καὶ
1036 1155 1126 1207 τὸν
1150 1154 1283 1207 Θεὸν
1317 1155 1502 1225 ζητεῖν
1524 1154 1589 1207 ὲκ
1616 1154 1833 1209 τούτου.

414 1246 537 1299 Ὅτι
564 1247 628 1299 ἐκ
647 1246 739 1300 τοῦ
770 1246 991 1317 πρώτου
1021 1247 1197 1316 φωτὸς
1220 1248 1414 1317 ὀῆλιος
1436 1246 1619 1311 ἔλαϐε,
1652 1246 1746 1299 καὶ
1774 1247 1806 1317 ή
1827 1264 1915 1299 σε-

340 1337 499 1409 λήνη,
520 1338 615 1392 καὶ
634 1340 682 1391 oi
698 1339 946 1410 ἀστέρες,
962 1340 1055 1393 καὶ
1074 1338 1126 1391 εἴ
1144 1339 1245 1392 πού
1277 1340 1394 1392 ἐστι
1417 1338 1526 1409 πῦρ
1549 1338 1696 1391 ἄλλοι
1726 1338 1914 1411 ὥσπερ

339 1431 434 1483 καὶ
450 1430 510 1484 τὸ
539 1429 685 1501 ὕδωρ
711 1429 791 1494 εἷς
813 1448 873 1482 τε
904 1431 1030 1493 τοὺς
1069 1431 1369 1500 ποταμοὺς,
1404 1431 1499 1483 καὶ
1558 1429 1659 1492 τὰς
1703 1429 1909 1501 πηγὰς,

338 1520 549 1584 καὶτὰς
576 1520 790 1590 λίμνας,
814 1521 908 1573 καὶ
934 1521 1033 1583 τὰς
1053 1519 1330 1584 θαλάσσας
1359 1522 1439 1584 εἰς
1471 1521 1541 1574 τὰ
1561 1521 1789 1593 ὑπερῷα
1817 1521 1911 1575 τοῦ

336 1611 591 1682 δευτέρου
619 1611 850 1682 οὐρανοῦ
876 1612 1191 1683 διενεμήθη.
1246 1642 1251 1647 -

409 1704 532 1755 Ὅτι
564 1703 631 1755 τὰ
666 1702 807 1770 φυτὰ
851 1702 956 1772 πρὸ
984 1703 1095 1755 τῶν
1139 1701 1445 1775 φωστήρων
1499 1704 1745 1775 ἐποίησε,
1797 1703 1908 1756 δει-

333 1792 517 1846 κνύων
542 1793 624 1846 ὅτι
652 1791 751 1863 τήν
789 1791 1054 1861 ζωογόνον
1083 1792 1317 1866 δύναμιν
1356 1795 1462 1865 πρὸ
1494 1794 1644 1866 ήλεου
1670 1795 1908 1866 ἔχουσιν.

2016 605 2178 661 Juxta
2198 608 2349 671 illud,
2374 608 2786 680 Congregentur,
2818 620 2891 678 et,
2913 610 3163 668 Flumina
3189 630 3216 667 a
3253 615 3497 671 maribus
3518 618 3594 671 di-

2019 699 2291 755 vidantur.

2087 789 2241 855 Quod
2271 790 2484 860 plantas
2506 807 2613 846 non
2649 792 2872 847 esibiles
2901 793 3211 861 germinare
3234 795 3399 864 jussit
3426 795 3589 860 Deus,

2016 890 2071 937 et
2091 896 2395 937 venenosae
2422 883 2595 948 nasci,
2629 883 2731 938 hoc
2754 892 2975 954 propter
3006 886 3228 943 morbos
3267 903 3332 941 ex
3380 904 3590 958 praeva-

2019 973 2759 1043 ricationesnperventuros,
2792 983 2847 1029 et
2887 990 2983 1044 per
3014 975 3119 1031 hoc
3149 979 3293 1047 quod
3344 979 3396 1032 in
3440 980 3589 1033 omni

2015 1064 2136 1118 loco
2157 1072 2211 1119 et
2228 1073 2472 1134 tempore
2493 1066 2781 1121 intimore
2822 1077 2877 1122 et
2917 1068 3120 1137 gemitu
3153 1068 3409 1136 vivimus,
3465 1072 3590 1126 hinc

2014 1154 2183 1209 Deum
2208 1156 2484 1225 quaerendi
2518 1157 2672 1212 locus
2698 1166 2862 1214 esset.

2085 1246 2239 1312 Quod
2265 1261 2330 1300 ex
2351 1245 2472 1301 luce
2500 1247 2822 1317 primigenia
2858 1250 2961 1316 sol,
2990 1251 3365 1317 luna,astraet
3385 1251 3525 1322 ignis
3542 1252 3587 1305 si

2012 1336 2138 1407 quis
2159 1336 2319 1401 alius,
2355 1336 2537 1394 lucem
2585 1352 2945 1409 acceperunt;
2985 1353 3042 1398 nt
3091 1360 3229 1413 aqua
3260 1346 3325 1399 ad
3372 1344 3586 1407 ﬂuvios,

2014 1427 2212 1496 fontes,
2262 1428 2486 1498 paludes
2509 1439 2563 1485 et
2595 1433 2767 1487 maria
2799 1433 2851 1487 in
2908 1436 3287 1504 superioribus
3353 1437 3583 1491 secundi

2011 1521 2132 1577 cueli
2164 1523 2540 1592 permanebat.

2082 1703 2239 1770 Quod
2270 1704 2481 1774 plantas
2509 1712 2634 1759 ante
2659 1705 2950 1762 luminaria
2990 1707 3141 1775 fecit,
3197 1708 3302 1764 hoc
3358 1709 3586 1764 demon-

2011 1807 2164 1862 strat,
2193 1812 2256 1851 ea
2302 1797 2552 1851 virtutem
2586 1797 2857 1853 viviticam
2898 1810 3023 1855 ante
3073 1800 3243 1855 solem
3309 1802 3586 1858 habuisse.

411 1885 530 1940 Ὅτι
553 1885 620 1939 τὰ
640 1885 802 1957 Θηρῐα
831 1887 1055 1957 ἔσχατον
1070 1884 1160 1940 τοῦ
1182 1886 1360 1956 φωτὸς
1388 1887 1642 1957 ἐποίησεν
1667 1903 1681 1917 ⁸
1709 1887 1770 1939 οὐ
1807 1886 1874 1953 γὰ
1882 1902 1914 1955 ρ

2088 1888 2241 1955 Quod
2264 1888 2564 1943 animantia
2595 1897 2719 1958 post
2756 1889 2931 1944 lucem
2990 1891 3237 1947 creavit:
3272 1908 3381 1948 non
3442 1894 3587 1949 enim

339 1979 407 2033 ἂν
428 1979 660 2050 ήνεγκεν
694 1977 909 2047 ἀθρόως
942 1978 1037 2031 τοῦ
1058 1978 1234 2047 φωτὸς
1259 1979 1359 2051 τήν
1388 1978 1678 2049 ἔλλαμψιν.

412 2067 534 2120 Ὀτι
557 2066 623 2120 τὰ
656 2066 754 2135 μὲν
800 2066 946 2135 φυτὰ
979 2067 1080 2120 οὐκ
1137 2068 1459 2138 εὐλόγησεν,
1506 2069 1691 2138 ἐπειδὴ
1750 2067 1911 2133 εὐθὺς

338 2154 439 2224 τήν
463 2155 566 2225 γῆν
592 2155 795 2209 τούτων
818 2156 1107 2227 ἐπλήρωσε
1162 2158 1382 2211 πάντων
1426 2158 1784 2228 κατακόρωςο
1844 2159 1913 2210 τὰ

334 2249 394 2302 δὲ
428 2249 592 2320 θηρία
612 2250 800 2304 καὶτὰ
829 2251 1002 2322 κτήνη
1018 2250 1121 2305 ἀνὰ
1150 2251 1244 2306 δύο
1268 2253 1594 2324 παρήγαγεν
1625 2269 1640 2286 ·
1686 2254 1912 2318 εἰκότως

333 2338 430 2395 οὖν
447 2343 506 2395 τὸ
529 2342 879 2407 Αὐξάνεσθε
915 2338 1087 2398 εἷπεν.

407 2433 530 2486 Ὅτι
556 2433 635 2498 τὸ,
663 2432 1012 2502 Ποιήσωμεν
1029 2434 1343 2502 ἄνθρωπον
1365 2437 1491 2490 κατ’
1519 2438 1726 2493 εἰκόνα
1778 2439 1914 2507 ἠμε-

330 2520 537 2589 πέραν,
558 2523 716 2593 ἡμεῖς
742 2523 841 2593 μὲν
869 2523 963 2579 τὸν
994 2525 1145 2593 Υῑὸν,
1200 2526 1249 2580 oi
1278 2526 1336 2580 δὲ
1401 2526 1642 2583 Ἰουδαῖοι
1688 2531 1739 2583 oi
1790 2532 1908 2602 μὲν,

328 2614 460 2677 τοὺς
501 2615 770 2684 ἀγγέλους
792 2656 810 2683 ,
844 2619 893 2671 oi
928 2617 1006 2683 δὲ,
1040 2618 1177 2687 πρὸς
1204 2620 1399 2673 ἑαυτόν
1424 2636 1438 2652 °
1477 2622 1625 2677 ἄλλοι
1664 2624 1721 2677 δέ
1768 2641 1913 2687 τινες

329 2704 443 2757 τῶν
459 2706 858 2776 αἱρετιζόντων,
898 2708 1152 2780 Ἀττικὴν
1172 2708 1325 2766 εἷπον
1355 2714 1455 2785 τὴν
1486 2714 1739 2781 σύνταξιν
1765 2734 1779 2749 ·
1818 2718 1910 2771 καὶ

331 2791 445 2862 γὰρ
465 2792 514 2846 oi
544 2793 643 2857 τὰς
690 2795 952 2864 μεγίστας
992 2801 1416 2872 πεπιστευμένοι
1468 2805 1665 2875 ἀρχὰς,
1696 2806 1911 2877 Γράψο-

335 2899 459 2952 μεν,
516 2884 751 2953 λέγουσι,
790 2887 907 2954 καὶ,
942 2889 1386 2963 Προπάττομεν·
1419 2896 1470 2948 oi
1508 2895 1565 2949 δὲ
1615 2896 1882 2966 ἁπολογού

332 2991 488 3045 μενοι
532 2976 802 3044 λέγουσιν,
858 2980 940 3034 ὅτι
995 2983 1064 3035 τὰ
1109 2984 1338 3041 πλεῖστα
1370 2987 1399 3041 ὀ
1443 2987 1575 3051 Θεὸς
1613 3006 1913 3061 μονοπροσο

329 3066 498 3131 ὠπως
532 3068 679 3136 λέγει
716 3072 773 3124 ἰν
820 3072 969 3144 πάσῃ
1009 3076 1074 3144 τῇ
1109 3075 1298 3148 Γραφῇ
1335 3094 1349 3109 ·
1398 3071 1499 3133 ὧδε
1544 3080 1624 3144 δὲ,
1683 3082 1777 3134 καὶ
1828 3083 1913 3146 εἰς

327 3158 394 3211 τὸ
416 3198 444 3262 ,⁸
491 3159 688 3228 Δεῦτε,
717 3164 1079 3231 καταϐάντες
1121 3168 1476 3239 συγχέωμεν
1540 3171 1740 3227 αὐτῶν
1801 3175 1911 3240 τὰς
1936 3202 1982 3262 c

330 3251 639 3322 γλώσσας,
690 3255 783 3309 δύο
848 3259 1158 3327 προσώπων
1203 3265 1549 3333 παράστασιν
1624 3268 1860 3321 ποιεῖται
1890 3283 1906 3299 ο

330 3342 475 3396 ὥστε
498 3344 588 3400 τὸν
611 3344 740 3400 Υῑὸν
766 3348 859 3400 καὶ
888 3349 948 3401 τὸ
968 3350 1192 3421 Πνεῦμα
1212 3353 1294 3406 δεῖ
1323 3356 1547 3410 ἐννοεῖν.
1580 3356 1646 3407 Ti
1678 3358 1795 3410 ἐστι
1846 3356 1908 3410 τὸ

330 3436 461 3489 κατ’
484 3438 689 3492 εἰκόνα
704 3456 725 3503 ;
743 3440 791 3492 oi
823 3440 924 3510 μὲν
965 3441 1024 3495 τὸ
1051 3444 1281 3513 ἀόρατον
1300 3446 1401 3515 τῆς
1427 3445 1632 3516 ψυχῆς·
1658 3448 1708 3500 oi
1728 3448 1785 3501 δὲ
1815 3448 1907 3502 τὸν

329 3524 478 3591 νοῦν,
526 3528 615 3582 διὰ
641 3528 703 3581 τὸ
731 3531 1004 3601 πανταχοῦ
1030 3532 1237 3604 διήκειν
1270 3550 1286 3567 °
1316 3538 1365 3589 oi
1395 3536 1451 3589 δὲ
1494 3537 1554 3590 τὸ
1578 3537 1767 3608 ἄρχειν
1795 3540 1906 3591 τῶν

330 3617 506 3681 κάτω,
522 3618 711 3691 ὥσπερ
730 3621 880 3687 Θεὸς,
908 3625 1003 3677 καὶ
1031 3625 1141 3679 τῶν
1174 3628 1285 3681 ἄνω
1308 3642 1323 3657 ·
1351 3630 1401 3681 oi
1444 3629 1500 3681 δὲ
1531 3629 1619 3683 διὰ
1645 3629 1707 3682 τὸ
1737 3632 1906 3700 ἐργά-

332 3703 521 3767 ζεσθαι
546 3707 726 3773 αὐτὸν,
759 3710 851 3763 καὶ
882 3704 969 3764 οἵα
1024 3712 1156 3766 Θεὸν
1205 3713 1586 3784 δημιουργεῖνο
1627 3715 1676 3767 οἱ
1734 3715 1791 3767 δὲ
1819 3716 1909 3769 διὰ

330 3797 395 3850 τὸ
422 3797 545 3852 νοῦν
568 3798 723 3867 λόγον
753 3802 845 3855 καὶ
867 3803 1081 3872 πνεῦμα
1106 3804 1272 3874 ἔχειν,
1304 3800 1393 3858 οἷα
1420 3806 1450 3861 δ
1495 3806 1908 3877 δημιουργήσας

331 3887 522 3943 τοῦτον
552 3892 707 3955 Θεός.

340 4045 3385 4085 Μ

2016 1980 2155 2035 lucis
2186 1978 2453 2048 fulgorem
2483 1980 2828 2049 repentinum
2867 1981 3143 2037 tulissent.

2084 2070 2238 2139 Quod
2270 2072 2479 2141 plantas
2526 2070 2746 2141 quidem
2784 2086 2890 2127 non
2932 2072 3193 2140 laudavit,
3223 2074 3350 2144 quia
3405 2074 3585 2130 statim
3623 2140 3631 2146 υ

2014 2178 2108 2219 eas
2133 2178 2228 2232 per
2250 2172 2418 2217 totam
2439 2173 2638 2217 terram
2664 2162 2970 2232 germinare
2997 2163 3157 2230 fecit;
3178 2164 3378 2220 bestias
3404 2176 3584 2220 autem

2013 2264 2067 2310 et
2096 2269 2291 2325 pecora
2326 2253 2645 2326 conjunxit:
2692 2254 3084 2310 convenienter
3132 2264 3311 2311 autem
3357 2255 3589 2310 Crescite

2013 2347 2170 2401 dixit.

2083 2438 2237 2505 Quod
2255 2452 2349 2508 per
2383 2437 2508 2501 hoc,
2545 2435 2832 2495 Faciamus
2881 2440 3141 2496 hominem
3174 2439 3244 2493 ad
3303 2438 3587 2508 imaginem

2014 2534 2383 2593 nostram,‘nos
2408 2528 2606 2583 Filium
2628 2530 2847 2599 quidem
2873 2548 2889 2591 :
2914 2547 2980 2587 ex
3008 2530 3213 2587 Iudaeis
3243 2538 3424 2584 autem
3460 2528 3585 2597 qui-

2014 2622 2139 2679 dam
2171 2621 2303 2675 illud
2336 2620 2403 2675 ad
2438 2620 2681 2689 angelos,
2732 2622 2823 2676 alii
2866 2622 2932 2677 ad
2969 2622 3137 2677 Deum
3189 2620 3451 2676 referunt.
3508 2618 3586 2672 Ex

2014 2712 2285 2767 inereticis
2322 2711 2544 2779 quidam
2568 2712 2813 2767 Atticum
2835 2712 3024 2769 dicunt
3053 2712 3308 2782 loquendi
3330 2712 3586 2776 modum;

2014 2802 2209 2856 iienim
2240 2816 2408 2870 penes
2429 2817 2568 2871 quos
2593 2811 2676 2858 est
2711 2819 2927 2859 summa
2962 2812 3225 2874 potestas,
3260 2801 3585 2863 Scribimus,

2014 2892 2188 2959 aiunt,
2211 2900 2263 2946 et
2289 2891 2649 2958 mandamus;
2683 2893 2777 2962 qui
2809 2893 3024 2947 veritati
3049 2893 3351 2955 adhaerent,
3373 2891 3585 2955 dicunt,

2012 2985 2334 3053 plerumque
2364 2984 2416 3038 in
2436 2984 2717 3054 Scriptura
2743 2985 2914 3040 Deum
2949 2985 3001 3040 in
3049 2998 3280 3055 persona
3324 2983 3585 3052 singulari

2014 3074 2205 3142 loqui;
2260 3073 2362 3128 hoc
2386 3082 2567 3129 autem
2598 3075 2738 3139 loco,
2766 3074 2896 3130 etin
2924 3074 3058 3129 illo:
3131 3074 3327 3138 Venite,
3374 3073 3590 3127 descen-

2013 3164 2191 3219 dentes
2213 3163 2603 3232 confundantus
2634 3165 2842 3235 linguas
2870 3181 3071 3231 eorum,
3098 3164 3368 3235 duplicem
3395 3179 3591 3234 perso-

2013 3270 2139 3309 nam
2182 3253 2412 3319 inducit,
2443 3254 2519 3309 ita
2585 3264 2646 3309 ut
2672 3255 2870 3309 Filium
2895 3264 2947 3310 et
3017 3254 3280 3324 Spiritum
3337 3263 3588 3310 sanctum

2012 3354 2260 3415 oporteat
2288 3346 2604 3417 intelligere.
2649 3348 2789 3414 Quid
2825 3357 2929 3413 est,
2956 3349 3241 3403 secundum
3270 3347 3597 3417 imaginem?

2012 3439 2117 3493 Alii
2145 3439 2364 3509 quidem
2398 3441 2713 3496 interiorem
2740 3442 3021 3508 animam;
3080 3440 3169 3494 alii
3202 3447 3437 3495 mentem
3507 3438 3592 3493 in-

2016 3518 2268 3601 telligunt
2306 3540 2528 3601 propter
2560 3532 2679 3602 ejus
2707 3548 3040 3602 quocunque
3066 3530 3393 3603 pervadendi
3420 3528 3593 3583 virtu-

2018 3633 2166 3690 tem;
2194 3624 2248 3677 lii
2280 3640 2447 3694 super
2474 3634 2687 3679 terrena
2717 3636 2770 3679 et
2808 3625 3051 3679 caelestia
3099 3630 3422 3693 potestatem
3468 3636 3592 3691 qua:

2016 3716 2111 3770 Dei
2138 3727 2258 3782 est;
2289 3717 2381 3769 alii
2409 3715 2529 3785 ejus
2570 3716 2945 3785 operationem
2996 3724 3051 3770 et
3103 3714 3457 3779 creationem,
3499 3714 3588 3765 alii

2017 3814 2252 3859 mentem
2281 3819 2401 3875 quae
2425 3805 2748 3861 rationalem
2786 3806 3036 3874 spiritum
3066 3804 3226 3860 habet
3248 3813 3305 3858 ut
3330 3802 3475 3858 Deus
3498 3804 3591 3872 qui

2018 3897 2222 3953 creavit
2249 3912 2392 3954 eam.

3385 4074 3590 4085 -α--σ

1524 4213 1698 4260 ANNO
1741 4212 1972 4259 SECULI
2017 4211 2064 4255 Χ
2106 4211 2403 4257 INCERTO.

1276 4262 2667 4573 ATHANASIUS

974 4711 2092 4829 COBINTHIORUM
2176 4710 2950 4827 EPISCOPUS

1698 5040 2243 5135 NOTITIA.

1289 5241 1537 5302 (nomen,
1563 5233 1735 5288 Oriens
1761 5232 2081 5296 Christianus,
2102 5242 2223 5286 tom.
2257 5233 2323 5296 Il,
2349 5247 2461 5297 pag.
2492 5232 2622 5295 165.)

410 5489 467 5542 In
506 5487 811 5558 Synaxario
833 5486 977 5556 quod
1007 5485 1189 5540 Basilii
1228 5484 1574 5554 imperatoris
1612 5498 1808 5539 nomen
1831 5482 2050 5553 praefert
2087 5492 2140 5540 et
2161 5500 2191 5540 a
2223 5482 2602 5554 Papcbrochio
2631 5480 2837 5535 editum
2871 5486 2975 5540 est,
3008 5476 3097 5531 die
3127 5475 3158 5529 5
3196 5473 3319 5529 Maii
3344 5474 3544 5544 legitur
3573 5490 3589 5527 :

337 5576 783 5631 Commemoratio
816 5574 872 5629 S.
901 5571 966 5629 P.
1000 5573 1049 5627 Ν
1060 5615 1072 5628 .
1097 5574 1401 5635 Athanasii,
1425 5572 1655 5641 episcopi
1678 5570 2098 5637 Corinthiorum,
2121 5574 2212 5641 qui
2239 5571 2555 5627 obdormivit
2584 5569 2667 5638 pie
2697 5576 2746 5621 et
2777 5575 2955 5618 sancte
2983 5563 3166 5619 diebus
3194 5562 3401 5630 imperii
3434 5560 3590 5614 Basi-

342 5667 407 5720 lii
436 5675 487 5718 et
508 5664 866 5718 Constantini.
894 5664 1039 5717 Inter
1065 5661 1279 5717 codices
1306 5660 1651 5714 bibliotheca:
1670 5658 2276 5729 Augustanm,quorum
2312 5655 2471 5709 index
2504 5654 2572 5707 ab
2602 5649 2838 5705 Antonio
2866 5648 3106 5703 Bainero
3135 5661 3282 5700 anno
3314 5645 3451 5699 I675
3477 5644 3594 5699 edi-

343 5765 434 5808 tus
467 5762 569 5816 est,
604 5769 726 5822 pag.
766 5752 836 5806 50
867 5758 1201 5805 memoratur
1227 5747 1507 5801 Athanasii
1533 5746 1813 5815 cujusdam
1840 5743 2221 5814 archiepiscopi
2242 5741 2633 5799 Corinthiorum
2661 5736 2902 5808 qutcstio,
2922 5735 3029 5791 Cur
3066 5732 3312 5790 Christus
3338 5733 3387 5786 in
3425 5745 3606 5796 cruce,

341 5855 434 5897 nec
474 5841 582 5896 alio
616 5856 802 5913 genere
843 5838 1090 5909 supplicii
1116 5845 1353 5892 mortuus
1382 5834 1702 5905 sit,riusque
1747 5833 1962 5888 solutio.

3464 406 3597 472 1022
3702 492 3705 495 γ
