2040 3216
266 193 333 225 132‘!

706 192 915 223 ATHANASII
934 192 1139 222 CORlNTHlI
1161 192 1438 223 FRAGMENTUM.

1823 191 1897 225 102i

503 345 823 391 ΑΘΑΝΑΣΙΟΥ
859 345 1152 391 ΚΟΡΙΝΘΟΥ
1188 344 1656 390 ΑΡΧΙΕΠΙΣΚΟΠΟΥ

1033 445 1066 464 ιι
1081 445 1127 463 ται

775 511 1027 538 ΤΕΤῬΑΒΙΒΛΟΥ
1043 511 1159 539 ΖΩΤΟΥ
1174 511 1378 539 ιΑΚΩΒΠὉΥ.

482 673 803 719 ATHANASII
854 673 1154 719 CORINTHI
1204 674 1667 722 ABCHIEPISCOPI

679 781 707 811 Ε
728 781 919 818 QUATUOR
944 781 1086 812 LIBRIS
1108 783 1209 813 ZOTI
1230 783 1443 814 JACOBITI.

950 865 1020 896 (Luc.
1039 865 1124 896 XXIV,
1143 866 1193 898 45.)

296 1020 463 1054 lnquirimus
480 1024 570 1046 utrum
589 1019 712 1046 ciborum
739 1019 871 1046 saturatio
892 1018 919 1045 in
940 1018 1047 1046 Christo

1137 1018 1277 1054 Ζητοῦμεν
1289 1019 1341 1054 εἰὴ
1366 1020 1508 1055 πλήρωσις
1524 1020 1580 1046 τῶν
1599 1020 1752 1056 βρωμάτων
1764 1022 1888 1057 ἐπιΧριο

260 1067 464 1094 cmcuatiunem
483 1066 649 1100 produverit,
671 1065 700 1092 Si
720 1073 784 1099 ergo
809 1065 901 1092 dicitis
929 1073 1047 1092 evacua-

260 1112 361 1138 tionem
377 1111 551 1145 produxisse,
568 1111 725 1138 Nestoriani
745 1111 822 1143 estis,
842 1119 946 1137 merum
960 1111 1048 1137 homi—

260 1164 321 1184 nem
339 1156 479 1184 Christum
498 1161 693 1191 supponentes.
710 1155 738 1183 Si
755 1164 820 1183 vero
832 1156 958 1183 dixeritis
983 1164 1047 1183 eva-

259 1203 413 1230 Cuationem
429 1210 482 1230 non
508 1203 681 1237 produxisse,
708 1202 848 1237 quomodo
882 1201 1048 1236 intelligatur

260 1248 400 1275 hominem
417 1248 524 1276 admitti
538 1253 705 1279 saturatum.
737 1252 764 1276 et
779 1256 834 1275 non
861 1253 1021 1275 evacuatum
1036 1247 1048 1274 ?

258 1294 492 1329 ——Reaponsio.-—
506 1295 654 1329 Apostolus
668 1301 803 1320 summam
821 1294 952 1320 unitatem
969 1300 1044 1320 mon-

260 1345 348 1367 strare
365 1340 461 1367 volens
472 1340 623 1367 divinitatis
640 1344 666 1367 et
678 1338 866 1371 humanitatis,
879 1339 906 1365 in
920 1338 1048 1366 omnibus

260 1385 377 1412 similem
392 1384 470 1412 nobis
487 1384 626 1412 hominem
641 1384 744 1412 assumi
759 1383 818 1411 sine
829 1389 924 1418 pecato
939 1383 1046 1418 inquit;

211 1460 214 1464 ,
259 1430 308 1457 sed
325 1430 369 1457 hic
382 1430 493 1464 quidem
507 1430 541 1456 ob
553 1437 690 1457 summam
709 1429 842 1456 unitatem
872 1428 938 1456 l‘llud
958 1428 1046 1461 dixit;

264 1483 314 1502 nos
328 1482 395 1502 vero
410 1482 492 1509 supra
503 1474 640 1502 hominem
653 1474 793 1502 Christum
801 1473 941 1506 exstitisse
951 1473 1049 1500 admit-

260 1521 357 1548 timus.
378 1520 445 1547 Nam
466 1521 539 1556 quod
561 1528 577 1548 e
605 1520 716 1555 Virgine
735 1525 816 1548 natus
841 1519 935 1552 fuerit.
963 1519 1047 1547 Deum

260 1567 336 1593 illum
345 1574 406 1594 esse
417 1571 444 1593 et
459 1574 541 1601 supra
554 1567 691 1594 hominem
705 1567 843 1598 ostendit;
854 1571 880 1594 et
892 1567 1047 1601 oportebat,

259 1613 409 1640 secundum
422 1618 521 1640 sancta:
533 1612 680 1647 Scriptura;
697 1613 829 1647 regulam,
849 1620 900 1640 nec
912 1613 944 1640 ad
956 1613 1049 1640 dexte-

259 1666 316 1685 ram
335 1658 471 1686 declinare
483 1666 532 1686 nec
543 1659 576 1686 ad
589 1659 741 1691 sinistram,
760 1659 807 1686 sed
824 1664 898 1686 stare
927 1659 970 1686 his
988 1667 1049 1694 quae

1099 1064 1163 1091 στοῦ
1185 1065 1316 1099 ἐκέκτητο
1332 1065 1379 1091 καὶ
1393 1066 1518 1093 κένωσιν.
1552 1066 1583 1092 Εἰ
1601 1066 1648 1092 οὖν
1676 1067 1770 1101 λέγετε
1787 1068 1888 1102 κεκτῆ-

1100 1111 1161 1137 σθαι
1178 1111 1301 1143 κένωσιν,
1334 1111 1510 1145 Νεστοριανοι
1542 1112 1615 1144 ἐστε,
1641 1112 1717 1146 ψιλὸν
1743 1113 1888 1148 ἄνθρωπον

1099 1156 1289 1191 ὑποτιθέμενοι
1299 1155 1345 1182 τδν
1359 1156 1477 1191 Χριστόν
1492 1165 1499 1172 ·
1517 1157 1580 1184 εἰδὲ
1605 1158 1693 1192 ἐρεῖτε
1719 1158 1756 1193 μὴ
1784 1159 1887 1193 κεκτῆ-

1099 1203 1162 1230 σθαι
1177 1203 1303 1234 κένωσιν,
1317 1203 1374 1234 πῶς
1384 1202 1416 1229 ἂν
1432 1202 1542 1238 νοηθείη
1572 1203 1714 1238 ἄνθρωπον
1732 1203 1886 1239 προσλασὲ-

1099 1251 1161 1277 σθαι
1177 1250 1376 1285 πληρούμενον,
1389 1250 1437 1276 καὶ
1453 1249 1490 1285 μὴ
1501 1249 1579 1276 κενοεῖ
1584 1258 1663 1283 μενον
1676 1258 1683 1282 ;
1706 1251 1887 1284 -Ἀπόκρι-

1100 1304 1160 1329 σις.
1173 1295 1415 1326 -ὉἌπὸστολος
1427 1295 1478 1330 τὴν
1488 1295 1576 1330 ἄκραν
1591 1295 1689 1322 ἕνωσιν
1702 1294 1786 1322 θέλων
1799 1295 1888 1330 δηλῶ·-

1100 1349 1145 1366 σαι
1158 1340 1283 1374 θεότητος
1298 1339 1345 1366 καὶ
1359 1339 1579 1375 ἀνθρωπότητος,
1596 1340 1667 1366 κατὰ
1684 1340 1772 1366 πάντα
1795 1339 1888 1375 ὅμοιον

1099 1385 1165 1420 ἡμῖν
1180 1384 1363 1411 ἀναλαϐέσθαι
1375 1383 1519 1419 ἄνθρωπον
1529 1384 1613 1419 χωρὶς
1638 1384 1776 1419 ἁμαρτίας
1788 1385 1886 1419 φησιν’

1099 1431 1156 1458 ἀλλ’
1169 1431 1273 1462 ἐκεῖνος
1287 1431 1335 1465 μὲν
1351 1430 1396 1456 διὰ
1408 1430 1458 1465 τὴν
1472 1429 1560 1465 ἄκραν
1575 1430 1673 1456 ἕνωσιν
1684 1429 1763 1456 τοῦτο
1790 1427 1868 1457 εἶπεν
1877 1438 1885 1446 ·

1099 1477 1178 1511 ἡμεῖς
1198 1475 1226 1502 δὲ
1242 1475 1289 1502 καὶ
1314 1475 1384 1511 ὑπὲρ
1400 1474 1544 1510 ἄνθρωπον
1561 1475 1727 1510 γεγενῆσθαι
1742 1475 1824 1502 αὐτὸν
1835 1483 1886 1502 κα-

1098 1521 1317 1556 ταλαμϐάνομεν.
1332 1520 1368 1548 Τὸ
1382 1521 1436 1555 γὰρ
1450 1521 1482 1547 ὲκ
1498 1520 1636 1555 Παρθένου
1657 1521 1831 1556 γεννηθῆναι,
1856 1521 1888 1548 τὸ

1099 1567 1165 1594 Θεὸν
1181 1567 1262 1593 αὑτὸν
1278 1564 1358 1598 εἶναι,
1390 1567 1438 1593 καὶ
1465 1565 1534 1600 ὑπὲρ
1559 1566 1713 1601 ἄνθρωπον,
1743 1565 1886 1592 δείκνυσι”

1099 1614 1146 1640 καὶ
1159 1612 1212 1638 ἔδει
1226 1611 1296 1638 κατὰ
1306 1612 1352 1638 τὸν
1365 1611 1414 1646 τῆς
1429 1611 1508 1645 ἁγίας
1521 1611 1633 1646 Γραφῆς
1653 1610 1752 1637 κανόνα
1770 1611 1809 1645 μὴ
1837 1611 1887 1638 ἐκ·

1100 1659 1189 1686 κλῖναι
1202 1658 1276 1690 δεξιὰ
1292 1658 1309 1693 ἦ
1321 1657 1464 1693 ἀριστερὰ,
1480 1656 1549 1684 ἀλλὰ
1557 1658 1671 1691 στοιχεῖν
1683 1657 1738 1688 τοῖς
1763 1665 1888 1692 γεγραμ-

259 1705 358 1738 scripta
376 1709 449 1737 sunt,
468 1711 555 1738 neque
569 1703 672 1738 aliquid
689 1703 806 1738 amplius
815 1703 969 1738 exquirere.
997 1691 1045 1731 l’e-

1100 1704 1201 1739 μένοις,
1220 1705 1266 1730 καὶ
1282 1691 1364 1738 μῇδὲν
1375 1691 1456 1729 πλέον
1470 1702 1699 1738 περιεργάζεσθαι
1715 1709 1721 1716 ·
1737 1691 1822 1736 ὅμως
1842 1701 1886 1728 ῐνα

259 1754 414 1777 rumtamen
431 1757 465 1777 ne
480 1750 620 1777 videamur
635 1750 669 1777 ob
685 1750 873 1784 responsionis
897 1750 1046 1777 carentiam

258 1795 349 1827 silere,
367 1795 501 1827 dicemus,
521 1796 633 1823 meliore
646 1799 721 1830 parte
735 1799 889 1829 praestante.
903 1796 976 1822 aliud
988 1803 1048 1823 csse

259 1848 359 1875 corpus
374 1841 434 1875 ejus
446 1840 568 1867 divinum
587 1840 685 1875 magis,
697 1839 769 1874 quod
785 1847 884 1875 nempe
895 1840 922 1867 in
938 1845 1048 1868 satura-

260 1885 333 1912 tione
343 1886 493 1913 secundum
510 1893 559 1913 nos
573 1885 665 1918 fuerit,
688 1886 714 1913 in
732 1886 908 1914 evacuatione
923 1894 987 1914 vero
1002 1894 1049 1914 su.

259 1939 305 1965 pra
324 1939 384 1959 nos.
396 1930 555 1959 Ostenditid
570 1933 651 1959 etiam
662 1937 725 1959 ante
738 1933 954 1960 incarnationem
969 1932 1046 1960 beata

259 1977 378 2006 Trinitas
396 1978 466 2013 apud
484 1979 619 2006 Abraham
632 1979 789 2012 comedens,
817 1983 845 2006 et
862 1984 995 2012 saturata,
1020 1983 1048 2006 et

259 2032 313 2051 non
333 2029 474 2052 evacuata.
491 2025 622 2053 Similiter
640 2033 750 2061 quoque
782 2029 844 2060 post
866 2024 1046 2053 resurrectio-

259 2078 319 2097 nem
333 2070 459 2098 Salvator
469 2075 560 2098 noster
574 2076 715 2100 saturatns
723 2076 775 2105 est,
791 2072 970 2100 evacuatione
991 2079 1046 2099 non

258 2121 430 2150 occurrente,
450 2118 496 2145 sed
509 2126 556 2152 per
572 2118 769 2145 inhahilantcm
780 2118 905 2145 \iivinam
920 2123 1046 2145 naturam

258 2163 427 2191 saturatione
438 2169 610 2198 consumpta;
620 2164 677 2191 inec
688 2164 797 2199 quidem
811 2172 860 2192 nos
871 2164 1047 2200 intelligimus

259 2210 408 2237 secundum
426 2214 527 2238 nostra:
540 2211 705 2246 cognitionis
720 2211 888 2240 debilitatem
913 2211 979 2245 ;i|le
997 2218 1046 2238 au-

259 2259 312 2280 tem
331 2254 487 2282 incarnatus
512 2256 654 2291 cognoscit
678 2256 804 2291 proprios
826 2255 1004 2284 saturationis
1019 2260 1047 2283 et

257 2299 446 2327 cvacuationis
479 2307 535 2327 sum
563 2300 671 2333 modos,
713 2300 786 2328 sicut
815 2300 904 2328 noscit
933 2300 1044 2327 modum

1099 1751 1137 1784 μὴ
1152 1750 1273 1784 δόξωμεν
1286 1748 1460 1784 ἀποκρίσεως
1476 1748 1642 1783 ἀποροῦντες
1658 1749 1749 1783 σιγᾷν,
1769 1747 1887 1783 ἐροῦμεν

1097 1796 1139 1822 ὃτι
1152 1795 1199 1821 τοῦ
1215 1795 1370 1830 κρείττονος
1387 1794 1593 1829 ἐκνικήσαντος,
1607 1794 1672 1821 ἄλλο
1679 1792 1749 1820 εῖναι
1764 1794 1846 1829 σῶμα
1855 1794 1886 1820 τὸ

1098 1842 1202 1869 ἐκείνου
1215 1841 1423 1876 θεοειδέστερον,
1437 1841 1506 1874 ὅπερ
1521 1841 1551 1867 ὲν
1563 1841 1612 1875 μὲν
1624 1841 1657 1875 τῇ
1670 1839 1809 1875 πληρώσει
1821 1839 1885 1866 καθ’

1097 1889 1170 1924 ἡμᾶς
1178 1886 1223 1924 ἧν,
1241 1888 1270 1914 ἐν
1283 1887 1312 1913 δὲ
1322 1889 1356 1922 τῇ
1372 1886 1485 1913 κενώσει
1499 1886 1569 1922 ὑπὲρ
1582 1887 1667 1921 ἡμᾶς.
1683 1886 1767 1921 Δηλοῖ
1782 1886 1811 1912 δὲ
1837 1886 1885 1912 καὶ

1097 1933 1151 1968 πρὸ
1168 1933 1218 1968 τῆς
1250 1932 1417 1968 σαρκώσεως
1445 1933 1461 1967 ἡ
1486 1931 1608 1967 μακαρία
1632 1931 1717 1967 Τριὰς
1745 1930 1821 1966 παρὰ
1845 1931 1884 1964 τῷ

1097 1979 1224 2015 ’Δϐραὰμ
1238 1979 1375 2010 ἐσθίουσα,
1396 1978 1443 2004 καὶ
1459 1978 1600 2013 πλήρωσιν
1616 1977 1760 2012 δεχομένη,
1779 1977 1825 2003 καὶ
1839 1976 1878 2012 μὴ

1097 2025 1249 2060 κενουμένη
1263 2033 1269 2040 ·
1283 2023 1383 2059 ὁμοίως
1395 2024 1442 2051 καὶ
1455 2023 1525 2059 μετὰ
1538 2023 1588 2058 τὴν
1603 2023 1750 2050 ἀνάστασιν
1765 2023 1779 2049 ό
1789 2022 1882 2058 Σωτὴρ

1097 2071 1176 2107 ἡμῶν
1189 2070 1329 2106 πλήρωσιν
1335 2070 1489 2105 δεχόμενος,
1501 2068 1643 2100 κενώσεως
1653 2069 1690 2103 μὴ
1697 2068 1881 2104 ὑπαρχούσης,

1097 2117 1154 2143 ἀλλ’
1162 2116 1213 2143 ὑπὸ
1225 2116 1274 2150 τῆς
1284 2116 1440 2150 ἔνοικοὺσης
1451 2115 1525 2146 θείας
1535 2114 1642 2149 φύσεως
1657 2115 1706 2150 τῆς
1716 2114 1881 2149 πληρώσεως

1097 2162 1328 2198 ὲκδαπανωμένης
1337 2169 1344 2176 '
1357 2162 1443 2188 ταῦτα
1463 2162 1512 2196 μὲν
1525 2162 1607 2196 ἡμεῖς
1623 2160 1695 2187 κατὰ
1720 2161 1770 2195 τὴν
1780 2159 1879 2195 ἡμετέ-

1098 2216 1148 2243 ραν
1161 2208 1210 2243 τῆς
1222 2208 1351 2242 γνώσεως
1369 2207 1511 2234 ἀσθένειαν
1525 2214 1531 2221 ·
1545 2206 1626 2238 αὐτὸς
1645 2206 1674 2233 δὲ
1688 2206 1702 2232 ὁ
1730 2205 1880 2242 σαρκωθεὶς

1097 2254 1240 2281 ἐπίσταται
1255 2255 1319 2286 τοὺς
1329 2254 1447 2285 οἰκείους
1460 2254 1575 2288 τρόπους
1590 2253 1639 2288 τῆς
1650 2251 1815 2288 πληρώσεως
1836 2251 1881 2278 καὶ

1095 2302 1146 2337 τῆς
1160 2303 1300 2333 κενώσεως
1311 2310 1318 2317 ·
1333 2301 1424 2332 καθὼς
1433 2299 1488 2327 οἶδε
1505 2301 1553 2327 καὶ
1566 2300 1612 2327 τὴν
1628 2300 1728 2335 τρόπον
1740 2300 1789 2334 τῆς
1801 2299 1881 2334 ἀπορ-

258 2344 403 2372 inetiabilis
416 2345 532 2373 duarum
552 2351 712 2375 naturarum
728 2346 838 2376 unionis
848 2350 876 2375 et
889 2346 1044 2375 distinctio-

1098 2347 1181 2382 ρἡου
1195 2347 1249 2373 τῶν
1264 2346 1312 2373 δύο
1323 2346 1430 2381 φύσεων
1443 2345 1544 2381 μιξεώς
1559 2353 1588 2373 τε
1600 2345 1648 2373 καὶ
1658 2345 1783 2381 κράσεως
1796 2344 1826 2371 ὲν
1841 2343 1880 2370 ἐνὶ

257 2390 301 2417 nis
321 2390 348 2417 in
360 2398 412 2418 una
427 2399 555 2426 persona.

1098 2393 1249 2429 προσώπῳ.
