4080 6434
2109 469 3619 492 -ιἮἈ

956 669 2106 890 OPUSCULA
2247 653 3052 859 GB/ECA

1390 1017 1946 1108 INCERT/E
2018 1017 2525 1109 fETATIS.

436 1250 809 1309 MONITUM.
832 1287 900 1295 —
923 1255 1023 1310 Per
1054 1257 1254 1311 co'lices
1289 1272 1416 1325 nus.
1453 1264 1716 1324 vagantur
1761 1271 1920 1325 opem
1949 1255 2117 1308 multa
2153 1272 2416 1325 anonyma
2446 1263 2494 1307 et
2525 1256 2738 1308 incerta!
2762 1256 2956 1318 (etatis,
2985 1256 3172 1325 quibus
3197 1258 3462 1312 litteratos
3493 1261 3627 1311 viros

365 1325 934 1399 carereumpliusnon
969 1326 1228 1399 volumus.
1276 1324 1354 1378 Ea
1401 1335 1577 1378 autem
1609 1341 1727 1394 qua
1772 1324 1841 1377 ad
1891 1327 2143 1380 satculum
2177 1343 2228 1379 1x
2279 1324 2327 1378 et
2365 1341 2393 1376 χ
2424 1325 2700 1392 referenda
2751 1324 3004 1378 videnti"?
3033 1336 3082 1379 et
3129 1343 3244 1380 vere
3292 1329 3426 1381 lectu
3466 1330 3628 1399 digna

365 1402 508 1458 sunt,
542 1395 626 1446 hic
655 1394 949 1465 colligimus
978 1409 1026 1450 et
1059 1397 1283 1449 edimus.

1288 1723 1783 1828 OPUSCULA
1856 1726 2682 1827 SCRIPTUBISTIGA.

973 2109 1734 2204 OCTA'I‘EUCHI
1835 2107 2307 2202 DIVISIO
2383 2109 2514 2198 IN
2591 2108 3062 2200 CAPITA.

797 2327 1024 2389 (anm
1056 2321 1178 2373 Bibl.
1219 2321 1395 2373 Medic.
1425 2324 1654 2374 Laurent.
1680 2327 1800 2374 tom.
1824 2322 1866 2384 Ι,
1889 2324 1998 2373 cod.
2027 2322 2258 2384 XXXVII,
2280 2323 2474 2373 decimo
2495 2322 2679 2373 saeculo
2700 2335 2914 2383 censen,
2941 2323 3077 2375 Plut.
3105 2324 3186 2387 γ.)

1500 2636 1801 2700 Gencseos
1829 2637 2056 2700 divisio
2087 2654 2348 2717 sequens
2380 2643 2469 2698 est
2493 2655 2516 2697 :

441 2836 510 2885 α’.
537 2829 672 2903 Περὶ
698 2829 807 2883 τῶν
830 2825 922 2882 δύο
947 2827 1272 2900 φωστήρων.
1971 2827 2018 2885 Δ

1971 2827 2018 2885 Δ
2119 2823 2171 2878 1.
2207 2823 2281 2876 De
2319 2824 2534 2880 duobus
2561 2824 2946 2879 luminaribus.

445 2922 510 2995 β’.
546 2924 683 2995 Περὶ
711 2922 821 2975 τῶν
854 2919 1097 2991 ἑρπετῶν
1121 2921 1216 2974 καὶ
1245 2917 1528 2973 πετεινῶν.

1430 2917 1528 2972 ῶν.
2120 2915 2172 2968 2.
2204 2914 2276 2968 De
2308 2915 2596 2985 reptilibus
2617 2925 2669 2970 et
2700 2915 3039 2970 volucribus.

443 3025 513 3086 γ’.
542 3019 677 3087 Περὶ
706 3016 804 3086 τῆς
825 3013 919 3068 τοῦ
955 3012 1241 3084 ἀνθρώπου
1276 3014 1573 3082 ποιήσεως.

1290 3014 1573 3082 ποιήσεως.
2119 3005 2174 3060 ὃ.
2215 3007 2288 3060 De
2326 3005 2564 3060 hominis
2605 3006 2901 3060 creatione.

440 3107 503 3160 δ’.
543 3105 679 3177 Περὶ
715 3105 817 3174 τῆς
848 3103 943 3158 τοῦ
975 3103 1256 3156 Σαϐϐάτου
1287 3102 1710 3166 καταπαύσεως.

1154 3119 1256 3156 ιτου
1287 3102 1710 3166 καταπαύσεως.
2122 3098 2176 3151 4.
2208 3097 2283 3152 De
2305 3096 2527 3152 Sabbati
2558 3099 2765 3168 requie.

442 3204 504 3252 ε’.
540 3198 675 3269 Περὶ
699 3197 797 3267 τῆς
822 3197 945 3267 γῆς.
971 3193 1183 3249 καὶτοῦ
1219 3193 1410 3263 ’Δδὰμ,
1440 3193 1531 3248 καὶ
1561 3192 1655 3246 τοῦ
1686 3192 1948 3264 παραδεί-

1686 3192 1948 3264 παραδεί-
2121 3191 2175 3245 5.
2213 3189 2290 3244 De
2317 3199 2482 3256 terra,
2513 3190 2744 3256 Adamn,
2771 3199 2822 3246 et
2845 3190 3081 3261 paradisi
3113 3187 3297 3244 ﬂuvio.

369 3307 469 3342 σου
499 3289 594 3342 τοῦ
626 3285 899 3357 ποταμοῦ.

444 3387 519 3445 ς’.
542 3381 678 3448 Περὶ
710 3377 816 3430 τῶν
843 3375 1124 3446 ποταμῶν.

917 3375 1124 3446 ταμῶν.
2122 3370 2178 3428 6.
2221 3371 2296 3427 De
2328 3372 2528 3429 ﬂuviis.

446 3469 512 3534 ζ’.
547 3471 681 3540 Περὶ⁵
709 3467 803 3522 τοῦ
844 3466 1018 3536 ’Δδὰμ
1047 3465 1140 3520 καὶ
1167 3465 1268 3536 τῆς
1301 3463 1467 3530 Εὔας.

1167 3465 1268 3536 τῆς
1301 3463 1467 3530 Εὔας.
2123 3463 2178 3520 7.
2210 3463 2285 3520 De
2307 3464 2517 3519 Adamo
2551 3472 2606 3519 et
2641 3463 2772 3518 Eva.

443 3558 514 3631 η’.
546 3559 685 3629 Περὶ
713 3558 813 3628 τῆς
839 3556 935 3612 τοῦ
959 3557 1135 3626 ὄφεως
1157 3557 1396 3628 ἀπάτης.

1206 3557 1396 3628 νεάτης.
2123 3553 2178 3609 8.
2209 3553 2284 3609 De
2313 3555 2583 3624 serpentis
2608 3553 2817 3609 fraude.

445 3649 512 3705 0'.
541 3649 676 3720 Περὶ
694 3650 792 3719 τῆς
823 3647 1072 3718 κατάρας
1095 3647 1188 3701 τοῦ
1221 3647 1422 3716 ὄφεως.

1406 3686 1422 3701 ο
2123 3650 2177 3706 9.
2207 3649 2281 3705 De
2311 3651 2691 3705 maledictione
2723 3646 3015 3718 Serpentis.

449 3737 500 3791 ι’.
534 3738 670 3808 Περὶ
694 3737 794 3807 τῆς
815 3737 1064 3806 κατάρας
1095 3737 1192 3808 τῆς
1213 3735 1471 3806 γυναικὸς
1504 3735 1598 3788 καὶ
1623 3735 1720 3789 τοῦ
1755 3735 1949 3806 ’Λδάμη

1755 3735 1949 3806 ’Λδάμ.
2127 3744 2216 3798 10.
2248 3743 2321 3799 De
2359 3742 2742 3798 maledictione
2774 3741 3020 3798 mulieris
3046 3748 3102 3796 et
3130 3739 3341 3797 Ailami.

448 3836 538 3884 ια’.
573 3829 709 3900 Περὶ
739 3828 847 3882 τῶν
875 3827 1216 3898 δερματίνων
1248 3827 1515 3897 χιτώνων.

1250 3827 1515 3897 κιτὼνων.
2130 3835 2217 3891 11.
2249 3834 2328 3889 De
2361 3833 2604 3904 pelliceis
2637 3832 2861 3887 tunicis.

449 3921 540 3990 ιβ’.
569 3922 706 3992 Περὶ
737 3919 839 3989 τῆς
877 3919 1191 3988 ὲκὸλήσεως
1229 3919 1326 3973 τοῦ
1363 3920 1536 3992 Ἀδὰμ
1563 3921 1628 3975 ὲκ
1658 3922 1751 3976 τοῦ
1776 3940 1956 3996 παρα-

1658 3922 1751 3976 τοῦ
1776 3940 1956 3996 παρα·
2129 3927 2221 3981 I2.
2259 3927 2336 3982 De
2372 3925 2642 3981 eiectione
2671 3923 2864 3979 Adami
2905 3938 2936 3978 e
2969 3923 3242 3990 paradiso.

373 4015 583 4070 δείσου.

449 4113 541 4176 ιγ’.
573 4105 656 4158 Τὰ
677 4105 820 4159 κατὰ
857 4103 1047 4177 Ἀδὰμ.
1074 4105 1169 4158 καὶ
1197 4103 1360 4170 Κάῖν,
1387 4104 1481 4159 καὶ
1506 4104 1696 4161 Ἅϐελ.
1993 4165 2033 4181 ,⁵

1993 4165 2033 4181 ,,
2134 4115 2221 4170 15.
2254 4113 2386 4181 Quae
2417 4113 2484 4168 ad
2515 4113 2807 4176 Adamum,
2837 4111 2972 4167 Cain
3012 4119 3066 4166 et
3098 4109 3232 4163 Abel
3273 4107 3526 4164 attinent.

451 4165 530 4252 ιέν.
564 4197 702 4268 Περὶ
729 4197 828 4266 τῆς
852 4165 1100 4266 κατάρας
1122 4194 1218 4248 τοῦ
1248 4165 1411 4250 Κάίν.
1993 4165 2034 4221 Β

1338 4165 1411 4249 iv.
1993 4165 2034 4221 Β
2135 4165 2222 4262 ii.
2263 4165 2947 4261 agisagis...es...

452 4286 532 4342 ιε’.
565 4287 703 4359 Περὶ⁸
726 4287 824 4357 τῆς
852 4287 1207 4356 γενεαλογίας
1235 4285 1330 4341 τοῦ
1369 4286 1534 4341 Κάῖν.

1238 4285 1330 4341 τοῦ
1369 4286 1534 4341 Κάῖνο
2127 4297 2218 4351 15.
2247 4295 2323 4350 De
2349 4296 2664 4366 genealogia
2693 4295 2849 4350 Cain.

452 4386 549 4446 ις’.
581 4379 663 4432 Τὰ
685 4378 826 4432 κατὰ
851 4378 1063 4448 Λάμεχ.

2132 4386 2219 4441 16.
2251 4384 2384 4452 Quae
2419 4387 2486 4440 ad
2529 4384 2764 4440 Lamech
2804 4382 3059 4439 attinent.

449 4470 536 4534 ιζ’.
574 4471 708 4542 Περὶ
727 4468 822 4523 τοῦ
854 4469 983 4541 Σὴθ,
1017 4470 1112 4524 καὶ
1140 4467 1235 4523 τοῦ
1265 4468 1384 4524 υίοῦ
1409 4469 1574 4525 αὐτοῦ
1617 4469 1786 4535 Ἐνώς
1824 4469 1955 4544 [sic,

2133 4478 2218 4532 17.
2258 4475 2334 4532 De
2379 4473 2532 4543 Setb,
2567 4483 2622 4532 et
2673 4475 2786 4530 lilio
2823 4475 2944 4545 ejus
2987 4472 3169 4527 Henos
3212 4470 3338 4541 (sic,
3384 4468 3502 4540 lege
3545 4467 3643 4522 lle-

375 4564 498 4629 lege
543 4558 738 4632 Ἑνώχ]

635 4558 738 4632 ὡκ]
2059 4568 2245 4639 noch).

453 4650 543 4722 ιη’.
573 4653 709 4724 Περὶ
728 4653 826 4724 τῆς
850 4651 1202 4722 γενεαλογίας
1227 4652 1326 4724 τῆς
1352 4652 1460 4707 ἀπὸ
1487 4651 1660 4724 ’Δδὰμ
1679 4651 1784 4717 ἕως
1807 4653 1954 4707 Νῶε.

1679 4651 1784 4717 ἕως
1807 4653 1954 4707 Νῶε.
2133 4659 2220 4714 18.
2253 4657 2328 4714 De
2360 4657 2676 4728 genealogia
2710 4655 2780 4710 ab
2809 4654 3020 4709 Adamo
3048 4655 3114 4709 ad
3147 4651 3281 4710 Noe.

453 4742 539 4798 ιθ’.
581 4743 662 4798 Τὰ
695 4743 836 4798 κατὰ
864 4743 1036 4814 Ἑνώχ

2133 4751 2222 4805 19.
2259 4751 2392 4817 Qua:
2425 4751 2492 4804 ad
2522 4749 2744 4804 llenocb
2781 4749 3039 4804 attinent.

451 4842 521 4890 κ’.
553 4835 691 4906 Περὶ
715 4835 824 4888 τῶν
855 4834 1133 4890 λαϐόντων
1165 4836 1380 4900 ἑαυτοῖς
1411 4837 1679 4903 γυναῖκας
1719 4835 1830 4889 άπὸ
1850 4851 1959 4889 πα-

2129 4841 2221 4896 20.
2267 4843 2341 4896 De
2388 4840 2789 4911 accipientibus
2847 4840 2956 4894 sibi
3013 4854 3216 4895 uxores
3270 4855 3336 4895 ex
3388 4841 3646 4895 omnibus

379 4929 491 4984 σῶν
516 4923 593 4984 ὧν
617 4927 954 4995 ἐξελέξαντο,
987 4926 1084 4982 καὶ
1111 4929 1236 4998 περὶ
1263 4927 1370 4981 τῶν
1395 4928 1691 4996 γιγάντων.

1496 4928 1691 4982 άντων.
2060 4949 2200 5006 quas
2227 4935 2528 5004 elegerant,
2567 4942 2624 4988 et
2660 4931 2729 4988 de
2768 4932 3107 5004 gigantibus.

450 5019 557 5074 κα’.
590 5019 814 5092 Πρῶτος
844 5018 1226 5090 χρηματισμὸς
1252 5018 1388 5090 πρὸς
1415 5019 1539 5072 Νῶε
1571 5018 1704 5091 περὶ
1740 5018 1840 5090 τῆς
1877 5033 1962 5072 κι-

1638 5018 1704 5091 λρὶ
1740 5018 1840 5090 τῆς
1877 5033 1962 5072 κι·
2130 5024 2223 5080 2|.
2253 5024 2435 5080 Prima
2467 5023 2730 5080 revelatio
2759 5022 2826 5077 ad
2859 5021 2976 5077 Noe
3004 5021 3071 5076 de
3101 5036 3249 5077 arca.

381 5111 584 5166 ὗωτοῦ.

454 5204 556 5275 κβ’.
588 5203 727 5276 Περὶ
747 5203 842 5257 τοῦ
875 5205 1290 5277 κατακλυσμοῦ.

982 5205 1290 5277 ακλυσμοῦ.
2134 5206 2227 5264 22.
2264 5205 2338 5261 De
2364 5205 2593 5260 diluvio.

455 5305 562 5366 κγ’.
603 5297 740 5367 Περὶ
767 5295 869 5366 τῆς
897 5296 992 5350 τοῦ
1021 5295 1256 5368 κόρακος
1287 5296 1614 5366 ἀποστολῆς.

1235 5315 1256 5362 ς
1287 5296 1614 5366 ἀποστολῆς.
2133 5297 2224 5352 23.
2258 5298 2330 5352 De
2351 5296 2502 5350 corvi
2531 5294 2846 5350 emissione.

458 5390 556 5443 κδ’.
587 5389 852 5458 Δεύτερος
883 5389 1271 5460 χρηματισμὸς
1311 5388 1446 5458 πρὸς
1475 5387 1621 5441 Νῶε.

1475 5387 1621 5441 Νῶε.
2133 5387 2224 5441 24.
2256 5385 2507 5441 Secunda
2540 5384 2800 5440 revelatio
2835 5383 2903 5440 ad
2930 5380 3062 5438 Noe.

456 5479 554 5533 κε’.
594 5480 728 5550 Περὶ
756 5479 852 5533 τοῦ
887 5478 1280 5552 θυσιαστηρίου
1308 5478 1455 5546 Νῶε,
1480 5479 1576 5533 καὶ
1599 5477 1698 5549 τῆς
1727 5475 1959 5531 ὁλοκαυ-
1989 5504 2032 5563 C

1551 5477 1698 5549 ὶτῆς
1727 5475 1959 5531 ὁλοκαυ-
1989 5504 2032 5563 c
2136 5479 2227 5534 25.
2269 5478 2346 5534 De
2371 5478 2528 5533 altari
2569 5475 2702 5545 Noe,
2735 5486 2791 5532 et
2813 5477 3162 5532 Holmausto.

381 5587 624 5634 τωσεως.

456 5661 570 5727 κς’.
608 5663 744 5732 Περὶ
773 5662 868 5718 τοῦ
915 5662 1118 5718 ἐσθίειν
1169 5663 1279 5716 πᾶν
1331 5662 1498 5732 κρέας
1532 5661 1608 5734 μὴ
1657 5661 1716 5718 ἐν
1745 5661 1961 5732 αἵματι,

2144 5660 2236 5716 26.
2271 5659 2346 5715 De
2392 5658 2610 5714 licentia
2646 5659 2964 5714 comedendi
3007 5672 3224 5713 omnem
3265 5673 3484 5715 carnem
3530 5676 3650 5732 qua

381 5754 480 5810 καὶ
511 5755 638 5828 περὶ
666 5755 760 5811 τοῦ
791 5755 1074 5828 ἐκχέοντος
1111 5749 1250 5826 αἷμα
1274 5753 1586 5826 ἀνθρώπου.

2070 5767 2179 5808 non
2220 5752 2291 5806 sit
2329 5751 2384 5806 in
2415 5749 2703 5820 sanguine,
2740 5755 2795 5805 et
2831 5749 2900 5805 de
2951 5747 3268 5808 eﬂundente
3320 5751 3648 5823 sanguinem

2069 5847 2329 5903 hominis.
