4080 6408
574 533 664 585 ‘27.
701 529 882 587 Tertia
913 529 1171 586 revelatio
1200 528 1265 583 ad
1307 526 1421 583 Noe
1450 529 1515 584 de
1541 527 1765 584 foedere.

576 623 666 679 28.
694 622 826 688 Quae
853 622 921 677 ad
957 621 1098 677 ﬁlios
1124 618 1238 675 Noe
1278 620 1535 686 attinent,
1567 630 1623 676 et
1652 620 1720 676 de
1755 620 1874 691 ejus
1914 618 2093 675 ebrie-

511 724 641 769 “He.

574 818 665 873 29.
693 818 767 873 De
794 816 1179 872 maledictione
1202 816 1489 871 Chanaan.

577 908 669 961 50.
705 908 777 962 De
810 914 984 961 morte
1018 903 1154 962 Noe.

576 1000 666 1054 51.
704 1000 777 1053 De
802 998 1117 1072 genealogia
1154 999 1389 1054 ﬁliorum
1424 1000 1556 1055 Noe.

577 1093 668 1148 '52.
694 1094 769 1151 De
800 1095 1161 1153 aediﬁcatione
1187 1097 1341 1153 urbis
1371 1106 1425 1153 et
1456 1099 1646 1155 turris.

575 1279 666 1333 55.
699 1280 773 1335 De
803 1279 1130 1337 confusione
1156 1280 1490 1353 linguarum.

574 1369 665 1425 54.
700 1370 773 1426 De
804 1373 1119 1443 genealogia
1142 1389 1171 1429 a
1198 1373 1322 1429 Sem
1353 1375 1422 1430 ad
1452 1376 1755 1431 Abraham.

577 1551 668 1609 55.
700 1552 834 1620 Quae
859 1555 926 1612 ad
980 1555 1182 1624 Thare,
1223 1565 1279 1613 et
1327 1558 1452 1616 illos
1494 1559 1621 1631 ejus
1670 1561 1923 1625 attinent,
1956 1577 2093 1632 quos

507 1642 693 1697 educit
723 1660 753 1698 e
778 1647 999 1715 regione
1024 1647 1427 1704 Chaldaeorum.

578 1735 668 1789 56.
706 1736 887 1793 Prima
920 1740 1182 1795 revelatio
1216 1743 1284 1797 ad
1312 1740 1613 1798 Abraham.

582 1842 671 1897 57.
705 1842 957 1902 Secunda
991 1848 1254 1903 revelatio
1291 1848 1357 1904 ad
1382 1849 1655 1905 Abraham
1698 1851 1753 1906 in
1781 1861 1924 1907 terra
1954 1851 2093 1907 Cha-

510 1949 674 1988 naan.

583 2026 674 2080 58.
710 2025 783 2082 De
808 2027 1074 2084 descensu
1100 2030 1400 2099 Abraham,
1444 2033 1498 2087 in
1531 2033 1855 2106 Egyplum,
1892 2042 1943 2091 et
1974 2050 2096 2105 quae

510 2116 575 2169 ad
611 2114 802 2169 Suram
834 2119 1066 2174 attinent
1085 2130 1139 2174 et
1158 2119 1524 2179 Pharaonem.

581 2204 670 2259 59.
700 2204 776 2257 De
800 2221 1029 2263 ascensu
1061 2210 1335 2265 Abraham
1370 2227 1434 2267 ex
1471 2212 1729 2285 Egypto,
1760 2226 1813 2270 et
1859 2232 1981 2287 qua:
2027 2217 2093 2273 ad

510 2294 612 2350 Lot
649 2306 719 2350 att
732 2298 902 2355 inent.

581 2388 668 2441 40.
702 2388 853 2444 Deest
903 2391 1133 2461 fortasse
1193 2396 1338 2465 quod
1384 2397 1441 2450 in
1487 2400 1819 2455 antecedenti
1865 2405 2097 2459 contine-

510 2474 688 2529 batur.

581 2568 670 2622 41.
706 2567 888 2626 Tertia
921 2573 1182 2631 revelatio
1215 2576 1281 2631 ad
1320 2576 1619 2634 Abraham.

582 2660 670 2714 42.
697 2662 873 2718 Deest.

580 2752 671 2805 45.
706 2752 779 2807 De
810 2755 1120 2826 captivitate
1147 2758 1267 2816 Lot.

578 2847 671 2903 44.
704 2849 837 2915 Quae
863 2853 928 2906 ad
952 2851 1348 2910 Melchisedech
1379 2865 1434 2911 et
1454 2857 1730 2913 Abraham
1762 2860 2025 2916 attinent.

584 2940 672 2995 l5.
710 2942 984 2999 Revelalio
1014 2945 1068 2999 in
1105 2947 1312 3002 visione
1342 2948 1407 3003 ad
1446 2950 1747 3007 Abraham.

585 3034 673 3088 46.
708 3035 840 3101 Quae
865 3038 931 3091 ad
959 3039 1149 3094 Saram
1176 3049 1231 3094 et
1257 3042 1400 3109 Agar
1424 3043 1678 3099 attinent.

582 3124 673 3179 47.
702 3125 777 3181 De
803 3127 961 3183 dictis
983 3128 1051 3183 ab
1079 3130 1273 3200 angelo
1295 3130 1462 3202 Agar.

581 3304 672 3361 48.
719 3306 897 3364 Deest.

580 3396 672 3453 49.
706 3399 907 3454 Foedus
933 3400 1369 3459 circumcisionis
1403 3405 1470 3461 ad
1509 3406 1809 3464 Abraham.

583 3487 674 3544 50.
711 3488 789 3545 De
811 3490 1035 3548 nomine
1067 3492 1240 3560 Saraa,
1267 3503 1322 3551 et
1355 3498 1648 3567 promissio
1680 3501 1748 3555 de
1772 3499 1948 3557 Isaac.

582 3669 670 3726 5i.
707 3669 782 3725 De
810 3671 1229 3731 circumcisione
1264 3677 1564 3748 Abraham,
1598 3690 1655 3736 et
1693 3683 1940 3737 omnium
1993 3683 2095 3737 do-

514 3760 869 3817 mesticorum
900 3762 1042 3832 ejus.

585 3869 675 3924 52.
712 3870 787 3926 De
817 3874 1161 3942 apparitione
1216 3875 1355 3932 facta
1425 3877 1703 3935 Abraham
1775 3881 1829 3936 in
1887 3897 2092 3952 quercu

513 3960 776 4029 Mamhre,
816 3973 873 4019 et
897 3964 963 4020 de
995 3966 1363 4036 hospitalitate
1394 3970 1535 4038 ejus.

584 4141 672 4196 55.
699 4140 861 4198 Sexta
894 4146 1152 4204 revelatio
1197 4149 1263 4204 de
1286 4149 1378 4205 illo
1415 4150 1689 4207 :Habebit
1724 4151 1857 4207 Sara
1898 4152 2089 4208 ﬁlium.

578 4250 667 4303 5t.
692 4250 766 4304 De
788 4251 1020 4308 Domino
1069 4264 1125 4310 et
1174 4255 1391 4313 duobus
1447 4258 1658 4329 angelis
1708 4259 2011 4330 praemissis
2059 4275 2090 4314 a

508 4340 761 4398 Domino.

578 4434 669 4488 55.
704 4434 778 4490 De
815 4436 1079 4504 petitione
1108 4437 1384 4494 Abraham
1414 4451 1634 4511 propter
1656 4440 1861 4508 justos.

578 4624 668 4679 56.
697 4624 771 4680 De
793 4628 1004 4697 angelis
1022 4626 1366 4685 venientibus
1390 4627 1709 4696 Sodomam,
1729 4638 1783 4686 et
1805 4630 1873 4685 de
1896 4631 2087 4701 hospi-

510 4715 715 4770 talitate
738 4715 854 4771 Lot.

581 4808 668 4864 57.
703 4807 778 4864 De
810 4809 1097 4880 iniquitate
1127 4808 1515 4879 Sodomorum,
1539 4813 1633 4885 qui
1681 4813 1927 4885 percussi
1960 4822 2090 4870 sunt

509 4900 777 4955 caecitate.

581 4989 669 5046 58.
706 4989 781 5046 De
804 4989 1059 5051 Sodoma:
1084 4993 1240 5049 ruina
1273 5008 1369 5064 per
1400 4994 1672 5051 incendia.

551 5184 666 5240 .59.
700 5183 831 5250 Quae
862 5184 927 5239 ad
960 5184 1059 5241 Lot
1095 5194 1151 5241 et
1187 5187 1306 5258 ejus
1340 5187 1480 5244 tilias
1513 5188 1768 5244 attinent.

584 5273 671 5328 60.
703 5275 775 5329 De
807 5273 942 5329 Sara
975 5285 1026 5331 et
1065 5277 1402 5333 Abimelech.

580 5364 669 5419 6|.
709 5363 783 5419 De
810 5365 941 5420 Sara
965 5367 1211 5436 pariente
1237 5369 1409 5423 Isaac.

578 5454 667 5509 62.
695 5456 823 5522 Quae
859 5458 925 5511 ad
985 5455 1176 5511 Saram
1203 5460 1457 5523 attinent,
1493 5466 1545 5512 et
1605 5458 1674 5513 ad
1717 5459 1881 5525 Agar,
1922 5465 1975 5510 ct
2023 5457 2089 5509 atl

507 5545 782 5599 Abraham
821 5548 890 5599 oh
923 5545 1073 5602 lSaac
1111 5556 1164 5601 et
1202 5548 1413 5602 lsmael.

581 5635 671 5691 65.
705 5637 777 5690 De
808 5636 973 5692 dictis
1003 5638 1148 5709 Agar
1181 5638 1250 5692 ab
1285 5638 1502 5706 angelo.

584 5829 676 5885 64.
712 5834 984 5889 Abraham
1026 5836 1202 5892 foedus
1231 5852 1356 5891 cum
1396 5837 1732 5892 Abimelech.

1215 422 1608 483 OPUSCULA
1649 418 2673 482 SCRIPTURISTICA'INCERT/E
2716 418 3026 479 IETATIS.

2117 543 2159 598 Α
2263 530 2365 593 κζ’.
2389 527 2585 598 Τρίτος
2614 528 2998 598 χρηματισμὸς
3021 526 3150 597 περὶ
3176 525 3439 597 διαθήκης
3462 526 3598 595 πρὸς
3620 525 3776 578 Νῶε.

3627 411 3768 478 1028

2270 628 2377 691 κη’.
2406 621 2488 675 Τὰ
2509 621 2649 675 κατὰ
2680 620 2986 685 τοὺςύἷοῦς
3010 620 3154 685 Νῶεο
3185 622 3278 673 καὶ
3305 620 3431 690 περὶ
3473 619 3572 691 τῆς
3602 618 3775 689 μέθηῖ

2197 710 2388 766 αὑτοῦ.

2271 820 2370 874 κθ’.
2411 820 2547 889 Περὶ
2578 821 2676 889 τῆς
2709 821 2953 889 κατάρας
2982 820 3076 874 τοῦ
3107 819 3345 875 Χαναὰν.

2267 912 2331 964 λ’.
2364 913 2501 980 Περὶ
2528 912 2625 981 τῆς
2654 912 2910 981 τελευτῆς
2939 912 3086 966 Νῶε.

2267 1005 2368 1057 λα’.
2402 1004 2539 1074 Περὶ
2569 1005 2668 1073 τῆς
2696 1004 3044 1072 γενεαλογίας
3083 1004 3190 1057 τῶν
3223 1004 3354 1057 υἱῶν
3387 1002 3531 1057 Νῶε.

2267 1093 2366 1164 λβ’.
2396 1095 2533 1165 Περὶ
2586 1095 2685 1164 τῆς
2726 1094 3173 1166 οἱκοδομηθείσης
3225 1093 3464 1159 πόλεως,
3528 1093 3622 1147 καὶ
3674 1094 3772 1146 τοῦ

2196 1185 2432 1256 πύργου.

2268 1274 2368 1343 λγ’.
2405 1278 2538 1348 Περὶ
2564 1278 2664 1347 τῆς
2693 1278 3009 1349 συγχύσεως
3037 1278 3144 1332 τῶν
3166 1278 3450 1347 γλωσσῶν.

2267 1366 2358 1423 λδ’.
2391 1370 2527 1439 Περὶ
2568 1372 2667 1441 τῆς
2701 1372 3050 1441 γενεαλογίας
3093 1372 3189 1441 τῆς
3220 1371 3327 1425 ἀπὸ
3364 1370 3459 1425 τοῦ
3504 1370 3626 1440 Σὴμ
3661 1369 3771 1433 ἕως

2194 1458 2288 1512 τοῦ
2329 1461 2601 1532 ’Δ6ραάμ.

2265 1548 2359 1605 λε’.
2391 1551 2470 1605 Τὰ
2501 1553 2642 1607 κατὰ
2669 1553 2909 1625 eciam,
2945 1555 3039 1608 καὶ
3065 1556 3189 1618 τοὺς
3244 1555 3304 1619 ἐξ
3345 1553 3532 1619 αὐτοῦ,
3560 1553 3654 1617 οὓς
3682 1552 3773 1619 ἐξ-

2197 1643 2413 1713 ήγαγεν
2444 1645 2510 1698 ἐκ
2535 1647 2632 1717 τῆς
2658 1646 2845 1717 χώρας
2868 1648 2976 1701 τῶν
3002 1647 3309 1701 Χαλδαίων.

2264 1732 2376 1797 λς’.
2407 1735 2631 1805 Πρῶτος
2658 1738 3041 1808 χρηματισμὸς
3072 1738 3209 1809 πρὸς
3248 1736 3519 1808 Ἀϐραάμ.

2267 1841 2366 1905 λζ’.
2395 1842 2658 1914 Δεύτερος
2702 1844 3087 1916 χρηματισμὸς
3135 1844 3272 1916 πρὸς
3314 1845 3665 1916 Ἀϐραὰμ,ἑν
3697 1847 3771 1915 γῇ

2197 1933 2441 1988 Χαναὰν.

2268 2024 2371 2095 λη’.
2388 2025 2525 2096 Περὶ
2538 2027 2637 2097 τῆς
2652 2027 2708 2079 ὲν
2724 2027 2987 2098 Αἰγύπτῳ
3001 2030 3355 2092 καταϐάσεως
3372 2027 3467 2081 τοῦ
3496 2025 3769 2097 Ἀϐραὰμ,

2199 2118 2293 2169 καὶ
2317 2116 2387 2170 τὰ
2417 2119 2557 2172 κατὰ
2578 2119 2679 2190 τὴν
2704 2119 2919 2191 Σάρραν
2950 2122 3042 2174 καὶ
3064 2121 3286 2192 Φαραώ.

2268 2207 2368 2264 λθ’.
2388 2210 2522 2281 Περὶ
2542 2212 2640 2281 τῆς
2661 2212 2719 2278 ἐξ
2739 2212 3017 2281 Αἰγύπτου
3040 2214 3361 2277 ἀναϐάσεως
3383 2213 3475 2269 τοῦ
3494 2212 3769 2285 Ἀϐραὰμ,

2199 2300 2296 2354 καὶ
2325 2300 2395 2355 τὰ
2416 2303 2555 2357 κατὰ
2576 2304 2668 2358 τὸν
2694 2304 2842 2361 Λώτ.

2272 2409 2312 2461 μ
2335 2433 2349 2449 .
2374 2394 2546 2449 Λείπ.

2276 2590 2393 2655 μα’.
2421 2585 2619 2655 Τρίτος
2651 2587 3037 2659 χρηματισμὸς
3070 2588 3206 2659 πρὸς
3252 2588 3521 2660 Ἀϐραάμ.

2274 2674 2388 2746 μβ’.
2410 2676 2581 2731 Asta.

2275 2765 2387 2837 μγ’.
2418 2768 2557 2839 Περὶ
2585 2767 2684 2835 τῆς
2713 2768 3088 2838 αἰχμαλωσίας
3116 2766 3211 2822 τοῦ
3248 2768 3389 2822 Λώτ.

2275 2856 2377 2927 μδ’.
2415 2858 2496 2913 Τὰ
2525 2859 2668 2912 κατὰ
2687 2859 3043 2929 Μελχισεδὲκ,
3071 2859 3166 2912 καὶ
3190 2860 3283 2912 τὸν
3317 2858 3589 2928 Ἀϐραάμ.

2276 2955 2377 3019 με’.
2407 2950 2809 3020 Χρηματισμὸς
2842 2953 2900 3004 ὲν
2930 2951 3166 3022 ὁράματι
3188 2949 3325 3022 πρὸς
3356 2949 3625 3019 Ἀϐραάμ.

2273 3045 2392 3108 μς¹.
2428 3039 2508 3093 Τὰ
2529 3041 2671 3093 κατὰ
2697 3042 2933 3112 Σάρραν,
2964 3042 3057 3096 καὶ
3086 3041 3183 3112 τὴν
3217 3042 3418 3113 Ἀγαρ.

2275 3128 2383 3199 μέτ’.
2419 3131 2553 3202 Περὶ
2603 3132 2712 3187 τῶν
2768 3132 3069 3204 λεχθέντων
3123 3133 3228 3186 ὑπὸ
3272 3132 3367 3186 τοῦ
3415 3132 3649 3201 ἀγγέλου
3701 3136 3767 3205 τῇ

2122 3227 2166 3285 c
2204 3222 2405 3292 Ἀγαρ·

2272 3310 2382 3383 μη’.
2414 3313 2586 3365 Λείπ.

2271 3402 2379 3472 μθδ.
2414 3404 2659 3475 Διαθήκη
2699 3405 2836 3475 πρὸς
2877 3404 3131 3475 Ἀϐραὰμ
3170 3404 3493 3476 περιτομῆς.

2269 3494 2331 3550 ν’.
2361 3496 2494 3567 Περὶ
2517 3496 2610 3550 τοῦ
2634 3496 2900 3566 ὀνόματος
2927 3497 3169 3568 Σάρρας,
3196 3498 3293 3552 καὶ
3311 3496 3616 3567 ἐπαγγελία
3636 3498 3767 3568 περὶ

2195 3586 2289 3640 τοῦ
2328 3587 2533 3643 Ἰσαάκ.

2265 3686 2367 3733 να’.
2400 3679 2536 3752 Περὶ
2581 3680 2681 3751 τῆς
2710 3680 3014 3751 περιτομῆς
3054 3680 3147 3735 τοῦ
3193 3679 3464 3752 Ἀδραὰμ,
3510 3681 3606 3734 καὶ
3635 3679 3772 3734 παν-

2194 3784 2303 3821 των
2336 3769 2444 3821 τῶν
2481 3770 2701 3824 οἰκείων
2727 3770 2916 3825 αὐτοῦ.

2266 3878 2365 3948 νβ’.
2388 3880 2523 3950 Περὶ
2542 3879 2643 3950 τῆς
2664 3879 2932 3943 ὀπτασίας
2946 3880 3047 3951 τῆς
3065 3880 3367 3950 γενομένης
3382 3878 3461 3949 τῷ
3492 3876 3765 3949 Ἀϐραὰμ,

2194 3967 2253 4021 ὲν
2289 3970 2355 4037 τῇ
2406 3967 2528 4039 δρυῒ
2559 3970 2626 4040 τῇ
2674 3969 2945 4040 Μαμϐρῆ,
2999 3972 3096 4023 καὶ
3141 3968 3272 4040 περὶ
3319 3968 3418 4037 τῆς
3467 3967 3769 4038 ξενοδοχίας

2192 4056 2358 4110 αὐτοῦ
2368 4097 2382 4113 .

2267 4146 2572 4217 νγ¹.”Εκτος
2589 4154 2973 4223 χρηματισμὸς
2992 4150 3119 4223 περὶ
3138 4150 3418 4219 τοῦ,⁸Έξει
3432 4151 3545 4205 υἱὸν
3561 4152 3766 4222 saepe.

2267 4259 2360 4313 νδ’.
2391 4258 2527 4328 Περὶ
2547 4258 2643 4312 τοῦ
2666 4258 2895 4331 Κυρίου,
2923 4261 3018 4314 καὶ
3038 4260 3148 4313 τῶν
3170 4260 3217 4332 β’
3233 4260 3479 4329 ἀγγὲλων
3504 4259 3611 4313 τῶν
3636 4276 3770 4330 προ-

2194 4352 2564 4422 πεμπομένων
2604 4352 2707 4406 ὑπὸ
2739 4351 2835 4405 τοῦ
2868 4353 3096 4423 Κυρίου.

2268 4448 2360 4497 νε’.
2413 4444 2552 4513 Περὶ
2608 4444 2709 4514 τῆς
2753 4444 2843 4498 διὰ
2889 4443 3017 4507 τοὺς
3063 4442 3309 4507 δικαίους
3358 4444 3624 4513 αἰτήσεως
3674 4440 3769 4495 τοῦ

2118 4564 2171 4624 D
2210 4535 2478 4605 Ἀϐραάμ.

2265 4624 2375 4690 νς’.
2405 4626 2542 4698 Περὶ
2570 4627 2680 4683 τῶν
2727 4626 2978 4697 ἀγγέλων
3018 4627 3283 4682 ἐλθόντων
3309 4627 3387 4691 είς
3415 4625 3645 4697 Σόδομα,
3674 4623 3771 4678 καὶ

2193 4718 2322 4787 περὶ
2350 4720 2450 4789 τῆς
2479 4719 2781 4789 ξενοδοχίας
2818 4720 2912 4772 τοῦ
2947 4719 3093 4774 Λώτ.

2259 4808 2357 4874 νζ.
2394 4809 2529 4881 Περὶ
2555 4810 2653 4881 τῆς
2684 4811 3030 4881 παρανομίας
3063 4812 3172 4864 τῶν
3194 4809 3519 4880 Σοδομιτῶν,
3552 4808 3601 4863 οἱ
3636 4811 3773 4863 ἐπα-

2191 4900 2467 4970 τάχθησαν
2489 4902 2741 4971 ὰορασίᾳ.

2264 4990 2364 5063 νη’.
2410 4991 2547 5061 Περὶ
2605 4992 2706 5063 τῆς
2755 4997 3141 5067 καταστροφῆς
3203 4996 3453 5065 Σοδόμων
3523 4990 3624 5064 τῆς
3680 4990 3769 5044 διὰ

2192 5084 2564 5155 ἐμπρησμῶν.

2261 5174 2358 5229 νϐ’.
2389 5177 2470 5229 Τὰ
2508 5175 2650 5230 κατὰ
2679 5177 2769 5231 τὸν
2804 5177 2946 5244 Λὼτ,
2985 5180 3078 5233 καὶ
3112 5181 3208 5244 τὰς
3233 5180 3541 5250 θυγατέρας
3580 5178 3767 5233 αὐτοῦ.

2265 5267 2324 5333 ξ’.
2355 5269 2491 5341 Περὶ
2520 5270 2737 5341 Eappa;
2765 5275 2861 5325 καὶ
2894 5272 2990 5325 τοῦ
3037 5271 3351 5343 Ἀϐιμέλεχ.

2265 5363 2365 5428 ξα¹.
2399 5367 2533 5435 Περὶ
2565 5365 2777 5437 Σάρρας
2806 5367 3071 5435 τεκούσης
3103 5368 3194 5420 τὸν
3241 5365 3449 5423 Ἰσαάκ.

2265 5458 2362 5529 ξβ’.
2400 5459 2480 5512 Τὰ
2508 5459 2647 5512 κατὰ
2667 5458 2768 5529 τὴν
2798 5461 3032 5530 Σᾶιρῥαν,
3060 5460 3154 5513 καὶ
3177 5459 3277 5529 τὴν
3321 5459 3524 5527 Ἅγαρ,
3558 5457 3653 5511 καὶ
3680 5457 3770 5510 τὸν

2206 5553 2459 5621 Ἀϐραὰμ
2484 5550 2572 5603 διὰ
2599 5552 2689 5605 τὸν
2733 5552 2944 5615 Ἰσαὰκ,
2982 5551 3188 5604 καὶτὸν
3229 5550 3475 5621 Ἰσμαήλ.

2268 5648 2367 5714 ξγ’.
2398 5648 2534 5716 Περὶ
2571 5646 2679 5699 τῶν
2721 5644 3020 5715 λεχθέντων
3061 5647 3127 5714 τῇ
3171 5645 3351 5712 Ἀγαρ
3392 5643 3497 5695 ὑπὸ
3531 5638 3623 5693 τοῦ
3666 5640 3767 5706 ἁγ-

2196 5742 2375 5810 γέλου.

2273 5835 2365 5897 ξδ’.
2398 5832 2641 5903 Διαθήκη
2673 5832 2762 5885 τοῦ
2807 5830 3059 5902 Ἀϐραὰμ
3093 5830 3225 5901 πρὸς
3253 5829 3343 5883 τὸν
3391 5826 3698 5899 Ἀϐιμέλεχ.
