  <div class='ocr_page' id='page_1' title='image "/cluster/home/n/w/nwhite01/storage/ocr_20150623/106/coo.31924054870104/524.png"; bbox 0 0 4080 6428; ppageno 0'>
   <div class='ocr_carea' id='block_1_1' title="bbox 366 432 1977 509">
    <p class='ocr_par' dir='ltr' id='par_1_1' title="bbox 366 432 1977 509">
     <span class='ocr_line' id='line_1_1' title="bbox 366 432 1977 509; baseline -0.007 0"><span class='ocrx_word' id='word_1_1' title='bbox 366 436 507 509; x_wconf 79' lang='grc'><strong>1029</strong></span> <span class='ocrx_word' id='word_1_2' title='bbox 1358 432 1839 500; x_wconf 73' lang='grc' dir='ltr'><strong>ΟὈΤΑΤΕΗΕΗΙ</strong></span> <span class='ocrx_word' id='word_1_3' title='bbox 1877 438 1977 499; x_wconf 74' lang='grc' dir='ltr'><strong>1]ιῖ</strong></span> 
     </span>
    </p>
   </div>
   <div class='ocr_carea' id='block_1_2' title="bbox 2016 432 3627 509">
    <p class='ocr_par' dir='ltr' id='par_1_2' title="bbox 2016 439 3627 508">
     <span class='ocr_line' id='line_1_2' title="bbox 2016 439 3627 508; baseline 0.004 -7"><span class='ocrx_word' id='word_1_4' title='bbox 2016 439 2166 502; x_wconf 88' lang='lat' dir='ltr'><strong>[SIO</strong></span> <span class='ocrx_word' id='word_1_5' title='bbox 2204 440 2288 503; x_wconf 87' lang='lat' dir='ltr'><strong>IN</strong></span> <span class='ocrx_word' id='word_1_6' title='bbox 2329 441 2615 507; x_wconf 79' lang='lat' dir='ltr'><strong>CAPITA.</strong></span> <span class='ocrx_word' id='word_1_7' title='bbox 3491 444 3627 508; x_wconf 80' lang='lat'><strong>1030</strong></span> 
     </span>
    </p>
   </div>
   <div class='ocr_carea' id='block_1_3' title="bbox 431 548 2042 624">
    <p class='ocr_par' dir='ltr' id='par_1_3' title="bbox 431 548 2016 624">
     <span class='ocr_line' id='line_1_3' title="bbox 431 548 2016 624; baseline -0.002 -19"><span class='ocrx_word' id='word_1_8' title='bbox 431 550 525 620; x_wconf 77' lang='grc' dir='ltr'><strong>ξε’.</strong></span> <span class='ocrx_word' id='word_1_9' title='bbox 564 550 831 621; x_wconf 83' lang='grc' dir='ltr'><strong>Ἕϐδομος</strong></span> <span class='ocrx_word' id='word_1_10' title='bbox 877 550 1125 624; x_wconf 74' lang='grc' dir='ltr'><strong>χρησμὸς</strong></span> <span class='ocrx_word' id='word_1_11' title='bbox 1170 549 1301 621; x_wconf 71' lang='grc' dir='ltr'><strong>περὶ</strong></span> <span class='ocrx_word' id='word_1_12' title='bbox 1349 550 1440 604; x_wconf 83' lang='grc' dir='ltr'><strong>τοῦ</strong></span> <span class='ocrx_word' id='word_1_13' title='bbox 1486 548 1793 620; x_wconf 86' lang='grc' dir='ltr'><strong>πειρασμοῦ</strong></span> <span class='ocrx_word' id='word_1_14' title='bbox 1846 548 1941 602; x_wconf 82' lang='grc' dir='ltr'><strong>τοῦ</strong></span> <span class='ocrx_word' id='word_1_15' title='bbox 1972 557 2016 612; x_wconf 76' lang='grc' dir='ltr'><strong>Α</strong></span> 
     </span>
    </p>
   </div>
   <div class='ocr_carea' id='block_1_4' title="bbox 2012 548 3623 624">
    <p class='ocr_par' dir='ltr' id='par_1_4' title="bbox 2012 550 3623 623">
     <span class='ocr_line' id='line_1_4' title="bbox 2012 550 3623 623; baseline 0.002 -19"><span class='ocrx_word' id='word_1_16' title='bbox 2012 601 2016 611; x_wconf 81' lang='grc'><strong>,</strong></span> <span class='ocrx_word' id='word_1_17' title='bbox 2118 550 2207 606; x_wconf 81' lang='lat'><strong>65.</strong></span> <span class='ocrx_word' id='word_1_18' title='bbox 2247 551 2491 623; x_wconf 86' lang='lat' dir='ltr'><strong>Septima</strong></span> <span class='ocrx_word' id='word_1_19' title='bbox 2526 553 2810 619; x_wconf 80' lang='lat' dir='ltr'><strong>revelatio,</strong></span> <span class='ocrx_word' id='word_1_20' title='bbox 2851 554 2915 607; x_wconf 90' lang='lat' dir='ltr'><strong>de</strong></span> <span class='ocrx_word' id='word_1_21' title='bbox 2944 554 3245 609; x_wconf 88' lang='lat' dir='ltr'><strong>tentatione</strong></span> <span class='ocrx_word' id='word_1_22' title='bbox 3276 553 3423 610; x_wconf 83' lang='lat' dir='ltr'><strong>circa</strong></span> <span class='ocrx_word' id='word_1_23' title='bbox 3450 553 3623 611; x_wconf 85' lang='lat' dir='ltr'><strong>Isaac.</strong></span> 
     </span>
    </p>
   </div>
   <div class='ocr_carea' id='block_1_5' title="bbox 358 644 815 700">
    <p class='ocr_par' dir='ltr' id='par_1_5' title="bbox 358 644 815 700">
     <span class='ocr_line' id='line_1_5' title="bbox 358 644 815 700; baseline 0 -1"><span class='ocrx_word' id='word_1_24' title='bbox 358 646 449 700; x_wconf 76' lang='grc' dir='ltr'><strong>διὰ</strong></span> <span class='ocrx_word' id='word_1_25' title='bbox 478 644 573 699; x_wconf 80' lang='grc' dir='ltr'><strong>τὸν</strong></span> <span class='ocrx_word' id='word_1_26' title='bbox 609 646 815 699; x_wconf 84' lang='grc' dir='ltr'><strong>Ἰσαάκ.</strong></span> 
     </span>
    </p>
   </div>
   <div class='ocr_carea' id='block_1_6' title="bbox 432 731 2043 811">
    <p class='ocr_par' dir='ltr' id='par_1_6' title="bbox 432 731 1612 810">
     <span class='ocr_line' id='line_1_6' title="bbox 432 731 1612 810; baseline 0 -17"><span class='ocrx_word' id='word_1_27' title='bbox 432 736 541 804; x_wconf 73' lang='lat' dir='ltr'><strong>Eg’.</strong></span> <span class='ocrx_word' id='word_1_28' title='bbox 572 738 708 809; x_wconf 81' lang='grc' dir='ltr'><strong>Περὶ</strong></span> <span class='ocrx_word' id='word_1_29' title='bbox 734 731 810 791; x_wconf 75' lang='grc' dir='ltr'><strong>ὧν</strong></span> <span class='ocrx_word' id='word_1_30' title='bbox 840 737 1028 791; x_wconf 82' lang='grc' dir='ltr'><strong>τέτοκε</strong></span> <span class='ocrx_word' id='word_1_31' title='bbox 1060 736 1251 808; x_wconf 84' lang='grc' dir='ltr'>Μελχὰ</span> <span class='ocrx_word' id='word_1_32' title='bbox 1281 737 1359 809; x_wconf 83' lang='grc' dir='ltr'><strong>τῷ</strong></span> <span class='ocrx_word' id='word_1_33' title='bbox 1390 738 1612 810; x_wconf 85' lang='grc' dir='ltr'><strong>Ναχώρ.</strong></span> 
     </span>
    </p>
   </div>
   <div class='ocr_carea' id='block_1_7' title="bbox 1715 731 3326 811">
    <p class='ocr_par' dir='ltr' id='par_1_7' title="bbox 2112 738 3326 811">
     <span class='ocr_line' id='line_1_7' title="bbox 2112 738 3326 811; baseline 0.002 -18"><span class='ocrx_word' id='word_1_34' title='bbox 2112 738 2202 794; x_wconf 76' lang='lat'><strong>6‘3.</strong></span> <span class='ocrx_word' id='word_1_35' title='bbox 2246 741 2320 796; x_wconf 86' lang='lat' dir='ltr'><strong>De</strong></span> <span class='ocrx_word' id='word_1_36' title='bbox 2344 744 2434 797; x_wconf 78' lang='lat' dir='ltr'><strong>his</strong></span> <span class='ocrx_word' id='word_1_37' title='bbox 2468 756 2608 810; x_wconf 84' lang='lat' dir='ltr'><strong>quos</strong></span> <span class='ocrx_word' id='word_1_38' title='bbox 2632 744 2817 811; x_wconf 78' lang='lat' dir='ltr'><strong>genuit</strong></span> <span class='ocrx_word' id='word_1_39' title='bbox 2844 742 3049 797; x_wconf 77' lang='lat' dir='ltr'><strong>Mclcha</strong></span> <span class='ocrx_word' id='word_1_40' title='bbox 3087 739 3326 796; x_wconf 83' lang='lat' dir='ltr'><strong>Nachor.</strong></span> 
     </span>
    </p>
   </div>
   <div class='ocr_carea' id='block_1_8' title="bbox 434 831 2045 903">
    <p class='ocr_par' dir='ltr' id='par_1_8' title="bbox 434 831 1382 903">
     <span class='ocr_line' id='line_1_8' title="bbox 434 831 1382 903; baseline -0.006 -17"><span class='ocrx_word' id='word_1_41' title='bbox 434 833 531 897; x_wconf 71' lang='grc' dir='ltr'><strong>εζθ.</strong></span> <span class='ocrx_word' id='word_1_42' title='bbox 565 831 701 901; x_wconf 82' lang='grc' dir='ltr'><strong>Περὶ</strong></span> <span class='ocrx_word' id='word_1_43' title='bbox 728 831 828 901; x_wconf 82' lang='grc' dir='ltr'><strong>τῆς</strong></span> <span class='ocrx_word' id='word_1_44' title='bbox 854 832 1114 902; x_wconf 79' lang='grc' dir='ltr'><strong>τελευτῆς</strong></span> <span class='ocrx_word' id='word_1_45' title='bbox 1143 831 1382 903; x_wconf 70' lang='grc' dir='ltr'><strong>Σάρρας,</strong></span> 
     </span>
    </p>
   </div>
   <div class='ocr_carea' id='block_1_9' title="bbox 1097 831 2708 903">
    <p class='ocr_par' dir='ltr' id='par_1_9' title="bbox 1097 831 2708 903">
     <span class='ocr_line' id='line_1_9' title="bbox 1097 831 2708 903; baseline 0.004 -20"><span class='ocrx_word' id='word_1_46' title='bbox 1097 849 1114 895; x_wconf 77' lang='grc' dir='ltr'><strong>ς</strong></span> <span class='ocrx_word' id='word_1_47' title='bbox 1143 831 1382 903; x_wconf 74' lang='grc' dir='ltr'><strong>Σάρρας.</strong></span> <span class='ocrx_word' id='word_1_48' title='bbox 2111 831 2201 887; x_wconf 86' lang='grc'><strong>67.</strong></span> <span class='ocrx_word' id='word_1_49' title='bbox 2235 834 2309 889; x_wconf 90' lang='lat' dir='ltr'><strong>De</strong></span> <span class='ocrx_word' id='word_1_50' title='bbox 2339 843 2513 890; x_wconf 88' lang='lat' dir='ltr'><strong>morte</strong></span> <span class='ocrx_word' id='word_1_51' title='bbox 2540 834 2708 890; x_wconf 76' lang='lat' dir='ltr'><strong>Sane.</strong></span> 
     </span>
    </p>
   </div>
   <div class='ocr_carea' id='block_1_10' title="bbox 436 917 2047 1000">
    <p class='ocr_par' dir='ltr' id='par_1_10' title="bbox 436 917 1937 994">
     <span class='ocr_line' id='line_1_10' title="bbox 436 917 1937 994; baseline 0.002 -20"><span class='ocrx_word' id='word_1_52' title='bbox 436 922 536 992; x_wconf 80' lang='grc' dir='ltr'><strong>ξη¹.</strong></span> <span class='ocrx_word' id='word_1_53' title='bbox 566 920 703 991; x_wconf 64' lang='grc' dir='ltr'><strong>Περὶ⁵</strong></span> <span class='ocrx_word' id='word_1_54' title='bbox 728 920 821 974; x_wconf 83' lang='grc' dir='ltr'><strong>τοῦ</strong></span> <span class='ocrx_word' id='word_1_55' title='bbox 856 921 1124 992; x_wconf 80' lang='grc' dir='ltr'><strong>μνημείου</strong></span> <span class='ocrx_word' id='word_1_56' title='bbox 1152 917 1216 977; x_wconf 77' lang='grc' dir='ltr'><strong>οὗ</strong></span> <span class='ocrx_word' id='word_1_57' title='bbox 1238 922 1508 993; x_wconf 80' lang='grc' dir='ltr'><strong>ἐκτήσατο</strong></span> <span class='ocrx_word' id='word_1_58' title='bbox 1545 921 1758 994; x_wconf 78' lang='grc' dir='ltr'><strong>’Λϐρὰμ</strong></span> <span class='ocrx_word' id='word_1_59' title='bbox 1788 922 1937 994; x_wconf 70' lang='grc' dir='ltr'><strong>παρὰ</strong></span> 
     </span>
    </p>
   </div>
   <div class='ocr_carea' id='block_1_11' title="bbox 2010 917 3621 1000">
    <p class='ocr_par' dir='ltr' id='par_1_11' title="bbox 2110 924 3621 1000">
     <span class='ocr_line' id='line_1_11' title="bbox 2110 924 3621 1000; baseline -0.005 -15"><span class='ocrx_word' id='word_1_60' title='bbox 2110 930 2200 985; x_wconf 83' lang='grc'><strong>68.</strong></span> <span class='ocrx_word' id='word_1_61' title='bbox 2233 929 2309 984; x_wconf 89' lang='lat' dir='ltr'><strong>De</strong></span> <span class='ocrx_word' id='word_1_62' title='bbox 2338 940 2692 984; x_wconf 89' lang='lat' dir='ltr'><strong>monumento</strong></span> <span class='ocrx_word' id='word_1_63' title='bbox 2721 928 2865 1000; x_wconf 81' lang='lat' dir='ltr'><strong>quod</strong></span> <span class='ocrx_word' id='word_1_64' title='bbox 2903 927 3145 999; x_wconf 79' lang='lat' dir='ltr'><strong>possedit</strong></span> <span class='ocrx_word' id='word_1_65' title='bbox 3170 926 3449 981; x_wconf 80' lang='lat' dir='ltr'><strong>Abraham</strong></span> <span class='ocrx_word' id='word_1_66' title='bbox 3481 940 3511 980; x_wconf 90' lang='lat' dir='ltr'><strong>a</strong></span> <span class='ocrx_word' id='word_1_67' title='bbox 3561 924 3621 977; x_wconf 86' lang='lat' dir='ltr'><strong>fi-</strong></span> 
     </span>
    </p>
   </div>
   <div class='ocr_carea' id='block_1_12' title="bbox 361 1013 1972 1076">
    <p class='ocr_par' dir='ltr' id='par_1_12' title="bbox 361 1013 794 1068">
     <span class='ocr_line' id='line_1_12' title="bbox 361 1013 794 1068; baseline 0.005 -2"><span class='ocrx_word' id='word_1_68' title='bbox 361 1015 468 1066; x_wconf 87' lang='grc' dir='ltr'><strong>τῶν</strong></span> <span class='ocrx_word' id='word_1_69' title='bbox 499 1013 630 1068; x_wconf 74' lang='grc' dir='ltr'><strong>υἱῶν</strong></span> <span class='ocrx_word' id='word_1_70' title='bbox 665 1013 794 1068; x_wconf 85' lang='grc' dir='ltr'><strong>Χέτ.</strong></span> 
     </span>
    </p>
   </div>
   <div class='ocr_carea' id='block_1_13' title="bbox 697 1013 2308 1076">
    <p class='ocr_par' dir='ltr' id='par_1_13' title="bbox 697 1013 2308 1076">
     <span class='ocr_line' id='line_1_13' title="bbox 697 1013 2308 1076; baseline 0.005 -9"><span class='ocrx_word' id='word_1_71' title='bbox 697 1013 794 1068; x_wconf 80' lang='grc' dir='ltr'><strong>ἱέτ.</strong></span> <span class='ocrx_word' id='word_1_72' title='bbox 2038 1022 2125 1076; x_wconf 91' lang='lat' dir='ltr'><strong>liis</strong></span> <span class='ocrx_word' id='word_1_73' title='bbox 2153 1018 2308 1075; x_wconf 87' lang='lat' dir='ltr'><strong>Chet.</strong></span> 
     </span>
    </p>
   </div>
   <div class='ocr_carea' id='block_1_14' title="bbox 439 1105 2050 1182">
    <p class='ocr_par' dir='ltr' id='par_1_14' title="bbox 439 1105 1935 1182">
     <span class='ocr_line' id='line_1_14' title="bbox 439 1105 1935 1182; baseline 0.004 -24"><span class='ocrx_word' id='word_1_74' title='bbox 439 1105 530 1175; x_wconf 59' lang='lat'><strong>59&#39;.</strong></span> <span class='ocrx_word' id='word_1_75' title='bbox 568 1106 705 1177; x_wconf 77' lang='grc' dir='ltr'><strong>Περὶ</strong></span> <span class='ocrx_word' id='word_1_76' title='bbox 733 1106 835 1176; x_wconf 84' lang='grc' dir='ltr'><strong>τῆς</strong></span> <span class='ocrx_word' id='word_1_77' title='bbox 866 1108 1174 1178; x_wconf 79' lang='grc' dir='ltr'><strong>ἀποστολῆς</strong></span> <span class='ocrx_word' id='word_1_78' title='bbox 1201 1109 1299 1164; x_wconf 80' lang='grc' dir='ltr'><strong>τοῦ</strong></span> <span class='ocrx_word' id='word_1_79' title='bbox 1332 1111 1522 1175; x_wconf 71' lang='grc' dir='ltr'><strong>παιδὸς</strong></span> <span class='ocrx_word' id='word_1_80' title='bbox 1545 1111 1638 1166; x_wconf 78' lang='grc' dir='ltr'><strong>τοῦ</strong></span> <span class='ocrx_word' id='word_1_81' title='bbox 1678 1111 1935 1182; x_wconf 79' lang='grc' dir='ltr'><strong>Ἀϐραὰμ</strong></span> 
     </span>
    </p>
   </div>
   <div class='ocr_carea' id='block_1_15' title="bbox 2005 1105 3616 1182">
    <p class='ocr_par' dir='ltr' id='par_1_15' title="bbox 2108 1108 3616 1179">
     <span class='ocr_line' id='line_1_15' title="bbox 2108 1108 3616 1179; baseline -0.003 -13"><span class='ocrx_word' id='word_1_82' title='bbox 2108 1112 2196 1166; x_wconf 84' lang='grc'><strong>69.</strong></span> <span class='ocrx_word' id='word_1_83' title='bbox 2237 1110 2311 1165; x_wconf 88' lang='lat' dir='ltr'><strong>De</strong></span> <span class='ocrx_word' id='word_1_84' title='bbox 2352 1110 2615 1165; x_wconf 78' lang='lat' dir='ltr'><strong>missione</strong></span> <span class='ocrx_word' id='word_1_85' title='bbox 2659 1108 2851 1165; x_wconf 81' lang='lat' dir='ltr'><strong>famuli</strong></span> <span class='ocrx_word' id='word_1_86' title='bbox 2885 1110 3159 1165; x_wconf 83' lang='lat' dir='ltr'><strong>Abraham</strong></span> <span class='ocrx_word' id='word_1_87' title='bbox 3209 1111 3263 1165; x_wconf 91' lang='lat' dir='ltr'><strong>in</strong></span> <span class='ocrx_word' id='word_1_88' title='bbox 3310 1109 3616 1179; x_wconf 76' lang='lat' dir='ltr'><strong>Mesopota-</strong></span> 
     </span>
    </p>
   </div>
   <div class='ocr_carea' id='block_1_16' title="bbox 356 1197 1967 1271">
    <p class='ocr_par' dir='ltr' id='par_1_16' title="bbox 356 1197 1190 1271">
     <span class='ocr_line' id='line_1_16' title="bbox 356 1197 1190 1271; baseline 0.01 -23"><span class='ocrx_word' id='word_1_89' title='bbox 356 1197 455 1266; x_wconf 82' lang='grc' dir='ltr'><strong>τῆς</strong></span> <span class='ocrx_word' id='word_1_90' title='bbox 495 1198 575 1260; x_wconf 88' lang='grc' dir='ltr'><strong>είς</strong></span> <span class='ocrx_word' id='word_1_91' title='bbox 602 1198 701 1266; x_wconf 78' lang='grc' dir='ltr'><strong>τὴν</strong></span> <span class='ocrx_word' id='word_1_92' title='bbox 738 1199 1190 1271; x_wconf 78' lang='grc' dir='ltr'><strong>Μεσοποταμίαν.</strong></span> 
     </span>
    </p>
   </div>
   <div class='ocr_carea' id='block_1_17' title="bbox 611 1197 2222 1271">
    <p class='ocr_par' dir='ltr' id='par_1_17' title="bbox 611 1198 2222 1271">
     <span class='ocr_line' id='line_1_17' title="bbox 611 1198 2222 1271; baseline 0.005 -20"><span class='ocrx_word' id='word_1_93' title='bbox 611 1198 701 1266; x_wconf 79' lang='grc' dir='ltr'><strong>τὴν</strong></span> <span class='ocrx_word' id='word_1_94' title='bbox 738 1199 1190 1271; x_wconf 78' lang='grc' dir='ltr'><strong>Μεσοποταμίαν.</strong></span> <span class='ocrx_word' id='word_1_95' title='bbox 2038 1205 2222 1260; x_wconf 88' lang='lat' dir='ltr'><strong>miam.</strong></span> 
     </span>
    </p>
   </div>
   <div class='ocr_carea' id='block_1_18' title="bbox 428 1307 2039 1382">
    <p class='ocr_par' dir='ltr' id='par_1_18' title="bbox 428 1307 1935 1382">
     <span class='ocr_line' id='line_1_18' title="bbox 428 1307 1935 1382; baseline 0.007 -22"><span class='ocrx_word' id='word_1_96' title='bbox 428 1324 457 1360; x_wconf 92' lang='grc' dir='ltr'><strong>ο</strong></span> <span class='ocrx_word' id='word_1_97' title='bbox 476 1347 489 1361; x_wconf 98' lang='grc'><strong>.</strong></span> <span class='ocrx_word' id='word_1_98' title='bbox 515 1307 597 1361; x_wconf 82' lang='grc' dir='ltr'>Τὰ</span> <span class='ocrx_word' id='word_1_99' title='bbox 628 1308 772 1363; x_wconf 82' lang='grc' dir='ltr'><strong>κατὰ</strong></span> <span class='ocrx_word' id='word_1_100' title='bbox 802 1308 893 1364; x_wconf 83' lang='grc' dir='ltr'><strong>τὸν</strong></span> <span class='ocrx_word' id='word_1_101' title='bbox 938 1312 1103 1365; x_wconf 79' lang='grc' dir='ltr'><strong>παῖδα</strong></span> <span class='ocrx_word' id='word_1_102' title='bbox 1146 1313 1238 1365; x_wconf 75' lang='grc' dir='ltr'><strong>καὶ</strong></span> <span class='ocrx_word' id='word_1_103' title='bbox 1266 1312 1367 1382; x_wconf 81' lang='grc' dir='ltr'><strong>τὴν</strong></span> <span class='ocrx_word' id='word_1_104' title='bbox 1398 1311 1697 1368; x_wconf 86' lang='grc' dir='ltr'><strong>Ῥεϐέκκαν</strong></span> <span class='ocrx_word' id='word_1_105' title='bbox 1720 1316 1812 1371; x_wconf 80' lang='grc' dir='ltr'><strong>ἐπὶ</strong></span> <span class='ocrx_word' id='word_1_106' title='bbox 1839 1318 1935 1370; x_wconf 78' lang='grc' dir='ltr'><strong>τοῦ</strong></span> 
     </span>
    </p>
   </div>
   <div class='ocr_carea' id='block_1_19' title="bbox 2005 1307 3616 1382">
    <p class='ocr_par' dir='ltr' id='par_1_19' title="bbox 2108 1309 3616 1379">
     <span class='ocr_line' id='line_1_19' title="bbox 2108 1309 3616 1379; baseline -0.002 -13"><span class='ocrx_word' id='word_1_107' title='bbox 2108 1312 2197 1366; x_wconf 88' lang='grc'><strong>70.</strong></span> <span class='ocrx_word' id='word_1_108' title='bbox 2232 1310 2365 1376; x_wconf 73' lang='lat' dir='ltr'><strong>Quae</strong></span> <span class='ocrx_word' id='word_1_109' title='bbox 2394 1312 2461 1364; x_wconf 89' lang='lat' dir='ltr'><strong>ad</strong></span> <span class='ocrx_word' id='word_1_110' title='bbox 2496 1309 2763 1365; x_wconf 90' lang='lat' dir='ltr'><strong>famulum</strong></span> <span class='ocrx_word' id='word_1_111' title='bbox 2792 1320 2844 1365; x_wconf 89' lang='lat' dir='ltr'><strong>et</strong></span> <span class='ocrx_word' id='word_1_112' title='bbox 2872 1310 3171 1366; x_wconf 83' lang='lat' dir='ltr'><strong>Rebeccam</strong></span> <span class='ocrx_word' id='word_1_113' title='bbox 3202 1310 3431 1365; x_wconf 88' lang='lat' dir='ltr'><strong>attinent</strong></span> <span class='ocrx_word' id='word_1_114' title='bbox 3461 1310 3616 1379; x_wconf 69' lang='lat' dir='ltr'><strong>juxta</strong></span> 
     </span>
    </p>
   </div>
   <div class='ocr_carea' id='block_1_20' title="bbox 358 1400 1969 1475">
    <p class='ocr_par' dir='ltr' id='par_1_20' title="bbox 358 1400 615 1472">
     <span class='ocr_line' id='line_1_20' title="bbox 358 1400 615 1472; baseline 0.016 -20"><span class='ocrx_word' id='word_1_115' title='bbox 358 1400 615 1472; x_wconf 79' lang='grc' dir='ltr'><strong>φρέατος.</strong></span> 
     </span>
    </p>
   </div>
   <div class='ocr_carea' id='block_1_21' title="bbox 667 1400 2278 1475">
    <p class='ocr_par' dir='ltr' id='par_1_21' title="bbox 2038 1415 2278 1475">
     <span class='ocr_line' id='line_1_21' title="bbox 2038 1415 2278 1475; baseline -0.008 -16"><span class='ocrx_word' id='word_1_116' title='bbox 2038 1415 2278 1475; x_wconf 87' lang='lat' dir='ltr'><strong>puteum.</strong></span> 
     </span>
    </p>
   </div>
   <div class='ocr_carea' id='block_1_22' title="bbox 428 1488 2039 1569">
    <p class='ocr_par' dir='ltr' id='par_1_22' title="bbox 428 1488 1934 1569">
     <span class='ocr_line' id='line_1_22' title="bbox 428 1488 1934 1569; baseline 0.006 -27"><span class='ocrx_word' id='word_1_117' title='bbox 428 1488 529 1545; x_wconf 82' lang='grc' dir='ltr'><strong>οα¹.</strong></span> <span class='ocrx_word' id='word_1_118' title='bbox 559 1490 642 1544; x_wconf 83' lang='grc' dir='ltr'><strong>Τὰ</strong></span> <span class='ocrx_word' id='word_1_119' title='bbox 673 1490 815 1547; x_wconf 84' lang='grc' dir='ltr'><strong>κατὰ</strong></span> <span class='ocrx_word' id='word_1_120' title='bbox 844 1491 935 1544; x_wconf 79' lang='grc' dir='ltr'><strong>τὸν</strong></span> <span class='ocrx_word' id='word_1_121' title='bbox 966 1492 1133 1545; x_wconf 84' lang='grc' dir='ltr'><strong>παῖδα</strong></span> <span class='ocrx_word' id='word_1_122' title='bbox 1163 1492 1473 1548; x_wconf 71' lang='grc' dir='ltr'><strong>εἰσελθόντα</strong></span> <span class='ocrx_word' id='word_1_123' title='bbox 1520 1498 1600 1561; x_wconf 80' lang='grc' dir='ltr'><strong>εἰς</strong></span> <span class='ocrx_word' id='word_1_124' title='bbox 1630 1497 1726 1569; x_wconf 80' lang='grc' dir='ltr'><strong>τὴν</strong></span> <span class='ocrx_word' id='word_1_125' title='bbox 1758 1497 1934 1552; x_wconf 81' lang='grc' dir='ltr'><strong>οἰκίαν</strong></span> 
     </span>
    </p>
   </div>
   <div class='ocr_carea' id='block_1_23' title="bbox 2004 1488 3615 1569">
    <p class='ocr_par' dir='ltr' id='par_1_23' title="bbox 2112 1491 3615 1560">
     <span class='ocr_line' id='line_1_23' title="bbox 2112 1491 3615 1560; baseline -0.001 -14"><span class='ocrx_word' id='word_1_126' title='bbox 2112 1493 2198 1547; x_wconf 89' lang='grc'><strong>71.</strong></span> <span class='ocrx_word' id='word_1_127' title='bbox 2230 1494 2363 1559; x_wconf 61' lang='grc' dir='ltr'><strong>ρυλε</strong></span> <span class='ocrx_word' id='word_1_128' title='bbox 2405 1492 2473 1547; x_wconf 89' lang='lat' dir='ltr'><strong>ad</strong></span> <span class='ocrx_word' id='word_1_129' title='bbox 2511 1491 2780 1546; x_wconf 90' lang='lat' dir='ltr'><strong>famulum</strong></span> <span class='ocrx_word' id='word_1_130' title='bbox 2832 1492 3067 1546; x_wconf 90' lang='lat' dir='ltr'><strong>attinent</strong></span> <span class='ocrx_word' id='word_1_131' title='bbox 3115 1491 3500 1560; x_wconf 78' lang='lat' dir='ltr'><strong>ingredientem</strong></span> <span class='ocrx_word' id='word_1_132' title='bbox 3561 1491 3615 1545; x_wconf 92' lang='lat' dir='ltr'><strong>in</strong></span> 
     </span>
    </p>
   </div>
   <div class='ocr_carea' id='block_1_24' title="bbox 356 1581 1967 1653">
    <p class='ocr_par' dir='ltr' id='par_1_24' title="bbox 356 1581 1441 1653">
     <span class='ocr_line' id='line_1_24' title="bbox 356 1581 1441 1653; baseline 0.007 -20"><span class='ocrx_word' id='word_1_133' title='bbox 356 1581 453 1635; x_wconf 80' lang='grc' dir='ltr'><strong>τοῦ</strong></span> <span class='ocrx_word' id='word_1_134' title='bbox 487 1584 694 1648; x_wconf 77' lang='grc' dir='ltr'><strong>Λάϐαν,</strong></span> <span class='ocrx_word' id='word_1_135' title='bbox 727 1585 818 1637; x_wconf 79' lang='grc' dir='ltr'><strong>καὶ</strong></span> <span class='ocrx_word' id='word_1_136' title='bbox 839 1585 938 1653; x_wconf 83' lang='grc' dir='ltr'><strong>τὴν</strong></span> <span class='ocrx_word' id='word_1_137' title='bbox 964 1584 1222 1639; x_wconf 77' lang='grc' dir='ltr'><strong>ἐπάνοδον</strong></span> <span class='ocrx_word' id='word_1_138' title='bbox 1252 1586 1441 1642; x_wconf 77' lang='grc' dir='ltr'><strong>αὑτοῦ.</strong></span> 
     </span>
    </p>
   </div>
   <div class='ocr_carea' id='block_1_25' title="bbox 1578 1581 3189 1653">
    <p class='ocr_par' dir='ltr' id='par_1_25' title="bbox 2036 1582 3189 1653">
     <span class='ocr_line' id='line_1_25' title="bbox 2036 1582 3189 1653; baseline -0.003 -14"><span class='ocrx_word' id='word_1_139' title='bbox 2036 1584 2259 1639; x_wconf 89' lang='lat' dir='ltr'><strong>domum</strong></span> <span class='ocrx_word' id='word_1_140' title='bbox 2294 1582 2500 1647; x_wconf 88' lang='lat' dir='ltr'><strong>Laban,</strong></span> <span class='ocrx_word' id='word_1_141' title='bbox 2532 1592 2586 1637; x_wconf 89' lang='lat' dir='ltr'><strong>et</strong></span> <span class='ocrx_word' id='word_1_142' title='bbox 2616 1582 2681 1635; x_wconf 89' lang='lat' dir='ltr'><strong>ad</strong></span> <span class='ocrx_word' id='word_1_143' title='bbox 2704 1582 2826 1651; x_wconf 84' lang='lat' dir='ltr'><strong>ejus</strong></span> <span class='ocrx_word' id='word_1_144' title='bbox 2860 1597 3189 1653; x_wconf 75' lang='lat' dir='ltr'><strong>regressum.</strong></span> 
     </span>
    </p>
   </div>
   <div class='ocr_carea' id='block_1_26' title="bbox 425 1671 2036 1748">
    <p class='ocr_par' dir='ltr' id='par_1_26' title="bbox 425 1671 1471 1748">
     <span class='ocr_line' id='line_1_26' title="bbox 425 1671 1471 1748; baseline 0.008 -21"><span class='ocrx_word' id='word_1_145' title='bbox 425 1671 521 1742; x_wconf 86' lang='grc' dir='ltr'><strong>οβ’.</strong></span> <span class='ocrx_word' id='word_1_146' title='bbox 556 1674 691 1739; x_wconf 79' lang='grc' dir='ltr'><strong>Περὶ</strong></span> <span class='ocrx_word' id='word_1_147' title='bbox 730 1673 980 1745; x_wconf 83' lang='grc' dir='ltr'><strong>Ἀϐραὰμ</strong></span> <span class='ocrx_word' id='word_1_148' title='bbox 1002 1677 1097 1728; x_wconf 80' lang='grc' dir='ltr'><strong>καὶ</strong></span> <span class='ocrx_word' id='word_1_149' title='bbox 1136 1676 1471 1748; x_wconf 82' lang='grc' dir='ltr'><strong>Κεττούρας.</strong></span> 
     </span>
    </p>
   </div>
   <div class='ocr_carea' id='block_1_27' title="bbox 1329 1671 2940 1748">
    <p class='ocr_par' dir='ltr' id='par_1_27' title="bbox 1329 1672 2940 1748">
     <span class='ocr_line' id='line_1_27' title="bbox 1329 1672 2940 1748; baseline -0.001 -19"><span class='ocrx_word' id='word_1_150' title='bbox 1329 1676 1471 1748; x_wconf 69' lang='grc' dir='ltr'><strong>ἱρας.</strong></span> <span class='ocrx_word' id='word_1_151' title='bbox 2106 1676 2198 1730; x_wconf 73' lang='grc'><strong>72.</strong></span> <span class='ocrx_word' id='word_1_152' title='bbox 2232 1674 2304 1729; x_wconf 88' lang='lat' dir='ltr'><strong>De</strong></span> <span class='ocrx_word' id='word_1_153' title='bbox 2332 1674 2607 1729; x_wconf 81' lang='lat' dir='ltr'><strong>Abraham</strong></span> <span class='ocrx_word' id='word_1_154' title='bbox 2636 1684 2691 1729; x_wconf 91' lang='lat' dir='ltr'><strong>et</strong></span> <span class='ocrx_word' id='word_1_155' title='bbox 2719 1672 2940 1728; x_wconf 88' lang='lat' dir='ltr'><strong>Cetura.</strong></span> 
     </span>
    </p>
   </div>
   <div class='ocr_carea' id='block_1_28' title="bbox 423 1762 2034 1847">
    <p class='ocr_par' dir='ltr' id='par_1_28' title="bbox 423 1766 1934 1847">
     <span class='ocr_line' id='line_1_28' title="bbox 423 1766 1934 1847; baseline 0.008 -27"><span class='ocrx_word' id='word_1_156' title='bbox 423 1766 525 1835; x_wconf 71' lang='grc' dir='ltr'><strong>στ’.</strong></span> <span class='ocrx_word' id='word_1_157' title='bbox 568 1767 703 1837; x_wconf 75' lang='grc' dir='ltr'><strong>Περὶ</strong></span> <span class='ocrx_word' id='word_1_158' title='bbox 745 1767 953 1833; x_wconf 82' lang='grc' dir='ltr'><strong>Ἰσαὰκ,</strong></span> <span class='ocrx_word' id='word_1_159' title='bbox 1011 1768 1109 1822; x_wconf 75' lang='grc' dir='ltr'><strong>καὶ</strong></span> <span class='ocrx_word' id='word_1_160' title='bbox 1167 1769 1467 1837; x_wconf 85' lang='grc' dir='ltr'><strong>Ῥεϐέκκας</strong></span> <span class='ocrx_word' id='word_1_161' title='bbox 1522 1774 1789 1847; x_wconf 84' lang='grc' dir='ltr'><strong>τεκούσης</strong></span> <span class='ocrx_word' id='word_1_162' title='bbox 1840 1778 1934 1833; x_wconf 69' lang='grc' dir='ltr'><strong>τὸν</strong></span> 
     </span>
    </p>
   </div>
   <div class='ocr_carea' id='block_1_29' title="bbox 1978 1762 3589 1847">
    <p class='ocr_par' dir='ltr' id='par_1_29' title="bbox 2109 1762 3589 1836">
     <span class='ocr_line' id='line_1_29' title="bbox 2109 1762 3589 1836; baseline -0.002 -15"><span class='ocrx_word' id='word_1_163' title='bbox 2109 1766 2196 1821; x_wconf 75' lang='grc'><strong>73.</strong></span> <span class='ocrx_word' id='word_1_164' title='bbox 2228 1764 2303 1821; x_wconf 89' lang='lat' dir='ltr'><strong>De</strong></span> <span class='ocrx_word' id='word_1_165' title='bbox 2336 1764 2487 1821; x_wconf 87' lang='lat' dir='ltr'><strong>Isaac</strong></span> <span class='ocrx_word' id='word_1_166' title='bbox 2515 1777 2570 1820; x_wconf 92' lang='lat' dir='ltr'><strong>et</strong></span> <span class='ocrx_word' id='word_1_167' title='bbox 2600 1763 2847 1820; x_wconf 84' lang='lat' dir='ltr'><strong>Rebecca</strong></span> <span class='ocrx_word' id='word_1_168' title='bbox 2880 1764 3125 1836; x_wconf 91' lang='lat' dir='ltr'><strong>pariente</strong></span> <span class='ocrx_word' id='word_1_169' title='bbox 3155 1762 3300 1820; x_wconf 70' lang='lat' dir='ltr'><strong>Esau</strong></span> <span class='ocrx_word' id='word_1_170' title='bbox 3330 1771 3383 1820; x_wconf 89' lang='lat' dir='ltr'><strong>et</strong></span> <span class='ocrx_word' id='word_1_171' title='bbox 3415 1762 3589 1819; x_wconf 81' lang='lat' dir='ltr'><strong>Jacob</strong></span> 
     </span>
    </p>
   </div>
   <div class='ocr_carea' id='block_1_30' title="bbox 364 1857 2006 1958">
    <p class='ocr_par' dir='ltr' id='par_1_30' title="bbox 364 1857 2006 1958">
     <span class='ocr_line' id='line_1_30' title="bbox 364 1857 2006 1958; baseline -0.001 -45"><span class='ocrx_word' id='word_1_172' title='bbox 364 1857 539 1914; x_wconf 83' lang='grc' dir='ltr'><strong>Ἥσαῦ</strong></span> <span class='ocrx_word' id='word_1_173' title='bbox 570 1858 667 1912; x_wconf 77' lang='grc' dir='ltr'><strong>καὶ</strong></span> <span class='ocrx_word' id='word_1_174' title='bbox 696 1857 786 1911; x_wconf 81' lang='grc' dir='ltr'><strong>τὸν</strong></span> <span class='ocrx_word' id='word_1_175' title='bbox 830 1859 1047 1915; x_wconf 82' lang='grc' dir='ltr'><strong>Ἰακώϐ.</strong></span> <span class='ocrx_word' id='word_1_176' title='bbox 1959 1898 2006 1958; x_wconf 72' lang='grc' dir='ltr'><strong>Β</strong></span> 
     </span>
    </p>
   </div>
   <div class='ocr_carea' id='block_1_31' title="bbox 425 1951 2036 2027">
    <p class='ocr_par' dir='ltr' id='par_1_31' title="bbox 425 1951 2003 2024">
     <span class='ocr_line' id='line_1_31' title="bbox 425 1951 2003 2024; baseline 0.007 -17"><span class='ocrx_word' id='word_1_177' title='bbox 425 1954 515 2007; x_wconf 81' lang='grc' dir='ltr'><strong>οϐ’.</strong></span> <span class='ocrx_word' id='word_1_178' title='bbox 547 1952 681 2024; x_wconf 83' lang='grc' dir='ltr'><strong>Περὶ</strong></span> <span class='ocrx_word' id='word_1_179' title='bbox 709 1951 819 2007; x_wconf 83' lang='grc' dir='ltr'><strong>τῶν</strong></span> <span class='ocrx_word' id='word_1_180' title='bbox 852 1955 1237 2024; x_wconf 84' lang='grc' dir='ltr'><strong>πρωτοτοκίων</strong></span> <span class='ocrx_word' id='word_1_181' title='bbox 1271 1957 1369 2011; x_wconf 80' lang='grc' dir='ltr'><strong>τοῦ</strong></span> <span class='ocrx_word' id='word_1_182' title='bbox 1410 1957 1606 2015; x_wconf 80' lang='grc' dir='ltr'><strong>Ἠσαῦ.</strong></span> <span class='ocrx_word' id='word_1_183' title='bbox 1959 1951 2003 1958; x_wconf 45' lang='grc' dir='ltr'><strong><em>ν</em></strong></span> 
     </span>
    </p>
   </div>
   <div class='ocr_carea' id='block_1_32' title="bbox 1295 1951 2906 2027">
    <p class='ocr_par' dir='ltr' id='par_1_32' title="bbox 1295 1951 2906 2027">
     <span class='ocr_line' id='line_1_32' title="bbox 1295 1951 2906 2027; baseline 0.002 -19"><span class='ocrx_word' id='word_1_184' title='bbox 1295 1957 1369 2011; x_wconf 72' lang='grc' dir='ltr'><strong>τοῦ</strong></span> <span class='ocrx_word' id='word_1_185' title='bbox 1410 1957 1606 2015; x_wconf 82' lang='grc' dir='ltr'><strong>Ἠσαῦ.</strong></span> <span class='ocrx_word' id='word_1_186' title='bbox 1959 1951 2003 1958; x_wconf 64' lang='grc'><strong>⁷⁷</strong></span> <span class='ocrx_word' id='word_1_187' title='bbox 2104 1958 2194 2011; x_wconf 75' lang='grc'><strong>74.</strong></span> <span class='ocrx_word' id='word_1_188' title='bbox 2221 1956 2296 2012; x_wconf 89' lang='lat' dir='ltr'><strong>De</strong></span> <span class='ocrx_word' id='word_1_189' title='bbox 2328 1956 2705 2027; x_wconf 79' lang='lat' dir='ltr'><strong>primogenitis</strong></span> <span class='ocrx_word' id='word_1_190' title='bbox 2740 1955 2906 2011; x_wconf 76' lang='lat' dir='ltr'><strong>Esau.</strong></span> 
     </span>
    </p>
   </div>
   <div class='ocr_carea' id='block_1_33' title="bbox 424 2041 2035 2121">
    <p class='ocr_par' dir='ltr' id='par_1_33' title="bbox 424 2041 1930 2118">
     <span class='ocr_line' id='line_1_33' title="bbox 424 2041 1930 2118; baseline 0.007 -22"><span class='ocrx_word' id='word_1_191' title='bbox 424 2041 515 2097; x_wconf 76' lang='lat'><strong>03&#39;.</strong></span> <span class='ocrx_word' id='word_1_192' title='bbox 545 2042 769 2114; x_wconf 84' lang='grc' dir='ltr'><strong>Πρῶτος</strong></span> <span class='ocrx_word' id='word_1_193' title='bbox 797 2044 1179 2116; x_wconf 82' lang='grc' dir='ltr'><strong>χρηματισμὸς</strong></span> <span class='ocrx_word' id='word_1_194' title='bbox 1207 2046 1264 2099; x_wconf 88' lang='grc' dir='ltr'><strong>ἐν</strong></span> <span class='ocrx_word' id='word_1_195' title='bbox 1290 2047 1526 2118; x_wconf 64' lang='grc' dir='ltr'><strong>ὀπτασίᾳ</strong></span> <span class='ocrx_word' id='word_1_196' title='bbox 1559 2049 1694 2118; x_wconf 83' lang='grc' dir='ltr'><strong>πρὸς</strong></span> <span class='ocrx_word' id='word_1_197' title='bbox 1742 2052 1930 2108; x_wconf 84' lang='grc' dir='ltr'><strong>Ἰσαὰκ</strong></span> 
     </span>
    </p>
   </div>
   <div class='ocr_carea' id='block_1_34' title="bbox 2001 2041 3612 2121">
    <p class='ocr_par' dir='ltr' id='par_1_34' title="bbox 2106 2046 3612 2121">
     <span class='ocr_line' id='line_1_34' title="bbox 2106 2046 3612 2121; baseline -0.001 -19"><span class='ocrx_word' id='word_1_198' title='bbox 2106 2048 2197 2103; x_wconf 82' lang='grc'><strong>75.</strong></span> <span class='ocrx_word' id='word_1_199' title='bbox 2232 2046 2415 2103; x_wconf 71' lang='lat' dir='ltr'><strong>Prima</strong></span> <span class='ocrx_word' id='word_1_200' title='bbox 2464 2047 2724 2104; x_wconf 83' lang='lat' dir='ltr'><strong>revelatio</strong></span> <span class='ocrx_word' id='word_1_201' title='bbox 2761 2048 2828 2103; x_wconf 91' lang='lat' dir='ltr'><strong>ad</strong></span> <span class='ocrx_word' id='word_1_202' title='bbox 2887 2048 3043 2104; x_wconf 86' lang='lat' dir='ltr'><strong>Isaac</strong></span> <span class='ocrx_word' id='word_1_203' title='bbox 3095 2048 3150 2104; x_wconf 84' lang='lat' dir='ltr'><strong>in</strong></span> <span class='ocrx_word' id='word_1_204' title='bbox 3189 2047 3532 2121; x_wconf 86' lang='lat' dir='ltr'><strong>apparitione</strong></span> <span class='ocrx_word' id='word_1_205' title='bbox 3560 2046 3612 2101; x_wconf 95' lang='lat' dir='ltr'><strong>in</strong></span> 
     </span>
    </p>
   </div>
   <div class='ocr_carea' id='block_1_35' title="bbox 354 2134 1965 2204">
    <p class='ocr_par' dir='ltr' id='par_1_35' title="bbox 354 2134 727 2204">
     <span class='ocr_line' id='line_1_35' title="bbox 354 2134 727 2204; baseline 0.008 -16"><span class='ocrx_word' id='word_1_206' title='bbox 354 2136 413 2188; x_wconf 89' lang='grc' dir='ltr'><strong>ἐν</strong></span> <span class='ocrx_word' id='word_1_207' title='bbox 444 2134 727 2204; x_wconf 78' lang='grc' dir='ltr'><strong>Γεράροις.</strong></span> 
     </span>
    </p>
   </div>
   <div class='ocr_carea' id='block_1_36' title="bbox 662 2134 2273 2204">
    <p class='ocr_par' dir='ltr' id='par_1_36' title="bbox 662 2139 2273 2196">
     <span class='ocr_line' id='line_1_36' title="bbox 662 2139 2273 2196; baseline -0.001 0"><span class='ocrx_word' id='word_1_208' title='bbox 662 2151 727 2196; x_wconf 83' lang='grc' dir='ltr'><strong>ις.</strong></span> <span class='ocrx_word' id='word_1_209' title='bbox 2035 2139 2273 2195; x_wconf 85' lang='lat' dir='ltr'><strong>Geraris.</strong></span> 
     </span>
    </p>
   </div>
   <div class='ocr_carea' id='block_1_37' title="bbox 423 2226 2034 2297">
    <p class='ocr_par' dir='ltr' id='par_1_37' title="bbox 423 2226 1928 2297">
     <span class='ocr_line' id='line_1_37' title="bbox 423 2226 1928 2297; baseline 0.007 -17"><span class='ocrx_word' id='word_1_210' title='bbox 423 2226 530 2293; x_wconf 88' lang='grc' dir='ltr'><strong>ος’.</strong></span> <span class='ocrx_word' id='word_1_211' title='bbox 559 2229 636 2282; x_wconf 81' lang='grc' dir='ltr'><strong>Τὰ</strong></span> <span class='ocrx_word' id='word_1_212' title='bbox 662 2227 802 2282; x_wconf 83' lang='grc' dir='ltr'><strong>κατὰ</strong></span> <span class='ocrx_word' id='word_1_213' title='bbox 835 2228 1043 2295; x_wconf 82' lang='grc' dir='ltr'><strong>Ἰσαὰκ,</strong></span> <span class='ocrx_word' id='word_1_214' title='bbox 1068 2230 1163 2283; x_wconf 65' lang='grc' dir='ltr'><strong>καὶ⁸</strong></span> <span class='ocrx_word' id='word_1_215' title='bbox 1197 2230 1515 2297; x_wconf 88' lang='grc' dir='ltr'><strong>Ῥεϐέκκαν,</strong></span> <span class='ocrx_word' id='word_1_216' title='bbox 1539 2234 1747 2289; x_wconf 76' lang='grc' dir='ltr'><strong>καὶτὸν</strong></span> <span class='ocrx_word' id='word_1_217' title='bbox 1783 2236 1928 2290; x_wconf 80' lang='grc' dir='ltr'><strong>Ἀϐι-</strong></span> 
     </span>
    </p>
   </div>
   <div class='ocr_carea' id='block_1_38' title="bbox 2004 2226 3615 2297">
    <p class='ocr_par' dir='ltr' id='par_1_38' title="bbox 2108 2227 3615 2296">
     <span class='ocr_line' id='line_1_38' title="bbox 2108 2227 3615 2296; baseline 0 -14"><span class='ocrx_word' id='word_1_218' title='bbox 2108 2228 2195 2283; x_wconf 85' lang='grc'><strong>76.</strong></span> <span class='ocrx_word' id='word_1_219' title='bbox 2224 2228 2358 2294; x_wconf 82' lang='lat' dir='ltr'><strong>Quae</strong></span> <span class='ocrx_word' id='word_1_220' title='bbox 2384 2227 2451 2284; x_wconf 86' lang='lat' dir='ltr'><strong>ad</strong></span> <span class='ocrx_word' id='word_1_221' title='bbox 2493 2227 2646 2285; x_wconf 87' lang='lat' dir='ltr'><strong>Isaac</strong></span> <span class='ocrx_word' id='word_1_222' title='bbox 2669 2229 2920 2296; x_wconf 84' lang='lat' dir='ltr'><strong>attinent,</strong></span> <span class='ocrx_word' id='word_1_223' title='bbox 2949 2237 3003 2283; x_wconf 92' lang='lat' dir='ltr'><strong>et</strong></span> <span class='ocrx_word' id='word_1_224' title='bbox 3028 2227 3358 2292; x_wconf 82' lang='lat' dir='ltr'><strong>Rebeccam,</strong></span> <span class='ocrx_word' id='word_1_225' title='bbox 3389 2237 3445 2283; x_wconf 89' lang='lat' dir='ltr'><strong>ct</strong></span> <span class='ocrx_word' id='word_1_226' title='bbox 3482 2228 3615 2283; x_wconf 87' lang='lat' dir='ltr'><strong>Abi-</strong></span> 
     </span>
    </p>
   </div>
   <div class='ocr_carea' id='block_1_39' title="bbox 354 2320 1965 2391">
    <p class='ocr_par' dir='ltr' id='par_1_39' title="bbox 354 2320 541 2391">
     <span class='ocr_line' id='line_1_39' title="bbox 354 2320 541 2391; baseline 0.016 -19"><span class='ocrx_word' id='word_1_227' title='bbox 354 2320 541 2391; x_wconf 85' lang='grc' dir='ltr'><strong>μέλεχ.</strong></span> 
     </span>
    </p>
   </div>
   <div class='ocr_carea' id='block_1_40' title="bbox 657 2320 2268 2391">
    <p class='ocr_par' dir='ltr' id='par_1_40' title="bbox 2035 2322 2268 2377">
     <span class='ocr_line' id='line_1_40' title="bbox 2035 2322 2268 2377; baseline 0 0"><span class='ocrx_word' id='word_1_228' title='bbox 2035 2322 2268 2377; x_wconf 86' lang='lat' dir='ltr'><strong>melech.</strong></span> 
     </span>
    </p>
   </div>
   <div class='ocr_carea' id='block_1_41' title="bbox 418 2408 2029 2492">
    <p class='ocr_par' dir='ltr' id='par_1_41' title="bbox 418 2408 1921 2492">
     <span class='ocr_line' id='line_1_41' title="bbox 418 2408 1921 2492; baseline 0.009 -29"><span class='ocrx_word' id='word_1_229' title='bbox 418 2410 515 2476; x_wconf 65' lang='grc' dir='ltr'><strong>οξ.</strong></span> <span class='ocrx_word' id='word_1_230' title='bbox 552 2412 689 2484; x_wconf 74' lang='grc' dir='ltr'><strong>Περὶ</strong></span> <span class='ocrx_word' id='word_1_231' title='bbox 713 2408 781 2485; x_wconf 74' lang='grc' dir='ltr'><strong>ἧς</strong></span> <span class='ocrx_word' id='word_1_232' title='bbox 827 2412 1048 2486; x_wconf 74' lang='grc' dir='ltr'><strong>ἔσπειρε</strong></span> <span class='ocrx_word' id='word_1_233' title='bbox 1087 2414 1281 2485; x_wconf 79' lang='grc' dir='ltr'><strong>κριθῆς</strong></span> <span class='ocrx_word' id='word_1_234' title='bbox 1321 2416 1506 2470; x_wconf 82' lang='grc' dir='ltr'><strong>Ἰσαὰκ</strong></span> <span class='ocrx_word' id='word_1_235' title='bbox 1537 2421 1594 2472; x_wconf 85' lang='grc' dir='ltr'><strong>ἐν</strong></span> <span class='ocrx_word' id='word_1_236' title='bbox 1639 2419 1921 2492; x_wconf 84' lang='grc' dir='ltr'><strong>Γεράροις.</strong></span> 
     </span>
    </p>
   </div>
   <div class='ocr_carea' id='block_1_42' title="bbox 1999 2408 3610 2492">
    <p class='ocr_par' dir='ltr' id='par_1_42' title="bbox 2105 2409 3610 2481">
     <span class='ocr_line' id='line_1_42' title="bbox 2105 2409 3610 2481; baseline 0 -15"><span class='ocrx_word' id='word_1_237' title='bbox 2105 2414 2191 2467; x_wconf 91' lang='grc'><strong>77.</strong></span> <span class='ocrx_word' id='word_1_238' title='bbox 2230 2414 2302 2467; x_wconf 89' lang='lat' dir='ltr'><strong>De</strong></span> <span class='ocrx_word' id='word_1_239' title='bbox 2327 2410 2531 2465; x_wconf 90' lang='lat' dir='ltr'><strong>hordeo</strong></span> <span class='ocrx_word' id='word_1_240' title='bbox 2572 2410 2718 2481; x_wconf 90' lang='lat' dir='ltr'><strong>quod</strong></span> <span class='ocrx_word' id='word_1_241' title='bbox 2762 2409 3055 2464; x_wconf 81' lang='lat' dir='ltr'><strong>seminavit</strong></span> <span class='ocrx_word' id='word_1_242' title='bbox 3098 2409 3251 2465; x_wconf 85' lang='lat' dir='ltr'><strong>Isaac</strong></span> <span class='ocrx_word' id='word_1_243' title='bbox 3280 2412 3333 2465; x_wconf 92' lang='lat' dir='ltr'><strong>in</strong></span> <span class='ocrx_word' id='word_1_244' title='bbox 3367 2410 3610 2466; x_wconf 84' lang='lat' dir='ltr'><strong>Geraris.</strong></span> 
     </span>
    </p>
   </div>
   <div class='ocr_carea' id='block_1_43' title="bbox 416 2492 2027 2598">
    <p class='ocr_par' dir='ltr' id='par_1_43' title="bbox 416 2522 1923 2598">
     <span class='ocr_line' id='line_1_43' title="bbox 416 2522 1923 2598; baseline 0.006 -22"><span class='ocrx_word' id='word_1_245' title='bbox 416 2529 518 2592; x_wconf 86' lang='grc' dir='ltr'><strong>οη’.</strong></span> <span class='ocrx_word' id='word_1_246' title='bbox 550 2523 685 2593; x_wconf 76' lang='grc' dir='ltr'><strong>Περὶ</strong></span> <span class='ocrx_word' id='word_1_247' title='bbox 705 2522 813 2577; x_wconf 87' lang='grc' dir='ltr'><strong>τῶν</strong></span> <span class='ocrx_word' id='word_1_248' title='bbox 842 2524 1159 2596; x_wconf 68' lang='grc' dir='ltr'><strong>Φυλιστιεὶμ</strong></span> <span class='ocrx_word' id='word_1_249' title='bbox 1195 2524 1551 2596; x_wconf 76' lang='grc' dir='ltr'><strong>ζηλωσὰντων</strong></span> <span class='ocrx_word' id='word_1_250' title='bbox 1584 2529 1675 2582; x_wconf 84' lang='grc' dir='ltr'><strong>τὸν</strong></span> <span class='ocrx_word' id='word_1_251' title='bbox 1716 2531 1923 2598; x_wconf 59' lang='grc' dir='ltr'><strong>Ἰσαὰκ,</strong></span> 
     </span>
    </p>
   </div>
   <div class='ocr_carea' id='block_1_44' title="bbox 2004 2492 3615 2598">
    <p class='ocr_par' dir='ltr' id='par_1_44' title="bbox 2098 2492 3615 2589">
     <span class='ocr_line' id='line_1_44' title="bbox 2098 2492 3615 2589; baseline -0.002 -14"><span class='ocrx_word' id='word_1_252' title='bbox 2098 2522 2187 2576; x_wconf 88' lang='grc'><strong>78.</strong></span> <span class='ocrx_word' id='word_1_253' title='bbox 2228 2520 2301 2577; x_wconf 90' lang='lat' dir='ltr'><strong>De</strong></span> <span class='ocrx_word' id='word_1_254' title='bbox 2334 2520 2633 2575; x_wconf 86' lang='lat' dir='ltr'><strong>Philistiim</strong></span> <span class='ocrx_word' id='word_1_255' title='bbox 2688 2518 3062 2573; x_wconf 86' lang='lat' dir='ltr'><strong>invidentibus</strong></span> <span class='ocrx_word' id='word_1_256' title='bbox 3101 2518 3288 2585; x_wconf 87' lang='lat' dir='ltr'><strong>Isaac;</strong></span> <span class='ocrx_word' id='word_1_257' title='bbox 3322 2529 3376 2573; x_wconf 89' lang='lat' dir='ltr'><strong>ct</strong></span> <span class='ocrx_word' id='word_1_258' title='bbox 3408 2520 3474 2575; x_wconf 87' lang='lat' dir='ltr'><strong>de</strong></span> <span class='ocrx_word' id='word_1_259' title='bbox 3516 2492 3615 2589; x_wconf 59' lang='lat' dir='ltr'><strong>pti-</strong></span> 
     </span>
    </p>
   </div>
   <div class='ocr_carea' id='block_1_45' title="bbox 347 2611 1958 2690">
    <p class='ocr_par' dir='ltr' id='par_1_45' title="bbox 347 2613 1382 2690">
     <span class='ocr_line' id='line_1_45' title="bbox 347 2613 1382 2690; baseline 0.004 -20"><span class='ocrx_word' id='word_1_260' title='bbox 347 2619 442 2670; x_wconf 79' lang='grc' dir='ltr'><strong>καὶ</strong></span> <span class='ocrx_word' id='word_1_261' title='bbox 476 2616 738 2688; x_wconf 76' lang='grc' dir='ltr'><strong>περὶτῶν</strong></span> <span class='ocrx_word' id='word_1_262' title='bbox 769 2618 1018 2689; x_wconf 83' lang='grc' dir='ltr'><strong>φρεάτων</strong></span> <span class='ocrx_word' id='word_1_263' title='bbox 1047 2613 1123 2673; x_wconf 82' lang='grc' dir='ltr'><strong>ὧν</strong></span> <span class='ocrx_word' id='word_1_264' title='bbox 1152 2616 1382 2690; x_wconf 79' lang='grc' dir='ltr'><strong>ὤρυξεν.</strong></span> 
     </span>
    </p>
   </div>
   <div class='ocr_carea' id='block_1_46' title="bbox 892 2611 2503 2690">
    <p class='ocr_par' dir='ltr' id='par_1_46' title="bbox 892 2611 2503 2690">
     <span class='ocr_line' id='line_1_46' title="bbox 892 2611 2503 2690; baseline -0.003 -19"><span class='ocrx_word' id='word_1_265' title='bbox 892 2618 1018 2671; x_wconf 79' lang='grc' dir='ltr'><strong>Ῑιτων</strong></span> <span class='ocrx_word' id='word_1_266' title='bbox 1047 2613 1123 2673; x_wconf 82' lang='grc' dir='ltr'><strong>ὧν</strong></span> <span class='ocrx_word' id='word_1_267' title='bbox 1152 2616 1382 2690; x_wconf 79' lang='grc' dir='ltr'><strong>ὤρυξεν.</strong></span> <span class='ocrx_word' id='word_1_268' title='bbox 2031 2613 2135 2668; x_wconf 86' lang='lat' dir='ltr'><strong>teis</strong></span> <span class='ocrx_word' id='word_1_269' title='bbox 2166 2628 2306 2682; x_wconf 90' lang='lat' dir='ltr'><strong>quos</strong></span> <span class='ocrx_word' id='word_1_270' title='bbox 2346 2611 2503 2666; x_wconf 80' lang='lat' dir='ltr'><strong>fodit.</strong></span> 
     </span>
    </p>
   </div>
   <div class='ocr_carea' id='block_1_47' title="bbox 416 2701 2027 2790">
    <p class='ocr_par' dir='ltr' id='par_1_47' title="bbox 416 2706 1922 2790">
     <span class='ocr_line' id='line_1_47' title="bbox 416 2706 1922 2790; baseline 0.007 -29"><span class='ocrx_word' id='word_1_271' title='bbox 416 2706 511 2762; x_wconf 80' lang='grc' dir='ltr'><strong>σθ’.</strong></span> <span class='ocrx_word' id='word_1_272' title='bbox 549 2709 812 2781; x_wconf 79' lang='grc' dir='ltr'><strong>Δεύτερος</strong></span> <span class='ocrx_word' id='word_1_273' title='bbox 846 2711 1231 2781; x_wconf 82' lang='grc' dir='ltr'><strong>χρηματισμὸς</strong></span> <span class='ocrx_word' id='word_1_274' title='bbox 1256 2711 1394 2783; x_wconf 82' lang='grc' dir='ltr'><strong>πρὸς</strong></span> <span class='ocrx_word' id='word_1_275' title='bbox 1428 2713 1636 2781; x_wconf 81' lang='grc' dir='ltr'><strong>Ἰσαὰκ,</strong></span> <span class='ocrx_word' id='word_1_276' title='bbox 1672 2718 1798 2790; x_wconf 75' lang='grc' dir='ltr'><strong>περὶ</strong></span> <span class='ocrx_word' id='word_1_277' title='bbox 1829 2718 1922 2772; x_wconf 81' lang='grc' dir='ltr'><strong>τοῦ</strong></span> 
     </span>
    </p>
   </div>
   <div class='ocr_carea' id='block_1_48' title="bbox 1782 2701 3393 2790">
    <p class='ocr_par' dir='ltr' id='par_1_48' title="bbox 1782 2701 3393 2773">
     <span class='ocr_line' id='line_1_48' title="bbox 1782 2701 3393 2773; baseline -0.004 -10"><span class='ocrx_word' id='word_1_278' title='bbox 1782 2718 1798 2770; x_wconf 74' lang='lat' dir='ltr'><strong>t</strong></span> <span class='ocrx_word' id='word_1_279' title='bbox 1829 2718 1922 2772; x_wconf 74' lang='grc' dir='ltr'><strong>τοῦ</strong></span> <span class='ocrx_word' id='word_1_280' title='bbox 2102 2706 2189 2760; x_wconf 86' lang='grc'><strong>79.</strong></span> <span class='ocrx_word' id='word_1_281' title='bbox 2223 2703 2479 2761; x_wconf 87' lang='lat' dir='ltr'><strong>Secunda</strong></span> <span class='ocrx_word' id='word_1_282' title='bbox 2517 2703 2774 2758; x_wconf 88' lang='lat' dir='ltr'><strong>revelatio</strong></span> <span class='ocrx_word' id='word_1_283' title='bbox 2798 2702 2864 2759; x_wconf 88' lang='lat' dir='ltr'><strong>ad</strong></span> <span class='ocrx_word' id='word_1_284' title='bbox 2896 2702 3072 2767; x_wconf 87' lang='lat' dir='ltr'><strong>Isaac,</strong></span> <span class='ocrx_word' id='word_1_285' title='bbox 3102 2701 3169 2757; x_wconf 89' lang='lat' dir='ltr'><strong>de</strong></span> <span class='ocrx_word' id='word_1_286' title='bbox 3203 2710 3393 2773; x_wconf 85' lang='lat' dir='ltr'><strong>puteo.</strong></span> 
     </span>
    </p>
   </div>
   <div class='ocr_carea' id='block_1_49' title="bbox 346 2799 604 2868">
    <p class='ocr_par' dir='ltr' id='par_1_49' title="bbox 346 2799 604 2868">
     <span class='ocr_line' id='line_1_49' title="bbox 346 2799 604 2868; baseline 0.004 -17"><span class='ocrx_word' id='word_1_287' title='bbox 346 2799 604 2868; x_wconf 82' lang='grc' dir='ltr'><strong>φρέατος.</strong></span> 
     </span>
    </p>
   </div>
   <div class='ocr_carea' id='block_1_50' title="bbox 418 2893 2029 2970">
    <p class='ocr_par' dir='ltr' id='par_1_50' title="bbox 418 2893 1922 2970">
     <span class='ocr_line' id='line_1_50' title="bbox 418 2893 1922 2970; baseline 0.005 -24"><span class='ocrx_word' id='word_1_288' title='bbox 418 2894 493 2949; x_wconf 87' lang='grc' dir='ltr'><strong>π’.</strong></span> <span class='ocrx_word' id='word_1_289' title='bbox 522 2896 765 2966; x_wconf 76' lang='grc' dir='ltr'><strong>Διαθήκη</strong></span> <span class='ocrx_word' id='word_1_290' title='bbox 798 2893 891 2948; x_wconf 79' lang='grc' dir='ltr'><strong>τοῦ</strong></span> <span class='ocrx_word' id='word_1_291' title='bbox 930 2894 1221 2966; x_wconf 79' lang='grc' dir='ltr'><strong>Ἀϐιμέλεχ</strong></span> <span class='ocrx_word' id='word_1_292' title='bbox 1258 2896 1393 2969; x_wconf 74' lang='grc' dir='ltr'><strong>πρὸς</strong></span> <span class='ocrx_word' id='word_1_293' title='bbox 1434 2897 1526 2951; x_wconf 77' lang='grc' dir='ltr'><strong>τὸν</strong></span> <span class='ocrx_word' id='word_1_294' title='bbox 1571 2899 1758 2954; x_wconf 81' lang='grc' dir='ltr'><strong>Ἰσαὰκ</strong></span> <span class='ocrx_word' id='word_1_295' title='bbox 1795 2902 1922 2970; x_wconf 76' lang='grc' dir='ltr'><strong>περὶ</strong></span> 
     </span>
    </p>
   </div>
   <div class='ocr_carea' id='block_1_51' title="bbox 2009 2893 3620 2970">
    <p class='ocr_par' dir='ltr' id='par_1_51' title="bbox 2099 2893 3620 2965">
     <span class='ocr_line' id='line_1_51' title="bbox 2099 2893 3620 2965; baseline 0 -17"><span class='ocrx_word' id='word_1_296' title='bbox 2099 2893 2190 2950; x_wconf 87' lang='grc'><strong>80.</strong></span> <span class='ocrx_word' id='word_1_297' title='bbox 2223 2894 2424 2951; x_wconf 81' lang='lat' dir='ltr'><strong>Foedus</strong></span> <span class='ocrx_word' id='word_1_298' title='bbox 2454 2894 2775 2950; x_wconf 86' lang='lat' dir='ltr'><strong>Abimelech</strong></span> <span class='ocrx_word' id='word_1_299' title='bbox 2812 2910 2938 2949; x_wconf 86' lang='lat' dir='ltr'><strong>cum</strong></span> <span class='ocrx_word' id='word_1_300' title='bbox 2974 2894 3127 2951; x_wconf 88' lang='lat' dir='ltr'><strong>Isaac</strong></span> <span class='ocrx_word' id='word_1_301' title='bbox 3160 2895 3228 2950; x_wconf 91' lang='lat' dir='ltr'><strong>de</strong></span> <span class='ocrx_word' id='word_1_302' title='bbox 3262 2904 3428 2965; x_wconf 87' lang='lat' dir='ltr'><strong>puteo</strong></span> <span class='ocrx_word' id='word_1_303' title='bbox 3464 2894 3620 2963; x_wconf 84' lang='lat' dir='ltr'><strong>jura-</strong></span> 
     </span>
    </p>
   </div>
   <div class='ocr_carea' id='block_1_52' title="bbox 342 2986 1953 3058">
    <p class='ocr_par' dir='ltr' id='par_1_52' title="bbox 342 2986 1030 3058">
     <span class='ocr_line' id='line_1_52' title="bbox 342 2986 1030 3058; baseline 0.004 -19"><span class='ocrx_word' id='word_1_304' title='bbox 342 2986 437 3040; x_wconf 79' lang='grc' dir='ltr'><strong>τοῦ</strong></span> <span class='ocrx_word' id='word_1_305' title='bbox 461 2987 694 3058; x_wconf 81' lang='grc' dir='ltr'><strong>φρέατος</strong></span> <span class='ocrx_word' id='word_1_306' title='bbox 720 2986 813 3041; x_wconf 81' lang='grc' dir='ltr'><strong>τοῦ</strong></span> <span class='ocrx_word' id='word_1_307' title='bbox 844 2988 1030 3057; x_wconf 82' lang='grc' dir='ltr'><strong>ὅρκου.</strong></span> 
     </span>
    </p>
   </div>
   <div class='ocr_carea' id='block_1_53' title="bbox 608 2986 2219 3058">
    <p class='ocr_par' dir='ltr' id='par_1_53' title="bbox 608 2986 2219 3057">
     <span class='ocr_line' id='line_1_53' title="bbox 608 2986 2219 3057; baseline 0.002 -17"><span class='ocrx_word' id='word_1_308' title='bbox 608 3004 694 3050; x_wconf 90' lang='grc' dir='ltr'><strong>τος</strong></span> <span class='ocrx_word' id='word_1_309' title='bbox 720 2986 813 3041; x_wconf 82' lang='grc' dir='ltr'><strong>τοῦ</strong></span> <span class='ocrx_word' id='word_1_310' title='bbox 844 2988 1030 3057; x_wconf 81' lang='grc' dir='ltr'><strong>ὅρκου.</strong></span> <span class='ocrx_word' id='word_1_311' title='bbox 2027 2989 2219 3046; x_wconf 88' lang='lat' dir='ltr'><strong>menti.</strong></span> 
     </span>
    </p>
   </div>
   <div class='ocr_carea' id='block_1_54' title="bbox 416 3096 2027 3173">
    <p class='ocr_par' dir='ltr' id='par_1_54' title="bbox 416 3096 1923 3173">
     <span class='ocr_line' id='line_1_54' title="bbox 416 3096 1923 3173; baseline 0.003 -22"><span class='ocrx_word' id='word_1_312' title='bbox 416 3104 528 3152; x_wconf 83' lang='grc' dir='ltr'><strong>πα’.</strong></span> <span class='ocrx_word' id='word_1_313' title='bbox 556 3099 689 3169; x_wconf 77' lang='grc' dir='ltr'><strong>Περὶ</strong></span> <span class='ocrx_word' id='word_1_314' title='bbox 714 3096 822 3151; x_wconf 85' lang='grc' dir='ltr'><strong>τῶν</strong></span> <span class='ocrx_word' id='word_1_315' title='bbox 848 3097 1122 3166; x_wconf 85' lang='grc' dir='ltr'><strong>γυναικῶν</strong></span> <span class='ocrx_word' id='word_1_316' title='bbox 1168 3098 1362 3169; x_wconf 77' lang='grc' dir='ltr'><strong>Ἡσαῦ,</strong></span> <span class='ocrx_word' id='word_1_317' title='bbox 1389 3100 1446 3154; x_wconf 80' lang='grc' dir='ltr'><strong>αἳ</strong></span> <span class='ocrx_word' id='word_1_318' title='bbox 1475 3096 1616 3173; x_wconf 80' lang='grc' dir='ltr'><strong>ἦσαν</strong></span> <span class='ocrx_word' id='word_1_319' title='bbox 1643 3100 1923 3171; x_wconf 74' lang='grc' dir='ltr'><strong>ἐρίζουσαι</strong></span> 
     </span>
    </p>
   </div>
   <div class='ocr_carea' id='block_1_55' title="bbox 2004 3096 3615 3173">
    <p class='ocr_par' dir='ltr' id='par_1_55' title="bbox 2099 3098 3615 3171">
     <span class='ocr_line' id='line_1_55' title="bbox 2099 3098 3615 3171; baseline -0.001 -17"><span class='ocrx_word' id='word_1_320' title='bbox 2099 3100 2188 3155; x_wconf 93' lang='grc'><strong>81.</strong></span> <span class='ocrx_word' id='word_1_321' title='bbox 2222 3100 2299 3156; x_wconf 89' lang='lat' dir='ltr'><strong>De</strong></span> <span class='ocrx_word' id='word_1_322' title='bbox 2325 3099 2592 3155; x_wconf 80' lang='lat' dir='ltr'><strong>uxoribus</strong></span> <span class='ocrx_word' id='word_1_323' title='bbox 2628 3098 2773 3157; x_wconf 72' lang='lat' dir='ltr'><strong>Esau</strong></span> <span class='ocrx_word' id='word_1_324' title='bbox 2810 3115 2934 3171; x_wconf 60' lang='lat' dir='ltr'><strong>qua:</strong></span> <span class='ocrx_word' id='word_1_325' title='bbox 2974 3099 3318 3157; x_wconf 83' lang='lat' dir='ltr'><strong>offenderant</strong></span> <span class='ocrx_word' id='word_1_326' title='bbox 3357 3100 3513 3156; x_wconf 82' lang='lat' dir='ltr'><strong>Isaac</strong></span> <span class='ocrx_word' id='word_1_327' title='bbox 3558 3106 3615 3153; x_wconf 91' lang='lat' dir='ltr'><strong>et</strong></span> 
     </span>
    </p>
   </div>
   <div class='ocr_carea' id='block_1_56' title="bbox 340 3188 1951 3261">
    <p class='ocr_par' dir='ltr' id='par_1_56' title="bbox 340 3188 1231 3261">
     <span class='ocr_line' id='line_1_56' title="bbox 340 3188 1231 3261; baseline 0.002 -18"><span class='ocrx_word' id='word_1_328' title='bbox 340 3188 422 3260; x_wconf 84' lang='grc' dir='ltr'><strong>τῷ</strong></span> <span class='ocrx_word' id='word_1_329' title='bbox 464 3189 666 3254; x_wconf 84' lang='grc' dir='ltr'><strong>Ἰσαὰκ,</strong></span> <span class='ocrx_word' id='word_1_330' title='bbox 706 3189 799 3242; x_wconf 75' lang='grc' dir='ltr'><strong>καὶ</strong></span> <span class='ocrx_word' id='word_1_331' title='bbox 830 3192 895 3260; x_wconf 81' lang='grc' dir='ltr'><strong>τῇ</strong></span> <span class='ocrx_word' id='word_1_332' title='bbox 942 3189 1231 3261; x_wconf 71' lang='grc' dir='ltr'><strong>Ῥεϐέκκα.</strong></span> 
     </span>
    </p>
   </div>
   <div class='ocr_carea' id='block_1_57' title="bbox 743 3188 2354 3261">
    <p class='ocr_par' dir='ltr' id='par_1_57' title="bbox 743 3189 2354 3261">
     <span class='ocr_line' id='line_1_57' title="bbox 743 3189 2354 3261; baseline 0.002 -21"><span class='ocrx_word' id='word_1_333' title='bbox 743 3189 799 3242; x_wconf 76' lang='grc' dir='ltr'><strong>αὶ</strong></span> <span class='ocrx_word' id='word_1_334' title='bbox 830 3192 895 3260; x_wconf 82' lang='grc' dir='ltr'><strong>τῇ</strong></span> <span class='ocrx_word' id='word_1_335' title='bbox 942 3189 1231 3261; x_wconf 73' lang='grc' dir='ltr'><strong>Ῥεϐέκκα.</strong></span> <span class='ocrx_word' id='word_1_336' title='bbox 1954 3244 1994 3261; x_wconf 57' lang='grc' dir='ltr'>η</span> <span class='ocrx_word' id='word_1_337' title='bbox 2030 3191 2354 3245; x_wconf 86' lang='lat' dir='ltr'><strong>Rebeccam.</strong></span> 
     </span>
    </p>
   </div>
   <div class='ocr_carea' id='block_1_58' title="bbox 415 3244 2026 3419">
    <p class='ocr_par' dir='ltr' id='par_1_58' title="bbox 415 3244 1997 3419">
     <span class='ocr_line' id='line_1_58' title="bbox 415 3244 1997 3351; baseline -0.001 -20"><span class='ocrx_word' id='word_1_338' title='bbox 415 3279 524 3349; x_wconf 85' lang='grc' dir='ltr'><strong>πβ’.</strong></span> <span class='ocrx_word' id='word_1_339' title='bbox 563 3244 697 3350; x_wconf 76' lang='grc' dir='ltr'><strong>Περὶ</strong></span> <span class='ocrx_word' id='word_1_340' title='bbox 738 3280 836 3349; x_wconf 82' lang='grc' dir='ltr'><strong>τῆς</strong></span> <span class='ocrx_word' id='word_1_341' title='bbox 870 3244 1060 3349; x_wconf 70' lang='grc' dir='ltr'><strong>⁸θήρας</strong></span> <span class='ocrx_word' id='word_1_342' title='bbox 1106 3244 1407 3333; x_wconf 10' lang='grc' dir='ltr'><strong>τούνἮσαῢ</strong></span> <span class='ocrx_word' id='word_1_343' title='bbox 1452 3279 1551 3351; x_wconf 82' lang='grc' dir='ltr'><strong>τῆς</strong></span> <span class='ocrx_word' id='word_1_344' title='bbox 1577 3279 1666 3333; x_wconf 73' lang='grc' dir='ltr'><strong>διὰ</strong></span> <span class='ocrx_word' id='word_1_345' title='bbox 1704 3280 1802 3351; x_wconf 85' lang='grc' dir='ltr'><strong>τὴν</strong></span> <span class='ocrx_word' id='word_1_346' title='bbox 1829 3280 1921 3333; x_wconf 83' lang='grc' dir='ltr'><strong>εὐ·</strong></span> <span class='ocrx_word' id='word_1_347' title='bbox 1950 3244 1997 3307; x_wconf 79' lang='lat' dir='ltr'><strong><em>C</em></strong></span> 
     </span>
     <span class='ocr_line' id='line_1_59' title="bbox 415 3368 555 3419; baseline 0 0"><span class='ocrx_word' id='word_1_348' title='bbox 415 3368 555 3419; x_wconf 79' lang='grc' dir='ltr'><strong>γίαν.</strong></span> 
     </span>
    </p>
   </div>
   <div class='ocr_carea' id='block_1_59' title="bbox 2001 3244 3612 3419">
    <p class='ocr_par' dir='ltr' id='par_1_59' title="bbox 2097 3280 3612 3352">
     <span class='ocr_line' id='line_1_60' title="bbox 2097 3280 3612 3352; baseline -0.002 -15"><span class='ocrx_word' id='word_1_349' title='bbox 2097 3282 2189 3337; x_wconf 72' lang='grc'><strong>82.</strong></span> <span class='ocrx_word' id='word_1_350' title='bbox 2229 3281 2304 3337; x_wconf 89' lang='lat' dir='ltr'><strong>De</strong></span> <span class='ocrx_word' id='word_1_351' title='bbox 2339 3281 2635 3337; x_wconf 82' lang='lat' dir='ltr'><strong>venatione</strong></span> <span class='ocrx_word' id='word_1_352' title='bbox 2671 3280 2814 3337; x_wconf 71' lang='lat' dir='ltr'><strong>Esau</strong></span> <span class='ocrx_word' id='word_1_353' title='bbox 2861 3290 3085 3352; x_wconf 88' lang='lat' dir='ltr'><strong>propter</strong></span> <span class='ocrx_word' id='word_1_354' title='bbox 3144 3282 3612 3338; x_wconf 83' lang='lat' dir='ltr'><strong>benedictionem.</strong></span> 
     </span>
    </p>
   </div>
   <div class='ocr_carea' id='block_1_60' title="bbox 341 3369 555 3437">
    <p class='ocr_par' dir='ltr' id='par_1_60' title="bbox 341 3369 555 3437">
     <span class='ocr_line' id='line_1_61' title="bbox 341 3369 555 3437; baseline 0.005 -15"><span class='ocrx_word' id='word_1_355' title='bbox 341 3369 555 3437; x_wconf 77' lang='grc' dir='ltr'><strong>λογίαν.</strong></span> 
     </span>
    </p>
   </div>
   <div class='ocr_carea' id='block_1_61' title="bbox 416 3460 2027 3539">
    <p class='ocr_par' dir='ltr' id='par_1_61' title="bbox 416 3460 1916 3536">
     <span class='ocr_line' id='line_1_62' title="bbox 416 3460 1916 3536; baseline -0.003 -19"><span class='ocrx_word' id='word_1_356' title='bbox 416 3461 528 3532; x_wconf 82' lang='grc' dir='ltr'><strong>πγ’.</strong></span> <span class='ocrx_word' id='word_1_357' title='bbox 550 3461 685 3536; x_wconf 75' lang='grc' dir='ltr'><strong>Περὶ</strong></span> <span class='ocrx_word' id='word_1_358' title='bbox 711 3460 805 3515; x_wconf 81' lang='grc' dir='ltr'><strong>τοῦ</strong></span> <span class='ocrx_word' id='word_1_359' title='bbox 829 3460 1164 3532; x_wconf 83' lang='grc' dir='ltr'><strong>πτερνισμοῦ</strong></span> <span class='ocrx_word' id='word_1_360' title='bbox 1200 3460 1395 3514; x_wconf 91' lang='grc' dir='ltr'><strong>Ἰακὼϐ</strong></span> <span class='ocrx_word' id='word_1_361' title='bbox 1420 3461 1507 3514; x_wconf 79' lang='grc' dir='ltr'><strong>διὰ</strong></span> <span class='ocrx_word' id='word_1_362' title='bbox 1524 3460 1621 3532; x_wconf 81' lang='grc' dir='ltr'><strong>τὴν</strong></span> <span class='ocrx_word' id='word_1_363' title='bbox 1648 3460 1916 3529; x_wconf 86' lang='grc' dir='ltr'><strong>εὐλογίαν.</strong></span> 
     </span>
    </p>
   </div>
   <div class='ocr_carea' id='block_1_62' title="bbox 1843 3460 3454 3539">
    <p class='ocr_par' dir='ltr' id='par_1_62' title="bbox 1843 3465 3454 3539">
     <span class='ocr_line' id='line_1_63' title="bbox 1843 3465 3454 3539; baseline 0.001 -18"><span class='ocrx_word' id='word_1_364' title='bbox 1843 3478 1916 3514; x_wconf 68' lang='grc' dir='ltr'><strong>ιν.</strong></span> <span class='ocrx_word' id='word_1_365' title='bbox 2098 3468 2190 3524; x_wconf 75' lang='lat'><strong>83.</strong></span> <span class='ocrx_word' id='word_1_366' title='bbox 2225 3466 2298 3523; x_wconf 89' lang='lat' dir='ltr'><strong>De</strong></span> <span class='ocrx_word' id='word_1_367' title='bbox 2324 3465 2519 3524; x_wconf 74' lang='lat' dir='ltr'><strong>fraude</strong></span> <span class='ocrx_word' id='word_1_368' title='bbox 2545 3466 2718 3523; x_wconf 81' lang='lat' dir='ltr'><strong>Jacob</strong></span> <span class='ocrx_word' id='word_1_369' title='bbox 2749 3477 2967 3539; x_wconf 91' lang='lat' dir='ltr'><strong>propter</strong></span> <span class='ocrx_word' id='word_1_370' title='bbox 2997 3468 3454 3525; x_wconf 88' lang='lat' dir='ltr'><strong>benedictionem.</strong></span> 
     </span>
    </p>
   </div>
   <div class='ocr_carea' id='block_1_63' title="bbox 412 3551 2023 3628">
    <p class='ocr_par' dir='ltr' id='par_1_63' title="bbox 412 3551 1644 3625">
     <span class='ocr_line' id='line_1_64' title="bbox 412 3551 1644 3625; baseline 0 -18"><span class='ocrx_word' id='word_1_371' title='bbox 412 3552 519 3610; x_wconf 68' lang='grc' dir='ltr'><strong>τπδ’.</strong></span> <span class='ocrx_word' id='word_1_372' title='bbox 559 3554 754 3625; x_wconf 84' lang='grc' dir='ltr'><strong>Πρώτη</strong></span> <span class='ocrx_word' id='word_1_373' title='bbox 787 3553 1011 3621; x_wconf 81' lang='grc' dir='ltr'><strong>εὐλογία</strong></span> <span class='ocrx_word' id='word_1_374' title='bbox 1053 3551 1247 3607; x_wconf 87' lang='grc' dir='ltr'><strong>Ἰακὼϐ</strong></span> <span class='ocrx_word' id='word_1_375' title='bbox 1281 3555 1404 3607; x_wconf 77' lang='grc' dir='ltr'><strong>ἀντὶ</strong></span> <span class='ocrx_word' id='word_1_376' title='bbox 1448 3552 1644 3607; x_wconf 80' lang='grc' dir='ltr'><strong>Ἡσαῦ.</strong></span> 
     </span>
    </p>
   </div>
   <div class='ocr_carea' id='block_1_64' title="bbox 1681 3551 3292 3628">
    <p class='ocr_par' dir='ltr' id='par_1_64' title="bbox 2098 3557 3292 3628">
     <span class='ocr_line' id='line_1_65' title="bbox 2098 3557 3292 3628; baseline -0.002 -14"><span class='ocrx_word' id='word_1_377' title='bbox 2098 3560 2187 3614; x_wconf 72' lang='grc'><strong>84.</strong></span> <span class='ocrx_word' id='word_1_378' title='bbox 2221 3558 2405 3613; x_wconf 85' lang='lat' dir='ltr'><strong>Prima</strong></span> <span class='ocrx_word' id='word_1_379' title='bbox 2451 3557 2759 3613; x_wconf 86' lang='lat' dir='ltr'><strong>benedictio</strong></span> <span class='ocrx_word' id='word_1_380' title='bbox 2797 3557 2967 3613; x_wconf 85' lang='lat' dir='ltr'><strong>Jacob</strong></span> <span class='ocrx_word' id='word_1_381' title='bbox 3000 3574 3096 3628; x_wconf 90' lang='lat' dir='ltr'><strong>pro</strong></span> <span class='ocrx_word' id='word_1_382' title='bbox 3126 3558 3292 3613; x_wconf 73' lang='lat' dir='ltr'><strong>Esau.</strong></span> 
     </span>
    </p>
   </div>
   <div class='ocr_carea' id='block_1_65' title="bbox 414 3638 2025 3719">
    <p class='ocr_par' dir='ltr' id='par_1_65' title="bbox 414 3638 1774 3719">
     <span class='ocr_line' id='line_1_66' title="bbox 414 3638 1774 3719; baseline -0.001 -18"><span class='ocrx_word' id='word_1_383' title='bbox 414 3654 519 3703; x_wconf 84' lang='grc' dir='ltr'><strong>πε’.</strong></span> <span class='ocrx_word' id='word_1_384' title='bbox 548 3648 684 3719; x_wconf 73' lang='grc' dir='ltr'><strong>Περὶ</strong></span> <span class='ocrx_word' id='word_1_385' title='bbox 705 3646 812 3700; x_wconf 82' lang='grc' dir='ltr'><strong>τῶν</strong></span> <span class='ocrx_word' id='word_1_386' title='bbox 842 3646 1157 3718; x_wconf 75' lang='grc' dir='ltr'><strong>ἐδεσμάτων</strong></span> <span class='ocrx_word' id='word_1_387' title='bbox 1183 3638 1258 3699; x_wconf 86' lang='grc' dir='ltr'><strong>ὧν</strong></span> <span class='ocrx_word' id='word_1_388' title='bbox 1288 3646 1543 3717; x_wconf 79' lang='grc' dir='ltr'><strong>ἐποίησεν</strong></span> <span class='ocrx_word' id='word_1_389' title='bbox 1580 3645 1774 3700; x_wconf 79' lang='grc' dir='ltr'><strong>Ἠσαῦ.</strong></span> 
     </span>
    </p>
   </div>
   <div class='ocr_carea' id='block_1_66' title="bbox 1507 3638 3118 3719">
    <p class='ocr_par' dir='ltr' id='par_1_66' title="bbox 1507 3645 3118 3719">
     <span class='ocr_line' id='line_1_67' title="bbox 1507 3645 3118 3719; baseline 0.005 -23"><span class='ocrx_word' id='word_1_390' title='bbox 1507 3663 1543 3697; x_wconf 77' lang='grc' dir='ltr'><strong>ιν</strong></span> <span class='ocrx_word' id='word_1_391' title='bbox 1580 3645 1774 3700; x_wconf 79' lang='grc' dir='ltr'><strong>Ἠσαῦ.</strong></span> <span class='ocrx_word' id='word_1_392' title='bbox 2100 3651 2191 3705; x_wconf 82' lang='lat'><strong>85.</strong></span> <span class='ocrx_word' id='word_1_393' title='bbox 2222 3649 2295 3704; x_wconf 92' lang='lat' dir='ltr'><strong>De</strong></span> <span class='ocrx_word' id='word_1_394' title='bbox 2325 3650 2623 3718; x_wconf 81' lang='lat' dir='ltr'><strong>pulmentis</strong></span> <span class='ocrx_word' id='word_1_395' title='bbox 2647 3665 2769 3719; x_wconf 67' lang='lat' dir='ltr'><strong>quae</strong></span> <span class='ocrx_word' id='word_1_396' title='bbox 2795 3648 2921 3703; x_wconf 87' lang='lat' dir='ltr'><strong>fecit</strong></span> <span class='ocrx_word' id='word_1_397' title='bbox 2951 3649 3118 3704; x_wconf 76' lang='lat' dir='ltr'><strong>Esau.</strong></span> 
     </span>
    </p>
   </div>
   <div class='ocr_carea' id='block_1_67' title="bbox 412 3736 2023 3810">
    <p class='ocr_par' dir='ltr' id='par_1_67' title="bbox 412 3736 1811 3810">
     <span class='ocr_line' id='line_1_68' title="bbox 412 3736 1811 3810; baseline -0.001 -17"><span class='ocrx_word' id='word_1_398' title='bbox 412 3740 535 3807; x_wconf 83' lang='grc' dir='ltr'><strong>πς’.</strong></span> <span class='ocrx_word' id='word_1_399' title='bbox 566 3740 701 3809; x_wconf 79' lang='grc' dir='ltr'><strong>Περὶ</strong></span> <span class='ocrx_word' id='word_1_400' title='bbox 736 3739 833 3810; x_wconf 81' lang='grc' dir='ltr'><strong>τῆς</strong></span> <span class='ocrx_word' id='word_1_401' title='bbox 866 3739 1037 3809; x_wconf 83' lang='grc' dir='ltr'><strong>ὀργῆς</strong></span> <span class='ocrx_word' id='word_1_402' title='bbox 1068 3736 1240 3791; x_wconf 87' lang='grc' dir='ltr'><strong>Ἦσαῦ</strong></span> <span class='ocrx_word' id='word_1_403' title='bbox 1270 3736 1371 3806; x_wconf 88' lang='grc' dir='ltr'><strong>τῆς</strong></span> <span class='ocrx_word' id='word_1_404' title='bbox 1406 3737 1545 3808; x_wconf 81' lang='grc' dir='ltr'><strong>πρὸς</strong></span> <span class='ocrx_word' id='word_1_405' title='bbox 1595 3737 1811 3791; x_wconf 81' lang='grc' dir='ltr'><strong>Ἰακώϐ.</strong></span> 
     </span>
    </p>
   </div>
   <div class='ocr_carea' id='block_1_68' title="bbox 1419 3736 3030 3810">
    <p class='ocr_par' dir='ltr' id='par_1_68' title="bbox 1419 3736 3030 3808">
     <span class='ocr_line' id='line_1_69' title="bbox 1419 3736 3030 3808; baseline 0.002 -20"><span class='ocrx_word' id='word_1_406' title='bbox 1419 3737 1545 3808; x_wconf 76' lang='grc' dir='ltr'><strong>πρὸς</strong></span> <span class='ocrx_word' id='word_1_407' title='bbox 1595 3737 1811 3791; x_wconf 80' lang='grc' dir='ltr'><strong>Ἰακώϐ.</strong></span> <span class='ocrx_word' id='word_1_408' title='bbox 2099 3740 2189 3793; x_wconf 84' lang='grc'><strong>86.</strong></span> <span class='ocrx_word' id='word_1_409' title='bbox 2220 3741 2295 3795; x_wconf 87' lang='lat' dir='ltr'><strong>De</strong></span> <span class='ocrx_word' id='word_1_410' title='bbox 2332 3741 2411 3793; x_wconf 87' lang='lat' dir='ltr'><strong>ira</strong></span> <span class='ocrx_word' id='word_1_411' title='bbox 2449 3738 2593 3794; x_wconf 75' lang='lat' dir='ltr'><strong>Esaﬁ</strong></span> <span class='ocrx_word' id='word_1_412' title='bbox 2624 3747 2814 3794; x_wconf 86' lang='lat' dir='ltr'><strong>contra</strong></span> <span class='ocrx_word' id='word_1_413' title='bbox 2840 3736 3030 3793; x_wconf 84' lang='lat' dir='ltr'><strong>Jacob.</strong></span> 
     </span>
    </p>
   </div>
   <div class='ocr_carea' id='block_1_69' title="bbox 415 3826 2026 3903">
    <p class='ocr_par' dir='ltr' id='par_1_69' title="bbox 415 3826 1415 3903">
     <span class='ocr_line' id='line_1_70' title="bbox 415 3826 1415 3903; baseline -0.001 -18"><span class='ocrx_word' id='word_1_414' title='bbox 415 3833 524 3895; x_wconf 74' lang='grc' dir='ltr'><strong>πζ¹.</strong></span> <span class='ocrx_word' id='word_1_415' title='bbox 556 3832 797 3903; x_wconf 86' lang='grc' dir='ltr'><strong>Δευτέρα</strong></span> <span class='ocrx_word' id='word_1_416' title='bbox 822 3831 1044 3901; x_wconf 68' lang='grc' dir='ltr'><strong>εὐλογία</strong></span> <span class='ocrx_word' id='word_1_417' title='bbox 1074 3826 1170 3882; x_wconf 79' lang='grc' dir='ltr'><strong>τοῦ</strong></span> <span class='ocrx_word' id='word_1_418' title='bbox 1198 3827 1415 3884; x_wconf 83' lang='grc' dir='ltr'><strong>Ἰακώϐ.</strong></span> 
     </span>
    </p>
   </div>
   <div class='ocr_carea' id='block_1_70' title="bbox 1419 3826 3030 3903">
    <p class='ocr_par' dir='ltr' id='par_1_70' title="bbox 2100 3828 3030 3887">
     <span class='ocr_line' id='line_1_71' title="bbox 2100 3828 3030 3887; baseline 0 -4"><span class='ocrx_word' id='word_1_419' title='bbox 2100 3829 2191 3883; x_wconf 93' lang='grc'><strong>87.</strong></span> <span class='ocrx_word' id='word_1_420' title='bbox 2221 3829 2472 3887; x_wconf 88' lang='lat' dir='ltr'><strong>Secunda</strong></span> <span class='ocrx_word' id='word_1_421' title='bbox 2498 3829 2808 3885; x_wconf 80' lang='lat' dir='ltr'><strong>benedictio</strong></span> <span class='ocrx_word' id='word_1_422' title='bbox 2840 3828 3030 3885; x_wconf 81' lang='lat' dir='ltr'><strong>Jacob.</strong></span> 
     </span>
    </p>
   </div>
   <div class='ocr_carea' id='block_1_71' title="bbox 412 3919 2023 3997">
    <p class='ocr_par' dir='ltr' id='par_1_71' title="bbox 412 3920 1474 3997">
     <span class='ocr_line' id='line_1_72' title="bbox 412 3920 1474 3997; baseline -0.002 -18"><span class='ocrx_word' id='word_1_423' title='bbox 412 3932 526 3997; x_wconf 68' lang='grc' dir='ltr'><strong>σπη’.</strong></span> <span class='ocrx_word' id='word_1_424' title='bbox 564 3924 702 3995; x_wconf 81' lang='grc' dir='ltr'><strong>Περὶ</strong></span> <span class='ocrx_word' id='word_1_425' title='bbox 729 3924 829 3994; x_wconf 78' lang='grc' dir='ltr'><strong>τῆς</strong></span> <span class='ocrx_word' id='word_1_426' title='bbox 851 3922 1113 3993; x_wconf 80' lang='grc' dir='ltr'><strong>γυναικὸς</strong></span> <span class='ocrx_word' id='word_1_427' title='bbox 1143 3920 1236 3974; x_wconf 80' lang='grc' dir='ltr'><strong>τοῦ</strong></span> <span class='ocrx_word' id='word_1_428' title='bbox 1278 3921 1474 3977; x_wconf 84' lang='grc' dir='ltr'><strong>Ἠσαῦ.</strong></span> 
     </span>
    </p>
   </div>
   <div class='ocr_carea' id='block_1_72' title="bbox 1089 3919 2700 3997">
    <p class='ocr_par' dir='ltr' id='par_1_72' title="bbox 1089 3919 2700 3984">
     <span class='ocr_line' id='line_1_73' title="bbox 1089 3919 2700 3984; baseline 0.001 -10"><span class='ocrx_word' id='word_1_429' title='bbox 1089 3938 1113 3984; x_wconf 86' lang='grc' dir='ltr'><strong>ς</strong></span> <span class='ocrx_word' id='word_1_430' title='bbox 1143 3920 1236 3974; x_wconf 80' lang='grc' dir='ltr'><strong>τοῦ</strong></span> <span class='ocrx_word' id='word_1_431' title='bbox 1278 3921 1474 3977; x_wconf 85' lang='grc' dir='ltr'><strong>Ἠσαῦ.</strong></span> <span class='ocrx_word' id='word_1_432' title='bbox 2097 3919 2185 3974; x_wconf 88' lang='grc'><strong>88.</strong></span> <span class='ocrx_word' id='word_1_433' title='bbox 2224 3919 2297 3974; x_wconf 90' lang='lat' dir='ltr'><strong>De</strong></span> <span class='ocrx_word' id='word_1_434' title='bbox 2332 3934 2503 3977; x_wconf 81' lang='lat' dir='ltr'><strong>uxore</strong></span> <span class='ocrx_word' id='word_1_435' title='bbox 2534 3919 2700 3975; x_wconf 83' lang='lat' dir='ltr'><strong>Esaft.</strong></span> 
     </span>
    </p>
   </div>
   <div class='ocr_carea' id='block_1_73' title="bbox 411 4009 2022 4087">
    <p class='ocr_par' dir='ltr' id='par_1_73' title="bbox 411 4012 1920 4087">
     <span class='ocr_line' id='line_1_74' title="bbox 411 4012 1920 4087; baseline -0.002 -17"><span class='ocrx_word' id='word_1_436' title='bbox 411 4016 519 4072; x_wconf 85' lang='grc' dir='ltr'><strong>πθ’.</strong></span> <span class='ocrx_word' id='word_1_437' title='bbox 554 4018 690 4087; x_wconf 77' lang='grc' dir='ltr'><strong>Περὶ</strong></span> <span class='ocrx_word' id='word_1_438' title='bbox 731 4017 830 4085; x_wconf 89' lang='grc' dir='ltr'><strong>τῆς</strong></span> <span class='ocrx_word' id='word_1_439' title='bbox 884 4014 1243 4079; x_wconf 86' lang='grc' dir='ltr'><strong>καταϐάσεως</strong></span> <span class='ocrx_word' id='word_1_440' title='bbox 1283 4012 1453 4068; x_wconf 80' lang='grc' dir='ltr'><strong>Ἡσαῦ</strong></span> <span class='ocrx_word' id='word_1_441' title='bbox 1489 4012 1615 4084; x_wconf 88' lang='lat' dir='ltr'><strong>[sic,</strong></span> <span class='ocrx_word' id='word_1_442' title='bbox 1666 4014 1781 4084; x_wconf 84' lang='lat' dir='ltr'><strong>lege</strong></span> <span class='ocrx_word' id='word_1_443' title='bbox 1820 4016 1920 4068; x_wconf 84' lang='grc' dir='ltr'><strong>Ἰα-</strong></span> 
     </span>
    </p>
   </div>
   <div class='ocr_carea' id='block_1_74' title="bbox 2000 4009 3611 4087">
    <p class='ocr_par' dir='ltr' id='par_1_74' title="bbox 2098 4009 3611 4083">
     <span class='ocr_line' id='line_1_75' title="bbox 2098 4009 3611 4083; baseline -0.001 -16"><span class='ocrx_word' id='word_1_444' title='bbox 2098 4012 2186 4067; x_wconf 86' lang='grc'><strong>89.</strong></span> <span class='ocrx_word' id='word_1_445' title='bbox 2216 4012 2291 4066; x_wconf 88' lang='lat' dir='ltr'><strong>De</strong></span> <span class='ocrx_word' id='word_1_446' title='bbox 2325 4010 2597 4067; x_wconf 80' lang='lat' dir='ltr'><strong>descensu</strong></span> <span class='ocrx_word' id='word_1_447' title='bbox 2638 4010 2784 4067; x_wconf 75' lang='lat' dir='ltr'><strong>Esau</strong></span> <span class='ocrx_word' id='word_1_448' title='bbox 2816 4011 2956 4082; x_wconf 88' lang='lat' dir='ltr'><strong>(sic;</strong></span> <span class='ocrx_word' id='word_1_449' title='bbox 2995 4011 3112 4083; x_wconf 80' lang='lat' dir='ltr'><strong>lege</strong></span> <span class='ocrx_word' id='word_1_450' title='bbox 3141 4009 3336 4080; x_wconf 73' lang='lat' dir='ltr'><strong>Iacob)</strong></span> <span class='ocrx_word' id='word_1_451' title='bbox 3381 4011 3432 4064; x_wconf 89' lang='lat' dir='ltr'><strong>in</strong></span> <span class='ocrx_word' id='word_1_452' title='bbox 3464 4010 3611 4065; x_wconf 88' lang='lat' dir='ltr'><strong>Cha-</strong></span> 
     </span>
    </p>
   </div>
   <div class='ocr_carea' id='block_1_75' title="bbox 338 4107 2149 4178">
    <p class='ocr_par' dir='ltr' id='par_1_75' title="bbox 338 4107 2149 4178">
     <span class='ocr_line' id='line_1_76' title="bbox 338 4107 2149 4178; baseline -0.003 -15"><span class='ocrx_word' id='word_1_453' title='bbox 338 4107 486 4178; x_wconf 78' lang='grc' dir='ltr'><strong>κὼϐ]</strong></span> <span class='ocrx_word' id='word_1_454' title='bbox 514 4108 613 4177; x_wconf 88' lang='grc' dir='ltr'><strong>τῆς</strong></span> <span class='ocrx_word' id='word_1_455' title='bbox 641 4110 722 4171; x_wconf 86' lang='grc' dir='ltr'><strong>είς</strong></span> <span class='ocrx_word' id='word_1_456' title='bbox 754 4107 1003 4178; x_wconf 72' lang='grc' dir='ltr'><strong>Χαρράν.</strong></span> <span class='ocrx_word' id='word_1_457' title='bbox 2027 4119 2149 4157; x_wconf 86' lang='lat' dir='ltr'><strong>ran.</strong></span> 
     </span>
    </p>
   </div>
   <div class='ocr_carea' id='block_1_76' title="bbox 412 4192 2023 4272">
    <p class='ocr_par' dir='ltr' id='par_1_76' title="bbox 412 4197 1922 4272">
     <span class='ocr_line' id='line_1_77' title="bbox 412 4197 1922 4272; baseline -0.002 -17"><span class='ocrx_word' id='word_1_458' title='bbox 412 4206 480 4269; x_wconf 54' lang='grc' dir='ltr'><strong>ιβ.</strong></span> <span class='ocrx_word' id='word_1_459' title='bbox 511 4200 731 4272; x_wconf 83' lang='grc' dir='ltr'><strong>Πρῶτος</strong></span> <span class='ocrx_word' id='word_1_460' title='bbox 758 4198 1141 4271; x_wconf 80' lang='grc' dir='ltr'><strong>χρηματισμὸς</strong></span> <span class='ocrx_word' id='word_1_461' title='bbox 1162 4198 1300 4270; x_wconf 83' lang='grc' dir='ltr'><strong>πρὸς</strong></span> <span class='ocrx_word' id='word_1_462' title='bbox 1338 4197 1537 4255; x_wconf 83' lang='grc' dir='ltr'><strong>Ἰακὼϐ</strong></span> <span class='ocrx_word' id='word_1_463' title='bbox 1557 4200 1615 4253; x_wconf 79' lang='grc' dir='ltr'><strong>ἐν</strong></span> <span class='ocrx_word' id='word_1_464' title='bbox 1638 4199 1791 4271; x_wconf 76' lang='grc' dir='ltr'><strong>ὕπνῳ</strong></span> <span class='ocrx_word' id='word_1_465' title='bbox 1814 4199 1922 4254; x_wconf 76' lang='grc' dir='ltr'><strong>ἀπὸ</strong></span> 
     </span>
    </p>
   </div>
   <div class='ocr_carea' id='block_1_77' title="bbox 1998 4192 3609 4272">
    <p class='ocr_par' dir='ltr' id='par_1_77' title="bbox 2098 4192 3609 4264">
     <span class='ocr_line' id='line_1_78' title="bbox 2098 4192 3609 4264; baseline -0.003 -14"><span class='ocrx_word' id='word_1_466' title='bbox 2098 4194 2186 4250; x_wconf 90' lang='lat'><strong>90.</strong></span> <span class='ocrx_word' id='word_1_467' title='bbox 2218 4192 2400 4249; x_wconf 85' lang='lat' dir='ltr'><strong>Prima</strong></span> <span class='ocrx_word' id='word_1_468' title='bbox 2429 4193 2692 4249; x_wconf 81' lang='lat' dir='ltr'><strong>revelatio</strong></span> <span class='ocrx_word' id='word_1_469' title='bbox 2721 4193 2789 4248; x_wconf 91' lang='lat' dir='ltr'><strong>ad</strong></span> <span class='ocrx_word' id='word_1_470' title='bbox 2817 4192 2986 4249; x_wconf 88' lang='lat' dir='ltr'><strong>Jacob</strong></span> <span class='ocrx_word' id='word_1_471' title='bbox 3031 4193 3085 4247; x_wconf 91' lang='lat' dir='ltr'><strong>in</strong></span> <span class='ocrx_word' id='word_1_472' title='bbox 3112 4206 3311 4249; x_wconf 80' lang='lat' dir='ltr'><strong>somno</strong></span> <span class='ocrx_word' id='word_1_473' title='bbox 3352 4208 3449 4264; x_wconf 87' lang='lat' dir='ltr'><strong>per</strong></span> <span class='ocrx_word' id='word_1_474' title='bbox 3486 4208 3609 4248; x_wconf 80' lang='lat' dir='ltr'><strong>sca-</strong></span> 
     </span>
    </p>
   </div>
   <div class='ocr_carea' id='block_1_78' title="bbox 334 4286 2156 4363">
    <p class='ocr_par' dir='ltr' id='par_1_78' title="bbox 334 4286 2156 4363">
     <span class='ocr_line' id='line_1_79' title="bbox 334 4286 2156 4363; baseline -0.004 -15"><span class='ocrx_word' id='word_1_475' title='bbox 334 4294 441 4363; x_wconf 73' lang='grc' dir='ltr'><strong>τῆς</strong></span> <span class='ocrx_word' id='word_1_476' title='bbox 468 4292 758 4363; x_wconf 83' lang='grc' dir='ltr'><strong>κλίμακος.</strong></span> <span class='ocrx_word' id='word_1_477' title='bbox 2026 4286 2156 4341; x_wconf 89' lang='lat' dir='ltr'><strong>lam.</strong></span> 
     </span>
    </p>
   </div>
   <div class='ocr_carea' id='block_1_79' title="bbox 410 4371 2021 4456">
    <p class='ocr_par' dir='ltr' id='par_1_79' title="bbox 410 4376 1919 4456">
     <span class='ocr_line' id='line_1_80' title="bbox 410 4376 1919 4456; baseline -0.001 -18"><span class='ocrx_word' id='word_1_478' title='bbox 410 4382 521 4452; x_wconf 50' lang='grc' dir='ltr'><strong>μα’.</strong></span> <span class='ocrx_word' id='word_1_479' title='bbox 552 4386 687 4455; x_wconf 77' lang='grc' dir='ltr'><strong>Περὶ</strong></span> <span class='ocrx_word' id='word_1_480' title='bbox 717 4379 785 4455; x_wconf 86' lang='grc' dir='ltr'><strong>ἦς</strong></span> <span class='ocrx_word' id='word_1_481' title='bbox 812 4381 1017 4455; x_wconf 76' lang='grc' dir='ltr'><strong>ηὔξατο</strong></span> <span class='ocrx_word' id='word_1_482' title='bbox 1049 4383 1214 4456; x_wconf 81' lang='grc' dir='ltr'><strong>εὐχῆς</strong></span> <span class='ocrx_word' id='word_1_483' title='bbox 1246 4383 1466 4450; x_wconf 86' lang='grc' dir='ltr'><strong>Ἰακὼϐ,</strong></span> <span class='ocrx_word' id='word_1_484' title='bbox 1500 4384 1559 4437; x_wconf 86' lang='grc' dir='ltr'><strong>ἐν</strong></span> <span class='ocrx_word' id='word_1_485' title='bbox 1584 4376 1629 4452; x_wconf 79' lang='grc' dir='ltr'><strong>ᾧ</strong></span> <span class='ocrx_word' id='word_1_486' title='bbox 1649 4382 1919 4455; x_wconf 79' lang='grc' dir='ltr'><strong>ἐκοιμήθη</strong></span> 
     </span>
    </p>
   </div>
   <div class='ocr_carea' id='block_1_80' title="bbox 1998 4371 3609 4456">
    <p class='ocr_par' dir='ltr' id='par_1_80' title="bbox 2096 4371 3609 4445">
     <span class='ocr_line' id='line_1_81' title="bbox 2096 4371 3609 4445; baseline -0.003 -16"><span class='ocrx_word' id='word_1_487' title='bbox 2096 4377 2185 4429; x_wconf 83' lang='grc'><strong>91.</strong></span> <span class='ocrx_word' id='word_1_488' title='bbox 2226 4373 2301 4429; x_wconf 90' lang='lat' dir='ltr'><strong>De</strong></span> <span class='ocrx_word' id='word_1_489' title='bbox 2330 4374 2581 4430; x_wconf 89' lang='lat' dir='ltr'><strong>oratione</strong></span> <span class='ocrx_word' id='word_1_490' title='bbox 2605 4388 2771 4445; x_wconf 91' lang='lat' dir='ltr'><strong>quam</strong></span> <span class='ocrx_word' id='word_1_491' title='bbox 2812 4374 2991 4428; x_wconf 80' lang='lat' dir='ltr'><strong>oravit</strong></span> <span class='ocrx_word' id='word_1_492' title='bbox 3029 4371 3221 4437; x_wconf 85' lang='lat' dir='ltr'><strong>Jacob,</strong></span> <span class='ocrx_word' id='word_1_493' title='bbox 3255 4372 3309 4426; x_wconf 92' lang='lat' dir='ltr'><strong>in</strong></span> <span class='ocrx_word' id='word_1_494' title='bbox 3341 4386 3453 4442; x_wconf 88' lang='lat' dir='ltr'><strong>quo</strong></span> <span class='ocrx_word' id='word_1_495' title='bbox 3482 4372 3609 4426; x_wconf 87' lang='lat' dir='ltr'><strong>dor-</strong></span> 
     </span>
    </p>
   </div>
   <div class='ocr_carea' id='block_1_81' title="bbox 331 4467 1942 4548">
    <p class='ocr_par' dir='ltr' id='par_1_81' title="bbox 331 4478 511 4548">
     <span class='ocr_line' id='line_1_82' title="bbox 331 4478 511 4548; baseline 0 -17"><span class='ocrx_word' id='word_1_496' title='bbox 331 4478 511 4548; x_wconf 72' lang='grc' dir='ltr'><strong>τόπῳ.</strong></span> 
     </span>
    </p>
   </div>
   <div class='ocr_carea' id='block_1_82' title="bbox 739 4467 2350 4548">
    <p class='ocr_par' dir='ltr' id='par_1_82' title="bbox 2027 4467 2350 4523">
     <span class='ocr_line' id='line_1_83' title="bbox 2027 4467 2350 4523; baseline -0.006 0"><span class='ocrx_word' id='word_1_497' title='bbox 2027 4468 2183 4523; x_wconf 86' lang='lat' dir='ltr'><strong>mivit</strong></span> <span class='ocrx_word' id='word_1_498' title='bbox 2216 4467 2350 4523; x_wconf 90' lang='lat' dir='ltr'><strong>loco.</strong></span> 
     </span>
    </p>
   </div>
   <div class='ocr_carea' id='block_1_83' title="bbox 412 4572 2023 4657">
    <p class='ocr_par' dir='ltr' id='par_1_83' title="bbox 412 4584 2001 4657">
     <span class='ocr_line' id='line_1_84' title="bbox 412 4584 2001 4657; baseline 0 -18"><span class='ocrx_word' id='word_1_499' title='bbox 412 4584 519 4655; x_wconf 63' lang='grc' dir='ltr'><strong>ιιβν.</strong></span> <span class='ocrx_word' id='word_1_500' title='bbox 551 4585 632 4639; x_wconf 79' lang='grc' dir='ltr'><strong>Τὰ</strong></span> <span class='ocrx_word' id='word_1_501' title='bbox 662 4587 803 4640; x_wconf 83' lang='grc' dir='ltr'><strong>κατὰ</strong></span> <span class='ocrx_word' id='word_1_502' title='bbox 836 4584 1030 4639; x_wconf 89' lang='grc' dir='ltr'><strong>Ἰακὼϐ</strong></span> <span class='ocrx_word' id='word_1_503' title='bbox 1059 4585 1394 4655; x_wconf 77' lang='grc' dir='ltr'><strong>πορευθέντα</strong></span> <span class='ocrx_word' id='word_1_504' title='bbox 1427 4586 1565 4657; x_wconf 78' lang='grc' dir='ltr'><strong>πρὸς</strong></span> <span class='ocrx_word' id='word_1_505' title='bbox 1595 4584 1803 4654; x_wconf 84' lang='grc' dir='ltr'><strong>Λάϐαν,</strong></span> <span class='ocrx_word' id='word_1_506' title='bbox 1828 4586 1921 4639; x_wconf 79' lang='grc' dir='ltr'><strong>καὶ</strong></span> <span class='ocrx_word' id='word_1_507' title='bbox 1948 4597 2001 4656; x_wconf 83' lang='lat' dir='ltr'><strong>D</strong></span> 
     </span>
    </p>
   </div>
   <div class='ocr_carea' id='block_1_84' title="bbox 1997 4572 3608 4657">
    <p class='ocr_par' dir='ltr' id='par_1_84' title="bbox 1997 4572 3608 4643">
     <span class='ocr_line' id='line_1_85' title="bbox 1997 4572 3608 4643; baseline -0.006 -8"><span class='ocrx_word' id='word_1_508' title='bbox 1997 4612 2001 4639; x_wconf 65' lang='grc' dir='ltr'><strong><em>μ</em></strong></span> <span class='ocrx_word' id='word_1_509' title='bbox 2097 4578 2189 4634; x_wconf 76' lang='lat'><strong>92.</strong></span> <span class='ocrx_word' id='word_1_510' title='bbox 2212 4576 2344 4643; x_wconf 61' lang='lat' dir='ltr'><strong>Qum</strong></span> <span class='ocrx_word' id='word_1_511' title='bbox 2374 4576 2440 4630; x_wconf 87' lang='lat' dir='ltr'><strong>ad</strong></span> <span class='ocrx_word' id='word_1_512' title='bbox 2474 4574 2645 4630; x_wconf 85' lang='lat' dir='ltr'><strong>Jacob</strong></span> <span class='ocrx_word' id='word_1_513' title='bbox 2672 4575 2908 4630; x_wconf 90' lang='lat' dir='ltr'><strong>attinent</strong></span> <span class='ocrx_word' id='word_1_514' title='bbox 2935 4576 3039 4631; x_wconf 89' lang='lat' dir='ltr'><strong>iter</strong></span> <span class='ocrx_word' id='word_1_515' title='bbox 3064 4573 3359 4631; x_wconf 85' lang='lat' dir='ltr'><strong>facientem</strong></span> <span class='ocrx_word' id='word_1_516' title='bbox 3402 4572 3471 4627; x_wconf 87' lang='lat' dir='ltr'><strong>ad</strong></span> <span class='ocrx_word' id='word_1_517' title='bbox 3503 4573 3608 4626; x_wconf 87' lang='lat' dir='ltr'><strong>La-</strong></span> 
     </span>
    </p>
   </div>
   <div class='ocr_carea' id='block_1_85' title="bbox 337 4667 1948 4747">
    <p class='ocr_par' dir='ltr' id='par_1_85' title="bbox 337 4674 1293 4747">
     <span class='ocr_line' id='line_1_86' title="bbox 337 4674 1293 4747; baseline -0.001 -17"><span class='ocrx_word' id='word_1_518' title='bbox 337 4678 473 4747; x_wconf 79' lang='grc' dir='ltr'><strong>περὶ</strong></span> <span class='ocrx_word' id='word_1_519' title='bbox 502 4675 596 4729; x_wconf 82' lang='grc' dir='ltr'><strong>τοῦ</strong></span> <span class='ocrx_word' id='word_1_520' title='bbox 636 4674 1094 4739; x_wconf 80' lang='grc' dir='ltr'><strong>ἀποκυλισθέντος</strong></span> <span class='ocrx_word' id='word_1_521' title='bbox 1121 4675 1293 4729; x_wconf 87' lang='grc' dir='ltr'><strong>λίθου.</strong></span> 
     </span>
    </p>
   </div>
   <div class='ocr_carea' id='block_1_86' title="bbox 1229 4667 2840 4747">
    <p class='ocr_par' dir='ltr' id='par_1_86' title="bbox 1229 4667 2840 4737">
     <span class='ocr_line' id='line_1_87' title="bbox 1229 4667 2840 4737; baseline -0.004 -10"><span class='ocrx_word' id='word_1_522' title='bbox 1229 4693 1293 4729; x_wconf 67' lang='lat' dir='ltr'><strong>tu.</strong></span> <span class='ocrx_word' id='word_1_523' title='bbox 2026 4670 2156 4733; x_wconf 83' lang='lat' dir='ltr'><strong>han,</strong></span> <span class='ocrx_word' id='word_1_524' title='bbox 2183 4679 2237 4723; x_wconf 89' lang='lat' dir='ltr'><strong>et</strong></span> <span class='ocrx_word' id='word_1_525' title='bbox 2262 4672 2327 4724; x_wconf 87' lang='lat' dir='ltr'><strong>de</strong></span> <span class='ocrx_word' id='word_1_526' title='bbox 2355 4668 2605 4724; x_wconf 88' lang='lat' dir='ltr'><strong>revoluto</strong></span> <span class='ocrx_word' id='word_1_527' title='bbox 2639 4667 2840 4737; x_wconf 86' lang='lat' dir='ltr'><strong>lapide.</strong></span> 
     </span>
    </p>
   </div>
   <div class='ocr_carea' id='block_1_87' title="bbox 411 4754 2022 4839">
    <p class='ocr_par' dir='ltr' id='par_1_87' title="bbox 411 4766 1919 4839">
     <span class='ocr_line' id='line_1_88' title="bbox 411 4766 1919 4839; baseline -0.003 -16"><span class='ocrx_word' id='word_1_528' title='bbox 411 4767 519 4836; x_wconf 50' lang='grc' dir='ltr'><strong>ια’.</strong></span> <span class='ocrx_word' id='word_1_529' title='bbox 550 4768 632 4822; x_wconf 86' lang='grc' dir='ltr'><strong>Τὰ</strong></span> <span class='ocrx_word' id='word_1_530' title='bbox 654 4769 799 4826; x_wconf 79' lang='grc' dir='ltr'><strong>κατὰ</strong></span> <span class='ocrx_word' id='word_1_531' title='bbox 832 4767 1041 4834; x_wconf 84' lang='grc' dir='ltr'><strong>Λάϐαν,</strong></span> <span class='ocrx_word' id='word_1_532' title='bbox 1078 4768 1171 4822; x_wconf 74' lang='grc' dir='ltr'><strong>καὶ</strong></span> <span class='ocrx_word' id='word_1_533' title='bbox 1212 4766 1457 4839; x_wconf 73' lang='grc' dir='ltr'><strong>Ῥαχὴλ,⁴</strong></span> <span class='ocrx_word' id='word_1_534' title='bbox 1480 4768 1574 4821; x_wconf 78' lang='grc' dir='ltr'><strong>καὶ</strong></span> <span class='ocrx_word' id='word_1_535' title='bbox 1607 4768 1792 4834; x_wconf 87' lang='grc' dir='ltr'><strong>Λείαν,</strong></span> <span class='ocrx_word' id='word_1_536' title='bbox 1824 4767 1919 4821; x_wconf 70' lang='grc' dir='ltr'><strong>καὶ</strong></span> 
     </span>
    </p>
   </div>
   <div class='ocr_carea' id='block_1_88' title="bbox 1999 4754 3610 4839">
    <p class='ocr_par' dir='ltr' id='par_1_88' title="bbox 2098 4754 3610 4827">
     <span class='ocr_line' id='line_1_89' title="bbox 2098 4754 3610 4827; baseline -0.004 -11"><span class='ocrx_word' id='word_1_537' title='bbox 2098 4761 2189 4816; x_wconf 83' lang='lat'><strong>9&#39;5.</strong></span> <span class='ocrx_word' id='word_1_538' title='bbox 2218 4758 2351 4826; x_wconf 70' lang='lat' dir='ltr'><strong>Qua:</strong></span> <span class='ocrx_word' id='word_1_539' title='bbox 2374 4759 2440 4814; x_wconf 89' lang='lat' dir='ltr'><strong>ad</strong></span> <span class='ocrx_word' id='word_1_540' title='bbox 2467 4758 2655 4814; x_wconf 80' lang='lat' dir='ltr'><strong>Laban</strong></span> <span class='ocrx_word' id='word_1_541' title='bbox 2688 4759 2944 4827; x_wconf 87' lang='lat' dir='ltr'><strong>attinent,</strong></span> <span class='ocrx_word' id='word_1_542' title='bbox 2984 4767 3039 4813; x_wconf 91' lang='lat' dir='ltr'><strong>et</strong></span> <span class='ocrx_word' id='word_1_543' title='bbox 3069 4756 3300 4823; x_wconf 83' lang='lat' dir='ltr'><strong>Rachel,</strong></span> <span class='ocrx_word' id='word_1_544' title='bbox 3328 4765 3384 4812; x_wconf 87' lang='lat' dir='ltr'><strong>et</strong></span> <span class='ocrx_word' id='word_1_545' title='bbox 3433 4754 3610 4821; x_wconf 84' lang='lat' dir='ltr'><strong>Liam.</strong></span> 
     </span>
    </p>
   </div>
   <div class='ocr_carea' id='block_1_89' title="bbox 346 4852 1957 4916">
    <p class='ocr_par' dir='ltr' id='par_1_89' title="bbox 346 4860 564 4916">
     <span class='ocr_line' id='line_1_90' title="bbox 346 4860 564 4916; baseline 0.009 -3"><span class='ocrx_word' id='word_1_546' title='bbox 346 4860 564 4916; x_wconf 84' lang='grc' dir='ltr'><strong>Ἰακώϐ.</strong></span> 
     </span>
    </p>
   </div>
   <div class='ocr_carea' id='block_1_90' title="bbox 689 4852 2300 4916">
    <p class='ocr_par' dir='ltr' id='par_1_90' title="bbox 2026 4852 2300 4909">
     <span class='ocr_line' id='line_1_91' title="bbox 2026 4852 2300 4909; baseline -0.007 0"><span class='ocrx_word' id='word_1_547' title='bbox 2026 4863 2080 4909; x_wconf 89' lang='lat' dir='ltr'><strong>et</strong></span> <span class='ocrx_word' id='word_1_548' title='bbox 2110 4852 2300 4908; x_wconf 83' lang='lat' dir='ltr'><strong>Jacob.</strong></span> 
     </span>
    </p>
   </div>
   <div class='ocr_carea' id='block_1_91' title="bbox 411 4944 2022 5025">
    <p class='ocr_par' dir='ltr' id='par_1_91' title="bbox 411 4951 1843 5025">
     <span class='ocr_line' id='line_1_92' title="bbox 411 4951 1843 5025; baseline -0.001 -18"><span class='ocrx_word' id='word_1_549' title='bbox 411 4955 515 5021; x_wconf 49' lang='grc' dir='ltr'><strong>κδ’.</strong></span> <span class='ocrx_word' id='word_1_550' title='bbox 548 4956 683 5025; x_wconf 67' lang='grc' dir='ltr'><strong>Περὶ</strong></span> <span class='ocrx_word' id='word_1_551' title='bbox 712 4955 877 5018; x_wconf 84' lang='grc' dir='ltr'><strong>Λείας</strong></span> <span class='ocrx_word' id='word_1_552' title='bbox 907 4953 1281 5025; x_wconf 85' lang='grc' dir='ltr'><strong>συλλαϐούσης</strong></span> <span class='ocrx_word' id='word_1_553' title='bbox 1310 4954 1401 5007; x_wconf 77' lang='grc' dir='ltr'><strong>τὸν</strong></span> <span class='ocrx_word' id='word_1_554' title='bbox 1442 4952 1673 5023; x_wconf 85' lang='grc' dir='ltr'><strong>Ῥουϐίμ</strong></span> <span class='ocrx_word' id='word_1_555' title='bbox 1699 4951 1843 5022; x_wconf 90' lang='lat' dir='ltr'><strong>(sic).</strong></span> 
     </span>
    </p>
   </div>
   <div class='ocr_carea' id='block_1_92' title="bbox 1434 4944 3045 5025">
    <p class='ocr_par' dir='ltr' id='par_1_92' title="bbox 1442 4944 3045 5023">
     <span class='ocr_line' id='line_1_93' title="bbox 1442 4944 3045 5023; baseline -0.004 -16"><span class='ocrx_word' id='word_1_556' title='bbox 1442 4952 1673 5023; x_wconf 85' lang='grc' dir='ltr'><strong>Ῥουϐίμ</strong></span> <span class='ocrx_word' id='word_1_557' title='bbox 1699 4951 1843 5022; x_wconf 90' lang='lat' dir='ltr'><strong>(sic).</strong></span> <span class='ocrx_word' id='word_1_558' title='bbox 2097 4947 2188 5002; x_wconf 72' lang='grc' dir='ltr'><strong>9ι.</strong></span> <span class='ocrx_word' id='word_1_559' title='bbox 2232 4948 2305 5001; x_wconf 85' lang='lat' dir='ltr'><strong>De</strong></span> <span class='ocrx_word' id='word_1_560' title='bbox 2330 4945 2425 5001; x_wconf 88' lang='lat' dir='ltr'><strong>Lia</strong></span> <span class='ocrx_word' id='word_1_561' title='bbox 2449 4945 2794 5014; x_wconf 83' lang='lat' dir='ltr'><strong>concipiente</strong></span> <span class='ocrx_word' id='word_1_562' title='bbox 2832 4944 3045 5000; x_wconf 90' lang='lat' dir='ltr'><strong>Ruben.</strong></span> 
     </span>
    </p>
   </div>
   <div class='ocr_carea' id='block_1_93' title="bbox 412 5033 2023 5118">
    <p class='ocr_par' dir='ltr' id='par_1_93' title="bbox 412 5044 1795 5118">
     <span class='ocr_line' id='line_1_94' title="bbox 412 5044 1795 5118; baseline -0.001 -19"><span class='ocrx_word' id='word_1_563' title='bbox 412 5052 512 5113; x_wconf 62' lang='grc' dir='ltr'><strong>1.,ε⁸.</strong></span> <span class='ocrx_word' id='word_1_564' title='bbox 556 5047 691 5118; x_wconf 77' lang='grc' dir='ltr'><strong>Περὶ</strong></span> <span class='ocrx_word' id='word_1_565' title='bbox 720 5047 909 5114; x_wconf 87' lang='grc' dir='ltr'><strong>Λείας,</strong></span> <span class='ocrx_word' id='word_1_566' title='bbox 934 5048 1029 5101; x_wconf 82' lang='grc' dir='ltr'><strong>καὶ</strong></span> <span class='ocrx_word' id='word_1_567' title='bbox 1056 5047 1286 5115; x_wconf 78' lang='grc' dir='ltr'><strong>Ζελφᾶς,</strong></span> <span class='ocrx_word' id='word_1_568' title='bbox 1314 5047 1409 5100; x_wconf 73' lang='grc' dir='ltr'><strong>καὶ</strong></span> <span class='ocrx_word' id='word_1_569' title='bbox 1441 5046 1551 5099; x_wconf 77' lang='grc' dir='ltr'><strong>τοῦ.</strong></span> <span class='ocrx_word' id='word_1_570' title='bbox 1578 5044 1795 5098; x_wconf 85' lang='grc' dir='ltr'><strong>Ἰακώϐ.</strong></span> 
     </span>
    </p>
   </div>
   <div class='ocr_carea' id='block_1_94' title="bbox 1483 5033 3094 5118">
    <p class='ocr_par' dir='ltr' id='par_1_94' title="bbox 1483 5033 3094 5106">
     <span class='ocr_line' id='line_1_95' title="bbox 1483 5033 3094 5106; baseline -0.006 -7"><span class='ocrx_word' id='word_1_571' title='bbox 1483 5046 1551 5099; x_wconf 68' lang='grc' dir='ltr'><strong>οὗ.</strong></span> <span class='ocrx_word' id='word_1_572' title='bbox 1578 5044 1795 5098; x_wconf 84' lang='grc' dir='ltr'><strong>Ἰακώϐ.</strong></span> <span class='ocrx_word' id='word_1_573' title='bbox 2096 5040 2187 5094; x_wconf 87' lang='lat'><strong>95.</strong></span> <span class='ocrx_word' id='word_1_574' title='bbox 2230 5039 2303 5093; x_wconf 88' lang='lat' dir='ltr'><strong>De</strong></span> <span class='ocrx_word' id='word_1_575' title='bbox 2331 5037 2448 5103; x_wconf 91' lang='lat' dir='ltr'><strong>Lia,</strong></span> <span class='ocrx_word' id='word_1_576' title='bbox 2481 5048 2534 5092; x_wconf 91' lang='lat' dir='ltr'><strong>et</strong></span> <span class='ocrx_word' id='word_1_577' title='bbox 2562 5036 2786 5106; x_wconf 82' lang='lat' dir='ltr'><strong>Zelpha,</strong></span> <span class='ocrx_word' id='word_1_578' title='bbox 2820 5045 2875 5089; x_wconf 90' lang='lat' dir='ltr'><strong>et</strong></span> <span class='ocrx_word' id='word_1_579' title='bbox 2904 5033 3094 5089; x_wconf 87' lang='lat' dir='ltr'><strong>Jacob.</strong></span> 
     </span>
    </p>
   </div>
   <div class='ocr_carea' id='block_1_95' title="bbox 410 5125 2021 5213">
    <p class='ocr_par' dir='ltr' id='par_1_95' title="bbox 410 5132 1785 5213">
     <span class='ocr_line' id='line_1_96' title="bbox 410 5132 1785 5213; baseline -0.002 -17"><span class='ocrx_word' id='word_1_580' title='bbox 410 5145 525 5208; x_wconf 70' lang='grc' dir='ltr'><strong>1ις⁸.</strong></span> <span class='ocrx_word' id='word_1_581' title='bbox 555 5141 691 5213; x_wconf 80' lang='grc' dir='ltr'><strong>Περὶ</strong></span> <span class='ocrx_word' id='word_1_582' title='bbox 712 5140 822 5195; x_wconf 82' lang='grc' dir='ltr'><strong>τῶν</strong></span> <span class='ocrx_word' id='word_1_583' title='bbox 853 5139 1243 5212; x_wconf 86' lang='grc' dir='ltr'><strong>μανδραγορῶν</strong></span> <span class='ocrx_word' id='word_1_584' title='bbox 1270 5133 1345 5195; x_wconf 83' lang='grc' dir='ltr'><strong>ὧν</strong></span> <span class='ocrx_word' id='word_1_585' title='bbox 1374 5132 1501 5211; x_wconf 75' lang='grc' dir='ltr'><strong>εὗρε</strong></span> <span class='ocrx_word' id='word_1_586' title='bbox 1534 5136 1785 5208; x_wconf 81' lang='grc' dir='ltr'><strong>Ῥουϐίμ.</strong></span> 
     </span>
    </p>
   </div>
   <div class='ocr_carea' id='block_1_96' title="bbox 1751 5125 3362 5213">
    <p class='ocr_par' dir='ltr' id='par_1_96' title="bbox 1751 5125 3362 5198">
     <span class='ocr_line' id='line_1_97' title="bbox 1751 5125 3362 5198; baseline -0.006 -9"><span class='ocrx_word' id='word_1_587' title='bbox 1751 5155 1785 5193; x_wconf 88' lang='grc' dir='ltr'><strong>ι.</strong></span> <span class='ocrx_word' id='word_1_588' title='bbox 2095 5130 2186 5186; x_wconf 87' lang='lat'><strong>96.</strong></span> <span class='ocrx_word' id='word_1_589' title='bbox 2222 5130 2295 5184; x_wconf 85' lang='lat' dir='ltr'><strong>De</strong></span> <span class='ocrx_word' id='word_1_590' title='bbox 2328 5127 2712 5198; x_wconf 82' lang='lat' dir='ltr'><strong>mandragoris</strong></span> <span class='ocrx_word' id='word_1_591' title='bbox 2740 5141 2879 5193; x_wconf 80' lang='lat' dir='ltr'><strong>quas</strong></span> <span class='ocrx_word' id='word_1_592' title='bbox 2906 5128 3112 5180; x_wconf 73' lang='lat' dir='ltr'><strong>invenit</strong></span> <span class='ocrx_word' id='word_1_593' title='bbox 3148 5125 3362 5180; x_wconf 81' lang='lat' dir='ltr'><strong>Ruben.</strong></span> 
     </span>
    </p>
   </div>
   <div class='ocr_carea' id='block_1_97' title="bbox 409 5217 2020 5302">
    <p class='ocr_par' dir='ltr' id='par_1_97' title="bbox 409 5227 1716 5302">
     <span class='ocr_line' id='line_1_98' title="bbox 409 5227 1716 5302; baseline -0.004 -17"><span class='ocrx_word' id='word_1_594' title='bbox 409 5230 494 5298; x_wconf 60' lang='grc' dir='ltr'><strong>1ιζ¹</strong></span> <span class='ocrx_word' id='word_1_595' title='bbox 501 5271 517 5286; x_wconf 94' lang='grc'><strong>.</strong></span> <span class='ocrx_word' id='word_1_596' title='bbox 545 5230 679 5302; x_wconf 76' lang='grc' dir='ltr'><strong>Περὶ</strong></span> <span class='ocrx_word' id='word_1_597' title='bbox 700 5230 801 5300; x_wconf 88' lang='grc' dir='ltr'><strong>τῆς</strong></span> <span class='ocrx_word' id='word_1_598' title='bbox 842 5229 1046 5302; x_wconf 81' lang='grc' dir='ltr'><strong>Ῥαχὴλ</strong></span> <span class='ocrx_word' id='word_1_599' title='bbox 1073 5229 1343 5299; x_wconf 85' lang='grc' dir='ltr'><strong>τεκούσης</strong></span> <span class='ocrx_word' id='word_1_600' title='bbox 1372 5230 1463 5283; x_wconf 80' lang='grc' dir='ltr'><strong>τὸν</strong></span> <span class='ocrx_word' id='word_1_601' title='bbox 1493 5227 1716 5297; x_wconf 82' lang='grc' dir='ltr'><strong>Ἰωσήφ.</strong></span> 
     </span>
    </p>
   </div>
   <div class='ocr_carea' id='block_1_98' title="bbox 1438 5217 3049 5302">
    <p class='ocr_par' dir='ltr' id='par_1_98' title="bbox 1438 5217 3049 5297">
     <span class='ocr_line' id='line_1_99' title="bbox 1438 5217 3049 5297; baseline -0.006 -15"><span class='ocrx_word' id='word_1_602' title='bbox 1438 5248 1463 5283; x_wconf 90' lang='grc' dir='ltr'><strong>ν</strong></span> <span class='ocrx_word' id='word_1_603' title='bbox 1493 5227 1716 5297; x_wconf 81' lang='grc' dir='ltr'><strong>Ἰωσήφ.</strong></span> <span class='ocrx_word' id='word_1_604' title='bbox 2096 5224 2186 5279; x_wconf 90' lang='grc'><strong>97.</strong></span> <span class='ocrx_word' id='word_1_605' title='bbox 2222 5223 2296 5277; x_wconf 88' lang='lat' dir='ltr'><strong>De</strong></span> <span class='ocrx_word' id='word_1_606' title='bbox 2319 5220 2523 5276; x_wconf 87' lang='lat' dir='ltr'><strong>Rachel</strong></span> <span class='ocrx_word' id='word_1_607' title='bbox 2555 5219 2799 5290; x_wconf 80' lang='lat' dir='ltr'><strong>pariente</strong></span> <span class='ocrx_word' id='word_1_608' title='bbox 2825 5217 3049 5288; x_wconf 61' lang='lat' dir='ltr'><strong>Ioseph.</strong></span> 
     </span>
    </p>
   </div>
   <div class='ocr_carea' id='block_1_99' title="bbox 411 5312 2022 5391">
    <p class='ocr_par' dir='ltr' id='par_1_99' title="bbox 411 5317 1772 5391">
     <span class='ocr_line' id='line_1_100' title="bbox 411 5317 1772 5391; baseline -0.005 -14"><span class='ocrx_word' id='word_1_609' title='bbox 411 5325 521 5391; x_wconf 50' lang='grc' dir='ltr'><strong>κη’.</strong></span> <span class='ocrx_word' id='word_1_610' title='bbox 559 5320 693 5391; x_wconf 78' lang='grc' dir='ltr'><strong>Περὶ</strong></span> <span class='ocrx_word' id='word_1_611' title='bbox 721 5320 818 5375; x_wconf 83' lang='grc' dir='ltr'><strong>τοῦ</strong></span> <span class='ocrx_word' id='word_1_612' title='bbox 842 5319 1041 5374; x_wconf 81' lang='grc' dir='ltr'><strong>Ἰακὼϐ</strong></span> <span class='ocrx_word' id='word_1_613' title='bbox 1068 5319 1398 5390; x_wconf 79' lang='grc' dir='ltr'><strong>θελήσαντος</strong></span> <span class='ocrx_word' id='word_1_614' title='bbox 1435 5317 1772 5371; x_wconf 78' lang='grc' dir='ltr'><strong>ἐπανελθεῖν.</strong></span> 
     </span>
    </p>
   </div>
   <div class='ocr_carea' id='block_1_100' title="bbox 1376 5312 2987 5391">
    <p class='ocr_par' dir='ltr' id='par_1_100' title="bbox 1376 5312 2987 5384">
     <span class='ocr_line' id='line_1_101' title="bbox 1376 5312 2987 5384; baseline -0.004 -14"><span class='ocrx_word' id='word_1_615' title='bbox 1376 5336 1398 5381; x_wconf 81' lang='grc' dir='ltr'><strong>ς</strong></span> <span class='ocrx_word' id='word_1_616' title='bbox 1435 5317 1772 5371; x_wconf 72' lang='grc' dir='ltr'><strong>ἐπανελθεῖν.</strong></span> <span class='ocrx_word' id='word_1_617' title='bbox 2097 5318 2186 5371; x_wconf 84' lang='grc'><strong>98.</strong></span> <span class='ocrx_word' id='word_1_618' title='bbox 2220 5315 2295 5371; x_wconf 86' lang='lat' dir='ltr'><strong>De</strong></span> <span class='ocrx_word' id='word_1_619' title='bbox 2325 5315 2494 5370; x_wconf 85' lang='lat' dir='ltr'><strong>Jacob</strong></span> <span class='ocrx_word' id='word_1_620' title='bbox 2521 5314 2734 5368; x_wconf 79' lang='lat' dir='ltr'><strong>volente</strong></span> <span class='ocrx_word' id='word_1_621' title='bbox 2757 5312 2987 5384; x_wconf 75' lang='lat' dir='ltr'><strong>regredi.</strong></span> 
     </span>
    </p>
   </div>
   <div class='ocr_carea' id='block_1_101' title="bbox 410 5400 2021 5484">
    <p class='ocr_par' dir='ltr' id='par_1_101' title="bbox 410 5408 1917 5484">
     <span class='ocr_line' id='line_1_102' title="bbox 410 5408 1917 5484; baseline -0.001 -20"><span class='ocrx_word' id='word_1_622' title='bbox 410 5412 513 5479; x_wconf 59' lang='grc' dir='ltr'><strong>ιιθκ</strong></span> <span class='ocrx_word' id='word_1_623' title='bbox 543 5412 805 5484; x_wconf 88' lang='grc' dir='ltr'><strong>Δεύτερος</strong></span> <span class='ocrx_word' id='word_1_624' title='bbox 832 5412 1218 5483; x_wconf 77' lang='grc' dir='ltr'><strong>χρηματισμὸς</strong></span> <span class='ocrx_word' id='word_1_625' title='bbox 1263 5411 1399 5481; x_wconf 83' lang='grc' dir='ltr'><strong>πρὸς</strong></span> <span class='ocrx_word' id='word_1_626' title='bbox 1426 5408 1643 5475; x_wconf 88' lang='grc' dir='ltr'><strong>Ἰακὼϐ,</strong></span> <span class='ocrx_word' id='word_1_627' title='bbox 1664 5411 1793 5480; x_wconf 79' lang='grc' dir='ltr'><strong>περὶ</strong></span> <span class='ocrx_word' id='word_1_628' title='bbox 1820 5410 1917 5480; x_wconf 83' lang='grc' dir='ltr'><strong>τῆς</strong></span> 
     </span>
    </p>
   </div>
   <div class='ocr_carea' id='block_1_102' title="bbox 1993 5400 3604 5484">
    <p class='ocr_par' dir='ltr' id='par_1_102' title="bbox 2092 5400 3604 5467">
     <span class='ocr_line' id='line_1_103' title="bbox 2092 5400 3604 5467; baseline -0.005 -5"><span class='ocrx_word' id='word_1_629' title='bbox 2092 5408 2184 5464; x_wconf 88' lang='lat'><strong>99.</strong></span> <span class='ocrx_word' id='word_1_630' title='bbox 2229 5407 2479 5462; x_wconf 84' lang='lat' dir='ltr'><strong>Secunda</strong></span> <span class='ocrx_word' id='word_1_631' title='bbox 2507 5405 2766 5461; x_wconf 75' lang='lat' dir='ltr'><strong>revelatio</strong></span> <span class='ocrx_word' id='word_1_632' title='bbox 2793 5404 2860 5459; x_wconf 91' lang='lat' dir='ltr'><strong>ad</strong></span> <span class='ocrx_word' id='word_1_633' title='bbox 2901 5401 3091 5467; x_wconf 83' lang='lat' dir='ltr'><strong>Jacob,</strong></span> <span class='ocrx_word' id='word_1_634' title='bbox 3120 5402 3189 5459; x_wconf 87' lang='lat' dir='ltr'><strong>de</strong></span> <span class='ocrx_word' id='word_1_635' title='bbox 3228 5400 3375 5455; x_wconf 77' lang='lat' dir='ltr'><strong>illius</strong></span> <span class='ocrx_word' id='word_1_636' title='bbox 3408 5401 3604 5455; x_wconf 89' lang='lat' dir='ltr'><strong>reditu.</strong></span> 
     </span>
    </p>
   </div>
   <div class='ocr_carea' id='block_1_103' title="bbox 339 5503 970 5567">
    <p class='ocr_par' dir='ltr' id='par_1_103' title="bbox 339 5503 970 5567">
     <span class='ocr_line' id='line_1_104' title="bbox 339 5503 970 5567; baseline 0.005 -12"><span class='ocrx_word' id='word_1_637' title='bbox 339 5503 747 5567; x_wconf 75' lang='grc' dir='ltr'><strong>ἐπανελεύσεως</strong></span> <span class='ocrx_word' id='word_1_638' title='bbox 779 5505 970 5560; x_wconf 78' lang='grc' dir='ltr'><strong>αὐτοῦ.</strong></span> 
     </span>
    </p>
   </div>
   <div class='ocr_carea' id='block_1_104' title="bbox 414 5593 2025 5682">
    <p class='ocr_par' dir='ltr' id='par_1_104' title="bbox 414 5593 1917 5669">
     <span class='ocr_line' id='line_1_105' title="bbox 414 5593 1917 5669; baseline -0.001 -20"><span class='ocrx_word' id='word_1_639' title='bbox 414 5602 481 5666; x_wconf 84' lang='grc' dir='ltr'><strong>ρ’.</strong></span> <span class='ocrx_word' id='word_1_640' title='bbox 508 5598 640 5667; x_wconf 76' lang='grc' dir='ltr'><strong>Περὶ</strong></span> <span class='ocrx_word' id='word_1_641' title='bbox 669 5593 744 5651; x_wconf 84' lang='grc' dir='ltr'><strong>ὧν</strong></span> <span class='ocrx_word' id='word_1_642' title='bbox 767 5593 923 5652; x_wconf 69' lang='grc' dir='ltr'><strong>εἶπεν</strong></span> <span class='ocrx_word' id='word_1_643' title='bbox 951 5596 1148 5652; x_wconf 83' lang='grc' dir='ltr'><strong>Ἰακὼϐ</strong></span> <span class='ocrx_word' id='word_1_644' title='bbox 1164 5599 1231 5669; x_wconf 77' lang='grc' dir='ltr'><strong>τῇ</strong></span> <span class='ocrx_word' id='word_1_645' title='bbox 1269 5597 1490 5669; x_wconf 73' lang='grc' dir='ltr'><strong>Ῥαχὴλ,</strong></span> <span class='ocrx_word' id='word_1_646' title='bbox 1517 5598 1613 5652; x_wconf 77' lang='grc' dir='ltr'><strong>καὶ</strong></span> <span class='ocrx_word' id='word_1_647' title='bbox 1639 5598 1793 5669; x_wconf 78' lang='grc' dir='ltr'><strong>Λείᾳ,</strong></span> <span class='ocrx_word' id='word_1_648' title='bbox 1822 5598 1917 5650; x_wconf 71' lang='grc' dir='ltr'><strong>καὶ</strong></span> 
     </span>
    </p>
   </div>
   <div class='ocr_carea' id='block_1_105' title="bbox 1996 5593 3607 5682">
    <p class='ocr_par' dir='ltr' id='par_1_105' title="bbox 2101 5608 3607 5682">
     <span class='ocr_line' id='line_1_106' title="bbox 2101 5608 3607 5682; baseline -0.003 -15"><span class='ocrx_word' id='word_1_649' title='bbox 2101 5614 2224 5667; x_wconf 82' lang='grc'>100.</span> <span class='ocrx_word' id='word_1_650' title='bbox 2250 5611 2325 5667; x_wconf 87' lang='lat' dir='ltr'><strong>De</strong></span> <span class='ocrx_word' id='word_1_651' title='bbox 2360 5612 2445 5668; x_wconf 90' lang='lat' dir='ltr'><strong>his</strong></span> <span class='ocrx_word' id='word_1_652' title='bbox 2466 5628 2588 5682; x_wconf 76' lang='lat' dir='ltr'><strong>qua:</strong></span> <span class='ocrx_word' id='word_1_653' title='bbox 2619 5612 2757 5666; x_wconf 80' lang='lat' dir='ltr'><strong>dixit</strong></span> <span class='ocrx_word' id='word_1_654' title='bbox 2781 5610 2948 5667; x_wconf 77' lang='lat' dir='ltr'><strong>Jacob</strong></span> <span class='ocrx_word' id='word_1_655' title='bbox 2972 5609 3267 5676; x_wconf 86' lang='lat' dir='ltr'><strong>Raehel,et</strong></span> <span class='ocrx_word' id='word_1_656' title='bbox 3294 5608 3424 5671; x_wconf 56' lang='grc' dir='ltr'><strong>ΜΒ,</strong></span> <span class='ocrx_word' id='word_1_657' title='bbox 3458 5617 3510 5663; x_wconf 88' lang='lat' dir='ltr'><strong>ct</strong></span> <span class='ocrx_word' id='word_1_658' title='bbox 3540 5609 3607 5663; x_wconf 78' lang='grc' dir='ltr'><strong>«⁸ο</strong></span> 
     </span>
    </p>
   </div>
   <div class='ocr_carea' id='block_1_106' title="bbox 335 5689 1946 5772">
    <p class='ocr_par' dir='ltr' id='par_1_106' title="bbox 335 5689 1364 5762">
     <span class='ocr_line' id='line_1_107' title="bbox 335 5689 1364 5762; baseline 0.002 -19"><span class='ocrx_word' id='word_1_659' title='bbox 335 5691 469 5759; x_wconf 73' lang='grc' dir='ltr'><strong>περὶ</strong></span> <span class='ocrx_word' id='word_1_660' title='bbox 495 5689 589 5743; x_wconf 79' lang='grc' dir='ltr'><strong>τοῦ</strong></span> <span class='ocrx_word' id='word_1_661' title='bbox 620 5690 755 5744; x_wconf 85' lang='grc' dir='ltr'><strong>Θεοῦ</strong></span> <span class='ocrx_word' id='word_1_662' title='bbox 779 5689 875 5743; x_wconf 82' lang='grc' dir='ltr'><strong>τοῦ</strong></span> <span class='ocrx_word' id='word_1_663' title='bbox 906 5690 1169 5759; x_wconf 82' lang='grc' dir='ltr'><strong>ὀφθέντος</strong></span> <span class='ocrx_word' id='word_1_664' title='bbox 1194 5691 1364 5762; x_wconf 86' lang='grc' dir='ltr'><strong>αὐτῷ.</strong></span> 
     </span>
    </p>
   </div>
   <div class='ocr_carea' id='block_1_107' title="bbox 1061 5689 2672 5772">
    <p class='ocr_par' dir='ltr' id='par_1_107' title="bbox 1061 5691 2672 5772">
     <span class='ocr_line' id='line_1_108' title="bbox 1061 5691 2672 5772; baseline -0.001 -17"><span class='ocrx_word' id='word_1_665' title='bbox 1061 5708 1169 5755; x_wconf 57' lang='grc' dir='ltr'><strong>’τος</strong></span> <span class='ocrx_word' id='word_1_666' title='bbox 1194 5691 1364 5762; x_wconf 81' lang='grc' dir='ltr'><strong>αὖτῷο</strong></span> <span class='ocrx_word' id='word_1_667' title='bbox 2030 5700 2137 5755; x_wconf 87' lang='lat' dir='ltr'><strong>Deo</strong></span> <span class='ocrx_word' id='word_1_668' title='bbox 2162 5702 2253 5772; x_wconf 84' lang='lat' dir='ltr'><strong>qui</strong></span> <span class='ocrx_word' id='word_1_669' title='bbox 2289 5703 2364 5756; x_wconf 90' lang='lat' dir='ltr'><strong>illi</strong></span> <span class='ocrx_word' id='word_1_670' title='bbox 2405 5704 2672 5772; x_wconf 88' lang='lat' dir='ltr'><strong>apparuit.</strong></span> 
     </span>
    </p>
   </div>
   <div class='ocr_carea' id='block_1_108' title="bbox 411 5781 2022 5861">
    <p class='ocr_par' dir='ltr' id='par_1_108' title="bbox 411 5781 1915 5856">
     <span class='ocr_line' id='line_1_109' title="bbox 411 5781 1915 5856; baseline -0.001 -20"><span class='ocrx_word' id='word_1_671' title='bbox 411 5788 512 5851; x_wconf 86' lang='grc' dir='ltr'><strong>ρα’.</strong></span> <span class='ocrx_word' id='word_1_672' title='bbox 548 5783 685 5852; x_wconf 82' lang='grc' dir='ltr'><strong>Περὶ</strong></span> <span class='ocrx_word' id='word_1_673' title='bbox 708 5784 806 5853; x_wconf 83' lang='grc' dir='ltr'><strong>τῆς</strong></span> <span class='ocrx_word' id='word_1_674' title='bbox 828 5784 1090 5837; x_wconf 80' lang='grc' dir='ltr'><strong>ἐπανόδου</strong></span> <span class='ocrx_word' id='word_1_675' title='bbox 1111 5784 1206 5837; x_wconf 81' lang='grc' dir='ltr'><strong>τοῦ</strong></span> <span class='ocrx_word' id='word_1_676' title='bbox 1228 5784 1421 5841; x_wconf 82' lang='grc' dir='ltr'><strong>Ἰακὼϐ</strong></span> <span class='ocrx_word' id='word_1_677' title='bbox 1448 5787 1575 5856; x_wconf 79' lang='grc' dir='ltr'><strong>περὶ</strong></span> <span class='ocrx_word' id='word_1_678' title='bbox 1597 5781 1672 5840; x_wconf 82' lang='grc' dir='ltr'><strong>ὧν</strong></span> <span class='ocrx_word' id='word_1_679' title='bbox 1691 5782 1915 5853; x_wconf 74' lang='grc' dir='ltr'><strong>ἔκλεψεν</strong></span> 
     </span>
    </p>
   </div>
   <div class='ocr_carea' id='block_1_109' title="bbox 1999 5781 3610 5861">
    <p class='ocr_par' dir='ltr' id='par_1_109' title="bbox 2101 5791 3610 5861">
     <span class='ocr_line' id='line_1_110' title="bbox 2101 5791 3610 5861; baseline -0.004 -12"><span class='ocrx_word' id='word_1_680' title='bbox 2101 5796 2224 5850; x_wconf 83' lang='grc'><strong>101.</strong></span> <span class='ocrx_word' id='word_1_681' title='bbox 2254 5795 2329 5849; x_wconf 88' lang='lat' dir='ltr'><strong>De</strong></span> <span class='ocrx_word' id='word_1_682' title='bbox 2357 5810 2603 5860; x_wconf 81' lang='lat' dir='ltr'><strong>regressu</strong></span> <span class='ocrx_word' id='word_1_683' title='bbox 2634 5792 2832 5860; x_wconf 81' lang='lat' dir='ltr'><strong>Jacoh;</strong></span> <span class='ocrx_word' id='word_1_684' title='bbox 2871 5794 2938 5849; x_wconf 89' lang='lat' dir='ltr'><strong>de</strong></span> <span class='ocrx_word' id='word_1_685' title='bbox 2980 5791 3138 5849; x_wconf 83' lang='lat' dir='ltr'><strong>idolis</strong></span> <span class='ocrx_word' id='word_1_686' title='bbox 3168 5807 3289 5861; x_wconf 75' lang='lat' dir='ltr'><strong>qua:</strong></span> <span class='ocrx_word' id='word_1_687' title='bbox 3322 5791 3495 5846; x_wconf 82' lang='lat' dir='ltr'><strong>furata</strong></span> <span class='ocrx_word' id='word_1_688' title='bbox 3528 5796 3610 5843; x_wconf 88' lang='lat' dir='ltr'><strong>cst</strong></span> 
     </span>
    </p>
   </div>
   <div class='ocr_carea' id='block_1_110' title="bbox 332 5872 1943 5955">
    <p class='ocr_par' dir='ltr' id='par_1_110' title="bbox 332 5874 1383 5949">
     <span class='ocr_line' id='line_1_111' title="bbox 332 5874 1383 5949; baseline 0.005 -21"><span class='ocrx_word' id='word_1_689' title='bbox 332 5875 572 5929; x_wconf 81' lang='grc' dir='ltr'><strong>εἰδώλων</strong></span> <span class='ocrx_word' id='word_1_690' title='bbox 608 5874 813 5947; x_wconf 71' lang='grc' dir='ltr'><strong>Ῥαχὴλ</strong></span> <span class='ocrx_word' id='word_1_691' title='bbox 840 5875 934 5930; x_wconf 80' lang='grc' dir='ltr'><strong>τοῦ</strong></span> <span class='ocrx_word' id='word_1_692' title='bbox 964 5877 1168 5947; x_wconf 73' lang='grc' dir='ltr'><strong>πατρὸς</strong></span> <span class='ocrx_word' id='word_1_693' title='bbox 1194 5879 1383 5949; x_wconf 82' lang='grc' dir='ltr'><strong>αὐτῆς.</strong></span> 
     </span>
    </p>
   </div>
   <div class='ocr_carea' id='block_1_111' title="bbox 1199 5872 2810 5955">
    <p class='ocr_par' dir='ltr' id='par_1_111' title="bbox 1199 5879 2657 5955">
     <span class='ocr_line' id='line_1_112' title="bbox 1199 5879 2657 5955; baseline 0.005 -24"><span class='ocrx_word' id='word_1_694' title='bbox 1199 5879 1383 5949; x_wconf 77' lang='grc' dir='ltr'><strong>αὐτῆς.</strong></span> <span class='ocrx_word' id='word_1_695' title='bbox 2027 5884 2233 5939; x_wconf 83' lang='lat' dir='ltr'><strong>Rachel</strong></span> <span class='ocrx_word' id='word_1_696' title='bbox 2266 5900 2295 5938; x_wconf 88' lang='lat' dir='ltr'><strong>a</strong></span> <span class='ocrx_word' id='word_1_697' title='bbox 2332 5894 2483 5955; x_wconf 83' lang='lat' dir='ltr'><strong>patre</strong></span> <span class='ocrx_word' id='word_1_698' title='bbox 2513 5895 2657 5953; x_wconf 64' lang='lat' dir='ltr'><strong>sum}</strong></span> 
     </span>
    </p>
   </div>
  </div>
