4080 6436
480 436 573 499 1“?
584 436 607 499 1
1184 431 1579 493 OPUSCULA
1622 428 2252 491 SCRIPTURISTICA
2289 428 2638 490 INCERTE
2678 430 2987 492 ETATIS.
3636 425 3782 489 i032

554 548 671 603 102.
717 546 793 601 De
842 544 1173 602 revelatione
1217 544 1282 597 ad
1320 543 1504 597 Laban
1561 543 1627 598 de
1678 540 1843 596 Iacob
1885 550 1941 596 et
1983 540 2051 596 de
2078 545 2127 604 Α

2229 540 2329 610 ρβ’.
2365 541 2503 611 Περὶ
2531 541 2625 595 τοῦ
2659 538 3045 611 χρηματισμοῦ
3078 538 3174 593 τοῦ
3204 538 3338 612 πρὸς
3374 538 3591 594 Λάϐαν
3637 540 3783 611 περὶ

474 640 633 694 idolis
2153 635 2248 689 τοῦ
2278 635 2495 695 Ἰακὼϐ.
2531 634 2626 687 καὶ
2656 636 2785 704 περὶ
2813 636 2922 686 τῶν
2955 633 3210 688 εἰδώλων.

544 733 668 789 105.
705 731 905 788 Fmdus
927 730 1098 785 Jacob
1127 740 1181 784 et
1209 728 1417 785 Laban.

2228 734 2330 799 ργ¹,
2363 727 2606 797 Διαθήκη
2631 725 2723 779 τοῦ
2755 726 2947 779 Ἰακὼϐ
2973 728 3065 781 καὶ
3092 727 3185 779 τοῦ
3213 726 3417 785 Λάϐαν.

546 824 666 877 104.
700 825 772 877 De
802 822 1055 876 columna
1082 829 1136 874 et
1170 819 1379 874 tumqu
1407 817 1729 873 testimonii.

2226 818 2300 887 ρδ¹
2306 821 2403 875 ,Πε
2413 820 2467 890 pi.
2488 821 2585 886 τῆς
2608 819 2828 889 στήλης,
2858 819 2953 873 καὶ
2976 818 3070 872 τοῦ
3096 819 3287 890 βουνοῦ
3307 819 3401 873 τοῦ
3424 820 3777 891 μάρτυρος.

544 915 668 993 1οΞξ.
702 914 777 969 De
809 912 1017 984 angelis
1056 912 1149 983 qui
1182 910 1401 966 obviam
1432 910 1569 966 ﬁunt
1596 909 1785 965 Jacob.
1894 944 1897 947 λ

2226 918 2324 981 pe’.
2362 911 2501 982 Περὶ
2530 913 2626 981 τῆς
2654 911 3028 981 συναντήσεως
3055 910 3163 964 τῶν
3186 912 3432 979 ἀγγέλων
3466 911 3594 981 τῆς
3624 912 3784 981 πρὸς

2157 1002 2376 1059 Ἰακώϐ.

545 1095 664 1150 106.
702 1094 777 1151 De
809 1094 953 1151 Esau
991 1094 1244 1151 veniente
1265 1093 1482 1153 obviam
1509 1092 1699 1148 Jacob.

2231 1103 2341 1168 ρς’.
2378 1095 2513 1167 Περὶ
2539 1094 2633 1149 τοῦ
2672 1093 2845 1148 Ἦσαῦ
2875 1094 3172 1166 ἐρχομένου
3201 1096 3281 1161 εἰς
3307 1098 3667 1170 συνάντησιν
3691 1094 3782 1165 τῷ

2157 1187 2374 1242 Ἰακώϐ.

543 1284 659 1337 107.
692 1282 767 1336 De
799 1280 1040 1337 luctante
1069 1296 1191 1335 cum
1218 1279 1409 1336 Jacob.

2230 1278 2331 1351 ρξ’.
2366 1280 2502 1349 Περὶ
2539 1280 2631 1334 τοῦ
2669 1279 3034 1344 παλαίσαντος
3072 1280 3211 1351 μετὰ
3239 1280 3450 1335 Ἰακώϐ.

542 1374 666 1427 108.
697 1373 770 1426 De
799 1371 1113 1427 occurentia
1145 1370 1287 1425 Esau
1320 1379 1373 1425 et
1396 1368 1588 1424 Jacob.

2230 1368 2334 1440 οη’.
2372 1371 2507 1440 Περὶ
2543 1370 2643 1440 τῆς
2668 1359 3045 1440 συναντῆσεως
3080 1371 3249 1425 Ἦσαῦ
3281 1374 3373 1424 καὶ
3399 1370 3651 1424 Ἰακώϐ.

546 1466 667 1519 109.
700 1464 831 1531 Quae
851 1465 919 1520 ad
955 1462 1151 1518 Dinam
1185 1464 1418 1517 attinent
1459 1462 1623 1515 filiam
1650 1459 1819 1516 Jacob
1844 1468 1895 1515 et
1921 1459 2051 1522 Line,

2229 1461 2329 1531 ρο’.
2365 1462 2448 1516 Τὰ
2482 1462 2621 1516 κατὰ
2645 1463 2744 1531 τὴν
2773 1463 2932 1517 Δείνα
2964 1465 3063 1534 τὴν
3094 1463 3368 1536 θυγατέρα
3389 1463 3635 1529 Ἰακὼϐ,
3671 1463 3779 1516 καὶ

2156 1556 2340 1612 Λείας.

546 1648 668 1701 110.
693 1646 874 1701 Tertia
910 1646 1171 1701 revelatio
1206 1645 1271 1699 ad
1304 1643 1472 1700 Jacob
1509 1644 1562 1699 in
1605 1644 1822 1699 Sichem
1851 1644 1915 1699 de
1953 1644 2047 1699 Be-

2228 1592 2317 1719 pt':
2343 1647 2537 1718 Τρίτος
2569 1648 2953 1717 χρηματισμὸς
2998 1648 3133 1719 πρὸς
3158 1647 3350 1701 Ἰακὼϐ
3380 1648 3437 1701 ἐν
3458 1647 3621 1733 .Eud;
3633 1662 3775 1713 μοις

475 1741 606 1807 thel,
639 1748 691 1794 et
718 1738 831 1795 Deo
870 1740 965 1809 qui
1018 1740 1094 1794 illi
1148 1740 1418 1809 apparuit,
1463 1739 1682 1809 quando
1732 1737 1860 1792 fodit
1922 1737 2054 1793 deos

2159 1739 2284 1810 περὶ
2316 1739 2417 1809 τῆς
2449 1738 2672 1809 Βαιθὴλ,
2720 1739 2814 1791 καὶ
2854 1736 2947 1791 τοῦ
2989 1738 3245 1807 ὀφθέντος
3279 1737 3425 1808 αὒτῷ
3451 1736 3633 1802 Θέοὖ,
3668 1737 3770 1789 ὅτε

475 1830 683 1884 alienos
713 1830 815 1885 sub
842 1830 1165 1884 terebintho.

2160 1828 2469 1900 κατέκρυψε
2493 1830 2618 1891 τοὺς
2641 1829 2954 1899 ἀλλοτρίους
2976 1828 3131 1893 θεοὺς
3148 1829 3253 1881 ὑπὸ
3270 1828 3368 1899 τὴν
3391 1827 3771 1899 τερέϐινθον.

547 1924 669 1977 111.
700 1922 905 1990 Quarta
943 1922 1204 1978 revelatio
1237 1922 1292 1976 in
1326 1920 1669 1993 apparitione
1695 1921 1761 1976 ad
1794 1920 1985 1977 Jacob.
2084 1909 2129 1970 Β

2228 1928 2357 1993 ρια’.
2419 1922 2693 1993 Τέταρτος
2750 1920 3133 1993 χρηματισμὸς
3193 1922 3251 1975 ἐν
3303 1920 3543 1992 ὀπτασίᾳ.
3609 1919 3772 1990 πρὸς

2155 2012 2369 2068 Ἰακώϐ.

546 2111 569 2164 1
591 2110 665 2164 [Ξ.
703 2110 880 2165 Deest.

2226 2105 2356 2179 ριβ’.
2388 2108 2558 2163 Λείπ.

547 2207 672 2260 115.
698 2206 830 2272 Qua:
863 2205 930 2261 ad
966 2205 1153 2261 Ruben
1194 2213 1249 2261 et
1272 2205 1457 2259 Balam
1493 2210 1763 2275 spectant.

2228 2198 2351 2272 ριγ’.
2388 2201 2467 2252 Τὰ
2494 2199 2633 2254 κατὰ
2676 2198 2901 2270 Ῥουϐὶμ
2926 2200 3019 2254 καὶ
3058 2199 3157 2271 τὴν
3185 2198 3412 2253 Βάλλαν.

546 2299 672 2354 114.
704 2297 780 2353 De
808 2298 1123 2367 genealogia
1153 2296 1324 2352 Jacob
1354 2304 1409 2351 et
1440 2306 1614 2351 morte
1646 2295 1817 2350 Isaac.

2228 2296 2345 2365 ριδ¹.
2386 2296 2520 2366 Περὶ
2548 2294 2644 2365 τῆς
2673 2294 3023 2364 γενεαλογίας
3050 2291 3267 2357 Ἰακὼϐ,
3296 2292 3389 2345 καὶ
3425 2290 3525 2361 τῆς
3548 2287 3765 2342 τελευ-

2153 2389 2250 2460 τῆς
2278 2388 2486 2442 Ἰσαάκ.

547 2482 670 2537 115.
724 2482 799 2537 De
845 2480 1160 2553 genealogia
1207 2479 1378 2549 Esau,
1408 2479 1627 2551 quando
1668 2478 1801 2534 abiit
1834 2492 1865 2534 e
1911 2486 2053 2533 terra

2229 2480 2346 2553 ριε’.
2382 2481 2516 2551 Περὶ
2560 2481 2665 2551 τῆς
2712 2479 3065 2550 γενεαλογίας
3095 2477 3295 2541 Ἠσαῦ,
3341 2476 3416 2541 ὡς
3457 2473 3758 2546 ἐπορεύθη

472 2574 735 2629 Chanaan
771 2582 895 2627 ante
930 2571 1121 2628 faciem
1146 2570 1337 2627 Jacob.

2155 2574 2219 2626 ἐκ
2252 2575 2355 2643 γῆς
2380 2572 2605 2627 Χαναὰν
2646 2572 2754 2627 ἀπὸ
2787 2570 3085 2643 προσώπου
3108 2569 3327 2623 Ἰακώϐ.

547 2666 674 2721 116.
710 2666 787 2723 De
818 2666 905 2721 bis
936 2665 1030 2736 qui
1060 2672 1427 2739 regnaverunt
1452 2664 1507 2717 in
1540 2662 1735 2717 Edom.

2230 2662 2361 2736 ρις’.
2392 2664 2527 2734 Περὶ
2563 2665 2670 2720 τῶν
2705 2662 3139 2735 βασιλευσάντων
3163 2664 3219 2715 ἐν
3247 2659 3448 2730 Ἑδὼμ.

544 2760 671 2815 117.
704 2759 836 2826 Qua:
872 2758 939 2814 ad
968 2757 1166 2828 Joseph
1206 2768 1259 2811 et
1294 2756 1490 2812 fratres
1517 2756 1636 2826 ejus
1658 2754 1910 2810 attinent.

2231 2754 2356 2825 ριζ’.
2387 2757 2467 2810 Τὰ
2496 2757 2639 2811 κατὰ
2677 2756 2897 2828 Ἰωσὴφ,
2931 2756 3026 2809 xui.
3051 2754 3179 2817 τοὺς
3198 2752 3458 2820 ἀδελφοὺς
3484 2750 3688 2805 αὐτοῦ.

546 2852 670 2905 118.
701 2849 775 2905 De
803 2849 1034 2905 somniis
1072 2848 1294 2918 Joseph.

2232 2856 2361 2919 ριη’.
2393 2849 2531 2919 Περὶ
2568 2850 2677 2903 τῶν
2703 2848 2971 2901 ἐνυπνίων
3010 2847 3231 2917 Ἰωσήφ.

548 2943 673 2996 119.
708 2940 785 2995 De
821 2939 1020 3011 Joseph
1045 2940 1249 2994 emisso
1275 2937 1343 2995 ad
1366 2936 1565 2994 fratres
1598 2951 1749 2993 suos.

2232 2940 2355 3013 ριθ’.
2386 2942 2521 3012 Περὶ
2551 2940 2644 2994 τοῦ
2676 2941 2875 3012 Ἰωσὴφ
2918 2938 3384 3010 ἀποστελλομένου
3429 2939 3566 3011 πρὸς
3615 2938 3753 3001 τοὺς

2158 3032 2422 3102 ἀδελφοὺς
2455 3032 2641 3088 αὑτοῦ.

550 3124 672 3178 120.
701 3122 834 3191 Quae
864 3122 932 3177 ad
968 3121 1164 3177 Iudam
1196 3128 1252 3177 et
1279 3133 1506 3176 uxorem
1534 3118 1656 3190 ejus
1697 3116 1894 3173 Savam
1926 3118 2054 3172 atti-

2233 3124 2336 3197 ρκ’.
2369 3126 2450 3179 Τὰ
2480 3124 2622 3179 κατὰ
2661 3122 2754 3178 τὸν
2779 3123 3006 3190 Ἰούδαν,
3037 3122 3133 3177 καὶ
3161 3121 3261 3192 τὴν
3292 3122 3527 3190 γυναῖκα
3570 3119 3749 3173 αὐτοῦ

479 3224 630 3269 DCIII.
2085 3261 2090 3294 ⁴

1647 3305 1650 3306 ν
1763 3304 1784 3306 _
1844 3304 1855 3306 _
2085 3218 2364 3306 οΣαυάν.

548 3311 669 3365 121.
706 3309 837 3376 Quae
856 3309 923 3364 ad
950 3308 1189 3365 Thamar
1214 3317 1461 3379 spectant
1497 3314 1552 3362 et
1581 3305 1721 3362 filios
1756 3304 1917 3360 Juda.
2096 3302 2125 3306 '

2237 3306 2375 3379 ρκα’.
2410 3308 2492 3362 Τὰ
2515 3306 2659 3360 κατὰ
2685 3307 2784 3377 τὴν
2804 3307 3025 3378 Θάμαρ,
3057 3306 3155 3361 καὶ
3193 3306 3318 3369 τοὺς
3364 3304 3516 3367 υἱοὺς
3538 3302 3745 3357 Ἰούδα.

548 3401 673 3454 122.
706 3399 837 3466 Quae
866 3400 935 3454 ad
964 3398 1172 3456 Phares
1203 3408 1258 3455 et
1282 3399 1480 3453 Zaram
1505 3398 1760 3453 attinent.

2235 3400 2375 3475 ρκβ’.
2409 3401 2489 3456 Τὰ
2522 3401 2665 3456 κατὰ
2692 3401 2785 3454 τὸν
2813 3400 3012 3470 Φαρὲς,
3037 3401 3131 3455 καὶ
3163 3398 3254 3452 τὸν
3282 3399 3451 3469 Ζαρά.

548 3491 671 3545 125.
706 3490 841 3557 Quae
878 3490 946 3546 ad
977 3490 1176 3560 Ioseph
1214 3500 1450 3547 attinent
1482 3488 1767 3545 venditum
1800 3488 1852 3542 in
1887 3485 2059 3557 Aigy-

2234 3493 2373 3567 ρκγ’.
2401 3494 2482 3549 Τὰ
2508 3494 2651 3549 κατὰ
2679 3494 2770 3547 τὸν
2794 3492 2993 3564 Ἰωσὴφ
3021 3490 3300 3563 πραθέντα
3329 3491 3409 3554 είς
3435 3491 3740 3558 Αἴγυπτον.

475 3592 645 3652 plum.

549 3674 673 3730 1³24·
706 3674 783 3728 De
809 3673 1011 3744 JosePh
1043 3682 1098 3729 ει
1122 3672 1400 3745 Ᾱῖὲγβίίθο
2235 3678 2367 3753 ρκδ’.
2407 3678 2546 3748 Περὶ
2574 3677 2669 3731 τοῦ
2702 3677 2900 3746 Ἰωσὴφ
2926 3677 3020 3731 καὶ
3050 3676 3146 3745 τῆς
3172 3674 3494 3743 Αἰγυπτίας.

548 3765 670 3819 125.
700 3763 773 3819 De
797 3764 1054 3835 pincerna
1086 3774 1140 3819 et
1178 3766 1407 3835 pistore.

2235 3770 2370 3843 ρκε’.
2407 3770 2543 3839 Περὶ
2565 3768 2657 3822 τοῦ
2687 3767 3081 3839 ἀρχιοινοχόου,
3112 3766 3207 3820 καὶ
3243 3765 3337 3819 τοῦ
3366 3767 3669 3819 σιτοποιοῢ.

549 3854 674 3907 126.
708 3852 784 3908 De
811 3853 1099 3919 natalitiis,
1128 3861 1183 3908 et
1211 3852 1441 3909 somniis
1468 3862 1589 3922 quae
1630 3850 1767 3908 vidit
1812 3849 2059 3915 Pharao;

2236 3868 2386 3935 ρκς¹.
2414 3862 2552 3932 Περὶ
2591 3860 2700 3913 τῶν
2736 3858 3045 3928 γενεθλίων,
3088 3859 3184 3912 καὶ
3212 3857 3320 3911 τῶν
3364 3857 3629 3911 ἐνυπνίων
3667 3851 3744 3909 ὧν

477 3957 533 4000 et
560 3945 627 4000 de
660 3945 747 4000 his
777 3960 900 4016 quae
921 3946 1237 4001 recordatus
1268 3954 1351 4002 est
1382 3945 1663 4015 pincerna.

2163 3949 2271 4007 εἶδε
2301 3952 2499 4020 Φαραώ
2523 3968 2536 3981 ·
2579 3952 2673 4005 καὶ
2702 3951 2831 4022 περὶ
2869 3944 2945 4004 ὧν
2979 3949 3172 4003 ἐλαϐεν
3214 3948 3379 4005 αὑτοῦ
3416 3951 3445 4003 ὁ
3468 3949 3744 4020 ἀρχιοινο-

2199 4047 2307 4110 όος.

555 4132 677 4187 127.
708 4130 840 4199 Qua:
872 4131 939 4186 ad
964 4130 1302 4187 Pharaonem
1339 4141 1586 4202 spectant
1614 4143 1669 4189 et
1689 4131 1887 4204 Joseph
1916 4132 2060 4189 circa
2163 4107 2166 4118 ί

2162 4066 2485 4209 χοῖέξκτά
2535 4136 2675 4190 κατὰ
2726 4134 2947 4205 Φαραὼ,
2999 4134 3095 4187 καὶ
3156 4133 3247 4187 τὸν
3278 4133 3478 4204 Ἰωσὴφ
3536 4132 3624 4185 διὰ
3673 4131 3741 4185 τὰ

478 4226 688 4281 somnia
712 4223 1039 4278 Pharaonis.

2164 4233 2395 4287 ἐνύπνια
2426 4231 2493 4283 τὰ
2516 4232 2593 4283 Φα
2603 4229 2735 4301 ραώ.

582 4317 675 4371 ‘28.
715 4314 790 4370 De
819 4314 986 4385 spicis
1013 4323 1218 4382 septem
1255 4328 1526 4370 annorum
1553 4314 1923 4371 abundantiae.

2240 4322 2382 4395 ρκη’.
2420 4323 2555 4394 Περὶ
2588 4322 2697 4377 τῶν
2737 4321 3069 4394 δραγμάτων
3109 4321 3217 4375 τῶν
3246 4319 3289 4386 ζ’
3334 4322 3470 4376 ἐτῶν
3509 4321 3611 4391 τῆς
3648 4321 3741 4374 εὐ-

2165 4418 2376 4489 θηνίας.

552 4504 675 4557 129.
712 4502 788 4558 De
840 4501 1112 4565 Manasse,
1164 4509 1219 4556 et
1270 4500 1558 4572 Ephraim,
1606 4501 1701 4571 qui
1761 4500 1872 4555 nati
1930 4509 2061 4557 sunt

2240 4508 2381 4578 ρκθ’.
2426 4506 2559 4578 Περὶ
2593 4508 2861 4577 Μανασσῆ
2893 4509 2987 4560 καὶ
3016 4503 3279 4576 Ἐφρατμ,
3309 4508 3359 4559 οἳ
3385 4506 3633 4576 ἐγένοντο
3660 4505 3738 4575 τῷ

476 4594 677 4664 .Ioseph
710 4604 838 4649 ante
864 4594 1127 4663 inopiam.

2090 4587 2134 4641 Ῑ)
2165 4600 2367 4670 Ἰωσὴφ
2398 4600 2505 4671 πρὸ
2536 4600 2631 4653 τοῦ
2656 4598 2839 4670 λιμοῦ.

555 4686 677 4740 150.
708 4685 784 4739 De
816 4684 1207 4755 incipientibus
1238 4691 1443 4751 septem
1473 4686 1634 4738 annis
1661 4684 1880 4753 inapiaa.

2242 4691 2339 4762 ρλ’.
2370 4691 2442 4743 Πε
2454 4690 2506 4759 pi.
2534 4690 2641 4743 τῶν
2671 4690 2994 4761 ἀρξαμένων
3021 4690 3068 4754 ζ’
3101 4691 3238 4743 ἐτῶν
3266 4690 3363 4745 τοῦ
3392 4690 3569 4760 λιμοῦ.

552 4775 674 4829 151.
706 4775 838 4841 Quae
864 4775 931 4830 ad
959 4774 1155 4831 fratres
1182 4773 1383 4845 Joseph
1407 4776 1638 4830 attinent
1670 4774 2063 4831 descendentes

2241 4781 2377 4850 ρλα’.
2402 4782 2485 4833 Τὰ
2515 4779 2657 4833 κατὰ
2701 4780 2827 4842 τοὺς
2863 4780 3125 4850 ἀδελφοὺς
3154 4782 3353 4854 Ἰωσὴφ
3396 4782 3735 4843 καταϐάντας

479 4865 532 4918 in
560 4862 877 4935 Egyptum.

2166 4873 2249 4935 εἰς
2278 4871 2576 4946 Αἴγυπτον.

555 4957 680 5011 152.
718 4956 790 5012 De
819 4971 1073 5027 regressu
1105 4954 1338 5011 fratrum
1372 4954 1576 5027 Joseph
1614 4964 1837 5027 propter
1864 4955 2063 5027 Benja-

2240 4961 2378 5031 ρλβ’.
2415 4962 2551 5031 Περὶ
2582 4963 2684 5032 τῆς
2718 4961 2981 5016 ἐπανόδου
3010 4962 3121 5018 τῶν
3154 4963 3399 5034 ἀδελφῶν
3428 4965 3627 5037 Ἰωσὴφ
3656 4966 3742 5020 διὰ

478 5046 615 5102 inin.

2164 5051 2258 5104 τὸν
2286 5052 2565 5121 Βενιαμίν.

550 5141 676 5198 155.
708 5139 843 5207 Quae
869 5139 937 5196 ad
967 5139 1167 5195 fratres
1193 5136 1397 5207 Joseph
1450 5143 1697 5208 spectant
1722 5134 2059 5193 descenden-

2241 5140 2377 5211 ρλγ¹.
2409 5142 2493 5196 Τὰ
2522 5143 2664 5198 κατὰ
2691 5144 2821 5208 τοὺς
2862 5145 3122 5215 ἀδελφοὺς
3153 5148 3351 5220 Ἰωσὴφ
3398 5148 3742 5211 καταϐάντας

479 5245 561 5290 tcs
591 5234 645 5288 in
680 5233 977 5305 Aigyptum
1007 5247 1130 5289 cum
1165 5230 1470 5301 Beniamin.

2164 5233 2244 5296 εἰς
2269 5233 2547 5302 Αἴγυπτον
2576 5235 2715 5306 μετὰ
2752 5236 2849 5290 τοῦ
2883 5237 3167 5307 Βενιαμίν.

552 5326 829 5393 154.ρηαε
877 5325 943 5381 ad
1001 5325 1267 5397 scyphum
1320 5331 1639 5394 argenteum
1699 5331 1968 5393 spectant,
2007 5331 2062 5377 et

2238 5321 2370 5393 ρλδ¹.
2400 5325 2483 5378 Τὰ
2538 5327 2675 5380 κατὰ
2721 5327 2782 5381 τὸ
2825 5329 2984 5383 κόνδυ
3032 5330 3094 5383 τδ
3146 5332 3445 5404 ἀργυροῦν,
3502 5333 3599 5386 καὶ
3654 5334 3744 5386 τὸν

478 5419 759 5488 quomodo
787 5417 992 5487 Joseph
1017 5431 1077 5473 se
1110 5416 1205 5471 dat
1234 5414 1674 5487 agnoscendum.

1353 5414 1674 5471 oscendum.
2166 5414 2587 5486 ἀναγνωρισμὺν
2616 5416 2710 5471 τοῦ
2742 5419 2964 5491 Ἰωσήφ.

553 5508 677 5565 155.
711 5508 786 5565 De
832 5509 1009 5565 reditu
1057 5506 1286 5562 fratrum
1336 5505 1538 5576 Joseph
1578 5508 1647 5562 ad
1690 5507 1908 5563 illorum
1960 5525 2059 5581 pa-

2241 5504 2369 5575 ρλε’.
2414 5507 2549 5576 Περὶ
2578 5508 2677 5578 τῆς
2714 5511 2979 5563 ἐπανόδου
3009 5511 3118 5564 τῶν
3141 5512 3388 5581 ἀδελφῶν
3417 5514 3512 5567 τοῦ
3540 5517 3737 5586 Ἰωσὴφ

480 5613 645 5657 trem.
2166 5598 2265 5667 τῆς
2301 5597 2391 5651 διὰ
2414 5600 2505 5652 τὸν
2534 5599 2747 5671 πατέρα
2778 5602 2980 5658 αὐτῶν.

552 5693 681 5747 156.
712 5691 790 5747 De
844 5691 1112 5747 descensu
1164 5690 1335 5747 Jacob
1393 5694 1447 5746 in
1498 5690 1829 5763 Egyptum;
1864 5691 1917 5745 in
1952 5706 2063 5761 quo

2240 5690 2384 5758 ρλς’.
2416 5691 2552 5760 Περὶ
2584 5692 2684 5762 τῆς
2716 5695 2796 5755 εἰς
2833 5692 3111 5761 Αἴγυπτον
3141 5696 3496 5761 καταϐάσεως
3521 5698 3614 5751 τοῦ
3643 5699 3744 5753 Ἰα·

481 5785 674 5853 quinta
700 5784 959 5839 revelatio
982 5783 1124 5839 facta
1158 5794 1243 5842 est
1279 5786 1345 5841 ad
1376 5801 1500 5841 cum
1547 5787 1601 5842 iu
1638 5785 1847 5841 visione
1885 5784 2061 5841 noetis

2167 5778 2283 5832 κὰρϐ
2307 5783 2366 5832 ἐν
2460 5783 2712 5852 πέμπτος
2755 5785 3138 5854 χρηματισμὸς
3166 5788 3382 5854 ἐγένετο
3409 5790 3545 5859 πρὸς
3583 5792 3741 5843 αὐτὸν

481 5874 549 5930 ad
578 5880 805 5942 puteum
834 5873 1164 5931 Juramenti.

2168 5874 2224 5925 ἐν
2246 5874 2488 5944 ὁράματι
2508 5876 2608 5947 τῆς
2638 5878 2831 5940 νυκτὸς
2850 5879 2908 5933 ἐν
2930 5876 3007 5947 τῷ
3033 5879 3227 5949 φρέατι
3250 5880 3343 5933 τοῦ
3368 5882 3597 5950 Ὅρκον.
