4080 6476
396 487 533 553 1033
1385 493 1775 554 OCTA'I‘EUC
1783 492 1863 553 HI
1907 493 2007 554 Dl‘

2023 494 2195 553 'ISIO
2236 494 2318 555 IN
2352 494 2639 554 CAPITA.
3500 488 3634 551 1034

465 604 597 676 ρλζ¹.
645 606 975 676 Γενεαλογία
1007 605 1117 660 τῶν
1143 606 1275 660 υἱῶν
1299 607 1519 677 Ἰσραὴλ
1560 608 1670 660 τῶν
1699 606 1960 661 εἰσελθόνι
1996 616 2041 669 Α

2024 620 2041 669 ι
2142 605 2268 660 157.
2316 604 2643 677 Genealogia
2706 606 2939 661 ﬁliorum
2993 606 3157 661 lsrael
3222 607 3536 661 intrantium
3584 609 3635 661 in

386 716 497 754 των
535 699 617 761 εις
639 697 917 765 Αἴγυπτον
947 697 1066 768 ἅμα
1088 697 1286 752 Ἰακὼὸ
1323 696 1400 768 τῷ
1421 698 1590 769 πατρὶ⁵
1617 697 1820 752 αὐτῶν.

464 789 600 862 Phi"
626 792 764 861 Περὶ
804 791 906 861 τῆς
938 791 1319 859 ευναντήσεως
1349 788 1548 861 Ἰωσὴφ
1574 787 1711 860 πρὸς
1747 789 1839 843 τὸν
1866 806 1965 843 πα-

385 884 521 953 τέρα
550 882 737 937 αὐτοῦ.

461 974 593 1047 ρλθ’.
625 976 762 1046 Περὶ
786 974 881 1029 τοῦ
917 974 1140 1042 Ἰακὼϐ,
1168 976 1259 1030 ὅτε
1302 973 1433 1047 ἔστη
1464 973 1706 1029 ἐναντίον
1737 974 1959 1043 Φαραώ.

451 1071 574 1147 ‘pp'.
609 1065 747 1135 Περὶ
774 1065 883 1118 τῶν
913 1064 1094 1136 ἄρτων
1136 1064 1247 1119 τῶν
1284 1064 1407 1119 ἀντὶ
1450 1063 1560 1117 τῶν
1602 1062 1818 1133 κτηνῶν
1855 1062 1966 1115 τῶν

387 1157 729 1225 Αἰγυπτίων.

461 1247 608 1320 ρμα¹.
645 1249 784 1319 Περὶ
810 1249 911 1319 τῆς
940 1249 1192 1321 κτήσεως
1229 1250 1328 1320 τῆς
1352 1250 1458 1319 γῆς
1491 1249 1601 1302 τῶν
1627 1247 1961 1317 Αἰγυπτίων,

388 1346 484 1398 καὶ
508 1344 609 1414 τῆς
633 1343 1124 1414 ἀποπεμπτῶσεως
1154 1342 1265 1397 τῶν
1296 1343 1679 1414 γεννημάτων.

462 1452 606 1523 ρμβ’.
644 1452 777 1524 Περὶ
805 1447 879 1506 ὧν
919 1452 1082 1525 ἔζησε
1113 1449 1153 1506 ε’
1184 1452 1323 1507 ἑτῶν
1356 1452 1555 1508 Ἰακὼϐ
1590 1455 1648 1507 ὲν
1678 1452 1960 1526 Αἰγύπτῳ,

2066 695 2363 768 Ᾱῖεγριυηι
2399 714 2504 752 una
2538 713 2662 753 cum
2698 697 2869 752 Iacob
2893 708 3045 768 patre
3068 714 3190 754 suo.

2139 784 2262 839 158.
2292 782 2369 840 Dc
2402 785 2747 840 occurrentia
2775 784 2979 855 Ioseph
3005 802 3129 841 cum
3164 795 3320 856 palre
3350 802 3473 842 suo.

2141 971 2261 1026 159.
2290 970 2367 1027 De
2393 970 2580 1037 Iacob,
2605 973 2826 1041 quando
2865 973 3015 1026 stetit
3045 985 3228 1025 coram
3260 970 3564 1027 Pharaone.

2139 1063 2263 1119 140.
2296 1064 2373 1119 De
2394 1063 2625 1133 panibus
2647 1079 2747 1133 pro
2775 1066 3073 1135 pecudibus
3100 1065 3505 1135 Egyptiorum.

2142 1247 2262 1302 Nl.
2295 1246 2371 1303 De
2402 1250 2751 1319 possessione
2812 1259 2969 1304 terra;
3025 1248 3428 1321 Egyptiorum,
3459 1258 3515 1305 et
3568 1251 3637 1306 de

2069 1341 2342 1397 solutione
2377 1343 2580 1411 quintae
2601 1343 2775 1412 partis
2808 1342 3045 1414 frugum.

2140 1452 2263 1512 142.
2305 1450 2381 1505 De
2426 1451 2586 1505 annis
2643 1452 2844 1519 quibus
2891 1452 3025 1506 vixit
3065 1452 3234 1508 Iacob
3279 1455 3333 1509 in
3379 1454 3632 1526 Egypto,

390 1548 486 1599 καὶ
514 1544 644 1614 περὶ
669 1537 743 1597 ὧν
770 1539 890 1597 εἷπε
932 1544 1010 1615 τῷ
1038 1542 1261 1615 Ἰωσὴφ,
1289 1544 1378 1599 ἵνα
1415 1545 1493 1617 μὴ
1533 1544 1680 1618 ϐάψῃ
1704 1545 1868 1600 αὑτὸν
1905 1548 1965 1601 ὲν

2064 1551 2121 1597 et
2150 1543 2216 1597 de
2244 1542 2328 1599 his
2352 1558 2475 1614 quae
2492 1541 2866 1614 dixitIoseph,
2912 1560 2981 1601 ne
3026 1547 3279 1615 sepeliret
3313 1564 3435 1601 cuin
3462 1548 3515 1601 in
3548 1550 3635 1601 illa

391 1638 553 1709 αὐτῇ.

460 1735 611 1800 ρμγ¹.
632 1728 770 1801 Περὶ
798 1727 898 1798 τῆς
918 1725 1169 1795 εὐλογίας
1191 1725 1286 1780 τοῦ
1309 1726 1552 1799 Ἐφραῒμ
1610 1729 1705 1783 καὶ
1730 1728 1822 1782 τοῦ
1849 1730 1966 1784 Μα-

421 1838 583 1874 ασση.

384 1839 491 1875 νασ
569 1859 583 1874 .

462 1839 602 1983 ριῗὲκ
639 1887 774 1984 Περὶ
803 1912 901 1984 τῆς
926 1912 1175 1980 εὐλογίας
1205 1912 1315 1965 τῶν
1340 1910 1436 1964 δύο
1473 1910 1606 1963 υἱῶν
1628 1910 1853 1982 Ἰωσήφ.

456 2008 600 2073 ρμεν.
631 2004 768 2073 Περὶ
792 2004 890 2073 τῆς
920 2002 1174 2070 εὐλογίας
1197 2002 1306 2055 τῶν
1334 2000 1401 2071 ιβ’
1434 2000 1814 2071 πατριαρχῶν.

460 2099 620 2164 ρμςκ
652 2094 788 2165 Περὶ
818 2094 922 2164 τῆς
948 2094 1206 2164 τελευτῆς
1234 2092 1451 2147 Ἰακῶὸ.

458 2184 604 2254 ρμζν.
652 2185 787 2255 Περὶ
843 2185 940 2239 τοῦ
997 2187 1056 2239 ὲν
1120 2185 1380 2255 Αἰγύπτῳ
1435 2182 1807 2253 ἐνταφιασμοῦ
1862 2181 1958 2236 τοῦ

379 2271 601 2327 Ἰακώϐ.

457 2364 608 2436 mnf.
645 2368 782 2437 napi.
805 2366 914 2422 τῶν
941 2368 1180 2437 ἐκγόνων
1202 2367 1298 2423 τοῦ
1325 2368 1546 2441 Ἰωσὴφ,
1569 2368 1664 2426 καὶ
1693 2368 1822 2441 περὶ
1847 2369 1956 2422 τῶν

378 2458 559 2513 ὀστῶν
588 2460 755 2515 αὐτοῦ
785 2462 879 2515 καὶ
909 2463 1013 2532 τῆς
1040 2461 1315 2534 τελευτῆς.

2065 1646 2234 1691 terra.

2138 1727 2264 1784 145.
2293 1726 2370 1783 De
2387 1727 2769 1784 benedictione
2795 1727 3051 1799 prraim
3076 1737 3136 1783 et
3159 1726 3428 1785 Mauasse.

2142 1911 2265 1966 144.
2296 1911 2369 1966 De
2407 1910 2781 1967 benedictione
2806 1912 3038 1965 duorum
3077 1911 3310 1965 ﬁliorum
3336 1911 3560 1981 Ioseph.

2141 2004 2260 2059 145.
2288 2002 2363 2057 De
2388 2005 2764 2059 benedictione
2790 2003 3079 2059 duodecim
3101 2004 3564 2074 patriarcharum.

2140 2098 2263 2152 N6.
2294 2098 2370 2151 De
2394 2106 2567 2151 morte
2600 2096 2790 2152 Iacob.

2140 2189 2265 2243 M7.
2289 2187 2367 2244 De
2389 2188 2669 2259 sepultura
2694 2186 2869 2245 Iacob
2900 2188 2954 2244 in
2982 2186 3236 2261 Egypto.

2139 2370 2265 2426 148.
2292 2368 2368 2426 De
2398 2369 2717 2441 posteritate
2749 2367 2979 2442 Ioseph.
3010 2379 3066 2427 et
3098 2370 3169 2427 de
3192 2370 3414 2430 ossibus
3438 2371 3557 2442 ejus
3583 2378 3639 2426 et

2063 2468 2257 2515 morte.

1660 2605 1877 2669 Exodi
1926 2606 2137 2685 capita
2178 2611 2325 2666 sunt
2349 2623 2370 2664 :

452 2771 522 2826 α’.
555 2773 690 2842 Περὶ
717 2776 819 2845 τῆς
850 2775 1157 2846 γεννήσεως
1198 2776 1497 2841 Μωῦσέως.

454 2867 524 2937 β’.
560 2866 756 2938 Πρώτη
784 2867 1023 2921 όπτασία
1053 2867 1190 2939 πρὸς
1221 2870 1464 2939 Μωῡσῆν
1492 2870 1552 2923 ὲν
1578 2868 1656 2939 τῷ
1684 2867 1854 2939 βάτῳ.

452 2958 522 3027 γ’.
559 2958 693 3030 Περὶ
718 2962 815 3027 τῆς
848 2961 1229 3031 συναντήσεως
1265 2960 1567 3023 Μωῦσὲως,
1601 2960 1695 3012 καὶ
1727 2958 1958 3028 Ἀαρών.

447 3049 517 3104 δ’.
550 3048 600 3103 α’
624 3050 780 3118 λόγος
808 3051 1091 3115 Μωῦσέως
1141 3050 1237 3106 καὶ
1261 3049 1476 3123 Ἀαρὼν
1503 3050 1640 3121 πρὸς
1667 3050 1887 3121 Φαραώ.

446 3141 517 3195 ε’.
546 3143 679 3213 Περὶ
698 3142 807 3195 τῶν
833 3143 1284 3213 μαστιγωθέντων
1311 3142 1706 3215 γραμματέων.

449 3240 531 3299 ς’.
559 3234 695 3305 Περὶ
723 3236 822 3305 τῆς
846 3234 1043 3305 ῥάϐδου
1072 3236 1171 3307 τῆς
1209 3235 1543 3307 στραφείσης
1574 3235 1654 3297 ei;
1680 3233 1825 3301 ὅφιν.

448 3325 519 3390 ζ’.
549 3324 744 3396 Πρώτη
777 3324 979 3396 πληγὴ,
1012 3326 1287 3399 μεταϐολὴ
1318 3326 1412 3380 τοῦ
1436 3324 1625 3388 ὕδατος
1649 3326 1730 3388 εἰς
1761 3316 1920 3394 αἷμα.

449 3414 527 3486 η’.
559 3418 805 3489 Δευτέρα
835 3418 1019 3490 πληγὴ
1054 3419 1361 3490 βατράχων.

448 3510 522 3567 θ’.
547 3512 716 3583 Τρίτη
742 3510 927 3582 πληγὴ
958 3512 1067 3565 τῶν
1099 3511 1355 3567 σκνιπῶν.

447 3600 509 3657 ι’.
545 3603 793 3673 Τετάρτη
825 3603 1009 3674 πληγὴ
1038 3601 1331 3673 κυνομύης.

449 3692 546 3748 ια’.
590 3695 823 3766 Πέμπτη
853 3694 1056 3766 πληγὴ,
1094 3694 1319 3759 θάνατος
1350 3695 1584 3766 κτηνῶν.

448 3785 543 3858 ιβ’.
580 3788 755 3857 Ἐκτη
784 3786 989 3858 πληγὴ,
1022 3786 1307 3857 φλυκτίδες
1336 3788 1683 3852 ἁναζὲουσαι.

447 3886 543 3948 ιγ’.
594 3880 831 3951 Ἑϐδόμη
860 3879 1043 3951 πληγὴ
1068 3880 1167 3950 τῆς
1194 3880 1457 3951 χαλάζης.

448 3974 539 4027 ιδ’.
568 3973 764 4043 Ὀγδόη
801 3972 1011 4044 πληγὴ,
1040 3974 1222 4044 ἀκρίς.

447 4070 536 4119 ιε’.
568 4064 799 4136 Ἐννάτη
823 4064 1031 4134 πληγὴ,
1057 4066 1250 4128 σκότος
1274 4063 1616 4135 ψηλαφητόν.

442 4184 519 4198 -—-
545 4157 759 4211 Asxdt'n
793 4156 1000 4228 πληγὴ,
1033 4157 1068 4225 ἡ
1097 4156 1207 4211 τῶν
1238 4157 1621 4229 πρωτοτόκων.

445 4349 545 4408 ις’.
578 4342 716 4415 Περὶ
748 4342 843 4397 τοῦ
876 4342 1067 4415 Πάσχα
1100 4342 1288 4412 νόμος.

447 4433 541 4499 ιζ’.
576 4435 714 4507 Περὶ
744 4435 854 4488 τῶν
884 4434 1294 4505 ἐπιταχθέντων
1322 4434 1702 4506 πρωτοτόκων.

442 4532 538 4598 ιη’.
576 4526 715 4598 Περὶ
737 4525 837 4597 τῆς
870 4526 1053 4593 ἐξόδου
1078 4526 1189 4579 τῶν
1213 4524 1346 4579 υἱῶν
1373 4524 1610 4595 Ἰσραήλ.

437 4616 530 4672 tO'.
562 4618 743 4688 Νόμος
773 4618 867 4672 τοῦ
897 4619 1109 4688 Πάσχα.

432 4708 512 4764 κ’.
541 4708 679 4778 Περὶ
702 4707 813 4762 τῶν
839 4709 1088 4780 ἀζύμων.

438 4808 556 4856 καθ.
593 4802 731 4873 Περὶ
763 4802 873 4856 τῶν
906 4802 1290 4872 ἁγιαζομένων
1316 4801 1701 4872 πρωτοτόκων.

434 4893 551 4965 κβ’.
591 4894 727 4967 Περὶ
750 4893 860 4947 τῶν
897 4893 1071 4947 ὀστῶν
1093 4892 1311 4962 Ἰωσήφ.

440 4984 558 5055 κγ’.
591 4984 731 5056 Περὶ⁸
762 4984 857 5040 τοῦ
886 4986 1205 5057 γογγυσμοῦ
1227 4987 1336 5039 τῶν
1362 4985 1492 5039 υἱῶν
1526 4985 1744 5058 Ἰσραὴλ
1772 4985 1859 5039 διὰ
1890 4985 1953 5039 τὺ

352 5077 540 5223 υδέἔ.
569 5167 707 5238 Περὶ
730 5167 825 5226 τοῦ
854 5167 1031 5239 μάννα
1052 5168 1149 5222 καὶ
1182 5167 1286 5239 τῆς
1309 5166 1750 5239 ὀρτυγομήτρας.

430 5266 542 5315 κε’.
571 5260 710 5332 Περὶ
757 5258 851 5315 τοῦ
891 5261 1108 5331 ἀγνοεῖν
1137 5260 1264 5324 τοὺς
1294 5260 1442 5324 υἱοὺς
1480 5258 1719 5329 Ἰσραὴλ,
1742 5258 1795 5312 τί
1834 5260 1952 5312 ἐστι

354 5353 579 5424 μάννα.

426 5440 555 5505 κς’.
591 5442 727 5510 Περὶ
753 5442 848 5495 τοῦ
880 5442 1206 5497 καταλιπεῖν
1235 5442 1412 5512 μάννα
1438 5444 1519 5505 εἰς
1550 5440 1612 5495 τὸ
1640 5441 1806 5512 πρωϊ.

430 5529 546 5597 κζ’.
581 5534 717 5604 Περὶ
741 5534 1044 5588 Σαϐϐάτου.
1262 5572 1263 5575 η
1486 5566 1489 5569 -

432 5622 555 5696 κη’.
588 5628 726 5697 Περὶ
753 5626 854 5695 τῆς
887 5626 1095 5696 χρυσῆς
1124 5624 1364 5695 στάμνου
1393 5623 1539 5697 (sic).

425 5712 544 5770 κθ’.
580 5717 714 5787 Περὶ
742 5715 845 5786 τῆς
870 5715 1237 5785 καταχθεισης
1270 5714 1478 5786 πέτρας
1506 5715 1565 5767 ἐν
1596 5715 1819 5786 Χωρήΰ.

421 5807 497 5861 λ’.
533 5807 616 5860 Τά
648 5810 789 5863 κατὰ
812 5807 1063 5879 Ἀμαλὴχ
1091 5809 1150 5862 ἐν
1188 5807 1482 5877 Ῥαφιδείν.

422 5896 543 5954 λα’.
577 5899 709 5972 Περὶ
752 5900 944 5970 Ἰοθόρ.

695 5998 966 6059 ΡΑτιιοι..
1011 6002 1125 6061 Gn.
1166 6001 1311 6062 CVI.

2137 2778 2189 2832 1.
2223 2775 2298 2832 De
2322 2778 2669 2848 generatione
2691 2776 2914 2850 Moysis.

2134 2867 2191 2921 2.
2232 2866 2416 2923 Prima
2447 2870 2716 2940 apparitio
2744 2871 2813 2925 ad
2850 2868 3071 2943 Hoyseu
3092 2869 3150 2925 in
3174 2870 3336 2926 rubo.

2132 2959 2188 3013 5.
2221 2959 2295 3013 De
2316 2974 2553 3016 occursu
2584 2960 2783 3032 Moysis
2804 2970 2859 3016 et
2885 2962 3092 3016 Aaron.

2133 3049 2187 3102 4.
2209 3047 2426 3107 Primus
2454 3066 2640 3107 sermo
2667 3050 2872 3124 Iloysis
2891 3060 2947 3108 et
2964 3054 3146 3108 Aaron
3177 3053 3243 3108 ad
3272 3050 3638 3109 Pharaonem.

2132 3141 2187 3195 5.
2220 3143 2295 3196 De
2324 3142 2611 3213 ﬂagellatis
2637 3144 2853 3200 scribis.

2131 3234 2187 3287 6.
2219 3234 2292 3289 De
2316 3235 2465 3305 virga
2495 3250 2758 3291 conversa
2799 3235 2853 3288 in
2879 3244 3211 3304 serpentem.

2129 3325 2186 3380 7.
2213 3322 2393 3379 Prima
2429 3325 2605 3397 plaga,
2642 3326 2930 3381 conversio
2957 3341 3115 3397 aquae
3147 3327 3202 3382 in
3230 3326 3575 3398 sanguinem.

2131 3416 2186 3471 8.
2219 3415 2471 3471 Secunda
2498 3416 2652 3488 plaga
2685 3431 2965 3472 ranarum.

2129 3508 2184 3563 9.
2214 3506 2394 3561 Tertia
2427 3507 2583 3577 plaga
2618 3508 2949 3578 sciniplium.

2132 3594 2221 3651 10.
2250 3596 2453 3661 Quarta
2486 3597 2642 3667 plaga
2671 3587 3007 3653 muscarum.

2132 3690 2223 3744 11.
2255 3690 2456 3755 Quinta
2485 3690 2661 3761 plaga,
2688 3705 2836 3744 mors
2875 3705 3159 3761 pecorum.

2131 3779 2220 3835 19.
2250 3779 2417 3834 Sexta
2441 3781 2622 3850 plaga,
2662 3780 2857 3835 vesiczc
2879 3790 3183 3850 turgentes.

2132 3871 2219 3925 15.
2255 3871 2494 3940 Septima
2522 3871 2675 3941 plaga
2707 3871 3008 3941 grandinis.

2132 3963 2222 4017 M.
2262 3962 2465 4017 Octava
2498 3962 2679 4033 plaga,
2715 3962 2963 4017 locustae.

2133 4052 2219 4107 15.
2260 4050 2415 4106 Nona
2447 4054 2626 4123 plaga,
2652 4054 2888 4107 tenebras
2912 4052 3234 4122 palpabiles.

2128 4173 2203 4185 —
2255 4143 2474 4199 Decima
2500 4144 2677 4215 plaga,
2700 4143 3210 4214 primogenitoruln.
3241 4140 3502 4212 (Numero
3538 4145 3634 4197 de-

2059 4235 2308 4290 stitutqu
2336 4242 2465 4304 est.)

2135 4331 2225 4386 16.
2268 4330 2342 4386 De
2366 4330 2576 4388 Pascha
2602 4331 2709 4386 lex.

2130 4423 2219 4479 17.
2250 4422 2324 4479 De
2360 4424 2631 4478 mandatis
2660 4424 2804 4478 circa
2836 4423 3220 4495 primogenita.

2130 4516 2219 4570 18.
2244 4513 2320 4568 De
2358 4529 2578 4584 egressu
2606 4515 2843 4569 liliorum
2876 4514 3064 4571 Israel.

1988 4621 2035 4677 υ
2133 4606 2221 4661 19.
2246 4603 2356 4658 Lex
2388 4602 2633 4657 Passim.

2125 4696 2218 4751 20.
2250 4696 2323 4749 De
2352 4693 2580 4763 azymis.

2128 4787 2216 4841 2i.
2250 4785 2327 4841 De
2355 4787 2715 4841 sanctilicatis
2744 4783 3141 4855 primogenitis.

2126 4881 2220 4935 22.
2242 4878 2319 4932 De
2349 4878 2567 4933 ossibus
2598 4876 2821 4946 Ioseph.

2122 4970 2214 5025 23.
2262 4970 2337 5025 De
2388 4968 2819 5023 murmuratione
2882 4968 3118 5023 ﬁliorum
3178 4965 3346 5021 Israel
3410 4971 3635 5036 propter

2053 5077 2273 5133 aquam.

2080 5194 2083 5199 .
2121 5154 2215 5208 24.
2239 5153 2317 5209 De
2344 5168 2546 5208 manna
2567 5162 2623 5207 et
2651 5151 2955 5207 coturnice.

2118 5249 2210 5306 25.
2243 5248 2318 5303 De
2340 5246 2645 5319 ignorantia
2667 5246 2903 5301 ﬁliorum
2930 5244 3117 5310 Israel,
3146 5242 3280 5313 quid
3304 5241 3377 5301 sit
3403 5255 3621 5299 manna.

2120 5449 2214 5505 26.
2255 5450 2327 5504 De
2357 5447 2669 5517 reponendo
2701 5461 2901 5503 manna
2931 5447 2986 5502 in
3017 5445 3343 5502 crastinum.

2118 5536 2210 5593 27.
2242 5536 2318 5591 Dc
2344 5536 2602 5591 Sabbato.

2116 5628 2207 5682 28.
2253 5629 2327 5683 De
2353 5643 2518 5689 aureo
2550 5626 2776 5699 scypho.
2848 5666 2859 5679 .

2119 5719 2210 5771 29.
2254 5716 2329 5772 De
2358 5715 2556 5772 ﬂuente
2583 5731 2732 5788 petra
2766 5718 2819 5771 in
2851 5717 3088 5774 Choreb.

2121 5808 2211 5863 '50.
2243 5809 2376 5895 Qua!
2414 5811 2481 5862 ad
2505 5809 2728 5867 Ai‘iialcc
2755 5820 3001 5881 spectant
3033 5812 3085 5867 in
3123 5812 3436 5882 liaphidim.

2126 5899 2214 5954 51.
2254 5900 2325 5956 Dc
2357 5898 2563 5958 Iothor.

3154 6003 3230 6061 33
