4080 6432
467 430 595 494 1¹ιΓ1

1170 427 1566 489 OPUSCULA
1608 425 2237 488 SCRIPTUPJSTICA
2276 426 2625 488 INCERTE
2664 428 2973 490 IETATIS.

3620 424 3641 486 1
3652 426 3766 488 032

541 543 657 597 102.
704 541 779 596 De
830 539 1159 597 revelatione
1203 539 1269 593 ad
1308 539 1490 593 Lahan
1548 539 1613 594 de
1665 536 1830 593 Iacob
1872 547 1928 593 et
1970 537 2037 592 de

2216 538 2315 607 ρβῖ
2352 538 2489 608 Περὶ
2517 538 2610 592 τοῦ
2645 537 3031 609 χρηματισμοῦ
3065 536 3161 591 τοῦ
3190 537 3325 610 πρὸς
3361 537 3576 592 Λάϐαν
3622 538 3766 610 περὶ

460 635 620 689 idolis

531 728 655 785 10⁵5.
691 726 892 783 Foedus
914 725 1084 780 Iacob
1112 736 1166 780 ct
1195 724 1404 781 Lahan.

531 818 652 872 101.
686 820 759 872 De
788 817 1041 872 columna
1068 825 1122 870 et
1157 815 1366 870 tumulo
1393 814 1715 869 testimonii.

531 910 654 989 103;.
688 909 763 964 De
795 908 1003 979 angelis
1042 908 1136 978 qui
1169 906 1386 961 obviam
1418 906 1555 961 fiunt
1582 905 1772 962 Iacob.
1877 940 1881 945 ρ

531 1090 650 1145 106.
687 1089 763 1146 De
795 1090 939 1146 Esau
978 1090 1230 1146 veniente
1252 1090 1468 1147 obviam
1495 1088 1685 1144 Iacob.

529 1280 644 1333 107.
677 1277 752 1332 De
786 1276 1025 1333 luctante
1055 1292 1177 1331 cum
1204 1275 1395 1332 Iacob.

528 1369 651 1422 108.
682 1368 755 1421 De
784 1367 1099 1422 occurentia
1131 1366 1272 1420 Esau
1305 1375 1358 1420 et
1381 1364 1573 1420 Iacob.

531 1461 653 1514 109.
685 1459 816 1526 Qum
836 1460 905 1515 ad
940 1458 1136 1513 Dinam
1170 1460 1403 1513 attinent
1444 1459 1608 1512 ﬁliam
1636 1456 1804 1512 Iacob
1829 1464 1881 1512 cl
1906 1456 2036 1519 Lire,

530 1642 653 1696 110.
678 1641 859 1696 Tertia
896 1641 1156 1696 revelatio
1191 1640 1256 1695 ad
1289 1639 1457 1696 Iacob
1493 1641 1547 1695 in
1590 1640 1807 1695 Sichem
1835 1642 1900 1695 de
1938 1641 2032 1695 Be-

2138 633 2235 686 τοῦ
2264 632 2481 692 Ἰακὼϐ.
2516 632 2612 684 καὶ
2642 634 2770 701 περὶ
2799 634 2909 684 τῶν
2942 631 3196 686 εἰδώλων.

2214 731 2317 796 ργ’.
2350 725 2592 795 Διαθήκη
2616 724 2709 777 τοῦ
2741 724 2933 777 Ἰακὼϐ
2959 726 3051 779 καὶ
3078 725 3172 778 τοῦ
3199 725 3404 783 Λάϐαν.

2213 815 2453 887 ρδ’.Περ“ι
2474 818 2570 884 τῆς
2593 817 2813 887 στήλης,
2844 817 2939 871 καὶ
2962 816 3057 870 τοῦ
3082 817 3273 887 βουνοῦ
3294 818 3388 872 τοῦ
3410 819 3763 890 μάρτυρος.

2212 915 2310 979 ρε’.
2348 909 2487 979 Περὶ
2516 910 2612 979 τῆς
2639 909 3014 979 συναντήσεως
3040 908 3149 962 τῶν
3172 910 3418 978 ἀγγέλων
3453 910 3579 980 τῆς
3609 910 3767 981 πρδς

2142 1000 2362 1055 Ἰακώϐ.

2217 1100 2326 1165 ρς’.
2363 1093 2498 1165 Περὶ
2525 1092 2618 1147 τοῦ
2658 1091 2831 1146 Ἦσαῦ
2860 1092 3157 1163 ἐρχομένου
3187 1094 3267 1160 εἰς
3292 1097 3651 1168 συνάντησιν
3677 1094 3767 1165 τῷ

2143 1184 2359 1239 Ἰακώϐ.

2215 1275 2316 1348 ρξ’.
2352 1278 2487 1345 Περὶ
2524 1277 2617 1331 τοῦ
2654 1276 3020 1343 παλαίσαντος
3057 1278 3196 1349 μετὰ
3224 1279 3437 1333 Ἰακώϐ.

2215 1365 2319 1438 οη’.
2357 1368 2493 1437 Περὶ
2529 1368 2628 1437 τῆς
2653 1357 3030 1438 συναντῆσεως
3066 1369 3234 1423 Ἡσαῦ
3266 1373 3358 1422 καὶ
3385 1369 3638 1423 Ἰακώϐ.

2215 1458 2314 1527 ρυν.
2350 1460 2433 1513 Td
2467 1460 2606 1514 κατὰ
2631 1460 2729 1529 τὴν
2758 1461 2917 1515 Δείνα
2950 1463 3048 1532 τὴν
3079 1461 3353 1534 θυγατέρα
3374 1461 3621 1528 Ἰακὼϐ,
3657 1462 3765 1515 καὶ

2141 1553 2325 1616 Λείας.

2213 1651 2301 1716 ρι’.
2328 1644 2522 1715 Τρίτος
2554 1646 2937 1715 χρηματισμὸς
2984 1645 3117 1717 πρὸς
3142 1646 3334 1699 Ἰακὼὸ
3365 1646 3422 1699 ἐν
3442 1646 3605 1732 ξικὴ
3617 1661 3761 1713 μοις

460 1736 591 1801 thel,
624 1742 676 1789 et
704 1733 816 1789 Deo
855 1735 950 1804 qui
1003 1735 1080 1789 illi
1134 1736 1403 1805 apparuit,
1447 1735 1667 1806 quando
1717 1734 1845 1788 fodit
1907 1734 2039 1790 deos

2178 1735 2269 1807 τρὶ
2301 1736 2401 1806 τῆς
2434 1736 2657 1807 Βαιθὴλ,
2704 1737 2798 1789 καὶ
2839 1734 2931 1789 τοῦ
2974 1736 3230 1804 ὀφθέντος
3263 1736 3410 1807 αὑτῷ
3436 1734 3619 1800 Θέοῢ,
3653 1736 3755 1788 ὅτε

460 1825 667 1879 alienos
698 1826 800 1880 sub
827 1824 1150 1879 terebintho.

532 1918 654 1972 111.
684 1917 890 1985 Quarta
927 1917 1189 1974 revelatio
1222 1918 1276 1972 in
1311 1916 1654 1988 apparitione
1680 1917 1746 1973 ad
1778 1916 1970 1973 Iacob.

530 2106 554 2159 1
576 2105 650 2159 12.
689 2105 865 2160 Deest.

531 2202 656 2255 1|5.
682 2201 815 2267 Qua:
847 2200 914 2256 ad
950 2200 1136 2256 Ruben
1179 2209 1233 2257 et
1256 2200 1441 2254 Balam
1478 2206 1747 2271 spectant.

531 2294 656 2348 114.
688 2292 764 2348 De
793 2294 1107 2362 genealogia
1138 2292 1308 2347 Iacob
1338 2300 1393 2347 et
1425 2302 1598 2347 morte
1630 2291 1801 2346 Isaac.

531 2476 654 2532 115.
708 2476 783 2532 De
829 2476 1143 2547 genealogia
1191 2475 1362 2545 Esai’r,
1392 2475 1611 2547 quando
1651 2475 1786 2530 abiit
1818 2489 1848 2530 e
1894 2482 2037 2530 terra

455 2568 719 2624 Chanaan
754 2576 879 2622 ante
914 2566 1105 2623 faciem
1130 2565 1322 2622 Iacob.

530 2661 658 2716 116.
693 2660 770 2717 De
802 2661 888 2716 his
919 2660 1013 2731 qui
1043 2668 1410 2734 regnaverunt
1436 2660 1490 2713 in
1524 2658 1718 2713 Edom.

528 2755 654 2810 11⁸7.
688 2754 819 2821 Quae
855 2753 922 2808 ad
951 2752 1150 2823 Ioseph
1189 2763 1243 2807 et
1278 2751 1474 2807 fratres
1500 2751 1619 2821 ejus
1642 2751 1895 2806 attinent.

529 2846 654 2900 1l8.
684 2844 758 2900 De
787 2844 1017 2899 somniis
1056 2843 1277 2914 Ioseph.

531 2938 656 2990 119.
692 2934 768 2990 De
805 2934 1004 3005 Ioseph
1028 2935 1232 2989 emisso
1258 2932 1325 2989 ad
1350 2931 1549 2989 fratres
1581 2948 1733 2988 suos.

532 3119 655 3173 120.
685 3117 817 3186 Quae
847 3117 914 3173 ad
951 3115 1147 3172 Iudam
1179 3124 1235 3172 et
1262 3129 1489 3171 uxorem
1517 3114 1639 3186 ejus
1680 3112 1877 3169 Savam
1909 3114 2037 3169 atti-

462 3219 613 3263 nent.

531 3306 652 3359 121.
688 3304 820 3370 Quae
839 3304 905 3359 ad
932 3303 1172 3360 Thamar
1196 3312 1443 3375 spectant
1480 3309 1534 3358 et
1564 3302 1704 3358 ﬁlios
1738 3300 1900 3356 Iuda.

531 3396 656 3449 122.
689 3394 820 3461 Quae
849 3395 917 3449 ad
947 3393 1155 3451 Phares
1186 3404 1241 3451 et
1264 3394 1463 3449 Zaram
1488 3394 1742 3449 attinent.

531 3486 653 3539 1'25.
689 3484 823 3552 Quae
860 3486 929 3541 ad
960 3485 1159 3556 Ioseph
1197 3495 1432 3542 attinent
1465 3484 1749 3541 venditum
1782 3484 1835 3539 in
1869 3481 2042 3554 Egy-

496 3587 628 3631 tum.

518 3592 628 3630 IIII].

456 3592 655 3725 Ῐὶι121.
688 3669 765 3723 De
791 3668 993 3739 Ioseph
1025 3677 1080 3724 et
1105 3668 1382 3741 Egyptia.

530 3760 652 3813 125.
680 3758 756 3814 De
779 3759 1036 3830 pincerna
1068 3769 1122 3815 et
1161 3761 1389 3831 pistore.

532 3848 655 3902 126.
690 3847 766 3903 De
794 3849 1081 3915 natalitiis,
1109 3856 1164 3904 et
1193 3848 1423 3905 somniis
1450 3860 1572 3917 qua:
1612 3847 1749 3904 vidit
1794 3846 2040 3913 Pharao;

460 3952 515 3995 ct
542 3940 608 3994 de
642 3940 729 3995 his
759 3955 881 4010 quae
903 3941 1219 3996 recordatus
1249 3949 1333 3997 est
1363 3941 1645 4011 pincerna.

537 4126 659 4182 127.
689 4126 822 4194 Quae
853 4126 919 4182 ad
945 4125 1284 4183 Pharaonem
1320 4136 1567 4198 spectant
1595 4138 1650 4185 et
1670 4127 1869 4201 Ioseph
1898 4129 2042 4185 circa

460 4220 671 4276 somnia
694 4218 1019 4273 Pharaonis.

564 4312 657 4367 28.
696 4309 772 4365 De
801 4309 967 4380 spicis
995 4318 1199 4377 septem
1236 4325 1508 4366 annorum
1534 4310 1904 4367 abundantiae.

533 4499 656 4551 129.
694 4497 770 4553 De
821 4496 1094 4561 Manasse,
1145 4504 1200 4552 et
1251 4495 1538 4567 Ephraim,
1587 4498 1682 4567 qui
1742 4496 1853 4552 nati
1911 4505 2042 4553 sunt

458 4589 658 4659 .Ioseph
691 4599 821 4644 ante
845 4589 1109 4658 inopiam.

536 4681 658 4735 130.
688 4680 766 4734 De
796 4679 1187 4750 incipientibus
1219 4686 1424 4747 septem
1454 4681 1615 4734 annis
1642 4680 1861 4749 impiae.

533 4770 656 4823 151.
688 4769 819 4835 Quae
844 4770 912 4825 ad
940 4769 1136 4826 fratres
1163 4769 1364 4841 Ioseph
1388 4772 1619 4826 attinent
1651 4771 2043 4827 descendentes

460 4860 513 4913 in
541 4857 859 4931 Egyptum.

536 4952 661 5006 152.
698 4951 772 5007 De
800 4966 1054 5022 regressu
1086 4949 1319 5007 fratrum
1352 4949 1556 5023 Ioseph
1594 4959 1818 5023 propter
1844 4952 2044 5023 Benjao

459 5058 596 5098 llllllo

531 5136 656 5193 155.
689 5134 823 5202 Qua:
850 5134 918 5191 ad
948 5134 1148 5190 fratres
1174 5131 1377 5203 Ioseph
1431 5139 1678 5204 spectant
1702 5130 2040 5189 descenden-

460 5240 541 5285 tes
572 5229 626 5283 in
660 5228 958 5300 Egyptum
988 5242 1110 5283 cum
1144 5225 1451 5296 Beniamin.

532 5321 809 5388 134.Quaa
858 5321 923 5375 ad
981 5320 1248 5392 scyphum
1300 5328 1619 5390 argenteum
1679 5328 1948 5390 spectant,
1987 5328 2042 5374 et

459 5414 739 5483 quomodo
767 5412 972 5482 Ioseph
997 5426 1057 5468 se
1090 5411 1185 5467 dat
1214 5410 1653 5482 agnoscendum.

532 5503 657 5559 1'55.
691 5503 766 5560 De
812 5504 989 5560 reditu
1037 5501 1266 5557 fratrum
1316 5500 1518 5572 Ioseph
1558 5504 1627 5558 ad
1670 5503 1887 5559 illorum
1940 5521 2038 5577 pa-

460 5607 623 5653 trem.

532 5688 660 5741 156.
691 5686 770 5742 De
823 5686 1091 5742 descensu
1143 5685 1315 5742 Iacob
1373 5689 1427 5742 in
1477 5686 1809 5758 Egyptum:
1843 5688 1896 5742 in
1932 5703 2042 5758 quo

460 5781 653 5848 quinta
679 5779 938 5835 revelatio
961 5778 1103 5835 facta
1137 5790 1222 5837 est
1259 5781 1325 5836 ad
1355 5797 1479 5837 eum
1526 5783 1581 5839 in
1618 5781 1827 5837 visione
1864 5782 2040 5837 noctis

461 5869 529 5924 ad
558 5876 784 5938 puteum
814 5869 1143 5926 Iuramenti.

2142 1826 2453 1897 κατέκρυψε
2478 1828 2602 1889 τοὺς
2625 1826 2939 1897 ἀλλοτρίους
2960 1826 3115 1891 θεοὺς
3133 1827 3238 1879 ὑπὸ
3254 1826 3352 1897 τὴν
3375 1827 3552 1898 τερέὸ
3561 1826 3758 1879 ινθον.

2068 1906 2113 1967 Β
2213 1925 2342 1990 ριαν.
2404 1918 2677 1991 Τέταρτος
2734 1918 3118 1991 χρηματισμὸς
3177 1920 3236 1973 ἐν
3288 1919 3529 1991 ὀπτασίᾳ.
3595 1918 3757 1988 πρὸς

2139 2009 2354 2065 Ἰακώϐ.

2210 2103 2340 2176 ριβ’.
2372 2105 2543 2160 Λείπ.

2211 2195 2335 2268 ριγ’.
2372 2198 2451 2249 Td
2478 2197 2617 2251 κατὰ
2659 2195 2885 2268 Ῥουϐὶμ
2910 2197 3004 2252 καὶ
3042 2198 3140 2269 τὴν
3169 2196 3397 2251 Βάλλαν.

2212 2292 2329 2362 ριδν.
2370 2293 2504 2363 Περὶ
2532 2292 2628 2362 τῆς
2656 2292 3007 2361 γενεαλογίας
3035 2290 3251 2355 Ἰακὼϐ,
3280 2290 3373 2347 καὶ
3409 2288 3509 2360 τῆς
3532 2286 3751 2341 τελευ-

2136 2385 2235 2457 τῆς
2262 2385 2471 2439 Ἰσαάκ.

2212 2476 2329 2550 ριε’.
2366 2478 2499 2548 Περὶ
2544 2478 2648 2548 τῆς
2696 2477 3049 2547 γενεαλογίας
3079 2476 3279 2539 Ἠσαῦ,
3325 2475 3400 2540 ὡς
3441 2472 3743 2545 ἐπορεύθη

2139 2570 2202 2623 ἐκ
2235 2571 2338 2640 γῆς
2363 2569 2588 2624 Χαναὰν
2629 2570 2738 2624 ἀπὸ
2770 2568 3069 2641 προσώπου
3093 2567 3311 2621 Ἰακώϐ.

2213 2659 2345 2733 ρις¹.
2375 2662 2511 2732 Περὶ
2546 2663 2653 2716 τῶν
2688 2660 3123 2733 βασιλευσάντων
3147 2662 3203 2714 ἐν
3231 2658 3433 2728 Ἐδώμ.

2214 2750 2339 2822 ριζ’.
2370 2754 2451 2807 Td
2480 2754 2622 2809 κατὰ
2660 2754 2881 2825 Ἰωσὴφ,
2914 2754 3009 2807 καὶ
3034 2752 3162 2815 τοὺς
3182 2750 3441 2819 ἀδελφοὺς
3468 2749 3674 2804 αὐτοῦ.

2215 2853 2344 2916 ριηθ.
2376 2847 2514 2917 Περὶ
2551 2846 2661 2900 τῶν
2686 2846 2955 2900 ἐνυπνίων
2994 2845 3216 2915 Ἰωσήφ.

2215 2937 2338 3010 ριθ’.
2369 2940 2504 3010 Περὶ
2534 2938 2627 2992 τοῦ
2659 2938 2858 3010 Ἰωσὴφ
2901 2936 3367 3008 ἀποστελλομένου
3412 2937 3549 3009 πρὸς
3598 2937 3738 3000 τοὺς

2140 3030 2405 3099 ἀδελφοὺς
2438 3029 2625 3085 αὐτοῦ.

2216 3121 2318 3194 ρκ’.
2352 3123 2433 3176 Td
2463 3122 2605 3176 κατὰ
2644 3120 2736 3175 τὸν
2762 3120 2989 3188 Ἰούδαν,
3021 3120 3116 3175 καὶ
3144 3119 3243 3190 τὴν
3276 3120 3510 3189 γυναῖκα
3552 3117 3735 3172 αὐτοῦ

2068 3244 2111 3303 C
2144 3215 2347 3269 Σαυάν.

2220 3304 2359 3376 ρκα’.
2393 3304 2475 3359 Τὰ
2497 3304 2641 3358 κατὰ
2668 3304 2766 3375 τὴν
2787 3304 3008 3376 Θάμαρ,
3040 3304 3138 3358 καὶ
3175 3304 3302 3367 τοὺς
3347 3302 3499 3365 υἱοὺς
3520 3300 3730 3355 Ἰούδα.

2217 3398 2357 3473 ρκβ’.
2391 3398 2471 3453 Td
2504 3399 2648 3453 κατὰ
2675 3399 2767 3452 τὸν
2796 3398 2994 3468 Φαρὲς,
3019 3398 3113 3453 καὶ
3145 3396 3237 3450 τὸν
3264 3398 3434 3468 Ζαρά.

2217 3490 2355 3564 ρκγ’.
2383 3492 2464 3546 Τὰ
2490 3491 2633 3546 κατὰ
2662 3491 2753 3545 τὸν
2776 3490 2974 3563 Ἰωσὴφ
3004 3488 3282 3561 πραθέντα
3312 3490 3391 3552 είς
3417 3489 3725 3557 Αῐγυπτον.

2217 3675 2349 3750 ρκδ’.
2390 3676 2528 3745 Περὶ
2556 3674 2650 3728 τοῦ
2683 3674 2881 3744 Ἰωσὴφ
2908 3675 3002 3729 καὶ
3032 3674 3128 3742 τῆς
3153 3673 3476 3741 Αἰγυπτίας.

2217 3767 2352 3840 ρκε’.
2389 3768 2525 3837 Περὶ
2547 3766 2639 3819 τοῦ
2669 3765 3063 3837 ἀρχιοινοχὸου,
3094 3764 3189 3817 καὶ
3225 3762 3319 3818 τοῦ
3348 3765 3652 3819 σιτοποιοῦ.

2218 3865 2368 3932 ρκς’.
2396 3860 2534 3929 Περὶ
2573 3858 2682 3911 τῶν
2718 3856 3026 3927 γενεθλίων,
3070 3855 3302 3910 καὶτῶν
3345 3856 3612 3910 ἐνυπνίων
3649 3850 3728 3908 ὧν

2146 3946 2254 4004 εἶδε
2283 3949 2481 4017 Φαραὼ
2504 3965 2518 3979 ·
2560 3949 2655 4003 καὶ
2684 3948 2812 4019 περὶ
2850 3942 2926 4002 ὧν
2960 3948 3154 4001 ἐλαϐεν
3196 3947 3361 4003 αὐτοῦ
3398 3949 3427 4001 ὁ
3450 3948 3729 4019 ἀρχιοινο-

2181 4044 2289 4107 όος.

2144 4063 2357 4206 xoret.
2383 4133 2466 4187 Td
2517 4133 2656 4187 κατὰ
2707 4132 2928 4203 Φαραὼ,
2980 4132 3076 4185 καὶ
3137 4131 3228 4185 τὸν
3260 4131 3459 4202 Ἰωσὴφ
3518 4131 3606 4185 διὰ
3654 4131 3725 4184 τὰ

2145 4230 2377 4284 ἐνύπνια
2406 4228 2474 4280 τά
2498 4226 2717 4298 Φαραώ.

2223 4319 2364 4392 ρκη’.
2401 4320 2537 4391 Περὶ
2569 4320 2678 4373 τῶν
2718 4319 3050 4391 δραγμάτων
3090 4320 3198 4373 τῶν
3227 4317 3271 4385 ζ’
3315 4320 3451 4375 ἐτῶν
3490 4320 3592 4389 τῆς
3629 4320 3724 4373 εὐ·-

2146 4414 2357 4486 θηνίας.

2221 4504 2362 4575 ρκθ’.
2406 4504 2540 4576 Περὶ
2574 4505 2842 4575 Μανασσῆ
2874 4507 2968 4557 καὶ
2997 4501 3260 4574 Ἐφρατμ,
3290 4505 3339 4557 οἳ
3366 4504 3615 4574 ἐγένοντο
3641 4504 3721 4574 τῷ

2071 4583 2116 4638 Ῑ)
2146 4597 2348 4667 Ἰωσὴφ
2379 4597 2486 4667 πρὸ
2517 4597 2611 4651 τοῦ
2637 4596 2820 4667 λιμοῦ.

2224 4688 2321 4759 ρλ’.
2351 4687 2487 4756 Περὶ
2515 4687 2622 4740 τῶν
2651 4687 2974 4758 ἀρξαμένων
3002 4688 3049 4752 ζ’
3082 4689 3219 4741 ἐτῶν
3246 4688 3343 4743 τοῦ
3372 4689 3550 4759 λιμοῦ.

2222 4777 2357 4847 ρλα’.
2383 4779 2466 4831 Τὰ
2496 4776 2637 4831 κατὰ
2681 4778 2807 4839 τοὺς
2843 4778 3105 4848 ἀδελφοὺς
3134 4779 3333 4852 Ἰωσὴφ
3376 4780 3718 4842 καταϐάντας

2146 4870 2229 4931 εἰς
2258 4868 2557 4935 Αἴγυπτον.

2219 4958 2359 5028 ρλβ’.
2394 4960 2532 5028 Περὶ
2563 4961 2664 5030 τῆς
2698 4959 2961 5013 ἐπανόδου
2991 4960 3101 5016 τῶν
3134 4962 3379 5033 ἀδελφῶν
3410 4963 3606 5035 Ἰωσὴφ
3636 4965 3724 5019 διὰ

2144 5048 2238 5100 τὸν
2265 5044 2549 5118 Βενιαμίν.

2221 5137 2357 5208 ρλγ’.
2389 5139 2473 5193 Td
2502 5140 2644 5195 κατὰ
2670 5142 2801 5205 τοὺς
2842 5143 3103 5213 ἀδελφοὺς
3133 5146 3331 5217 Ἰωσὴφ
3379 5147 3723 5210 καταϐάντας

2144 5231 2223 5293 εἰς
2249 5230 2527 5298 Αἴγυπτον
2556 5233 2695 5303 μετὰ
2732 5234 2829 5288 τοῦ
2862 5234 3148 5305 Βενιαμίν.

2218 5318 2349 5389 ρλδ’.
2380 5322 2462 5375 Τὰ
2518 5324 2655 5377 κατὰ
2700 5325 2762 5378 τὸ
2805 5327 2964 5380 κόνδυ
3012 5328 3075 5381 τὸ
3126 5330 3425 5402 ἀργυροῦν,
3482 5333 3579 5385 καὶ
3634 5333 3725 5385 τὸν

2146 5411 2567 5485 ἀναγνωρισμὸν
2595 5414 2689 5469 τοῦ
2722 5416 2945 5489 Ἰωσήφ.

2221 5501 2348 5571 ρλε’.
2393 5504 2529 5573 Περὶ
2557 5505 2657 5575 τῆς
2694 5509 2959 5561 ἐπανόδου
2988 5510 3097 5562 τῶν
3120 5510 3368 5579 ἀδελφῶν
3396 5512 3491 5566 τοῦ
3519 5516 3718 5585 Ἰωσὴφ

2145 5595 2245 5664 τῆς
2281 5594 2370 5648 διὰ
2394 5596 2484 5649 τὸν
2514 5597 2727 5669 πατέρα
2758 5600 2960 5655 αὐτῶν.

2219 5686 2362 5755 ρλς’.
2395 5688 2532 5758 Περὶ
2563 5690 2663 5760 τῆς
2695 5692 2775 5752 εἰς
2812 5690 3090 5759 Αἴγυπτον
3120 5694 3476 5759 καταϐάσεως
3501 5697 3594 5751 τοῦ
3623 5699 3724 5752 Ἰασ

2146 5775 2263 5829 7.6.6
2286 5780 2345 5830 ἐν
2440 5780 2691 5849 πέμπτος
2734 5783 3118 5852 χρηματισμὸς
3147 5787 3361 5852 ἐγένετο
3388 5789 3524 5857 πρὸς
3563 5791 3722 5843 αὐτὸν

2146 5872 2203 5922 ἐν
2225 5871 2467 5941 ὁράματι
2488 5874 2588 5945 τῆς
2617 5875 2810 5938 νυκτὸς
2830 5877 2887 5930 ἐν
2909 5875 2986 5946 τῷ
3012 5877 3207 5947 φρέατι
3229 5878 3321 5932 τοῦ
3347 5880 3577 5949 ’⁸ορκου.
