4080 6478
417 488 555 553 1033
1407 494 1885 555 OCTATEUCHI
1928 494 2028 555 Dli

2044 495 2215 555 ’ISIO
2257 495 2339 556 IN
2373 495 2661 556 CAPITA.
3521 490 3655 553 1034

486 605 618 677 ρλζκ
666 606 996 677 Γενεαλογία
1028 606 1139 661 τῶν
1163 607 1297 661 υἱῶν
1321 608 1540 678 Ἰσραὴλ
1581 608 1691 661 τῶν
1721 607 1981 662 είσελθόνυ
2018 617 2063 670 Α

2045 623 2063 670 ι
2163 607 2289 661 137.
2337 605 2664 678 Gcnealogia
2727 608 2960 662 filiorum
3013 608 3177 663 Israel
3242 608 3557 663 intrantium
3605 612 3656 663 iu

408 716 518 753 των
556 699 637 761 τίς
661 698 938 766 Αἴγυπτον
969 697 1087 769 ἃμα
1109 698 1308 752 Ἰακὼϐ
1345 697 1421 768 τῷ
1442 698 1611 770 πατρὶ
1638 698 1841 753 αὐτῶν.

1599 703 1611 750 t
1638 698 1841 753 αὐτῶν.
2088 697 2384 769 Ᾰζεγρωη]
2420 715 2525 754 una
2558 715 2682 755 cum
2719 699 2890 753 Iacob
2914 710 3065 770 patre
3090 716 3210 755 suo.

485 789 621 862 ρλη’.
648 792 785 861 Περὶ
825 792 927 861 τῆς
959 791 1340 859 συναντήσεως
1370 789 1569 862 Ἰωσὴφ
1596 788 1732 861 πρὸς
1768 790 1860 844 τὸν
1888 808 1987 844 πα·

1888 808 1987 844 πα-
2160 785 2282 840 158.
2313 783 2389 841 Dc
2423 787 2767 842 occurrentia
2796 786 3001 857 Ioseph
3026 804 3150 842 curn
3185 797 3341 858 patro
3370 804 3492 845 suo.

406 884 543 953 τέρα
571 882 759 937 αὐτοῦ.

483 975 614 1048 ρλϐ’.
646 976 783 1047 Περὶ
807 974 902 1029 τοῦ
938 974 1161 1043 Ἰακὼϐ,
1189 976 1279 1031 ὅτε
1324 974 1455 1047 ἔστη
1486 974 1727 1029 ἐναντίον
1756 975 1981 1044 Φαραώ.

1973 1012 1981 1026 .
2161 972 2282 1027 159.
2311 972 2388 1028 De
2414 971 2601 1039 Iacob,
2626 974 2846 1043 quando
2885 974 3036 1028 stetit
3066 987 3249 1027 coram
3281 972 3584 1029 Pharaone.

485 1072 595 1136 ρμ’.
630 1066 767 1136 Περὶ
794 1065 904 1118 τῶν
933 1064 1115 1136 ἄρτων
1156 1065 1268 1120 τῶν
1306 1065 1428 1120 ἀντὶ
1471 1064 1581 1117 τῶν
1624 1063 1838 1134 κτηνῶν
1876 1063 1986 1116 τῶν

1914 1063 1986 1116 ὦν
2160 1064 2283 1120 MO.
2317 1065 2393 1120 De
2414 1064 2645 1135 panibus
2668 1080 2767 1135 pro
2795 1067 3093 1137 pecudibus
3122 1067 3525 1137 Egyptiorum.

407 1138 750 1225 Αἰγυπτίων.

482 1248 629 1320 ρμα’.
666 1249 804 1319 Περὶ
832 1250 931 1319 τῆς
961 1250 1212 1321 κτήσεως
1250 1250 1349 1320 τῆς
1373 1250 1479 1320 γῆς
1512 1249 1622 1302 τῶν
1648 1248 1982 1317 Αἰγυπτίων,

2162 1248 2282 1303 lli.
2316 1247 2392 1305 De
2424 1251 2772 1320 possessione
2833 1260 2990 1306 terra:
3046 1250 3449 1322 Egyptiorum,
3480 1261 3535 1307 et
3588 1254 3656 1308 tle

410 1346 505 1398 καὶ
530 1344 630 1415 τῆς
654 1343 1144 1414 ἀποπεμπτὼσεως
1175 1343 1286 1397 τῶν
1317 1344 1700 1415 γεννημάτων.

1454 1344 1700 1415 ημάτων.
2090 1342 2363 1398 solutione
2398 1344 2601 1413 quinta:
2622 1345 2795 1414 partis
2828 1344 3065 1416 frugum.

484 1452 627 1524 ρμβν.
664 1453 798 1524 Περὶ
825 1448 900 1507 ὧν
940 1452 1103 1525 ἔζησε
1133 1450 1174 1507 ε’
1204 1453 1344 1507 ἐτῶν
1376 1452 1576 1509 Ἰακὼϐ
1611 1455 1669 1507 ὲν
1699 1453 1980 1527 Αἰγύπτῳ,

2160 1452 2284 1513 142.
2326 1451 2402 1507 De
2446 1453 2607 1507 annis
2663 1454 2865 1521 quibus
2912 1454 3046 1508 vixit
3086 1454 3255 1510 Iacob
3299 1457 3353 1511 in
3399 1456 3653 1528 Egypto,

411 1548 507 1600 καὶ
535 1544 664 1614 περὶ
689 1538 763 1597 ὧν
790 1539 910 1598 εἷπε
952 1544 1030 1615 τῷ
1058 1543 1281 1616 Ἰωσὴφ,
1310 1545 1398 1599 ἵνα
1436 1545 1513 1617 μὴ
1554 1545 1699 1619 ϐάψῃ
1725 1546 1889 1601 αὐτὸν
1927 1549 1985 1602 ὲν

2084 1552 2141 1598 et
2171 1545 2236 1598 de
2265 1543 2348 1600 his
2372 1560 2495 1615 qua:
2513 1543 2886 1616 dixitIoseph,
2933 1561 3002 1603 ne
3046 1549 3300 1618 sepeliret
3334 1565 3456 1604 eum
3482 1551 3535 1603 in
3568 1552 3657 1603 illa

411 1639 573 1692 αὐτῆ.

2086 1647 2254 1692 terra.

486 1655 513 1690 τ
558 1677 573 1692 .
2086 1649 2092 1690 ι

481 1640 631 1800 par.
653 1728 791 1801 napi.
818 1728 918 1798 τῆς
938 1726 1189 1796 εὐλογίας
1211 1725 1307 1781 τοῦ
1330 1727 1573 1800 Ἐφραῒμ
1631 1730 1726 1784 καὶ
1750 1729 1843 1784 τοῦ
1869 1731 1986 1786 Μα-

2145 1651 2255 1691 rra.

1836 1730 1843 1781 ἱ
1869 1731 1986 1786 Μα-
2086 1647 2139 1692 ω
2160 1728 2284 1785 145.
2313 1727 2390 1785 De
2407 1728 2789 1786 benedictione
2815 1728 3071 1801 Ephraim
3096 1738 3156 1785 et
3179 1728 3447 1787 Manasse.

403 1838 511 1875 νασ
589 1859 604 1875 .

483 1839 622 1983 9;}.
660 1887 794 1984 Περὶ
823 1912 921 1984 τῆς
946 1912 1196 1981 εὐλογίας
1225 1912 1336 1966 τῶν
1361 1911 1456 1965 δύο
1493 1910 1626 1964 υίῶν
1648 1911 1874 1983 Ἰωσήφ.

2016 1978 2049 1984 _
2162 1912 2286 1967 144.
2316 1912 2389 1968 De
2428 1912 2802 1968 benedictione
2827 1913 3059 1967 duorum
3097 1914 3331 1967 ﬁliorum
3357 1913 3580 1984 Ioseph.

476 1978 619 2073 ρμέ.
651 1978 788 2074 Περὶ
812 1978 911 2074 τῆς
940 1978 1194 2071 εὐλογίας
1217 2003 1326 2056 τῶν
1354 2001 1421 2072 ιβ’
1454 1978 1839 2072 πατριαρχῶν.
2011 1978 2054 2033 Β

2011 1978 2054 2033 Β
2160 2006 2280 2060 145.
2308 2004 2383 2059 De
2409 2006 2784 2060 benedictione
2811 2005 3099 2061 duodecim
3121 1978 3583 2076 patriarcharum.

480 2099 640 2164 ρμς’.
672 2094 808 2165 Περὶ
838 2094 942 2165 τῆς
969 2096 1227 2166 τελευτῆς
1254 2092 1471 2148 Ἰακώϐ.

1201 2113 1227 2158 ς
1254 2092 1471 2148 Ἰακὼϐ.
2160 2100 2283 2154 146.
2316 2099 2391 2153 De
2414 2108 2587 2153 morte
2621 2098 2809 2154 Iacob.

479 2185 624 2255 ppC’.
672 2186 808 2255 Περὶ
863 2186 960 2240 τοῦ
1016 2188 1076 2240 ὲν
1140 2186 1401 2256 Αἰγύπτῳ
1455 2183 1827 2254 ἐνταφιασμοῦ
1882 2183 1979 2237 τοῦ

1645 2183 1827 2254 ασμοῦ
1882 2183 1979 2237 τοῦ
2160 2190 2285 2244 147.
2310 2188 2387 2246 De
2410 2190 2689 2260 sepultura
2714 2187 2889 2247 Iacob
2920 2190 2975 2246 in
3002 2188 3256 2263 Egypto.

400 2271 621 2328 Ἰακώϐ.

478 2364 627 2437 ρμη’.
665 2368 802 2437 Περὶ
825 2366 934 2423 τῶν
961 2369 1201 2438 ἐκγόνων
1222 2368 1319 2423 τοῦ
1345 2369 1565 2442 Ἰωσὴφ,
1589 2369 1685 2427 καὶ
1713 2369 1842 2442 περὶ
1868 2370 1976 2423 τῶν

2159 2371 2285 2428 118.
2312 2370 2388 2427 De
2419 2371 2737 2443 posteritate
2770 2369 2999 2444 Ioseph,
3030 2381 3086 2429 et
3119 2372 3189 2429 de
3212 2372 3433 2432 ossibus
3458 2373 3577 2444 ejus
3603 2381 3658 2428 et

400 2458 579 2514 ὀστῶν
607 2461 775 2515 αὑτοῦ
805 2462 899 2516 καὶ
929 2463 1033 2533 τῆς
1060 2462 1335 2534 τελευτῆς.
2083 2470 2277 2517 ιηοτιθο

1680 2606 1897 2670 Ezodt’
1946 2607 2157 2687 capita
2197 2612 2345 2667 sunt
2369 2625 2390 2666 :

473 2771 542 2826 a'.
575 2773 710 2843 Περὶ
737 2776 838 2846 τῆς
870 2776 1177 2847 γεννήσεως
1212 2776 1516 2842 Μωῦσέως.

1324 2777 1516 2842 ὓσέως.
2157 2779 2208 2833 1.
2242 2777 2318 2833 De
2342 2779 2690 2849 generatione
2711 2777 2933 2852 Moysis.

475 2866 544 2937 β’.
580 2866 775 2938 Πρώτη
803 2868 1043 2922 ὀπτασία
1072 2868 1210 2940 πρὸς
1242 2871 1484 2939 Μωῦσῆν
1512 2871 1572 2924 ἐν
1597 2869 1675 2940 τῷ
1704 2868 1874 2940 βάτῳ.

1743 2869 1874 2938 άτῳ.
2154 2868 2211 2922 2.
2252 2868 2436 2925 Prima
2467 2871 2735 2942 apparitio
2764 2873 2832 2927 ad
2870 2869 3091 2945 loysen
3111 2871 3169 2927 in
3194 2872 3354 2929 rubo.

474 2958 542 3027 γ’.
578 2959 712 3030 Περὶ
738 2962 834 3027 τῆς
867 2962 1248 3031 συναντήσεως
1285 2960 1586 3024 Μωῦσέως,
1621 2962 1715 3013 καὶ
1748 2959 1977 3029 Ἀαρών.

1500 2978 1586 3024 ως,
1621 2962 1715 3013 καὶ
1748 2959 1977 3029 Ἀαρών.
2152 2960 2208 3014 5.
2240 2960 2314 3015 De
2336 2975 2573 3018 occursu
2604 2961 2802 3034 Moysis
2824 2971 2879 3018 et
2905 2964 3111 3018 Aaron.

468 3049 536 3104 δ’.
570 3048 619 3104 α’
643 3050 799 3118 λόγος
827 3051 1110 3115 Μωῡσέως
1161 3051 1257 3106 καὶ
1280 3051 1495 3123 ’Δαρὼν
1522 3051 1659 3123 πρὸς
1687 3052 1907 3122 Φαραώ.

2152 3050 2206 3103 4.
2229 3048 2446 3108 Primus
2474 3067 2659 3108 sermo
2687 3052 2893 3126 Moysis
2911 3062 2967 3110 et
2984 3055 3165 3110 Aaron
3196 3055 3262 3110 ad
3291 3052 3657 3111 Pharaonem.

469 3141 537 3196 ε’.
566 3143 699 3213 Περὶ
718 3143 826 3196 τῶν
853 3144 1304 3213 μαστιγωθέντων
1331 3143 1726 3216 γραμματέων.

1261 3162 1304 3199 ιν
1331 3143 1726 3216 γραμματέων.
2152 3143 2207 3197 5.
2239 3144 2315 3198 De
2344 3144 2630 3214 ﬂagellatis
2656 3146 2872 3202 scribis.

471 3240 551 3299 ς’.
578 3234 715 3305 Περὶ
743 3236 845 3325 τῆς
866 3234 1063 3305 ῥάϐδου
1091 3236 1190 3307 τῆς
1229 3236 1563 3309 στραφείσης
1593 3236 1673 3297 είς
1699 3234 1844 3325 ὅφινἐ
2001 3262 2047 3325 C

1626 3236 1673 3297 t;
1699 3234 1844 3325 ὅφινἐ
2001 3262 2047 3325 C
2151 3236 2206 3289 6.
2234 3235 2311 3325 lle
2335 3236 2485 3306 virga
2515 3251 2777 3292 conversa
2819 3237 2873 3291 in
2898 3246 3230 3306 serpentem.

470 3325 538 3390 ζ’.
568 3325 763 3397 Πρώτη
797 3324 999 3397 πληγὴ,
1032 3326 1307 3399 μεταϐολὴ
1338 3326 1432 3381 τοῦ
1456 3326 1645 3389 ὓδατος
1669 3327 1749 3389 εἰς
1780 3318 1939 3395 αἷμα.
2011 3318 2047 3325 “

2011 3318 2047 3325 “
2148 3326 2205 3381 7.
2233 3324 2413 3381 Prima
2448 3326 2625 3399 plaga,
2662 3328 2949 3383 conversio
2977 3343 3134 3399 aquae
3166 3328 3222 3384 iu
3250 3328 3594 3399 sanguinem.

472 3414 547 3486 η’.
579 3419 824 3490 Δευτέρα
854 3419 1039 3490 πληγὴ
1074 3419 1380 3491 βατράχων.

1372 3459 1380 3476 .
2150 3417 2206 3473 8.
2238 3416 2490 3473 Secunda
2518 3418 2671 3489 plaga
2704 3433 2983 3475 ranarum.

472 3510 541 3567 θ’.
566 3513 735 3584 Τρίτη
761 3511 946 3583 πληγὴ
977 3513 1087 3566 τῶν
1118 3512 1373 3568 σκνιπῶν.

1356 3531 1373 3568 ι
2148 3509 2203 3564 9.
2233 3507 2414 3563 Tertia
2446 3508 2602 3579 plaga
2637 3509 2967 3580 sciniphum.

472 3599 528 3657 ι’.
564 3603 812 3673 Τετάρτη
844 3604 1028 3674 πληγὴ
1058 3602 1351 3674 κυνομύης.

2151 3596 2241 3652 10.
2269 3597 2473 3663 Quarta
2506 3598 2662 3668 plaga
2690 3589 3025 3655 muscarum.

475 3692 566 3749 ια’.
609 3696 842 3766 Πέμπτη
872 3694 1075 3767 πληγὴ,
1113 3694 1339 3759 θάνατος
1370 3696 1603 3767 κτηνῶν.

1567 3712 1603 3751 θ,
2152 3691 2242 3745 11.
2275 3691 2475 3756 Quinta
2505 3691 2681 3763 plaga,
2708 3707 2855 3746 mors
2894 3707 3178 3763 pecorum.

475 3785 562 3858 ιβ’.
600 3788 775 3857 Ἐκτη
803 3786 1009 3859 πληγὴ,
1041 3787 1327 3857 φλυκτίδες
1356 3788 1703 3853 άναξέουσαι.

1595 3804 1703 3841 σαι.
2150 3780 2240 3836 12.
2270 3781 2437 3835 Sexta
2460 3783 2642 3851 plaga,
2682 3782 2875 3837 vesica:
2898 3791 3202 3852 turgentes.

474 3886 563 3948 ιγ’.
614 3880 851 3952 Ἑϐδόμη
879 3880 1063 3951 πληγὴ
1088 3881 1186 3950 τῆς
1213 3880 1455 3951 χαλάζης
1466 3930 1477 3937 .

1416 3899 1477 3951 ις,
2151 3873 2238 3927 15.
2275 3872 2514 3942 Septima
2541 3872 2695 3942 plaga
2726 3873 3027 3942 grandinis.

475 3974 558 4026 ιδ’.
588 3973 783 4043 Ὀγδόη
820 3973 1030 4045 πληγὴ,
1059 3974 1242 4044 ἀκρίς.

2152 3964 2242 4018 14.
2282 3964 2484 4018 Octava
2518 3964 2698 4035 plaga,
2734 3964 2982 4019 locustae.

475 4070 555 4119 ιε’.
587 4064 819 4136 Ἐννάτη
843 4065 1050 4134 πληγὴ,
1076 4066 1270 4128 σκότος
1294 4063 1635 4135 ψηλαφητόν.

2153 4054 2238 4109 15.
2280 4051 2434 4108 Nona
2467 4056 2645 4124 plaga,
2671 4055 2907 4108 tenebrat
2932 4054 3252 4124 palpabiles.

471 4184 540 4197 -—
565 4158 778 4211 Δεκάττι
813 4156 1019 4229 πληγὴ,
1052 4157 1087 4226 ἠ
1116 4157 1226 4211 τῶν
1257 4157 1640 4230 πρωτοτόκων.

2148 4175 2221 4186 -
2274 4144 2493 4200 Decima
2519 4146 2696 4217 plaga,
2719 4145 3228 4216 primogenitorum.
3259 4142 3520 4215 (Numero
3556 4147 3651 4199 (Ιο-

2078 4237 2327 4291 stitutunt
2356 4246 2458 4291 est.
2467 4243 2485 4306 ,l

471 4349 566 4407 ις’.
597 4342 735 4415 Περὶ
767 4343 862 4397 τοῦ
895 4342 1086 4415 Πάσχα
1119 4342 1307 4413 νόμος.

1119 4342 1307 4413 νόμος.
2154 4333 2244 4387 16.
2287 4332 2361 4388 De
2386 4332 2594 4389 Pascha
2622 4333 2727 4388 lex.

473 4432 561 4499 ιζ’.
596 4436 733 4507 Περὶ
763 4435 873 4489 τῶν
903 4435 1313 4506 ἐπιταχθέντων
1341 4435 1721 4507 πρωτοτόκων.

1627 4453 1721 4488 ων,
2150 4425 2238 4481 17.
2269 4424 2343 4481 De
2380 4425 2650 4480 mandatis
2678 4425 2823 4480 circa
2855 4426 3238 4497 primogenita.

470 4532 558 4597 ιη’.
595 4526 734 4598 Περὶ
756 4526 856 4597 τῆς
888 4526 1072 4594 ἐξόδου
1097 4527 1208 4579 τῶν
1232 4525 1365 4580 υίῶν
1392 4526 1629 4596 Ἰσραήλ.

1472 4526 1629 4596 ραήλ,
2150 4517 2238 4572 18.
2264 4515 2339 4569 De
2377 4531 2596 4585 egressu
2625 4517 2862 4571 ﬁliorum
2895 4516 3081 4574 Israel.

465 4615 551 4672 ιϐ’.
581 4618 762 4689 Νόμος
792 4618 886 4673 τοῦ
916 4620 1128 4689 Πάσχα.
2007 4623 2054 4678 D

1039 4636 1128 4689 χα.
2007 4623 2054 4678 υ
2152 4608 2241 4662 19.
2265 4604 2374 4659 Lex
2407 4603 2650 4659 Pascha.

461 4707 534 4763 κ’.
561 4709 698 4779 Περὶ
721 4708 831 4762 τῶν
858 4709 1107 4781 ἀζύμων.

987 4727 1107 4765 ιων.
2144 4697 2237 4752 20.
2269 4697 2341 4750 De
2370 4695 2598 4765 azymis.

465 4808 575 4856 κα⁸.
612 4802 749 4875 Περὶ
782 4802 892 4857 τῶν
925 4803 1309 4873 ἁγιαζομὲνων
1335 4802 1720 4873 πρωτοτόκων.

1547 4802 1720 4857 τόκων,
2146 4788 2234 4842 21.
2268 4786 2346 4843 De
2374 4788 2734 4842 sanctiticatls
2763 4785 3158 4856 primogenitis.

463 4893 570 4964 κβ’.
610 4895 746 4968 Περὶ
769 4894 879 4947 τῶν
916 4894 1090 4947 όστῶν
1112 4892 1329 4963 Ἰωσήφ.

1228 4897 1329 4963 ήφ.
2144 4882 2238 4936 22.
2261 4879 2337 4933 De
2368 4880 2586 4934 ossibus
2616 4877 2839 4948 Ioseph.

469 4985 577 5054 κγ’.
610 4967 749 5056 Περὶ
781 4985 876 5041 τοῦ
905 4986 1223 5058 γογγυσμοῦ
1245 4988 1354 5040 τῶν
1380 4986 1510 5040 υἱῶν
1544 4986 1763 5058 Ἰσραὴλ
1791 4986 1878 5040 διὰ
1909 4986 1971 5039 τὺ

2141 4971 2232 5026 23.
2280 4972 2355 5025 De
2406 4970 2838 5025 murmuratione
2900 4969 3136 5024 ﬁliorum
3196 4967 3364 5023 Israel
3428 4972 3651 5037 propter

384 5076 556 5147 ὓδωρ.

2072 5079 2291 5134 aquam.

460 5167 560 5222 κδ’.
588 5168 726 5238 Περὶ
748 5167 843 5226 τοῦ
872 5168 1049 5239 μάννα
1070 5169 1167 5222 καὶ
1199 5168 1304 5240 τῆς
1327 5166 1769 5240 ὀρτυγομήτρας.

1361 5168 1769 5240 ρτυγομήτρας,
2100 5196 2103 5199 -
2140 5155 2233 5209 24.
2258 5154 2335 5210 De
2362 5168 2564 5209 manna
2586 5163 2642 5209 et
2669 5152 2972 5208 coturnice.

460 5266 561 5314 κε’.
589 5260 729 5333 Περὶ
776 5258 869 5315 τοῦ
909 5262 1126 5331 ἀγνοεῖν
1155 5261 1282 5325 τοὺς
1312 5261 1461 5325 υἱοὺς
1499 5259 1738 5330 Ἰσραὴλ,
1761 5258 1814 5312 τί
1852 5260 1971 5313 ἐστι

2137 5250 2228 5307 25.
2261 5249 2336 5304 De
2358 5248 2664 5321 ignorantia
2686 5248 2921 5303 ﬁliorum
2949 5246 3136 5312 Israel,
3164 5244 3298 5316 quid
3322 5243 3395 5303 sit
3420 5258 3638 5300 manna.

388 5351 598 5422 μάννα.

459 5441 573 5505 κς’.
609 5442 745 5511 Περὶ
772 5442 866 5496 τοῦ
899 5443 1224 5498 καταλιπεῖν
1252 5444 1430 5513 μάννα
1456 5444 1537 5506 είς
1568 5441 1630 5496 τὸ
1658 5442 1825 5513 πρωΐ.

1749 5442 1825 5498 ut.
2139 5450 2232 5506 26.
2273 5452 2345 5505 De
2376 5449 2688 5519 reponendo
2720 5464 2920 5505 manna
2950 5449 3004 5504 in
3036 5448 3360 5504 crastinum.

462 5530 564 5597 κζ’.
599 5534 735 5605 Περὶ
759 5535 1062 5589 Σαϐϐάτου.
1504 5568 1507 5569 ν

1010 5552 1062 5588 υ.
1504 5568 1507 5569 ν
2137 5538 2229 5595 27.
2260 5537 2336 5593 Dc
2362 5538 2619 5593 Sabbato.

465 5624 573 5697 κη’.
606 5628 744 5697 Περὶ
772 5627 871 5696 τῆς
905 5627 1113 5697 χρυσῆς
1142 5625 1381 5695 στάμνου
1410 5624 1557 5698 (sic).

1267 5642 1381 5678 ινου
1410 5624 1557 5698 (sic).
2134 5630 2225 5683 28.
2272 5631 2345 5685 De
2371 5645 2536 5691 aureo
2567 5629 2795 5701 scypho.
2866 5668 2878 5681 .

460 5712 562 5770 κδ’.
598 5717 733 5787 Περὶ
760 5716 863 5786 τῆς
887 5716 1255 5786 καταχθείσης
1288 5716 1495 5787 πέτρας
1524 5717 1583 5769 ὲν
1614 5716 1837 5787 Χωρήϐ.

1494 5735 1495 5741 η
1524 5717 1583 5769 ὲν
1614 5716 1837 5787 Χωρήϐ.
2138 5721 2228 5773 29.
2272 5718 2346 5774 De
2376 5717 2574 5774 ﬂuente
2601 5733 2750 5790 petra
2785 5720 2838 5774 in
2870 5720 3105 5776 Choreb.

458 5806 522 5861 λ’.
552 5808 633 5861 Τά
666 5810 808 5863 κατὰ
830 5808 1080 5880 ’Λμαλὴχ
1108 5810 1168 5863 ἐν
1205 5808 1500 5877 Ῥαφιδείν.

2140 5810 2230 5864 50.
2262 5810 2395 5877 Quae
2432 5813 2499 5865 ad
2523 5812 2747 5868 Amalec
2773 5822 3019 5883 spectant
3050 5814 3103 5869 in
3140 5814 3452 5885 Raphidim.

458 5896 560 5954 λα’.
594 5900 727 5972 Περὶ
771 5900 962 5970 ἰοϐόρ.

2145 5901 2205 5953 ’51
2222 5943 2233 5955 .
2272 5892 2343 5957 De
2375 5900 2580 5960 Iotbor.

713 5998 983 6059 PATROL.
1029 6003 1142 6061 Gn.
1182 6002 1329 6063 CVI.
3172 6006 3248 6063 33
