4080 6442
470 391 597 454 ιιιςι
1173 386 1569 448 OPUSCULA
1611 383 2239 446 SCRIPTURISTICA
2278 383 2627 445 INCERTAE
2667 385 2976 447 ZETATIS.
3604 381 3754 446 1032

543 503 660 558 102.
706 501 783 557 De
832 499 1162 557 revelationc
1206 499 1272 552 ad
1310 498 1493 553 Lahan
1551 498 1616 553 de
1667 495 1832 551 Iacob
1874 505 1930 552 et
1973 496 2039 551 de
2067 501 2117 559 Α

2218 496 2317 566 ρβ’.
2354 497 2491 567 Περὶ
2520 496 2613 550 τοῦ
2648 494 3035 566 χρηματισμοῦ
3067 493 3164 549 τοῦ
3193 493 3327 567 πρὸς
3364 494 3558 550 Λάϐαν
3606 495 3752 567 περὶ

463 596 623 649 idolis
2142 590 2237 644 τοῦ
2267 590 2483 650 Ἰακὼϐ,
2519 589 2615 642 καὶ
2646 591 2773 659 περὶ
2802 591 2911 641 τῶν
2944 588 3199 643 εἰδώλων.

533 688 657 745 105.
695 686 895 743 Foedus
917 685 1087 740 Iacob
1116 694 1169 739 et
1198 682 1407 740 Laban.

2217 689 2319 754 ργ’.
2352 682 2595 753 Διαοήκη
2619 681 2712 735 τοῦ
2744 681 2936 734 Ἰακὼϐ
2962 684 3054 736 καὶ
3081 682 3175 734 τοῦ
3202 681 3408 740 Λάϐαν.

534 779 656 831 104.
690 780 762 833 De
792 777 1045 831 columna
1071 784 1125 829 et
1159 775 1369 829 tumqu
1397 772 1718 828 testimonii.

2215 774 2289 843 ρδ¹
2295 776 2456 845 ,Περὶ
2476 775 2573 842 τῆς
2596 774 2817 845 στήλης,
2846 775 2942 828 καὶ
2965 774 3060 827 τοῦ
3086 774 3276 845 βουνοῦ
3296 774 3391 829 τοῦ
3414 776 3749 847 μάρτυρος.

533 870 658 949 1οξ.
692 868 767 924 De
799 868 1006 939 angelis
1044 867 1139 937 qui
1172 866 1390 921 obviam
1422 865 1558 920 ﬁunt
1586 864 1775 921 Iacob.
1882 900 1885 901 ν

2216 874 2313 936 ρε’.
2350 866 2489 938 Περὶ
2519 868 2615 936 τῆς
2642 866 3017 937 συναντήσεως
3044 865 3153 919 τῶν
3175 867 3422 934 ἀγγέλων
3453 867 3560 937 τῆς
3592 867 3754 938 πρὸς

2145 958 2365 1014 Ἰακώϐ.

534 1051 654 1105 106.
691 1049 766 1106 De
799 1050 942 1106 Esau
981 1049 1234 1105 veniente
1255 1049 1471 1107 obviam
1498 1046 1688 1103 Iacob.

2220 1058 2329 1122 ρς’.
2366 1051 2502 1122 Περὶ
2528 1050 2621 1104 τοῦ
2661 1048 2834 1103 Ἠσαῦ
2863 1049 3161 1120 ἐρχομένου
3190 1051 3271 1117 εἰς
3295 1053 3635 1125 συνάντησιν
3661 1050 3754 1121 τῷ

2146 1142 2363 1197 Ἰακώϐ.

532 1239 649 1292 107.
681 1237 757 1291 De
790 1235 1029 1292 luctante
1059 1251 1181 1291 cum
1207 1234 1399 1291 Iacob.

2219 1233 2320 1306 ρξ’.
2356 1236 2491 1303 Περὶ
2527 1235 2621 1289 τοῦ
2658 1234 3023 1299 παλαίσαντος
3061 1236 3200 1306 μετά
3228 1236 3441 1290 Ἰακώϐ.

532 1328 655 1382 108.
686 1327 759 1381 De
789 1326 1103 1381 occurentia
1134 1325 1276 1379 Esau
1310 1335 1363 1379 et
1386 1323 1577 1379 Iacob.

2219 1324 2323 1395 oq'.
2361 1327 2496 1395 Περὶ
2532 1326 2632 1395 τῆς
2657 1315 3033 1395 συναντῆσεως
3069 1326 3238 1380 Ἡσαῦ
3270 1330 3362 1379 καὶ
3388 1326 3620 1379 Ἰακώϐ.

536 1420 657 1474 109.
689 1419 820 1485 Quae
841 1419 909 1474 ad
944 1417 1141 1473 Dinam
1175 1418 1408 1472 attinent
1448 1417 1612 1470 filiam
1640 1414 1808 1471 Iacob
1833 1423 1885 1470 et
1910 1415 2040 1477 Line,

2219 1416 2318 1486 pU'.
2354 1418 2437 1470 Τά
2472 1418 2610 1471 κατά
2634 1418 2733 1486 τὴν
2762 1418 2921 1471 Δείνα
2954 1420 3052 1489 τὴν
3083 1418 3357 1491 θυγατέρα
3378 1418 3604 1485 Ἰακὼϐ,
3641 1418 3752 1471 καὶ

2146 1510 2329 1574 Λείας.

535 1602 657 1656 110.
682 1601 863 1655 Tertia
900 1600 1160 1656 revelatio
1195 1599 1261 1655 ad
1294 1598 1461 1654 Iacob
1498 1600 1551 1653 in
1595 1599 1811 1654 Sichem
1840 1600 1905 1654 de
1943 1599 2036 1654 Be-

2217 1609 2305 1673 pt'.
2332 1602 2526 1672 Τρίτος
2558 1603 2941 1673 χρηματισμὸς
2988 1602 3122 1673 πρὸς
3147 1602 3339 1656 Ἰακὼὸ
3369 1602 3427 1655 ὲν
3451 1603 3589 1673 Σική
3601 1617 3749 1670 μοις

464 1695 595 1761 thel,
628 1693 820 1749 etDco
860 1694 955 1764 qui
1007 1694 1084 1748 illi
1138 1695 1407 1763 apparuit,
1452 1695 1671 1764 quando
1722 1692 1849 1748 fodit
1911 1692 2044 1748 deos

2145 1672 2273 1765 περὶ
2305 1694 2405 1764 τῆς
2439 1693 2662 1764 Βαιθὴλ,
2709 1694 2803 1746 καὶ
2843 1691 2936 1746 τοῦ
2979 1672 3234 1761 ὀφθέντος
3267 1692 3414 1763 αὖτῷ
3440 1672 3604 1756 ῧὲοῦ,
3638 1692 3744 1745 ὅτε

464 1784 672 1839 alienos
703 1785 805 1840 sub
832 1784 1155 1839 terebintho.

2146 1783 2458 1855 κατέκρυψε
2482 1785 2607 1847 τοὺς
2630 1783 2943 1854 ἀλλοτρίους
2964 1783 3119 1848 θεοὺς
3137 1784 3242 1836 ὑπὸ
3259 1784 3357 1854 τὴν
3380 1800 3439 1836 τε
3449 1782 3745 1854 ρέόινθον.

536 1878 659 1932 111.
689 1876 895 1944 Quarta
932 1877 1193 1934 revelatio
1227 1877 1281 1931 in
1316 1874 1658 1948 apparitione
1684 1876 1751 1931 ad
1783 1875 1975 1932 Iacob.
2073 1864 2118 1925 Β

2218 1883 2346 1948 ρια’.
2409 1876 2682 1948 Τέταρτος
2739 1875 3122 1948 χρηματισμὸς
3182 1877 3239 1929 ὲν
3292 1875 3526 1947 ὀπτασίᾳ.
3580 1874 3746 1945 πρὸς

2144 1967 2358 2023 Ἰακώϐ.

534 2066 558 2118 1
581 2065 655 2119 l2.
693 2065 870 2121 Deest.

2215 2060 2345 2135 ριβ’.
2377 2062 2548 2117 Λείπ.

536 2162 661 2215 115.
687 2161 820 2227 Qua:
853 2160 919 2216 ad
955 2160 1142 2215 Ruben
1185 2168 1239 2215 et
1262 2159 1447 2213 Balam
1483 2165 1752 2230 spectant.

2217 2153 2340 2227 ριγ’.
2377 2155 2456 2207 Τά
2482 2154 2622 2209 κατά
2664 2153 2890 2225 Ῥουϐὶμ
2915 2154 3009 2209 καὶ
3047 2154 3145 2225 τὴν
3174 2153 3401 2208 Βάλλαν.

536 2254 661 2308 111.
694 2252 769 2309 De
798 2253 1112 2322 genealogia
1142 2251 1313 2307 Iacob
1344 2259 1398 2306 et
1430 2261 1604 2305 morte
1636 2249 1806 2304 Isaac.

2218 2250 2334 2320 pt6’.
2375 2250 2509 2321 Περὶ
2537 2249 2633 2320 τῆς
2661 2249 3012 2319 γενεαλογίας
3040 2246 3256 2311 Ἰακὼὸ,
3284 2247 3378 2303 καὶ
3414 2245 3512 2316 τῆς
3533 2242 3741 2297 τελευ-

2142 2343 2240 2415 τῆς
2267 2343 2476 2396 Ἰσαάκ.

536 2436 659 2491 115.
713 2436 789 2492 De
835 2435 1149 2507 genealogia
1196 2434 1367 2503 Esafi,
1397 2434 1617 2505 quando
1657 2434 1791 2488 abiit
1823 2447 1854 2489 e
1900 2440 2042 2488 terra

2218 2434 2335 2508 ριε’.
2372 2436 2505 2505 Περὶ
2549 2436 2653 2505 τῆς
2701 2434 3054 2505 γενεαλογίας
3084 2432 3284 2495 Ἠσαῦ,
3330 2431 3405 2496 ὡς
3446 2428 3735 2500 ἐπορεύθη

460 2529 725 2584 Chanaan
759 2536 885 2582 ante
920 2526 1111 2582 faciem
1136 2525 1327 2581 Iacob.

2144 2528 2208 2581 ὲκ
2241 2529 2344 2598 γῆς
2369 2527 2593 2582 Χαναὰν
2634 2527 2743 2582 ἀπὸ
2775 2525 3074 2598 προσώπου
3097 2523 3315 2578 Ἰακώϐ.

536 2621 664 2676 116.
700 2620 775 2677 De
808 2622 894 2676 his
925 2620 1019 2691 qui
1049 2627 1416 2695 regnaverunt
1441 2619 1496 2672 in
1531 2616 1724 2672 Edom.

2218 2617 2351 2690 ρις’.
2381 2620 2516 2689 Περὶ
2552 2620 2659 2674 τῶν
2694 2617 3127 2690 βασιλευσάντων
3152 2619 3208 2670 ἐν
3236 2614 3437 2684 Ἑδώμ.

533 2715 660 2770 117.
694 2714 825 2781 Qua:
861 2713 929 2769 ad
957 2712 1155 2782 Ioseph
1195 2723 1249 2766 et
1284 2711 1480 2767 fratres
1506 2710 1625 2781 ejus
1648 2709 1900 2764 attinent.

2220 2708 2344 2780 ριζ’.
2376 2712 2457 2764 Τὰ
2486 2711 2628 2766 κατά
2666 2711 2886 2783 Ἰωσὴφ,
2919 2711 3014 2764 καὶ
3040 2709 3167 2772 τοὺς
3187 2707 3447 2775 ἀδελφοὺς
3474 2705 3664 2761 αὑτοῦ.

535 2806 660 2860 118.
690 2804 764 2860 De
793 2803 1023 2859 somniis
1062 2803 1283 2873 Ioseph.

2221 2811 2350 2874 ριη’.
2382 2804 2520 2874 Περὶ
2557 2804 2667 2857 τῶν
2692 2803 2961 2856 ἐνυπνίων
2999 2802 3220 2871 Ἰωσήφ.

538 2898 663 2950 119.
698 2894 774 2950 De
810 2894 1011 2965 Ioseph
1034 2894 1238 2949 emisso
1265 2892 1332 2949 ad
1356 2891 1554 2949 fratres
1588 2906 1739 2947 suos.

2221 2895 2344 2967 pt0'.
2376 2897 2510 2967 Περὶ
2540 2895 2633 2949 τοῦ
2665 2895 2863 2967 Ἰωσὴφ
2907 2893 3373 2965 ἀποστελλομένου
3417 2894 3552 2965 πρὸς
3595 2893 3731 2956 τοὺς

2146 2988 2411 3058 ἀδελφοὺς
2444 2987 2631 3043 αὐτοῦ.

538 3079 661 3133 120.
691 3077 823 3145 Quae
853 3077 921 3132 ad
958 3075 1153 3132 Iudam
1185 3083 1241 3131 et
1269 3089 1495 3131 uxorem
1523 3072 1645 3144 ejus
1686 3070 1883 3128 Savam
1915 3072 2044 3127 atti-

2222 3078 2325 3152 ρκ’.
2358 3080 2439 3133 Τὰ
2469 3080 2611 3133 κατά
2650 3077 2742 3132 τὸν
2768 3077 2995 3145 Ἰούδαν,
3027 3076 3121 3132 καὶ
3150 3076 3249 3147 τὴν
3282 3077 3516 3146 γυναῖκα
3556 3074 3729 3127 αὑτοῦ

467 3179 619 3223 nent.
2074 3217 2078 3247 ‘

1753 3258 1773 3260 ξ
1833 3258 1843 3260 Α
2074 3202 2117 3260 C
2150 3173 2352 3227 Σαυάν.

538 3266 658 3320 121.
695 3264 827 3330 Qua:
845 3264 912 3319 ad
939 3263 1178 3319 Thamar
1203 3271 1449 3334 spectant
1486 3268 1541 3317 et
1570 3261 1711 3317 ﬁlios
1745 3258 1906 3315 Iuda.
2084 3256 2115 3260 ί

2226 3262 2365 3334 ρκα⁹.
2399 3262 2481 3317 Τὰ
2504 3261 2647 3316 κατά
2674 3261 2772 3332 τὴν
2793 3261 3014 3333 Θάμαρ,
3046 3260 3145 3315 καὶ
3182 3261 3308 3324 τοὺς
3353 3259 3505 3321 υἱοὺς
3526 3256 3725 3311 Ἰούδα.

538 3356 662 3409 122.
695 3354 826 3421 Quze
856 3355 925 3410 ad
954 3353 1161 3410 Phares
1192 3363 1248 3410 et
1271 3353 1469 3408 Zaram
1495 3352 1749 3408 attinent.

2224 3355 2364 3430 ρκβ’.
2397 3356 2479 3410 Τά
2511 3356 2655 3410 κατὰ
2681 3356 2774 3409 τὸν
2802 3355 3001 3425 Φαρὲς,
3025 3355 3119 3410 καὶ
3151 3352 3244 3406 τὸν
3270 3354 3440 3424 Ζαρά.

537 3446 660 3500 125.
695 3444 830 3511 Quae
867 3445 935 3501 ad
966 3444 1166 3515 Ioseph
1203 3454 1438 3502 attinent
1471 3442 1756 3500 venditum
1789 3442 1841 3497 in
1876 3440 2048 3512 Egy-

2224 3448 2363 3522 ρκγ’.
2390 3449 2471 3503 Τά
2497 3449 2640 3503 κατά
2669 3448 2760 3502 τὸν
2783 3447 2981 3520 Ἰωσὴφ
3010 3444 3288 3518 πραθέντα
3318 3446 3398 3508 είς
3423 3445 3721 3513 Αἴγυπτον.

464 3547 635 3607 ptum.

538 3628 662 3684 121.
695 3629 772 3683 De
798 3628 1001 3698 Ioseph
1032 3636 1087 3684 et
1112 3626 1389 3699 Egyptia.

2224 3633 2356 3709 ρκδ’.
2397 3633 2535 3703 Περὶ
2563 3632 2657 3686 τοῦ
2690 3631 2888 3701 Ἰωσὴφ
2915 3632 3009 3685 καὶ
3038 3630 3135 3699 τῆς
3160 3630 3482 3697 Αἰγυπτίας.

536 3720 659 3774 125,
688 3718 763 3774 De
786 3719 1043 3790 pincerna
1075 3728 1129 3774 et
1168 3720 1396 3788 pistore.

2224 3725 2359 3798 ρκε⁹.
2396 3725 2532 3794 Περὶ
2554 3723 2647 3777 τοῦ
2676 3721 3070 3793 ἀρχιοινοχόου,
3101 3721 3195 3774 καὶ
3232 3719 3325 3774 τοῦ
3355 3721 3652 3774 σιτοποιοῦ.

538 3809 663 3862 126.
697 3807 773 3863 De
800 3808 1088 3874 natalitiis,
1117 3816 1171 3862 et
1200 3807 1431 3864 somniis
1457 3818 1579 3876 quae
1619 3805 1756 3863 vidit
1801 3805 2048 3870 Pharao;

2225 3823 2375 3889 pxg".
2403 3816 2541 3886 Περὶ
2580 3815 2689 3868 τῶν
2725 3812 3033 3884 γενεθλίων,
3077 3813 3173 3866 καὶ
3201 3812 3309 3866 τῶν
3352 3812 3618 3865 ἐνυπνίων
3650 3806 3724 3864 ὧν

466 3912 523 3955 et
550 3900 616 3955 de
649 3900 737 3954 his
766 3914 889 3971 qua:
911 3901 1227 3955 recordatus
1257 3909 1340 3957 est
1371 3900 1653 3970 pincerna.

2153 3904 2261 3962 εἶδε
2290 3907 2489 3975 Φαραώ
2511 3923 2525 3936 ·
2568 3906 2662 3961 καὶ
2691 3905 2819 3977 περὶ
2858 3899 2933 3959 ὧν
2967 3904 3161 3958 ἔλαϐεν
3202 3903 3368 3959 αὐτοῦ
3405 3905 3434 3957 ὁ
3456 3904 3726 3975 ἀρχιοινο-

2188 4002 2295 4065 όος.

544 4086 666 4142 127.
697 4086 830 4154 Qua:
861 4086 927 4141 ad
953 4085 1291 4142 Pharaonem
1328 4095 1575 4157 spectant
1603 4097 1658 4144 et
1677 4086 1876 4159 Ioseph
1905 4087 2049 4143 circa
2152 4062 2155 4072 ⁴

2151 4020 2473 4165 κοίλανΓά
2524 4090 2664 4145 κατά
2715 4089 2936 4160 Φαραὼ,
2987 4089 3084 4142 καὶ
3144 4087 3235 4141 τὸν
3267 4087 3466 4158 Ἰωσὴφ
3525 4086 3613 4140 διὰ
3658 4086 3723 4140 τά

467 4181 678 4236 somnia
702 4177 1028 4233 Pharaonis.

2152 4188 2384 4242 ἐνύπνια
2414 4186 2482 4238 τὰ
2506 4183 2724 4255 Φαραώ.

571 4272 664 4327 28.
704 4269 780 4325 De
809 4269 975 4340 spicis
1003 4277 1208 4337 septem
1244 4283 1515 4325 annorum
1543 4269 1912 4326 abundantiae.

2230 4277 2371 4349 ρκη’.
2408 4278 2545 4349 Περὶ
2576 4277 2686 4331 τῶν
2726 4276 3058 4348 δραγμάτων
3098 4276 3206 4329 τῶν
3235 4274 3278 4341 ζ’
3322 4276 3459 4331 ἐτῶν
3498 4276 3599 4345 τῆς
3637 4276 3723 4327 εὐ-

2154 4372 2365 4435 Θηνίας.

542 4458 664 4511 129.
701 4457 778 4512 De
829 4455 1101 4520 Manasse,
1154 4464 1208 4511 et
1260 4455 1547 4527 Ephraim,
1595 4456 1690 4526 qui
1750 4455 1861 4510 nati
1920 4463 2051 4512 sunt

2227 4390 2313 4424 νια
2350 4412 2365 4428 .

2154 4390 2371 4533 υηρκεᾷ.
2414 4461 2548 4533 Περὶ
2582 4462 2850 4532 Μανασσῆ
2882 4464 2976 4514 καὶ
3004 4458 3268 4531 Ἐφρατμ,
3299 4462 3347 4513 οἳ
3374 4460 3622 4530 ἐγένοντο
3649 4459 3721 4529 τῷ

466 4549 667 4619 Ioseph
699 4558 829 4604 ante
854 4549 1116 4618 inopiam.

2079 4541 2124 4596 Ι)
2154 4555 2356 4624 Ἰωσὴφ
2387 4555 2494 4625 πρὸ
2525 4555 2619 4608 τοῦ
2645 4553 2827 4624 λιμοῦ.

544 4641 666 4695 150.
697 4640 774 4694 De
804 4638 1196 4710 incipientibus
1227 4646 1432 4706 septem
1462 4640 1623 4693 annis
1650 4639 1869 4707 inopiae.

2232 4645 2329 4716 ρλ¹.
2359 4645 2495 4714 Περὶ
2523 4644 2630 4697 τῶν
2660 4645 2983 4716 ἀρξαμένων
3010 4645 3057 4709 ζ’
3090 4645 3228 4698 ἐτῶν
3255 4644 3351 4699 τοῦ
3380 4645 3558 4715 λιμοῦ.

542 4730 665 4783 151.
696 4730 827 4795 Quae
853 4731 921 4785 ad
948 4729 1145 4785 fratres
1172 4728 1373 4800 Ioseph
1396 4730 1627 4784 attinent
1659 4729 2052 4785 descendentes

2230 4735 2366 4805 ρλα’.
2391 4736 2474 4789 Τὰ
2505 4734 2645 4788 κατὰ
2690 4735 2815 4797 τοὺς
2851 4734 3113 4805 ἀδελφοὺς
3143 4736 3342 4809 Ἰωσὴφ
3384 4736 3721 4797 καταϐάντας

468 4820 522 4873 in
550 4816 867 4890 Egyptum.

2154 4828 2238 4889 εἰς
2267 4826 2564 4901 Αἴγυπτον.

544 4912 670 4966 152.
708 4911 780 4967 De
809 4925 1062 4982 regressu
1094 4909 1327 4966 fratrum
1361 4909 1565 4981 Ioseph
1603 4918 1826 4982 propter
1853 4909 2052 4981 Benja-

2229 4916 2368 4986 ρλβ’.
2404 4917 2541 4985 Περὶ
2572 4918 2673 4987 τῆς
2707 4916 2970 4970 ἐπανόδου
2999 4916 3110 4972 τῶν
3142 4918 3387 4988 ἀδελφῶν
3418 4920 3616 4991 Ἰωσὴφ
3645 4921 3728 4975 διὰ

468 5001 605 5057 min.
2153 5006 2247 5058 τὸν
2274 5000 2556 5075 Βενιαμίν.

539 5096 665 5153 155.
698 5094 832 5161 Quae
858 5093 927 5150 ad
957 5093 1156 5149 fratres
1183 5091 1386 5161 Ioseph
1440 5098 1686 5162 spectant
1711 5088 2049 5147 descenden-

2230 5095 2366 5166 ρλγ’.
2398 5096 2481 5150 Τὰ
2511 5097 2653 5152 κατὰ
2679 5099 2809 5163 τοὺς
2851 5100 3111 5169 ἀδελφοὺς
3142 5102 3340 5174 Ἰωσὴφ
3387 5103 3730 5165 καταϐάντας

468 5200 550 5244 tcs
580 5189 634 5243 in
669 5188 966 5260 A'Igyptum
996 5202 1119 5243 cum
1152 5185 1461 5254 Benjamin.

2152 5188 2232 5250 εἰς
2258 5187 2536 5256 Αἴγυπτον
2565 5190 2705 5260 μετὰ
2742 5191 2838 5245 τοῦ
2872 5192 3155 5261 Βενιαμίν.

541 5281 818 5347 154.ριιαξ
867 5280 933 5335 ad
990 5280 1256 5351 scyphum
1309 5286 1629 5349 argenteum
1689 5286 1957 5348 spectant,
1996 5286 2051 5333 et

2227 5276 2359 5347 ρλδ’.
2390 5279 2472 5332 Τὰ
2527 5281 2664 5334 κατὰ
2710 5282 2770 5335 τὸ
2814 5283 2973 5337 κόνδυ
3021 5284 3083 5337 τδ
3135 5286 3433 5358 ἀργυροῦν,
3491 5288 3588 5341 καὶ
3643 5289 3732 5341 τὸν

468 5373 747 5443 quomodo
776 5371 981 5442 Ioseph
1006 5386 1066 5428 se
1099 5371 1194 5425 dat
1223 5369 1663 5440 agnoscendum.

1341 5369 1637 5429 oseendum
1649 5410 1663 5425 .
2155 5369 2576 5441 ἀναγνωρισμδν
2604 5371 2698 5425 τοῦ
2731 5373 2952 5446 Ἰωσήφ.

542 5463 667 5518 155.
700 5462 776 5519 De
821 5464 998 5519 reditu
1046 5460 1275 5517 fratrum
1325 5459 1527 5531 Ioseph
1568 5462 1637 5517 ad
1678 5461 1897 5518 illorum
1949 5479 2048 5535 pa-

2230 5458 2357 5529 ρλε’.
2403 5462 2538 5531 Περὶ
2566 5462 2666 5532 τῆς
2703 5465 2968 5518 ἐπανόδου
2998 5466 3107 5518 τῶν
3130 5467 3376 5535 ἀδελφῶν
3405 5468 3501 5521 τοῦ
3528 5472 3727 5541 Ἰωσὴφ

469 5567 633 5611 trem.
2154 5552 2254 5621 τῆς
2290 5552 2380 5605 διὰ
2404 5554 2494 5606 τὸν
2523 5553 2736 5626 πατέρα
2767 5556 2969 5612 αὐτῶν.

543 5647 669 5700 156.
701 5645 779 5701 De
832 5646 1101 5701 descensu
1152 5644 1324 5701 Iacob
1382 5649 1436 5701 in
1486 5645 1818 5717 Egyptum:
1853 5646 1907 5700 in
1941 5661 2052 5716 quo

2228 5644 2373 5712 ρλς’.
2405 5645 2541 5715 Περὶ
2572 5646 2672 5717 τῆς
2705 5649 2785 5709 εἰς
2822 5647 3100 5716 Αἴγυπτον
3130 5650 3485 5715 καταϐάσεως
3510 5653 3603 5706 τοῦ
3632 5654 3734 5708 Ἰασ

471 5738 663 5806 quinta
688 5739 948 5794 reVelatio
971 5737 1113 5794 facta
1147 5748 1231 5796 est
1268 5740 1335 5795 ad
1364 5755 1489 5796 cum
1536 5742 1590 5797 in
1628 5739 1836 5795 visione
1874 5740 2050 5795 noctis

2156 5732 2272 5787 κὼϐ
2296 5738 2355 5787 ὲν
2449 5737 2701 5807 πέμπτος
2743 5740 3128 5809 χρηματισμὸς
3156 5743 3371 5809 ἐγένετο
3398 5746 3534 5813 πρὸς
3573 5747 3732 5798 αὑτὸν

472 5827 540 5882 ad
569 5834 794 5894 puteum
823 5828 1154 5886 Iuramenti.

2156 5829 2213 5880 ὲν
2235 5829 2477 5898 ὁράματι
2497 5831 2597 5902 τῆς
2626 5833 2821 5895 νυκτὸς
2839 5834 2897 5888 ὲν
2919 5831 2997 5902 τῷ
3022 5834 3216 5904 φρέατι
3239 5835 3331 5888 τοῦ
3357 5836 3586 5905 Ὅρκον.
