4080 6476
414 483 552 549 1033
1404 488 1883 549 OCTA'I‘EUCHI
1925 488 2213 550 DIVISIO
2254 489 2336 549 IN
2370 489 2657 549 CAPITA.
3519 483 3653 546 1034

483 600 616 672 ρλζκ
664 601 993 671 Γενεαλογία
1026 601 1137 656 τῶν
1161 601 1294 655 υἱῶν
1318 602 1537 672 Ἰσραὴλ
1578 603 1689 656 τῶν
1718 600 1978 655 εἱσελϐόν-
2015 610 2060 664 Α

2043 616 2060 664 ι
2160 601 2286 655 157.
2334 599 2661 671 Genealogia
2724 601 2957 656 ﬁliorum
3011 602 3175 656 Israel
3240 601 3555 656 intrantium
3602 604 3654 656 in

405 712 516 749 των
554 695 635 756 εἱς
658 693 935 761 Αἴγυπτον
966 692 1085 764 ἃμα
1107 692 1305 746 Ὶακὼδ
1342 691 1418 763 τῷ
1440 693 1609 764 πατρὶ
1635 692 1838 747 αὐτῶν.

1597 692 1838 747 ἱαύτῶν.
2084 691 2381 763 ιλΕςγριυηι
2417 708 2523 747 una
2556 708 2680 748 eum
2716 692 2887 746 Iacob
2911 703 3063 763 patre
3087 709 3208 749 suo.

482 785 619 857 ρλη’,
645 787 782 856 Περὶ
822 786 925 856 τῆς
956 786 1337 854 συναντήσεως
1367 783 1567 856 Ἰωσὴφ
1593 782 1729 855 πρὸς
1766 783 1857 839 τὸν
1885 802 1984 838 πα-

1885 802 1984 838 πα-
2157 779 2279 833 158.
2311 777 2386 835 Dc
2420 780 2765 835 occurrentia
2794 779 2998 850 Ioseph
3024 797 3147 835 cum
3182 790 3338 851 patre
3367 797 3490 837 suo.

441 880 540 932 ἐρα
568 877 756 932 αὐτοῦ.

404 880 540 948 τέρα
568 879 756 932 αὐτοῦ.

480 970 611 1043 ρλϐ’.
644 971 781 1042 Περὶ
804 969 900 1024 τοῦ
935 969 1159 1037 Ἰακὼϐ,
1186 971 1278 1025 ὅτε
1321 969 1453 1041 ἔστη
1483 968 1725 1024 ὲναντὶον
1754 968 1978 1038 Φαραὼ.

1970 1007 1978 1021 .
2158 965 2279 1021 159.
2309 965 2385 1021 De
2411 964 2598 1031 Iacob,
2624 967 2844 1036 quando
2883 967 3034 1021 stetit
3064 980 3247 1019 coram
3278 965 3581 1022 Pharaone.

469 1067 593 1143 ,ρμκ
627 1061 765 1131 Περὶ
792 1060 902 1113 τῶν
931 1059 1113 1131 ἄρτων
1154 1059 1266 1115 τῶν
1303 1060 1426 1115 ἀντὶ
1468 1058 1579 1112 τῶν
1621 1057 1836 1128 κτηνῶν
1874 1057 1984 1110 τῶν

1912 1057 1984 1110 ῶν
2158 1058 2281 1114 MO.
2315 1059 2391 1113 De
2412 1058 2643 1129 panibus
2665 1074 2765 1129 pro
2793 1061 3091 1130 pecudibus
3119 1060 3523 1130 Egyptiorum.

404 1152 747 1208 Αἰγυπτίων.

516 1169 747 1208 υπτιων.

477 1169 626 1315 ἔμακ
664 1244 802 1314 Περὶ
830 1244 929 1314 τῆς
959 1244 1210 1316 κτήσεως
1247 1245 1347 1315 τῆς
1371 1245 1477 1315 γῆς
1510 1244 1619 1297 τῶν
1646 1241 1980 1311 Αἰγυπτίων,

2159 1242 2280 1296 Ml.
2314 1241 2389 1298 De
2421 1244 2769 1313 possessione
2830 1253 2988 1299 terra:
3044 1243 3447 1315 Egyptiorum,
3478 1253 3533 1300 et
3587 1246 3654 1301 de

407 1341 503 1393 καὶ
527 1339 628 1410 τῆς
652 1338 1142 1409 ἁποπεμπτὼσεως
1174 1338 1284 1392 τῶν
1315 1338 1698 1409 γεννημάτων.

1452 1338 1698 1409 ημάτων.
2088 1336 2361 1391 solutione
2396 1338 2599 1407 quinta:
2619 1338 2793 1407 partis
2826 1338 3063 1409 frugum.

481 1447 625 1519 ρμβ’.
662 1448 797 1519 Περὶ
824 1442 899 1501 ὧν
938 1446 1101 1520 ἔζησε
1131 1445 1173 1501 ε’
1202 1448 1342 1502 ἑτῶν
1374 1447 1574 1503 Ἰακὼϐ
1609 1449 1667 1502 ὲν
1697 1448 1978 1521 Αἰγύπτῳ,

2159 1446 2282 1507 142.
2324 1445 2400 1499 De
2444 1447 2605 1501 annis
2661 1447 2863 1515 quibus
2910 1448 3044 1501 vixit
3083 1447 3253 1503 Iacob
3298 1450 3352 1504 in
3398 1449 3651 1521 Egypto,

408 1543 504 1595 καὶ
533 1539 663 1609 περὶ
688 1533 761 1592 ὧν
788 1534 909 1593 εἷπε
951 1539 1028 1610 τῷ
1057 1538 1279 1610 Ἰωσὴφ,
1308 1540 1396 1594 ἵνα
1434 1539 1512 1612 μὴ
1552 1539 1698 1613 ϐάψῃ
1723 1540 1887 1595 αὐτὸν
1924 1543 1983 1596 ὲν

2082 1546 2139 1591 et
2169 1538 2234 1592 de
2263 1537 2346 1594 his
2371 1553 2493 1609 quae
2511 1536 2884 1610 dixitJoseph,
2930 1555 3000 1595 ne
3045 1542 3298 1610 sepeliret
3332 1559 3454 1597 eum
3481 1544 3534 1596 in
3566 1544 3655 1596 illa

408 1634 571 1687 αὑτῆ.

2083 1640 2252 1686 terra.

484 1650 510 1685 τ
556 1672 571 1687 .
2083 1643 2090 1684 1

479 1635 629 1795 ρῗιγν.
651 1723 789 1797 Περὶ
816 1722 917 1793 τῆς
936 1720 1188 1791 εὐλογίας
1210 1720 1305 1775 τοῦ
1328 1721 1571 1794 Ἐφραῖμ
1629 1724 1724 1779 καὶ
1748 1723 1841 1777 τοῦ
1868 1725 1985 1779 Μαι

2083 1640 2253 1686 terra.

1835 1724 1841 1775 ἱ
1868 1725 1985 1779 Μαι
2158 1722 2283 1779 145.
2311 1721 2388 1778 De
2406 1722 2788 1779 benedictione
2814 1722 3070 1795 Ephraim
3094 1731 3155 1778 et
3178 1721 3446 1780 Manasse.

402 1834 509 1870 νασ
587 1854 603 1870 .

481 1834 620 1978 ρῖιτόκ
658 1882 792 1979 Περὶ
821 1907 920 1979 τῆς
945 1907 1194 1976 εὐλογίας
1224 1906 1334 1961 τῶν
1360 1905 1455 1959 δύο
1491 1905 1625 1958 υἱῶν
1647 1906 1872 1977 Ἰωσήφ.

2014 1971 2049 1979 _
2161 1905 2284 1961 144.
2315 1906 2388 1961 De
2426 1905 2800 1962 benedictione
2825 1906 3057 1960 duorum
3096 1907 3329 1960 ﬁliorum
3355 1906 3578 1977 Ioseph.

650 1971 787 2069 Περὶ
811 1971 909 2069 τῆς
938 1971 1193 2066 εὐλογίας
1216 1997 1324 2050 τῶν
1353 1996 1419 2066 ιβ’
1453 1971 1837 2067 πατριαρχῶν.
2008 1971 2053 2027 Β

2008 1971 2053 2027 Β
2159 1999 2279 2053 145.
2307 1997 2382 2052 De
2408 1999 2783 2053 benedictione
2810 1998 3097 2054 duodecim
3120 1971 3582 2069 patriarcharum.

478 2094 638 2159 ρμς’.
671 2089 807 2160 Περὶ
837 2089 940 2160 τῆς
968 2090 1225 2160 τελευτῆς
1253 2087 1469 2142 Ἰακώϐ.

1199 2107 1225 2152 ς
1253 2087 1469 2142 Ἰακώϐ.
2159 2093 2282 2147 146.
2313 2092 2389 2146 De
2413 2102 2586 2146 morte
2619 2090 2808 2147 Iacob.

477 2180 623 2250 ρμζ’.
670 2181 806 2250 Περὶ
862 2180 958 2234 τοῦ
1015 2182 1075 2235 ὲν
1138 2180 1399 2250 Αἰγύπτῳ
1454 2177 1826 2248 ἐνταφιασμοῦ
1881 2176 1977 2231 τοῦ

1643 2177 1826 2248 ασμοῦ
1881 2176 1977 2231 τοῦ
2159 2184 2283 2238 147.
2308 2182 2386 2240 De
2408 2184 2689 2253 sepultura
2712 2181 2888 2240 Iacob
2919 2184 2973 2239 in
3001 2181 3254 2257 Egypto.

397 2267 620 2323 Ἰακώϐ.

476 2359 626 2432 ρμη’.
664 2363 801 2432 Περὶ
824 2361 933 2417 τῶν
960 2363 1199 2433 ἐκγόνων
1220 2362 1317 2418 τοῦ
1343 2362 1564 2436 Ἰωσὴφ,
1588 2363 1683 2421 καὶ
1712 2363 1841 2436 περὶ
1866 2364 1975 2417 τῶν

2158 2364 2284 2422 us.
2311 2364 2387 2421 De
2418 2364 2737 2436 posteritate
2768 2362 2998 2437 Ioseph.
3029 2373 3085 2422 et
3118 2365 3188 2422 de
3211 2365 3433 2425 ossibus
3457 2366 3575 2437 ejus
3602 2373 3656 2420 et

396 2453 577 2509 ὀστῶν
607 2456 774 2510 αὑτοῦ
804 2456 898 2511 καὶ
928 2458 1031 2528 τῆς
1058 2456 1334 2529 τελευτῆς.
2082 2463 2276 2510 morte.

1680 2600 1896 2664 Exodi
1945 2600 2156 2681 capita
2196 2606 2344 2661 sunt
2368 2618 2389 2659 :

470 2766 541 2822 α’.
575 2768 709 2838 Περὶ
736 2771 838 2840 τῆς
869 2770 1176 2841 γεννήσεως
1212 2771 1516 2836 Μωῦσέως.

1323 2771 1516 2836 ῦσέως.
2157 2773 2207 2827 1.
2242 2770 2317 2826 De
2341 2772 2689 2843 generatione
2711 2770 2932 2845 Moysis.

473 2862 543 2933 β’.
579 2861 775 2932 Πρώτη
803 2863 1042 2916 όπτασὶα
1071 2862 1209 2934 πρὸς
1240 2865 1483 2934 Μωῡσῆν
1511 2865 1571 2918 ἐν
1597 2863 1675 2935 τῷ
1703 2862 1873 2935 βάτῳ.

1743 2863 1873 2932 άτῳ.
2153 2862 2210 2916 2.
2251 2861 2435 2919 Prima
2467 2865 2735 2935 apparitio
2763 2866 2831 2919 ad
2869 2862 3090 2937 Moysen
3111 2864 3168 2920 in
3193 2865 3354 2921 rubo.

470 2953 541 3022 γ’.
578 2953 712 3025 Περὶ
737 2957 833 3022 τῆς
867 2956 1247 3026 συναντήσεως
1284 2955 1586 3018 Μωῦσέως,
1620 2956 1714 3007 καὶ
1746 2953 1977 3023 ’Δαρὼν.

1500 2972 1586 3018 ως,
1620 2956 1714 3007 καὶ
1746 2953 1977 3023 ’Δαρὼν.
2151 2954 2207 3008 5.
2240 2953 2314 3008 De
2335 2968 2572 3011 occursu
2603 2955 2801 3026 Moysis
2823 2964 2879 3011 et
2904 2957 3111 3011 Aaron.

465 3044 536 3099 δ’.
570 3042 619 3099 α’
643 3045 799 3113 λόγος
827 3046 1109 3110 Μωῦσέως
1160 3046 1256 3101 καὶ
1280 3045 1495 3118 Ἀαρὼν
1521 3045 1659 3117 πρὸς
1686 3046 1906 3116 Φαραώ.

2152 3044 2206 3097 4.
2228 3041 2445 3102 Primus
2473 3060 2659 3102 sermo
2687 3045 2891 3118 Moysis
2910 3056 2967 3102 et
2984 3048 3165 3103 Aaron
3196 3048 3262 3102 ad
3291 3045 3656 3104 Pharaonem.

465 3136 536 3191 ε’.
565 3138 698 3208 Περὶ
717 3138 826 3191 τῶν
852 3139 1303 3208 μαστιγωθέντων
1330 3137 1725 3210 γραμματέων.

1261 3157 1303 3194 ιν
1330 3137 1725 3210 γραμματέων.
2151 3136 2206 3190 5.
2238 3137 2314 3191 De
2343 3137 2630 3208 ﬂagellatis
2656 3138 2872 3195 scribis.

468 3235 550 3295 ς’.
578 3229 715 3300 Περὶ
743 3231 841 3301 τῆς
865 3229 1062 3300 ῥάϐδου
1091 3230 1190 3302 τῆς
1228 3231 1562 3303 στραφεὶσης
1593 3230 1673 3291 εἱς
1699 3228 1844 3319 ὅφινζ
2001 3256 2047 3319 C

1626 3230 1673 3291 ἱς
1699 3228 1844 3319 ὅφινζ
2001 3256 2047 3319 C
2150 3230 2205 3283 6.
2236 3229 2310 3319 ρο
2335 3230 2484 3300 virga
2514 3244 2777 3286 conversa
2819 3230 2873 3283 in
2898 3238 3229 3300 serpentem.

466 3321 538 3385 ζ’.
568 3320 763 3392 Πρώτη
797 3320 998 3392 πληγὴ,
1032 3320 1306 3393 μεταϐολὴ
1337 3321 1431 3375 τοῦ
1455 3320 1645 3384 ὓδατος
1668 3321 1749 3384 εἰς
1779 3312 1939 3389 αἷμα.
2010 3312 2046 3319 “

2010 3312 2046 3319 “
2148 3320 2205 3376 7.
2232 3318 2412 3375 Prima
2447 3320 2625 3392 plaga,
2662 3320 2949 3376 conversio
2976 3335 3134 3391 aquae
3166 3321 3221 3377 in
3249 3320 3594 3393 sanguinem.

467 3410 546 3482 η’.
578 3414 824 3484 Δευτέρα
854 3414 1039 3485 πληγὴ
1073 3414 1380 3485 βατράχων.
1758 3466 1761 3469 λ

1372 3454 1380 3470 .
1758 3466 1761 3469 λ
2150 3411 2205 3467 8.
2238 3410 2490 3467 Secunda
2517 3411 2671 3483 plaga
2704 3426 2983 3467 ranarum.

466 3507 541 3563 θ’.
566 3507 735 3579 Τρὶτη
761 3506 945 3578 πληγὴ
978 3507 1087 3561 τῶν
1118 3506 1374 3563 σκνιπῶν.

1355 3526 1374 3563 μ,
2148 3503 2203 3559 9.
2233 3500 2414 3556 Tertia
2446 3502 2602 3573 plaga
2637 3503 2966 3573 sciniphum.

466 3595 528 3652 ι’.
564 3598 812 3669 Τετάρτη
844 3598 1027 3670 πληγὴ
1057 3597 1350 3669 κυνομύης.

2152 3589 2240 3645 10.
2269 3590 2473 3657 Quarta
2506 3592 2662 3662 plaga
2690 3582 3025 3648 muscarum.

468 3688 566 3744 ια’.
609 3691 842 3761 Πέμπτη
872 3690 1076 3761 πληγὴ,
1113 3690 1338 3754 Θάνατος
1370 3690 1603 3761 κτηνῶν.

1567 3707 1603 3745 ν,
2152 3685 2242 3739 11.
2275 3685 2475 3751 Quinta
2504 3685 2680 3756 plaga,
2708 3700 2855 3739 mors
2894 3700 3178 3756 pecorum.

467 3781 563 3853 ιβ’.
600 3784 775 3853 Ἔκτη
803 3781 1008 3854 πληγὴ,
1040 3782 1326 3852 φλυκτιδες
1356 3783 1703 3847 ἀναζέουσαι.

1594 3798 1703 3836 σαι.
2151 3775 2239 3830 I2.
2270 3774 2437 3830 Sexta
2460 3776 2641 3845 plaga,
2682 3775 2875 3830 vesicae
2899 3784 3202 3845 turgentes.

465 3882 563 3944 ιγ’.
614 3875 851 3947 Ἑϐδόμη
879 3875 1062 3946 πληγὴ
1088 3876 1186 3945 τῆς
1212 3876 1455 3946 χαλάζης
1466 3925 1476 3931 .

1416 3893 1476 3945 ις,
2151 3867 2237 3920 15.
2275 3866 2513 3936 Septima
2541 3866 2695 3936 plaga
2726 3866 3027 3936 grandinis.

465 3970 558 4022 ιδ’.
588 3968 783 4038 Ὀγδόη
820 3968 1030 4039 πληγὴ,
1059 3969 1242 4039 ἀκρίς.

2152 3958 2242 4012 14.
2281 3958 2484 4012 Octava
2518 3958 2698 4028 plaga,
2734 3958 2982 4012 locustae.

464 4065 556 4114 ιε’.
588 4059 819 4132 Ἐννάτη
843 4059 1050 4130 πληγὴ,
1077 4061 1270 4123 σκότος
1293 4058 1635 4130 ψηλαφητόν.

2152 4048 2238 4102 15.
2279 4045 2434 4102 Nona
2467 4050 2645 4118 plaga,
2672 4048 2907 4102 tenebrae
2932 4047 3252 4117 palpabiles.

460 4180 539 4195 -—-
564 4153 779 4207 Δεκάττι
813 4151 1020 4224 πληγὴ,
1053 4152 1087 4221 η
1116 4152 1227 4206 τῶν
1258 4152 1641 4224 πρωτοτόκων.

2148 4168 2222 4180 —-
2274 4139 2493 4195 Decima
2519 4139 2697 4211 plaga,
2720 4139 3229 4209 primogenitorum.
3260 4135 3521 4207 (Numero
3558 4139 3652 4191 de-

1528 4258 1531 4259 ν
2079 4230 2328 4285 stitutum
2356 4237 2484 4299 est.)

463 4345 565 4404 ις’.
597 4338 736 4410 Περὶ
767 4338 862 4393 τοῦ
896 4337 1087 4409 Πάσχα
1120 4337 1307 4408 νόμος.

1120 4337 1307 4408 νόμος.
2154 4326 2245 4382 16.
2287 4326 2361 4381 De
2386 4326 2595 4383 Pascha
2623 4326 2728 4381 lex.

464 4428 561 4495 ιζ’.
597 4430 733 4502 Περὶ
764 4430 873 4483 τῶν
904 4430 1313 4500 ἐπιταχθέντων
1342 4429 1722 4501 πρωτοτόκων.

1628 4447 1722 4483 ων,
2150 4418 2239 4475 17.
2269 4418 2343 4474 De
2380 4419 2650 4474 mandatis
2679 4419 2824 4473 circa
2856 4419 3239 4490 primogenita.

459 4528 558 4593 ιη’.
595 4521 735 4593 Περὶ
756 4520 857 4592 τῆς
890 4521 1073 4589 ἐξόδου
1098 4521 1209 4575 τῶν
1233 4520 1366 4574 υἱῶν
1392 4520 1630 4591 Ἰσραήλ.

1473 4520 1630 4591 ραήλ.
2150 4511 2238 4565 18.
2264 4509 2339 4563 De
2377 4524 2597 4579 egressu
2625 4510 2863 4564 liliorum
2895 4509 3082 4567 Israel.

453 4612 549 4668 tO'.
580 4613 763 4683 Νόμος
793 4613 887 4668 τοῦ
917 4614 1129 4684 Πάσχα.
2008 4616 2055 4672 Β

1040 4631 1129 4684 χα.
2008 4616 2055 4672 υ
2152 4601 2241 4655 19.
2266 4598 2375 4653 Lex
2408 4597 2651 4653 Paschae.

447 4704 533 4759 κ’.
560 4704 699 4774 Περὶ
721 4703 833 4757 τῶν
859 4704 1108 4775 ἀζύμων.

988 4721 1108 4760 ιων.
2145 4690 2238 4746 20.
2270 4691 2342 4744 De
2371 4689 2599 4758 azymis.

453 4804 576 4852 xa’.
612 4797 750 4869 Περὶ
782 4797 893 4852 τῶν
926 4797 1310 4867 ἁγιαζομένων
1336 4796 1720 4867 πρωτοτόκων.

1548 4796 1720 4850 τόκων,
2148 4781 2235 4836 2i.
2270 4780 2347 4836 De
2375 4782 2734 4836 sanctiﬁcatis
2764 4778 3159 4849 primogenitis.

449 4888 571 4961 κβ’.
611 4890 747 4963 Περὶ
770 4889 880 4942 τῶν
917 4888 1091 4942 όστῶν
1113 4888 1330 4958 Ἰωσήφ.
2145 4876 2240 4929 ’ἔθα
2263 4873 2339 4927 θθ
2369 4873 2587 4928 (δεδίδυε
2617 4871 2841 4941 lose—Ph-

456 4960 578 5051 κγ’.
611 4960 750 5051 Περὶ
782 4980 876 5035 τοῦ
906 4981 1224 5053 γογγυσμοῦ
1246 4982 1356 5035 τῶν
1381 4980 1511 5035 υἱῶν
1545 4980 1763 5053 Ἰσραὴλ
1792 4980 1879 5035 διὰ
1910 4980 1972 5033 τὸ

2142 4965 2233 5020 25.
2282 4965 2357 5019 De
2408 4964 2838 5018 murmuratione
2901 4962 3138 5017 ﬁliorum
3197 4960 3365 5016 Israel
3430 4966 3654 5030 propter

359 5036 705 5143 ὕδωρ..
1624 5036 1732 5053 ..

692 5036 705 5051 ⁸
916 5036 930 5051 .
985 5036 1036 5051 Η
1120 5036 1135 5053 .
1624 5036 1634 5053 .
1719 5036 1732 5052 .
2073 5072 2292 5128 aquam.

443 5162 561 5219 κδ’.
588 5163 727 5234 Περὶ
750 5162 844 5220 τοῦ
874 5162 1051 5234 μάννα
1071 5164 1169 5217 καὶ
1202 5162 1305 5233 τῆς
1329 5162 1770 5234 ὀρτυγομήτρας.

1363 5163 1770 5234 ρτυγομήτρας,
2100 5190 2103 5193 λ
2141 5149 2235 5202 24.
2259 5147 2337 5204 De
2364 5162 2565 5203 manna
2587 5156 2643 5202 et
2671 5146 2973 5202 coturnice.

442 5261 562 5312 κε’.
590 5255 730 5327 Περὶ
777 5253 870 5311 τοῦ
911 5256 1127 5326 ἀγνοεῖν
1157 5256 1284 5319 τοὺς
1314 5255 1462 5319 υἱοὺς
1500 5253 1739 5325 Ἰσραὴλ,
1762 5253 1815 5306 τὶ
1854 5254 1971 5307 ἐστι

2139 5244 2230 5301 25.
2262 5243 2337 5297 De
2359 5241 2665 5315 ignorantia
2687 5241 2922 5296 ﬁliorum
2950 5239 3137 5305 Israel,
3165 5238 3299 5309 quid
3323 5237 3396 5295 sit
3421 5250 3641 5293 manna.

360 5350 599 5422 μάννα.

436 5436 574 5501 κς·’.
610 5437 746 5505 Περὶ
773 5437 868 5491 τοῦ
901 5437 1226 5492 καταλιπεῖν
1254 5438 1432 5508 μάννα
1457 5439 1539 5501 εἱς
1570 5436 1631 5490 τὸ
1660 5436 1827 5508 πρωῒ.

1750 5436 1827 5492 si.
2140 5444 2234 5499 26.
2275 5445 2347 5499 De
2378 5442 2690 5513 reponendo
2721 5457 2921 5498 manna
2952 5443 3006 5497 iu
3037 5441 3361 5497 crastinum.

441 5525 566 5593 κζ’.
600 5530 736 5600 Περὶ
761 5529 1063 5584 Σαϐϐάτου.
1280 5568 1283 5571 -

1012 5548 1063 5584 υ.
1280 5568 1283 5571 -
2138 5532 2231 5589 27.
2262 5531 2338 5587 Dc
2363 5531 2621 5587 Sabbato.

443 5618 575 5693 κη’.
609 5623 747 5692 Περὶ
774 5621 874 5691 τῆς
906 5621 1115 5691 χρυσῆς
1144 5620 1383 5690 στάμνου
1412 5619 1559 5692 (sic).

1267 5636 1383 5673 ινου
1412 5619 1559 5692 (sic).
2136 5623 2227 5677 28.
2274 5625 2347 5678 De
2373 5638 2537 5685 aureo
2570 5622 2797 5695 scypho.
2868 5661 2878 5675 .

435 5708 563 5768 κΘ’.
599 5712 734 5783 Περὶ
761 5710 865 5780 τῆς
890 5710 1257 5780 καταχθείσης
1289 5710 1497 5781 πέτρας
1526 5711 1585 5763 ἐν
1616 5709 1839 5781 Χωρήϐ.

1495 5729 1497 5764 τ
1526 5711 1585 5763 ἐν
1616 5709 1839 5781 Χωρήϐ.
2139 5714 2230 5767 29.
2274 5712 2348 5768 De
2378 5711 2576 5767 ﬂuente
2603 5727 2753 5784 petra
2787 5714 2839 5768 in
2871 5713 3106 5769 Choreb.

430 5804 511 5858 λ’.
550 5803 635 5857 Τὰ
667 5806 809 5858 κατὰ
832 5802 1083 5874 ’Δμαλὴχ
1111 5804 1170 5857 ἐν
1207 5803 1502 5872 Ῥαφιδεὶν.

2142 5803 2231 5858 50.
2263 5804 2397 5870 Quae
2434 5806 2501 5858 ad
2525 5805 2748 5862 Amalec
2775 5815 3021 5876 spectant
3052 5807 3104 5861 in
3142 5807 3453 5877 Baphidim.

428 5892 557 5951 λα’.
594 5895 729 5967 Περὶ
772 5895 964 5966 ἰοθόρ.

2146 5894 2207 5947 51
2224 5937 2234 5949 .
2273 5896 2345 5951 De
2377 5894 2582 5953 .Iothor.

715 5993 985 6054 PATROL.
1030 5997 1144 6055 Gn.
1185 5997 1331 6058 CVI.
3174 5998 3250 6057 33
