4080 6432
468 433 595 497 Ῑίιῗι

1172 428 1567 491 OPUSCULA
1610 426 2239 489 SCRIPTURISTICA
2277 426 2625 488 INCERTAE
2666 429 2975 491 lETATIS.

3617 424 3761 489 1032

542 545 658 600 102.
704 543 780 599 De
831 542 1160 600 revelatione
1205 541 1270 595 ad
1308 541 1491 595 Lahan
1549 541 1615 596 de
1666 538 1831 594 Iacob
1872 549 1929 594 et
1971 539 2038 594 de

2217 539 2316 609 ρβ’.
2353 540 2490 609 Περὶ
2519 539 2612 593 τοῦ
2646 537 3033 610 χρηματισμοῦ
3066 536 3161 592 τοῦ
3192 538 3325 610 πρὸς
3362 536 3573 592 Λάϐαν
3619 538 3762 609 περὶ

462 638 621 691 idolis

532 731 656 787 105.
693 728 893 785 Faadus
915 728 1086 783 Iacob
1114 737 1168 782 et
1196 725 1405 783 Laban.

532 821 654 874 104.
688 822 760 875 De
790 820 1043 874 columna
1069 827 1123 872 et
1157 817 1367 872 lumqu
1395 816 1716 871 testimonii.

532 912 656 989 105.
690 911 765 966 De
797 910 1004 981 angelis
1043 910 1137 980 qui
1170 909 1388 963 obviam
1420 908 1557 963 fiunt
1584 907 1774 964 Iacob.
1879 942 1883 946 ι

533 1093 652 1147 106.
689 1091 764 1148 De
797 1092 941 1148 Esaii
980 1091 1231 1148 veniente
1253 1091 1470 1150 obviam
1497 1090 1687 1146 Iacob.

530 1282 646 1335 107.
679 1280 754 1334 De
788 1278 1027 1335 luctante
1057 1294 1179 1333 cum
1205 1277 1397 1334 Iacob.

530 1372 653 1424 108.
683 1370 757 1423 De
786 1369 1101 1424 occurentia
1133 1368 1274 1421 Esau
1307 1377 1360 1422 et
1384 1366 1576 1421 Iacob.

533 1463 655 1516 109.
687 1462 818 1528 Qua:
838 1462 907 1517 ad
943 1460 1139 1516 Dinam
1173 1461 1406 1515 attinent
1447 1460 1610 1513 ﬁliam
1639 1457 1806 1514 Iacob
1831 1466 1884 1513 et
1908 1458 2038 1519 Lim.

532 1645 655 1698 1l0.
680 1644 861 1698 Tertia
898 1643 1158 1699 revelatio
1193 1642 1258 1697 ad
1292 1640 1460 1697 Iacob
1496 1642 1550 1697 in
1593 1642 1809 1697 Sichem
1838 1643 1903 1697 de
1941 1642 2035 1697 Be-

2140 634 2236 687 τοῦ
2265 632 2482 693 Ἰακὼϐ,
2518 632 2613 685 καὶ
2644 635 2772 702 περὶ
2800 634 2910 685 τῶν
2943 632 3198 686 εἰδώλων.

2216 732 2318 797 ργ’.
2351 725 2593 796 Διαθήκη
2618 725 2711 778 τοῦ
2742 724 2934 778 Ἰακὼϐ
2960 727 3053 779 καὶ
3080 726 3173 778 τοῦ
3200 725 3405 784 Λάϐαν.

2214 816 2455 888 ρδ’.Περ“ι
2475 819 2573 885 τῆς
2595 818 2815 888 στήλης,
2845 818 2940 871 καὶ
2963 817 3059 871 τοῦ
3084 817 3274 888 βουνοῦ
3295 818 3389 872 τοῦ
3411 819 3759 890 μάρτυρος.

2214 917 2312 979 ps’.
2350 910 2488 981 Περὶ
2518 911 2614 979 τῆς
2641 910 3016 980 συναντήσεως
3042 909 3151 963 τῶν
3174 910 3419 978 ἀγγέλων
3452 911 3577 981 τῆς
3608 911 3765 982 προς

2144 1001 2363 1057 Ἰακώϐ.

2219 1102 2328 1166 ρς¹.
2365 1094 2500 1166 Περὶ
2527 1093 2621 1147 τοῦ
2660 1092 2833 1147 Ἦσαῦ
2862 1093 3160 1164 ἐρχομένου
3189 1095 3269 1160 εἰς
3294 1097 3650 1169 συνάντησιν
3674 1094 3765 1165 τῷ

2144 1185 2361 1240 Ἰακώϐ.

2217 1276 2318 1349 ρξ’.
2354 1279 2489 1347 Περὶ
2526 1278 2619 1332 τοῦ
2657 1277 3022 1343 παλαίσαντος
3059 1279 3198 1349 μετά
3226 1279 3439 1334 Ἰακώϐ.

2217 1366 2321 1439 οη’.
2360 1369 2494 1438 Περὶ
2532 1369 2631 1437 τῆς
2655 1358 3032 1439 συναντῆσεως
3067 1370 3237 1423 Ἦσαῦ
3267 1374 3361 1423 καὶ
3387 1370 3636 1423 Ἰακώϐ.

2217 1460 2317 1529 ρυ’.
2353 1461 2435 1514 Td
2470 1461 2609 1515 κατὰ
2633 1461 2731 1529 τὴν
2760 1461 2920 1515 Δείνα
2952 1463 3051 1533 τὴν
3081 1462 3355 1535 ουγατὲρα
3376 1462 3619 1528 Ἰακὼϐ,
3655 1462 3762 1515 καὶ

2144 1554 2327 1617 Λείας.

2215 1652 2303 1717 ρι’.
2331 1645 2524 1717 Τρίτος
2556 1646 2939 1716 χρηματισμὸς
2986 1646 3121 1717 πρὸς
3146 1646 3336 1699 Ἰακὼϐ
3368 1646 3425 1699 ὲν
3445 1646 3605 1731 ξική
3617 1661 3760 1713 μοις

462 1738 593 1803 thcl,
626 1745 679 1791 et
706 1735 818 1791 Deo
857 1737 952 1807 qui
1005 1737 1082 1791 illi
1136 1738 1406 1806 apparuit,
1450 1737 1670 1807 quando
1720 1735 1848 1790 fodit
1909 1736 2041 1791 deos

2181 1737 2272 1809 τρὶ
2303 1737 2403 1807 τῆς
2436 1737 2660 1807 Βαιθὴλ,
2707 1737 2800 1789 καὶ
2842 1735 2935 1790 τοῦ
2977 1736 3232 1805 ὀφθέντος
3266 1736 3413 1807 αὖτῷ
3438 1735 3619 1801 Θέοὖ,
3653 1736 3755 1788 ὅτε

462 1827 670 1882 alienos
700 1828 802 1882 sub
830 1827 1153 1882 terebintho.

534 1921 656 1975 111.
686 1919 892 1987 Quarta
930 1920 1191 1977 revelatio
1224 1920 1279 1974 in
1314 1918 1656 1991 apparitione
1682 1919 1749 1974 ad
1781 1918 1972 1975 Iacob.

533 2109 557 2160 1
578 2108 653 2161 12.
691 2108 867 2163 Deest.

534 2204 659 2258 1I5.
685 2204 817 2269 Quae
850 2203 917 2258 ad
953 2203 1139 2259 Ruben
1182 2212 1236 2259 et
1259 2202 1444 2256 Balam
1481 2208 1750 2272 spectant.

533 2297 659 2351 114.
691 2295 767 2351 De
796 2296 1109 2364 genealogia
1140 2294 1311 2349 Iacob
1342 2302 1397 2349 et
1428 2304 1602 2348 morte
1633 2293 1804 2348 Isaac.

534 2479 657 2534 115.
711 2479 786 2535 De
832 2478 1147 2550 genealogia
1195 2477 1365 2546 Esau,
1395 2477 1615 2549 quando
1654 2476 1789 2532 abiit
1821 2490 1852 2532 e
1898 2484 2040 2532 terra

459 2572 722 2627 Chanaan
757 2579 882 2625 ante
917 2569 1108 2625 faciem
1133 2567 1324 2625 Iacob.

533 2664 661 2718 116.
697 2663 773 2720 De
805 2664 892 2719 his
922 2663 1016 2734 qui
1047 2671 1414 2737 regnaverunt
1439 2662 1493 2715 in
1528 2660 1722 2715 Edom.

532 2758 658 2813 1l'1.
691 2757 822 2823 Quae
859 2756 926 2811 ad
955 2755 1153 2825 Ioseph
1192 2765 1246 2809 et
1281 2753 1477 2809 fratres
1504 2753 1622 2824 ejus
1645 2752 1897 2807 attinent.

532 2848 657 2902 118.
688 2846 762 2902 De
790 2846 1021 2902 somniis
1059 2845 1281 2915 Ioseph.

535 2940 660 2993 119.
695 2937 772 2993 De
808 2937 1007 3008 Ioseph
1032 2937 1235 2992 emisso
1262 2934 1329 2992 ad
1353 2934 1552 2991 fratres
1585 2949 1736 2990 suos.

536 3121 659 3176 120.
689 3118 820 3188 Quae
850 3119 918 3175 ad
955 3118 1151 3175 Iudam
1183 3126 1239 3175 et
1266 3131 1493 3174 uxorem
1521 3115 1643 3188 ejus
1684 3114 1880 3171 Savam
1912 3116 2041 3170 atti-

466 3222 617 3265 DCIII.

535 3308 656 3362 121.
693 3306 824 3373 Quae
843 3307 909 3361 ad
936 3306 1176 3363 Thamar
1201 3314 1447 3377 spectant
1484 3311 1539 3360 et
1568 3303 1708 3360 filios
1742 3302 1903 3358 Iuda.

535 3399 659 3451 1‘22.
693 3396 823 3464 Quae
853 3398 922 3453 ad
951 3396 1159 3454 Phares
1190 3406 1245 3453 et
1269 3396 1467 3451 Zaram
1492 3396 1746 3451 attinent.

535 3488 657 3542 125.
693 3487 827 3554 Quae
865 3488 933 3544 ad
964 3487 1163 3558 Ioseph
1201 3497 1436 3544 attinent
1469 3486 1753 3544 venditum
1786 3485 1839 3540 in
1874 3483 2045 3556 Egy-

461 3590 632 3650 plum.

536 3671 659 3726 121.
692 3672 769 3726 De
795 3671 998 3741 Ioseph
1029 3680 1084 3726 et
1109 3669 1387 3743 Egyptia.

534 3763 656 3816 125.
686 3761 761 3816 De
784 3762 1041 3833 pincema
1072 3771 1127 3817 et
1165 3764 1393 3833 pistore.

536 3852 660 3905 126.
695 3850 770 3906 De
798 3851 1085 3917 natalitiis,
1114 3858 1169 3905 et
1197 3850 1428 3907 somniis
1454 3860 1576 3919 qua:
1617 3849 1754 3906 vidit
1799 3848 2045 3913 Pharao;

464 3955 520 3997 et
546 3943 612 3997 de
646 3943 734 3997 his
763 3957 886 4013 quae
908 3943 1224 3998 recordatus
1254 3952 1337 3999 est
1369 3943 1650 4013 pincerna.

541 4129 663 4185 127.
694 4128 827 4197 Qua:
858 4129 924 4184 ad
950 4128 1289 4185 Pharaonem
1325 4138 1572 4200 spectant
1600 4140 1655 4187 et
1674 4129 1873 4203 Ioseph
1902 4131 2046 4187 circa

464 4223 675 4279 somnia
698 4220 1025 4276 Pharaonis.

568 4314 661 4369 28.
701 4312 777 4367 De
806 4311 973 4382 spicis
1000 4320 1205 4380 septem
1241 4327 1512 4368 annorum
1540 4312 1909 4369 abundantiae.

538 4501 661 4555 129.
698 4500 775 4555 De
827 4498 1098 4563 Manasse,
1151 4506 1205 4554 et
1256 4498 1544 4570 Ephraim,
1592 4499 1687 4569 qui
1747 4499 1858 4554 nati
1916 4507 2048 4555 sunt

463 4592 664 4662 Ioseph
696 4601 826 4647 ante
850 4591 1114 4661 inopiam.

541 4684 663 4737 150.
694 4683 770 4736 De
802 4682 1192 4753 incipientibus
1224 4688 1429 4749 septem
1459 4683 1621 4736 annis
1647 4681 1866 4751 inepiae.

539 4773 661 4826 151.
693 4772 824 4838 Quae
850 4772 917 4828 ad
945 4771 1141 4828 fratres
1168 4771 1370 4843 Ioseph
1392 4774 1624 4828 attinent
1657 4772 2049 4829 descendentes

465 4862 518 4916 in
546 4859 864 4933 Egyptum.

541 4954 667 5009 152.
704 4954 776 5010 De
805 4969 1059 5025 regressu
1090 4952 1324 5009 fratrum
1358 4952 1562 5025 Ioseph
1600 4961 1823 5026 propter
1850 4954 2049 5025 Benja-

464 5061 601 5100 111111.

536 5138 662 5195 155.
694 5136 829 5204 Quae
855 5136 923 5193 ad
953 5136 1153 5193 fratres
1179 5133 1382 5205 Ioseph
1436 5141 1683 5206 spectant
1708 5132 2045 5191 descenden-

465 5242 547 5287 tcs
577 5232 631 5286 in
666 5231 964 5302 Aigyptum
993 5244 1116 5286 cum
1150 5228 1457 5298 Benjamin.

537 5323 815 5390 154.Qnaa
863 5323 929 5378 ad
987 5323 1253 5394 scyphum
1306 5330 1625 5392 argenteum
1685 5329 1954 5391 spectant,
1992 5330 2048 5376 et

464 5415 744 5485 quomodo
772 5414 978 5484 Ioseph
1003 5428 1063 5470 se
1095 5414 1191 5469 dat
1220 5412 1660 5484 agnoscendum.

538 5506 663 5562 155.
697 5506 772 5562 De
817 5506 995 5563 reditu
1043 5504 1272 5560 fratrum
1322 5502 1524 5574 Ioseph
1564 5506 1634 5560 ad
1675 5505 1893 5561 illorum
1945 5523 2045 5578 pa-

465 5610 601 5655 U‘CID
610 5635 630 5654 ο

538 5690 666 5744 156.
697 5688 776 5744 De
829 5689 1098 5745 descensu
1149 5687 1321 5745 Iacob
1379 5692 1433 5744 in
1483 5688 1814 5760 Egyptum:
1849 5689 1903 5743 in
1938 5704 2048 5759 qno

467 5782 659 5850 quinta
685 5782 945 5837 revelatio
968 5781 1109 5837 facta
1144 5792 1228 5840 est
1265 5783 1331 5838 ad
1361 5799 1486 5839 eum
1533 5785 1587 5840 in
1624 5782 1833 5839 visione
1870 5783 2046 5839 noctis

469 5870 536 5925 ad
565 5878 790 5938 puteum
820 5871 1151 5929 Iuramenti.

2144 1827 2456 1898 κατέκρυψε
2480 1829 2605 1890 τοὺς
2628 1826 2941 1897 ἀλλοτρίους
2963 1827 3118 1891 θεοὺς
3136 1827 3241 1880 ὑπὸ
3257 1827 3355 1898 τὴν
3378 1826 3756 1898 τερέϐινθον.

2071 1907 2116 1969 Β
2216 1927 2344 1991 ρια’.
2407 1920 2680 1991 Τέταρτος
2737 1919 3121 1992 χρηματισμὸς
3181 1921 3238 1973 ὲν
3290 1919 3530 1991 ὀπτασίᾳ
3595 1918 3757 1989 πρὸς

2142 2011 2356 2066 Ἰακώϐ.

2213 2104 2342 2177 ριβ’.
2375 2106 2547 2161 Λείπ.

2214 2197 2338 2270 ριγ’.
2375 2198 2454 2250 Td
2481 2198 2621 2252 κατά
2663 2197 2888 2269 Ῥουϐὶμ
2913 2198 3007 2253 καὶ
3045 2198 3143 2269 τὴν
3172 2196 3401 2251 Βάλλαν.

2215 2293 2331 2363 ριδν.
2373 2294 2507 2364 Περὶ
2534 2293 2631 2363 τῆς
2660 2292 3010 2362 γενεαλογίας
3037 2290 3254 2355 Ἰακὼϐ,
3282 2290 3376 2345 καὶ
3412 2289 3512 2360 τῆς
3534 2286 3752 2341 τελευ-

2140 2386 2237 2457 τῆς
2265 2386 2473 2439 Ἰσαάκ.

2215 2478 2333 2551 ριε’.
2369 2479 2502 2549 [Ispi
2547 2479 2652 2549 τῆς
2699 2477 3052 2548 γενεαλογίας
3082 2476 3282 2539 Ἠσαῦ,
3328 2475 3403 2539 ὼς
3443 2472 3746 2544 ἐπορεύθη

2142 2572 2205 2625 ἐκ
2238 2572 2341 2641 γῆς
2367 2570 2592 2625 Χαναὰν
2632 2571 2741 2625 ἀπὸ
2773 2568 3072 2641 προσώπου
3095 2567 3315 2621 Ἰακώϐ.

2216 2660 2348 2733 ρις¹.
2378 2663 2514 2733 Περὶ
2550 2664 2657 2717 τῶν
2691 2661 3126 2734 βασιλευσάντων
3150 2662 3206 2714 ὲν
3234 2658 3436 2728 Ἐδώμ.

2218 2752 2343 2823 ριζ’.
2374 2755 2454 2808 Td
2483 2755 2625 2809 κατά
2664 2754 2884 2826 Ἰωσὴφ,
2917 2754 3012 2808 καὶ
3038 2752 3165 2815 τοὺς
3185 2750 3444 2819 ἀδελφοὺς
3472 2749 3676 2804 αὐτοῦ.

2219 2854 2347 2917 ριη’.
2380 2848 2518 2918 Περὶ
2555 2848 2664 2901 τῶν
2689 2846 2959 2900 ἐνυπνίων
2997 2845 3219 2915 Ἰωσήφ.

2219 2938 2342 3011 ριθ¹.
2373 2941 2508 3010 Περὶ
2538 2938 2630 2993 τοῦ
2663 2939 2862 3011 Ἰωσὴφ
2905 2937 3371 3008 ἀποστελλομένου
3415 2938 3553 3009 πρὸς
3600 2937 3739 2999 τοὺς

2144 3031 2409 3101 ἀδελφοὺς
2441 3030 2628 3086 αὐτοῦ.

2219 3122 2322 3196 ρκ’.
2356 3124 2436 3177 Τὰ
2467 3123 2609 3177 κατὰ
2648 3121 2740 3176 τὸν
2765 3121 2993 3188 Ἰούδαν,
3025 3120 3119 3175 καὶ
3148 3120 3247 3190 τὴν
3280 3120 3513 3190 γυναῖκα
3556 3117 3737 3172 αὑτοῦ

2072 3246 2114 3304 C
2148 3216 2351 3271 Σαυάν.

2224 3305 2362 3377 ρκα’.
2396 3306 2478 3360 Td
2501 3305 2645 3359 κατά
2672 3305 2770 3375 τὴν
2790 3304 3011 3377 Θάμαρ,
3044 3304 3142 3358 καὶ
3179 3305 3305 3367 τοὺς
3351 3302 3503 3365 υἱοὺς
3524 3300 3732 3355 Ἰούδα.

2221 3399 2361 3474 ρκβ’.
2395 3400 2475 3454 Td
2508 3399 2652 3454 κατὰ
2679 3400 2771 3453 τὸν
2800 3399 2998 3469 Φαρὲς.
3023 3399 3117 3454 καὶ
3149 3396 3241 3450 τὸν
3268 3398 3438 3467 Ζαρά.

2221 3491 2360 3565 ρκγ’.
2387 3493 2468 3546 Τὰ
2494 3492 2637 3547 κατά
2666 3492 2757 3546 τὸν
2780 3491 2978 3563 Ἰωσὴφ
3008 3488 3286 3561 πραθέντα
3315 3489 3395 3552 είς
3421 3489 3728 3557 Αἴγυπτον.

2221 3677 2353 3752 ρκδ’.
2394 3677 2532 3746 Περὶ
2560 3675 2655 3729 τοῦ
2688 3675 2886 3745 Ἰωσὴφ
2912 3676 3007 3729 καὶ
3036 3674 3133 3743 τῆς
3158 3673 3480 3741 Αἰγυπτίας.

2222 3768 2356 3841 ρκε’.
2393 3769 2530 3837 Περὶ
2552 3767 2644 3820 τοῦ
2673 3764 3067 3837 ἀρχιοινοχόον,
3098 3764 3193 3819 καὶ
3229 3763 3323 3818 τοῦ
3352 3765 3656 3819 σιτοποιοιῖκ

2222 3866 2373 3932 ρκς¹.
2400 3861 2538 3930 Περὶ
2576 3858 2686 3911 τῶν
2723 3856 3031 3927 γενεθλίων,
3075 3856 3307 3910 καὶτῶν
3349 3856 3617 3909 ἐνυπνίων
3655 3850 3733 3908 ὧν

2150 3948 2258 4005 εἶδε
2287 3950 2486 4018 Φαραώ
2509 3966 2523 3980 °
2565 3950 2659 4004 καὶ
2688 3949 2817 4020 περὶ
2854 3942 2931 4003 ὧν
2964 3948 3158 4002 ἐλαϐεν
3200 3947 3365 4003 αὑτοῦ
3403 3950 3432 4001 ό
3454 3948 3733 4020 ἀρχιοινο-

2186 4045 2293 4108 όος.

2148 4064 2361 4208 χοέέξ.
2387 4135 2470 4189 Td
2522 4133 2661 4188 κατά
2712 4132 2933 4204 Φαραὼ,
2984 4133 3081 4186 καὶ
3142 4132 3232 4185 τὸν
3264 4132 3464 4202 Ἰωσὴφ
3523 4131 3610 4184 διὰ
3660 4130 3730 4185 τὰ

2149 4232 2382 4286 ἐνύπνια
2412 4229 2479 4281 τὰ
2503 4227 2722 4299 Φαραώ.

2227 4321 2368 4393 ρκη’.
2406 4321 2542 4393 Περὶ
2574 4321 2683 4375 τῶν
2723 4320 3055 4392 δραγμάτων
3095 4320 3203 4373 τῶν
3232 4318 3276 4385 ζ’
3320 4320 3456 4376 ἐτῶν
3496 4320 3596 4390 τῆς
3634 4320 3729 4373 εὐ-

2151 4416 2362 4487 θηνίας.

2226 4506 2368 4577 ρκθ’.
2411 4505 2545 4577 Περὶ
2579 4506 2847 4576 Μανασσῆ
2879 4508 2973 4558 καὶ
3002 4502 3266 4575 Ἐφραῒμ,
3296 4506 3344 4558 οἳ
3371 4504 3619 4574 ἐγένοντο
3647 4504 3726 4574 τῷ

2076 4584 2121 4639 D
2151 4599 2353 4669 Ἰωσὴφ
2384 4598 2491 4669 πρὸ
2522 4599 2616 4651 τοῦ
2642 4597 2825 4669 λιμοῦ.

2228 4689 2326 4760 ρλ’.
2356 4690 2427 4741 Πε
2440 4688 2493 4757 pi.
2520 4689 2627 4741 τῶν
2657 4688 2980 4759 ἀρξαμένων
3007 4689 3054 4752 ζ’
3088 4689 3225 4742 ἐτῶν
3252 4689 3348 4743 τοῦ
3378 4689 3556 4759 λιμοῦ.

2227 4778 2363 4848 ρλα’.
2388 4780 2471 4832 Τὰ
2501 4777 2642 4832 κατά
2687 4778 2813 4840 τοὺς
2848 4778 3110 4849 ἀδελφοὺς
3140 4780 3339 4853 Ἰωσὴφ
3381 4780 3724 4842 καταϐάντας

2152 4871 2235 4933 εἰς
2264 4869 2563 4944 Αἴγυπτον.

2226 4959 2364 5029 ρλβ’.
2400 4961 2537 5030 Περὶ
2569 4961 2670 5031 τῆς
2705 4959 2967 5014 ἐπανόδου
2996 4960 3107 5016 τῶν
3139 4962 3385 5032 ἀδελφῶν
3415 4964 3613 5036 Ἰωσὴφ
3642 4966 3729 5019 διὰ

2150 5050 2244 5102 τὸν
2271 5043 2552 5119 Βενιαμίν.

2227 5139 2363 5209 ρλγ’.
2395 5140 2479 5194 Τὰ
2507 5141 2649 5196 κατά
2677 5143 2806 5205 τοὺς
2848 5144 3107 5213 ἀδελφοὺς
3139 5146 3337 5219 Ἰωσὴφ
3384 5147 3729 5210 καταϐάντας

2150 5231 2230 5294 εἰς
2255 5231 2533 5299 Αἴγυπτον
2561 5234 2702 5303 μετὰ
2738 5234 2835 5288 τοῦ
2868 5236 3154 5305 Βενιαμίν.

2224 5319 2355 5391 ρλδ’.
2386 5323 2468 5376 Td
2523 5325 2661 5378 κατὰ
2707 5325 2767 5379 τὸ
2811 5327 2969 5381 κόνδυ
3017 5328 3080 5381 τδ
3132 5330 3430 5402 ἀργυροῦν,
3488 5332 3585 5385 καὶ
3640 5333 3731 5385 τὸν

2152 5412 2573 5485 ἀναγνωρισμὸν
2601 5415 2696 5469 τοῦ
2728 5417 2951 5489 Ἰωσήφ.

2227 5503 2354 5572 ρλε’.
2400 5505 2535 5575 Περὶ
2564 5506 2662 5575 τῆς
2700 5509 2964 5562 ἐπανόδου
2994 5510 3103 5562 τῶν
3126 5511 3373 5579 ἀδελφῶν
3402 5513 3498 5565 τοῦ
3526 5516 3724 5585 Ἰωσὴφ

2152 5596 2251 5665 τῆς
2287 5595 2376 5649 διὰ
2400 5598 2490 5650 τὸν
2520 5597 2734 5669 πατέρα
2764 5600 2966 5656 αὐτῶν.

2225 5688 2369 5756 ρλς·’.
2402 5689 2538 5758 Περὶ
2570 5691 2669 5760 τῆς
2702 5694 2781 5753 εἰς
2818 5691 3096 5760 Αἴγυπτον
3127 5695 3482 5759 καταϐάσεως
3507 5697 3600 5751 τοῦ
3628 5698 3731 5752 Ἰαε

2153 5776 2269 5830 κὼϐ
2292 5781 2351 5831 ἐν
2446 5780 2697 5850 πέμπτος
2740 5784 3123 5853 χρηματισμὸς
3152 5787 3367 5853 ἐγένετο
3394 5790 3530 5858 πρὸς
3569 5791 3728 5842 αὑτὸν

2153 5873 2210 5924 ὲν
2232 5872 2473 5942 ὁράματι
2493 5874 2594 5945 τῆς
2624 5876 2817 5939 νυκτὸς
2836 5878 2893 5931 ὲν
2916 5875 2993 5946 τῷ
3018 5877 3213 5948 φρέατι
3235 5879 3328 5932 τοῦ
3353 5881 3583 5950 Ὅρκον.
