4080 6474
412 484 550 550 1033
1402 490 1881 551 OCTATEUCHI
1923 490 2023 552 Dl‘

2039 492 2211 551 ’ISIO
2252 491 2334 552 IN
2368 492 2655 552 CAPITA.
3516 486 3650 549 1034

481 602 613 673 ρλζκ
660 603 991 673 Γενεαλογία
1024 603 1135 658 τῶν
1158 603 1292 657 υἱῶν
1316 604 1535 674 Ἰσραὴλ
1576 605 1686 658 τῶν
1716 603 1976 658 εἰσελθόν-
2013 613 2058 666 Α

2040 618 2058 666 ι
2158 603 2284 657 157.
2332 602 2659 674 Genealogia
2722 604 2955 659 liliorum
3009 604 3172 659 Israel
3238 604 3552 659 intrantium
3600 608 3651 659 in

403 713 513 751 των
551 697 633 758 είς
655 695 933 763 Αἴγυπτον
964 694 1083 765 ἃμα
1105 694 1303 748 Ἰακὼό
1340 694 1416 765 τῷ
1438 695 1607 766 πατρὶ
1633 695 1836 749 αὐτῶν.

1595 695 1836 749 ιαύτῶν.
2082 693 2379 766 Εεγριυηι
2416 711 2521 750 una
2554 711 2678 751 cum
2714 695 2885 749 Jacob
2909 706 3061 766 patre
3085 712 3206 752 suo.

480 786 616 859 ρλη’.
642 788 780 858 Περὶ
820 788 923 858 τῆς
954 788 1335 856 συναντήσεως
1365 786 1564 858 Ἰωσὴφ
1591 784 1727 857 πρὸς
1763 786 1855 841 τὸν
1883 804 1982 841 πα·

1883 804 1982 841 πα-
2155 782 2277 836 158.
2309 780 2384 837 De
2418 783 2762 838 occurrentia
2792 782 2996 853 Joseph
3021 800 3145 838 eum
3180 793 3336 854 patre
3366 800 3488 841 suo.

401 882 538 950 τέρα
566 879 753 934 αὐτοῦ.

478 972 609 1044 ρλϐ’.
642 973 778 1044 Περὶ
802 971 898 1026 τοῦ
933 971 1156 1039 Ἰακὼϐ,
1184 973 1275 1027 ὅτε
1319 971 1450 1043 ἔστη
1481 971 1723 1025 ἐναντίον
1752 971 1976 1041 Φαραώ.

1968 1010 1976 1023 .
2156 968 2277 1023 159.
2306 968 2383 1024 De
2409 967 2596 1034 Jacob,
2622 970 2842 1039 quando
2881 970 3031 1024 stetit
3062 984 3245 1023 curam
3276 968 3579 1025 Pharaone.

480 1069 591 1133 pp’.
625 1063 762 1132 Περὶ
789 1062 899 1115 τῶν
929 1062 1110 1133 ἄρτων
1152 1061 1263 1117 τῶν
1301 1062 1423 1117 ἀντὶ
1466 1060 1576 1114 τῶν
1618 1060 1833 1131 κτηνῶν
1871 1059 1981 1113 τῶν

1909 1059 1981 1113 ὦν
2155 1060 2279 1117 140.
2313 1062 2389 1116 De
2410 1061 2640 1131 panibus
2663 1077 2762 1132 pro
2790 1064 3089 1133 pecudibus
3117 1063 3520 1134 Egyptiorum.

402 1136 745 1222 Αἰγυπτίων.

476 1244 624 1317 ρμα’.
662 1246 800 1316 Περὶ
827 1246 927 1316 τῆς
956 1246 1207 1317 κτήσεως
1245 1247 1344 1317 τῆς
1368 1247 1474 1317 γῆς
1507 1246 1617 1299 τῶν
1643 1244 1977 1314 Αἰγυπτίων,

2156 1245 2278 1299 141.
2311 1243 2387 1301 De
2418 1247 2767 1317 possessione
2828 1256 2985 1302 terra:
3041 1246 3444 1318 Egyptiorum,
3475 1256 3530 1303 et
3584 1249 3652 1303 de

404 1343 500 1395 καὶ
524 1341 625 1411 τῆς
649 1340 1139 1411 ἀποπεμπτώσεως
1171 1340 1281 1394 τῶν
1312 1340 1695 1411 γεννημάτων.

1449 1340 1695 1411 ημάτων.
2086 1339 2359 1394 solutione
2393 1341 2596 1409 quinta:
2617 1341 2791 1410 partis
2823 1341 3060 1412 frugum.

479 1449 622 1521 ρμβ’.
659 1450 794 1521 Περὶ
820 1444 895 1503 ὧν
935 1449 1098 1523 ἔζησε
1128 1447 1170 1503 ε’
1199 1450 1339 1505 ἐτῶν
1372 1449 1571 1505 Ἰακὼό
1606 1452 1664 1504 ὲν
1694 1450 1975 1523 Δίγύπτῳ.

2156 1449 2279 1510 142.
2320 1448 2397 1502 De
2441 1450 2602 1503 annis
2658 1450 2860 1517 quibus
2906 1450 3041 1504 vixit
3081 1450 3250 1505 Iacob
3294 1453 3349 1507 in
3395 1452 3648 1524 Egypto,

366 1622 367 1625 η
406 1545 502 1596 καὶ
530 1541 660 1611 περὶ⁵
685 1535 759 1594 ὧν
785 1535 906 1594 εἷπε
948 1541 1025 1612 τῷ
1054 1540 1277 1612 Ἰωσὴφ,
1305 1542 1393 1596 ἵνα
1431 1542 1509 1614 μὴ
1548 1542 1695 1615 ϐάψῃ
1720 1542 1885 1597 αὐτὸν
1922 1546 1977 1599 ὲν

2080 1548 2137 1595 et
2166 1541 2231 1595 de
2260 1540 2344 1597 his
2368 1556 2491 1611 quae
2508 1539 2882 1612 dixitJoseph,
2928 1558 2997 1599 ne
3042 1545 3295 1613 sepeliret
3329 1562 3451 1600 eum
3478 1547 3530 1599 iu
3564 1548 3652 1599 illa

406 1635 568 1689 αὐτῆ.

2080 1643 2249 1689 terra.

481 1652 508 1687 τ
553 1674 568 1689 .
2080 1646 2087 1686 1

476 1637 627 1797 ρῗιγκ
648 1725 786 1799 Περὶ
814 1724 914 1795 τῆς
934 1722 1185 1793 εὐλογίας
1207 1722 1302 1778 τοῦ
1325 1724 1569 1796 Ἐφραῒμ
1626 1727 1721 1781 καὶ
1745 1726 1838 1780 τοῦ
1864 1728 1982 1782 Μα-

2140 1647 2250 1688 rra.

1832 1727 1838 1777 ἱ
1864 1728 1982 1782 Μα-
2080 1643 2134 1689 ιε
2155 1724 2279 1782 145.
2308 1723 2385 1781 De
2402 1725 2785 1782 benedictione
2811 1724 3067 1797 Ephraim
3091 1734 3151 1781 et
3175 1724 3443 1783 Manasse.

399 1836 541 1871 νασσ
584 1857 600 1872 .

478 1836 618 1980 pp}.
655 1884 789 1981 Περὶ
819 1909 917 1981 τῆς
942 1909 1191 1978 εὐλογίας
1221 1909 1331 1963 τῶν
1356 1908 1452 1961 δύο
1488 1907 1622 1961 υίῶν
1644 1908 1869 1979 Ἰωσήφ.

2011 1974 2045 1981 _
2158 1908 2281 1963 144.
2312 1908 2385 1964 De
2423 1908 2797 1965 benedictione
2822 1909 3054 1963 duorum
3093 1910 3326 1963 ﬁliorum
3352 1909 3575 1979 Ioseph.

471 1974 615 2070 ρμεν.
646 1974 784 2071 Περὶ
808 1974 907 2070 τῆς
936 1974 1189 2068 εὐλογίας
1213 1999 1321 2052 τῶν
1350 1998 1416 2068 ιβ’
1450 1974 1834 2069 πατριαρχῶν.
2006 1974 2050 2029 Β

2006 1974 2050 2029 Β
2156 2002 2276 2056 145.
2304 2000 2379 2055 De
2405 2002 2779 2057 benedictione
2806 2001 3094 2057 duodecim
3117 1974 3579 2072 patriarcharum.

476 2096 635 2161 ρμς¹.
668 2091 804 2162 Περὶ
834 2091 937 2162 τῆς
964 2092 1222 2162 τελευτῆς
1250 2089 1466 2144 Ἰακώϐ.

1196 2109 1222 2154 ς
1250 2089 1466 2144 Ἰακώϐ.
2156 2096 2279 2150 146.
2310 2095 2385 2149 De
2410 2104 2583 2149 morte
2616 2093 2805 2150 Jacob.

474 2182 619 2251 ρμζ’.
667 2182 803 2251 Περὶ
859 2182 955 2236 τοῦ
1012 2184 1072 2237 ὲν
1135 2182 1396 2253 Αἰγύπτῳ
1450 2179 1823 2251 ἐνταφιασμοῦ
1878 2179 1973 2234 τοῦ

1640 2179 1823 2251 ασμοῦ
1878 2179 1973 2234 τοῦ
2155 2186 2281 2241 147.
2306 2184 2382 2243 De
2404 2186 2685 2257 sepultura
2709 2184 2885 2243 Jacob
2915 2187 2970 2242 in
2998 2184 3251 2259 Egypto.

396 2268 617 2325 Ἰακώϐ.

473 2361 623 2434 ρμη’.
661 2365 797 2434 Περὶ
821 2363 929 2419 τῶν
957 2365 1196 2435 ἐκγόνων
1217 2364 1314 2420 τοῦ
1340 2365 1561 2438 Ἰωσὴφ,
1584 2366 1680 2424 καὶ
1709 2366 1838 2438 περὶ
1863 2366 1972 2419 τῶν

2155 2367 2281 2424 148.
2308 2366 2383 2423 De
2414 2367 2733 2438 posteritate
2764 2365 2995 2440 Ioseph,
3026 2377 3081 2425 et
3114 2369 3184 2425 de
3208 2368 3429 2428 ossibus
3454 2369 3572 2440 ejus
3598 2377 3653 2423 ct

395 2455 574 2511 ὀστῶν
603 2457 770 2512 αὑτοῦ
801 2459 895 2513 κα1⁵
925 2460 1028 2530 τῆς
1055 2458 1331 2531 τελευτῆς.
2079 2466 2273 2513 morte.

1676 2602 1893 2666 Exodi
1941 2603 2153 2683 capita
2193 2608 2341 2663 sunt
2365 2621 2386 2662 :

469 2768 537 2824 α’.
571 2770 706 2840 Περὶ
732 2773 834 2842 τῆς
866 2772 1173 2844 γεννήσεως
1213 2773 1512 2839 Μωῦσέως.

1319 2774 1512 2839 ῠσέως.
2153 2775 2203 2829 1.
2238 2773 2313 2829 De
2338 2775 2685 2845 generatione
2707 2774 2928 2848 Moysis.

472 2864 540 2935 β’.
576 2863 771 2935 Πρώτη
799 2864 1038 2918 όπτασία
1068 2864 1205 2936 πρὸς
1237 2867 1480 2936 Μωῠσῆν
1508 2867 1567 2920 ὲν
1593 2866 1671 2937 τῷ
1700 2865 1869 2937 βάτῳ.

1739 2866 1869 2935 ἀτῳ.
2150 2865 2207 2919 2.
2248 2864 2432 2921 Prima
2463 2867 2731 2939 apparitio
2760 2869 2827 2923 ad
2865 2866 3086 2941 Iloysen
3108 2867 3165 2923 in
3189 2868 3350 2925 rubo.

468 2955 537 3023 γ’.
574 2956 709 3027 Περὶ
733 2959 830 3024 τῆς
863 2959 1243 3028 συναντήσεως
1280 2957 1582 3021 Μωῦσέως,
1617 2958 1710 3010 καὶ
1743 2956 1973 3026 Ἀαρών.

1496 2975 1582 3021 ως,
1617 2958 1710 3010 καὶ
1743 2956 1973 3026 Ἀαρών.
2147 2957 2203 3011 5.
2236 2956 2311 3011 De
2331 2972 2569 3014 occursu
2599 2958 2798 3030 Moysis
2819 2967 2875 3014 et
2900 2959 3107 3014 Aaron.

464 3046 532 3101 δ’.
566 3044 616 3101 α’
639 3047 795 3115 λόγος
823 3048 1105 3112 Μωῦσέως
1157 3049 1253 3103 καὶ
1276 3047 1492 3121 Ἀαρὼν
1518 3048 1655 3119 πρὸς
1682 3048 1902 3118 Φαραώ.

2148 3047 2202 3100 4.
2224 3044 2441 3105 Primus
2470 3064 2655 3105 sermo
2682 3048 2888 3121 Moysis
2907 3059 2963 3106 et
2981 3051 3161 3106 Aaron
3192 3051 3258 3105 ad
3287 3048 3653 3107 Pharaonem.

464 3138 533 3193 ε’.
562 3140 695 3210 Περὶ
714 3140 822 3192 τῶν
849 3141 1299 3209 μαστιγωθέντων
1326 3140 1721 3212 γραμματέων.

1257 3159 1299 3196 ιν
1326 3140 1721 3212 γραμματέων.
2147 3139 2202 3193 5.
2234 3140 2310 3194 De
2339 3140 2626 3211 ﬂagellatis
2652 3142 2868 3198 scribis.

466 3237 546 3297 ς’.
575 3231 710 3302 Περὶ
738 3233 837 3303 τῆς
862 3231 1058 3302 ῥάϐδου
1087 3233 1186 3305 τῆς
1224 3233 1559 3305 στραφείσης
1589 3232 1669 3294 είς
1695 3230 1839 3321 ὅφινέ
1997 3259 2043 3321 C

1622 3232 1669 3294 ις
1695 3230 1839 3321 ὅφινέ
1997 3259 2043 3321 C
2146 3232 2202 3285 6.
2234 3232 2307 3321 De
2331 3233 2480 3303 virga
2510 3247 2773 3289 conversa
2815 3233 2869 3287 in
2895 3242 3225 3303 serpentem.

465 3322 533 3387 ζ’.
564 3322 759 3394 Πρώτη
793 3322 994 3394 πληγὴ,
1028 3323 1302 3396 μεταϐολὴ
1333 3323 1427 3377 τοῦ
1452 3322 1641 3386 ὕδατος
1664 3323 1745 3386 εἰς
1775 3314 1935 3391 αἷμα.
2006 3314 2043 3321 “

2006 3314 2043 3321 “
2144 3323 2201 3378 7.
2228 3320 2408 3377 Prima
2444 3323 2621 3395 plaga,
2658 3324 2945 3379 conversio
2972 3339 3130 3395 aqua:
3162 3325 3217 3380 in
3245 3324 3590 3396 sanguinem.

467 3411 542 3484 η’.
575 3416 820 3486 Δευτέρα
850 3416 1035 3487 πληγὴ
1069 3416 1376 3488 βατράχων.

1368 3456 1376 3472 .
2146 3414 2201 3470 8.
2234 3413 2486 3470 Secunda
2514 3414 2667 3486 plaga
2700 3429 2979 3471 ranarum.

467 3508 537 3564 θ’.
562 3509 731 3581 Τρίτη
758 3508 941 3579 πληγὴ
974 3509 1083 3563 τῶν
1114 3508 1369 3565 σκνιπῶν.

1351 3528 1369 3565 ι.
2144 3506 2199 3561 9.
2229 3503 2409 3559 Tertia
2442 3505 2598 3576 plaga
2632 3506 2962 3576 sciniphum.

465 3597 524 3654 ι’.
560 3600 808 3671 Τετάρτη
840 3600 1024 3672 πληγὴ
1053 3599 1346 3671 κυνομύης.

2147 3592 2236 3648 10.
2265 3594 2469 3660 Quarta
2502 3595 2659 3665 plaga
2686 3586 3020 3651 muscarum.

468 3689 562 3745 ια’.
604 3692 839 3763 Πέμπτη
868 3692 1072 3763 πληγὴ,
1109 3691 1334 3756 Θάνατος
1365 3692 1599 3764 κτηνῶν.

1562 3709 1599 3747 ν,
2148 3688 2238 3742 11.
2270 3688 2471 3753 Quinta
2501 3688 2676 3759 plaga,
2704 3703 2851 3743 mors
2890 3703 3173 3759 pecorum.

468 3783 559 3855 ιβ’.
596 3785 771 3854 Ἐκτη
799 3783 1004 3856 πληγὴ,
1036 3784 1322 3855 φλυκτίδες
1351 3785 1698 3849 ἀναξέουσαι.

1590 3800 1698 3838 σαι.
2146 3778 2235 3833 12.
2266 3777 2433 3832 Sexta
2456 3779 2637 3848 plaga,
2678 3778 2871 3833 vesicae
2894 3787 3198 3848 turgentes.

467 3884 559 3945 ιγ’.
610 3877 847 3949 Ἑϐδόμη
875 3876 1058 3948 πληγὴ
1084 3878 1182 3947 τῆς
1208 3878 1472 3948 χαλάζης.

1411 3896 1472 3947 ις,
2146 3870 2234 3923 15.
2270 3869 2510 3939 Septima
2537 3869 2691 3939 plaga
2721 3869 3022 3939 grandinis.

468 3971 554 4023 ιδ’.
584 3970 779 4040 Ὀγδόη
816 3970 1026 4041 πληγὴ,
1055 3971 1237 4041 ἀκρίς.

2148 3961 2238 4015 14.
2277 3961 2480 4015 Octava
2514 3961 2693 4031 plaga,
2730 3961 2978 4016 locustae.

468 4067 552 4116 ιε’.
584 4061 815 4134 Ἑννάτη
839 4061 1045 4132 πληγὴ,
1072 4063 1265 4125 σκότος
1289 4061 1631 4132 ψηλαφητόν.

2148 4050 2234 4105 15.
2275 4048 2430 4104 Nona
2462 4052 2640 4120 plaga,
2667 4051 2903 4105 tenebrat
2928 4051 3248 4120 palpabiles.

464 4182 537 4195 -—
561 4155 775 4208 Δεκάττι
809 4153 1016 4226 πληγὴ,
1048 4154 1083 4223 ἡ
1112 4154 1222 4208 τῶν
1253 4154 1636 4226 πρωτοτόκων.

2144 4171 2217 4183 --
2269 4141 2489 4197 Decima
2514 4142 2692 4213 plaga,
2715 4141 3225 4212 primogenitoruut.
3255 4138 3517 4210 (Numero
3553 4142 3648 4195 tle.

1524 4260 1527 4261 ν
2074 4233 2323 4287 stitutum
2351 4242 2454 4288 est.
2462 4239 2480 4302 ,l

465 4346 562 4404 ις’.
593 4340 731 4412 Περὶ
763 4340 858 4395 τοῦ
891 4339 1082 4411 Πάσχα
1115 4339 1303 4410 νόμος.

1115 4339 1303 4410 νόμος.
2150 4328 2240 4384 16.
2282 4328 2357 4384 De
2382 4328 2590 4385 Pascha
2618 4329 2723 4384 lex.

467 4430 557 4495 ιζ’.
593 4432 729 4504 Περὶ
759 4432 869 4486 τῶν
899 4432 1308 4502 ἐπιταχθέντων
1336 4432 1717 4503 πρωτοτόκων.

1623 4449 1717 4485 ων,
2145 4421 2234 4477 17.
2265 4420 2339 4477 De
2376 4422 2646 4476 mandatis
2674 4422 2819 4476 circa
2851 4422 3234 4493 primogenita.

463 4529 555 4593 ιη’.
591 4523 730 4595 Περὶ
752 4522 852 4594 τῆς
886 4523 1068 4591 ἐξόδου
1093 4524 1204 4577 τῶν
1228 4522 1361 4577 υἱῶν
1388 4522 1625 4593 Ἰσραήλ.

1468 4522 1625 4593 ραήλ.
2145 4514 2233 4568 18.
2259 4511 2335 4566 De
2372 4527 2593 4581 egressu
2621 4512 2859 4567 liliorum
2891 4512 3078 4570 Israel.

458 4612 547 4669 ιϐ’.
576 4615 758 4685 Νόμος
788 4615 882 4670 τοῦ
912 4616 1124 4686 Πάσχα.
2004 4619 2050 4674 D

1035 4633 1124 4686 χα.
2004 4619 2050 4674 υ
2147 4604 2236 4658 19.
2261 4601 2370 4655 Lex
2403 4599 2646 4655 Paschae.

453 4704 530 4760 κ’.
557 4706 694 4776 Περὶ
716 4704 828 4759 τῶν
854 4706 1103 4777 ἀζύμων.
2140 4693 2233 4749 21).
2265 4693 2337 4747 De
2366 4691 2595 4761 azymis.

460 4804 571 4853 κα¹.
608 4799 745 4871 Περὶ
777 4799 889 4855 τῶν
921 4800 1305 4869 ἁγιαζομένων
1332 4799 1715 4870 πρωτοτόκων.

1543 4799 1715 4853 εόκων,
2143 4784 2231 4839 21.
2265 4782 2342 4839 De
2370 4785 2730 4839 sanctillcatts
2759 4781 3154 4853 primogenitis.

457 4889 567 4961 κβ’.
607 4891 742 4964 Περὶ
765 4891 875 4944 τῶν
912 4891 1086 4945 ὀστῶν
1108 4890 1326 4961 Ἰωσήφ.

1224 4894 1326 4961 ήφ.
2140 4879 2235 4933 22.
2258 4876 2334 4930 De
2364 4876 2583 4931 ossibus
2612 4874 2835 4944 Joseph.

464 4981 574 5052 κγ’.
606 4983 745 5053 Περὶ
777 4982 872 5037 τοῦ
900 4983 1219 5055 γογγυσμοῦ
1241 4985 1351 5037 τῶν
1377 4983 1506 5037 υἱῶν
1540 4982 1758 5055 Ἰσραὴλ
1787 4982 1874 5037 διὰ
1905 4983 1967 5037 τὸ

2137 4968 2228 5023 25.
2277 4968 2352 5022 De
2403 4967 2833 5022 murmuratione
2896 4966 3133 5021 ﬁliorum
3193 4964 3360 5020 Israel
3424 4969 3647 5034 propter

372 5074 552 5143 ὕδωρ.

2068 5075 2287 5130 aquam.

453 5164 556 5219 κδ’.
584 5165 722 5235 Περὶ
745 5164 840 5221 τοῦ
869 5164 1046 5236 μάννα
1066 5166 1164 5220 καὶ
1197 5165 1300 5236 τῆς
1324 5164 1765 5236 ὀρτυγομήτρας.

1357 5165 1765 5236 ρτυγομήτρας,
2094 5192 2099 5197 »
2136 5152 2230 5206 24.
2254 5150 2331 5207 De
2358 5165 2560 5205 manna
2582 5159 2638 5204 et
2665 5149 2968 5205 coturnice.

454 5263 557 5311 κε’.
586 5257 725 5329 Περὶ
772 5255 865 5313 τοῦ
906 5258 1123 5329 ἀγνοεῖν
1152 5258 1279 5321 τοὺς
1309 5257 1457 5322 υἱοὺς
1495 5255 1734 5327 Ἰσραὴλ,
1756 5255 1810 5309 τί
1848 5257 1966 5310 ἐστι

2133 5247 2225 5304 25.
2258 5246 2332 5301 De
2354 5244 2659 5317 ignorantia
2682 5245 2917 5299 ﬁliorum
2945 5242 3131 5309 Israel,
3160 5241 3294 5312 quid
3318 5240 3391 5299 sit
3415 5254 3635 5297 manna.

375 5348 594 5420 μάννα.

450 5438 569 5502 κς’.
605 5439 741 5507 Περὶ
768 5439 862 5493 τοῦ
896 5439 1221 5495 καταλιπεῖν
1249 5440 1427 5510 μάννα
1452 5441 1533 5503 εἰς
1564 5437 1626 5492 τὸ
1655 5438 1821 5509 πρωῒ.

1745 5438 1821 5494 ni.
2135 5446 2229 5501 26.
2270 5448 2342 5502 De
2372 5444 2684 5515 reponendo
2716 5460 2915 5501 manna
2946 5445 3000 5500 in
3031 5444 3356 5500 crastinum.

455 5527 561 5593 κζ’.
596 5531 731 5602 Περὶ
756 5532 1059 5586 Σαϐϐάτου.

1007 5550 1059 5585 υ.
2133 5534 2226 5592 27.
2257 5534 2333 5589 De
2358 5534 2615 5589 Sabbato.

458 5621 570 5694 κη’.
603 5625 741 5694 Περὶ
768 5623 868 5693 τῆς
902 5623 1110 5694 χρυσῆς
1139 5622 1378 5692 στάμνον
1407 5621 1553 5695 (sic).

1263 5638 1378 5675 ινον
1407 5621 1553 5695 (sic).
2131 5626 2221 5679 28.
2268 5627 2343 5681 De
2367 5641 2532 5688 aureo
2564 5625 2791 5697 scypho.
2863 5664 2874 5679 .

450 5709 558 5767 κθ’.
594 5714 729 5785 Περὶ
756 5713 859 5783 τῆς
884 5712 1252 5783 καταχθείσης
1284 5712 1492 5783 πέτρας
1521 5713 1580 5765 ἐν
1610 5712 1834 5784 Χωρήΰ.

1490 5732 1492 5739 ν
1521 5713 1580 5765 ἐν
1610 5712 1834 5784 Χωρήΰ.
2133 5717 2224 5769 29.
2269 5714 2343 5770 De
2373 5714 2571 5770 ﬂuente
2598 5730 2746 5786 petra
2781 5716 2834 5770 in
2866 5716 3101 5772 Choreb.

447 5803 518 5858 λ’.
549 5805 630 5859 Τὰ
662 5808 803 5861 κατὰ
826 5805 1077 5876 Ἀμαλὴχ
1105 5806 1165 5859 εν
1202 5805 1497 5874 Ῥαφιδεὶν.

2136 5806 2226 5861 50.
2258 5807 2391 5873 Quae
2428 5809 2495 5861 ad
2520 5807 2743 5865 Amalec
2769 5817 3015 5879 spectant
3046 5810 3099 5865 in
3136 5810 3448 5880 llaphidim.

447 5893 558 5950 λα’.
589 5897 723 5969 Περὶ
768 5898 958 5968 ἰοθόρ.

2141 5897 2229 5952 51.
2267 5898 2339 5954 De
2372 5897 2576 5956 Jothor.

710 5996 979 6057 Pamon.
1025 5999 1139 6058 Gn.
1180 5999 1325 6060 CVI.
3168 6002 3245 6060 33
