4080 6426
455 439 593 504 1037
1220 445 1226 449 ’
1450 441 1953 503 OCTATEUCHI.‘
1973 438 2264 502 DIVISIO
2307 439 2403 501 IN
2428 438 2713 500 CAPITA.
3567 438 3707 505 1038

523 549 639 606 πα’.
669 551 808 622 Περὶ⁵
835 551 934 622 τῆς
981 549 1330 618 κατασκευῆς
1374 550 1485 604 τῶν
1517 549 1730 605 σκευῶν
1771 549 1872 621 τῆς
1897 557 2102 622 τρα-ιΑ

2098 593 2102 609 ,
2204 548 2295 604 81.
2331 547 2406 604 De
2431 548 2794 606 fabricatione
2836 563 3090 605 vasorum
3115 564 3340 616 mensa»
3371 557 3425 609 "et
3449 552 3709 607 candela-

452 642 649 714 πέζης,
682 644 777 696 κα)⁸
813 643 912 712 τῆς
938 641 1180 712 λυχνίας.
2133 641 2238 698 bri.

525 734 636 803 πβθ.
671 734 805 804 Περὶ
824 733 1111 805 Βεσελεήλ.

1082 769 1111 787 ..
2209 734 2297 789 82.
2333 733 2406 790 De
2434 735 2693 791 Bcselccl.

524 821 638 890 πγ’.
672 826 898 880 Λείπει.

890 864 898 880 .
2206 826 2298 881 85.
2331 827 2501 882 Deest.

436 987 440 994 _
522 917 630 972 πδθ.
657 916 795 987 Περὶ
827 917 927 988 τῆς
953 917 1200 983 στάσεως
1225 918 1324 990 τῆς
1348 918 1554 990 σκηνῆς
1575 917 1666 972 τοῦ
1703 919 2028 990 μαρτυρίου.

1946 936 2028 970 ου.
2207 918 2299 974 84.
2338 920 2412 975 De
2433 921 2708 975 ert-ctione
2747 921 3082 977 tabernaculi
3115 920 3432 979 testimonii.
3552 960 3557 968 -

1557 1061 1871 1124 Leviticus
1897 1061 2024 1124 lucc
2061 1076 2350 1126 numerat
2381 1066 2598 1145 capita
2631 1087 2652 1128 :

525 1184 597 1240 α’.
630 1187 767 1258 Περὶ
795 1187 1086 1258 προϐάτων
1122 1188 1216 1243 καὶ
1239 1187 1440 1261 ἀρνῶν.

528 1277 599 1347 β’.
633 1279 772 1349 Περὶ
792 1281 1081 1334 πετεινῶν.

526 1367 599 1436 γ’.
632 1371 770 1441 Περὶ
796 1370 1152 1440 σεμιδάλεως.

527 1461 591 1516 δ’.
624 1461 762 1533 Περὶ
786 1462 1112 1532 πεμμάτων.

528 1549 589 1605 ε’.
632 1551 769 1622 Περὶ
795 1551 1044 1622 ἀζύμων.

459 1688 464 1695 .
532 1640 607 1706 ς’.
641 1641 778 1712 Περὶ
807 1642 999 1707 θυσίας
1036 1643 1147 1698 ἀπὸ
1179 1645 1442 1718 ισχάρας.

532 1730 599 1797 ζ’.
641 1733 775 1803 Περὶ
811 1733 1005 1799 θυσίας
1034 1737 1600 1810 πρωτογεννημάτων.

456 1873 468 1876 -
529 1830 602 1894 η’.
632 1825 769 1895 Περὶ
801 1825 994 1884 θυσίας
1027 1828 1323 1899 σωτηρίου.

530 1915 600 1969 θ’.
634 1916 770 1987 Περὶ
803 1917 1026 1972 θυσιῶν.

532 2012 584 2060 ι’.
619 2007 762 2079 Περὶ.
786 2007 1063 2082 ἁμαρτίας
1096 2009 1288 2080 ἱερέως
1326 2011 1421 2064 καὶ
1447 2011 1541 2065 τοῦ
1571 2011 1724 2068 λαοῦ.

533 2095 626 2151 ια’.
660 2097 798 2169 Περὶ
828 2097 1031 2152 θυσιῶν
1065 2099 1414 2168 συναγωγῆς,
1444 2100 1541 2154 ἐὰν
1575 2102 1821 2175 ἁμάρτῃ.

530 2189 620 2260 ιβ’.
644 2191 782 2262 Περὶ
811 2190 1014 2261 θυσιῶν
1043 2191 1323 2261 ἁμαρτίας
1346 2191 1629 2262 ἄρχοντος.

533 2278 626 2348 ιγ’.
662 2282 800 2353 Περὶ
827 2280 1006 2353 ψυχῆς
1038 2283 1168 2353 μιᾶς
1199 2283 1295 2336 ἐὰν
1323 2283 1569 2356 ἁμάρτῃ.

531 2371 614 2426 ιδ’.
642 2374 716 2425 [Is
725 2374 779 2443 ρὶ
810 2372 1098 2443 όρκισμοῦ.

533 2459 616 2518 ιε’.
654 2462 792 2532 Περὶ
821 2463 987 2532 ὅρκου
1018 2463 1367 2536 παραθήκης,
1400 2467 1498 2520 καὶ
1525 2465 1636 2522 τῶν
1661 2466 1882 2522 λοιπῶν.

535 2553 631 2618 ις’.
663 2553 802 2622 Περὶ
828 2554 993 2630 ὅρκου
1017 2556 1372 2627 παραθήκης,
1398 2557 1622 2612 καὶτῶν
1653 2557 1878 2612 λοιπῶν.

533 2646 620 2711 ιζ’.
643 2647 825 2714 Νόμος
855 2647 982 2720 περὶ
1009 2647 1454 2713 ὁλοκαυτώσεως.

531 2741 624 2805 ιη’.
659 2737 842 2807 Νόμος
876 2738 1126 2809 περὶτῆς
1155 2737 1345 2802 θυσίας
1386 2738 1495 2796 τῶν
1525 2737 1737 2809 ἱερέων.

535 2824 620 2883 ιθ’.
653 2828 835 2898 Νόμος
871 2831 1000 2902 περὶ
1022 2830 1214 2892 θυσίας
1247 2830 1542 2901 ἁμαρτίας.

532 2915 602 2972 κ’.
634 2918 770 2989 Περὶ
796 2917 892 2972 τοῦ
930 2918 1013 2992 μὴ,
1037 2920 1240 2976 ἐσθίειν
1266 2920 1433 2992 στέαρ
1457 2921 1490 2992 ἢ
1523 2915 1684 2993 αἷμα.

481 3154 484 3157 .
530 3101 637 3156 κα’.
669 3105 806 3174 Περὶ
838 3105 1216 3176 ἀφαιρέματος
1247 3105 1358 3160 τῶν
1389 3105 1613 3161 θυσιῶν.

530 3194 636 3264 κβ’.
675 3195 810 3267 Περὶ
835 3195 930 3248 τοῦ
958 3196 1350 3267 ἀρχιερατικοῦ
1377 3197 1703 3268 χρίσματος.

529 3285 637 3355 κγ’.
678 3287 812 3357 Περὶ
840 3287 936 3355 τῆς
961 3288 1194 3358 κρίσεως
1239 3287 1470 3358 Ἀαρών.

528 3379 628 3435 κδ’.
673 3380 886 3451 ’Δαρὼν
911 3380 1152 3446 λούεται,
1198 3381 1435 3452 χρίεται,
1473 3380 1719 3436 ἐνδύεται
1748 3381 1852 3435 ὑπὸ
1877 3382 2040 3438 Μωῦ-

459 3469 599 3533 alio;
630 3469 772 3538 μετὰ
797 3469 906 3523 τῶν
933 3469 1066 3524 υίῶν
1091 3468 1278 3524 αὐτοῦ.

529 3558 629 3614 κε’.
667 3561 928 3630 ¹ΙἈρχεται
966 3561 1170 3630 Κύριος
1197 3562 1275 3632 τῷ
1301 3561 1514 3634 ’Δαρὼν
1543 3562 1712 3634 μόνῳ.

529 3658 645 3718 κς¹.
684 3653 822 3724 Περὶ
853 3653 1067 3724 κτηνῶν
1093 3654 1374 3724 καθαρῶν,
1404 3656 1498 3710 καὶ
1527 3655 1604 3728 μὴ
1633 3656 1911 3730 καθαρῶν.

527 3742 633 3808 κζ’.
662 3745 797 3816 Περὶ
833 3745 1184 3818 καθαρισμοῦ
1215 3749 1544 3804 τικτουσῶν.

531 3843 638 3907 κη’.
671 3837 855 3908 Νόμος
880 3838 1011 3910 περὶ
1041 3838 1271 3910 λέπρας.

529 3929 635 3981 κο¹.
671 3929 810 4000 Περὶ
837 3928 934 3982 τοῦ
970 3929 1047 4001 μὴ
1070 3930 1510 4000 καθαριζομένου
1537 3931 1762 4006 λεπροῦ.

529 4019 597 4074 λ’.
629 4021 767 4093 Περὶ
797 4021 1148 4092 καθαρισμοῦ
1169 4024 1267 4078 τοῦ
1289 4023 1518 4096 λεπροῦ.

531 4109 636 4166 λα’.
663 4113 802 4183 Περὶ
824 4113 1034 4184 λέπρας
1066 4115 1265 4183 οἰκίας⁹
1297 4117 1393 4170 καὶ
1421 4116 1786 4188 καθαρισμοῦ.

529 4202 630 4275 λβ’.
659 4205 796 4277 Περὶ
819 4205 1028 4276 ῥύσεως
1062 4208 1244 4275 γόνου.
1421 4271 1426 4277 _

529 4296 630 4365 λγ’.
660 4298 796 4366 Περὶ
825 4299 924 4370 τῆς
948 4299 1180 4372 ῥεούσης
1203 4294 1348 4372 αἷμα
1374 4303 1660 4371 γυναικός.

479 4411 484 4415 λ
527 4389 625 4447 λδ’.
657 4390 794 4463 Περὶ
813 4391 910 4446 τοῦ
941 4391 1018 4465 μὴ
1046 4392 1324 4466 διαφέρειν
1352 4395 1412 4449 ἐν
1438 4394 1518 4467 τῷ
1549 4397 1682 4467 οἴκῳ
1707 4397 1932 4468 κυρίου.

2214 1193 2266 1248 1.
2299 1193 2372 1246 De
2405 1193 2599 1247 ovibus
2625 1201 2680 1248 ct
2710 1191 2886 1263 agnis.

2212 1283 2269 1338 2.
2303 1282 2377 1339 De
2404 1283 2740 1340 volucribus.

2211 1376 2268 1431 3.
2300 1373 2374 1430 De
2398 1375 2599 1431 simila.

2212 1468 2270 1525 4.
2293 1468 2369 1522 De
2398 1470 2627 1539 lagattis.

2216 1559 2273 1616 5.
2307 1559 2381 1614 De
2405 1561 2633 1631 azymis.

2223 1651 2280 1705 6.
2317 1649 2390 1707 De
2427 1650 2703 1707 sacriﬁcio
2735 1665 2832 1722 per
2879 1651 3225 1709 craticulam.

2220 1742 2273 1795 7.
2303 1740 2378 1796 De
2411 1740 2688 1797 sacriﬁcio
2707 1742 3213 1813 primogenitorum.

2217 1832 2268 1888 8.
2303 1832 2377 1888 De
2403 1832 2677 1888 sacriﬁcio
2707 1833 2923 1889 salutis.

2071 1911 2115 1968 Β
2218 1923 2272 1979 9.
2315 1921 2389 1976 De
2417 1923 2726 1979 sacriﬁciis.

2218 2013 2306 2068 10.
2338 2012 2412 2068 De
2440 2022 2663 2083 peccato
2698 2012 3002 2069 sacerdotis
3031 2022 3086 2068 et
3110 2014 3320 2084 populi.

2207 2107 2295 2160 11.
2334 2105 2410 2160 De
2440 2106 2725 2162 sacriﬁciis
2753 2106 3213 2176 congregationis.
3242 2108 3287 2160 si
3317 2107 3644 2178 peccaverit.

2222 2195 2309 2250 12.
2340 2195 2416 2250 De
2444 2195 2732 2251 sacriﬁciis
2762 2197 2972 2266 peccati
3000 2197 3284 2266 principis.

2213 2289 2301 2346 15.
2331 2288 2406 2343 De
2438 2288 2785 2352 animantia,
2819 2287 2865 2343 si
2899 2289 3222 2359 peccaverit.

2214 2379 2302 2431 14.
2341 2375 2416 2432 De
2431 2375 2764 2446 jttramcnto.
3066 2441 3070 2444 η

2215 2468 2303 2523 15.
2333 2467 2409 2522 De
2439 2468 2753 2536 iuramento
2781 2467 3016 2538 depositi
3052 2477 3107 2526 et
3135 2471 3381 2541 reliquis.

2227 2555 2315 2609 16.
2354 2555 2428 2610 De
2452 2554 2769 2624 juramcnto
2789 2557 3022 2628 depositi
3051 2566 3109 2614 et
3136 2561 3386 2632 reliquis.

2216 2651 2304 2705 17.
2335 2649 2446 2707 Lex
2475 2651 2544 2708 de
2571 2652 2918 2711 .holocausto.

2215 2743 2304 2796 l8.
2340 2741 2450 2799 Lex
2473 2745 2539 2798 de
2566 2744 2839 2801 sacriﬁcio
2869 2745 3238 2806 sacerdotum.

2215 2833 2304 2887 19.
2335 2831 2444 2888 Lex
2478 2833 2547 2888 de
2583 2835 2858 2892 sacrilicio
2885 2838 3118 2906 peccati.

2213 2923 2305 2979 20.
2333 2923 2410 2980 De
2437 2925 2812 2995 prohibitione
2837 2928 3167 2984 comedendi
3201 2928 3416 2999 adipem
3463 2937 3559 2986 aut
3586 2946 3719 2987 sau-

2141 3017 2385 3086 guinem.

2214 3107 2305 3164 21.
2337 3107 2413 3164 De
2443 3117 2599 3180 parte
2626 3109 2873 3180 deposita
2907 3111 3327 3171 sacriﬁciorum.

2214 3198 2308 3253 22.
2344 3198 2419 3253 De
2448 3199 2745 3269 pontiﬁcali
2783 3202 3060 3259 unctione.

2066 3251 2111 3310 C
2210 3251 2306 3344 ετ.
2331 3251 2413 3344 υέ
2436 3251 2703 3345 sua;
2713 3251 2925 3346 iss:

2213 3381 2306 3435 24.
2339 3381 2522 3436 Aaron
2581 3381 2815 3446 lavatur.
2863 3382 3108 3452 ungitur,
3145 3383 3392 3443 induitur
3444 3401 3476 3442 a
3536 3352 3719 3458 Moyse

2141 3490 2266 3530 cum
2299 3474 2421 3529 ﬁliis
2451 3474 2590 3529 suis.

2211 3566 2305 3620 25.
2333 3564 2610 3622 Primitias
2639 3567 2838 3638 accipit
2865 3567 3128 3626 Dominus
3154 3571 3225 3626 ab
3249 3573 3431 3628 Aaron
3461 3575 3606 3630 solo.

2211 3655 2304 3711 26.
2335 3654 2410 3710 De
2435 3657 2726 3726 pecoribus
2750 3659 2992 3725 mundis,
3021 3669 3078 3716 et
3107 3675 3216 3721 non
3247 3665 3490 3721 mundis.

2211 3748 2305 3804 27.
2340 3747 2414 3802 De
2440 3747 2823 3818 puriﬁcatione
2855 3751 3210 3821 parientiutn.

2211 3843 2304 3899 28.
2338 3840 2446 3894 Lex
2473 3845 2540 3898 de
2569 3844 2738 3912 lepra.

2213 3935 2305 3991 29.
2351 3935 2425 3991 De
2465 3937 2684 4006 leproso
2719 3952 2830 3992 non
2866 3937 3155 3992 mundata.

2211 4029 2304 4084 50.
2340 4028 2414 4082 De
2436 4028 2794 4089 inundatione
2819 4029 3042 4100 leprosi.

2213 4120 2304 4175 ⁸51.
2339 4119 2414 4174 De
2447 4121 2594 4189 lepra
2634 4119 2854 4184 domus,
2883 4129 2939 4174 et
2968 4119 3347 4177 mundatioue.

2211 4208 2303 4265 32.
2347 4208 2418 4262 De
2441 4207 2590 4263 ﬁuxu
2624 4209 2876 4264 seminis.

2212 4303 2304 4358 55.
2340 4304 2411 4357 De
2442 4301 2667 4356 muliere
2695 4300 2988 4372 sanguinis
3015 4299 3222 4357 ﬂuxum
3257 4302 3517 4372 patiente.

2212 4394 2302 4448 54.
2336 4393 2412 4448 Dc
2457 4392 2825 4463 prohibitione
2881 4394 3220 4464 ingrediendi
3240 4395 3295 4452 in
3339 4397 3560 4452 domum
3609 4395 3718 4452 Do-

2093 4499 2098 4504 '
2141 4484 2298 4540 mini.

2074 4586 2121 4646 ι)
2216 4577 2304 4633 55.
2338 4576 2514 4633 Deest.

2209 4668 2300 4723 36.
2331 4667 2408 4722 De
2455 4665 2826 4738 prohibitione
2875 4669 3220 4726 sacriﬁcandi
3261 4679 3416 4726 extra
3463 4671 3718 4726 taberna-

2139 4761 2347 4815 culum.

2211 4853 2303 4908 57.
2337 4851 2412 4906 De
2443 4851 2812 4922 prohibitione
2843 4854 3163 4910 comedendi
3193 4856 3538 4923 sanguinem.

2209 4943 2300 4998 58.
2337 4943 2413 4998 Dc
2442 4945 2813 5014 prohibitione
2849 4946 3169 5002 comedendi
3199 4948 3572 5002 mot‘ticinttm.

2208 5037 2298 5091 39.
2337 5039 2410 5091 De
2437 5037 2803 5106 prohibitione
2825 5038 3058 5093 faciendi
3089 5039 3362 5098 connubia
3399 5039 3609 5094 illicita.

523 4577 619 4636 λε’.
655 4580 876 4637 Λσίπει.

526 4672 640 4741 λς’.
674 4673 815 4744 Περὶ
838 4672 934 4727 τοῦ
966 4671 1045 4745 μὴ
1073 4671 1185 4728 δεῖν
1213 4672 1363 4732 θύειν
1391 4672 1497 4740 ἔξω
1517 4674 1616 4746 τῆς
1640 4675 1866 4746 σκηνῆς.

525 4859 628 4930 λζ’.
662 4863 801 4936 Περὶ
826 4862 924 4920 τοῦ
954 4863 1030 4934 μὴ
1057 4863 1172 4918 δεῖν
1191 4862 1394 4918 ἐσθιειν
1421 4858 1580 4934 αἷμα.

523 4955 630 5026 λη’.
670 4957 806 5026 Περὶ
829 4957 925 5010 τοῦ
949 4956 1026 5027 μὴ
1059 4957 1173 5011 δεῖν
1201 4955 1406 5011 ἐσθίειν
1427 4956 1768 5028 θνησιμαῖον.

527 5048 632 5102 λθο.
663 5048 802 5118 Περὶ
857 5047 954 5105 τοῦ
1011 5047 1089 5120 μὴ
1136 5048 1248 5102 δεῖν
1293 5049 1568 5111 ἀτάκτως
1619 5049 1894 5104 ποιεῖσθαι
1939 5051 2038 5116 τὰς

460 5138 745 5208 συζυγίας.

531 5230 607 5302 μ’.
647 5232 771 5286 Ὀτι
800 5233 859 5285 ὲν
887 5231 966 5302 τῷ
993 5233 1182 5303 τηρεῖν
1203 5231 1304 5296 τὰς
1326 5232 1550 5296 ἐντολὰς
1576 5231 1724 5300 ἅγιοι
1768 5231 2033 5300 γίνονται.

532 5323 644 5386 μα’.
673 5318 807 5389 Περὶ
831 5318 1171 5389 τεθνηκότων
1207 5319 1292 5389 ἐφ’
1313 5314 1396 5382 οἷς
1421 5319 1725 5390 μιαίνονται
1763 5322 1813 5372 oi
1846 5322 2033 5392 ἱερεῖς.

533 5409 642 5478 μβ⁰.
674 5407 811 5478 Περὶ
833 5409 931 5478 τῆς
952 5410 1390 5480 ἐκπορνευούσης
1407 5409 1678 5482 θυγατρὸς
1695 5410 1791 5463 τοῦ
1821 5412 2032 5482 ἱερέως.

533 5499 647 5568 μγ’.
689 5502 824 5570 Περί⁸
848 5500 944 5555 τοῦ
971 5502 1048 5574 μὴ
1079 5502 1191 5557 δεῖν
1222 5501 1413 5572 μῶμον
1435 5501 1580 5572 ἔχειν
1601 5501 1690 5556 τὸν
1719 5503 1890 5573 ἱερέα.

531 5587 632 5660 με’.
650 5592 874 5646 Asiam.

531 5689 636 5752 με’.
665 5685 802 5754 Περὶ
825 5683 922 5737 τοῦ
968 5684 1043 5756 μὴ
1075 5685 1185 5738 δεῖν
1230 5685 1642 5756 μεμωμημένον
1679 5683 2031 5756 προσφέρειν.

538 5774 655 5844 pg’.
682 5778 817 5849 Περὶ.
858 5779 967 5834 τῶν
1014 5795 1308 5851 προσφ.....
1350 5778 1512 5850 (forte
1575 5780 2034 5850 προσφερομένων

459 5866 660 5940 ζώων.)

2208 5221 2298 5276 40.
2331 5219 2488 5286 Quod
2512 5220 2783 5275 servando
2825 5220 3080 5276 mandata
3109 5221 3285 5278 sancti
3316 5220 3472 5280 ﬁunt.

2207 5315 2298 5369 4|.
2332 5313 2405 5368 De
2438 5313 2668 5368 mortuis
2704 5312 2757 5366 iu
2786 5316 2988 5382 quibus
3031 5314 3347 5383 polluuntur
3371 5311 3707 5372 sacerdotes.

2209 5407 2298 5462 42.
2329 5409 2401 5461 De
2433 5407 2539 5462 ﬁlia
2571 5406 2874 5462 sacerdotis
2904 5406 3308 5462 mc-retricante.

2208 5499 2298 5552 43.
2329 5497 2485 5562 Quod
2515 5513 2621 5552 non
2660 5497 2854 5552 debeat
2883 5497 3139 5553 sacerdos
3180 5497 3382 5552 habere
3409 5497 3705 5555 maculam.

2210 5589 2296 5644 44.
2332 5588 2506 5644 Deest.

2207 5685 2296 5737 45.
2331 5683 2487 5751 Quod
2521 5698 2629 5736 non
2654 5682 2848 5738 debeat
2878 5682 3183 5738 maculatus
3207 5681 3422 5740 oﬁerre.

2209 5777 2298 5832 46.
2331 5775 2500 5832 De....
2532 5775 2697 5847 (forte
2729 5777 2930 5833 oblatis
2955 5777 3328 5850 animalibus).
