4080 6414
460 413 597 481 1939
1164 416 1555 479 OPUSCULA
1596 415 2235 479 SCRIPTURISTICA
2272 416 2623 479 INCERTAE
2661 418 2973 483 JETATIS.
3570 419 3702 487 1050

520 534 613 588 47.
640 530 715 586 De
754 529 1027 585 Sabbatis.
2062 535 2109 589 Α

2062 535 2109 589 Α
2208 529 2317 600 μζ.
2349 532 2487 601 Περὶ
2519 530 2629 583 τῶν
2666 530 2980 584 Σαδδάτων.

518 622 609 677 48.
653 622 726 676 De
759 621 985 675 Pascha.

2206 619 2321 690 μη’.
2352 621 2491 687 Περὶ
2518 621 2613 674 τοῦ
2640 623 2850 691 Πάσχα.

520 715 613 769 49.
643 712 716 767 De
753 711 981 783 azymis.

2208 708 2317 781 μΘ’.
2350 711 2487 781 Περὶ
2520 710 2769 782 ἀζύμων.

522 804 611 860 50.
656 802 729 857 De
754 800 1030 871 primitiis.

2204 808 2270 856 ν’.
2298 802 2432 872 Περὶ
2467 802 2766 873 ἀρχόντων.

523 897 613 951 51.
650 896 722 949 De
749 893 1089 949 Pentecoste.

2205 891 2312 946 να’.
2343 893 2479 965 Περὶ
2502 895 2904 965 Πεντηκοστῆς.

522 989 611 1043 5‘2.
642 985 719 1041 De
745 983 1050 1039 memoriali
1076 981 1350 1038 tubarum.

2204 978 2305 1048 νβ’.
2343 981 2475 1051 Περὶ
2498 999 2604 1053 μνη
2614 983 2847 1053 μοσῦνου
2871 984 3211 1053 σαλπίγγων.

522 1078 613 1133 5'5.
643 1077 717 1131 De
737 1076 825 1131 die
854 1073 1204 1145 expiationis.

2202 1070 2304 1138 νγ’.
2330 1073 2467 1144 Περὶ
2491 1075 2703 1146 ἡμέρας
2736 1076 3051 1149 ὲξιλασμοῦ.

522 1171 613 1226 54.
650 1169 727 1226 De
751 1167 984 1238 Jejunio.

2203 1158 2296 1214 νδ¹.
2331 1163 2464 1233 Περὶ
2489 1166 2762 1236 νηστείας.

518 1262 611 1318 55.
642 1260 719 1317 De
750 1259 894 1316 festo
918 1256 1447 1313 Tabernaculorum.

1339 1272 1447 1313 um,
2201 1251 2295 1307 νε’.
2326 1254 2463 1326 Περὶ
2486 1256 2679 1328 ἑορτῆς
2707 1259 2950 1330 Σκηνῶν.

518 1354 610 1409 56.
640 1352 715 1408 De
748 1351 870 1407 oleo
894 1348 1139 1405 luminis.

2202 1342 2313 1406 νς’.
2348 1345 2483 1417 Περὶ
2508 1347 2604 1401 τοῦ
2636 1348 2819 1404 ὲλαίου
2849 1349 2945 1404 τοῦ
2979 1352 3176 1421 φωτός.

518 1446 611 1501 57.
651 1445 726 1500 De
754 1442 990 1513 panibus
1018 1438 1425 1510 propositionis.

2202 1433 2299 1500 νς.
2337 1436 2474 1505 Περὶ
2505 1438 2687 1509 ἀρτων
2721 1440 2824 1510 τῆς
2857 1443 3190 1513 προθέσεως.

518 1536 608 1591 58.
636 1536 709 1590 De
731 1533 1062 1604 lapidatione
1092 1528 1386 1583 maledicti.

2199 1534 2301 1596 νῆ’.
2331 1529 2468 1601 Περὶ
2497 1530 2802 1598 λιθοδολίας
2829 1534 2923 1588 τοῦ
2958 1535 3484 1609 κατηρα[σα]μένου.

518 1628 607 1684 59.
640 1626 714 1680 De
738 1622 1038 1695 scptennali
1068 1620 1296 1676 sabbato
1325 1627 1507 1673 terrae.

2198 1618 2297 1673 νϐ’.
2332 1622 2468 1693 Περὶ
2503 1622 2863 1695 ἑϐδοματικοῦ
2892 1625 2987 1680 τοῦ
3035 1627 3409 1699 σαδδατισμοῦ
3448 1627 3549 1697 τῆς
3579 1627 3701 1697 γῆς.

516 1720 611 1774 60.
657 1718 729 1771 De
752 1714 981 1785 jubilaeo
1006 1711 1135 1766 anni
1169 1707 1585 1779 redemptionis.

2200 1710 2265 1777 ξ’.
2301 1715 2439 1786 Περὶ
2469 1716 2763 1789 ίωϐηλαίου
2792 1719 2889 1773 τοῦ
2923 1719 3178 1774 ἐνιαυτοῦ
3202 1719 3303 1790 τῆς
3328 1719 3597 1789 ἀφέσεως.

515 1812 606 1866 tif.
640 1806 954 1863 Benedictio
1002 1802 1330 1859 facientibus
1375 1800 1573 1871 legem,
1605 1808 1659 1856 et
1709 1799 2025 1855 maledictio

2199 1802 2303 1869 ξω.
2333 1806 2565 1877 Εὐλογία
2593 1812 2706 1875 τοῖς
2738 1811 2954 1865 ποιοῦσι
2984 1811 3078 1866 τὸν
3123 1811 3308 1883 νόμον,
3344 1810 3439 1865 καὶ
3489 1810 3702 1878 κατάρα

448 1921 554 1959 non
585 1900 927 1957 facientibus.
2055 1880 2059 1935 1

2055 1878 2094 1935 Β
2124 1897 2233 1957 τοῖς
2272 1897 2349 1968 μὴ
2385 1900 2618 1955 ποιοῦσι.

518 1996 609 2053 69..
639 1994 714 2050 De
748 1989 1035 2048 aestimatis
1062 2004 1158 2060 per
1195 1994 1405 2045 votum.

2200 1986 2301 2058 ξβ’.
2336 1992 2471 2062 Περὶ
2499 1994 2609 2047 τῶν
2643 1995 2766 2050 κατ’
2797 1996 2965 2071 εὐχὴν
2985 1997 3427 2069 συντιμωμένων.

1216 2144 1225 2152 ,
1482 2078 1901 2142 Numerorum
1950 2091 2213 2154 sequens
2252 2092 2345 2143 est
2392 2085 2619 2148 divisio
2654 2110 2674 2150 :

516 2188 573 2245 1.
606 2185 680 2242 De
704 2183 1014 2238 Levitarum
1038 2180 1352 2236 selectione.

2202 2188 2274 2240 α’.
2307 2185 2444 2257 Περὶ
2468 2188 2569 2259 τῆς
2602 2188 2712 2243 τῶν
2737 2189 2979 2245 Λευῖτῶν
3008 2190 3260 2263 ἐκλογῆς.

513 2282 574 2337 2.
605 2279 679 2334 De
709 2276 794 2332 liis
829 2275 923 2347 qui
954 2286 1211 2331 arcentur
1244 2288 1274 2328 a
1302 2273 1521 2329 castris.

2200 2273 2268 2345 β’.
2298 2278 2435 2349 Περὶ
2458 2279 2570 2334 τῶν
2602 2282 3010 2354 ἀφορισθέντων
3035 2285 3101 2338 ὲκ
3118 2284 3219 2356 τῆς
3252 2282 3629 2356 παρεμϐολῆς.

510 2375 569 2431 3,
606 2369 681 2426 De
712 2366 1056 2424 confessione
1077 2366 1314 2436 publica.
1760 2426 1771 2432 η

1760 2426 1771 2432 η
2197 2374 2269 2437 γ’.
2295 2370 2433 2441 Περὶ
2458 2371 2558 2442 τῆς
2580 2371 3012 2445 ἐξαγορεύσεως.

508 2461 566 2517 4.
597 2460 675 2516 De
704 2474 849 2530 aqua
876 2456 1339 2528 exprobrationis.

2196 2459 2259 2514 δ’.
2293 2462 2431 2534 Περὶ
2467 2463 2565 2518 τοῦ
2600 2464 2793 2530 ὕδατος
2810 2464 2908 2520 τοῦ
2948 2465 3206 2537 ἐλεγμοῦ.

513 2557 571 2612 5.
607 2555 681 2609 De
714 2549 1056 2609 sanetificato
1082 2562 1178 2619 per
1212 2556 1429 2602 votum.

2198 2560 2260 2610 ε’.
2298 2555 2438 2626 Περὶ
2465 2554 2561 2609 τοῦ
2597 2557 2720 2610 κατ’
2745 2558 2910 2630 εὐχὴν
2931 2557 3311 2630 ἁγνιζομένου.

511 2648 568 2703 6.
601 2647 674 2701 De
700 2641 1077 2701 benedictione
1106 2654 1216 2709 qua
1255 2635 1636 2693 benedixerint
1683 2632 2016 2691 sacerdotes.

1955 2646 2016 2686 ξδ’
2182 2657 2275 2715 ς’.
2310 2653 2445 2725 Περὶ
2473 2656 2573 2725 τῆς
2601 2655 2852 2724 εὐλογίας
2876 2649 2944 2726 ἦς
2974 2654 3275 2726 εὐλόγησαν
3300 2655 3348 2708 οί
3379 2652 3566 2725 ἱερεῖς.

506 2739 564 2793 7.
599 2736 676 2791 De
698 2734 976 2791 oblatione
997 2729 1330 2801 principum.

2198 2742 2264 2806 ζ’.
2304 2744 2441 2815 Περὶ
2469 2744 2571 2815 τῆς
2599 2745 2709 2799 τῶν
2737 2745 3017 2817 ἀρχόντων
3055 2745 3391 2817 προσφορᾶς.

513 2828 570 2885 8.
600 2828 676 2883 De
702 2823 1034 2882 candelabro
1058 2829 1115 2876 et
1141 2819 1404 2875 lucernis.

2196 2839 2269 2903 η’.
2300 2834 2433 2905 Περὶ
2454 2835 2554 2904 τῆς
2583 2835 2808 2907 λυχνίας
2833 2837 2928 2891 καὶ⁵
2954 2835 3066 2890 τῶν
3099 2836 3329 2907 λΰχνων.

512 2920 568 2975 9.
608 2918 683 2973 De
717 2912 1152 2973 sanctificatione
1178 2909 1517 2967 Levitarutn.

2202 2924 2267 2981 0'.
2310 2927 2447 2998 Περὶ
2473 2928 2567 2982 τοῦ
2590 2925 2857 3000 ἁγνισμοῦ
2881 2928 2987 2983 τῶν
3009 2927 3273 2983 Λευῖτῶν.

515 3012 608 3067 10.
641 3008 718 3065 De
742 3016 987 3078 tempore
1017 3003 1307 3061 ministerii
1342 3001 1673 3057 Levilarum.

2203 3015 2256 3071 t’.
2288 3018 2425 3088 Περὶ
2451 3018 2545 3073 τοῦ
2569 3020 2764 3091 χρόνου
2788 3020 2891 3091 τῆς
2927 3018 3271 3090 λειτουργίας
3300 3016 3409 3071 τῶν
3437 3014 3697 3070 Λευῑτῶν.

514 3104 604 3201 93'
632 3101 742 3201 ‘1‘"
768 3098 1096 3201 dimidia:
1184 3188 1196 3200 .
1281 3187 1292 3199 .
2048 3144 2096 3201 ο

2048 3144 2096 3201 C
2202 3106 2293 3201 ια’.
2326 3109 2462 3179 Περὶ
2491 3110 2587 3164 τοῦ
2619 3112 2811 3182 Πάσχα
2838 3110 3020 3181 νόμος.

509 3196 603 3251 12.
638 3196 712 3251 De
740 3191 885 3247 tubis
910 3187 1347 3258 significationis.
2049 3183 2096 3207 “

2049 3183 2096 3207 υ
2196 3199 2285 3271 ιβ’.
2317 3202 2453 3272 Περὶ
2476 3202 2585 3255 τῶν
2617 3203 2935 3272 σαλπίγγων
2954 3203 3054 3271 τῆς
3088 3199 3384 3272 σημασίας.

505 3288 595 3341 15.
628 3283 705 3341 De
736 3290 971 3354 cognato
1002 3279 1223 3352 Moysis.
2200 3299 2290 3361 ιγ’.
2330 3294 2467 3366 Περὶ
2491 3294 2588 3348 τοῦ
2622 3295 2878 3367 γαμϐροῦ
2908 3294 3208 3357 Μωῦσέως.

506 3378 599 3437 14.
629 3378 704 3432 De
734 3374 1009 3431 incendio.

2196 3383 2280 3439 ιδ’.
2314 3386 2451 3458 Περὶ
2481 3386 2856 3458 ὲμπυρισμοῦ.

509 3469 598 3526 15·
630 3468 706 3524 οε
737 3465 1080 3538 θυΡίθηῑίδυδ
1106 3476 1265 3521 93°33
1295 3459 1536 3533 Ᾱῖϐἵβίί·
2197 3473 2278 3530 ιε’.
2313 3476 2449 3547 Περὶ
2485 3478 2595 3532 τῶν
2620 3477 3080 3549 ὲπιθυμησάντων
3100 3477 3169 3533 τὰ
3190 3478 3249 3531 ὲν
3276 3473 3535 3547 Αἰγύπτῳ
3556 3472 3702 3548 βρώ-

2124 3582 2297 3636 ματα.

509 3656 601 3713 16.
633 3657 707 3712 De
730 3653 998 3725 sepulcris
1022 3650 1500 3721 concupiscentia).

2203 3654 2299 3721 ις’.
2338 3658 2473 3730 Περὶ
2504 3658 2613 3713 τῶν
2640 3660 2939 3730 μνημάτων
2967 3661 3065 3731 τῆς
3104 3659 3419 3733 ἐπιθυμίας.

509 3752 601 3804 17.
630 3750 706 3802 De
728 3744 1158 3801 murmuratione
1182 3742 1366 3797 Mariae
1396 3751 1451 3797 et
1477 3738 1681 3795 Aaron.

2201 3745 2288 3811 ιζ’.
2318 3750 2451 3819 Περὶ
2482 3749 2577 3802 τοῦ
2610 3750 2930 3820 γογγυσμοῦ
2954 3751 3189 3822 Μαριάμ
3217 3752 3312 3807 καὶ
3332 3753 3566 3824 Ἀαρών.

509 3842 601 3898 18.
640 3841 715 3897 De
751 3839 1161 3905 explorantibus
1186 3846 1411 3892 terram.
1820 3892 1823 3893 ν

1820 3892 1823 3893 ,
2197 3838 2285 3906 ιη’.
2315 3840 2450 3910 Περὶ
2475 3841 2584 3894 τῶν
2615 3841 3119 3911 κατασκεψαμένων
3144 3842 3243 3913 τὴν
3270 3845 3392 3914 γῆν.

507 3935 602 3991 19.
640 3935 715 3989 De
741 3930 1293 3988 murmurationibus.

2199 3933 2285 3988 ιθ’.
2324 3934 2459 4002 Περὶ
2488 3934 2597 3987 τῶν
2634 3934 2967 4006 γογγυσμῶν
2986 3930 3063 3992 ὧν
3086 3935 3157 3989 τά
3182 3935 3332 3991 κῶλα
3365 3936 3549 3990 ἔπεσε.

506 4028 601 4083 20.
633 4025 708 4083 De
747 4026 832 4082 liis
860 4039 982 4096 quae
1005 4024 1142 4080 dixit
1167 4022 1381 4093 Moyses
1421 4021 1642 4092 populo,
1674 4030 1747 4101 et
1768 4024 2017 4092 persuasi

2192 4023 2264 4080 κ’.
2294 4026 2431 4097 Περὶ
2470 4021 2545 4082 ὧν
2578 4026 2807 4098 ὲλάλησε
2859 4027 3100 4097 Μωῦσῆς
3131 4025 3211 4098 τῷ
3242 4028 3382 4099 λαῷ,
3423 4028 3517 4081 καὶ
3545 4024 3701 4081 ἐπεί-

437 4131 589 4175 511111..

2123 4114 2355 4186 σθησαν.

505 4210 597 4267 21.
632 4209 708 4267 De
734 4207 1037 4266 sacriﬁciis.

2192 4208 2301 4262 κα’.
2342 4209 2479 4280 Περὶ
2513 4210 2736 4267 θυσιῶν.

490 4302 595 4357 22.
630 4300 705 4357 De
734 4308 993 4369 peccante
1022 4294 1411 4351 involuntarie.

2194 4300 2299 4369 κβ’.
2339 4303 2477 4373 Περὶ
2513 4301 2610 4356 τοῦ
2635 4304 3047 4375 ἁμαρτάνοντος
3076 4304 3367 4369 ἀκουσίως.

503 4391 596 4447 25.
643 4392 718 4447 De
749 4388 1041 4457 colligente
1064 4384 1209 4455 ligna
1249 4385 1301 4437 in
1336 4383 1427 4438 die
1455 4381 1700 4438 Sabbati.

2191 4392 2299 4460 κγ’.
2336 4394 2470 4465 Περὶ
2520 4395 2617 4449 τοῦ
2667 4395 3020 4466 συλλέγοντος
3062 4398 3197 4465 ξύλα
3242 4400 3309 4469 τῇ
3366 4395 3552 4468 ἡμέρᾳ
3599 4391 3696 4448 τοῦ

2048 4479 2092 4535 D
2124 4483 2422 4540 Σαὸὃάτου.

501 4582 597 4638 24.
626 4580 703 4635 De
741 4572 989 4631 ﬁmbriis.

2192 4574 2291 4633 κδ’.
2329 4578 2464 4649 Περὶ
2498 4578 2608 4633 τῶν
2637 4581 2983 4651 κρασπέδων.

503 4674 598 4730 25.
636 4670 711 4725 De
736 4669 896 4734 Core,
926 4662 1139 4720 Dathan
1169 4670 1222 4715 et
1247 4658 1473 4714 Abiron.
2190 4674 2290 4725 κεί
2317 4667 2452 4739 Περὶ
2478 4669 2641 4741 Κορὲ,
2677 4671 2770 4726 καὶ
2800 4672 2999 4737 Δαθάν,
3032 4674 3127 4728 καὶ
3162 4672 3443 4743 Ἀϐειρὼν.

504 4764 593 4820 26.
622 4762 698 4817 De
728 4756 1065 4815 consecratis
1094 4751 1348 4807 Domino.

2188 4768 2303 4826 σις’.
2342 4761 2477 4833 Περὶ
2513 4762 2623 4815 τῶν
2651 4762 3024 4831 ἀγιασθέντων
3047 4764 3253 4837 Κουρίῳ,

504 4856 596 4911 27.
632 4853 705 4907 De
725 4846 1111 4920 deprecatione
1143 4842 1324 4898 Aaron
1353 4841 1409 4897 in
1438 4840 1630 4930 plaga."
2190 4851 2293 4918 κζ’.
2326 4852 2464 4919 Περὶ
2491 4851 2587 4905 τοῦ
2615 4852 2910 4925 ὲξιλασμοῦ
2935 4853 3154 4926 Ἀαρὼν
3177 4856 3236 4909 ἑν
3258 4856 3324 4927 τῇ
3357 4853 3608 4925 θραύσει.
3747 4881 3758 4932 ι

503 4947 598 5001 28.
621 4944 696 4999 De
726 4938 1070 5013 germinante
1091 4936 1243 5004 virga
1271 4933 1479 4989 Aaron.

2187 4940 2295 5013 κη’.
2335 4943 2472 5015 Περὶ
2491 4944 2589 5015 τῆς
2617 4943 3001 5016 βλαπησάσης
3032 4946 3230 5017 ῥάϐδου
3259 4946 3355 5001 τοῦ
3386 4947 3622 5018 Ἀαρών.

501 5038 593 5091 29.
626 5037 698 5089 De
718 5030 973 5104 primitiis
994 5027 1138 5084 datis
1158 5024 1452 5082 sacerdoti.

2188 5036 2292 5092 κδ’.
2332 5036 2468 5108 Περὶ
2495 5036 2604 5090 τῶν
2645 5036 2938 5109 διδομένων
2967 5040 3232 5111 ἀπαρχῶν
3257 5041 3338 5112 τῷ
3368 5042 3526 5110 lapsi.

503 5126 593 5182 50.
630 5125 704 5179 De
737 5121 947 5177 decima
974 5131 1139 5189 quam
1168 5116 1516 5173 decimabant
1536 5114 1869 5172 sacerdotes.

2189 5129 2255 5183 λ’.
2298 5129 2434 5200 Περὶ
2469 5129 2569 5200 τῆς
2596 5128 2831 5201 δεκάτης
2860 5126 2927 5203 ἧς
2960 5132 3240 5187 δεκατ.....
3272 5134 3321 5186 οἱ
3360 5134 3548 5204 ἱερεῖς.

502 5220 593 5274 3|.
623 5216 791 5273 De....
828 5214 989 5284 (forte
1019 5212 1150 5274 ritu)
1184 5224 1380 5267 vaccae.

2189 5218 2290 5273 λα’.
2324 5219 2459 5290 Περὶ
2487 5219 2707 5289 τῆς.....
2744 5219 2907 5289 (forte
2924 5220 3234 5293 διαστολῆς)
3259 5221 3358 5293 τῆς
3380 5222 3693 5293 δαμάλεως.

503 5308 592 5365 '52.
627 5306 739 5364 Lex
767 5316 835 5361 ne
873 5303 1211 5374 aspersione.

2190 5309 2289 5381 λβ’.
2324 5312 2462 5381 Περὶ
2491 5312 2791 5382 ῥαντισμοῦ
2814 5312 2997 5383 νόμος.

500 5404 591 5458 '55.
632 5400 708 5455 De
737 5407 912 5454 morte
942 5395 1147 5450 Marias.

2190 5401 2292 5470 λγ’.
2324 5403 2462 5474 Περὶ
2486 5403 2585 5473 τῆς
2617 5402 2876 5473 τελευτῆς
2900 5404 3149 5475 Μαριάμ.

499 5493 589 5549 54.
622 5492 699 5549 De
724 5505 867 5562 aqua
891 5486 1361 5545 contradictionis.

2187 5494 2282 5549 λδ’.
2319 5494 2455 5565 Περὶ
2482 5494 2576 5547 τοῦ
2607 5494 2798 5558 ὓδατος
2824 5494 2926 5564 τῆς
2946 5496 3277 5564 ἀντιλογίας.

502 5585 591 5641 35.
613 5584 688 5640 De
708 5582 916 5639 nuntiis
938 5596 1079 5652 quos
1104 5579 1255 5635 misit
1277 5578 1489 5649 Moyses
1515 5577 1583 5634 ad
1612 5591 1793 5651 regem
1820 5577 2013 5636 Edom.

2186 5585 2281 5640 λε’.
2309 5588 2447 5657 Περὶ
2497 5579 2572 5640 ὧν
2617 5588 2906 5641 ἀπέστειλε
2958 5588 3202 5659 Μωῦσῆς
3251 5589 3501 5659 ἀγγέλων
3551 5589 3693 5662 πρὸς

2120 5671 2344 5743 βασιλέα
2384 5672 2582 5744 Ἐδώμ.

504 5764 591 5820 56.
630 5766 702 5822 De
731 5773 907 5821 morte
936 5764 1161 5828 Aarond

2191 5766 2302 5829 λς’.
2336 5766 2471 5836 Περὶ
2502 5767 2602 5835 τῆς
2636 5765 2891 5837 τελευτῆς
2925 5765 3150 5838 Ἀαρών,
