4080 6450
456 438 588 504 1011
1246 464 1249 467 ·
1442 444 1920 507 OCTATEUCHI
1961 444 2247 507 DIVISIO
2289 445 2368 504 IN
2404 446 2696 508 CAPITA.
3570 448 3711 514 1042

524 551 623 617 λζ’.
654 554 791 625 Περὶ
820 554 919 626 τῆς
943 553 1329 619 καταστάσεως
1358 556 1644 626 Ἐλεάζαρ.
2055 567 2097 621 Α

1517 556 1644 626 ζαρ.
2055 567 2097 621 Α
2199 558 2289 611 ⁸57.
2323 558 2398 611 De
2428 557 2824 613 constitutione
2860 556 3128 615 Eleazari.

516 646 620 715 λη’.
658 647 795 714 Περὶ
826 646 924 713 τῆς
954 647 1260 715 ἀποστολῆς
1284 647 1392 699 τῶν
1428 647 1627 716 ὄφεων.

1539 665 1627 701 ων.
2194 653 2283 704 53.
2318 649 2391 705 De
2416 651 2760 706 immissione
2788 653 3150 721 serpentium.

515 737 617 791 λθ’.
646 737 727 790 Τὰ
751 738 884 807 περὶ
917 739 1019 805 Ὂγ
1051 737 1274 808 βασιλέα
1304 739 1507 793 Βασάν.

2193 744 2281 797 59.
2312 741 2443 807 Qua:
2467 743 2532 797 ad
2556 741 2636 811 Og
2660 757 2841 812 regem
2874 741 3048 797 Basan
3083 750 3352 812 spectant.

520 837 597 901 μ’.
626 812 979 900 naptham
1003 831 1267 901 βασιλέως
1305 831 1503 886 Μωάδ.

1333 831 1503 886 ίωάδ.
2194 835 2284 887 40.
2316 832 2390 887 De
2419 833 2581 888 Balac
2609 850 2734 904 rege
2768 832 2944 889 Moab.

514 933 629 996 μα’.
665 925 747 979 Τὰ
781 926 909 996 περὶ
933 927 1161 996 Βαλαὰμ
1189 926 1282 979 τὸν
1322 926 1538 996 μάντιν.

2194 926 2283 979 41.
2324 924 2456 991 Quae
2492 926 2558 981 ad
2593 926 2806 981 Balaam
2829 926 3062 982 ariolum
3088 936 3357 1000 spectant.

517 1016 627 1085 μβ’.
658 1016 796 1086 Περὶ
822 1016 934 1069 τῶν
968 1018 1385 1088 πορνευσάντων
1412 1014 1609 1079 Munati,
1636 1016 1730 1074 καὶ
1752 1013 2022 1068 τελεσθέν-

2198 1017 2288 1077 42.
2324 1017 2400 1072 De
2438 1015 2837 1073 fornicantibus
2866 1016 3046 1083 Moab,
3081 1031 3136 1073 et
3176 1018 3405 1075 initiatis
3443 1018 3705 1089 Beelphe-

450 1125 551 1159 των
579 1106 658 1178 τῷ
688 1105 1033 1177 Βεελφεγώρ.
2126 1124 2245 1178 gor.

516 1195 629 1265 μγ’.
661 1196 741 1249 Τά
775 1197 902 1266 περὶ
928 1196 1113 1259 Φινεὲς
1145 1195 1238 1249 καῖ
1257 1195 1600 1253 Μαδιανῖτιν.

2198 1200 2289 1254 45.
2320 1199 2454 1265 Quae
2480 1200 2546 1254 ad
2579 1199 2810 1256 Phinees
2868 1211 2922 1255 et
2971 1200 3375 1257 Madianitidem
3427 1210 3705 1271 spectant.

517 1288 621 1357 μδ’.
648 1288 785 1357 Περὶ
808 1287 917 1340 τῶν
946 1287 1265 1359 θυγατέρων
1292 1286 1568 1342 Σαλπαάδ.

1353 1286 1568 1342 ιλπαάδ.
2195 1291 2284 1344 «Η.
2318 1290 2395 1345 De
2424 1291 2639 1345 ﬁliabus
2672 1290 2964 1361 Salphaad.

519 1384 623 1448 με’.
652 1378 792 1449 Περὶ
818 1378 920 1447 τῆς
950 1379 1343 1443 καταστάσεως
1368 1378 1544 1448 Ἰησοῦ
1570 1377 1663 1431 τοῦ
1688 1376 1864 1447 Ναυῆ.

1756 1376 1864 1447 ιυῆ.
2197 1382 2285 1439 ἀΰ.
2318 1382 2389 1437 De
2421 1384 2816 1438 constitutione
2851 1382 3034 1439 Josuze
3066 1383 3161 1439 ﬁlii
3203 1382 3367 1438 Nave.

520 1472 638 1542 μς’.
679 1473 817 1542 Περὶ
846 1470 1049 1524 θυσιῶν
1077 1470 1438 1540 ἐνδελεχείας.

1437 1513 1438 1518 η
2197 1473 2286 1525 46.
2323 1472 2397 1526 De
2430 1472 2717 1529 sacriﬁciis
2751 1473 3048 1543 perpetuis.

520 1562 626 1635 μς.
655 1564 789 1634 Περὶ
814 1562 1015 1616 θυσιῶν
1043 1563 1186 1617 κατὰ
1223 1561 1524 1614 Σάϐϐατον.

1457 1578 1524 1613 ›ν.
2200 1563 2288 1619 47.
2322 1562 2397 1618 De
2419 1564 2705 1620 sacriﬁciis
2728 1564 2779 1618 in
2806 1563 3068 1620 Sabbato.

519 1660 633 1724 μη’.
666 1654 802 1725 Περὶ
836 1652 977 1707 κατὰ
1008 1652 1310 1724 νουμηνίαν
1336 1652 1561 1706 θυσιῶν.

1537 1672 1561 1706 ι.
2198 1655 2289 1709 48.
2316 1653 2391 1710 De
2429 1654 2718 1711 sacriﬁciis
2750 1653 2803 1709 in
2840 1656 3148 1710 neomenia.

520 1746 626 1817 μθ’.
658 1747 794 1816 Περὶ
829 1746 1032 1801 θυσιῶν
1064 1746 1159 1800 τοῦ
1194 1747 1408 1815 Πάσχα.

1374 1763 1408 1800 ι.
2196 1746 2287 1801 49.
2320 1745 2394 1800 De
2426 1746 2713 1802 sacriﬁciis
2743 1744 2985 1801 Paschzr.

518 1839 581 1894 ν’.
614 1839 749 1909 Περὶ
777 1838 976 1892 θυσιῶν
996 1838 1099 1907 τῆς
1124 1837 1447 1908 ἑϐδομάδος.

2201 1839 2290 1895 50.
2330 1839 2404 1894 De
2432 1839 2721 1896 sacriﬁciis
2748 1838 3124 1894 hebdomadaz.

516 1937 617 1985 να’.
653 1930 788 2002 Περὶ⁵
818 1930 1017 1984 θυσιῶν
1039 1931 1231 2001 ἑορτῆς
1265 1930 1565 2000 σημασίας.
2051 1917 2093 1972 Β

2051 1917 2093 1972 Β
2190 1932 2278 1985 51.
2308 1930 2383 1986 De
2411 1931 2696 1991 sacriﬁciis
2728 1931 2846 1987 festi
2879 1929 3183 1988 Tubarum.

515 2022 620 2094 νβ’.
648 2023 784 2093 Περὶ
812 2022 1045 2093 ὁρισμοῦ
1074 2022 1263 2094 εὐχῆς.

2195 2019 2285 2074 52,
2321 2018 2396 2074 De
2423 2019 2745 2076 deﬁnitione
2774 2020 2907 2074 voti.

515 2122 617 2182 νγ’.
650 2114 787 2184 Περὶ
813 2114 909 2168 τοῦ
938 2114 1178 2185 πολέμου
1204 2114 1311 2169 τῶν
1334 2114 1705 2169 Μαδιανιτῶν.

1425 2114 1705 2169 διανιτῶν.
2199 2112 2291 2165 55.
2330 2110 2406 2166 De
2427 2112 2568 2167 bello
2594 2111 3036 2168 Madianitarum.

518 2206 609 2261 νδ’.
649 2207 786 2275 Περὶ
821 2206 917 2259 τοῦ
952 2207 1184 2277 ὁρισμοῦ
1212 2206 1321 2261 τῶν
1350 2206 1564 2260 σκύλων
1601 2205 1847 2275 Μαδιάμ.

1737 2205 1847 2275 ,ἀμη
2200 2203 2289 2257 δι.
2318 2203 2391 2257 De
2419 2201 2739 2259 definitione
2773 2205 3072 2275 spoliorum
3106 2202 3348 2277 Madian.

518 2297 611 2351 νε’.
644 2298 779 2369 Περὶ
822 2297 926 2371 τῆς
968 2296 1337 2374 κληρονομίας
1384 2297 1498 2353 τῶν
1534 2296 1629 2351 δύο
1698 2295 1882 2366 φυλῶν
1936 2296 2034 2350 καὶ

2205 2296 2295 2349 55.
2323 2294 2396 2350 De
2442 2297 2792 2366 possessione
2831 2296 3064 2352 duarum
3116 2297 3376 2364 tribuum,
3422 2303 3481 2353 et
3526 2294 3718 2352 media:

448 2393 643 2463 ἥμισυ·

2135 2389 2332 2444 tribus.

520 2483 629 2548 νς’.
664 2483 803 2554 Περὶ
832 2483 941 2538 τῶν
974 2482 1264 2551 ύπάρξεων
1286 2481 1397 2537 τῶν
1424 2481 1557 2535 υἱῶν
1589 2479 1833 2553 Ἰσραήλ.

1679 2480 1833 2553 ραήλ.
2204 2466 2294 2537 56.
2323 2480 2399 2537 De
2430 2481 2807 2538 mansionibus
2842 2482 3077 2537 ﬁliorum
3105 2481 3290 2539 Israel.

520 2574 618 2640 νς.
654 2578 790 2646 Περὶ
817 2576 926 2630 τῶν
963 2576 1288 2646 ὀφειλόντων
1311 2574 1783 2646 ὲξολοθρευθῆναι.

1550 2575 1783 2645 ευθῆναι.
2202 2574 2293 2628 57.
2334 2573 2407 2629 De
2430 2573 2754 2633 debentibus
2784 2574 3161 2635 exterminari.

520 2675 621 2740 νη⁹.
658 2668 794 2740 Περὶ
817 2669 917 2738 τῆς
953 2668 1364 2739 διαμετρήσεως
1386 2668 1483 2738 τῆς
1510 2668 1633 2738 γῆς.

1436 2670 1483 2738 is
1510 2668 1633 2738 γῆς.
2203 2666 2293 2721 58.
2328 2665 2402 2720 De
2428 2665 2834 2721 mensuratione
2872 2674 3047 2721 terrae.

520 2757 618 2814 νϐ’.
644 2760 780 2829 Περὶ
801 2759 910 2813 τῶν
934 2758 1424 2829 κληρονομούντων
1454 2758 1555 2827 τὴν
1584 2757 1709 2829 γῆν.

1489 2758 1555 2827 ὴν
1584 2757 1709 2829 γῆν.
2206 2757 2295 2812 59.
2328 2757 2403 2812 De
2430 2758 2841 2828 possidentibus
2871 2768 3098 2819 terram.

524 2847 588 2916 ξ’.
621 2848 760 2920 Περὶ
789 2852 888 2920 τῆς
920 2849 1140 2920 μερίδος
1168 2848 1278 2903 τῶν
1307 2849 1572 2911 Λευῑτῶν.

1337 2849 1572 2911 ιευῑτῶν.
2205 2851 2295 2905 60.
2329 2850 2405 2907 De
2432 2860 2585 2922 parte
2611 2851 2948 2912 Levitarum.

524 2940 622 3009 ξα’.
654 2942 790 3014 Περὶ
810 2942 919 3003 τῶν
950 2942 1427 3015 φυγαδευτηρίων.

1054 2942 1427 3015 ἀδευτηρίων.
2206 2942 2297 2998 6|.
2324 2941 2399 2999 De
2418 2942 2665 3014 refugiis.

1337 3082 1418 3145 1η
1458 3083 1940 3146 Πευιανοηυηιίο
1974 3082 2099 3143 haec
2135 3089 2541 3143 recensentur
2569 3082 2821 3162 capita:

462 3264 465 3269 ,
524 3214 594 3267 α’.
624 3207 762 3280 Περὶ
786 3206 941 3277 Σηὼν
965 3206 1229 3279 βασιλέως
1277 3206 1534 3263 Ἐσεόὡν.
2059 3215 2073 3265 l

1429 3206 1534 3263 ῖὼν.
2059 3209 2104 3276 ο
2215 3206 2263 3259 Ι.
2302 3205 2374 3261 De
2403 3204 2591 3261 Sebon
2618 3204 3040 3274 regeliesebon.

529 3301 596 3372 β’.
633 3300 772 3371 Περὶ
805 3301 905 3369 ’ῘΩγ
941 3300 1204 3371 βασιλέως
1229 3300 1433 3357 Βασάν.

1242 3300 1433 3357 Βασάν.
2209 3295 2264 3349 9..
2302 3295 2374 3351 De
2397 3293 2474 3365 0g
2504 3311 2627 3364 rege
2658 3294 2853 3350 Basau.

532 3390 600 3459 γ’.
633 3392 771 3462 Περὶ
809 3391 921 3446 τῶν,
940 3391 1148 3445 πόλεων
1169 3391 1276 3443 τῶν
1299 3389 1768 3461 φυγαδευτηρίων.

1273 3389 1768 3461 νφυγαδξυτηρίων.
2214 3388 2266 3442 '5.
2303 3387 2375 3443 De
2406 3387 2637 3443 urbibus
2663 3386 2884 3456 refugii.

528 3482 591 3536 δ’.
626 3481 998 3552 Ἐπανάληψις
1027 3482 1124 3552 τῆς
1156 3480 1481 3548 Δεκαλὸγου.

1285 3480 1481 3548 ιλὸγου.
2214 3483 2269 3536 4.
2308 3480 2602 3551 Susceptio
2629 3478 2896 3549 decalogi.

531 3571 591 3627 ε’.
624 3574 761 3645 Περὶ
812 3573 907 3629 τοῦ
964 3574 1041 3645 μὴ
1094 3575 1267 3632 ποιεῖν
1317 3573 1577 3642 γλυπτδν,
1626 3572 1769 3644 μήτε
1833 3571 2034 3635 παντὸς

2210 3573 2266 3627 5.
2308 3571 2383 3626 De
2418 3571 2792 3642 prohibitione
2836 3566 3375 3639 Iacicndisculptile,
3413 3572 3468 3623 et
3496 3578 3720 3624 omnem

461 3666 733 3736 ὁμοίωμα.

2144 3665 2576 3723 similitudinem.

538 3758 611 3827 ς’.
645 3761 782 3832 Περὶ
809 3760 1194 3830 δικαιωμάτων
1228 3758 1319 3815 καὶ
1347 3758 1653 3830 κριμάτων.

1425 3758 1653 3829 ιμάτων.
2214 3757 2267 3812 6.
2306 3757 2379 3811 De
2404 3755 2680 3826 iudicibus
2717 3761 2773 3810 et
2790 3752 3032 3821 iudiciis.

540 3851 604 3915 ζ’.
639 3854 771 3922 Περὶ
802 3852 896 3906 τοῦ
922 3851 1320 3923 ἀπαιτουμένου
1343 3851 1509 3921 φὸὅου
1540 3852 1633 3904 καὶ
1657 3850 1905 3918 ἀγάπης.

1823 3868 1905 3916 τις.
2218 3851 2270 3903 7.
2317 3849 2391 3904 De
2419 3848 2745 3920 obligatione
2774 3846 2988 3902 timoris
3025 3852 3080 3900 et
3102 3844 3434 3899 dilectionis.

533 3940 601 4011 η’.
631 3943 765 4014 Περὶ
782 3944 872 3996 τοῦ
899 3942 1306 4015 ἀπαιτουμένου
1335 3941 1758 4013 προστάγματος
1806 3940 1898 3992 καὶ
1928 3939 2039 3993 τῶν

1880 3940 1898 3992 ἱ
1928 3939 2039 3993 τῶν
2217 3941 2272 3997 8.
2300 3941 2373 3997 De
2405 3940 2739 4011 obligatione
2769 3939 3021 4011 prmeepti
3050 3946 3105 3996 et
3129 3936 3491 4007 iudiciorum.

464 4032 721 4104 κρίσεων.

540 4125 604 4183 θ’.
640 4128 777 4199 Περὶ
804 4127 900 4182 τοῦ
937 4126 1012 4199 μὴ
1051 4127 1162 4182 δεῖν
1194 4128 1252 4181 ὲν
1282 4125 1446 4182 παντὶ
1478 4125 1627 4196 τόπῳ
1659 4123 1829 4178 θύειν.

2216 4127 2269 4193 9.
2306 4125 2379 4183 De
2415 4123 2780 4196 prohibitione
2803 4120 3146 4178 sacriﬁcandi
3177 4119 3231 4173 in
3267 4117 3415 4173 omni
3443 4115 3584 4174 loco.

544 4224 594 4272 t'.
628 4219 760 4289 Περὶ
788 4218 881 4271 τοῦ
915 4218 990 4288 μὴ
1013 4218 1402 4286 ἐγκαταλιπεῖν
1430 4216 1521 4270 τὸν
1554 4216 1806 4286 Λετῖτην.

2226 4219 2309 4273 10.
2345 4217 2419 4272 De
2454 4213 2820 4286 prohibitione
2849 4209 3259 4280 derelinquendi
3299 4208 3567 4263 chitam.

547 4310 636 4365 ta'.
669 4312 806 4379 Περὶ
833 4309 927 4363 τοῦ
958 4312 1033 4380 μὴ
1065 4310 1265 4363 ἐσθίειν
1292 4308 1452 4379 αἷμα.

2224 4311 2311 4363 ll.
2346 4310 2417 4362 De
2450 4304 2812 4375 prohibitione
2836 4301 3158 4357 comedendi
3190 4302 3532 4371 sanguinem.

542 4401 628 4473 ιβ’.
671 4402 808 4473 Περὶ
831 4401 925 4455 τοῦ
952 4402 1028 4473 μὴ
1054 4401 1163 4456 δεῖν
1194 4399 1579 4455 ἐπακολουθεῖν
1601 4401 1713 4463 τοῖς
1746 4398 1945 4460 ἔθνεσι.

1712 4420 1713 4425 ‘
1746 4398 1945 4460 ἔθνεσι.
2220 4402 2306 4463 12.
2334 4401 2409 4455 De
2441 4396 2805 4469 prohibitione
2832 4393 3081 4447 imitandi
3116 4400 3323 4462 gentes.

543 4503 633 4563 ιγ’.
667 4495 801 4566 Περὶ
831 4494 923 4548 τοῦ
954 4494 1412 4565 ἐνυπνιαζομένου
1436 4494 1739 4565 προφήτου.

1663 4511 1739 4546 ου.
2219 4497 2307 4551 15.
2339 4494 2413 4548 De
2443 4491 2704 4562 pr0pbeta
2733 4486 3009 4542 somnium
3041 4484 3274 4544 vidente.

544 4587 623 4641 ιδ’.
660 4588 795 4656 Περὶ
824 4586 919 4640 τοῦ
947 4586 1021 4659 μὴ
1050 4588 1159 4641 δεῖν
1181 4587 1454 4656 φείδεσθαι
1487 4586 1580 4645 τοῦ
1609 4584 1967 4653 ἀπωτάτω.)
2076 4569 2126 4627 D-

1800 4584 1967 4653 item}
2076 4569 2126 4627 ί)-
2220 4590 2306 4644 ll.
2337 4588 2413 4642 De
2450 4584 2813 4657 prohibitione
2838 4578 3101 4654 parcendi
3130 4585 3411 4649 apostaLc.

544 4677 630 4734 ιε’.
659 4681 794 4752 Περὶ
815 4681 923 4734 τῶν
946 4681 1279 4750 παρανόμων
1308 4678 1538 4751 ἀνδρῶν.

2222 4682 2309 4736 l5.
2346 4681 2420 4736 De
2445 4680 2576 4735 viris
2605 4674 3103 4758 transgressoribus
3133 4671 3288 4739 legis.

547 4771 643 4837 ις’.
679 4773 813 4842 Περὶ
848 4773 942 4827 τοῦ
970 4774 1045 4843 μὴ
1073 4773 1182 4825 δεῖν
1212 4771 1558 4846 φαλάκρωμα
1588 4771 1780 4833 ποιεῖν.

2224 4771 2308 4827 l6.
2336 4772 2408 4826 De
2433 4769 2797 4842 prohibitione
2829 4764 3061 4823 faciendi
3088 4761 3390 4820 calvitium.

544 4860 629 4927 ιζ’.
662 4864 845 4934 Νόμος
872 4866 1003 4933 περὶ
1039 4864 1367 4934 βρωμάτων.

1130 4864 1367 4933 ιιμάτων.
2224 4867 2311 4920 Π.
2336 4864 2445 4921 Lex
2478 4864 2544 4919 de
2578 4865 2741 4919 escis.

545 4951 633 5024 ιη’.
663 4954 799 5025 Περὶ
826 4954 1197 5017 δεκατώσεως.

2224 4952 2325 5011 +83
2344 4956 2419 5011 De
2444 4956 2788 5026 separatione
2824 4952 3072 5009 decima).

544 5045 631 5100 ιϐ’.
669 5047 806 5118 Περὶ
832 5048 1103 5116 ἀφέσεως.

2224 5049 2310 5104 l9.
2344 5050 2418 5103 De
2448 5046 2796 5111 remissione.

545 5134 613 5191 κ’.
651 5139 788 5207 Περὶ
816 5138 1028 5202 ἐνδεοῦς
1052 5138 1305 5207 άδεΑφυῦ.

1226 5139 1305 5195 ui.
2218 5140 2310 5197 20.
2338 5141 2414 5195 De
2444 5139 2615 5193 fratre
2642 5148 2837 5208 egeno.

546 5235 651 5283 κα’.
682 5228 819 5299 Περὶ
850 5228 959 5283 τῶν
982 5229 1445 5301 προσφερομένων
1468 5230 1850 5299 πρωτοτόκων.

1479 5230 1850 5299 πρωτοτόκων.
2220 5232 2314 5287 2|.
2351 5231 2424 5285 De
2457 5228 2658 5285 oblatis
2687 5222 3090 5297 primogenitis.

546 5318 650 5388 κβ’.
686 5319 822 5390 Περὶ
850 5320 961 5374 τῶν
989 5319 1196 5391 ἑορτῶν
1233 5320 1341 5373 τῶν
1371 5320 1506 5373 νέων

2219 5323 2311 5389 22.
2350 5322 2422 5377 De
2456 5319 2611 5376 festis
2644 5332 2912 5373 novarum
2946 5316 3185 5382 frugum.

544 5408 650 5478 κγ’.
687 5412 825 5482 Περὶ
854 5412 954 5482 τῆς
977 5412 1174 5483 ἑορτῆς
1196 5411 1304 5465 τῶν
1326 5411 1658 5482 ἑϐδομάδειιν.

1495 5411 1658 5470 eum.
2220 5412 2314 5466 25.
2343 5410 2417 5464 De
2449 5408 2587 5465 festo
2619 5403 3106 5465 hebdomadarum.

548 5501 641 5556 κδ’.
676 5503 811 5573 Περὶ
836 5503 938 5575 τῆς
974 5504 1170 5576 ἑορτῆς
1199 5502 1311 5558 τῶν
1342 5504 1566 5574 σκηνῶν,

1521 5521 1566 5563 ιν.
2218 5504 2309 5559 24.
2345 5502 2419 5557 De
2448 5500 2587 5557 festo
2614 5496 3132 5557 Tabernaculorum.

548 5593 646 5647 κε’.
676 5596 905 5650 Λείπει.

2219 5595 2311 5650 25.
2350 5594 2521 5649 Deest.

550 5692 663 5749 κς’.
688 5686 825 5756 Περὶ
855 5686 965 5740 τῶν
996 5686 1441 5759 μαρτυρούντων.
2005 5704 2011 5709 '

1092 5686 1441 5759 κυρούντων.
2005 5704 2011 5709 '
2223 5686 2315 5741 26.
2350 5683 2423 5739 De
2454 5682 2703 5739 testibus.

552 5774 655 5841 κζ’.
691 5778 826 5847 Περὶ
852 5777 946 5831 τοῦ
981 5778 1383 5848 καθισταμένου
1414 5777 1627 5847 κριτοῦ.

1414 5777 1627 5847 κριτοῦ.
2221 5778 2314 5833 27.
2351 5762 2431 5832 ’ῡο
2462 5776 2757 5833 constituto
2790 5771 2995 5843 judice.

555 5866 662 5934 κη’.
692 5867 833 5939 Περὶ
852 5865 948 5923 τοῦ
976 5869 1377 5942 καθισταμένου
1410 5868 1693 5943 ἄρχοντος.

1450 5886 1693 5943 ρχοντος.
2226 5866 2316 5922 28.
2358 5864 2430 5923 De
2458 5865 2759 5923 constituto
2786 5859 3054 5934 principe.
