4080 6412
459 404 593 468 lilii

521 525 611 578 50.
650 524 723 579 De
751 525 876 582 ﬁliis
906 527 1038 583 Dari.

522 618 612 670 3|.
649 615 722 673 De
750 617 960 684 Levita,
991 630 1044 676 et
1074 622 1195 691 ejus
1229 624 1561 679 concubina.

522 706 612 759 32.
651 708 723 762 Dc
758 724 888 763 sene
916 710 1240 780 excipiente.

519 796 608 851 53.
649 797 947 854 Consilium
989 802 1264 859 seniorum
1295 803 1363 861 de
1402 806 1543 862 tribu
1580 804 1885 877 Beniamin.

1160 414 1549 477 OPUSCULA
1591 418 2218 483 SCRIPTURISTICA
2260 425 2605 486 INCERTE
2641 427 2956 490 IETATIS.

3561 429 3695 496 1M8

2058 554 2100 609 Α
2196 539 2262 593 λ’.
2291 540 2425 609 Περὶ
2453 540 2561 593 τῶν
2589 542 2723 596 υἱῶν
2752 544 2881 598 Δάν.

2204 628 2304 683 λα⁸.
2344 630 2479 700 Περὶ
2506 630 2600 684 τοῦ
2648 634 2901 697 Λευΐτου,
2931 635 3025 687 καὶ
3052 636 3149 702 τῆς
3191 633 3477 704 παλλακῆς
3511 636 3696 694 αὗτοῦ.

2201 720 2299 791 λβν.
2334 723 2471 791 Περὶ⁵
2495 721 2592 775 τοῦ
2625 723 3031 795 ὑποδεξαμένου
3070 726 3401 796 πρεσϐύτου.

2204 812 2304 883 λγ’.
2350 815 2526 887 Βουλὴ
2569 815 2680 870 τῶν
2738 818 3126 891 πρεσϐυτέρων
3178 820 3308 891 περὶ
3366 819 3469 891 τῆς
3525 820 3699 890 φυλῆς

2133 906 2412 962 Βενιαμίν.

1463 1015 1614 1071 Libri
1645 1016 1787 1072 Ruth
1815 1019 1967 1073 nulla
1991 1019 2178 1075 divino
2208 1032 2441 1088 capitum
2465 1031 2711 1092 apparet.

1002 1337 1099 1425 S.
1171 1337 1877 1429 SCRIPTURIE
1952 1338 2422 1433 DIVISIO
2496 1341 2625 1432 IN
2699 1342 3162 1432 CAPITA.

1397 1528 1490 1595 (Rx
1526 1530 1637 1582 cod.
1660 1544 1754 1582 tuo.
1781 1531 1951 1583 Iaculi
1980 1545 2045 1595 τι,
2069 1532 2297 1595 Butam,
2318 1531 2405 1586 lib.
2439 1533 2525 1585 cit.
2551 1546 2603 1598 p.
2629 1531 2766 1597 464.)

1049 1838 1364 1909 cmcsrs,

2771 1845 3079 1904 ῙἚΝΕΣΙΣ.

510 1935 585 1989 De
623 1942 892 2004 serpente.
920 1932 993 1987 De
1023 1931 1348 1989 fratricitlio.
1374 1932 1517 1988 Anni
1543 1933 1739 1989 Adam.
1769 1933 1846 1991 De
1873 1949 2028 1991 arca.

2200 1932 2339 2005 Περὶ
2386 1932 2481 1987 τοῦ
2520 1934 2722 2003 ὄφεως.
2774 1938 2913 2009 Περὶ
2957 1940 3059 2009 τῆς
3097 1938 3536 2009 ἀδελφοκτονίας.
3571 1942 3707 2013 Ἔτη

456 2027 533 2083 De
561 2027 727 2081 turris
753 2026 1131 2081 mdiiicatioue.
1170 2023 1353 2081 Tertia
1384 2026 1452 2080 ad
1494 2027 1773 2082 Abraham
1828 2028 2039 2083 revela-

456 2120 553 2174 tio.
588 2118 663 2172 De
695 2118 836 2173 bello
870 2132 1065 2173 novem
1109 2132 1318 2187 regum.
1353 2116 1429 2171 De
1456 2119 1773 2188 captivitate
1813 2118 1934 2175 Lot.
1962 2118 2038 2176 De

453 2208 835 2266 llelchisedec.
871 2207 1074 2275 Quarta
1106 2208 1176 2263 ad
1217 2210 1494 2265 Abraham
1527 2212 1808 2268 revelatio.
1834 2211 2036 2268 Foedus

454 2318 579 2356 cum
604 2301 903 2357 Abraham.
918 2300 1051 2367 Qum
1073 2301 1139 2355 ad
1156 2300 1345 2355 Saram
1367 2311 1421 2357 et
1446 2302 1589 2370 Agar
1609 2311 1878 2373 spectant.
1901 2301 2037 2370 Quae

461 2393 607 2448 dicta
634 2402 763 2448 sunt
781 2393 850 2447 ab
874 2393 1070 2464 angelo
1111 2393 1277 2463 Agar.
1338 2390 1542 2450 Foedus
1586 2409 1712 2449 cum
1756 2395 2035 2450 Abraham

453 2487 522 2540 de
571 2486 993 2560 circumcisione
1043 2493 1097 2540 et
1122 2485 1365 2542 nomine.
1421 2483 1725 2543 Promissio
1754 2485 1927 2543 Isaac.
1961 2486 2036 2542 De

454 2579 670 2634 lsmael.
723 2576 798 2633 De
841 2578 1184 2634 circumcisis
1235 2577 1306 2634 ab
1357 2578 1655 2634 Abraham.
1704 2578 1779 2635 De
1822 2578 2037 2635 visione

453 2668 594 2725 facta
626 2670 681 2724 in
712 2684 916 2741 quercu
984 2669 1227 2725 Mambre
1292 2668 1362 2723 ad
1416 2669 1714 2734 Abraham,
1745 2678 1799 2725 et
1827 2669 1895 2725 de
1916 2668 2036 2739 ejus

453 2761 925 2832 hospitalitate.De
947 2763 1104 2816 ruina
1130 2762 1397 2816 Sodomae.
1425 2761 1500 2817 De
1522 2760 1891 2831 hospitalitate
1909 2759 2033 2816 Lot.

454 2854 530 2909 De
550 2852 803 2909 incendio
818 2852 1087 2908 Sodomze.
1110 2852 1185 2907 De
1205 2852 1416 2908 ﬁliabus
1436 2851 1560 2907 Lot.
1619 2850 1749 2905 lude
1787 2850 2035 2907 Moabita

456 2956 511 3000 et
540 2942 1126 3000 AmrnouitamlleSara
1181 2951 1237 2998 et
1278 2942 1590 2998 Abimelech
1640 2956 1764 3011 rege
1792 2939 2031 2997 Geram.

456 3038 614 3104 Quod
636 3038 899 3108 propheta
925 3046 1008 3092 est
1024 3035 1319 3091 Abraham.
1338 3034 1415 3090 De
1429 3034 1696 3105 ejectione
1727 3034 1873 3105 Agar
1904 3049 2031 3089 cum

455 3130 568 3185 lilio
591 3144 693 3185 suo
715 3128 932 3186 lsmael.
959 3128 1114 3195 Quod
1132 3127 1407 3182 Abraham
1440 3127 1667 3183 tentavit
1700 3126 1844 3183 Deus
1884 3127 2033 3183 circa

454 3222 607 3277 Isaac
643 3221 814 3277 lilium
843 3221 1311 3292 ejus.AnuiSaraa
1337 3220 1436 3274 107
1485 3221 1634 3291 (sic).
1684 3221 1825 3276 Anni
1856 3222 2033 3277 Abra-

452 3314 578 3369 ham
600 3315 719 3369 l75.
745 3313 819 3368 De
836 3314 1007 3370 scala.
1032 3314 1107 3370 De
1134 3313 1355 3385 Joseph.
1387 3313 1528 3368 Anni
1561 3312 1752 3368 Jacob.

2152 2022 2345 2093 Ἀδάμ.
2374 2025 2509 2096 Περὶ
2537 2025 2636 2097 τῆς
2675 2026 2932 2082 κιϐωτοῦ.
2976 2028 3114 2099 Περὶ
3165 2030 3266 2099 τῆς
3319 2030 3709 2099 πυργοποιίας.

2139 2113 2192 2168 Γ
2224 2118 2609 2189 χρηματισμὸς
2660 2118 2931 2191 Ἀϐραάμ.
2967 2121 3100 2192 Περὶ
3166 2121 3261 2175 τοῦ
3312 2122 3565 2193 πολέμου
3604 2123 3712 2177 τῶν

2139 2206 2183 2260 θ’
2214 2207 2498 2277 βασιλέων.
2540 2210 2675 2282 Περὶ
2705 2213 2806 2283 τῆς
2845 2213 3223 2283 αἰχμαλωσίας
3256 2212 3351 2268 τοῦ
3398 2214 3544 2267 Λώτ.
3579 2214 3714 2283 Περὶ

2137 2299 2493 2370 Μελχισεδέκ.
2519 2303 2574 2354 Δ⁹
2594 2303 2980 2373 χρηματισμὸς
3011 2304 3283 2374 Ἀϐραάμ.
3308 2304 3555 2377 Διαθήκη
3578 2306 3715 2376 πρὸς

2150 2391 2421 2464 Ἀϐραάμ.
2458 2392 2541 2447 Τά
2570 2397 2709 2448 κατὰ
2743 2395 2837 2466 τὴν
2876 2396 3095 2467 Σάρῤαν
3146 2399 3243 2451 καὶ
3267 2396 3365 2468 τὴν
3393 2398 3601 2470 Ἅγαρ.
3634 2398 3714 2452 Τὰ

2137 2485 2243 2539 ὑπὸ
2268 2486 2363 2540 τοῦ
2391 2486 2625 2556 ἀγγέλου
2654 2486 2918 2558 λεχθέντα
2950 2490 3017 2558 τῇ
3051 2489 3253 2560 Ἅγαρ.
3288 2490 3533 2561 Διαθήκη
3579 2488 3715 2560 πρὸς

2150 2577 2401 2649 Ἀϐραὰμ
2434 2580 2563 2650 περὶ
2609 2579 2913 2651 περιτομῆς
2961 2580 3058 2635 καὶ
3108 2581 3240 2651 περὶ
3282 2580 3375 2634 τοῦ
3422 2580 3710 2651 ὀνόματος.

2148 2668 2485 2738 Ἐπαγγελία
2508 2669 2715 2723 Ἰσαάκ.
2744 2671 2879 2742 Περὶ
2906 2669 3000 2725 τοῦ
3027 2670 3275 2742 Ίσμαήλ.
3308 2670 3444 2741 Περὶ
3473 2669 3590 2723 τῶν
3618 2686 3715 2725 πε-

2140 2760 2513 2832 ριτμηθέντων
2547 2762 2653 2815 ὑπὸ
2693 2761 2965 2834 Ἀϐραάμ.
3008 2764 3142 2835 Περὶ
3172 2764 3274 2833 τῆς
3310 2763 3585 2827 ὀπτασίας
3615 2763 3715 2833 τῆς

2136 2852 2437 2923 γενομένης
2468 2854 2524 2906 ὲν
2555 2857 2620 2925 τῇ
2649 2853 2768 2923 δρυῒ
2787 2856 2854 2924 τῇ
2880 2853 3126 2925 Μαμϐρῇ
3151 2853 3288 2923 πρὸς
3316 2853 3596 2924 Ἀϐραὰμ,
3623 2852 3715 2905 καὶ

2135 2944 2267 3012 περὶ
2297 2942 2399 3012 τῆς
2429 2942 2735 3012 ξενοδοχίας
2779 2941 2968 2995 αὐτοῦ.
3009 2943 3145 3016 Περὶ
3179 2943 3278 3012 τῆς
3325 2940 3715 3013 καταστροφῆς

2136 3033 2405 3105 Σοδόμων.
2446 3034 2585 3106 Περὶ
2615 3034 2714 3104 τῆς
2768 3030 3071 3104 ξενοδοχίας
3114 3032 3210 3087 τοῦ
3245 3032 3392 3087 Λώτ.
3428 3031 3569 3103 Περὶ
3620 3030 3715 3084 τοῦ

2136 3126 2493 3197 ἐμπυρισμοῦ
2518 3126 2788 3196 Σοδόμων.
2819 3127 2955 3197 Περὶ
2974 3125 3082 3180 τῶν
3112 3125 3431 3196 θυγατέρων
3450 3124 3550 3179 τοῦ
3571 3123 3712 3177 Λώτ.

2139 3221 2332 3276 Ἔνθεν
2356 3222 2643 3276 Μωαϐῖται
2674 3222 2770 3277 καὶ
2800 3220 3158 3293 ’Δμμωνΐται.
3191 3222 3325 3293 Περὶ
3365 3224 3467 3293 τῆς
3495 3222 3715 3293 Σάρρας

2069 3304 2113 3363 ο
2149 3313 2246 3367 καὶ
2272 3312 2368 3366 τοῦ
2398 3312 2690 3383 Ἀϐιμέλεχ
2720 3312 2985 3382 βασιλέως
3016 3314 3295 3384 Γεράρων.
3326 3313 3451 3366 Ὀτι
3494 3311 3714 3383 προφη-

450 3411 603 3479 τηςὸ
630 3407 905 3478 Ἀϐραάμ.
939 3407 1076 3479 Περὶ
1116 3406 1217 3476 τῆς
1266 3406 1494 3475 ἐκϐολῆς
1530 3407 1711 3475 ’Ἅγαρ
1749 3402 1887 3476 μετὰ
1933 3403 2028 3457 τοῦ
2070 3403 2189 3457 υίοῦ
2252 3404 2425 3474 αὐτῆς
2487 3406 2737 3477 Ἰσμαήλ.
2770 3406 2900 3460 Ὅτε
2941 3405 3033 3459 τὸν
3074 3406 3327 3477 Ἀϐραὰμ
3368 3402 3714 3474 ἐπείραζενό

450 3503 585 3567 Θεὸς
618 3504 744 3571 περὶ
789 3502 977 3558 Ἰσαὰκ
999 3501 1095 3556 τοῦ
1123 3500 1244 3556 υἱοῦ
1278 3501 1465 3557 αὑτοῦ.
1506 3482 1641 3570 "Ern;
1689 3500 1787 3567 τῆς
1824 3499 2045 3571 Σάρρας
2072 3499 2152 3571 ρζ⁹
2201 3500 2348 3572 (sic).
2385 3501 2522 3572 Ἔτη
2558 3499 2653 3555 τοῦ
2687 3499 2941 3573 Ἀϐραὰμ
2972 3497 3098 3572 ροέ.
3128 3500 3265 3572 Περὶ
3291 3500 3389 3570 τῆς
3418 3498 3709 3570 κλίμακος.

454 3602 589 3670 Περὶ
616 3599 712 3653 τοῦ
741 3599 963 3670 Ἰωσήφ.
997 3599 1134 3668 Ἐτη
1169 3597 1392 3651 Ἰακώϐ.

1085 3690 1384 3747 EXODUS.

2784 3689 3059 3745 ΕΞΟΔΟΣ.

525 3784 601 3840 De
630 3784 783 3839 rubo.
818 3784 1023 3839 Nomen
1058 3782 1174 3839 Dei.
1206 3784 1279 3839 De
1298 3785 1471 3853 virga.
1505 3782 1577 3837 De
1608 3784 1801 3854 angelo
1820 3784 2033 3839 volente

2213 3783 2349 3853 Περι
2375 3783 2474 3854 τῆς
2508 3781 2693 3853 βάτου.
2732 3783 2941 3852 Ὅνομα
2973 3783 3131 3837 Θεοῦ.
3177 3784 3315 3854 Περὶ
3349 3781 3449 3853 τῆς
3488 3782 3709 3854 ῥάϐδου.

452 3877 703 3933 occidere
734 3875 958 3947 Moysen
992 3877 1046 3930 in
1089 3876 1303 3931 itinere.
1335 3876 1375 3930 l.
1415 3874 1488 3930 De
1516 3875 1665 3946 virga
1692 3890 1955 3931 conversa
1976 3876 2031 3929 in

2144 3875 2280 3945 Περὶ
2308 3873 2399 3928 τοῦ
2428 3875 2663 3943 ἀγγέλου
2688 3874 2785 3928 τοῦ
2825 3876 3161 3947 ζητήσαντος
3201 3877 3529 3930 ἀποκτεῖναι
3553 3878 3713 3930 Μωῦ-

452 3972 770 4024 draconem.
792 3967 859 4024 ll.
911 3968 1065 4038 Aqua
1085 3968 1138 4021 in
1172 3967 1514 4038 sanguinem,
1538 3967 1713 4037 prima
1735 3967 1911 4036 plaga.
1930 3964 2027 4021 ΙΙΙ.

2144 3966 2244 4037 σῆν
2274 3967 2334 4020 ἑν
2354 3968 2419 4037 τῇ
2613 3964 2693 4023 A'.
2736 3965 2875 4037 Περὶ
2904 3967 3005 4035 τῆς
3036 3967 3234 4038 ῥάϐδου
3286 3967 3385 4038 τῆς
3440 3966 3713 4038 μεταϐλη-

453 4062 530 4117 De
553 4061 722 4117 ranis.
765 4060 963 4118 ιγ.οε
1011 4059 1293 4128 sciuiphis.
1330 4057 1392 4115 V.
1450 4059 1526 4115 De
1587 4056 1903 4114 musca.Vl.
1953 4057 2031 4113 De

2137 4058 2325 4130 θείσης
2352 4061 2432 4124 εἰς
2460 4058 2754 4129 δράκοντα.
2796 4058 2871 4113 B'.
2903 4060 2977 4113 Τὸ
3008 4059 3155 4131 ὕδωρ
3200 4061 3281 4124 είς
3317 4056 3483 4131 αἷμα,
3520 4058 3710 4132 πρώτη

450 4164 627 4210 morte
670 4169 948 4224 pecorum.
976 4152 1085 4209 VII.
1121 4155 1194 4208 De
1220 4153 1517 4209 ulceribus.
1555 4152 1689 4208 Vill.
1746 4152 1819 4207 De
1868 4167 2032 4222 gran-

449 4246 597 4301 dine.
622 4245 714 4299 IX.
745 4245 816 4300 De
836 4245 1066 4301 locusta.
1095 4244 1163 4300 Χ.
1190 4244 1266 4299 De
1284 4245 1520 4300 tenebris
1538 4244 1913 4314 palpabilibus.
1936 4241 2030 4298 XI.

453 4337 530 4392 De
560 4346 739 4392 morte
770 4336 1281 4407 primogenitorum.
1316 4334 1391 4388 De
1421 4334 1650 4391 Pascha.
1712 4335 2030 4389 Annicom-

450 4428 776 4485 morationis
855 4428 1088 4483 filiorum
1142 4426 1309 4482 Israel
1354 4425 1478 4481 450.
1533 4424 1607 4478 De
1652 4424 2033 4481 submersione

452 4521 778 4577 Pharaonis.
810 4519 884 4576 De
933 4520 1213 4575 coturnice
1242 4527 1299 4575 et
1325 4534 1544 4575 manna.
1576 4519 1651 4574 De
1675 4519 1920 4573 Amalec.
1955 4516 2032 4572 De

2135 4152 2193 4206 δὲ
2215 4152 2419 4223 πληγή.
2453 4151 2667 4224 ι”.Περὶ
2688 4152 2799 4206 τῶν
2820 4152 3125 4223 βατράχων.
3153 4152 3225 4208 Δ’.
3259 4153 3394 4223 Περὶ
3419 4153 3533 4207 τῶν
3564 4168 3712 4206 σκνι-

2138 4246 2273 4313 φῶν.
2298 4244 2372 4298 Ε’.
2407 4245 2544 4315 Περὶ
2570 4245 2669 4313 τῆς
2688 4244 2987 4316 κυνομύης.
3015 4247 3104 4313 ς’.
3145 4245 3280 4316 Περὶ
3306 4243 3555 4315 θνήσεως
3581 4261 3713 4314 κτη-

2134 4339 2262 4394 νῶν,
2292 4337 2366 4393 Z'.
2410 4339 2547 4407 Περὶ
2570 4340 2669 4411 τῆς
2708 4339 2956 4410 αἰθάλης.
2993 4338 3075 4396 Η’.
3111 4340 3246 4410 Περὶ
3298 4338 3396 4409 τῆς
3441 4338 3709 4408 χαλάζης.

2132 4432 2210 4486 8'.
2246 4432 2385 4504 Περὶ
2420 4434 2519 4504 τῆς
2555 4433 2797 4505 ἀκρίδας.
2825 4432 2883 4488 I'.
2920 4433 3057 4505 napi.
3090 4433 3184 4486 τοῦ
3214 4431 3542 4503 ψηλαφητοῦ
3584 4431 3713 4485 σκό-

2132 4542 2280 4589 τους.
2315 4524 2417 4581 IA'.
2447 4526 2584 4598 napi.
2605 4527 2866 4598 τελευτῆς
2894 4527 3003 4581 τῶν
3036 4528 3416 4598 πρωτοτόκων.
3456 4527 3597 4597 Περὶ
3618 4522 3709 4578 τοῦ

450 4614 662 4669 Jothor.
694 4612 770 4669 De
785 4602 1189 4669 'distributione
1215 4611 1550 4667 tabernaculi
1580 4612 1726 4677 quod
1755 4610 2030 4665 exstruxit

2137 4617 2348 4687 Πάσχα.
2381 4618 2515 4687 Ἔτη
2563 4619 2856 4689 παροικίας
2885 4619 3018 4673 υἱῶν
3048 4619 3265 4690 Ἰσραὴλ
3305 4618 3404 4673 υλν.
3436 4618 3577 4689 Περὶ
3616 4615 3709 4672 τοῦ

453 4706 685 4777 Moyses.
718 4705 792 4760 De
831 4704 1104 4759 rationali.
1145 4703 1218 4757 De
1234 4712 1532 4768 unguento.
1566 4701 1641 4758 De
1670 4703 1826 4757 vituli
1869 4703 2038 4758 fabri-

452 4798 688 4853 catione.
719 4794 793 4851 De
822 4796 1044 4851 tabulis.
1085 4794 1160 4851 De
1206 4796 1460 4851 secundis
1514 4795 1731 4852 tabulis.
1766 4794 1840 4849 De
1893 4795 2033 4851 velo.

456 4890 529 4945 De
562 4890 819 4944 Beseleel.

2140 4708 2442 4777 ποντισμοῦ
2467 4710 2685 4779 Φαραώ.
2718 4711 2853 4781 Περὶ
2883 4711 2984 4779 τῆς
3009 4711 3451 4781 ὀρτυγομήτρας,
3491 4709 3589 4763 καὶ
3615 4704 3709 4761 τοῦ

2143 4799 2272 4867 μάν.
2297 4798 2432 4869 Περὶ
2454 4798 2722 4870 Ἀμαλήκ.
2753 4802 2888 4873 Περὶ
2918 4800 3105 4873 Ἰοθὸρ.
3134 4802 3266 4873 Περὶ
3285 4801 3385 4868 τῆς
3412 4798 3714 4865 διατάξεως

2140 4890 2238 4958 τῆς
2263 4890 2489 4958 σκηνῆς,
2528 4885 2598 4961 ἦς
2648 4890 2817 4958 ἔπηξε
2869 4892 3129 4962 Μωῦσῆς.
3170 4892 3303 4962 Περὶ
3330 4890 3425 4943 τοῦ
3470 4888 3711 4957 λογείου.

452 4983 593 5050 Περὶ
617 4981 712 5035 τοῦ
753 4981 947 5050 μύρου.
985 4978 1124 5049 Περὶ
1179 4981 1278 5050 τῆς
1306 4978 1699 5049 ’μοσχοποιίας.
1741 4978 1877 5048 Περὶ
1918 4977 2029 5031 τῶν
2068 4976 2312 5035 πλακῶν.
2347 4978 2483 5048 Περὶ
2551 4979 2659 5032 τῶν
2704 4980 2930 5032 πλακῶν
2991 4979 3102 5033 τῶν
3135 4978 3422 5050 δευτέρων.
3449 4975 3591 5047 Περὶ
3622 4972 3713 5029 τοῦ

452 5073 835 5144 καλύμματος.
872 5072 1007 5143 Περὶ
1034 5068 1323 5140 Βεσελεήλ.

1042 5166 1436 5223 LEVITICUS;

521 5279 599 5335 De
623 5280 754 5335 sale.
780 5278 1192 5334 IIolocaustum.
1245 5277 1319 5332 De
1365 5277 1557 5332 Nadab
1604 5286 1658 5332 et
1688 5277 1893 5332 Abiud.
1954 5276 2033 5333 De

449 5374 570 5444 lege
603 5389 862 5444 pecorum
888 5376 1219 5428 mundorum
1240 5382 1291 5427 et
1309 5372 1740 5427 immundorum.
1766 5372 1839 5426 De
1868 5372 2037 5443 lepra.

452 5462 526 5516 De
554 5465 904 5533 gonurrhma.

1088 5551 1377 5608 NUMERI.

526 5659 798 5718 Numerus
828 5661 1165 5719 Levitarum.
1216 5662 1490 5721 Numerus
1548 5665 2035 5736 primogenitorum

457 5754 848 5811 masculorum.
902 5757 977 5813 De
1013 5758 1298 5829 zelotypia.
1331 5759 1436 5814 Lex
1470 5758 1803 5815 voventium.
1837 5758 1912 5816 De
1940 5761 2035 5816 de-

463 5845 732 5905 dicatione
784 5850 1141 5906 tabernaculi.
1198 5850 1512 5909 Purilicalio
1558 5852 1889 5908 chitarum.
1946 5854 2023 5910 De

2720 5164 3121 5220 ΛΕΥΙἸἹΚΟΝ.

2140 5279 2155 5295 ’
2214 5282 2351 5351 Περὶ
2380 5280 2474 5335 τοῦ
2514 5279 2731 5343 ἅλατος.
2769 5277 3202 5346 Ὀλοκάρπωσις.
3230 5275 3369 5346 Περὶ
3394 5273 3588 5330 Ναδὰϐ
3619 5272 3713 5326 καὶ

2139 5374 2375 5428 Ἀϐιούδ.
2410 5374 2544 5445 Περὶ
2571 5374 2739 5443 νόμου
2778 5370 2991 5442 κτηνῶν
3024 5368 3284 5438 καθαρῶν
3327 5368 3421 5422 καὶ
3466 5365 3715 5437 ἀκαθάρ-

2139 5486 2269 5523 των.
2304 5468 2443 5540 Περὶ
2468 5467 2696 5538 λέπρας.
2729 5467 2865 5535 Περὶ
2899 5461 3249 5535 γονοῤῥυοῦς.

2763 5552 3073 5608 APIOMOI.
3160 5628 3163 5631 _

2217 5665 2473 5737 ’Δριθμὺς
2497 5664 2608 5719 τῶν
2638 5662 2903 5719 Λευῖτῶν.
2928 5660 3188 5733 ’Δριθμδς
3212 5658 3321 5714 τῶν
3352 5655 3711 5729 πρωτοτόκων

2134 5761 2243 5815 τῶν
2269 5758 2594 5831 ἁρσενικῶν.
2621 5756 2756 5829 Περὶ
2784 5755 3138 5825 ζηλοτυπίας.
3162 5753 3345 5824 Νόμος
3369 5747 3708 5820 εὐξαμένων.

2133 5852 2269 5922 Περὶ
2294 5849 2388 5905 τοῦ
2414 5848 2770 5921 ὲγκαινισμοῦ
2810 5848 2907 5919 τῆς
2950 5849 3179 5920 σκηνῆς.
3221 5841 3555 5915 ’Δφανισμὸς
3601 5837 3709 5894 τῶν
3770 5842 3771 5845 “
