4080 6426
349 418 484 484 1049

1332 422 1810 484 OCTATEUCIII
1854 425 2141 487 DIVISIO
2183 427 2265 487 IN
2299 427 2591 486 CAPITA.

3461 423 3599 489 1050

341 528 603 583 Λευῖτῶν.
638 528 773 600 Περὶ
828 530 919 585 τοῦ
969 530 1286 602 γογγυσμοῦ
1332 532 1441 587 τῶν
1490 529 1625 586 υἱῶν
1679 533 1905 606 Ἰσραήλ.

2023 539 2453 593 murmuratione
2514 538 2749 593 ﬁliorum
2799 536 2987 592 Israel.
3023 536 3097 591 De
3151 534 3596 605 concupiscentia

340 620 478 688 Περὶ
505 621 605 689 τῆς
630 620 924 689 ἐπιθυμίας
961 620 1070 674 τῶν
1100 623 1298 693 κρεῶν.
1326 622 1462 693 Περὶ⁸
1486 626 1584 693 τῆς
1605 625 1916 697 ὀρτυγομή-

336 727 496 781 τρας.
529 711 662 780 Περὶ
704 712 925 782 Μαρίας
952 712 1047 766 καὶ
1087 714 1298 784 Ἀαρὼν
1344 714 1725 783 γογγυζόντων
1774 717 1915 770 κατὰ

338 801 570 871 Μωῦσῆ.
605 802 727 855 Ὀτι
755 804 936 873 Δύσῆς
966 806 1167 874 ἤκουεν
1214 806 1407 877 πρώην
1441 806 1649 877 Ἰησοῦς
1679 810 1705 861 ὁ
1733 808 1912 879 Ναυή.

338 894 477 964 Περὶ
516 893 610 947 τοῦ
670 895 988 965 εὑρεθέντος
1035 898 1383 966 συλλέγοντος
1428 899 1580 965 ξύλα.
1633 901 1769 970 Περὶ
1806 900 1916 954 τῶν

336 986 687 1056 κρασπέδων.
729 988 865 1058 Περὶ
905 989 1083 1043 Δαθὰν
1112 990 1204 1042 καὶ
1230 989 1514 1061 ,Ἀ6ηρών.
1554 993 1687 1063 Περὶ
1746 993 1916 1046 ἀπτο-

339 1080 518 1150 μένων
549 1079 768 1150 νεκροῦ.
803 1080 1039 1153 Τελευτὴ
1086 1082 1337 1153 Μαριάμ.
1372 1084 1507 1152 Περὶ
1541 1085 1641 1154 τῆς
1684 1085 1913 1156 πέτρας.

335 1169 575 1241 Τελευτὴ
618 1168 849 1240 Ἀαρών.
903 1172 1039 1241 Περὶ
1084 1172 1176 1225 τοῦ
1218 1172 1419 1243 χαλκοῦ
1467 1173 1663 1240 ὄφεως.
1722 1170 1917 1245 ⁷ᾼσμα

334 1258 581 1331 Ἰσραήλ.
624 1259 761 1330 Περὶ
792 1259 886 1313 τοῦ
922 1262 1165 1331 μάντεως
1204 1262 1454 1332 Βαλαάμ.
1488 1264 1623 1332 Περὶ
1662 1264 1760 1332 τῆς
1791 1264 1914 1318 ὄνου

333 1353 435 1422 τῆς
461 1351 791 1421 λαλησάσ-ης.
840 1352 974 1423 Περὶ
1009 1353 1102 1406 τοῦ
1151 1354 1315 1424 ζήλου
1362 1357 1570 1419 Φινεές.
1606 1356 1917 1427 Παράταξις

336 1442 556 1515 Ἰσραὴλ
597 1443 730 1513 πρὸς
761 1444 987 1513 Μαδιάμ
1022 1446 1115 1498 καὶ
1141 1444 1367 1519 ἐκλογή.
1403 1448 1540 1518 Περὶ
1582 1449 1678 1517 τῆς
1706 1448 1917 1520 Ἀαρὼν

333 1532 591 1603 τελευτῆς
625 1535 682 1586 ὲν
712 1535 812 1605 μιᾷ
837 1534 928 1587 τοῦ
952 1536 1293 1603 Αὐγούστου.

795 1660 1397 1721 ΔΕΥΤΕΡΟΝΟΜΙΟΝ.

407 1766 488 1820 Τὰ
514 1766 710 1837 θεμιτὰ
731 1770 927 1840 κτήνη.
959 1771 1002 1823 Τ
1004 1771 1039 1825 ἀ
1070 1773 1330 1841 ἀθέμιτα.
1360 1774 1495 1847 Περὶ
1525 1775 1744 1847 ίχθύων.
1780 1780 1917 1851 Περὶ⁵

2017 626 2284 680 carnium.
2319 626 2393 681 De
2422 626 2722 683 coturnice.
2748 626 2825 680 De
2855 625 3026 680 Maria
3056 634 3111 681 et
3138 625 3324 679 Aaron
3344 641 3595 680 murmu-

2017 718 2269 773 rantihus
2300 726 2493 772 contra
2518 717 2756 789 Moysen.
2785 716 2940 783 Quod
2964 715 3071 772 Ose
3108 716 3405 772 vocabatur
3422 731 3596 786 nuper

2015 808 2181 865 Iosue
2219 810 2365 865 ﬁlius
2393 808 2561 864 Nave.
2616 809 2691 864 De
2744 810 2963 864 invento
3030 810 3252 865 homine
3305 810 3596 880 colligente

2016 899 2182 970 ligno.
2222 899 2297 955 De
2344 899 2599 955 ﬁmbriis.
2629 899 2703 955 De
2753 899 2964 954 Dathan
3017 900 3318 956 etAbiron.
3376 900 3452 956 De
3474 908 3596 955 tan-

2015 991 2267 1059 gentibus
2302 1003 2599 1045 mortuum.
2649 989 2793 1045 Mors
2853 990 3052 1047 Maria}.
3092 990 3166 1046 De
3223 1002 3391 1061 petra.
3447 991 3595 1047 Mors

2018 1084 2224 1138 Aaron.
2258 1082 2332 1138 De
2353 1092 2611 1153 serpente
2628 1098 2799 1138 aaneo.
2819 1082 3102 1138 Canticum
3121 1082 3303 1139 Israel.
3326 1082 3401 1139 De
3421 1085 3594 1139 ariolo

2017 1174 2253 1229 Balaam.
2293 1175 2364 1230 De
2394 1176 2548 1230 asina
2582 1177 2784 1231 locuta.
2821 1175 2894 1229 De
2923 1175 3039 1230 zelo
3064 1173 3319 1239 Phineas,
3344 1174 3592 1229 recensio

2016 1266 2181 1322 Israel
2218 1267 2373 1337 juxta
2420 1267 2656 1336 Madian,
2684 1276 2739 1324 et
2786 1268 3030 1325 seleclio.
3081 1266 3157 1324 De
3188 1275 3367 1324 morte
3404 1266 3585 1322 Aaron

2019 1359 2191 1428 prima
2222 1358 2311 1414 die
2334 1356 2587 1430 Augusti.

2515 1666 3134 1725 DEUTERONOMIUM.

2088 1775 2305 1847 Legalia
2330 1790 2547 1846 pecora.
2572 1775 2832 1847 Illegalia.
2869 1776 2942 1832 De
2959 1776 3222 1847 piscibus.
3247 1775 3323 1830 De
3350 1774 3591 1831 volucri-

331 1859 619 1950 πετεινῶν.
656 1861 754 1913 Διὰ
781 1863 832 1914 τί
866 1860 1051 1931 άζυμα
1083 1861 1336 1934 ὥρισται.
1371 1867 1621 1935 Εὐλογία.
1653 1870 1902 1939 Κατάρα.

2014 1868 2136 1923 bus.
2195 1868 2308 1923 Cur
2381 1882 2570 1939 azyma
2643 1868 2963 1938 praescripta
3054 1877 3200 1924 sunt.
3255 1867 3589 1922 Benedictio.

344 1950 469 2021 ᾭδὴ
494 1949 539 2021 β’
559 1953 862 2017 Μωῡσέως.
896 1954 1130 2024 Εύλογια
1149 1956 1452 2022 Μωῡσέως.
1476 1959 1608 2031 Ἔτη
1633 1962 1905 2027 Μωῦσέως

2015 1959 2339 2015 Haledictio.
2362 1958 2650 2014 Canticum
2682 1960 2983 2015 secundum
3018 1959 3240 2028 Moysis.
3276 1959 3592 2015 Benedictio

224 2088 227 2089 ν
333 2040 382 2113 ρ’
410 2043 505 2097 καὶ
534 2040 605 2097 κ’.

850 2157 1102 2211 ΙΗΣΟΥΣ
1130 2160 1171 2212 Ο
1203 2159 1419 2216 ΝΛΥΗ.

398 2279 539 2351 Περὶ
579 2279 751 2336 Ῥαὲό
772 2285 874 2355 τῆς
912 2284 1139 2356 πόρνης.
1177 2287 1311 2357 Περὶ
1350 2289 1446 2359 τῆς
1473 2289 1779 2353 διαϐάσεως
1811 2290 1914 2361 τῆς

324 2372 564 2425 κιϐωτοῦ
596 2373 656 2426 ὲν
674 2372 754 2443 τῷ
789 2374 1029 2447 Ἰορδάνῃ
1058 2376 1306 2449 ποταμῷ.
1345 2378 1480 2449 Περὶ
1504 2379 1611 2432 τῶν
1636 2381 1904 2452 πετρίνων

328 2463 639 2535 μαχαιρῶν.
695 2465 829 2535 Περὶ
855 2466 949 2518 τοῦ
984 2466 1245 2536 ὀφθέντος
1271 2468 1348 2538 τῷ
1394 2469 1567 2539 Ἰησοῦ
1596 2472 1652 2522 ἐν
1692 2470 1903 2542 Ἰεριχὼ

323 2554 697 2624 ἀρχαγγέλου.
749 2557 888 2628 Περὶ
939 2558 1048 2610 τῶν
1091 2558 1289 2630 τειχῶν
1348 2560 1592 2631 Ἰεριχὼ,
1637 2562 1735 2615 καὶ
1778 2561 1910 2634 περὶ

336 2644 509 2698 Ῥαὰϐ
541 2645 641 2716 τῆς
669 2647 894 2719 πόρνης.
929 2649 1066 2719 Περὶ
1089 2648 1184 2703 τοῦ
1206 2652 1504 2723 νοσφισμοῦ
1539 2654 1734 2723 Ἀχαρ.
1772 2654 1908 2725 Περὶ

320 2739 425 2807 τῆς
459 2736 582 2792 Γαῒ.
642 2737 780 2809 Περὶ
830 2740 929 2808 τῆς
981 2741 1315 2812 πανουργίας
1358 2742 1470 2796 τῶν
1519 2744 1902 2801 Γαόαωνιτῶν.

318 2828 462 2898 Περὶ
504 2829 615 2882 τῶν
673 2830 835 2883 πέντε
888 2832 1155 2900 βασιλέων
1201 2834 1311 2887 τῶν
1371 2836 1731 2891 Ἰεὸουσαίων.
1773 2837 1903 2892 Ὅτε

319 2920 459 2992 ἔστη
492 2924 520 2974 ὁ
544 2922 695 2993 ἥλιος
742 2924 836 2977 καὶ
866 2925 898 2993 ή
931 2924 1131 2995 σελήνη
1169 2927 1261 2980 ἐπὶ
1303 2927 1503 2999 Ἰησοῦ.
1538 2931 1675 2999 Περὶ
1713 2929 1898 2983 Ἰαὸίν.

2012 2051 2234 2123 Moysis.
2268 2050 2409 2105 Anni
2441 2049 2643 2121 Moysis
2671 2061 2889 2105 centum
2912 2060 2967 2104 et
2997 2050 3212 2120 viginti.

2447 2158 2662 2216 IOSUE
2689 2158 2912 2214 FILIUS
2958 2157 3167 2214 NAVE.

2084 2289 2161 2344 De
2186 2288 2338 2343 Raab
2377 2288 2685 2342 meretrice.
2720 2287 2795 2342 De
2827 2286 3055 2340 transitu
3079 2300 3217 2338 arcte
3234 2299 3329 2355 per
3362 2281 3586 2337 ﬂuvium

2008 2380 2328 2436 Iordanem.
2364 2379 2439 2434 De
2473 2378 2703 2447 lapideis
2724 2377 2937 2433 cultris.
2986 2376 3061 2429 De
3084 2383 3377 2445 apparente
3422 2372 3589 2429 Iosue

2008 2474 2338 2546 archangelo
2408 2473 2460 2526 in
2505 2470 2745 2526 Iericho.
2818 2470 2892 2524 De
2938 2470 3109 2524 muris
3156 2466 3393 2531 Iericho,
3442 2467 3587 2521 etde

2010 2566 2162 2620 Ilaab
2195 2565 2503 2620 meretrice.
2542 2562 2615 2618 De
2642 2562 2787 2616 furto
2808 2561 3006 2617 Achar.
3033 2560 3108 2614 De
3140 2559 3260 2613 Gai.
3295 2558 3369 2613 De
3396 2558 3589 2613 fraude

2004 2658 2458 2715 Gabaonitarum.
2506 2655 2579 2710 De
2612 2655 2855 2724 quinque
2910 2653 3129 2721 regibus
3178 2650 3582 2706 Iebuszeorum.

2004 2748 2236 2816 Quando
2273 2748 2427 2801 stetit
2484 2747 2643 2801 solet
2690 2746 2815 2800 luna
2857 2744 3013 2814 jussu
3067 2742 3251 2797 Iosue.
3279 2740 3352 2796 De
3404 2739 3586 2795 Iabin.

2001 2834 2157 2901 Quod
2193 2834 2411 2889 Balaam
2451 2834 2651 2888 occidit
2678 2833 2863 2889 Israel.
2931 2832 3005 2887 De
3061 2832 3240 2898 altari,
3322 2832 3467 2903 quod
3491 2846 3589 2885 ex-

2001 2936 2323 2983 struxerunt
2351 2925 2444 2979 lilii
2469 2925 2583 2980 Gad
2614 2934 2670 2981 et
2708 2925 2799 2978 ﬁlii
2842 2922 3055 2979 Ruben.

319 3018 449 3071 Ὀτι
488 3018 581 3072 τὸν
619 3019 852 3092 Βαλαὰμ
911 3021 1234 3076 ἀπέκτεινεν
1305 3023 1548 3095 Ἰσραήλ.
1621 3025 1763 3097 Περὶ
1810 3024 1903 3079 τοῦ
1938 3022 2126 3095 βωμοῦ
2170 3012 2233 3075 οῦ
2263 3019 2529 3089 ἐποίησαν
2573 3019 2622 3072 οἱ
2688 3017 2794 3070 υἱοὶ
2847 3014 2987 3081 Γὰδ,
3023 3015 3119 3070 καὶ
3163 3015 3213 3069 οί
3270 3013 3379 3068 υίοὶ
3434 3012 3590 3065 Ῥου-

317 3111 431 3165 ὗεν.

981 3225 1241 3280 KPITAI.

394 3352 532 3423 Περὶ
564 3352 658 3407 τοῦ
709 3352 1086 3422 κλαυθμῶνος.
1121 3353 1256 3422 Περὶ
1288 3351 1530 3416 δουλείας
1574 3352 1791 3424 Ἰσραὴλ
1822 3352 1901 3423 τῷ

314 3443 754 3514 Χουσαρσαθών.
788 3446 924 3516 Περὶ
966 3444 1206 3506 δουλείας
1262 3443 1478 3514 Ἰσραὴλ
1524 3443 1601 3514 τῷ
1658 3446 1897 3513 Δίγλών.

316 3538 461 3610 Περὶ
504 3535 660 3592 Ἀὡδ.
706 3537 841 3609 Περὶ
871 3536 1182 3608 Δεόϐὠρας.
1214 3537 1350 3608 Περὶ
1385 3536 1479 3589 τοῦ
1508 3536 1809 3600 πασσάλου,
1843 3538 1901 3590 ἐν

314 3619 367 3694 ᾧ
397 3626 725 3695 πεφόνευται
767 3626 997 3695 Σισάρα.
1047 3624 1171 3695 ᾮδὴ
1213 3624 1629 3694 εύχαριστήριος
1686 3620 1901 3676 Δεϐὁὼ-

318 3735 425 3789 ρας
455 3717 551 3771 καὶ
586 3717 794 3788 Βαράκ.
850 3717 983 3788 Περὶ
1026 3715 1274 3787 Μαδιάμ.
1324 3714 1461 3786 Περὶ
1506 3712 1732 3767 Γεδεών.
1764 3710 1902 3783 Περὶ

316 3809 417 3862 τοῦ
463 3808 633 3862 πόκου
682 3807 911 3862 Γεδεών.
954 3808 1080 3861 Ὀτι
1124 3807 1220 3859 καὶ
1283 3804 1566 3876 Ἰεροόάαλ
1614 3805 1846 3875 ἤκουσεν
1872 3805 1902 3859 ὁ

316 3903 551 3959 Γεδεών.
587 3904 834 3976 Ὅραμα.
878 3902 1067 3967 Λύσις.
1097 3902 1235 3973 Περὶ
1278 3901 1447 3956 Ζεϐεὲ
1478 3901 1575 3954 καὶ
1618 3899 1899 3970 Σαλμανά.

316 3991 564 4062 Τελευτὴ
592 3991 819 4045 Γεδεών.
843 3993 978 4063 Περὶ
1018 3991 1331 4061 Ἀϐιμέλεχ.
1360 3989 1676 4060 Παραϐολή.
1713 3991 1903 4052 Ὅπως

318 4084 629 4152 πεφόνευκε
645 4084 785 4156 γυνὴ
815 4085 1061 4155 κόμματι
1091 4082 1261 4154 μύλου
1291 4082 1384 4136 τὸν
1422 4081 1735 4152 Ἀϐιμέλεχ.
1764 4080 1902 4151 Περὶ

318 4176 505 4230 Θωλά.
538 4177 674 4245 Περὶ
705 4176 862 4247 Ἰαῒρ.
889 4178 1025 4248 Περὶ
1054 4176 1286 4245 Ἰεφθάε.
1313 4175 1447 4245 Περὶ
1480 4173 1736 4228 Ἐσεδὼν.
1764 4172 1903 4243 Περὶ

331 4266 535 4338 Ἐδώμ.
584 4269 719 4338 Περὶ
765 4267 1008 4323 Λαὸδών.
1045 4267 1182 4337 Περὶ
1210 4267 1428 4323 Μανωέ.
1462 4266 1599 4338 Περ)⁸
1640 4264 1899 4335 Σαμψών.

318 4360 465 4429 Περὶ
494 4359 589 4412 τοῦ
634 4358 871 4422 λέοντος.
908 4359 1047 4431 Περὶ⁴
1094 4358 1206 4413 τῶν
1251 4357 1571 4422 ἀλωπέκων,
1605 4358 1664 4411 ὲν
1693 4351 1781 4419 αἷς
1819 4356 1904 4409 ὲν-

319 4452 535 4523 ἐπρησε
562 4452 631 4505 τὰ
659 4451 951 4523 δράγματα
984 4451 1094 4505 τῶν
1125 4451 1440 4522 ἀλλοφύλων
1468 4450 1728 4522 Σαμψών.
1766 4451 1903 4521 Περὶ

319 4548 421 4615 τῆς
474 4544 723 4614 σιαγόνος
765 4547 823 4598 ὲν
968 4543 1237 4607 ἐπάταξεν
1295 4560 1347 4607 ,α
1392 4543 1610 4614 ἄνδρας.
1664 4540 1904 4611 Τελευτὴ

323 4636 584 4706 Σαμψών.
623 4638 761 4708 Περὶ
794 4637 1071 4709 Σεμέγαρ.
1109 4635 1244 4706 Περὶ
1271 4633 1444 4705 Μιχά.

2661 3216 2962 3273 IUDICES.

2075 3352 2152 3408 De
2184 3351 2307 3406 loco
2359 3350 2539 3403 Iletus.
2573 3347 2649 3402 De
2672 3345 2936 3400 servitute
2968 3342 3134 3397 Israel
3180 3342 3283 3399 sub
3327 3341 3593 3395 Cusarsa-

2002 3447 2157 3501 thon.
2192 3445 2268 3499 De
2329 3441 2589 3498 servitute
2620 3438 2786 3493 Israel
2823 3436 2926 3492 sub
2958 3435 3177 3505 Eglon.
3226 3433 3300 3487 De
3329 3432 3465 3485 Aod.
3514 3430 3592 3485 De

2004 3538 2236 3593 Dehora.
2266 3533 2363 3604 lDe
2391 3534 2548 3588 clavo
2586 3545 2821 3601 quocum
2848 3528 3066 3583 occisus
3093 3534 3177 3579 est
3200 3525 3408 3579 Sisara.
3439 3521 3589 3576 Can—

2002 3630 2172 3684 ticum
2217 3626 2516 3699 gratiarum
2580 3624 2803 3676 Deborze
2859 3630 2913 3674 et
2961 3619 3191 3673 Bai-ach.
3232 3616 3305 3670 De
3354 3615 3591 3668 Madian.

2007 3720 2080 3775 De
2134 3717 2378 3773 Gedeon.
2436 3715 2511 3770 De
2573 3714 2773 3769 vellere
2837 3710 3078 3767 Gedeon.
3123 3707 3278 3774 Quod
3338 3704 3592 3761 Ierobaal

2009 3812 2177 3867 etiam
2214 3811 2514 3865 vocabatur
2550 3806 2792 3861 Gedeon.
2844 3802 3011 3858 Visio.
3049 3798 3449 3868 Interpretatio.
3515 3796 3595 3852 De

2002 3901 2178 3957 Zebee
2231 3910 2285 3955 et
2312 3899 2587 3953 Salmana.
2622 3895 2769 3950 Mors
2824 3894 3064 3949 Gedeon.
3120 3889 3194 3945 De
3246 3886 3585 3943 Abimelech.

2004 3992 2290 4048 Parabola.
2324 3989 2610 4058 Quomodo
2647 3986 2851 4042 occidit
2893 3985 3091 4039 mulier
3130 3979 3446 4035 Abimelech
3476 3976 3593 4032 fra-

2005 4091 2229 4154 gmento
2260 4082 2438 4135 molae.
2481 4080 2555 4133 De
2582 4076 2776 4131 Thola.
2816 4076 2891 4130 De
2950 4072 3086 4129 Iair.
3151 4070 3225 4124 De
3248 4068 3459 4138 Iephte.
3517 4064 3595 4121 De

2004 4176 2239 4231 Esebon.
2273 4174 2350 4227 De
2420 4172 2612 4226 Edom.
2665 4168 2738 4224 De
2805 4165 3055 4221 Labdon.
3119 4163 3192 4218 De
3240 4160 3457 4215 Manoe.
3513 4156 3593 4212 De

2007 4268 2266 4322 Samson.
2306 4265 2378 4319 De
2404 4265 2582 4319 leone.
2606 4261 2681 4316 De
2707 4260 2962 4329 vulpibus
3001 4256 3328 4327 quibuscum
3374 4263 3594 4305 crema-

2003 4360 2083 4413 vit
2111 4358 2347 4413 Samson
2380 4356 2564 4425 spicas
2590 4353 3045 4424 alienigenarum.
3081 4349 3155 4402 De
3182 4345 3403 4401 maxilla
3456 4356 3594 4411 qna-

2006 4466 2129 4507 cum
2158 4451 2418 4505 mactavit
2442 4448 2591 4503 mille
2617 4448 2789 4502 viros.
2821 4442 2971 4500 Mors
3006 4442 3259 4497 Samson.
3321 4436 3396 4492 De
3430 4432 3592 4489 Sem-

2011 4559 2127 4615 gar.
2159 4541 2238 4598 De
2266 4541 2465 4597 Micha.

1849 4727 2053 4782 ΡΟΥΘ.

1538 4844 1735 4916 (Nulla
1786 4849 2114 4903 adnotantur
2142 4846 2368 4915 capita.)

863 4985 1227 5041 ΒΑΣΙΛΕΙΩΝ
1265 4983 1347 5039 A'.

394 5112 676 5184 Προσευχὴ
730 5113 949 5182 ’Δννης.
1002 5112 1126 5183 ᾯδὴ
1159 5113 1383 5178 ’Δννης.
1431 5111 1568 5181 Περὶ
1618 5110 1728 5163 τῶν
1768 5109 1902 5163 υίῶν

335 5207 479 5260 Ἦλί.
509 5206 645 5277 Περὶ
672 5206 774 5275 τῆς
808 5204 1094 5268 νουθεσίας
1127 5203 1264 5258 Ἥλί.
1307 5203 1443 5274 Περὶ
1475 5203 1577 5272 τῆς
1605 5202 1903 5272 γενομένης

320 5300 461 5370 πρὸς
494 5298 750 5369 Σαμουὴλ
784 5298 991 5367 φωνῆς.
1026 5297 1162 5367 Περὶ
1210 5296 1310 5365 τῆς
1358 5293 1627 5357 κιϐωτοῦ,
1676 5295 1773 5345 καὶ
1805 5292 1901 5346 τοῦ

319 5390 556 5446 θανάτου
588 5388 698 5442 τῶν
745 5387 790 5458 β’
833 5389 965 5441 υἱῶν
1013 5386 1151 5440 Ἦλί.
1196 5385 1334 5455 Περὶ
1363 5384 1459 5438 τοῦ
1508 5384 1698 5448 τέλους
1756 5383 1899 5438 Ἠλί.

320 5482 461 5551 Περὶ
484 5483 583 5551 τῆς
611 5482 781 5552 ἣττης
814 5481 924 5535 τῶν
958 5478 1291 5549 ἀλλοφύλων.
1326 5479 1462 5548 Περὶ
1493 5477 1602 5531 τῶν
1636 5476 1768 5531 υίῶν
1794 5477 1902 5529 Σα-

323 5574 521 5644 μουὴλ.
573 5573 709 5643 Περὶ
734 5572 829 5626 τοῦ
871 5572 1084 5644 Ἰσραὴλ
1128 5570 1423 5625 αίτούντων
1480 5568 1726 5641 βασιλέα.
1765 5567 1903 5639 Περὶ

318 5660 395 5719 ὧν
423 5664 827 5736 διεμαρτύρατο
843 5663 1095 5734 Σαμουὴλ
1120 5665 1234 5727 τοῖς
1254 5664 1391 5725 υἱοῖς
1407 5661 1648 5732 Ἰσραὴλ,
1674 5660 1901 5731 ζητοῦσι

322 5776 397 5811 πα
407 5758 454 5826 ρ’
476 5756 642 5810 αὐτοῦ
670 5756 915 5827 βασιλέα.
938 5756 1073 5825 Περὶ
1096 5754 1268 5809 Σαοὺλ
1288 5752 1336 5808 α’
1354 5753 1618 5824 βασιλέως
1659 5751 1899 5823 Ἰσραήλ.

322 5852 459 5918 Περὶ
501 5852 601 5920 τῆς
650 5853 791 5923 ἀρᾶς
850 5845 915 5922 ἦς
950 5849 1196 5921 ἠράσατο
1244 5849 1416 5903 Σαοὺλ
1468 5848 1546 5920 τῷ
1576 5847 1711 5918 λαῷ.
1767 5847 1896 5900 Ὅτε

2597 4973 2982 5034 ΒΕΟΝΟΒΗΜ
3010 4973 3055 5031 Ι.

2069 5112 2259 5168 Oratio
2286 5110 2481 5165 Anna).
2508 5106 2794 5163 Canticum
2842 5106 3037 5159 Annae.
3085 5100 3159 5156 De
3196 5099 3320 5155 ﬁliis
3350 5097 3489 5154 Heli.
3520 5096 3593 5151 De

2004 5204 2379 5260 admonitione
2406 5199 2546 5255 Heli.
2566 5197 2644 5253 De
2662 5197 2801 5252 facta
2821 5211 2952 5250 voce
2980 5196 3046 5249 ad
3069 5191 3313 5248 Samuel.
3344 5189 3416 5242 De
3438 5202 3588 5247 arca,

2003 5305 2059 5351 et
2088 5305 2264 5350 morte
2305 5294 2538 5347 duorum
2597 5290 2834 5344 ﬁliorum
2868 5286 3007 5342 Heli.
3048 5284 3124 5339 De
3185 5285 3290 5337 ﬁne
3342 5280 3481 5334 Heli.
3519 5278 3591 5332 De

2015 5384 2391 5441 humiliatione
2420 5381 2869 5450 alienigenarum.
2928 5376 3001 5431 De
3056 5374 3182 5429 ﬁliis
3237 5368 3481 5427 Samuel.
3517 5368 3591 5422 De

2014 5479 2141 5535 ﬁliis
2169 5478 2336 5532 Israel
2361 5474 2673 5545 petentibus
2708 5485 2912 5541 regem.
2948 5468 3021 5523 De
3049 5467 3135 5522 his
3165 5480 3286 5536 qua:
3314 5470 3590 5518 contesta-

2014 5579 2103 5624 tus
2127 5577 2209 5624 est
2237 5566 2460 5622 Samuel
2488 5564 2615 5619 ﬁliis
2665 5562 2832 5618 Israel
2862 5561 2933 5616 ab
2958 5575 3025 5615 eo
3050 5574 3228 5628 regem
3257 5553 3589 5626 petentibus.

1969 5695 1973 5701 -
2012 5659 2089 5714 De
2114 5658 2246 5714 Saul
2280 5657 2456 5729 primo
2489 5670 2615 5726 rege
2664 5650 2945 5710 lsrael.De
2990 5648 3368 5705 maledictione
3395 5659 3499 5715 qua
3532 5659 3590 5699 se

2012 5751 2309 5806 obstrinxit
2341 5749 2470 5804 Saul
2517 5762 2703 5803 coram
2754 5743 2973 5816 populo.
3032 5740 3263 5808 Quando
3317 5734 3590 5792 recensuit

2010 5846 2139 5903 Saul
2156 5846 2221 5901 ad
2245 5843 2483 5900 Amalec.
2504 5840 2578 5898 De
2602 5839 2764 5897 David
2780 5839 2891 5895 lilio
2917 5836 3088 5894 Iesse.
3122 5836 3196 5891 De
3216 5830 3429 5890 Goliath
3454 5829 3587 5883 alie-
