4080 6410
572 402 730 465 νει-

1279 409 1669 470 OPUSCULA
1703 409 2335 472 SCRIPTURISTICA
2378 414 2727 475 INCERTxE
2764 415 3079 476 ETATIS.

3682 423 3805 487 1052

567 512 786 585 nigena.
818 515 892 570 De
916 515 1105 571 Nabal.
1144 518 1218 573 De
1245 520 1453 588 Abigai.
1482 521 1552 574 De
1577 520 1774 573 Sanlet
1807 521 2144 590 pytltonissa.

2265 525 2597 594 παρετάξατο
2630 526 2804 578 Σαοὺλ
2839 527 2980 594 πρὸς
3020 527 3293 598 Ἀμαλήκ.
3350 529 3484 598 Περὶ
3518 531 3675 585 Δαϐὶδ
3698 537 3805 589 υἱοῦ

571 605 647 659 De
684 606 1022 662 Amalecitis.
1058 610 1129 662 De
1160 608 1287 662 Sanl
1320 621 1373 663 et
1410 622 1595 666 monte
1637 611 1856 667 Gelboe.

2268 616 2487 671 Ἰεσσαί.
2526 619 2659 688 Περὶ
2705 618 2898 671 Γολιάθ
2949 617 3044 671 τοῦ
3072 619 3394 686 ἀλλοφύλου.
3426 622 3561 692 Περὶ
3612 624 3804 681 Νάϐαλ.

573 692 708 764 Περὶ
746 696 1050 765 Ἀϐιγαίας.
1082 700 1216 770 Περὶ
1239 700 1411 753 Σαοὺλ
1432 702 1526 754 καὶ
1549 702 1651 771 τῆς
1676 705 2142 775 ὲγγαστριμύθου.
2185 708 2320 778 Περὶ
2354 709 2462 762 τῶν
2520 709 2922 780 Ἀμαληκιτῶν.
2983 710 3119 781 Περὶ
3183 711 3358 765 Σαοὺλ
3406 711 3500 765 καὶ
3530 713 3622 767 τοῦ
3661 715 3808 779 όοους

574 789 826 843 Γελϐουὲ.

1123 900 1503 960 RECNORUM
1534 905 1599 961 II.

645 1010 898 1068 Planctus
932 1015 1095 1069 David
1128 1031 1295 1085 super
1324 1016 1450 1071 Saul
1476 1027 1530 1071 et
1573 1017 1887 1078 Ionatham.
1924 1022 2057 1088 Quae
2088 1024 2153 1079 ad

573 1102 712 1157 Jnab
764 1112 817 1157 et
868 1105 1051 1159 Abner
1103 1116 1375 1174 spectant.
1436 1108 1694 1166 Planctus
1777 1114 1941 1167 David
1991 1132 2157 1185 super

572 1196 773 1249 Almer.
806 1198 877 1251 De
900 1198 1281 1277 occidentibus
1330 1202 1574 1257 Isboseth
1627 1204 1679 1257 in
1723 1205 1862 1259 lecto
1911 1207 2049 1277 ejus.
2084 1209 2156 1262 lle

573 1303 700 1341 arca
758 1288 992 1351 Domini,
1024 1301 1080 1344 et
1113 1292 1179 1347 de
1213 1292 1406 1348 Ozath.
1437 1295 1513 1349 De
1555 1294 1802 1351 lllclchol.
1856 1299 1928 1352 De
1980 1300 2150 1354 verbo

576 1377 789 1434 Domini
820 1382 885 1435 ad
924 1380 1157 1439 Natban.
1207 1383 1396 1439 Oratio
1427 1386 1612 1441 David.
1648 1387 1724 1441 De
1780 1388 2043 1445 Adrazar.
2078 1391 2152 1447 De

573 1468 958 1538 Miphibozetb.
1044 1476 1117 1528 De
1164 1474 1387 1530 Annon.
1463 1478 1593 1543 Qum
1658 1478 1724 1532 ad
1784 1478 2055 1535 Bersabee
2099 1493 2155 1536 et

580 1557 765 1614 Uriam
804 1574 1074 1632 spectant.
1126 1564 1198 1619 De
1228 1564 1443 1620 Nathan
1474 1578 1771 1623 accusante
1798 1568 1985 1629 David.
2013 1580 2068 1625 et
2089 1572 2156 1625 de

579 1651 746 1705 minis
784 1650 877 1706 Dei
927 1654 1208 1721 parabola.
1257 1652 1392 1721 Quae
1444 1656 1508 1710 ad
1540 1657 1755 1711 Amnon
1806 1668 1859 1712 et
1919 1659 2159 1714 Thamar

577 1752 844 1809 spectant.
876 1743 1005 1810 Qua:
1035 1744 1102 1798 ad
1130 1746 1384 1801 Absalom
1407 1758 1461 1802 et
1482 1750 1694 1803 Amnon
1726 1761 1995 1819 spectant.
2022 1752 2157 1818 Qua:

577 1834 646 1887 ad
683 1836 966 1892 mulierem
998 1836 1373 1895 Thecuitidem
1414 1849 1687 1909 spectant.
1732 1842 1803 1897 De
1847 1844 2156 1911 pulchritu-

2797 916 3160 970 ΒΑΣΙΛΕΙΩΝ
3192 915 3265 972 η’.

2325 1028 2535 1098 Θρῆνος
2569 1026 2732 1080 Δαϐὶδ
2778 1029 2869 1081 ἐπὶ
2905 1028 3078 1082 Σαοὺλ
3131 1031 3225 1082 καὶ
3281 1029 3553 1085 Ἰωνάοαν.
3586 1032 3663 1085 Τά
3694 1036 3811 1102 περὶ

2269 1120 2426 1172 ’ῐωὰϐ
2458 1122 2553 1172 καὶ
2616 1120 2899 1190 Ἀϐεννήρ.
2937 1119 3146 1191 Θρῆνος
3188 1122 3351 1175 Δαϐὶδ
3394 1123 3487 1175 ἐπὶ
3541 1123 3811 1195 Ἀϐεννήρ.

2259 1211 2391 1281 Περὶ
2414 1210 2523 1263 τῶν
2554 1213 2995 1266 ἀποκτεινάντων
3034 1213 3263 1266 Ἰεϐοσοὲ
3295 1215 3389 1268 ἐπὶ
3416 1215 3604 1284 κλίνης
3636 1218 3812 1273 αὐτοῦ.

2258 1303 2395 1371 Περὶ
2432 1302 2529 1371 τῆς
2574 1301 2807 1355 κιϐωτοῦ
2862 1303 3091 1372 Κυρίου,
3144 1305 3396 1375 καὶπερὶ
3450 1307 3634 1370 ’(ὶζάο.
3688 1310 3815 1377 Περὶ

2259 1391 2491 1461 Μελχόλ.
2533 1392 2668 1463 Περὶ
2697 1392 2790 1445 τοῦ
2817 1394 3060 1463 ῥήματος
3095 1394 3299 1466 Κυρίου
3332 1395 3428 1449 τοῦ
3457 1395 3592 1466 πρὸς
3623 1399 3818 1454 Ναοάν.

2262 1484 2544 1553 Προσευχὴ
2569 1483 2750 1537 Δαϐίδ,
2783 1484 2919 1554 Περὶ
2958 1485 3250 1557 ’Λδραζάρ.
3284 1488 3423 1559 Περὶ
3455 1489 3817 1559 Μεμφιϐοσθέ.

2266 1577 2401 1647 Περί
2449 1576 2668 1630 Ἀννὼν.
2713 1577 2796 1629 Τὰ
2853 1579 2980 1649 περὶ
3010 1579 3282 1648 Βερσαϐεὲ
3312 1580 3405 1633 καὶ
3435 1582 3659 1651 Οὐρίαν.
3697 1584 3822 1653 Περὶ

2264 1665 2455 1719 Ναοὰν
2486 1666 2803 1735 ἐλέγχοντος
2832 1665 2924 1719 τὸν
2949 1665 3135 1726 Δαϐὶδ.
3178 1668 3273 1720 καὶ
3303 1668 3433 1737 περὶ
3459 1668 3555 1735 τῆς
3580 1667 3671 1720 τοῦ
3700 1667 3821 1721 Θεοῦ

2262 1759 2490 1829 ἀπειλῆς
2525 1760 2831 1830 παραϐολή.
2864 1762 2947 1813 Τὰ
2978 1760 3106 1831 περὶ
3140 1760 3352 1830 Ἀμνὼν
3376 1762 3473 1813 καὶ
3504 1760 3722 1832 Θάμαρ.
3750 1762 3825 1815 Τὰ

2266 1852 2395 1921 mpi
2460 1851 2783 1921 Ἀϐεσαλὼμ
2814 1851 2911 1905 καὶ
2940 1852 3173 1919 ’Λμνών.
3192 1853 3275 1906 Τὰ
3304 1852 3556 1924 περὶτῆς
3579 1854 3826 1920 γυναικὸς

576 1926 704 1981 dine
732 1927 1013 1983 Absalom.
1044 1929 1120 1985 De
1148 1940 1332 2001 segete
1356 1944 1521 2001 quam
1552 1933 1856 1988 combussit
1882 1937 2161 1992 Absalom.

2267 1945 2365 2011 τῆς
2386 1943 2732 2006 θεκωῖτιδος.
2763 1944 2900 2015 Περὶ
2931 1943 3026 1997 τοῦ
3053 1943 3281 2007 κάλλους
3328 1944 3669 2015 Ἀϐεσαλὼμ.
3702 1946 3827 2016 Περὶ

578 2019 653 2072 De
683 2020 848 2073 David
886 2020 1125 2090 fugiente
1156 2035 1185 2075 a
1222 2022 1361 2078 facie
1379 2023 1657 2079 Absalom.
1702 2024 1777 2080 De
1815 2025 2017 2084 Semei.
2049 2028 2163 2085 lla-

576 2110 815 2166 ledictio.
849 2111 923 2168 De
960 2113 1205 2170 consiliis
1250 2116 1572 2186 Acltitopliel
1598 2117 1665 2171 ad
1701 2117 1986 2173 Ahsalmn.
2014 2120 2164 2175 Con-

576 2203 758 2257 silium
790 2203 986 2260 Clntsi.
1014 2204 1169 2261 Finis
1204 2208 1550 2278 Aehitopbel.
1594 2207 1671 2264 De
1699 2208 1842 2263 bello
1881 2211 2161 2276 Absalom,

574 2305 630 2352 et
668 2306 839 2352 morte
866 2298 1156 2367 ejus,etdc
1184 2301 1440 2355 columna
1494 2316 1661 2371 quam
1721 2301 1827 2357 sibi
1886 2316 2160 2360 erexerat.

575 2389 832 2446 Planctus
852 2391 1039 2446 David.
1059 2392 1131 2446 De
1158 2392 1336 2449 Semei
1368 2394 1630 2449 secundo.
1656 2394 1732 2451 De
1758 2393 2160 2464 Miphibosetb.

577 2482 652 2536 De
686 2484 873 2539 decem
907 2485 1255 2541 concubinis.
1301 2484 1376 2541 De
1405 2486 1629 2542 Amasa.
1673 2487 1748 2542 De
1813 2488 2044 2543 muliere
2073 2504 2163 2544 sa-

573 2574 781 2643 piente,
816 2585 870 2631 et
938 2578 1005 2632 de
1040 2577 1236 2633 Sabee.
1294 2578 1369 2634 De
1427 2578 1593 2636 fame.
1632 2580 1705 2636 De
1735 2582 2001 2653 petitione
2056 2582 2164 2637 Ga-

573 2668 941 2726 baonitarum.
984 2671 1059 2728 De
1084 2670 1256 2728 Jcsbi.
1288 2673 1578 2730 Canticum
1615 2675 1802 2730 David.
1837 2673 1991 2731 Finis
2028 2691 2163 2731 ean-

575 2762 690 2816 tici.
734 2762 805 2817 De
846 2764 1014 2819 David
1044 2781 1238 2837 aquam
1275 2768 1552 2838 cupiente.
1579 2768 1655 2822 De
1681 2766 2001 2824 fortitudine
2056 2768 2159 2824 Ba-

576 2855 727 2908 naia.
764 2854 837 2909 De
887 2859 1305 2913 enumeratione
1360 2858 1599 2914 filiorum
1660 2858 1829 2915 Israel
1910 2869 1965 2915 et
1997 2859 2160 2916 Juda.

577 2941 656 2995 Ex
695 2943 857 2998 Israel
889 2944 1018 3011 800,
1043 2946 1171 3011 000,
1196 2963 1260 3003 ex
1290 2946 1430 3003 Juda
1474 2947 1601 3015 500,
1621 2946 1748 3003 000.
1796 2946 1871 3003 De
1895 2947 1984 3004 his
2040 2964 2165 3019 qua:

574 3036 714 3091 dixit
773 3036 887 3091 Gad
938 3040 1126 3094 David.
1194 3039 1536 3111 Responsum
1608 3039 1798 3095 David.
1859 3040 1933 3095 De
1988 3050 2163 3096 morte

578 3129 665 3191 70.
697 3130 803 3185 000
837 3132 1100 3187 virorum.
1159 3133 1232 3189 De
1289 3134 1616 3190 Jerusalem.
1652 3133 1728 3189 De
1776 3132 1940 3187 altari
2013 3134 2160 3203 quod

573 3223 843 3277 exstruxit
874 3223 1063 3278 David.

2266 2035 2365 2104 τῆς
2417 2035 2634 2105 μερίδος
2664 2030 2732 2106 ἦς
2771 2036 3084 2106 ἐνέπρησεν
3129 2035 3471 2106 Ἀϐεσαλὼμ.
3507 2037 3646 2107 Περὶ⁵
3676 2036 3827 2090 Δαϐὶδ

2265 2124 2756 2195 ἀπώιδράσκοντος
2811 2124 2921 2179 ἀπὸ
2974 2125 3269 2193 προσώπου
3326 2125 3673 2196 Ἀϐεσαλώμ.
3704 2128 3827 2196 Περὶ

2265 2218 2452 2286 Σεμετ.
2495 2218 2649 2289 Ἀρά.
2698 2219 2831 2289 Περὶ
2864 2218 2975 2272 τῶν
3010 2218 3214 2288 βουλῶν
3261 2219 3549 2290 Ἀχιτόςρελ
3571 2220 3652 2289 τῷ
3691 2219 3830 2273 Ἀϐε-

2267 2309 2478 2380 σαλώμ.
2541 2311 2848 2382 Συμϐουλία
2900 2312 3089 2366 Χουσί.
3142 2313 3309 2378 Τέλος
3361 2312 3456 2367 τοῦ
3531 2313 3827 2385 Ἀχιτόφελ.

2266 2402 2403 2474 Περὶ
2434 2401 2530 2457 τοῦ
2561 2402 2799 2473 πολέμου
2840 2403 3183 2474 ’Λϐεσαλὼμ,
3215 2404 3311 2457 καὶ
3342 2404 3435 2457 τοῦ
3479 2405 3712 2459 Θανάτου
3738 2405 3829 2459 αὑ-

2261 2492 2381 2554 τοῦ,
2412 2493 2507 2547 καὶ
2544 2494 2671 2561 περὶ
2707 2494 2806 2563 τῆς
2829 2494 3032 2565 στήλης
3060 2494 3223 2547 αὐτοῦ
3252 2489 3320 2565 ἧς
3352 2493 3601 2562 ἔστησεν·
3637 2495 3827 2565 θρῆνος

2264 2585 2428 2639 Δαϐὶδ
2468 2586 2597 2655 περὶ
2646 2584 2811 2653 Σεμεῒ
2836 2584 2896 2637 τὸ
2937 2584 3210 2654 δεύτερον.
3266 2584 3406 2653 Περὶ
3454 2585 3823 2653 Μεμφιϐοσθέ.

2263 2677 2401 2746 Περὶ
2450 2676 2559 2729 τῶν
2600 2682 2628 2728 ι’
2660 2674 2974 2729 παλλακῶν.
3028 2675 3162 2745 Περὶ
3216 2676 3500 2746 Ἀμεσσαί.
3563 2679 3699 2748 Περὶ
3739 2678 3825 2747 τῆς

2263 2767 2522 2836 γυναικὸς
2551 2767 2652 2836 τῆς
2680 2766 2870 2837 σοφῆς,
2891 2767 2986 2819 καὶ
3020 2784 3085 2819 πε
3096 2766 3148 2835 pi
3171 2766 3359 2820 Σαϐεέ.
3381 2767 3516 2838 Περὶ
3536 2768 3633 2821 τοῦ
3653 2767 3823 2838 λιμοῦ.

2264 2860 2401 2928 Περὶ
2431 2856 2527 2912 τοῦ
2562 2858 2866 2927 αἰτήματος
2916 2857 3025 2909 τῶν
3060 2856 3442 2911 Γαϐαωνιτῶν.
3476 2858 3611 2928 Περὶ
3657 2858 3824 2913 Ἰεσϐί.

2275 2948 2402 3021 ᾭδὴ
2429 2948 2521 3002 τοῦ
2550 2949 2735 3003 Δαϐίδ.
2764 2948 2931 3010 Τέλος
2966 2949 3066 3018 τῆς
3091 2947 3254 3018 ᾠδῆς.
3288 2948 3423 3019 Περὶ
3446 2947 3548 3017 τῆς
3577 2948 3673 3001 τοῦ
3707 2947 3827 3002 i551-

2261 3057 2354 3104 τος
2390 3038 2467 3109 τῷ
2493 3040 2660 3093 Δαϐὶδ
2683 3039 3001 3108 ἐπιθυμίας.
3033 3040 3170 3108 Περὶ
3198 3039 3295 3108 τῆς
3326 3040 3582 3110 ἀνδρείας
3612 3042 3825 3095 Βαναία.

2264 3132 2400 3202 Περὶ
2428 3131 2527 3201 τῆς
2576 3129 2931 3201 ἀριθμήσεως
2962 3130 3072 3183 τῶν
3099 3130 3229 3184 υἱῶν
3274 3131 3490 3202 Ἰσραὴλ
3518 3134 3615 3186 καὶ⁸
3649 3134 3824 3189 Ἰούδα.

2276 3221 2491 3292 Ἰσραὴλ
2523 3226 2614 3285 ,ω’.
2653 3220 2822 3273 Ἰούδα
2862 3226 2949 3293 ⁴φ’.
2984 3220 3121 3291 Περὶ
3138 3213 3214 3273 ὧν
3244 3215 3398 3274 εἶπεν
3416 3222 3523 3275 Γὰδ
3550 3222 3631 3292 τῷ
3656 3223 3829 3277 Δαϐίδ.

583 3311 903 3385 Ἀπόκρισις
950 3314 1133 3369 Δαϐίδ.
1175 3314 1314 3388 Περὶ
1340 3317 1435 3372 τοῦ
1466 3318 1703 3376 θανάτου
1749 3322 1861 3378 τῶν
1892 3339 1957 3392 ⁸ο,
2013 3317 2152 3391 Περὶ
2201 3314 2583 3389 Ἰερουσαλήμ.
2618 3313 2757 3385 Περὶ
2817 3313 2913 3367 τοῦ
2956 3314 3371 3385 Θυσιαστηρίου,
3411 3308 3474 3370 οὗ
3520 3316 3830 3388 ᾠκοδόμησε

573 3408 758 3464 Δαϐίδ.

1162 3521 1551 3584 REGNORUM
1581 3529 1669 3584 III.

657 3626 733 3683 De
762 3629 993 3684 Adonia.
1042 3628 1359 3685 Consilium
1410 3630 1622 3687 Nathan
1649 3635 1715 3689 ad
1759 3633 2049 3691 Bersabee.
2084 3634 2159 3691 De

576 3719 872 3776 Salomone
903 3732 1102 3791 quarto
1140 3737 1263 3791 rege
1297 3722 1485 3777 Israel.
1530 3723 1806 3796 Przeeepta
1855 3726 2020 3781 David
2090 3726 2159 3782 ad

576 3812 947 3867 Salomoncm.
991 3812 1065 3866 De
1097 3813 1202 3866 fine
1227 3814 1416 3868 David.
1458 3815 1599 3869 Anni
1636 3817 1783 3887 regni
1841 3817 2028 3873 David.
2085 3818 2161 3873 De

574 3905 841 3976 petitione
889 3922 1053 3975 quam
1083 3906 1491 3975 petiitAdonias
1522 3924 1551 3963 a
1578 3907 1864 3966 Bersabee.
1879 3912 1968 3975 ,De
1985 3920 2162 3968 morte

574 3998 824 4065 Adonim,
858 4008 912 4054 et
938 4000 1006 4055 de
1036 3999 1321 4067 Ahiatbar,
1344 4011 1396 4057 et
1426 4000 1551 4073 fuga
1570 4000 1726 4068 Joab,
1748 4014 1801 4059 et
1823 4004 1942 4075 ejus
1964 4017 2158 4060 morte.

575 4088 654 4143 De
678 4087 1043 4144 aedificatione
1105 4088 1327 4155 domus,
1377 4105 1540 4159 quam
1593 4091 1886 4150 aedificavit
1931 4092 2160 4147 Domino

576 4182 859 4236 Salomon.
897 4183 969 4238 De
1001 4180 1206 4237 Semei.
1249 4181 1323 4237 De
1357 4183 1544 4254 regina
1598 4184 1764 4241 Saba.
1796 4184 1870 4240 De
1896 4186 2160 4255 praevari-

574 4276 792 4331 catione
818 4275 1147 4331 Salomonis.
1188 4274 1262 4330 De
1304 4276 1475 4332 Acbia
1508 4276 1758 4333 Silonitc.
1815 4279 1958 4332 Anni
2009 4278 2159 4350 regni

579 4367 912 4424 Salomonis.
947 4368 1024 4424 De
1062 4368 1329 4435 Roboam,
1367 4371 1559 4439 quinto
1589 4386 1711 4440 rege
1740 4371 1923 4426 Israel.
1965 4369 2042 4425 De
2073 4385 2162 4426 re-

576 4476 687 4531 gno
722 4459 1009 4516 Jeroboam
1037 4461 1225 4515 famuli
1267 4462 1598 4528 Salomonis,
1624 4463 1761 4517 sexti
1794 4465 1937 4533 regis
1972 4463 2159 4519 Israel.

576 4552 653 4608 De
688 4554 868 4610 aureis
898 4553 1103 4607 vitulis.
1135 4552 1269 4620 Quae
1296 4554 1362 4608 ad
1391 4554 1530 4609 duos
1559 4556 1852 4624 prophetas
1890 4565 2159 4625 spectant.

582 4646 655 4699 De
688 4660 858 4713 puero
936 4644 1252 4698 Jeroboam.
1314 4644 1458 4697 Anni
1518 4644 1670 4714 regni
1712 4644 2027 4700 Jeroboam.
2087 4645 2163 4700 De

580 4737 777 4792 Susae.
803 4737 878 4792 De
905 4751 1073 4806 regno
1103 4737 1230 4791 Asa.
1258 4733 1335 4791 De
1373 4735 1551 4791 Nabal
1583 4746 1775 4792 octavo
1815 4753 1939 4807 rege
1966 4737 2158 4793 Israel.

578 4828 656 4883 De
688 4829 860 4885 Baasa
891 4845 1039 4883 nono
1079 4846 1206 4901 rege
1244 4830 1431 4886 Israel.
1481 4830 1556 4885 De
1613 4829 1709 4885 Ela
1765 4830 1979 4885 decimo
2034 4846 2161 4901 rege
2194 4864 2235 4921 ο

581 4923 767 4977 Israel.
796 4923 872 4977 De
893 4923 1137 4988 Zambri,
1166 4924 1458 4980 undecimo
1480 4940 1606 4995 rege
1630 4922 1816 4979 Israel.
1851 4925 1923 4978 De
1945 4924 2155 4989 Achab,

578 5015 904 5071 duodecimo
936 5031 1068 5087 rege
1088 5014 1275 5072 Israel.
1299 5017 1372 5071 De
1402 5015 1517 5070 Elia
1554 5016 1836 5086 prepbcta.
1870 5014 1941 5069 De
1971 5016 2154 5068 vidua.

580 5109 656 5163 De
674 5109 783 5163 lilio
811 5108 1005 5164 vidnrc.
1036 5108 1108 5163 De
1130 5109 1413 5180 pr0pbetis
1432 5108 1794 5165 confusionis.
1822 5105 1897 5161 De
1918 5106 2158 5161 Jezahel.

582 5198 654 5252 De
685 5198 900 5254 Elismo.
943 5198 1017 5253 De
1050 5198 1299 5254 Nahutba
1329 5210 1383 5253 et
1436 5199 1640 5254 Achab.
1703 5197 1837 5265 Qua:
1881 5198 1946 5252 ad
1989 5198 2157 5250 lilium

580 5291 723 5345 Ader
751 5302 805 5347 et
838 5291 1024 5347 Achab
1068 5300 1336 5361 spectant.
1389 5288 1463 5345 De
1511 5290 1704 5346 ferreis
1754 5289 2036 5344 cornibus.
2086 5288 2161 5343 De

582 5383 804 5439 interitu
836 5384 1046 5439 Achab.
1073 5382 1257 5438 Joram
1292 5383 1621 5439 tredecimus
1660 5398 1752 5437 rex
1789 5380 1975 5437 Israel.

2189 3524 2236 3588 C

2820 3517 3184 3573 ΒΑΣΙᾹΕΙΩΝ
3218 3520 3257 3572 Γ
3256 3525 3289 3575 ’.

2332 3629 2472 3701 Περὶ
2527 3629 2799 3683 ’Λδωνὲου.
2852 3628 3163 3700 Συμϐουλία
3220 3626 3407 3682 Ναθάν
3435 3630 3500 3698 τῇ
3534 3626 3826 3701 Βηρσαϐεέ.

2263 3723 2402 3795 Περὶ
2435 3722 2779 3794 Σολομῶντος
2804 3722 2845 3775 δ’
2896 3721 3161 3792 βασιλέως
3206 3719 3443 3790 Ἰσραήλ.
3489 3720 3709 3791 Ἐντολὴ
3733 3721 3831 3773 Δα-

2264 3817 2349 3870 ϐὶδ
2376 3816 2453 3886 τῷ
2480 3815 2809 3885 Σολομῶντι.
2842 3814 2978 3885 Περὶ
3008 3812 3103 3865 τοῦ
3136 3812 3320 3876 τέλους
3358 3812 3541 3865 Δαϐίδ.
3579 3813 3714 3882 "Em
3741 3812 3832 3881 τῆς

2266 3908 2546 3980 βασιλείας
2591 3906 2777 3960 Δαϐίδ.
2828 3906 2963 3976 Περὶ
2995 3904 3090 3958 τοῦ
3142 3904 3448 3975 αίτήματος
3505 3898 3571 3958 οὗ
3609 3907 3832 3976 ᾐτήσατο

2275 4002 2534 4066 ’Δδωνίας
2560 4003 2626 4072 τῇ
2658 3999 2961 4072 Βηρσαϐεέ.
2997 3998 3132 4071 Περὶ⁸
3156 3998 3250 4051 τοῦ
3285 3998 3519 4053 θανάτου
3564 3997 3827 4062 ’Δδωνίοιῃ

2265 4098 2359 4150 καὶ
2392 4096 2519 4168 περὶ
2579 4096 2867 4167 Ἀϐιάθαρ,
2898 4095 2995 4148 καὶ
3023 4094 3153 4163 περὶ
3183 4095 3282 4163 τῆς
3312 4095 3492 4164 φυγῆς
3534 4095 3714 4159 Ίωάϐ,
3748 4093 3833 4147 καὶ

2265 4187 2396 4259 περὶ
2428 4187 2521 4241 τοῦ
2555 4187 2792 4241 θανάτου
2843 4185 3034 4242 αὐτοῦ.
3085 4186 3223 4256 Περὶ
3276 4186 3377 4255 τῆς
3405 4186 3701 4256 οἰκοδομῆς
3745 4183 3832 4238 τοῦ

2263 4280 2437 4345 οἴκου,
2467 4272 2527 4332 οὗ
2557 4279 2877 4350 ᾠκοδόμησε
2926 4278 3117 4349 Κυρίῳ
3157 4278 3429 4347 Σολομῶν.
3464 4278 3605 4349 Περὶ
3648 4276 3828 4347 Σημεῖ.

2264 4370 2403 4443 Περὶ
2452 4371 2555 4440 τῆς
2609 4370 2927 4441 βασιλίσσης
2967 4370 3134 4423 Σαϐά.
3175 4368 3309 4436 Περὶ
3353 4368 3453 4438 τῆς
3497 4367 3832 4439 παρανομίας

2263 4465 2629 4535 Σολομῶντος.
2662 4466 2799 4533 Περὶ
2840 4464 2997 4533 ’Ᾱχία
3017 4461 3113 4517 τοῦ
3146 4462 3471 4530 Σηλωνίτου.
3514 4462 3651 4531 Ἔτη
3691 4461 3832 4528 βασι-

2264 4558 2413 4621 λείας
2484 4557 2852 4626 Σολομῶντος.
2916 4556 3049 4623 Περὶ
3128 4553 3404 4623 Ῥοϐοάμ,
3462 4553 3503 4605 ε’
3578 4551 3829 4623 βασιλέως

2277 4646 2516 4716 Ἰσραήλ.
2548 4645 2685 4717 Περὶ
2710 4648 2812 4715 τῆς
2843 4644 3120 4713 βασιλείας
3155 4642 3444 4713 Ἱεροϐοάμ
3469 4642 3658 4696 δούλου
3688 4640 3831 4694 Σολο⁴

2269 4739 2498 4809 μῶντος,
2536 4737 2592 4801 ς’
2635 4737 2902 4809 βασιλέως
2944 4735 3181 4807 Ἰσραήλ.
3216 4736 3349 4806 Περὶ
3380 4737 3480 4804 τῆς
3511 4734 3721 4805 χρυσῆς
3744 4733 3830 4784 δα-

2270 4828 2506 4898 μάλεως.
2538 4826 2621 4880 Τὰ
2642 4827 2772 4897 περὶ
2802 4826 2909 4879 τῶν
2938 4824 2982 4895 β’
3012 4824 3328 4895 προφητῶν.
3364 4824 3501 4894 Περὶ
3534 4824 3630 4877 τοῦ
3656 4820 3830 4881 παιδὸς

2275 4919 2583 4990 Ἱεροϐοάμ.
2616 4919 2750 4986 Ἕτη
2805 4917 3083 4986 βασιλείας
3128 4917 3432 4987 Ἱεροϐοάμ.
3468 4917 3602 4987 Περὶ
3634 4916 3830 4968 Σουσα·

2263 5010 2385 5080 κίμ.
2412 5011 2547 5080 Περὶ
2579 5010 2680 5078 τῆς
2707 5009 2982 5077 βασιλείας
3030 5008 3180 5063 Ἀσᾶι.
3216 5009 3351 5079 Περὶ
3383 5008 3573 5062 Ναϐἀτ
3606 5013 3665 5078 η’
3686 5006 3831 5076 βασι-

2261 5103 2399 5167 λέως
2438 5104 2675 5175 Ἰσραήλ.
2707 5104 2841 5173 Περὶ
2864 5102 3052 5156 Βαασά
3072 5103 3116 5155 0⁹
3137 5101 3401 5171 βασιλέως
3446 5098 3680 5171 Ἰσραήλ.
3708 5094 3831 5165 Περὶ

2274 5198 2409 5251 Ἥλά
2443 5204 2473 5251 ι’
2508 5198 2772 5269 βασιλέως
2840 5197 3078 5268 Ἰσραήλ.
3133 5196 3269 5266 Περὶ
3317 5196 3553 5265 Ζαμϐρὶ,
3588 5199 3660 5247 ια’
3690 5192 3833 5260 βασι-

2263 5290 2401 5353 λέως
2456 5290 2688 5361 Ἰσραήλ.
2737 5292 2869 5361 Περὶ
2909 5289 3135 5360 Ἀχαὲι6,
3166 5289 3236 5358 ιβ’
3274 5287 3538 5358 βασιλέως
3601 5280 3829 5355 Ἰσραήλ-

2266 5383 2401 5451 Ilspi
2444 5381 2629 5433 Ἠλιοῦ
2672 5380 2765 5433 τοῦ
2798 5384 3101 5451 προφήτου.
3151 5378 3285 5449 Περὶ
3333 5377 3433 5445 τῆς
3473 5377 3668 5445 χήρας·
3706 5369 3832 5438 Περὶ

582 5476 675 5531 τοῦ
710 5473 830 5529 υἱοῦ
859 5476 959 5546 τῆς
991 5477 1187 5547 χήρας,
1228 5475 1365 5547 Περὶ
1391 5475 1499 5528 τῶν
1558 5474 1856 5545 προφητῶν
1922 5474 2021 5542 τῆς
2071 5472 2361 5543 αἰσχύνης.
2401 5474 2537 5541 Περὶ
2580 5472 2835 5536 Ἰεζάϐελ.
2877 5472 3013 5541 Περὶ
3060 5470 3355 5524 Ἑλισσαιέ.
3393 5469 3527 5538 Περὶ
3557 5462 3831 5519 Ναϐουθαὶ

584 5570 677 5624 καὶ
712 5568 940 5638 ’Λχαάϐ.
971 5568 1051 5621 Τὰ
1076 5568 1317 5638 περὶτοῦ
1347 5565 1466 5621 υἱοῦ
1495 5568 1657 5638 ’Ἄδερ
1683 5566 1777 5621 καὶ
1800 5565 1892 5620 τοῦ
1932 5563 2158 5635 ’Λχαάϐ.
2201 5568 2332 5637 Περὶ
2365 5564 2474 5619 τῶν
2524 5566 2759 5635 σιδηρῶν
2811 5565 3080 5633 κεράτων.
3112 5563 3247 5633 Περὶ
3268 5561 3362 5616 τοῦ
3391 5562 3575 5625 τέλους
3613 5555 3831 5629 ’Δχαάὂυ

599 5662 803 5733 Ἰωρὰμ
836 5658 903 5729 ιγ’
939 5658 1192 5731 βασιλεὺς
1235 5659 1477 5730 Ἰσραήλ.

1145 5767 1529 5826 REGNORUM
1560 5769 1648 5823 IV.

659 5859 735 5917 De
755 5860 939 5916 Joram
980 5859 1429 5931 qttatuordecimo
1460 5876 1585 5931 rege
1618 5860 1802 5917 Israel.
1838 5858 1911 5916 De
1933 5875 2150 5917 assum-

2806 5764 3171 5819 ΒΑΣΙΛΕῙΩΝ
3203 5766 3273 5818 A'.

2337 5860 2472 5931 Περὶ
2508 5858 2711 5930 Ἰωρὰμ
2744 5859 2802 5912 ιδ’
2837 5858 3103 5929 βασιλέως
3146 5857 3380 5927 Ἰσραήλ.
3420 5856 3549 5927 Περὶ
3580 5854 3679 5923 τῆς
3708 5853 3831 5905 ἀνα·
