4080 6430
297 471 439 542 1053

1133 471 1136 474 ’
1244 477 1723 540 OCTATEUCHI
1759 481 2050 543 DIVISIO
2081 483 2162 545 IN
2191 485 2480 545 CAPITA.

3403 475 3543 541 105i

279 581 512 656 λήψεως
569 584 775 640 Ἠλιοῦ.
830 587 965 657 Περὶ
1013 585 1124 640 τῶν
1172 587 1434 659 ἁλμυρῶν
1467 589 1689 644 ὑδάτων.
1730 589 1866 662 Περὶ

1980 595 2152 664 ptionc
2177 593 2326 649 Elite.
2369 592 2442 648 De
2465 591 2622 664 aquis
2643 591 2854 648 salinis.
2910 589 2985 645 De
3013 589 3266 654 muliere,
3305 601 3356 643 et
3381 589 3547 642 bene-

295 677 398 747 τῆς
422 676 698 744 γυναικὸς,
739 679 830 731 καὶ
859 679 1100 748 περὶτῆς
1131 678 1384 746 εὐλογίας
1403 680 1510 734 τῶν
1541 682 1748 736 σκευῶν
1771 681 1867 734 τοῦ

296 767 500 822 ἐλαίου.
532 769 668 838 Περὶ
701 767 800 840 τῆς
851 770 1109 838 γυναικὸς
1138 769 1236 839 τῆς
1283 769 1686 842 Σουναμίτιδος.
1735 773 1869 844 Περὶ

297 860 398 928 τῆς
434 857 694 930 τολύπης.
749 861 842 914 καὶ
891 863 1018 930 περὶ
1058 861 1166 915 τῶν
1218 865 1535 932 προφητῶν.
1585 865 1722 935 Περὶ
1763 865 1870 919 τῶν

297 951 480 1021 ἄρτων
508 951 602 1004 καὶ
630 950 738 1004 τῶν
783 949 1053 1006 καλαθῶν.
1108 951 1245 1024 Περὶ
1289 953 1512 1023 Νεεμὰν
1545 953 1640 1007 τοῦ
1671 953 1868 1026 Σύρου.

299 1044 538 1113 Τὰ’περὶ
565 1043 732 1108 Γιεζί.
761 1043 896 1114 Περὶ
924 1045 1016 1098 τοῦ
1047 1045 1310 1116 σιδηρίου.
1346 1047 1478 1116 Περὶ
1509 1045 1602 1100 τοῦ
1632 1047 1872 1116 πολέμου

297 1137 395 1188 τοῦ
429 1135 693 1206 βασιλέως
726 1137 949 1206 Συρίας,
986 1137 1078 1191 καὶ
1111 1139 1241 1210 περὶ
1270 1137 1369 1208 τῆς
1399 1139 1684 1210 ἀορασίας.
1740 1139 1873 1210 Περὶ

299 1229 401 1296 τῆς
445 1225 606 1296 λιμοῦ
641 1227 978 1298 Σαμαρείας,
1026 1228 1121 1282 καὶ
1153 1229 1280 1299 περὶ
1327 1228 1435 1282 τῶν
1464 1229 1738 1296 γυναικῶν
1762 1231 1896 1302 τῶν,

297 1319 370 1370 τὰ
403 1319 508 1370 ῑδια
537 1319 707 1387 νήπια
739 1317 1112 1389 βεϐρωκυιῶν,
1145 1321 1240 1386 καὶ
1279 1319 1410 1391 περὶ
1455 1321 1564 1374 τῶν
1590 1321 1874 1390 τεσσάρων

300 1409 540 1482 λεπρῶν.
579 1409 716 1480 Περὶ
747 1409 840 1462 τοῦ
876 1411 1323 1480 συμπατηθέντος
1362 1412 1456 1465 καὶ
1488 1410 1872 1476 ἀποθανόντος.

302 1503 442 1571 Περὶ
467 1501 576 1554 τῶν
612 1500 752 1554 ἑπτὰ
781 1501 918 1555 ἑτῶν
943 1500 1034 1554 τοῦ
1061 1501 1243 1571 λιμοῦ,
1272 1503 1367 1556 καὶ
1398 1505 1526 1572 περὶ
1551 1502 1652 1572 τῆς
1675 1503 1876 1556 Σουνα-

306 1595 536 1664 μξτιδος.
567 1595 702 1663 Περὶ
729 1593 824 1648 τοῦ
852 1593 966 1648 υἱοῦ
999 1595 1184 1664 Ἀδερ.
1210 1595 1346 1665 Περὶ
1375 1595 1598 1665 Ἰωράμ.
1621 1596 1754 1666 Περὶ
1777 1595 1876 1665 τῆς

303 1687 584 1759 βασιλείας
635 1686 799 1758 Ἰηοῦ,
838 1694 897 1741 ιε’
923 1687 1187 1758 βασιλέως
1226 1688 1466 1758 Ἰσραήλ.
1497 1689 1632 1759 Περὶ⁵
1661 1687 1756 1741 τοῦ
1783 1687 1876 1742 τέ·

301 1779 430 1840 λους
469 1777 726 1842 Ἰεζάϐελ.
757 1778 894 1848 Περὶ
918 1779 1018 1849 τῆς
1049 1781 1265 1848 σφαγῆς
1286 1778 1392 1831 τῶν
1411 1775 1452 1830 ο¹
1473 1779 1608 1831 υἱῶν
1647 1777 1874 1848 Ἀχαά6.

304 1868 444 1938 Περὶ
474 1867 575 1936 τῆς
597 1867 814 1938 σφαγῆς
837 1869 1052 1922 πάντων
1076 1868 1186 1922 τῶν
1213 1870 1558 1939 Θεραπόντων
1583 1869 1675 1924 τοῦ
1705 1869 1872 1926 Βάαλ.

1974 686 2214 740 dictione
2252 701 2506 740 vasorum
2539 684 2662 739 olei.
2697 683 2772 737 De
2802 683 3029 736 muliere
3069 680 3435 734 Sunamitidc.
3469 679 3547 732 De

1973 775 2080 832 olla
2109 785 2164 832 et
2201 777 2499 846 prephctis.
2536 773 2612 830 De
2654 775 2892 844 panibus
2930 783 2985 828 et
3022 773 3244 841 sportis.
3283 772 3356 825 De
3403 769 3546 824 Naa-

1974 885 2097 923 man
2137 868 2296 940 Syro.
2337 869 2412 922 De
2441 867 2618 924 Giezi.
2655 868 2729 920 De
2761 865 3112 919 ferramento.
3141 861 3215 916 De
3243 861 3383 914 bello
3405 859 3548 928 regis

1975 957 2168 1030 Syriae,
2201 958 2338 1014 etde
2356 957 2620 1012 caecitate.
2655 954 2730 1008 De
2757 952 2901 1007 fame
2920 952 3212 1012 Samariae,
3241 957 3294 1001 et
3327 947 3395 1000 de
3425 961 3547 998 mu-

1977 1051 2200 1106 lieribus
2247 1049 2498 1120 proprios
2548 1047 2806 1116 parvulos
2876 1041 3307 1103 comcilentibus,
3367 1047 3422 1092 et
3479 1037 3549 1092 de

1975 1152 2208 1213 quatuor
2249 1141 2495 1210 leprosis.
2543 1138 2617 1193 De
2669 1137 2992 1193 conculcato
3041 1143 3095 1190 et
3156 1142 3393 1185 mortuo.
3475 1127 3549 1182 De

1976 1243 2178 1303 septem
2197 1232 2356 1287 annis
2379 1231 2559 1296 famis,
2581 1229 2721 1284 etde
2751 1226 3116 1282 Sunamitide.
3144 1223 3218 1278 De
3245 1223 3355 1276 lilio
3384 1219 3546 1274 Ader.

1976 1325 2052 1380 De
2103 1323 2308 1380 Joram.
2363 1321 2438 1376 De
2497 1335 2662 1392 regno
2714 1317 2874 1382 Jehu,
2923 1317 3126 1373 decimi
3162 1313 3338 1386 quinti
3409 1313 3550 1382 regis

1979 1418 2166 1472 Israel.
2198 1416 2274 1470 De
2308 1415 2528 1469 interitu
2578 1411 2818 1467 Iezabel.
2885 1409 2958 1465 De
3007 1408 3153 1464 caule
3209 1405 3550 1476 septuaginta

1977 1511 2212 1564 ﬁliorum
2243 1506 2450 1561 Achab.
2484 1503 2559 1559 De
2595 1504 2743 1558 caede
2765 1502 3013 1557 omnium
3059 1515 3342 1555 servorum
3399 1497 3548 1550 Baal.

1979 1601 2053 1656 De
2085 1600 2234 1655 Joas.
2289 1601 2364 1654 De
2408 1597 2668 1660 Joachaz,
2709 1595 2926 1650 decimo
2979 1603 3134 1647 sexto
3196 1605 3322 1658 rege
3365 1589 3552 1645 Israel.

1976 1695 2053 1750 De
2075 1691 2201 1748 Joas
2229 1691 2294 1760 Il,
2315 1692 2527 1746 decimo
2545 1689 2780 1758 septimo
2805 1701 2930 1756 rege
2957 1683 3144 1740 Israel.
3168 1683 3242 1736 De
3265 1683 3455 1737 Elis-.20
3503 1688 3556 1734 et

1977 1783 2126 1840 Juas.
2154 1784 2381 1854 Signum
2404 1782 2472 1836 de
2505 1789 2682 1836 morte
2733 1777 2936 1836 Elis-.ei.
2975 1777 3050 1832 De
3095 1774 3382 1830 Jeroboam
3449 1772 3558 1826 [ilio

1978 1873 2126 1936 Joas,
2187 1873 2404 1928 decimo
2439 1881 2633 1926 octavo
2689 1885 2816 1940 rege
2845 1867 3032 1923 Israel.
3097 1867 3170 1920 De
3215 1865 3412 1918 Azaria
3447 1863 3559 1916 tilio

303 1957 444 2024 Περὶ
508 1955 678 2020 Ἰωάς.
721 1957 856 2027 Περὶ
921 1957 1170 2028 ’1ωὰχαζ,
1208 1957 1281 2024 ις’
1307 1957 1572 2029 βασιλέως
1623 1961 1862 2032 Ἰσραήλ.

1980 1963 2284 2026 Ieroboam,
2334 1963 2546 2018 decimo
2593 1975 2740 2016 nono
2777 1975 2902 2030 rege
2957 1956 3141 2013 Israel.
3184 1955 3267 2012 De
3326 1953 3556 2018 Selium,

303 2049 444 2119 Περὶ
487 2048 640 2112 Ἰωὰς
669 2045 734 2118 β’,
766 2049 829 2114 ιζ’
857 2049 1119 2119 βασιλέως
1161 2050 1396 2123 Ἰσραήλ.
1425 2052 1560 2121 Περὶ
1603 2052 1874 2106 Ἐλισσαώ

1980 2057 2235 2128 vigesimo
2323 2068 2450 2126 rege
2532 2049 2724 2108 Israel.
2798 2051 2875 2106 De
2970 2049 3278 2112 Manahem,
3363 2047 3562 2100 vicesi-

303 2141 398 2192 καὶ
440 2139 612 2203 Ἰωάς.
639 2139 874 2211 Σημεῖον
903 2141 1032 2212 περὶ
1060 2141 1155 2194 τοῦ
1188 2141 1376 2206 τέλους
1418 2141 1710 2199 Ἐλισσαιέ.
1741 2143 1876 2214 Περὶ

311 2227 598 2299 Ἰεροὸυὰμ
645 2230 760 2284 υίοῦ
817 2232 993 2296 Ἰωὰς,
1062 2239 1134 2304 ιη’
1167 2231 1430 2304 βασιλέως
1473 2233 1708 2306 Ἰσραήλ.
1741 2233 1876 2304 Περὶ

311 2320 593 2392 Ἃζαρίου,
619 2321 738 2376 υἱοῦ
769 2322 1070 2396 Ἱεροσοὲμ.
1092 2324 1156 2378 ιϐ’
1179 2325 1446 2395 βασιλέως
1481 2323 1718 2395 Ἰσραήλ.
1742 2325 1878 2396 Περὶ⁸

299 2411 570 2482 Σελλοὺμ,
611 2419 660 2467 κ’
705 2413 972 2484 βασιλέως
1037 2417 1276 2488 Ἰσραήλ.
1315 2413 1450 2488 Περὶ
1479 2417 1748 2488 Μαναὴμ,
1795 2415 1879 2472 καί

303 2504 573 2576 βασιλέως
634 2507 872 2579 Ἰσραήλ.
930 2509 1067 2580 Περὶ
1121 2511 1418 2576 Φακεσίου,
1471 2507 1556 2580 κβ¹
1613 2509 1880 2580 βασιλέως

314 2598 558 2668 Ἰσραήλ.
611 2601 748 2670 Περὶ
799 2600 998 2666 Φακεὲ,
1038 2609 1122 2670 κγ’
1165 2601 1435 2672 βασιλέως
1471 2603 1714 2674 Ἰσραήλ.
1743 2602 1880 2673 Περὶ

312 2690 575 2760 Ἰωαθάμ.
623 2692 757 2760 Περὶ
807 2691 996 2764 ’Δχάζ.
1041 2695 1178 2762 Περὶ
1237 2693 1427 2765 Ὠσηὲ,
1483 2692 1561 2748 κδ’
1614 2693 1878 2764 βασιλέως

312 2783 560 2856 Ἰσραήλ.
584 2782 643 2836 A'
666 2784 1036 2854 αἰχμαλωσία.
1067 2787 1204 2858 Περὶ
1228 2788 1337 2842 τῶν
1362 2788 1614 2844 λεόντων.
1646 2790 1878 2858 Ποιηταὶ

299 2876 534 2932 πόλεων.
590 2879 726 2948 Περὶ
772 2877 1037 2948 Ἐζεκίου,
1065 2879 1148 2932 ὅτι
1181 2879 1288 2944 ἕως
1343 2881 1585 2951 Ἐζεκίου
1632 2879 1878 2950 ὑπῆρχεν

297 2971 326 3022 ὁ
359 2968 600 3039 χαλκοῦς
634 2969 777 3040 ὄφις.
825 2971 962 3042 Περὶ
1000 2972 1365 3044 Σενναχηρίμ.
1414 2973 1552 3044 Περὶ
1577 2973 1677 3043 τῆς
1706 2973 1880 3042 μαλα-

298 3060 432 3124 κίας
469 3059 712 3130 Ἐζεκίου
765 3060 1033 3131 βασιλέως
1091 3064 1280 3118 Ἰούδα.
1318 3065 1458 3136 Περὶ
1488 3065 1596 3119 τῶν
1637 3065 1882 3118 ἀποστα-

299 3151 509 3204 λέντων
557 3153 710 3222 παρὰ
735 3153 1026 3224 Μαρωδεὶχ
1068 3155 1206 3225 πρὸς
1258 3156 1528 3226 Ἐζεκίαν.
1577 3156 1714 3227 Περὶ
1756 3156 1882 3210 Ma.-

287 3243 503 3312 ίνασσῆ.
533 3245 667 3314 Περὶ
705 3245 910 3324 Ἀμῴς.
949 3245 1085 3316 Περὶ
1120 3247 1346 3300 Ἰωσίου.
1391 3249 1528 3319 Περὶ
1556 3247 1650 3302 τοῦ
1677 3245 1884 3318 βιϐλίου

294 3335 390 3388 τοῦ
447 3333 635 3403 νόμου,
679 3331 740 3388 οὗ
773 3331 900 3407 εὗρε
932 3337 1171 3402 Χελκίας
1213 3340 1274 3392 ὲν
1301 3337 1436 3409 οτκῳ
1461 3337 1688 3408 Κυρίου.
1745 3336 1886 3406 Περὶ

1974 2165 2064 2204 mo
2121 2149 2295 2220 primo
2379 2162 2504 2216 rege
2563 2144 2750 2201 Israel.
2817 2143 2894 2198 Ile
2959 2140 3246 2204 Pbaccsio,
3301 2137 3560 2194 vicesimo

1975 2241 2216 2299 secundo
2277 2254 2402 2309 rege
2446 2237 2634 2293 Israel.
2679 2236 2755 2292 De
2805 2237 3038 2300 Pbacee,
3098 2233 3355 2288 vicesimo
3401 2232 3560 2284 tertio

1977 2352 2102 2405 rege
2131 2334 2316 2390 Israel.
2346 2332 2420 2388 De
2441 2329 2718 2386 Joatham.
2759 2328 2833 2383 De
2856 2327 3060 2382 Acbaz.
3115 2325 3188 2378 De
3219 2324 3378 2388 Osee,
3401 2323 3558 2375 vice-

1977 2430 2120 2484 simo
2145 2435 2340 2498 quarto
2370 2441 2494 2494 rege
2519 2423 2704 2480 Israel.
2751 2420 2933 2474 Prima
2989 2417 3297 2487 captivitas.
3347 2405 3576 2467 Dclcoi

1977 2520 2161 2574 nibus.
2225 2515 2568 2572 Fundatores
2617 2514 2855 2568 urbium.
2893 2511 2969 2566 De
3013 2508 3264 2573 Ezechia,
3287 2505 3432 2576 quod
3463 2521 3576 2570 uso.

1980 2625 2090 2681 que
2117 2610 2184 2666 ad
2211 2608 2500 2665 Ezechiam
2525 2607 2724 2662 mansit
2781 2618 3008 2674 serpens
3053 2615 3260 2657 aeneus.
3300 2598 3374 2652 De
3419 2583 3578 2651 Sen?

1976 2701 2276 2757 nacherim.
2359 2699 2434 2754 De
2497 2696 2850 2768 mgrotatione
2918 2693 3168 2748 Ezechiae
3239 2691 3382 2760 regis
3461 2686 3560 2742 Ju-

1976 2795 2066 2850 da.
2127 2792 2204 2846 De
2258 2792 2440 2846 missis
2491 2805 2524 2845 a
2576 2787 2826 2845 Herodac
2885 2786 2952 2841 ad
3001 2784 3313 2840 Ezecliiam.
3346 2781 3420 2836 De
3447 2783 3561 2834 Μει-

1980 2899 2160 2940 nasse.
2227 2882 2304 2936 De
2356 2882 2546 2936 Amos.
2595 2882 2672 2935 De
2729 2877 2904 2934 Josia.
2934 2878 3008 2932 De
3053 2875 3194 2931 libro
3223 2874 3375 2944 legis.
3397 2888 3558 2942 quem

1979 2975 2188 3034 invenit
2221 2974 2476 3032 Cbelcias
2513 2975 2568 3028 in
2593 2973 2756 3028 domo
2778 2969 3018 3025 Domini.
3049 2967 3122 3022 De
3165 2965 3424 3022 Joachaz.
3488 2965 3562 3018 De

1979 3067 2208 3122 Eliacim
2257 3067 2450 3122 eodem
2495 3079 2561 3120 ac
2605 3061 2846 3120 Joacim.
2893 3061 2970 3116 De
3029 3056 3560 3116 Nabuchodonosor.

1989 3157 2068 3213 De
2091 3156 2328 3222 Joacim,
2369 3157 2482 3212 ﬁlio
2532 3156 2780 3210 Eliacim.
2809 3151 3087 3224 {Secunda
3135 3149 3446 3220 captivitas.
3484 3145 3561 3200 De

1992 3247 2216 3304 Sedecia
2244 3248 2356 3302 lilio
2374 3245 2610 3303 Joacim.
2639 3245 2820 3301 Tertia
2849 3242 3151 3314 captivitas.
3183 3241 3258 3296 De
3279 3237 3583 3298 Nabuzar-,

1991 3339 2120 3394 dan.
2145 3339 2349 3405 Quarta
2374 3339 2686 3409 captivitas.

318 3425 574 3496 Ἰωαχάζ.
609 3427 743 3498 Περὶ
785 3427 1041 3498 Ἐλιακὶμ
1091 3429 1182 3484 τοῦ
1213 3429 1308 3482 καὶ
1347 3427 1593 3499 Ἰωακίμ.
1653 3427 1790 3500 Περὶ
1841 3425 2335 3500 Ναϐουχοδονόσορ.
2385 3429 2523 3500 Περὶ
2561 3426 2788 3498 Ἰωακὶμ
2817 3422 2938 3478 υίοῦ
2996 3419 3269 3492 Ἐλιακίμ.
3321 3416 3582 3490 Βάίχμτ

302 3523 536 3578 αλωσια.
555 3523 691 3595 Περὶ
721 3523 968 3576 Σεδεκίου
996 3525 1138 3589 υἱοῦ,
1178 3525 1420 3593 Ἰωακίμ.
1451 3525 1492 3578 Γ
1490 3530 1505 3554 '
1525 3525 1890 3595 αἰχμαλωσία.
1924 3525 2062 3596 Περὶ
2088 3523 2500 3598 Ναϐουζαρδάν.
2532 3520 2585 3576 A'
2623 3518 2986 3592 αἰχμαλωσία.

713 3637 1356 3691 ΠΑΡΔΛΕΙΠΟΜΕΝΩΝ
1393 3635 1466 3694 A'.

377 3747 653 3813 Βασιλεῖς.
713 3747 1037 3819 Ἦγεμόνες.
1085 3748 1283 3803 Σαούλ.
1323 3748 1460 3819 Περὶ
1516 3744 1881 3820 Σολομῶντος.

719 3839 1364 3896 ΠΑΡΑΛΕῙΠΟΜΕΝΩΝ
1399 3841 1466 3899 Β’.

389 3951 682 4022 Ἀμασίας.
749 3949 958 4016 Ὀζίας.
999 3949 1197 4020 Ἀχαζ.
1241 3949 1509 4020 Ἐζεκίας.
1559 3949 1884 4022 Μανασσῆς.

303 4043 530 4188 ὲΑμώς.
575 4041 810 4108 Ἰωσίας.
853 4041 1108 4114 ἰωαχάζ.
1165 4039 1438 4111 Ἐλιακίμ.
1477 4041 1754 4114 Ἰεχονίας.
1787 4042 1887 4096 Σε-

335 4135 516 4198 εκίας.

938 4243 1159 4300 ΕΣΔΡΛ
1199 4241 1282 4300 A'.

379 4355 520 4426 Περὶ
555 4356 658 4426 τῆς
705 4355 962 4428 τελευτῆς
1021 4355 1248 4412 Ἰωσίου.
1312 4354 1452 4427 Περὶ
1506 4353 1700 4426 Ἀχάζ.
1730 4351 1889 4426 [Περὶ

305 4448 582 4504 Σεδεκίου.
619 4447 760 4520 Περὶ
791 4447 887 4504 τοῦ
918 4446 1346 4520 προστάγματος
1393 4445 1604 4518 Κύρου.
1636 4445 1773 4516 Περὶ
1794 4443 1888 4499 τοῦ

305 4537 547 4610 ἀριθμοῦ
594 4537 705 4592 τῶν
737 4537 946 4592 σκευῶν
977 4537 1087 4591 τῶν
1131 4537 1194 4590 ὲν
1231 4539 1302 4608 τῇ
1347 4535 1722 4606 αἰχμαλωσίᾳ.
1755 4533 1892 4604 Περὶ

307 4628 416 4682 τῶν
461 4629 937 4699 καταγραψάντων
992 4627 1286 4682 Ἰουδαίων.
1323 4628 1460 4698 Περὶ
1491 4625 1745 4698 Δαρείου,
1794 4625 1890 4680 καὶ

297 4715 442 4787 ¹περὶ.
472 4717 582 4770 τῶν
610 4723 659 4788 γ’
689 4717 990 4772 νεανίσκων
1013 4717 1125 4772 τῶν
1151 4719 1220 4773 τὰ
1251 4717 1460 4788 προσλή
1471 4733 1620 4786 ματα
1647 4715 1894 4788 γραψάν-

307 4823 441 4862 των.
495 4807 636 4879 Περὶ
683 4808 780 4864 τοῦ
829 4810 1134 4880 αἰτήματος
1183 4807 1498 4882 Ζοροσάσελ
1517 4847 1534 4874 ,
1595 4807 1690 4861 καὶ
1740 4807 1892 4870 ὅπως

308 4897 526 4971 ἔγραψε
555 4903 780 4970 Δαρεῖος
806 4902 905 4974 τὴν
934 4901 1252 4972 ἐλευθερίαν
1274 4903 1356 4966 είς
1384 4902 1486 4973 τὴν
1525 4899 1890 4973 Ἰερουσαλὴμ

1913 3641 1961 3702 G

2451 3629 3041 3691 PARALIPOMENON
3069 3629 3114 3684 ὶ.

2057 3743 2257 3817 Reges.
2301 3743 2502 3799 Duces.
2557 3741 2710 3798 Saul.
2743 3741 2820 3798 De
2867 3739 3181 3794 Salomone.

2437 3845 3024 3910 PARALIPOMENON
3053 3847 3120 3903 II.

2057 3966 2329 4023 Amasias.
2347 3964 2528 4022 Ozias.
2549 3957 3348 4018 Acbaa.Ezechias.Manasses.
3374 3947 3586 4011 Amos.'

1987 4057 2189 4116 Josias.
2214 4057 2470 4113 Joachaz.
2501 4053 2749 4111 Eliacim.
2780 4051 3098 4108 Jechonias.
3133 4047 3422 4104 Sedecias.

2642 4231 2895 4292 ESDRIE
2925 4235 2968 4292 I.

2051 4353 2128 4410 De
2165 4360 2342 4410 morte
2365 4349 2554 4406 Josiae.
2591 4349 2666 4405 De
2689 4347 2897 4404 Achaz.
2925 4345 3004 4401 De
3017 4343 3269 4402 Sedecia.
3295 4341 3372 4400 De
3391 4342 3572 4399 edicto

1989 4443 2136 4517 Cyri.
2157 4443 2236 4499 De
2255 4457 2488 4498 numero
2511 4453 2766 4496 vasorum
2801 4452 2926 4508 quas
2953 4437 3138 4492 ablata
3191 4443 3350 4490 erant
3387 4434 3442 4490 in
3476 4449 3570 4490 ca-

1995 4535 2258 4606 ptivitate.
2297 4532 2372 4588 De
2415 4529 2846 4588 inscribentibus
2889 4527 3116 4584 Iudaeis.
3175 4526 3251 4582 De
3296 4525 3480 4591 Dario,
3515 4533 3572 4580 et

1994 4629 2062 4682 de
2095 4627 2270 4683 tribus
2315 4625 2610 4695 juvenibus
2665 4621 3006 4693 problemata
3053 4619 3436 4676 scribentibus.
3495 4617 3572 4672 De

1994 4715 2252 4788 petitione
2287 4713 2608 4776 Zorobabel,
2635 4720 2690 4768 et
2747 4709 3026 4784 quomodo
3075 4709 3299 4779 scripsit
3359 4706 3562 4762 Darius

1997 4809 2304 4864 libertatem
2366 4803 2572 4862 .ludaais
2605 4805 2662 4861 in
2718 4801 3049 4860 Jerusalem.
3113 4799 3192 4856 De
3230 4798 3500 4870 regressis
3541 4813 3572 4852 a

1997 4900 2332 4972 captivitate.
2362 4897 2655 4970 Exemplar
2683 4897 2928 4968 epistola:
2974 4909 3140 4966 quam
3161 4892 3385 4964 scripsit
3407 4889 3573 4946 Dario

308 4993 427 5054 τοῖς
471 4992 760 5060 Ἰουδαίοις.
785 4971 924 5067 Περὶ
948 4995 1057 5048 τῶν
1083 4971 1400 5051 ἀναϐάντων
1428 4971 1537 5050 ἀπὸ
1585 4971 1688 5065 τῆς
1727 4993 1879 5062 αἰχμ-

1991 5003 2048 5050 et
2067 4971 2216 5048 misit
2232 4993 2298 5049 ad
2321 5007 2468 5048 cum.
2499 4991 2770 5057 Sisinnes,
2803 4999 2912 5046 etc.
2934 4987 3090 5056 Quod
3107 4986 3356 5042 decimus
3385 4993 3574 5040 sextus

309 5083 578 5150 αλωσίας.
615 5087 976 5159 Ἀντίγραφον
1009 5087 1298 5158 ἐπιστολῆς
1322 5083 1388 5160 ἧς
1415 5085 1624 5156 ἔγραψε
1655 5087 1886 5154 Δαρείῳ,

2001 5084 2068 5136 ab
2095 5085 2244 5138 Aron
2273 5089 2392 5136 erat
2420 5081 2645 5136 Esdras.

313 5178 412 5229 καὶ
441 5177 784 5232 ἀπέστειλεν.
815 5180 1086 5251 Σισίννης,
1110 5197 1166 5234 κ.
1203 5198 1253 5236 τ.
1279 5179 1330 5234 λ.
1359 5180 1480 5232 Ὅτι
1509 5178 1570 5243 ἒξ
1593 5177 1688 5232 καὶ
1712 5177 1876 5232 δέκατ

1980 5174 2081 5230 ἀπὸ
2131 5173 2342 5246 ’Δαρὼν
2371 5173 2400 5228 ὁ
2433 5171 2692 5243 Ἔσδρας.
2723 5168 2884 5224 Liber
2916 5167 3000 5222 hic
3033 5165 3450 5222 numerationem
3477 5163 3576 5216 lm-

313 5269 396 5326 bet
435 5269 512 5342 ρθ¹
545 5271 766 5342 στίχων,
801 5272 906 5331 109
957 5273 1332 5330 versiculorum
1365 5272 1554 5344 quibus
1589 5281 1819 5326 constat.

1773 5361 1988 5416 ΕΣΔΡΔ
2029 5358 2108 5416 B'.

459 5483 586 5553 (Hic
617 5483 746 5541 liber
766 5484 918 5540 nulla
953 5486 1104 5540 habet
1153 5484 1384 5555 capitum
1445 5493 1775 5574 argumenta,
1803 5495 2044 5624 riguum
2083 5491 2280 5622 magis)
2321 5477 2756 5548 numerationem,
2795 5487 2856 5534 ut
2911 5477 3173 5548 superior,
3205 5469 3432 5536 exhibet,

1620 5571 1698 5608 πα
1742 5569 1824 5606 στι
1908 5567 1962 5620 ν,
1995 5567 2130 5607 vers.
2235 5593 2250 5608 .

1620 5567 1706 5608 πα·
1742 5567 1962 5620 στιχων,
1995 5567 2130 5607 vers.
2163 5567 2250 5608 δι.
