4080 6428
561 428 701 491 1υ55

1261 434 1654 495 OPUSCULA
1694 431 2330 495 SCRIPTURISTICA
2374 432 2725 493 INCER'I‘JE
2764 430 3072 498 IETATIS.

3678 434 3816 505 1056

1207 737 1467 823 ΠΕΡΙ
1532 734 2100 821 ΤΕΣΣΛΡΩΝ
2171 734 2401 819 ΤΟΥ
2478 734 3184 826 ΠΑΡΛΔΕΙΣΟΥ

1896 923 2485 1010 ΠΟΤΑΜΩΝ.

1052 1271 1195 1358 DE
1274 1270 1847 1376 QUATUOR
1924 1272 2672 1364 FLUMINIBUS
2746 1274 3344 1367 PARADISI.

1736 1484 1903 1546 (Auct.
1932 1495 2194 1546 anonymo.
2229 1483 2433 1533 anuu
2457 1484 2495 1545 I,
2519 1484 2650 1548 466.)

636 1790 775 1843 Ister
836 1789 1057 1853 ﬂumen,
1112 1789 1318 1844 dictum
1394 1789 1598 1845 Phison
1670 1787 1813 1859 apud
1895 1788 2137 1843 divinam

2318 1789 2442 1842 Ὀτι
2468 1790 2497 1843 ὁ
2530 1790 2743 1860 Ἴστρος
2770 1790 2799 1844 6
2826 1791 3092 1861 ποταμὸς,
3114 1792 3407 1863 λεγόμενος
3451 1797 3633 1851 Φισὼν
3680 1802 3820 1872 παρὰ

567 1881 904 1951 Seripturam
926 1922 940 1944 ,
965 1892 1018 1935 et
1050 1897 1080 1935 e
1108 1880 1369 1936 Paradiso
1393 1882 1601 1947 exiens,
1634 1891 1694 1936 ut
1713 1890 1909 1935 caetera
1936 1879 2140 1950 Tigris,

564 1970 866 2037 Euphrates
917 1983 969 2024 et
999 1969 1147 2025 Geon
1192 1972 1433 2037 ﬂumina,
1476 1981 1530 2026 et
1568 1980 1859 2041 penetrans
1892 1970 1946 2025 in
1990 1981 2149 2025 terra:

565 2060 820 2129 abyssos.
851 2070 902 2114 et
934 2061 986 2114 in
1023 2061 1365 2115 occidentem
1390 2062 1640 2124 tendens,
1669 2061 1841 2115 currit
1877 2075 1943 2115 ex
1965 2059 2148 2129 Apen-

565 2148 693 2201 nino
724 2159 906 2203 monte
933 2151 1026 2218 qui
1060 2166 1090 2205 a
1123 2152 1256 2205 mari
1290 2150 1478 2205 Siculo
1532 2150 1788 2221 dirigitur
1852 2165 2028 2219 usque
2078 2148 2146 2203 ad

564 2239 864 2294 Germanos
896 2242 986 2310 qui
1020 2253 1149 2297 sunt
1193 2242 1350 2312 juxta
1406 2242 1683 2297 Borealem
1752 2257 2055 2309 oceanum;
2095 2251 2150 2297 et

564 2330 693 2385 inde
724 2332 948 2385 vertitur
970 2334 1035 2387 ad
1061 2335 1355 2397 orientem.
1390 2342 1444 2388 et
1473 2333 1592 2388 ﬂuit
1622 2334 1676 2388 in
1714 2333 1948 2388 Pontum
1981 2334 2149 2387 Euxi-

568 2435 700 2473 num
765 2436 865 2492 per
922 2436 1018 2477 ora
1051 2432 1308 2493 quatuor.
1359 2423 1509 2479 Istud
1570 2424 1769 2477 ﬂumen
1821 2424 1877 2478 in
1925 2422 2149 2479 Oriente

564 2522 790 2569 vocatur
827 2513 1038 2579 Galles;
1078 2524 1254 2570 mutat
1284 2525 1470 2571 autem
1510 2530 1709 2570 nomen
1744 2516 1797 2570 in
1830 2516 2146 2580 Occidente,

572 2605 710 2661 Ister
753 2607 1111 2681 appellatum,
1168 2618 1223 2663 et
1251 2623 1282 2662 a
1309 2607 1617 2664 Thracibus
1650 2607 1933 2664 Danubius
1980 2609 2146 2663 etiam

570 2706 848 2753 vocatum.
900 2697 967 2750 Et
1022 2699 1329 2753 maximum
1409 2699 1632 2769 quidem
1680 2710 1763 2755 est
1814 2700 2140 2767 ﬂuminum;

568 2806 661 2858 per
682 2805 740 2844 se
767 2791 983 2857 quidem
1044 2791 1166 2846 Nilo
1197 2792 1398 2857 minus,
1446 2793 1537 2847 sed
1557 2792 1826 2861 recipiens
1862 2793 2149 2849 inﬂuentes

567 2879 635 2933 ad
670 2894 730 2934 se
765 2880 980 2945 ﬂuvios,
1002 2879 1123 2933 Nilo
1154 2881 1331 2949 majus
1359 2882 1609 2938 eﬂicilur.
1640 2882 1835 2938 Decem
1864 2892 1918 2937 et
1942 2894 2147 2952 septem

569 2972 716 3025 Iluvii
757 2972 812 3026 in
842 2973 971 3026 illud
1016 2972 1271 3026 inﬂuunt.
1308 2972 1448 3028 Sunt
1474 2984 1656 3029 autem
1687 2975 1773 3029 isti
1816 2975 1898 3029 :E
1926 2975 2147 3046 Scythia

567 3067 852 3135 quinque,
905 3066 1131 3122 Paratas
1175 3066 1317 3121 idem
1382 3082 1447 3121 ac
1498 3066 1761 3139 Pyretus,
1816 3067 2146 3133 Tiarantus,

2248 1881 2317 1951 τῇ
2357 1880 2477 1952 θείᾳ
2506 1880 2719 1951 Γραφῇ,
2754 1880 2848 1934 καὶ
2878 1880 2973 1934 τοῦ
3016 1883 3357 1953 Παραδείσου
3392 1886 3575 1952 ἐξιὼν,
3630 1889 3819 1962 ὥσπερ

2250 1971 2346 2025 καὶ
2388 1973 2439 2024 οί
2478 1971 2657 2025 λοιποὶ
2708 1972 2922 2044 Τίγρις,
2979 1975 3295 2046 Εὐφράτης,
3354 1980 3448 2032 καὶ
3502 1979 3682 2051 Γηὼν,
3731 1984 3821 2036 καὶ

2251 2062 2451 2127 ὑποδὺς
2483 2064 2611 2126 τοὺς
2653 2065 2858 2134 μυχοὺς
2879 2066 2978 2134 τῆς
3010 2066 3135 2135 γῆς,
3170 2068 3265 2120 καὶ
3294 2069 3373 2131 είς
3400 2069 3554 2124 δύσιν
3586 2072 3819 2144 ἀπερχό-

2254 2171 2437 2224 μενος,
2472 2154 2668 2208 ὲκδιδοϊ
2708 2153 2803 2209 τοῦ
2861 2157 3174 2210 Ἀπεννίνου
3212 2158 3372 2229 ὅρους
3416 2161 3513 2214 τοῦ
3544 2161 3821 2234 διήκοντος

2249 2243 2358 2297 ἀπὸ
2401 2242 2502 2313 τῆς
2545 2242 2836 2311 Σικελικῆς
2890 2244 3172 2317 θαλάσσης
3217 2246 3322 2310 ἕως
3376 2249 3482 2302 τῶν
3530 2248 3821 2321 Γερμανῶν

2249 2332 2357 2384 τῶν
2403 2332 2541 2402 πρὸς
2579 2331 2658 2402 τῷ
2692 2331 2928 2404 βορῤείῳ
2965 2332 3193 2404 ὠκεανῷ
3216 2351 3231 2367 ο
3285 2336 3540 2389 κάκεῖθεν
3599 2338 3819 2408 σύρεται

2251 2425 2389 2494 πρὸς
2422 2423 2708 2493 ἀνατολὴν,
2738 2424 2832 2477 καὶ
2867 2424 2982 2494 χέει
3015 2427 3096 2488 είς
3124 2424 3217 2479 τὸν
3246 2424 3497 2491 Εὔξεινον
3522 2428 3724 2484 Πόντον
3740 2429 3821 2487 διὰ

2254 2520 2295 2567 ε’
2326 2514 2628 2585 στομάτων.
2647 2506 2816 2578 Οὗτος
2853 2517 2910 2568 ὲν
2937 2518 3003 2587 τῇ
3046 2516 3305 2589 Ἀνατολῇ
3338 2518 3667 2589 ὀνομάζεται
3694 2520 3817 2577 Γάλο

2250 2602 2386 2673 λης’
2438 2602 2695 2657 ἀλλάσσει
2743 2605 2800 2658 δὲ
2839 2605 2901 2658 τὸ
2946 2606 3119 2675 ὄνομα
3159 2608 3216 2659 ὲν
3260 2609 3327 2678 τῇ
3358 2606 3552 2675 Δύσει,
3618 2612 3819 2682 Ἴστρος

2251 2694 2743 2765 προσαγορευθεὶς,
2779 2696 2873 2749 καὶ
2921 2696 3025 2750 ὑπὸ
3054 2698 3289 2769 Θρᾳκῶν
3336 2702 3636 2767 Δανούϐιος
3670 2706 3819 2760 πάλιν

2250 2785 2608 2856 καλούμενος.
2644 2787 2756 2841 Καὶ
2794 2782 2948 2852 οὗτος
2981 2789 3080 2857 μὲν
3116 2790 3373 2860 μέγιστός
3405 2793 3521 2847 ἔστι
3546 2798 3817 2866 ποταμῶν,

2250 2878 2386 2932 ἀλλὰ
2432 2878 2557 2931 καθ’
2590 2878 2756 2934 αὑτὸν
2801 2880 2899 2951 μὲν
2936 2882 3114 2952 ἥττων
3152 2882 3249 2936 τοῦ
3297 2884 3515 2952 Νείλου,
3572 2888 3820 2959 ὑποδεχό-

2255 2988 2416 3040 μενος
2446 2971 2503 3025 δὲ
2545 2971 2675 3035 τοὺς
2717 2973 3027 3042 είσρέοντας
3060 2975 3117 3027 ὲν
3157 2975 3340 3047 αύτῷ,
3374 2977 3468 3030 καὶ
3507 2978 3608 3032 τοῦ
3636 2980 3819 3035 Νείλου

2254 3060 2458 3131 μείζων
2509 3061 2740 3130 γίνεται.
2793 3061 2863 3128 Ιζ⁹
2905 3064 3014 3136 γάρ
3062 3066 3301 3136 ποταμοὶ
3358 3069 3737 3127 είσϐάλλουσιν
3766 3073 3821 3127 ἐν

567 3160 799 3222 Ararus,
851 3156 1421 3228 Naparis.0rdessus.
1470 3157 1545 3212 Ex
1597 3159 1914 3229 Agathyrsis
1968 3167 2146 3213 autem

2256 3151 2425 3222 αὐτῷ.
2491 3153 2611 3206 Εἰσὶ
2640 3153 2697 3207 δὲ
2740 3148 2923 3208 οὗτοι*
2954 3155 3021 3209 ὲκ
3052 3157 3152 3227 μὲν
3191 3158 3427 3223 Σκυθίας
3454 3167 3515 3226 ε’,
3550 3163 3821 3235 Παράτας,

568 3248 732 3303 Maris
923 3258 1052 3314 tres,
1086 3250 1471 3315 Atlas,Auras,
1500 3250 1740 3305 Timisis.
1775 3249 1814 3303 E
1846 3249 2151 3306 Thracibus

565 3338 833 3410 Crobyzis
866 3347 984 3395 tres
1005 3379 1021 3405 ,
1055 3340 1218 3404 Atax,
1243 3338 1406 3404 Noes,
1432 3349 1488 3395 et
1513 3340 1765 3396 Artanes.
1797 3342 1837 3394 E
1866 3340 2077 3398 Paranis
2099 3351 2153 3396 et

566 3440 749 3485 monte
771 3431 1213 3501 RhodopeChius
1235 3432 1430 3487 ﬂuvius
1450 3432 1661 3488 medius
1676 3432 2147 3489 dividiturHaemo.

566 3522 644 3576 Ex
686 3522 883 3594 Illyriis
930 3524 1211 3579 montibus
1240 3524 1307 3578 ad
1336 3524 1554 3599 boream
1586 3535 1807 3579 ventum
1841 3540 2070 3594 vergens
2093 3526 2147 3579 in

567 3615 919 3671 Triballicum
984 3632 1198 3686 agrum,
1258 3617 1475 3686 Angrus
1553 3616 1727 3672 ﬂuens
1758 3617 1812 3671 in
1845 3616 2146 3687 Brongum,

568 3708 817 3777 Brongus
856 3719 1039 3763 autem
1077 3711 1130 3763 iu
1160 3708 1382 3763 Istrum.
1419 3708 1461 3761 E
1491 3710 1713 3778 regione
1754 3710 2143 3777 Ombricorum

567 3799 753 3868 Calpis
780 3812 834 3854 et
856 3801 1032 3870 Alpis.
1054 3800 1296 3853 lnﬂuunt
1328 3809 1512 3853 autem
1545 3800 1709 3853 etiam
1741 3798 1830 3854 alii
1856 3799 1909 3853 in
1944 3800 2146 3869 ipsum,

567 3905 599 3943 e
626 3891 824 3958 quibus
852 3891 909 3945 ﬁt
937 3892 1182 3952 omnium
1212 3889 1498 3944 ﬂuminum
1539 3890 1872 3943 maximum.l
1912 3888 2148 3957 Equale

571 3992 749 4035 autem
776 3982 877 4038 sibi
903 3982 1021 4037 ﬂuit
1063 3983 1115 4036 in
1139 3991 1327 4039 aesmte
1350 3994 1402 4038 et
1426 3982 1623 4048 hieme,
1657 3981 1784 4052 quia
1810 3996 2004 4051 parum
2030 3982 2147 4053 ipsa

572 4085 713 4129 terra
732 4076 1017 4148 irrigatur;
1039 4077 1255 4131 nivibus
1276 4086 1455 4131 autem
1476 4084 1646 4132 totum
1669 4076 1854 4131 alitur.
1883 4073 1939 4131 In
1960 4084 2149 4131 aestate

571 4182 699 4221 vero
744 4184 866 4238 quae
901 4168 953 4222 in
989 4168 1170 4223 hieme
1198 4168 1397 4222 cecidit
1445 4168 1537 4223 nix
1582 4168 1869 4223 abundans
1923 4168 2148 4222 omnino

568 4259 883 4330 liquefacta,
944 4260 996 4313 in
1021 4260 1217 4314 Istrum
1246 4259 1455 4316 deﬂuit.
1476 4260 1753 4325 Quantum
1782 4271 1964 4315 autem
1991 4275 2147 4329 aqme

568 4353 654 4407 sol
684 4353 921 4407 extrahit
952 4355 1006 4407 in
1050 4363 1238 4408 aastate
1267 4355 1346 4407 vel
1371 4354 1423 4407 in
1452 4354 1650 4418 hieme,
1676 4362 1888 4408 tantum
1920 4354 2145 4408 ﬂumina

2253 3244 2282 3295 6
2309 3243 2403 3295 καὶ
2438 3243 2703 3316 Πυρετὸς,
2733 3246 3056 3313 Τιάραντος,
3095 3248 3356 3321 Ἄραρος,
3391 3250 3668 3322 Νάπαρις,
3706 3254 3818 3326 Ὀρ-

2250 3335 2447 3404 δησσός
2471 3353 2486 3367 °
2513 3337 2652 3390 ἐκδὲ
2687 3338 3039 3411 Ἀγαθύρσων
3067 3341 3369 3412 Μάρις.....
3401 3347 3574 3415 τρεῖς,
3608 3347 3822 3412 ΙἌτλας,

2251 3427 2457 3500 Δύρας,
2494 3430 2716 3499 Τίμισις
2738 3447 2752 3461 ·
2785 3433 2850 3485 ὲκ
2878 3432 2937 3485 δὲ
2966 3432 3075 3486 τῶν
3107 3434 3340 3506 Θρᾳκῶν
3373 3437 3481 3490 τῶν
3509 3436 3820 3509 Κρωϐύζων

2250 3522 2421 3589 τρεῖς.
2480 3519 2673 3586 Ἀταξ,
2706 3521 2874 3589 Νόης,
2916 3523 3012 3575 καὶ
3071 3523 3373 3594 Ἀρτάνηςο
3405 3527 3469 3580 ὲκ
3497 3526 3555 3580 δὲ
3587 3527 3818 3582 Παιόνων

2251 3614 2345 3667 καὶ
2379 3613 2542 3683 ὄρους
2603 3613 2865 3685 Ῥοδόπης
2913 3615 3045 3679 Κίος
3093 3618 3339 3688 ποταμὸς
3382 3620 3548 3687 μέσος
3587 3620 3816 3690 σχίζεται

2249 3705 2346 3759 τόν.
2374 3703 2547 3777 Αἷμον
2568 3725 2581 3742 ·
2626 3712 2691 3763 ὲκ
2715 3711 2773 3765 δὲ
2827 3712 3105 3783 Ἱλλυριῶν
3150 3711 3297 3783 ὀρῶν
3319 3715 3412 3767 τὸν
3450 3714 3591 3786 πρὸς
3622 3715 3814 3787 βηρρᾶν

2250 3797 2450 3868 ἄνεμον
2482 3799 2691 3868 βάλλων
2724 3804 2802 3865 είς
2850 3803 2908 3856 τὸ
2941 3804 3303 3874 Τριϐαλλικὸν
3336 3806 3541 3870 πεδίον,
3591 3809 3815 3877 Ἄγγρος

2252 3890 2458 3960 ὲκχέων
2480 3892 2560 3955 είς
2586 3894 2675 3946 τὸν
2698 3894 2964 3965 Βρόγγον,
2984 3897 3011 3950 6
3031 3896 3088 3950 δὲ
3108 3896 3352 3967 Βρόγγος
3371 3900 3451 3963 είς
3477 3899 3572 3954 τὸν
3595 3901 3813 3971 Ἴστρον·

2251 3981 2316 4034 ὲκ
2343 3980 2400 4035 δὲ
2437 3981 2538 4053 τῆς
2572 3981 2755 4056 χώρας
2801 3986 2909 4039 τῶν
2947 3987 3258 4059 Ὀμϐρικῶν
3311 3990 3526 4053 Κάλπις
3558 3992 3655 4044 καὶ
3701 3988 3817 4042 Ἀλ-

2251 4090 2364 4136 πις.
2410 4073 2768 4130 Είσϐάλλουσι
2835 4077 2890 4131 δὲ
2936 4078 3031 4132 καὶ
3080 4080 3257 4149 ἕτεροι
3309 4083 3391 4145 εἰς
3432 4082 3621 4149 αὐτὸν,
3659 4083 3715 4148 ἐξ
3748 4074 3823 4138 ὧν,

2249 4164 2459 4233 γίνεται
2495 4167 2712 4223 πάντων
2745 4170 3005 4241 ποταμῶν
3038 4172 3315 4244 μέγιστος.
3357 4173 3498 4238 Ἴσος
3525 4174 3585 4227 δὲ
3619 4176 3701 4246 ῥεῖ
3725 4174 3816 4227 αύ-

2249 4257 2340 4320 τδς
2371 4258 2549 4330 ἑαυτῷ
2574 4260 2632 4313 ἐν
2665 4260 2815 4331 θέρει
2847 4264 2941 4316 καὶ
2968 4264 3222 4334 χειμῶνι,
3252 4266 3336 4319 ὅτι
3367 4266 3547 4335 ὀλίγον
3580 4268 3820 4338 βρέχεται

2249 4351 2388 4422 αῦτη
2427 4352 2593 4423 ήγῆ·
2645 4353 2845 4424 νιφετῷ
2872 4355 2930 4409 δὲ
2971 4356 3150 4410 πάντα
3190 4359 3411 4428 χρᾶται.
3457 4360 3544 4412 Ἐν
3592 4360 3737 4431 θέρει
3765 4356 3823 4417 δὲ

568 4464 691 4517 qua:
716 4448 768 4502 in
802 4447 1003 4503 Istrum
1055 4447 1338 4502 conﬂuunt
1378 4457 1659 4517 praestant,
1722 4447 1899 4501 multo
1935 4448 2143 4516 majora

2251 4442 2285 4510 ἡ
2313 4443 2373 4493 ὲν
2397 4440 2475 4510 τῷ
2501 4441 2731 4511 χειμῶνι
2758 4443 3003 4499 πεσοῦσα
3030 4444 3164 4516 χιὼν
3195 4447 3364 4519 πολλὴ
3385 4449 3665 4518 τηκομένη
3690 4448 3816 4499 πάν-

568 4542 623 4596 in
651 4548 837 4595 aestate
868 4556 1033 4609 quam
1068 4540 1121 4593 in
1153 4541 1352 4594 hieme.
1383 4538 1706 4594 Substitutis
1733 4539 1805 4592 ita
1848 4538 1933 4593 his
1962 4539 2142 4608 aquis,

568 4634 626 4687 Iit
653 4632 1052 4701 compensatio,
1088 4633 1244 4685 itaut
1279 4646 1496 4700 semper
1525 4629 1658 4685 illud
1691 4630 1762 4685 sit
1783 4630 1885 4687 sibi
1912 4631 2141 4700 aequale.

568 4723 705 4779 Ister
760 4727 1042 4794 proprium
1090 4738 1290 4777 nomen
1338 4730 1521 4777 servat
1566 4737 1741 4792 usque
1776 4723 1842 4776 ad
1881 4721 2143 4776 Sirmium

568 4817 853 4885 antiquam
906 4814 1279 4869 Romanorum
1347 4812 1683 4869 fortunatam
1746 4813 1961 4877 urbem,
2016 4813 2144 4868 ulti-

2247 4531 2421 4599 τοθεν,
2466 4534 2740 4588 εἰσϐάλλει
2768 4535 2848 4607 τῷ
2889 4538 3110 4610 Ἴστρῳ.
3149 4539 3314 4594 Ὅσον
3364 4539 3422 4593 δὲ
3452 4539 3601 4612 ὕδωρ
3628 4543 3658 4594 6
3678 4540 3815 4610 ἥλιος

2247 4624 2535 4694 ἐφέλκεται
2565 4628 2624 4679 έν
2651 4627 2729 4697 τῷ
2759 4627 2927 4699 θέρει,
2951 4629 2985 4699 ἢ
3012 4631 3070 4684 ὲν
3093 4630 3171 4702 τῷ
3191 4630 3443 4702 χειμῶνι,
3473 4630 3726 4685 τοσοῦτον
3753 4628 3816 4682 τὰ

2250 4718 2638 4789 συμμιγόμενα
2678 4720 2756 4791 τῷ
2789 4722 2987 4794 Ἴστρῳ
3032 4723 3414 4779 πολλαπλάσιά
3445 4724 3565 4778 ἐστι
3593 4723 3687 4777 τοῦ
3722 4722 3815 4777 θέαι

2252 4826 2380 4880 ρους
2446 4811 2479 4879 ἢ
2514 4812 2607 4865 τοῦ
2640 4798 2944 4883 χειμῶνος·
2997 4814 3385 4886 ἀντιτιθέμενα
3410 4815 3469 4870 δὲ
3502 4815 3698 4882 ταῦτα,
3728 4814 3817 4871 ἀντι

568 4921 661 4959 1110
711 4913 893 4961 autem
947 4906 1051 4960 sub
1086 4904 1352 4975 Gepidum
1404 4905 1705 4974 regionem,
1752 4904 1956 4959 amittit
1996 4906 2142 4975 apud

2250 4905 2545 4974 τισήκωσις
2590 4905 2820 4974 γίνεται,
2850 4906 2932 4971 ὡς
2997 4907 3087 4962 ἀεὶ
3114 4907 3230 4962 ῐσον
3258 4907 3421 4961 αὐτὸν
3446 4902 3589 4961 εἶναι
3629 4902 3812 4973 ἑαυτῷ.

567 4998 854 5067 indigenas
896 4997 1047 5067 prius
1075 5013 1296 5063 nomen,
1348 4996 1739 5068 Danubiusque
1786 5005 2034 5051 vocatur.
2071 4996 2146 5052 Ita

568 5107 697 5146 vero
721 5091 823 5161 ipsi
848 5089 1089 5146 Thraces
1119 5102 1472 5153 vocaverunt,
1493 5090 1621 5160 quia
1643 5092 1695 5143 in
1722 5088 2004 5144 montibus
2023 5104 2145 5143 ver-

570 5196 665 5236 sus
696 5191 907 5236 aretum
936 5192 990 5235 et
1011 5181 1302 5237 Thraciam
1335 5183 1635 5236 nebulosus
1666 5196 1759 5235 aer
1777 5189 1995 5251 propter
2013 5180 2147 5235 sub-

561 5274 830 5343 jacentem
857 5274 1100 5329 humoris
1121 5274 1535 5338 abundantiam,
1553 5274 1661 5329 illis
1682 5289 1847 5328 causa
1872 5281 2147 5342 perpetuae

566 5367 761 5435 pluviae
790 5366 1027 5420 videtur.
1075 5364 1384 5419 Danubium
1412 5375 1595 5421 autem
1630 5367 1788 5435 quasi
1818 5365 2146 5419 nelmlosam

566 5458 833 5512 cervicem
866 5457 955 5513 isti
992 5458 1165 5527 patria
1203 5458 1387 5528 lingua
1412 5468 1631 5513 vocant.
1673 5458 1800 5512 Inde
1840 5456 2151 5513 immutavit

568 5548 866 5606 Istersnam
883 5550 1325 5620 appellationem,
1360 5550 1750 5620 Danubiusque
1778 5560 2008 5605 vocatus
2037 5556 2143 5604 est.

570 5636 793 5693 Minime
830 5647 1013 5693 autem
1049 5641 1251 5693 mirum
1279 5649 1363 5694 est
1411 5640 1455 5693 si
1493 5639 1625 5694 Ister
1652 5654 1684 5694 e
1715 5638 1977 5694 Paradiso
2009 5638 2149 5692 dila-

574 5726 727 5790 bens,
759 5734 814 5781 et
843 5729 985 5796 apud
1021 5729 1358 5798 Scripturam
1398 5730 1598 5786 Phison
1630 5741 1876 5796 vocatus,
1906 5746 1971 5785 ex
1993 5730 2145 5785 occi-

574 5815 772 5874 dentali
789 5829 993 5888 monte,
1031 5822 1378 5893 Apcnnitttlm
1393 5823 1791 5891 dico,videatur
1809 5822 2142 5880 relroﬂucre.

2249 4990 2418 5056 Οὗτος
2440 4996 2469 5048 6
2502 4995 2713 5067 Ἴστρος
2734 4998 2834 5067 τὴν
2867 4998 3004 5051 ἰδίαν
3032 4998 3409 5070 προσηγορίαν
3437 4997 3698 5066 φυλάσσει
3718 4995 3816 5057 ἕως

2251 5084 2477 5154 Σιρμίου
2523 5086 2621 5156 τῆς
2676 5087 2841 5140 πάλαι
2884 5087 3171 5159 Ῥωμαίων
3240 5087 3561 5159 εὐδαίμονοςι
3597 5087 3809 5147 πόλεως.

2249 5176 2477 5245 ἔσχατον
2522 5177 2581 5230 δὲ
2632 5178 2738 5232 ὑπὸ
2790 5180 3049 5251 Γηπέδων
3111 5180 3475 5250 οἰκουμένης,
3531 5176 3811 5233 ἀποϐάλλει

2253 5268 2436 5338 μέντοι
2483 5271 2634 5340 παρὰ
2670 5272 2782 5335 τοῖς
2824 5272 3144 5343 ἐπιχωρίοις
3174 5274 3235 5326 τὸ
3268 5269 3579 5342 ἔμπροσθεν
3625 5270 3806 5335 ὕνομα,

2250 5360 2538 5425 Δανούϐιος
2591 5364 2974 5435 μετακληθείς.
3025 5363 3183 5418 Οῦτω
3224 5364 3281 5418 δὲ
3325 5363 3488 5417 αὐτὸν
3529 5364 3578 5415 οί
3610 5362 3809 5432 Θρᾷκες

2250 5454 2535 5522 ἐκάλεσαν,
2574 5455 2711 5509 διότι
2737 5458 2819 5519 εὶς
2868 5458 2938 5510 τὰ
2981 5456 3119 5526 πρὸς
3172 5457 3408 5527 ’Ἄρκτον
3442 5455 3537 5517 καὶ
3579 5452 3808 5525 Θρᾳκίαν

2250 5545 2355 5615 ὅρη
2389 5547 2655 5617 συννεφὴς
2681 5548 2711 5600 6
2743 5547 2852 5619 ἀὴρ
2888 5549 2953 5601 ὲκ
2979 5551 3078 5620 τῆς
3104 5548 3477 5617 ὑποκειμένης
3509 5547 3614 5599 τῶν
3637 5542 3816 5615 ὑγρῶν.

2252 5636 2539 5707 ἀμετρίας,
2569 5638 2739 5700 αἴτιος
2767 5640 2951 5702 αὐτοῖς
2981 5638 3241 5710 συνεχοῦς
3278 5638 3583 5710 ἐπομϐρίας
3606 5633 3809 5705 νομίξε⁴

2251 5746 2360 5783 ται.
2421 5729 2709 5783 Λανούϐιον
2756 5730 2812 5784 δὲ
2853 5730 2946 5785 τὸν
2997 5731 3357 5801 νεφελοφόρον
3386 5733 3579 5785 ἐκεῖνοι
3600 5724 3814 5781 καλοῦσι.

2257 5822 2519 5893 πατρίως.
2605 5822 2883 5878 Ἐντεῦθεν
2939 5823 3344 5897 μεταϐέϐληκεν
3387 5822 3417 5876 6
3464 5822 3671 5893 Ἴστρος
3718 5814 3807 5880 τὴν
