4080 6416
252 408 392 477 1057

1297 410 1394 472 DE
1425 411 1503 475 IV
1556 411 2040 476 FLUMINIBUS
2094 413 2477 477 PARADISI.

3361 415 3499 482 1058

249 524 441 581 ἑαυτοῦ
470 521 792 594 ὀνομασίαν,
821 523 1114 589 Δανούϐιος
1154 526 1539 596 μετακληθείς.
1574 528 1741 583 Οὐδὲν
1761 530 1818 583 δὲ

1922 530 2135 585 Etenim
2163 539 2218 585 et
2247 528 2403 586 Nilus
2417 531 2599 586 dictus
2619 530 2792 597 Geon,
2813 544 2844 587 ε
2865 530 3127 587 Paradiso
3148 530 3339 586 eodem
3366 546 3495 600 pro-

249 616 559 688 θαυμαστδν
584 614 613 668 ό
650 616 866 687 Ἴστρος
917 614 1303 688 ἐξορμώμενος
1330 618 1424 672 τοῦ
1466 619 1817 690 παραδείσου,

249 711 340 765 καὶ
383 707 535 779 παρά
575 710 641 780 τῇ
682 708 874 780 Γραφῇ
925 708 1217 779 λεγόμενος
1270 710 1468 776 Φισὼν,
1500 713 1566 764 ὲκ
1592 712 1688 764 τοῦ
1718 712 1821 782 τῆς

247 799 451 861 δύσεως
503 798 685 869 ὄρους,
738 799 883 869 λέγω
928 799 993 870 δὴ
1039 799 1135 853 τοῦ
1196 802 1511 856 ’Λπεννίνου
1564 803 1819 872 φαίνεται

247 887 549 959 άναρρέων.
584 889 693 942 Καὶ
735 888 847 957 γὰρ
885 889 979 942 καὶ
1003 892 1031 943 ό
1058 890 1249 954 Νεῖλος
1277 892 1305 945 ό
1338 891 1636 962 λεγόμενος
1661 893 1820 963 Γηὼν

249 982 311 1034 ἐκ
338 976 431 1033 τοῦ
467 978 635 1033 αὐτοῦ
699 980 1030 1053 παραδείσου
1074 982 1299 1053 προῖὼν,
1347 983 1477 1055 μίαν
1515 984 1614 1054 μὲν
1640 984 1821 1055 πηγὴν

248 1072 358 1142 ἔχει
383 1070 464 1135 είς
493 1069 728 1143 Διϐύην,
778 1073 971 1145 ἑτέρας
1019 1074 1087 1127 δὲ
1128 1074 1221 1128 δύο
1258 1077 1339 1139 είς
1364 1076 1464 1147 τὴν
1496 1076 1609 1129 ἀνω
1637 1076 1820 1129 Αἰθιο-

248 1165 379 1219 πίαν
423 1168 567 1220 κατὰ
614 1165 822 1229 Νότον,
873 1158 949 1218 ὧν
1004 1165 1354 1236 μισγομένων
1407 1166 1729 1238 πλημμυρεῖ
1758 1167 1821 1220 τὸ

249 1256 392 1327 ὕδωρ
424 1254 615 1321 αὐτοῦ,
660 1256 754 1308 καὶ
800 1255 1012 1320 ποτίζει
1051 1257 1150 1326 τὴν
1188 1257 1466 1324 Δῖγυπτον
1504 1257 1819 1325 Αὐγούστου

250 1345 441 1417 μηνός.
488 1344 601 1397 Καὶ
633 1346 748 1407 τοῖς
781 1344 880 1414 μὲν
910 1343 1130 1408 πολλοῖς
1161 1346 1311 1399 δοκεῖ
1354 1346 1590 1416 ἀπορίας
1619 1346 1821 1411 πολλάς

246 1435 475 1499 τίκτειν,
502 1434 622 1497 πῶς
654 1434 714 1488 ἐν
737 1433 919 1505 καιρῷ
964 1434 1246 1506 αὐχμώδει
1285 1436 1624 1509 πλημμυρεῖ,
1660 1438 1822 1510 ἡνίκα

247 1525 513 1597 λιψυδρία
543 1526 780 1597 ὑπάρχει
807 1526 885 1597 τῷ
914 1527 1098 1582 παντί.
1129 1527 1255 1592 Τοῖς
1284 1528 1343 1582 δὲ
1365 1530 1433 1583 τά
1459 1530 1559 1600 τῆς
1596 1532 1822 1603 Γραφῆς

246 1616 510 1671 ἀσκοῦσιν
569 1617 829 1688 οὐδεμίαν
875 1618 1050 1673 τίκτει
1104 1620 1460 1691 ἀμφιϐολίαν.
1511 1623 1677 1677 Ὅθεν
1726 1625 1821 1678 καὶ

247 1709 403 1781 παρά
438 1711 553 1774 τοῖς
588 1709 983 1779 ίεροτελεσταῖς
1025 1711 1134 1764 τῶν
1178 1713 1515 1780 Αἰγυπτίων,
1550 1714 1626 1777 ὡς
1666 1715 1822 1786 ἐρευ-

238 1803 378 1857 ’νῶσι
414 1803 484 1856 τὰ
517 1801 757 1874 κρύφια,
824 1803 1167 1867 Ἀστάσπους
1215 1804 1563 1875 ὀνομάζεται,
1595 1806 1624 1859 ὃ
1646 1808 1821 1879 ἑρμη-

1920 623 2098 688 diens,
2130 638 2296 676 unum
2336 623 2553 692 quidem
2589 621 2793 678 fontem
2826 623 2988 678 habet
3013 623 3069 677 iu
3120 621 3311 692 Libya,
3358 623 3496 676 alios

1921 722 2101 768 autem
2131 713 2273 768 duos
2323 713 2377 767 in
2408 716 2694 784 superiore
2727 714 3009 784 EthiOpia
3042 729 3239 770 versus
3268 713 3492 779 Notum,

1918 807 2118 877 quibus
2140 806 2396 861 immistis
2414 809 2612 863 crescit
2625 807 2744 879 eius
2766 823 2928 879 aqua,
2952 816 3007 863 et
3041 807 3179 878 rigat
3197 806 3492 877 Egyptunt

1922 913 2106 953 mense
2132 899 2399 969 Augusto.
2433 898 2617 956 Multis
2638 901 2857 971 quidem
2891 900 3102 955 videtur
3127 899 3297 953 multa
3329 899 3493 953 dubia

1920 1003 2134 1056 parere,
2163 989 2307 1058 quod
2343 991 2397 1044 in
2428 1000 2675 1061 tempore
2714 992 2981 1046 siccitatis
3014 1000 3248 1054 crescat,
3272 991 3493 1060 quando

1919 1078 2116 1134 ardens
2141 1080 2290 1134 calor
2313 1082 2494 1135 omnia
2525 1091 2774 1152 occupat.
2795 1080 2891 1137 llis
2927 1092 3105 1136 autem
3132 1083 3224 1153 qui
3255 1083 3493 1152 scriptu-

1920 1184 2037 1224 ram
2072 1170 2271 1225 callent
2319 1172 2524 1227 nullam
2550 1173 2693 1228 istud
2727 1173 2870 1242 parit
2914 1173 3328 1228 ltzesitatiouem.
3366 1172 3493 1227 Inde

1919 1259 2082 1313 etiam
2114 1261 2255 1329 apud
2298 1275 2486 1315 sacras
2529 1260 2905 1331 Egyptiorum
2943 1260 3240 1323 doctrinas,
3282 1269 3341 1313 ut
3401 1274 3492 1313 ar-

1921 1366 2057 1405 cana
2081 1351 2386 1421 inquirunt,
2410 1352 2675 1421 Astaspus
2690 1352 3026 1415 nominatur,
3046 1351 3191 1421 quod
3224 1352 3491 1420 interpre-

1922 1453 2106 1501 lantur
2136 1444 2376 1517 Egyptii
2406 1459 2604 1515 aquam
2635 1460 2667 1500 e
2701 1444 2958 1509 tenebris,
2989 1446 3060 1498 ob
3097 1444 3492 1498 obscuritatem

1920 1536 2041 1606 ejus
2069 1551 2099 1590 e
2134 1544 2275 1590 terra
2302 1534 2644 1590 emersionis.
2674 1531 2777 1600 Qui
2810 1532 2955 1587 enim
2989 1532 3116 1586 talia
3150 1532 3216 1586 de
3232 1530 3352 1585 Nilo
3381 1546 3489 1585 nou

1921 1628 2220 1684 sentientes
2255 1628 2306 1681 in
2332 1626 2479 1682 mille
2500 1626 2665 1682 dubia
2689 1626 2912 1687 cadunt,
2929 1633 3150 1679 manent
3168 1630 3435 1693 perpetuo
3460 1638 3489 1675 a

1920 1718 2149 1775 veritate
2172 1727 2442 1773 errantes.
2468 1717 2536 1772 Et
2564 1716 2785 1789 quidem
2808 1716 2875 1772 de
2894 1713 3115 1785 Trigide
3138 1723 3193 1769 et
3213 1713 3496 1783 Euphrate

1922 1810 2063 1865 idem
2091 1824 2309 1880 quoque
2329 1810 2580 1864 sentitur.
2610 1810 2649 1864 E
2679 1807 2941 1863 Paradiso
2960 1806 3105 1861 enint
3130 1816 3359 1875 uterque
3386 1804 3501 1859 ori-

247 1892 464 1948 νεύεται
512 1894 638 1948 κατ’
663 1893 1000 1962 Αἰγυπτίους
1029 1895 1094 1947 ὲκ
1142 1894 1369 1959 σκότους
1417 1895 1592 1968 ὕδωρ,
1635 1897 1726 1950 διὰ
1757 1897 1819 1950 τὸ

1925 1900 2102 1969 ginem
2125 1898 2352 1961 ducens,
2378 1912 2579 1953 terram
2620 1898 3074 1965 subpenetrantes
3101 1903 3365 1965 apparent
3387 1894 3497 1949 cir-

248 1984 442 2053 ἀδηλον
489 1985 592 2056 τῆς
620 1986 925 2050 ἀναδόσεως
977 1984 1142 2039 αὐτοῦ
1193 1985 1301 2040 ἀπὸ
1330 1987 1429 2056 τῆς
1460 1987 1585 2057 γῆς.
1616 1988 1678 2041 Οί
1711 1976 1819 2058 γὰρ

254 2077 327 2147 μὴ
352 2076 526 2130 ταῦτα
571 2077 703 2149 περὶ
746 2075 911 2130 αὐτοῦ
957 2076 1273 2144 δοξάζοντες
1299 2080 1380 2141 είς
1410 2079 1613 2149 μυρίας
1658 2079 1821 2132 ἐκπί-

250 2185 475 2232 πτοντες
504 2170 760 2241 ἀπορίας,
805 2169 1059 2240 μένουσιν
1090 2170 1197 2233 ἕως
1229 2168 1415 2231 τέλους
1440 2171 1540 2240 τῆς
1563 2170 1820 2242 ἀληθείας

246 2256 717 2330 άποπλανώμενοι.
754 2260 863 2313 Καὶ
898 2258 1083 2328 μέντοι
1114 2258 1209 2312 καὶ
1259 2260 1389 2330 περὶ
1438 2259 1691 2329 Τίγριδος
1724 2259 1821 2312 καὶ

246 2352 536 2424 Εὐφράτου
577 2352 640 2405 τὸ
668 2352 801 2406 αὐτὸ
838 2352 1144 2418 δοξάζεται.
1201 2352 1297 2405 Ἐκ
1334 2351 1429 2405 τοῦ
1492 2352 1819 2421 παραδείσου

251 2445 359 2517 γάρ
416 2445 669 2516 ἑκάτεροι
725 2444 826 2517 τὴν
859 2445 1072 2513 γένεσιν
1101 2444 1345 2515 ἔχοντες,
1392 2444 1681 2507 ὑποδύντες
1722 2444 1822 2515 τὴν

244 2536 350 2606 γῆν
383 2535 772 2604 ἀναφαίνονται
823 2534 966 2589 κατὰ
1000 2534 1093 2588 τὸν
1134 2535 1349 2605 Ταῦρον
1406 2538 1468 2588 τὸ
1495 2534 1639 2606 ὅρος,
1673 2534 1768 2589 καὶ
1793 2536 1822 2588 ό

253 2629 355 2698 μὶν
402 2626 695 2705 Εὐφράτης
739 2626 905 2698 δήλην
929 2627 1041 2697 ἔχει
1083 2626 1183 2698 τὴν
1210 2627 1464 2682 ἀνάλυσιν
1490 2642 1504 2657 ο
1535 2626 1739 2681 κατιὼν
1764 2625 1821 2679 δὲ

244 2720 311 2772 ἐκ
340 2719 455 2772 τῶν
492 2718 723 2788 βορείων
771 2718 957 2789 μερῶν
1011 2717 1151 2790 πρὸς
1186 2720 1255 2773 τὰ
1308 2718 1459 2772 νότια
1506 2718 1822 2787 πλησιάζων

244 2811 324 2883 τῷ
348 2811 607 2883 Περσικῷ
651 2810 837 2881 κόλπῳ
883 2811 979 2882 ἕλη
1009 2812 1231 2882 ἐμποιεῖ
1258 2812 1352 2865 καὶ
1380 2811 1676 2882 καλαμὼδη
1704 2810 1824 2864 τέλ-

246 2920 421 2973 ματα,
452 2901 703 2973 καὶπερὶ
745 2901 884 2956 αὐτά
918 2902 1017 2973 μὲν
1067 2901 1403 2971 εἱλούμενος,
1449 2900 1660 2973 ἀδήλως
1683 2902 1824 2969 ἀφα-

243 2993 477 3058 νίζεται.
494 2993 551 3045 '0
582 2993 763 3063 μέντοι
784 2991 977 3063 Τίγρις
1005 2992 1113 3046 ἀπό
1132 3009 1275 3055 τινος
1301 2992 1497 3063 λίμνης
1523 2990 1825 3061 λεγομένης

242 3083 540 3148 Θωνίτιδος
565 3082 778 3153 ἀδήλως
807 3082 989 3150 ἐξιὼν,
1018 3083 1116 3137 καὶ
1147 3083 1311 3147 αὐτὸς
1346 3085 1557 3154 οίχεται
1587 3083 1725 3153 πρὸς
1753 3083 1823 3137 τὰ

222 3176 395 3233 ,νότια
453 3176 617 3247 μέρη,
652 3177 748 3231 καὶ
770 3176 1077 3230 διακόπτων
1100 3174 1193 3229 τὸν
1223 3175 1438 3247 Ταῦρον
1463 3174 1523 3229 τὺ
1547 3175 1671 3247 ὅρος
1691 3192 1758 3228 πε
1767 3176 1821 3246 pi.

239 3266 588 3330 Μασαϐἀτας
623 3266 837 3319 ἑνοῦται
861 3265 941 3336 τῷ
969 3264 1255 3335 Εὐφράτῃ,
1284 3266 1378 3318 καὶ
1398 3264 1690 3335 διασχίζων
1721 3264 1822 3335 τὴν

242 3358 567 3423 Βαϐυλῶνα,
599 3358 695 3411 καὶ
713 3356 917 3411 κατιὼν
943 3355 1172 3428 πλησίον
1188 3356 1509 3427 Τερηδόνος,
1544 3355 1818 3411 εἰσϐάλλει

244 3452 324 3515 είς
355 3451 452 3505 τὸν
500 3450 767 3520 Περσικὸν
800 3449 1022 3504 κόλπον.
1076 3447 1187 3519 Πρὸ
1215 3448 1272 3502 δὲ
1300 3447 1395 3501 τοῦ
1442 3447 1708 3520 ἐνωθῆναι
1738 3446 1819 3518 τῷ

242 3543 534 3615 Εὐφράτῃ,
587 3540 893 3612 ἀμφότεροι
944 3537 1197 3610 ἀλλήλων
1227 3539 1550 3613 διῃρημένοι
1606 3537 1821 3609 ῥέοντες

243 3635 467 3689 ποιοῦσι
490 3634 592 3705 τὴν
622 3632 924 3704 λεγομένην
952 3632 1382 3701 Μεσοποταμίαν
1430 3631 1660 3701 ἔχουσαν
1684 3629 1821 3683 πλά-

241 3742 335 3790 τος
391 3725 505 3780 ἀπὺ
535 3725 823 3797 Εὐφράτου
868 3725 1030 3796 μέχρι
1062 3722 1311 3793 Τίγριδος
1347 3723 1500 3794 μίλια
1548 3728 1688 3794 υκην,
1727 3722 1823 3775 καὶ

245 3816 441 3870 στάδια
475 3816 517 3880 ,δ
569 3815 711 3870 κατά
737 3814 835 3885 τὴν
859 3815 1234 3885 ἀναμέτρησιν
1281 3813 1699 3884 Ἐραστοθένους
1726 3811 1819 3865 τοῦ

242 3906 620 3978 πολυμαθοῦς.
690 3908 839 3961 Ἐπεὶ
866 3907 924 3961 δὲ
970 3906 1067 3977 τὴν
1119 3904 1293 3977 ἀρχὴν
1344 3907 1409 3959 ὲκ
1454 3905 1550 3959 τοῦ
1605 3907 1820 3977 Ἴστρου

244 3999 614 4070 ποιησάμενοι
637 3998 1022 4069 ῶλισθήσαμεν
1037 3999 1131 4052 καὶ
1152 3998 1396 4069 περὶτοῦ
1412 3999 1605 4052 Νείλου
1626 4000 1823 4066 εἰπεῖν,

240 4091 345 4143 οὐκ
375 4092 609 4161 ἄκαιρον
662 4089 946 4160 ἡγούμεθα
978 4091 1073 4144 καὶ
1101 4088 1289 4159 ἑτέρου
1323 4089 1627 4159 μνησθῆναι
1656 4106 1825 4158 κεφα-

243 4182 402 4235 λαίου
437 4182 778 4252 καταλλήλου
811 4182 1153 4252 ὑπάρχοντος
1188 4180 1284 4233 τοῦ
1318 4180 1571 4251 περὶτῆς
1603 4179 1824 4250 ἐκροίας

240 4276 440 4329 αὐτοῦ.
476 4276 585 4328 Kal.
619 4276 729 4345 γάρ
763 4274 853 4328 τὸν
883 4275 1075 4344 καιρὸν
1121 4273 1221 4341 τῆς
1264 4272 1454 4325 ἀνόδου
1485 4272 1580 4325 τοῦ
1624 4271 1819 4325 Νείλου

1847 3226 1894 3289 C

1921 2007 1984 2046 ca
2003 1989 2240 2045 Taurum
2266 1998 2623 2055 montem;et
2661 1989 2963 2056 Euphrates
3009 1988 3229 2056 quidem
3286 1985 3497 2056 perspi-

1918 2096 2080 2137 cuum
2115 2082 2274 2136 habet
2306 2095 2546 2145 cursum;
2572 2080 2908 2135 descendens
2927 2087 3151 2133 autcme
3184 2076 3496 2132 borealibus

1919 2174 2184 2243 partibus,
2210 2172 2275 2226 ad
2298 2173 2508 2226 noticas
2534 2171 2762 2226 tendens
2784 2185 2978 2226 versus
3006 2168 3282 2224 Persicum
3310 2167 3493 2222 sinum

1921 2264 2145 2334 paludes
2197 2272 2251 2317 et
2299 2262 2531 2317 calamis
2562 2260 2759 2315 referta
2814 2274 2970 2315 coena
3033 2257 3216 2320 eﬂicit,
3268 2264 3323 2311 et
3370 2256 3491 2311 haec

1920 2359 2067 2413 circa
2094 2356 2319 2419 elfusus,
2349 2354 2487 2410 clam
2516 2354 2862 2409 subducitur.
2892 2350 3071 2422 Tigris
3097 2359 3277 2404 autem
3303 2365 3333 2404 e
3362 2364 3497 2418 qua—

1920 2448 2044 2504 dam
2064 2447 2260 2518 palude
2278 2444 2572 2500 Tltonitide
2589 2452 2803 2509 vocata,
2822 2442 3130 2511 incognitus
3152 2440 3361 2505 exiens,
3382 2441 3498 2509 ipse

1920 2556 2137 2613 qquue
2161 2547 2409 2596 movetur
2434 2537 2501 2593 ad
2536 2538 2740 2593 uoticas
2766 2545 2968 2608 partes,
2987 2542 3041 2589 et
3069 2533 3309 2588 Taurum
3338 2547 3497 2588 mon-

1926 2642 2032 2688 tem
2105 2645 2301 2687 secans
2336 2630 2491 2698 juxta
2536 2627 2845 2683 Masabatas
2902 2626 3154 2697 jungitur
3205 2624 3494 2695 Euphrati,

1922 2721 2250 2793 Babylonem
2270 2719 2486 2785 dividit,
2523 2728 2575 2774 et
2607 2718 2853 2773 dilabens
2876 2717 3022 2771 circa
3052 2713 3411 2778 Teredonem,
3439 2714 3495 2767 in

1921 2813 2201 2869 Persicum
2244 2812 2427 2868 sinum
2462 2825 2522 2867 se
2551 2810 2793 2880 conjicit.
2849 2808 3178 2878 Priusquam
3220 2815 3403 2862 autem
3438 2821 3497 2861 se

1925 2918 2052 2960 cum
2088 2902 2365 2972 Euphrate
2397 2900 2770 2970 coniunxerit,
2812 2899 2975 2954 ambo
3002 2899 3070 2953 ab
3113 2898 3344 2951 invicem
3381 2896 3501 2951 dis-

1923 2998 2091 3052 tincte
2124 3005 2411 3051 currentes
2451 2994 2692 3049 etliciunt
2741 2994 3017 3063 regionem
3050 2991 3495 3061 Mesopotamiam

1924 3087 2149 3152 dictam,
2182 3086 2341 3157 cujus
2381 3084 2633 3149 latitudo,
2681 3082 2750 3137 ab
2812 3080 3090 3151 Euphrate
3140 3083 3206 3135 ad
3265 3080 3497 3151 Tigrim,

1923 3180 2094 3236 millia
2132 3179 2293 3233 habet
2318 3176 2444 3241 428,
2465 3187 2520 3232 et
2551 3176 2726 3231 stadia
2758 3174 2924 3241 4,000
2962 3174 3262 3230 secundum
3301 3172 3497 3228 Erato-

1928 3269 2142 3324 sthenis
2175 3265 2473 3337 polymathi
2507 3261 3148 3318 mensurationem.Cum
3176 3270 3357 3316 autem
3394 3263 3497 3316 ini-

1925 3362 2057 3417 tium
2086 3361 2154 3414 ab
2172 3360 2307 3414 lstro
2337 3357 2653 3421 fecerimus,
2686 3366 2739 3410 et
2757 3352 3140 3409 devene’rimus
3169 3354 3235 3409 ad
3266 3353 3498 3424 loquen-

1927 3453 2053 3508 dum
2075 3452 2142 3506 de
2171 3451 2310 3516 Nilo,
2340 3465 2445 3504 non
2470 3449 2894 3518 inopportunum
2923 3447 3238 3516 iudicamus
3265 3446 3491 3500 alterius

1928 3542 2245 3598 meminisse
2269 3541 2463 3611 capitis
2493 3540 2559 3594 ad
2592 3547 2888 3608 utrumque
2927 3537 3224 3607 spectantis
3244 3537 3312 3591 de
3338 3536 3497 3592 istius

1930 3649 2119 3690 cursu.
2164 3633 2300 3688 Nam
2356 3644 2600 3703 tempore
2640 3629 2980 3686 ascensionis
3025 3628 3130 3682 Nili
3168 3628 3491 3698 aperiebant

1928 3723 2160 3779 Romani
2190 3738 2382 3790 magna
2408 3721 2624 3791 publica
2657 3720 2872 3784 balnea,
2912 3727 2966 3773 et
2995 3719 3123 3789 quia
3156 3719 3302 3773 illius
3330 3718 3498 3774 inun-

1928 3818 2079 3873 datio
2118 3818 2176 3872 ῆι
2201 3816 2421 3886 quando
2459 3814 2542 3870 sol
2573 3823 2657 3870 est
2689 3813 2744 3867 in
2770 3813 2971 3877 Leone,
3004 3826 3273 3881 aquarum
3301 3811 3500 3867 ﬁstulis

1930 3909 2106 3965 leonis
2137 3911 2346 3963 vultum
2383 3907 2609 3962 dabant.
2642 3904 2770 3959 Inde
2801 3918 2865 3959 ex
2898 3905 3001 3958 hoc
3049 3919 3189 3958 usus
3223 3905 3413 3975 viguit,
3441 3915 3501 3959 ut
3536 3916 3539 3919 ‘

1925 4002 2279 4057 torcularium
2309 4000 2504 4057 ﬁstulis
2522 3990 2696 4054 leoni's
2717 3998 2923 4052 vultum
2942 3996 3105 4051 etiam
3128 3998 3499 4066 praestiterint,

1925 4093 2055 4162 quia
2080 4093 2190 4146 vini
2210 4092 2388 4147 ﬂuxus
2417 4091 2665 4145 imitatur
2693 4088 2800 4143 Nili
2829 4088 3127 4151 ﬂuentum,
3154 4086 3279 4155 quia
3310 4087 3363 4140 in
3383 4088 3500 4141 vin-

1925 4184 2121 4239 demia:
2148 4191 2392 4252 tempore
2430 4182 2513 4237 sol
2540 4195 2699 4236 suum
2723 4180 2779 4234 in
2805 4178 2988 4231 Leone
3013 4178 3302 4231 transitum
3335 4177 3500 4233 etlicit

1925 4274 1979 4330 in
2020 4275 2333 4345 temperatis
2374 4275 2530 4330 locis.

241 4367 610 4439 ἀνεῴγνυσαν
639 4368 692 4421 οι
732 4368 993 4438 Ῥωμαῖοι
1023 4366 1094 4420 τά
1134 4366 1345 4435 μεγάλα
1395 4365 1506 4419 τῶν
1546 4365 1821 4436 δημοσίων
1848 4366 2113 4439 λουτρῶν,
2175 4369 2270 4422 καὶ
2303 4368 2435 4422 διότι
2486 4369 2519 4438 ή
2572 4368 2835 4437 ἀνάχυσις
2864 4367 3030 4422 αὐτοῦ
3080 4367 3295 4437 γίνεται
3344 4362 3497 4434 ἡλίου

241 4462 400 4526 ὄντος
434 4463 498 4514 ὲν
534 4462 894 4527 Δέοντι,τούς
917 4457 1180 4530 κρουνοὺς
1202 4457 1312 4511 τῶν
1342 4456 1550 4511 ὑδάτων
1591 4457 1940 4522 λεοντοειδεῖς
1982 4457 2232 4511 ἐποίουνο
2265 4458 2388 4511 ὅθεν
2442 4458 2503 4522 ἐξ
2558 4458 2765 4512 ἐκείνου
2834 4458 3198 4529 ἐπεκράτησε,
3255 4455 3351 4509 καὶ
3388 4456 3499 4507 τῶν

248 4554 562 4625 ὐποληνίων
602 4555 730 4618 τοὺς
775 4554 1040 4623 κρουνοὺς
1105 4550 1624 4618 λεοντοπροσώπους
1686 4552 2179 4616 κατασκευάζουσι,
2235 4550 2376 4621 ὁτιή
2432 4549 2528 4605 τοῦ
2587 4551 2732 4604 οίνου
2791 4550 3064 4622 ἀπόῤῥοια
3111 4548 3359 4620 μιμεῖται
3398 4546 3498 4611 τὴν
3586 4584 3589 4589 .

244 4645 341 4700 τοῦ
375 4644 581 4701 Νείλου
612 4646 793 4716 χύσιν,
824 4646 907 4700 ὅτι
937 4646 997 4699 ὲν
1021 4643 1099 4716 τῷ
1138 4641 1317 4717 τρύγῃ
1345 4644 1373 4697 ό
1396 4642 1548 4715 ἥλιος
1592 4642 1689 4713 τὴν
1742 4642 1979 4714 πάροδον
2030 4640 2197 4697 αὐτοῦ
2245 4644 2302 4697 ὲν
2323 4642 2402 4713 τῷ
2456 4641 2644 4697 Λέοντι
2699 4642 2935 4697 ποιεῖται
2964 4640 3105 4696 κατά
3136 4639 3262 4704 τοὺς
3300 4638 3499 4709 εὐκρά-

243 4746 389 4802 τους
410 4738 635 4803 τόπους.
