4080 6424
636 410 774 477 1059
1340 408 1734 470 OPUSCULA
1773 406 2410 467 SCRIPTURISTICA
2449 404 2801 465 INCERTE
2824 405 3137 467 'AETATIS.
3740 408 3851 472 1060

646 553 3840 586 “Mm

1258 703 1657 761 ΣΥΝΑΓΩΓΙΙ
1690 699 2138 759 ΕΞΗῙἩΣΕΩΝ
2169 703 2298 757 ΕΙΣ
2349 702 2488 756 ΤΟΝ
2534 700 2930 760 nmmum
2954 701 3254 761 ΗΣΔΙΑΝ.

641 865 745 919 .Ex
780 861 1075 933 διαφόρων
1134 857 1319 928 ἁγίων
1378 855 1808 941 ζῖαξέρωῃκαί
1863 855 2251 941 διδασκάλων
2302 854 2721 941 ςυλλειζθεῒσία
2760 856 2918 941 παρὰ
2959 858 3066 914 τοῦ
3109 860 3552 941 ἀχέεπισκόπου
3609 865 3847 939 Κύπρου,

1229 928 1420 996 κυροῦ
1456 924 1765 981 Νικολάου
1798 926 1905 980 τοῦ
1934 924 2190 993 Μουζὰν,
2224 925 2331 980 τοῦ
2360 926 2629 997 μεγάλου
2653 924 2960 996 ,ϐασιλέως
2988 924 3326 1002 προθέὦρον

1018 1241 1492 1308 COLLECTIO
1530 1236 2426 1305 INTERPRETATIONUM
2460 1235 2557 1301 ΙΝ
2594 1237 2629 1301 1

1886 1236 2426 1303 RETATIONUM
2460 1235 2557 1301 ΙΝ
2594 1237 3138 1302 ΡΒΟΡΗΕΤΑΜ
3180 1242 3497 1305 ISAIAM.

627 1439 686 1498 E
725 1434 994 1501 diuersis
1032 1435 1269 1495 sanctis
1304 1432 1603 1495 Palribus
1635 1439 1697 1513 et
1716 1429 2111 1513 _Doctort'bus
2153 1427 2431 1513 ndunqta
2460 1429 3144 1513 per_archiepiscopum
3189 1431 3411 1513 Cypri,
3454 1434 3528 1493 ι).
3559 1432 3855 1499 Nicolaum

1663 1510 1918 1583 Mazan,
1964 1508 2173 1586 magni
2216 1508 2384 1585 regis
2426 1509 2854 1586 protheorum.
2996 1508 3013 1511 “
3188 1542 3191 1547 -

2247 1704 2315 1717 .—

1245 1837 1332 1894 PR
1345 1835 1638 1892 ZEFATIO.
2226 1832 2281 1894 Α

2226 1832 2281 1894 Α
2889 1834 3269 1893 ΠΡΟΛΟΓΟΣ.

699 1971 987 2030 Ordientes
1015 1981 1116 2022 nos
1146 1969 1548 2034 exposrtionem
1582 1958 1858 2029 propheta:
1884 1955 2039 2013 Isaia:
2090 1969 2212 2010 ver-

2388 1963 2755 2035 Ἀρχομένους
2772 1964 2919 2035 ἡμᾶς
2947 1965 3047 2036 τῆς
3071 1965 3450 2038 διασαφήσεως
3472 1969 3584 2023 τῶν
3629 1971 3721 2027 τοῦ
3747 1991 3854 2045 προ·

638 2065 860 2127 borum,
906 2074 1064 2113 orare
1104 2064 1340 2126 oportet,
1400 2063 1456 2106 ut
1510 2051 1843 2121 accipiamus
1909 2047 2210 2118 sapientia).

2316 2056 2489 2127 φήτου
2506 2057 2730 2111 Ἡσαΐου
2754 2057 3035 2127 ῥημάτων,
3064 2056 3318 2127 εὔχεσθαι
3342 2060 3470 2131 χρὴ,
3498 2061 3687 2118 λαϐεῖν
3708 2065 3855 2134 τὸτῆς

630 2154 873 2210 scientiae
896 2160 949 2206 et
977 2147 1241 2204 doctrina:
1303 2144 1564 2215 gratiam;
1600 2143 1675 2198 ita
1726 2150 1786 2195 ut
1813 2142 1998 2194 omnia
2049 2138 2212 2195 simul

2316 2148 2510 2217 σοφίας
2541 2149 2639 2203 καὶ
2670 2151 2730 2203 τὸ
2756 2147 2855 2219 τῆς
2893 2150 3147 2215 γνώσεως
3175 2152 3269 2205 καὶ
3295 2152 3357 2206 τὸ
3404 2155 3507 2224 τῆς
3536 2154 3854 2220 διδασκαλίας

628 2241 1009 2301 convenientia
1032 2238 1156 2293 duci
1176 2245 1365 2292 nostro
1403 2235 1639 2289 Domino
1695 2232 1930 2288 formam
1981 2231 2213 2286 induant

2312 2235 2582 2306 χάρισμα.
2632 2236 2773 2290 ὥστε
2835 2238 3015 2292 πάντα
3051 2238 3187 2308 ὁμοῦ
3237 2241 3617 2312 συνδραμόντα
3644 2245 3721 2315 τῷ
3746 2248 3854 2317 ἠγε-

627 2334 874 2392 veritatis
895 2333 1075 2387 omnis
1101 2346 1223 2401 qua:
1249 2328 1625 2399 prophetatur.
1654 2326 1753 2381 Est
1779 2325 1997 2395 quidem
2066 2338 2208 2393 opus

2316 2328 2436 2398 μόνι
2467 2328 2658 2399 Κυρίῳ
2680 2328 2838 2399 ὴμῶν
2867 2329 3174 2384 ὲντυττῶσαι
3206 2330 3306 2402 τὴν
3333 2333 3516 2404 πάσης
3540 2335 3640 2405 τῆς
3672 2354 3855 2408 προφη-

626 2428 797 2483 verbo
841 2421 1082 2479 scientiae
1117 2418 1186 2475 ad
1248 2417 1586 2473 cernendum
1669 2415 1909 2487 Spiritus
1964 2430 2206 2480 arcana;

2311 2419 2610 2489 τευομένης
2637 2420 2895 2490 ἀληθείας
2919 2421 3219 2492 μόρφωσιν.
3260 2424 3416 2480 Ἔστι
3448 2426 3505 2485 δὲ
3535 2427 3633 2482 τοῦ
3681 2430 3770 2499 μὲν
3793 2430 3855 2482 λό-

626 2519 801 2577 verbo
830 2526 1010 2573 autem
1044 2513 1327 2584 sapientia:
1353 2511 1419 2565 ad
1447 2510 1829 2581 explicandum
1853 2517 1907 2565 et
1934 2509 2210 2578 complen-

2311 2527 2411 2582 γου
2436 2511 2535 2579 τῆς
2560 2511 2816 2579 γνώσεως
2842 2513 3003 2584 χρεία
3030 2514 3166 2585 πρὸς
3199 2515 3261 2570 τὸ
3282 2516 3511 2589 θεωρεῖν
3549 2519 3648 2575 τοῦ
3705 2522 3850 2577 Πνεύ·

627 2614 761 2668 dum
798 2624 920 2681 quae
945 2607 1164 2662 concise
1205 2605 1260 2659 in
1301 2603 1658 2662 sermonibus
1689 2602 1946 2659 brevibus
1968 2610 2211 2658 suntex-

2315 2620 2484 2674 ματος
2512 2603 2580 2656 τά
2599 2604 2906 2675 ἀπόρρητα·
2935 2602 3029 2659 τοῦ
3056 2604 3117 2659 δὲ
3133 2605 3294 2673 λόγου
3313 2609 3410 2679 τῆς,
3435 2610 3629 2680 σοφίας
3649 2612 3773 2684 πρθς
3808 2614 3854 2669 τὸ

628 2713 900 2774 prompta.
932 2697 1219 2767 Proprium
1249 2696 1396 2750 enim
1429 2703 1514 2749 est
1555 2693 1838 2763 sapientiae
1896 2708 2208 2749 sermonem

2311 2696 2719 2751 κατασκευάσαι
2741 2697 2837 2751 καὶ
2870 2698 3272 2769 ἐξεργάσασθαι
3301 2702 3370 2755 τὰ
3397 2706 3855 2777 συνεστραμμένοις

628 2794 950 2849 extendere.
980 2789 1210 2844 Extendi
1234 2788 1404 2852 enim,
1433 2786 1633 2857 inquit,
1659 2800 1964 2854 sermones,
1998 2797 2051 2841 et
2096 2801 2208 2841 non

2310 2786 2371 2846 έν
2402 2785 2789 2856 βραχυλογίαις
2839 2788 3181 2860 ἐκδεδομένα.
3213 2791 3376 2845 Ἰδιον
3407 2792 3516 2864 γὰρ
3549 2798 3647 2863 τῆς
3694 2794 3856 2863 σοφίας

631 2879 1167 2940 exaudistis.Deinde
1195 2878 1456 2932 doctrinae
1476 2876 1650 2947 gratia
1679 2890 1816 2945 Opus
1834 2885 1916 2931 est
1945 2876 2012 2930 ad
2033 2876 2208 2932 aedili-

2309 2878 2371 2935 τὸ
2397 2880 2659 2933 ἐκτείνειν
2684 2879 3137 2948 λόγον.Ἐξέτεινα
3152 2882 3282 2952 γὰρ,
3299 2887 3453 2955 φησὶ,
3476 2886 3690 2956 λόγους,
3702 2889 3785 2943 καὶ
3805 2887 3856 2941 οὐ

634 2976 911 3032 cationem
947 2971 1314 3028 audientium.
1352 2967 1646 3023 Sciendum
1675 2977 1757 3023 est
1785 2968 1930 3024 enim
1954 2968 2207 3039 inprimis

2310 2969 2651 3042 προσείχετε.
2682 2972 2917 3027 Ἔπειτα
2930 2974 3016 3025 τοι
3037 2973 3137 3042 τῆς
3166 2973 3520 3040 διδασκαλίας
3544 2978 3855 3048 χαρίσματος

630 3077 884 3140 oportere
913 3076 1029 3121 uta
1089 3062 1476 3119 communibus
1532 3062 1816 3118 sententiis
1881 3060 2206 3118 festinantes

2309 3064 2390 3128 είς
2411 3061 2697 3133 οἰκοδομὴν
2713 3062 2822 3116 τῶν
2838 3063 3170 3121 ἀκουόντων.
3185 3065 3383 3120 ’ἰστέον
3395 3066 3504 3138 γὰρ
3523 3068 3627 3137 πρὸ
3645 3069 3855 3130 πάντων,

630 3160 686 3214 in
704 3160 815 3214 Deo
847 3154 1269 3212 contradictoria
1287 3162 1552 3223 quantum
1605 3152 1658 3206 in
1722 3167 1977 3209 sermone
2015 3153 2206 3209 insunt

2246 3213 2284 3230 ﬁ
2311 3154 2387 3217 ὡς
2400 3152 2507 3225 χρὴ
2522 3154 2630 3208 ἀπὸ
2648 3154 2758 3209 τῶν
2786 3155 2982 3210 κοινῶν
2997 3158 3215 3215 ἐννοιῶν
3238 3158 3605 3230 ὡρμημένους
3638 3161 3725 3214 ἐπὶ
3744 3159 3856 3215 Θεοῦ

636 3264 956 3321 agnoscere,
982 3262 1093 3302 non
1118 3246 1357 3302 sentiant
1387 3263 1402 3300 :
1435 3246 1595 3316 quasi
1619 3246 1922 3301 secundum
1969 3261 2214 3302 commu-
2246 3264 2247 3267 η

2246 3213 2287 3270 Β
2319 3213 2807 3317 τά’έ’να“θτιούμενα
2827 3247 2950 3301 ὅσον
2979 3250 3071 3303 ἐπὶ
3092 3213 3158 3320 τῇ
3187 3213 3339 3314 λέξειΙ
3360 3213 3664 3321 ὁμολογεῖν,
3694 3213 3767 3322 μη

646 3358 772 3397 nem
802 3339 1217 3411 intelligentiam
1255 3337 1395 3393 foret
1420 3337 1665 3393 divinam
1714 3348 1968 3393 naturam
2018 3338 2219 3393 bonam

2320 3339 2430 3390 εἶν’
2462 3334 2574 3392 οἷον
2604 3338 2744 3393 κατά
2763 3339 2867 3401 τὰς
2892 3340 3078 3404 κοινὰς
3099 3342 3397 3413 προλήψεις
3445 3344 3564 3397 tati.
3595 3345 3691 3415 τὴν
3732 3344 3855 3398 θείαν

635 3444 693 3489 et
726 3433 996 3504 placidam
1028 3441 1079 3488 et
1106 3430 1309 3499 justam
1338 3442 1651 3499 agnoscere.
1715 3428 1773 3483 Si
1814 3430 1962 3484 enim
2018 3428 2217 3484 iratum

2319 3424 2481 3493 φύσιν
2506 3424 2719 3495 ἀγαθὴν
2748 3427 2841 3481 καὶ
2869 3427 3139 3500 ἀόργητον
3176 3430 3274 3484 καὶ
3310 3431 3526 3487 δικαίαν
3582 3432 3851 3503 ὁμολογεῖν.

639 3528 725 3581 vel
757 3526 1027 3582 dolentem
1055 3523 1137 3577 vel
1160 3522 1513 3591 ptenitentem
1547 3520 1631 3575 vel
1658 3535 1767 3576 non
1789 3521 2087 3579 secundum
2112 3537 2221 3577 vo-

2331 3516 2456 3570 Ἐἀν
2480 3516 2587 3587 γὰρ
2627 3517 2979 3588 ὀργιζόμενον
3006 3520 3039 3591 ἢ
3070 3520 3410 3592 λυπούμενον
3436 3523 3469 3595 ἢ
3503 3525 3843 3595 μεταμελόμε·

641 3631 760 3675 tum
793 3616 954 3672 alieni
988 3624 1228 3671 utentem
1247 3614 1528 3682 Scriptura
1558 3613 1711 3677 dicit,
1742 3628 1990 3682 quaerere
2019 3627 2220 3668 conve-

2318 3624 2410 3662 νον
2438 3607 2470 3676 ἢ
2498 3608 2574 3680 μὴ
2595 3608 2717 3662 κατ’
2751 3609 2911 3675 ἀξίαν
2939 3614 3048 3664 τινὶ
3099 3610 3380 3684 χρώμενον
3408 3616 3441 3685 ή
3472 3616 3665 3689 Γραφὴ
3712 3617 3852 3684 λέγει,

630 3713 715 3766 uit
736 3710 886 3764 vocis
916 3707 1395 3775 signiﬁcationem,
1411 3713 1466 3758 et
1490 3705 1737 3758 meditari
1763 3719 1873 3773 quo
1896 3704 2058 3758 modo
2080 3705 2221 3765 hanc

2319 3699 2503 3771 ζητεῖν
2541 3702 2808 3771 προσήκει
2837 3700 2897 3755 τὺ
2926 3702 3025 3773 τῆς
3080 3702 3277 3771 λέξεως
3314 3704 3562 3778 βούλημα
3592 3710 3682 3762 καὶ
3728 3725 3856 3777 μεριο

632 3812 923 3859 νθειιιιιετο
945 3801 1242 3871 possimus,
1266 3814 1375 3852 non
1401 3805 1579 3852 autem
1612 3805 1922 3865 pervertere
1940 3796 2133 3866 dignas
2153 3798 2219 3852 de

2322 3794 2484 3863 μνᾷν,
2511 3792 2632 3846 τίνα
2657 3793 2857 3862 τρόπον
2885 3795 3337 3866 ἀποκαταστῆσαι
3371 3798 3706 3870 δυνηθῶμεν,
3758 3800 3855 3868 οὐχὶ

636 3894 747 3948 Deo
774 3890 1270 3963 suppositiones,et
1304 3889 1377 3942 ita
1400 3888 1518 3942 sine
1544 3885 1847 3941 oﬂensioue
1868 3901 2218 3941 recurremus

2318 3884 2376 3939 δὲ
2401 3884 2729 3955 ἀνατρέπειν
2749 3885 2849 3948 τὰς
2894 3886 3204 3956 ἀξιολόγους
3236 3890 3365 3960 περὶ
3396 3890 3533 3943 Θεοῦ
3569 3890 3849 3961 ὑπολήψεις.

639 3986 711 4041 ad
742 3985 1074 4054 Scripturas,
1104 3998 1168 4037 ex
1195 3980 1702 4052 expeditis'quidem
1755 3980 2040 4034 utilitatem
2086 3980 2221 4034 bau-

2319 3977 2416 4030 καὶ
2448 3975 2621 4039 οὕτως
2643 3978 3043 4048 ἀπροσκόπτως
3067 3981 3431 4050 ἐντευξόμεθα
3470 3986 3593 4046 ταῖς
3626 3983 3852 4054 Γραφαπο

633 4078 859 4140 rientes,
877 4091 941 4131 ex
965 4074 1217 4130 obscuris
1241 4080 1422 4127 autem
1458 4086 1567 4124 non
1610 4071 1877 4125 damnum
1911 4071 2215 4141 percipien-

2319 4068 2429 4125 ἀπὸ
2457 4068 2558 4138 μὲν
2589 4068 2698 4123 τῶν
2723 4070 3009 4142 εὐλήπτων
3033 4072 3422 4142 ὠφελούμενοι,
3442 4074 3511 4128 ὲκ
3544 4075 3601 4129 δὲ
3625 4074 3726 4129 τῶν
3745 4076 3853 4129 ἀσα-

634 4182 737 4227 tes.
769 4169 827 4224 Si
854 4168 982 4240 quis
1003 4181 1134 4222 vero
1163 4163 1641 4221 incusatdivinam
1670 4164 2039 4234 Scripturam,
2094 4172 2219 4217 tan-

2320 4160 2600 4231 φεστέρων
2645 4162 2721 4232 μὴ
2762 4162 3146 4232 βλαπτόμενοι.
3199 4164 3326 4219 Ἐὰν
3353 4164 3411 4220 δέ
3457 4182 3545 4230 τις
3580 4165 3770 4235 ἐγκαλῇ
3796 4164 3846 4231 τῇ

632 4274 798 4331 quam
831 4272 940 4313 non
980 4254 1364 4319 doctrinalem,
1401 4266 1510 4307 non
1576 4253 1927 4322 adjuvantem
1981 4253 2083 4307 bos
2123 4251 2223 4321 qui

2320 4252 2441 4323 θεία
2492 4254 2803 4324 Γραφῇ.ὼς
2855 4256 2916 4310 ού
2944 4256 3321 4329 διδασκαλικῇ,
3376 4257 3500 4311 οὐδὲ
3552 4258 3840 4330 εύεργετικῇ

631 4356 865 4425 possunt
893 4347 1181 4420 prolicere,
1225 4346 1405 4402 discat
1459 4358 1683 4399 omnem
1742 4344 2111 4398 humanarum
2134 4358 2219 4397 re~

2317 4340 2428 4394 τῶν
2456 4340 2784 4410 ὠφελεῖσθαι
2806 4344 3139 4415 δυναμένων,
3194 4347 3658 4418 καταμανθανέτω
3704 4348 3852 4401 πᾶσαν

635 4456 761 4497 rum
800 4438 1240 4507 dispositionem,
1298 4451 1405 4490 non
1452 4434 1508 4490 in
1560 4434 1946 4503 spiritualibus
1982 4444 2216 4498 tantum,

2318 4432 2416 4503 τὴν
2445 4433 2553 4487 τῶν
2579 4433 2935 4507 ἀνθρωπίνων
2965 4436 3345 4509 διακόσμησιν,
3374 4439 3476 4493 ούκ
3500 4441 3561 4493 ὲν
3580 4456 3692 4503 τοις
3715 4453 3850 4491 πνευ-

634 4533 730 4587 sed
758 4542 812 4585 et
845 4531 900 4583 in
930 4527 1282 4582 inferioribus
1310 4536 1366 4580 et
1398 4525 1467 4580 ad
1494 4526 1659 4579 vitam
1702 4524 2082 4594 spectantibus
2128 4539 2215 4578 re—
2241 4566 2245 4598 η

2241 4548 2285 4611 C
2322 4528 2576 4596 ματικοίς
2600 4528 2782 4597 μόνον,
2808 4526 2945 4582 ἀλλά
2976 4528 3071 4583 καὶ
3097 4532 3156 4584 έν
3203 4532 3317 4599 τοῖς
3361 4530 3762 4603 ὑποδεεστέροις
3780 4526 3851 4581 καὶ

637 4623 741 4676 bus
772 4627 1063 4675 constare:
1116 4616 1244 4686 quia
1276 4616 1453 4671 brutis
1504 4616 1722 4684 quidem
1781 4615 1992 4669 facilem
2032 4615 2098 4670 ad
2131 4615 2212 4668 vi-

2321 4618 2436 4677 τοῖς
2469 4615 2613 4669 κατὰ
2638 4616 2731 4669 τὸν
2751 4616 2866 4686 βίον
2897 4619 3218 4690 πράγμασιν
3237 4636 3253 4653 ⁸
3280 4620 3364 4675 ὃτι
3409 4625 3525 4686 τοῖς
3547 4622 3647 4691 μὶν
3672 4620 3850 4682 ἀλόγοις

638 4712 872 4766 vendunt
903 4723 1060 4778 opem
1092 4722 1247 4761 escas
1293 4714 1645 4775 spontaneas,
1682 4716 1736 4759 et
1776 4705 1861 4759 ad
1912 4705 2214 4759 naturalem

2318 4708 2541 4763 εὔκολον
2558 4710 2658 4781 τὴν
2678 4711 2816 4782 πρὸς
2852 4711 2916 4765 τὸ
2936 4712 3035 4784 ζῇν
3098 4714 3351 4787 ἀφορμὴν
3401 4716 3609 4787 τροφάς
3656 4711 3851 4782 αύτομά·

637 4802 901 4856 vestitum
929 4802 1166 4869 pilorum
1189 4808 1244 4853 et
1278 4798 1586 4867 plumarum
1620 4806 1952 4867 tegumenta,
1986 4798 2072 4851 illa
2097 4814 2218 4867 qua:

2315 4818 2466 4867 τους,
2524 4803 2619 4855 καὶ
2672 4804 2885 4875 σκέπην
2910 4805 3158 4876 αύτοφυᾶ
3200 4807 3297 4861 καὶ
3335 4808 3404 4862 τὰ
3441 4809 3506 4862 hc
3556 4808 3745 4878 τριχῶν
3779 4802 3850 4856 καὶ

638 4894 822 4948 omnia
851 4891 1121 4960 disposuit
1146 4891 1384 4960 potentia
1420 4889 1609 4959 largita
1653 4897 1755 4943 est.
1790 4889 2075 4945 Hominem
2117 4904 2216 4942 au-

2318 4892 2535 4962 πτερῶν
2568 4892 2861 4963 ἐνδύματα,
2891 4898 2924 4966 ἠ
2966 4896 3036 4949 τὰ
3059 4896 3350 4967 σύμπαντα
3407 4897 3752 4970 οἷκονομοῦσα
3777 4893 3848 4947 δύ-

640 4996 748 5041 tem
794 4987 1003 5039 nudum
1070 4983 1399 5052 produccns,
1457 4983 1730 5037 rationem
1808 4997 1906 5052 pro
1958 4983 2216 5036 erunibus

2320 5000 2486 5051 ναμις
2510 4984 2821 5055 ἐχαρίσατο.
2856 4986 2960 5041 Τὸν
2981 4987 3040 5041 δὲ
3062 4987 3351 5056 ἄνθρωπον
3377 4991 3586 5060 γυμνὸν
3629 5002 3846 5059 παραγα-

639 5079 716 5133 illi
779 5078 947 5143 dedit,
985 5091 1081 5146 per
1110 5091 1273 5145 quam
1337 5075 1501 5130 utiles
1557 5076 1683 5129 vitae
1731 5084 1875 5131 artes
1916 5074 2212 5129 conferun-

2318 5074 2494 5143 γοῦσα
2525 5075 2683 5144 λόγον
2706 5076 2907 5131 ἔδωκεν
2937 5080 3061 5135 ἀντὶ⁵
3088 5080 3329 5146 πάντων,
3362 5081 3431 5136 δι’
3463 5076 3526 5136 οὗ
3566 5082 3698 5136 αἵτε
3723 5094 3848 5148 πορι·

640 5180 748 5234 tur,
781 5170 1169 5234 architectura,
1191 5178 1431 5237 textura,
1465 5169 1823 5239 agricultura,
1848 5167 2211 5238 melallurgia,

2320 5167 2506 5222 στικαὶ
2562 5169 2899 5240 συνέστησαν
2958 5171 3165 5242 τέχναι,
3212 5173 3549 5245 οἰκοδομικὴ,
3598 5168 3847 5241 ὑφαντικὴ.

639 5261 965 5331 corporibus
1002 5260 1311 5314 necessaria
1351 5259 1786 5315 administrantel
1824 5267 2009 5315 mente
2050 5259 2217 5314 ratio-

2318 5259 2622 5330 γεωργικὴ,
2649 5258 3006 5330 χαλκευτικὴ,
3028 5261 3090 5315 τδ
3115 5264 3229 5325 τοῖς
3253 5262 3500 5333 σώμασιν
3541 5263 3711 5317 ἐνδέον
3743 5262 3848 5312 ἀνα-

641 5354 724 5409 nis
757 5369 880 5423 ope.
940 5352 1011 5408 Ut
1037 5354 1183 5407 enim
1222 5367 1333 5405 non
1362 5352 1523 5406 nobis
1580 5352 1831 5406 invidens
1887 5353 1990 5407 has
2035 5352 2100 5407 ad
2130 5352 2215 5405 vi-

2319 5352 2636 5423 πληρούσης
2654 5352 2754 5422 τῆς
2766 5352 2946 5421 ψυχῆς
2962 5355 3029 5423 τῇ
3044 5354 3316 5424 παρουσίᾳ
3338 5354 3433 5407 τοῦ
3460 5355 3637 5423 λόγου.
3673 5353 3847 5417 Ὠσπερ

642 5449 873 5500 vendum
900 5460 1056 5513 opes,
1084 5444 1287 5513 pariter
1312 5460 1374 5498 ac
1406 5444 1566 5497 bruta
1618 5443 1877 5497 animalia
1916 5460 2015 5498 nos
2063 5443 2215 5498 nasci

2317 5444 2427 5515 γὰρ
2464 5446 2524 5498 ὲν
2541 5445 2748 5508 τούτοις
2784 5445 2906 5516 οὐχὶ
2951 5444 3257 5514 βασκαίνων
3312 5448 3443 5517 ἡμῖν
3470 5446 3577 5499 τῶν
3635 5442 3758 5513 πρὸς
3801 5439 3847 5490 τὸ

643 5538 870 5592 omnino
903 5536 1134 5590 Creator
1168 5546 1354 5590 noster
1377 5549 1487 5589 non
1533 5536 1831 5600 concessit,
1859 5536 1953 5590 sed
1984 5535 2051 5589 ad
2085 5551 2214 5604 pro.

2319 5535 2421 5606 ζῇν
2440 5535 2709 5608 ἀφορμῶν
2779 5535 3181 5607 παραπλησίως
3232 5539 3345 5600 τοῖς
3391 5538 3604 5605 ἀλόγοις
3655 5547 3847 5588 συναπο-

638 5626 941 5680 curandum
963 5625 1271 5679 necessaria
1290 5623 1662 5693 intelligentiae
1682 5624 1987 5692 palaestram
2009 5626 2218 5678 instru-

2319 5625 2646 5696 γεννηθῆναι
2677 5625 2855 5679 πάντα
2877 5627 2907 5678 ό
2933 5627 3276 5697 Δημιουργὸς
3302 5627 3458 5697 ήμῶν
3484 5628 3545 5680 ού
3582 5620 3847 5693 συνεχώρη·

641 5716 755 5781 xit;
781 5718 855 5771 ita
883 5716 1010 5770 etin
1047 5716 1344 5785 Scripturis
1372 5715 1764 5769 obscuritatem
1815 5716 1881 5770 ad
1930 5718 2213 5771 utilitatem

2321 5734 2437 5778 σεν,
2500 5717 2637 5770 ἀλλά
2676 5716 2775 5787 τὴν
2830 5717 3038 5771 ἔνδειαν
3070 5718 3179 5771 τῶν
3231 5720 3541 5787 ἀναγκαίων
3591 5715 3847 5786 γυμνάσιον

643 5807 842 5861 mentis
864 5806 1135 5874 excitans,
1158 5808 1278 5874 ejus
1305 5804 1584 5874 energiam
1619 5809 1976 5877 comparavit.
2030 5810 2214 5865 Primo

2320 5810 2570 5879 ἡμῖντῆς
2616 5808 2853 5871 διανοίας
2905 5810 3306 5879 ἐμηχανήσατο,
3354 5810 3496 5864 οὕτω
3536 5814 3622 5863 καὶ
3678 5807 3765 5875 τὴν
3802 5806 3845 5853 ἐν
