4080 6482
333 439 477 508 1061

1273 439 1672 500 ΡΗΛΞΕΑΤΙΟ
1709 440 1810 502 AD
1843 439 2195 511 CATENAM
2232 442 2313 505 IN
2341 444 2700 510 PSALMOS.

3446 456 3596 535 1062

327 551 453 612 ταῖς
474 549 514 601 Γ
520 549 717 619 μικραῖς
743 547 1016 616 ἀσάφειαν
1041 543 1140 597 ἐπ’
1169 543 1408 618 ὠφελείᾳ
1438 545 1531 598 τοῦ
1562 545 1656 600 νοῦ
1707 546 1908 614 διεγεί-
1935 600 1939 609 ε

2014 552 2257 620 quidem,
2297 561 2356 608 ut
2389 553 2477 608 bis
2512 562 2774 625 occupata
2803 569 2958 611 mens
2997 571 3027 612 ιι
3062 556 3341 629 peioribus
3371 565 3584 622 abstra-

329 655 445 712 ρων
471 637 637 692 αὐτοῦ
669 638 767 709 τὴν
793 637 1074 708 ἐνεργείαν
1125 635 1445 704 ἐπετήδευσε
1470 653 1484 669 ο
1513 635 1730 706 πρῶτον
1783 637 1905 706 μὲν,

331 729 424 782 ῐνα
443 731 654 792 τούτοις
691 727 1153 799 ὲνασχολούμενος
1207 727 1316 781 τῶν
1355 727 1616 798 χειρόνων
1669 728 1907 800 ἀφέλκηο

331 836 447 873 ται·
502 819 716 886 ἔπειτα,
749 821 832 873 ὃτι
869 820 939 873 τὰ
996 820 1144 891 πόνῳ
1198 820 1468 890 κτηθέντα
1523 820 1726 892 μᾶλλόν
1786 837 1904 884 πως

330 912 614 980 ἀγαπᾶται
634 913 730 966 καὶ
757 912 827 965 τὰ
857 911 946 964 διὰ
976 911 1189 982 μακροῦ
1225 912 1630 982 προσγενόμενα
1663 911 1905 982 μονίμως

326 1019 390 1072 τε
425 1003 734 1074 παραμένει
761 1017 776 1031 ⁸
799 995 874 1055 ὧν
911 1001 968 1055 δὲ
999 1001 1162 1073 ῥᾳδία
1206 1002 1240 1072 ή
1270 1001 1484 1072 κτῆσις,
1517 1002 1576 1054 οὐ
1609 1001 1906 1072 περισπού-

326 1094 524 1158 δαστος
550 1097 584 1166 ἡ
615 1095 935 1158 ἀπόλαυσις·
953 1093 1424 1164 εὐκαταφρόνητος
1459 1093 1568 1165 γάρ
1595 1095 1629 1164 ἡ
1657 1093 1763 1146 τῶν
1781 1109 1903 1162 προ-

327 1186 532 1256 χείρων
581 1185 852 1256 παρουσία
907 1189 1001 1240 καὶ
1027 1186 1282 1256 οὐδεμιᾶς
1330 1184 1574 1255 φυλακῆς
1609 1183 1904 1254 ἀξιουμένη

327 1281 442 1342 τοῖς
473 1278 676 1352 έχουσι.
699 1280 798 1334 Διὰ
827 1278 987 1335 τοῦτο
1019 1278 1116 1332 καὶ
1135 1281 1168 1348 ἡ
1198 1278 1308 1332 τῶν
1328 1277 1554 1347 ὀνείρων
1576 1278 1737 1345 φύσις
1758 1277 1900 1330 ἀσα-

327 1371 441 1442 φὴς
471 1373 565 1426 καὶ
585 1372 810 1440 πλαγία,
839 1372 933 1426 καὶ
961 1372 1081 1426 οὐδὲ
1107 1372 1317 1441 μικρᾶς
1354 1370 1582 1439 δεομένη
1611 1369 1711 1440 τῆς
1728 1371 1794 1424 ἐκ
1808 1368 1903 1422 τοῦ

327 1459 426 1514 νοῦ
451 1461 779 1532 ἐντρεχείας,
813 1462 910 1516 καὶ
942 1461 1112 1532 πολλὴ
1143 1459 1437 1529 συγγένεια
1463 1459 1601 1531 πρὸς
1621 1459 1688 1512 τά
1708 1458 1904 1513 ἐκτῶν

326 1551 558 1624 ὀνείρων
579 1553 914 1622 αἰνιγμάτων
940 1555 1052 1618 τοῖς
1078 1551 1198 1605 κατ’
1218 1550 1511 1622 ὲπίκρυψιν
1535 1552 1594 1603 ὲν
1614 1553 1679 1622 τῇ
1712 1550 1901 1622 Γραφῇ

327 1640 683 1712 δηλουμένοις
712 1655 727 1672 ’
754 1641 878 1698 ὃθεν
902 1642 995 1695 καὶ
1068 1642 1264 1712 Ἰωσὴφ
1293 1643 1388 1694 καὶ
1438 1639 1636 1712 Δανιὴλ
1655 1640 1732 1710 τῷ
1771 1657 1915 1713 προσ,

327 1733 550 1804 φητικῷ
574 1732 876 1804 χαρίσματι
899 1733 968 1788 τὰ
995 1733 1252 1804 ὀνείρατα
1283 1731 1650 1801 διεγίνωσκον,
1713 1731 1902 1804 ἐπειδὴ

325 1824 436 1879 οὐκ
461 1825 711 1896 αὐτάρκη
760 1826 831 1880 τὰ
863 1825 972 1878 τῶν
1008 1825 1226 1878 ἐννοιῶν
1272 1824 1409 1895 πρὸς
1433 1824 1532 1893 τὴν
1587 1824 1758 1894 θήραν
1803 1825 1902 1894 τῆς

2013 638 2176 693 ltatur
2203 657 2217 706 ;
2242 640 2461 708 deinde,
2492 643 2621 716 quia
2653 643 2837 698 labore
2861 646 3088 714 quresita
3117 650 3287 722 magis
3309 655 3581 723 quodam-

2009 729 2174 784 modo
2208 745 2480 798 amamus,
2508 741 2561 787 et
2585 748 2707 803 quae
2735 734 2882 790 lente
2905 736 3132 793 veniunt
3175 750 3434 810 perpetuo
3487 746 3585 797 du-

2009 831 2134 877 rant
2163 840 2178 877 :
2214 839 2448 894 quorum
2501 837 2682 882 autem
2717 827 2892 883 facilis
2922 840 3007 884 est
3036 834 3345 902 arquisitio,
3372 835 3582 891 [tuitio-

2009 930 2133 970 nem
2183 931 2290 971 non
2325 918 2668 974 aemulamur.
2705 920 3140 992 Contemptibilis
3197 927 3342 981 enim
3397 943 3582 985 rerum

2005 1020 2126 1074 quae
2157 1016 2286 1063 sunt
2312 1007 2379 1062 ad
2406 1024 2624 1064 manum
2652 1013 2952 1080 possessio,
2985 1023 3040 1069 et
3062 1017 3266 1072 nullius
3310 1021 3576 1076 custodia:

2007 1097 2168 1168 digna
2190 1098 2404 1153 videtur
2426 1100 2774 1158 habentibus.
2795 1102 2922 1160 Ideo
2937 1113 2992 1159 et
3014 1107 3574 1177 somniorum_natura

2007 1187 2240 1246 Obscura
2274 1198 2328 1244 et
2354 1191 2632 1262 ambigua,
2693 1209 2871 1264 neque
2911 1211 3074 1266 parva
3124 1198 3329 1269 indiget
3383 1204 3581 1258 mentis

2005 1276 2306 1348 diligentia.
2365 1279 2431 1334 Et
2483 1297 2738 1352 magnam
2783 1286 3165 1354 cognationem
3223 1289 3422 1344 habent
3455 1306 3580 1346 cum

2004 1367 2346 1423 somniorum
2379 1371 2780 1440 tenigntatibns,
2816 1389 2938 1444 qua:
2963 1390 3058 1444 per
3079 1375 3319 1434 latebras
3348 1379 3402 1434 in
3438 1379 3583 1436 Serio

2004 1466 2164 1531 plura
2192 1460 2559 1516 ostenduntur
2587 1478 2602 1516 :
2640 1463 2766 1518 inde
2788 1463 2986 1534 Joseplt
3018 1476 3071 1520 et
3111 1465 3298 1523 Daniel
3346 1475 3582 1543 prophe—

2004 1550 2108 1603 tica
2168 1548 2340 1617 gratia
2407 1549 2622 1604 somnia
2674 1552 3093 1620 perspiciebant,
3164 1557 3421 1624 quoniam
3468 1575 3578 1614 non

2003 1639 2282 1696 suiliciunt
2310 1640 2658 1712 cogitationis
2687 1643 2834 1698 vires
2867 1626 3387 1714 ad'acquisitionem
3442 1651 3584 1705 veri-

2005 1727 2274 1782 tatis.°Atl
2313 1727 2428 1783 hazc
2457 1721 2666 1786 utilitas
2702 1739 2788 1788 est
2812 1732 2939 1788 vitae
2982 1735 3262 1803 puritatis.
3293 1737 3365 1792 ita
3414 1749 3472 1793 ut
3514 1742 3582 1794 atl

2003 1820 2226 1874 moralis
2252 1820 2474 1876 virtutis
2491 1823 2812 1879 exercitium
2844 1827 2991 1896 quod
3033 1827 3090 1882 in
3141 1827 3422 1899 Scriptura
3457 1831 3586 1887 latet

325 1886 770 1988 ἀληθείαςίῐῐρὸς
795 1916 852 1971 δὲ
883 1915 1092 1979 τούτοις
1135 1916 1292 1986 χρεία
1448 1886 1508 1969 ὲν
1533 1915 1612 1987 τῷ
1640 1886 1752 1986 ’ῥίῳ
1798 1886 1901 1968 κάς
1933 1888 1939 1942 J

2008 1910 2379 1980 dignoscatur.
2413 1911 2629 1969 Utilitas
2660 1915 2764 1970 alia
2787 1886 2876 1971 est
2895 1929 3092 1986 praeter
3118 1919 3239 1974 vitae
3261 1886 3592 1990 puritatem,

327 2007 814 2079 θαρότητος,ὤστε
857 2009 954 2063 καὶ
992 2009 1129 2079 πρὸς
1149 2007 1246 2078 τὴν
1299 2008 1398 2078 τῆς
1443 2007 1642 2079 ἠθικῆς
1701 2009 1903 2079 ἀρετῆς

327 2098 679 2169 επιτηδευσιν
700 2100 761 2154 τὸ
789 2101 848 2154 ὲν
873 2100 994 2163 ταῖς
1024 2098 1270 2172 Γραφαῖς
1323 2096 1744 2167 κεκαλυμμένον
1781 2097 1898 2151 δια·

326 2189 644 2260 γνωσθῆναι
673 2206 687 2219 ⁸
713 2190 874 2262 χρεία
895 2190 952 2243 δὲ
985 2191 1123 2262 πρὸς
1151 2193 1216 2261 τῇ
1268 2189 1600 2261 καθαρότητι
1649 2188 1743 2242 τοῦ
1785 2188 1904 2260 βίου

324 2280 550 2351 καὶτῆς
577 2282 637 2334 ἐν
678 2284 801 2344 ταῖς
842 2281 1084 2353 Γραφαίς
1128 2281 1434 2352 διατριϐῆς,
1480 2281 1568 2335 ἵνα
1590 2280 1651 2334 τὸ
1699 2296 1901 2350 σεμνοο

327 2373 540 2444 πρεπὲς
559 2373 653 2426 καὶ
682 2389 846 2442 μυστι
866 2372 960 2426 κδν
980 2371 1091 2425 τῶν
1121 2372 1282 2426 θείων
1311 2371 1508 2440 λογίων
1548 2371 1613 2423 ἐκ
1641 2369 1740 2439 τῆς
1779 2385 1903 2424 συν-

326 2464 493 2535 εχοῦς
526 2464 758 2535 μελέτης
786 2464 1094 2518 ὲντυπωθὲν
1121 2467 1185 2535 τῇ
1207 2464 1376 2534 ψυχῇ.
1396 2463 1518 2516 Ὀτι
1547 2461 1604 2515 δὲ
1636 2461 1750 2532 βίου
1779 2461 1902 2516 ὅλου

322 2555 501 2610 δεῖται
525 2557 556 2626 ἠ
582 2556 690 2610 τῶν
721 2555 882 2612 θείων
906 2556 1118 2625 Λογίων
1139 2556 1364 2626 μελέτη,
1387 2555 1695 2624 συνίστησιν
1723 2555 1750 2607 ὁ
1772 2555 1903 2607 Μω-

335 2646 480 2710 σέως
513 2647 647 2718 βίος,
674 2649 734 2712 ὃς
789 2651 848 2702 ὲν
877 2649 976 2720 μὲν
1001 2651 1070 2719 τῇ
1125 2647 1318 2718 πρώτῃ
1366 2663 1904 2717 τεσσαρακονταετη-

327 2738 442 2816 ρίδι
477 2739 771 2810 ιπαιδεύθη
801 2741 870 2794 τὰ
921 2738 1262 2808 Λίγυπτίων.
1304 2738 1428 2791 Ἐπὶ
1470 2738 1528 2791 δὲ
1563 2741 1630 2809 τῇ
1675 2738 1905 2808 δευτέρᾳ

322 2831 947 2903 ⁴τεονιιιιρακονταετηρίδι
966 2833 1060 2886 ἐπὶ
1076 2832 1345 2901 προφάσει
1371 2830 1462 2882 τοῦ
1497 2830 1804 2899 ποιμαίνειν
1824 2831 1904 2890 είς

323 2917 432 2980 τὰς
449 2920 685 2990 ἐρημίας
697 2921 1059 2992 ἀναχωρήσας
1077 2925 1145 2992 τῇ
1161 2922 1360 2991 θεωρίᾳ
1379 2920 1485 2973 τῶν
1502 2919 1670 2974 ὄντων
1683 2920 1906 2988 ὲπεσχό-

323 3011 422 3078 λα,
439 3014 532 3066 καὶ
546 3013 690 3067 οὕτω
703 3012 888 3068 λοιπὸν
901 3015 999 3084 τῆς
1029 3015 1122 3067 τοῦ
1157 3013 1292 3066 Θεοῦ
1315 3013 1632 3083 ἐπιφανείας
1655 3011 1902 3079 ἀξιωθεὶς

327 3106 477 3177 μετὰ
497 3105 598 3175 τὴν
624 3106 1260 3176 τεσσαρακονταετηρίδα
1289 3106 1438 3159 ἄκων
1485 3105 1590 3158 ὑπὸ
1648 3105 1748 3174 τῆς
1785 3103 1906 3175 φιλ-

2003 2001 2440 2058 conversationis
2506 2003 2560 2057 in
2604 2002 2923 2074 Scripturis,
2973 2017 3032 2062 ut
3068 2007 3306 2078 dignitas
3362 2021 3416 2068 et
3453 2028 3582 2068 san-

2003 2091 2169 2155 ctitas
2196 2091 2510 2147 divinorum
2544 2093 2835 2150 verborum
2856 2099 3052 2154 anima:
3072 2115 3135 2155 ex
3162 2103 3384 2158 assiduo
3401 2107 3589 2162 studio

2005 2184 2376 2254 imprimatur.
2436 2183 2593 2250 Quod
2671 2196 2855 2242 autem
2922 2199 3038 2247 tota
3099 2192 3208 2248 vita
3271 2205 3428 2263 egeat
3496 2177 3588 2252 di-i

2003 2275 2253 2330 vinorum
2289 2276 2576 2332 verborum
2613 2279 2880 2344 studium,
2919 2289 3152 2336 testatur
3180 2280 3378 2353 Moysis
3426 2273 3580 2353 vita;

2003 2368 2098 2440 qui
2125 2370 2178 2424 in
2211 2370 2388 2439 primo
2422 2386 2691 2427 annorum
2715 2387 2943 2428 suorum
3003 2375 3440 2448 quadragenario
3467 2379 3584 2433 .di-

2004 2461 2214 2517 dicerat
2239 2460 2617 2534 Egyptiorum
2655 2463 2972 2532 doctrinas;
3004 2465 3059 2520 in
3089 2468 3334 2522 secundo
3393 2478 3585 2523 autent

2004 2554 2462 2624 quadragenario,
2501 2555 2606 2610 sub
2628 2564 2888 2624 praetextu
2918 2558 3174 2625 pascendi
3215 2573 3345 2614 oves
3381 2561 3433 2614 in
3486 2560 3580 2616 de-

2006 2655 2150 2702 serta
2168 2647 2452 2712 secedens,
2473 2646 2918 2716 contemplationi
2951 2647 3160 2702 entium
3222 2650 3472 2717 vacabat,
3527 2663 3581 2708 et

2007 2739 2078 2793 ita
2110 2739 2256 2794 brevi
2310 2739 2406 2794 Dei
2468 2738 2910 2796 manifestatione
2955 2741 3154 2810 dignus
3188 2741 3428 2810 habitus,
3459 2752 3584 2813 post

2006 2813 2277 2884 annorum
2335 2831 2831 2902 quadragenarium
2875 2831 2970 2887 Dei
3001 2832 3336 2905 benignitate
3368 2836 3436 2888 ad
3484 2835 3584 2888 lto-

2006 2922 2217 2977 minum
2272 2936 2458 2978 curam
2527 2923 2930 2994 suscipiendam
2983 2923 3187 2980 invitus
3241 2923 3478 2991 devenit,
3530 2934 3588 2981 et

2006 3027 2118 3082 non
2149 3022 2412 3084 perpetuo
2435 3023 2548 3068 tum
2580 3015 2633 3068 in
2657 3014 2896 3084 practica
2956 3014 3068 3070 vita
3118 3017 3447 3086 permansit,
3489 3017 3588 3073 sed

2007 3107 2170 3161 etiam
2201 3106 2269 3161 ad
2307 3105 2794 3174 contemplativam
2850 3107 3054 3176 saepius
3105 3122 3165 3163 se
3237 3109 3586 3176 remittebat;

323 3195 647 3267 ανθρωπίας
673 3196 768 3251 τοῦ
806 3196 941 3249 Θεοῦ
959 3197 1053 3249 ἐπὶ
1085 3196 1184 3266 τὴν
1214 3195 1322 3249 τῶν
1342 3193 1648 3265 ἀνθρώπων
1705 3192 1902 3262 ὲπιμέ-
1929 3224 1939 3270 ε

2008 3194 2153 3250 unde
2178 3204 2231 3252 et
2257 3196 2313 3249 in
2343 3193 2721 3266 .Egyptiorum
2757 3195 3119 3252 idololatriam
3183 3197 3375 3254 incidit
3399 3200 3590 3254 tuultt-

323 3287 482 3342 λειαν
513 3288 844 3359 κατηνέχθη,
877 3289 972 3342 καὶ
1005 3287 1127 3340 οὐδὲ
1162 3288 1286 3341 τότε
1339 3285 1604 3355 διηνεκῶς
1636 3285 1713 3354 τῷ
1756 3301 1903 3356 πρα-

331 3379 511 3448 κτικῷ
535 3380 812 3451 παρέμενε
840 3379 960 3451 βίῳ,
1001 3379 1138 3433 άλλά
1183 3379 1276 3432 καὶ
1327 3378 1464 3450 πρὸς
1483 3377 1576 3431 τὸν
1613 3377 1908 3430 ἐποπτικὸν

328 3471 546 3526 ἐπανίει
605 3471 906 3541 πολλάκις,
988 3471 1111 3525 ὅθεν
1160 3472 1252 3524 καὶ
1291 3472 1371 3532 είς
1415 3469 1514 3541 τὴν
1562 3470 1907 3539 Αίγυπτικὴν

326 3561 724 3634 είδωλομανίαν
751 3564 886 3627 ὅλως
943 3562 1221 3634 ὑπηνέχθη
1270 3563 1343 3616 τὰ
1395 3562 1601 3635 πλήθη,
1672 3563 1755 3633 τῷ
1784 3560 1905 3632 Θεῷ

327 3653 585 3718 συνόντος
611 3655 706 3708 τοῦ
725 3656 914 3726 ἀνδρὸς
964 3658 1020 3710 ὲν
1045 3656 1124 3726 τῷ
1181 3656 1297 3728 ὄρει
1322 3670 1335 3684 ’
1385 3655 1595 3710 τοιοῦτο
1627 3656 1683 3709 δέ
1733 3673 1786 3709 τι
1815 3655 1910 3709 καὶ

330 3744 362 3794 ὁ
399 3740 609 3811 Ἠλίας,
635 3745 729 3799 τὸν
766 3747 878 3799 τῶν
917 3745 1221 3816 ἀνθρώπων
1274 3746 1430 3818 ὕχλον
1488 3747 1903 3818 διαδιδράσκων,

332 3835 430 3887 καὶ
455 3836 550 3889 ἐπὶ
605 3836 704 3899 τὰς
777 3837 1012 3908 ἐρημίας
1079 3838 1419 3908 φιλοχωρῶν.
1472 3839 1539 3894 Εἰ
1577 3839 1758 3893 τοίνυν
1797 3841 1910 3904 τοῖς

334 3926 516 3994 ἁγίοις
553 3930 692 4000 μετὰ
720 3930 904 3999 πάσης
932 3931 1252 3995 εὐσταθείας
1274 3932 1370 3985 τοῦ
1395 3931 1724 4002 ἡγεμονικοῦ
1775 3934 1902 3985 ἐπο-

333 4016 479 4068 νεῖτο
509 4017 610 4087 τῆς
649 4017 909 4090 ἀληθείας
936 4021 968 4089 ή
997 4019 1245 4091 ζήτησις,
1273 4019 1389 4083 πῶς
1412 4021 1511 4073 οὐκ
1537 4020 1746 4088 ἀλόγως
1782 4021 1910 4084 τοὺς

2019 3287 2172 3353 tudo,
2203 3286 2425 3357 quando
2452 3285 2668 3357 Moyses
2699 3288 2755 3342 in
2784 3298 2970 3344 monte
3002 3305 3126 3345 cum
3164 3289 3278 3346 Deo
3295 3305 3589 3347 conversa-

2009 3379 2191 3434 batnr.
2237 3379 2382 3434 Idem
2419 3379 2486 3434 de
2513 3378 2630 3434 Elia
2659 3380 2973 3448 dicendum,
3005 3381 3290 3438 hominum
3314 3381 3585 3436 tumulum

2009 3469 2250 3541 fugiente
2274 3479 2328 3525 et
2361 3469 2414 3524 in
2445 3469 2660 3527 deserta
2709 3471 3014 3532 secedente.
3062 3472 3119 3526 Si
3169 3473 3332 3542 igitur
3380 3475 3588 3528 sanctis

2010 3577 2133 3621 cum
2172 3561 2343 3616 multa
2380 3562 2687 3617 constantia
2713 3563 2868 3619 ducis
2895 3563 3068 3616 nostri
3121 3563 3366 3618 veritatis
3414 3578 3584 3633 expe-

2012 3653 2111 3707 tita
2156 3666 2240 3708 est
2300 3653 2618 3724 exquisitio,
2667 3655 2942 3724 quomodo
2978 3669 3089 3708 non
3131 3654 3384 3710 insanum
3446 3655 3588 3709 loret

2009 3745 2223 3802 fructus
2247 3755 2518 3801 tantorum
2550 3745 2800 3801 laborum
2832 3747 2950 3804 sine
2977 3747 3081 3802 ulla
3142 3747 3358 3802 actione
3407 3746 3588 3815 inqui-

2009 3837 2168 3891 rere?
2189 3836 2427 3891 Observa
2452 3837 2622 3900 enim,
2649 3835 2796 3892 Elias
2829 3846 3094 3907 quantum
3120 3852 3314 3906 passus
3346 3835 3417 3890 sit
3455 3835 3590 3889 s:.li-

2009 3927 2216 3990 tudine,
2241 3926 2570 3990 calamitate,
2595 3926 2800 3990 labore,
2835 3935 2894 3981 ut
2939 3926 3108 3982 Dcutn
3142 3926 3358 3981 videndi
3389 3925 3588 3996 dignus

2017 4019 2333 4074 haberetur.

336 4111 592 4181 καρποὺς
623 4112 736 4168 τῶν
783 4113 996 4184 μυρίων
1052 4114 1316 4186 καμάτων
1351 4116 1478 4169 ἄνευ
1521 4114 1666 4178 τινὸς
1693 4113 2080 4184 πραγματείας
2131 4112 2419 4185 ἐπιζητεῖν
2443 4129 2459 4179 ;
2495 4112 2664 4184 Τήρει
2722 4111 2852 4184 γὰρ,
2890 4113 2985 4166 καὶ
3049 4112 3238 4175 Ἠλίας
3304 4112 3422 4182 μεθ’
3463 4113 3590 4166 ὅσον

331 4204 705 4276 ἀναχωρήσας
753 4206 850 4259 καὶ
899 4205 1153 4278 ἀτυχίας,
1185 4206 1282 4261 καὶ
1341 4207 1644 4282 καμάτους,
1704 4207 1828 4260 ίδεῖν
1845 4205 1974 4259 Θεὸν
2000 4203 2229 4277 ἠξιώθη.

787 4589 1431 4682 PBJEFATIO
1502 4589 1648 4678 AD
1721 4587 2272 4678 CATENAM
2355 4588 2476 4676 IN

2575 4584 3140 4676 PSALMOS.

1137 4800 1380 4865 (Catalog.
1416 4814 1534 4853 mss.
1565 4799 1882 4851 bibliotheca
1909 4800 2145 4852 Cothona:
2162 4802 2233 4862 4°,
2258 4815 2308 4863 p.
2339 4801 2420 4863 25,
2446 4798 2644 4864 Lipsiae,
2665 4799 2828 4864 1714.)

421 5109 488 5166 Ἥ
523 5109 756 5177 ἔκδοσις,
781 5110 813 5180 ἡ
849 5109 946 5182 μὲν
977 5107 1072 5162 ἐπὶ
1099 5105 1483 5179 Καρακάλλου,
1508 5102 1604 5161 τοῦ
1629 5103 1919 5175 Ῥωμαίων

2101 5104 2310 5168 Ver-sio.
2368 5105 2458 5158 illa
2499 5105 2718 5172 quidem
2761 5105 3095 5176 imperatore
3139 5105 3439 5174 Caracalla,
3477 5109 3593 5165 haec

337 5200 845 5271 ⁴ἡγεμονεύσαντος·
889 5201 924 5270 η
973 5199 1031 5252 δὲ
1086 5186 1181 5251 ἐπὶ
1244 5197 1619 5268 Ἀλεξάνδρου,
1674 5195 1767 5249 τοῦ
1818 5195 1916 5266 τῆς

2027 5205 2205 5250 autem
2242 5194 2552 5249 Alexandro
2577 5195 2869 5249 Mammaza:
2893 5193 3002 5254 lilio
3028 5214 3043 5262 ;
3075 5197 3325 5251 obscuras
3356 5208 3593 5266 utraque

339 5290 608 5360 Μαμαίας
636 5303 652 5318 ⁶
689 5288 965 5359 άπάτορες
1001 5287 1102 5358 μὲν
1134 5287 1456 5358 ἀμφότεροι,
1487 5284 1582 5338 καὶ
1613 5281 1912 5355 ἀνώνυμοι,

2024 5285 2260 5354 originis
2291 5295 2342 5338 et
2371 5285 2612 5342 nominis
2636 5286 2825 5356 ignoti.
2857 5295 3217 5357 praeterquam
3261 5289 3403 5356 quod
3459 5304 3586 5341 neu-

336 5381 480 5447 πλὴν
520 5380 778 5452 οὐδετέρα
804 5379 1055 5451 ἀσφαλής
1086 5395 1101 5410 ο
1134 5381 1227 5432 ἐπὶ
1269 5379 1328 5434 δὲ
1399 5376 1780 5443 Διοκλητιανοῦ
1821 5375 1916 5429 καὶ

2027 5386 2108 5429 tra
2161 5376 2296 5430 satis
2331 5386 2501 5430 certa.
2531 5374 2934 5446 lmperantibus
2962 5387 3143 5431 autem
3178 5377 3512 5433 Diocletiano
3541 5390 3593 5433 et

337 5470 686 5541 Μαξιμιανοῦ
726 5470 834 5525 τῶν
854 5471 1154 5544 τυράννων,
1182 5472 1209 5525 ὁ
1237 5469 1566 5543 ίερομάρτυς
1596 5468 1911 5531 Λουκιανὸς,

339 5561 482 5635 ἀνὴρ
509 5564 609 5632 οὐχ
639 5557 804 5634 ⁴ἦττον
830 5562 899 5616 τὰ
929 5561 1040 5616 τῶν
1080 5561 1349 5616 Ἰουδαίων
1386 5559 1834 5632 ἁκριὸωσάμενος
1858 5558 1910 5629 ,ἢ

339 5655 411 5708 τά
461 5653 755 5726 Ἑλλήνων,
776 5655 876 5720 τὰς
896 5655 1118 5731 ἐκείνων
1151 5655 1366 5728 βίϐλους
1397 5657 1476 5722 είς
1510 5654 1608 5716 τὴν
1635 5654 1914 5726 ἡμετέραν

338 5748 623 5802 διάλεκτον
671 5749 1028 5819 μετατίθησιν
1064 5747 1266 5819 ἄριστά
1297 5765 1354 5803 τε
1383 5747 1478 5802 καὶ
1503 5745 1914 5816 ἀσφαλέστατα,

353 5836 544 5909 Ἱίμείς
575 5839 630 5894 δὲ
659 5840 753 5894 και
779 5841 876 5910 τὴν
908 5826 1163 5911 τοιαύτην
1201 5839 1411 5895 ἔκδοσιν
1437 5837 1812 5912 σεεαζὸμενοι,
1849 5836 1915 5909 τῇ

2022 5467 2353 5523 Maximiano
2409 5470 2678 5540 tyrannis,
2729 5467 3005 5526 Lucianus
3053 5484 3259 5544 martyr
3311 5489 3410 5542 pro
3467 5473 3590 5540 title,

2000 5565 2004 5569 '
2031 5562 2112 5614 vir
2145 5563 2235 5631 qui
2271 5576 2378 5614 non
2414 5561 2602 5616 minus
2625 5561 2941 5616 Grazcorum
2976 5578 3139 5633 quam
3173 5562 3482 5618 Judazorutn
3512 5567 3596 5618 lit-

2019 5663 2163 5706 teras
2192 5653 2576 5722 percalluerat,
2611 5654 2823 5708 illarum
2857 5655 3027 5709 libros
3054 5655 3109 5710 in
3135 5663 3386 5710 nostrum
3417 5667 3594 5711 trans-

2020 5742 2143 5797 tulit
2176 5744 2485 5798 scrmt‘mem
2510 5745 2714 5814 Optime
2743 5756 2796 5800 et
2831 5741 3185 5816 peritissime.
3205 5745 3316 5802 Nos
3350 5764 3479 5804 vero
3501 5750 3592 5820 qui

2022 5835 2204 5906 magni
2235 5836 2572 5894 aestimamus
2606 5837 2808 5896 habere
2840 5837 3001 5910 hujus
3028 5840 3242 5911 generis
3267 5841 3594 5906 versionem,
