4080 6442
541 419 679 486 1063

1248 422 1645 483 OPUSCULA
1686 420 2317 483 SCRIPTURISTICA
2360 418 2711 481 INCERTJE
2750 419 3057 481 ᾹΞΤΑἸἸΞ.

3644 417 3780 483 1064

537 532 686 585 illam
732 529 854 586 ideo
905 529 1251 600 septuaginta
1298 530 1532 584 duorum
1586 530 1946 599 interpretum
2002 530 2108 583 im-

2227 530 2325 583 ιῶν
2366 530 2773 601 Ἐϐδομήκοντα
2802 529 2896 583 δύο
2940 527 3335 600 προσκείμεθα,
3375 528 3609 599 μάλιστα
3657 534 3780 585 ἐπεὶ

537 624 731 693 primis
764 622 1069 692 sequimur,
1105 623 1250 691 quod
1284 622 1572 690 insigniter
1598 620 1879 677 llebraicze
1914 622 2111 690 lingua:

536 716 923 785 proprietatem
967 722 1159 768 nostro
1198 728 1456 768 sermone
1499 715 1911 783 expresserim;
1958 724 2111 768 tanto

539 806 758 874 quidem
788 804 991 870 studio,
1022 813 1082 858 ut
1113 804 1246 857 dum
1283 804 1410 858 huic
1436 805 1594 859 unice
1625 806 1700 859 rei
1737 805 1932 858 intenti
1964 814 2109 865 Sunt.

538 892 836 960 aliquando
868 906 967 946 nec
993 906 1217 946 sensum
1254 906 1355 945 nec
1390 891 1683 946 dictionem
1708 891 1957 946 eamdem
1987 893 2107 945 red-

537 983 691 1038 dant.
726 982 917 1048 Iidem,
976 982 1106 1037 dum
1148 981 1393 1038 Psalmos
1426 992 1727 1053 exponunt,
1754 983 1991 1054 primum
2032 991 2113 1036 at-

538 1090 645 1144 que
675 1075 980 1130 secundum
1007 1075 1216 1145 absque
1262 1075 1422 1130 titulo
1450 1075 1716 1131 exhibent
1760 1076 1953 1144 utique
2004 1072 2108 1128 Es-

538 1167 652 1221 dm
678 1169 948 1236 exemplo.
969 1166 1103 1220 Nam
1136 1166 1337 1223 Esdras
1366 1167 1633 1237 imprimis
1666 1167 1901 1238 diligens
1929 1176 1984 1222 et
2017 1166 2115 1221 ho-

540 1268 732 1313 nestus
792 1259 897 1323 vir,
936 1258 1137 1328 illaque
1184 1259 1531 1330 septuaginta
1580 1259 1816 1314 duorum
1862 1259 2115 1314 versione

540 1360 761 1406 centum
789 1361 841 1406 et
867 1351 1265 1423 quinquaginta
1284 1354 1443 1407 annis
1475 1353 1748 1422 superior,
1786 1362 1980 1423 praeter
2009 1352 2113 1406 alia

542 1444 711 1498 multa
742 1444 1087 1499 oraculorum
1107 1458 1388 1497 sacrorum
1405 1444 1582 1499 lacera
1607 1454 1661 1499 ct
1684 1444 1972 1513 dissipata,
1992 1459 2117 1513 par-

543 1535 641 1589 tim
666 1534 881 1601 inertia,
904 1535 1101 1604 partim
1134 1535 1516 1605 frequentibus
1536 1535 1747 1591 exsiliis
1774 1534 2114 1609 Judaaorum,

540 1624 705 1678 etiam
740 1632 825 1679 ter
868 1624 1016 1678 mille
1057 1623 1299 1694 psalmos
1362 1626 1596 1696 collegit,
1641 1625 1841 1695 quibus
1889 1626 2118 1696 singulis

543 1729 677 1769 suos
700 1715 895 1770 titulos
914 1718 1097 1786 posuit
1120 1754 1135 1779 ,
1160 1730 1281 1786 quae
1309 1716 1609 1771 etiamnum
1653 1718 1968 1786 praeierunt.
1996 1717 2116 1772 Cae-

2211 621 2558 696 διῃρημένως
2594 621 2695 691 τὴν
2742 622 2841 691 τῆς
2895 621 3177 675 διαλέκτου
3202 621 3524 691 μεταϐολὴν
3552 621 3780 693 ποιησά-

2216 729 2387 781 μενοι,
2426 712 2562 782 μηδὲ
2605 712 2662 764 ὲν
2701 710 2950 774 ἑκάστοις
3002 711 3210 765 ἔννοιαν
3252 713 3347 765 καὶ
3387 712 3534 778 λέξιν
3586 714 3781 767 ἀποδεο

2212 797 2651 858 δὼκασιν.οὖτοι
2698 803 2794 857 καὶ
2843 805 2967 868 τοὺς
3002 803 3249 874 ψαλμοὺς
3287 805 3647 875 μεταθέμενοι
3688 806 3781 859 τὸν

2214 892 2431 963 πρῶτον
2481 893 2578 946 καὶ
2617 891 2710 945 τὸν
2755 891 3007 965 δεύτερον
3050 895 3460 965 ἀνεπιγράφους
3510 895 3780 961 ἐξέθεντο·

2212 982 2291 1051 τῷ
2329 983 2535 1054 Ἐσδρᾳ
2578 983 2797 1045 πάντως
2853 982 3338 1054 ἀκολουθήσαντες.
3394 984 3629 1054 Ἔσδρας
3652 986 3783 1058 γὰρ,

2227 1073 2477 1137 Ἰουδαῖος
2515 1074 2819 1146 φιλομαθὴς
2849 1075 2943 1147 καλ.
2995 1075 3280 1139 σπουδαῖος
3326 1076 3487 1147 ἀνὴρ,
3521 1078 3626 1146 πρὸ
3655 1079 3785 1131 ἑκα-

2214 1164 2307 1219 τὸν
2373 1165 2467 1220 καὶ
2518 1168 2857 1237 πεντήκοντα
2911 1165 3174 1220 ἐνιαυτῶν
3205 1166 3309 1237 τῆς
3349 1166 3459 1220 τῶν
3516 1166 3787 1239 Ἐϐδομή-

2216 1275 2379 1311 κοντα
2408 1257 2500 1311 δύο
2519 1258 2783 1321 ἐκδόσεως
2808 1258 2983 1312 πολλά
3008 1275 3069 1311 τε
3113 1258 3249 1313 ἀλλα
3278 1259 3387 1313 τῶν
3432 1261 3788 1331 προφητικῶν

2219 1348 2436 1418 βιϐλίων
2464 1350 2791 1421 διαῤῥυέντα
2823 1350 2882 1403 τὸ
2916 1350 3017 1420 μὲν
3061 1349 3150 1403 διά
3205 1348 3477 1421 ρᾳθυμίαν
3503 1350 3611 1404 τῶν
3659 1352 3791 1405 ’1ου-

2216 1442 2405 1508 δαίων,
2437 1443 2499 1497 τδ
2528 1444 2585 1496 δὲ
2626 1445 2721 1496 καὶ
2746 1443 2833 1496 διά
2854 1442 2955 1506 τὰς
2981 1444 3180 1514 συχνὰς
3208 1443 3587 1514 αἰχμαλωσίας
3620 1444 3782 1498 πάλιν

2221 1535 2518 1604 συνήγαγε,
2562 1533 2658 1587 καὶ
2692 1533 2876 1603 μέντοι
2899 1534 2993 1586 καὶ
3031 1533 3280 1605 ψαλμοὺς
3308 1533 3671 1605 τρισχιλίους·
3707 1530 3787 1597 οἷς

2220 1625 2316 1678 κα)⁸
2358 1624 2755 1695 ἐπιγράμματα
2818 1622 3063 1677 τέθεικεν
3112 1626 3148 1679 ἀ
3192 1623 3288 1678 νῦν
3338 1624 3578 1696 ἔχουσιν.
3643 1625 3783 1678 Ἀλλ’

2223 1715 2348 1769 ὕστε
2359 1732 2451 1787 ρον
2495 1716 2739 1779 Ἐζεκίας
2768 1718 2796 1769 ό
2824 1715 3083 1785 θεοσεϐὴς
3129 1715 3411 1785 βασιλεὺς,
3439 1716 3566 1780 τοὺς
3597 1716 3792 1770 ἑκατὸν

547 1818 724 1863 terum
779 1809 1046 1863 Ezechias
1097 1824 1190 1863 rex
1236 1809 1527 1880 religiosus
1591 1811 1850 1881 deinceps
1897 1818 2115 1865 centum

2227 1809 2422 1879 μόνους
2463 1808 2557 1860 καὶ
2586 1808 2923 1878 πεντήκοντα
2952 1806 3201 1876 ψαλμοὺς
3232 1805 3613 1877 ἐκλεξάμενος,
3668 1809 3791 1870 τοὺς

544 1900 710 1953 modo
739 1909 792 1954 et
834 1900 1231 1970 quinquaginta
1258 1879 1447 1956 electis
1477 1901 1717 1971 reliquos
1747 1879 2117 1971 rejecit.,ldem

2227 1898 2415 1961 ἀλλους
2464 1898 2702 1968 ὴθέτησε
2740 1913 2756 1929 ο
2795 1897 2856 1949 τὸ
2908 1897 2953 1949 δ’
2982 1898 3115 1951 αὐτὸ
3143 1899 3237 1950 καὶ
3290 1899 3419 1969 περὶ
3460 1898 3528 1951 τὰ
3552 1896 3649 1950 τοῦ
3694 1899 3790 1950 Σο·

546 1989 696 2045 circa
725 1989 1039 2047 Salomonis
1068 1993 1236 2049 libros
1282 1993 1545 2058 instituit,
1584 2009 1824 2064 quorum
1871 1994 2018 2050 omni
2053 2009 2121 2049 cx

545 2094 776 2135 numero
812 2082 987 2138 tribus
1022 2085 1214 2138 saltem
1244 2084 1424 2138 locum
1469 2082 1622 2138 dedit
1660 2085 1808 2139 inter
1860 2085 2120 2152 oracula;

545 2170 868 2229 Proverbiis
897 2173 1131 2240 scilicet,
1167 2174 1512 2230 Ecclesiastze
1539 2183 1596 2229 et
1620 2174 1851 2231 Cantieo
1873 2194 1887 2242 ;
1913 2177 2122 2232 czeteris

543 2263 816 2319 damnatis
844 2267 1101 2322 onmibus
1127 2281 1471 2336 quacunque
1516 2267 1720 2323 nimius
1784 2269 2121 2338 intelligendi

543 2357 727 2413 factus
779 2356 1040 2412 Salomon
1076 2359 1157 2412 vel
1179 2358 1246 2412 de
1281 2359 1421 2412 ccelo
1470 2366 1524 2413 et
1576 2358 1881 2426 elementis,
1919 2361 2001 2413 vel
2057 2359 2125 2415 de

541 2450 749 2520 plantis
789 2464 1087 2520 earumque
1126 2450 1425 2505 virtutibus
1477 2461 1886 2507 commentatus
1919 2450 2119 2507 fuerat.

543 2544 697 2612 Quod
731 2551 914 2598 tamen
950 2559 1044 2599 rex
1064 2543 1328 2599 Ezechias
1350 2542 1595 2615 suscepit
1628 2544 1888 2615 religione
1922 2556 2122 2610 motus,

543 2647 608 2693 ut
634 2636 889 2692 mortales
919 2650 1111 2691 omnes
1144 2636 1211 2691 ad
1240 2634 1410 2691 Deum
1441 2636 1795 2706 confugerent
1826 2638 2025 2702 solum,
2058 2637 2126 2692 ab

543 2742 609 2783 eo
651 2727 1023 2797 cujuscunque
1069 2726 1410 2797 aegritudinis
1447 2734 1542 2780 aut
1586 2719 1771 2780 'morbi
1826 2726 2125 2782 remedium

545 2827 810 2888 peterent,
836 2833 1011 2888 neque
1030 2818 1299 2888 lapidibus
1323 2828 1373 2873 et
1394 2818 1552 2888 lignis
1577 2818 1806 2873 salutem
1827 2833 1982 2872 suam
2001 2834 2126 2873 cum

546 2916 889 2977 contemptu.
930 2909 1174 2963 numinis
1251 2910 1680 2964 committerent.
1758 2907 1825 2964 Et
1894 2912 1962 2965 de
2043 2911 2130 2966 his

546 2999 835 3053 hactenus.
872 2997 1015 3053 Duas
1045 3009 1227 3054 autem
1254 3000 1610 3056 obscuritatis
1641 3000 1905 3057 librorum
1937 3017 2128 3059 sacro-

547 3104 668 3143 rum
700 3090 945 3145 rationes
996 3090 1246 3161 proferre
1295 3106 1622 3162 possumus;
1685 3094 1936 3163 alteram,
1982 3097 2127 3167 quod

2223 1990 2500 2061 λομῶντος
2546 1989 2955 2060 συγγράμματα
3007 1989 3300 2059 πεποίηκε,
3330 1988 3457 2059 τρία
3506 1988 3646 2057 μόνα
3704 1988 3792 2055 ἐγ-

2222 2082 2413 2151 κρίνας
2434 2096 2449 2113 ·
2481 2080 2579 2144 τάς
2614 2081 2939 2151 Παροιμίας,
2975 2084 3067 2134 τὸν
3108 2080 3561 2150 Ἐκκλησιαστὴν,
3598 2079 3695 2131 καὶ
3735 2078 3796 2130 τὸ

2221 2170 2515 2244 ᾎσμα.Τά
2543 2171 2588 2225 δ’
2609 2171 2744 2227 ἀλλα
2764 2172 2938 2225 πάντα
2956 2171 3384 2242 ἀποδοκιμάσας,
3415 2171 3514 2224 ὅσα
3545 2170 3794 2241 περιττὸς

2224 2267 2321 2337 τὴν
2357 2266 2549 2335 σοφίαν
2573 2265 2865 2335 γενόμενος
2885 2265 2914 2317 ό
2952 2264 3205 2334 Σολομῶν
3238 2266 3366 2335 περὶ
3413 2262 3676 2336 ούρανοῦ,
3705 2264 3795 2316 καὶ

2227 2358 2534 2428 στοιχείων,
2561 2360 2656 2412 xal
2702 2357 2906 2428 φυτῶν,
2941 2358 3035 2410 καὶ
3078 2357 3177 2426 τῆς
3220 2356 3452 2409 ἑκάστου
3512 2355 3795 2424 δυνάμεως

2227 2448 2624 2521 συνεγράψατο.
2657 2449 2830 2502 Τοῦτο
2867 2449 2925 2502 δὲ
2968 2447 3112 2501 κατά
3143 2446 3371 2518 γνώμην
3410 2446 3612 2516 εὐσεϐῆ
3654 2445 3795 2511 Ἐζε-

2225 2540 2351 2604 κίας
2403 2539 2659 2610 ἐποίησε,
2712 2538 3036 2611 βουλόμενος
3089 2540 3296 2603 πάντας
3353 2537 3676 2609 ἀνθρώπως
3722 2540 3796 2600 εἰς

2226 2632 2358 2684 Θεὸν
2409 2631 2568 2702 μόνον
2619 2631 3012 2700 καταφεύγειν,
3057 2631 3151 2685 καὶ
3201 2630 3333 2701 παρ’
3382 2628 3548 2683 αὐτοῦ
3612 2628 3795 2699 ζητεῖν

2226 2721 2425 2784 παντὸς
2452 2720 2658 2784 πάθους
2693 2721 2789 2776 καὶ
2816 2721 3125 2791 νοσήματος
3162 2720 3461 2791 θεραπείαν
3483 2735 3498 2751 ο
3534 2718 3675 2773 ἀλλά
3725 2718 3796 2788 μὴ

2228 2814 2404 2881 ξύλοις
2434 2815 2529 2869 καὶ
2565 2814 2735 2879 λίθοις
2764 2816 2992 2878 ἑαυτοὺς
3013 2814 3349 2878 ἀνατιθέναι,
3377 2810 3675 2867 κάντεῦθεν
3702 2828 3797 2864 κιο

2226 2909 2512 2979 ταφρονείν
2535 2909 2634 2977 τῆς
2661 2905 2757 2959 τοῦ
2779 2905 2915 2960 Θεοῦ
2938 2907 3105 2977 τιμῆς
3135 2920 3151 2936 ⁸
3188 2904 3284 2958 καὶ
3313 2905 3440 2974 περὶ
3471 2903 3572 2973 μὲν
3596 2901 3795 2954 τούτων

2226 2997 2484 3052 τοσαῦτα.
2525 2996 2629 3050 Δύο
2662 2996 2719 3050 δὲ
2764 2996 2943 3060 αίτίας
2979 2995 3081 3065 τῆς
3118 2994 3227 3047 τῶν
3263 2994 3495 3065 Γραφῶν
3534 2993 3795 3057 ἀσαφείνς

2227 3089 2402 3141 εἰπεῖν
2430 3086 2625 3158 ἔχομεν
2649 3101 2665 3118 ’
2687 3085 2816 3157 μίαν
2839 3086 2960 3156 μὲν,
2978 3086 3061 3139 ὅτι
3076 3083 3184 3137 ἀπὸ
3208 3083 3309 3154 τῆς
3327 3082 3606 3154 Ἐϐραῖδος
3622 3083 3795 3136 διαλέ-

546 3197 614 3236 ex
648 3181 878 3237 Hebraeo
908 3184 960 3237 in
997 3183 1173 3240 Graeci
1221 3186 1497 3241 sermonis
1548 3188 1793 3243 translati
1822 3198 1954 3244 sunt
2000 3206 2123 3260 pro-

2229 3196 2357 3233 κτου
2376 3181 2454 3243 είς
2470 3178 2568 3250 τὴν
2584 3178 2862 3249 Ἑλληνίδα
2887 3176 3315 3249 μετεϐλήθησαν.
3336 3176 3503 3230 Ὅταν
3516 3175 3575 3229 δέ
3590 3175 3800 3244 γλῶττα

544 3273 859 3343 prietatem.
893 3272 1167 3341 Quantam
1201 3290 1331 3330 vero
1358 3275 1731 3333 diﬂicultatem
1789 3280 1988 3336 habeat
2020 3282 2125 3337 ali-

545 3379 713 3435 quam
743 3363 984 3437 linguam
1033 3368 1100 3421 ad
1140 3368 1369 3424 alterius
1397 3368 1596 3440 lingua:
1645 3372 1917 3427 rationem
1954 3378 2127 3429 inter-

544 3455 772 3528 pretari,
825 3471 1019 3513 omnes
1090 3471 1311 3524 norunt,
1359 3469 1630 3533 quotquot
1685 3463 1976 3519 multarum
2020 3465 2129 3521 lin-

544 3564 773 3620 guarum
806 3551 1056 3605 n0titiam
1072 3551 1296 3607 habent.
1318 3553 1557 3609 Alteram
1589 3570 1742 3621 vero,
1778 3556 1925 3625 quod
1955 3559 2126 3614 multa

543 3638 747 3696 ludatis
772 3641 1000 3696 adversa
1027 3644 1447 3700 vaticinationes
1482 3645 1808 3715 pmdicunt,
1852 3648 2128 3727 quomodo
2170 3682 2175 3685 ι

547 3732 625 3787 illi
668 3734 1101 3797 exterminandi,
1131 3749 1231 3790 nos
1278 3736 1578 3806 recipiendi
1626 3738 1822 3794 simus.
1852 3738 1932 3795 Ne
1962 3739 2129 3811 igitur

547 3824 645 3879 sia
679 3826 857 3894 primo
891 3826 1075 3880 statim
1107 3826 1299 3881 auditu
1338 3842 1451 3882 rem
1500 3843 1743 3896 omnem,
1794 3839 1851 3885 ut
1875 3843 1976 3898 est,
2035 3832 2130 3887 de-

546 3917 907 3987 prehendant,
936 3928 1188 3973 auctores
1219 3929 1330 3974 tam
1362 3921 1534 3977 tristis
1566 3923 1812 3993 responsi
1870 3934 2018 3981 vates
2048 3925 2132 3979 in-

548 4007 842 4073 terliciant,
884 4008 1164 4079 librosque
1194 4011 1404 4073 tollant,
1433 4012 1553 4067 ideo
1576 4014 1912 4071 obscuritate
1960 4016 2131 4071 inter-

547 4099 873 4169 pretationis
910 4100 1291 4169 pradictioncs
1316 4101 1679 4159 involverunt.
1710 4102 1950 4160 Tertium
1984 4105 2128 4175 quod

546 4190 1031 4246 destinaveramus
1086 4202 1208 4246 erat
1250 4195 1573 4264 exquirere,
1611 4195 1741 4265 quid
1786 4198 2126 4266 psalterium,

545 4290 602 4336 et
626 4291 844 4336 caetera.
874 4280 1007 4336 Dico
1034 4282 1199 4352 igitur
1228 4285 1544 4354 psalterium
1566 4286 1989 4342 instrumentum
2009 4303 2131 4341 mu-

546 4372 693 4429 sices
722 4386 845 4429 esse
871 4372 1059 4429 decem
1092 4375 1450 4444 chordarum,
1479 4392 1861 4448 supremarum
1888 4382 2129 4449 partium

543 4474 821 4519 structura
846 4473 903 4521 et
927 4474 1360 4536 temperamento
1389 4485 1585 4525 sonum
1617 4470 1876 4537 efﬁciens,
1907 4488 2126 4528 vocem-

2229 3274 2308 3337 είς
2327 3272 2519 3343 ἑτέραν
2535 3269 2869 3343 ἐρμηνευθῇ,
2888 3269 3089 3339 πολλὴν
3109 3269 3223 3339 ἔχει
3244 3267 3551 3331 δυσκολίαν,
3574 3266 3672 3319 καὶ
3694 3267 3802 3317 ἰσα-

2230 3383 2335 3432 σιν,
2357 3366 2470 3419 ὅσοι
2492 3363 2703 3418 πολλῶν
2733 3361 2995 3432 γλωσσῶν
3020 3360 3295 3433 ἔμπειροι.
3328 3359 3601 3429 Δευτέραν
3618 3358 3693 3423 δὲ,
3724 3360 3801 3410 ὅτι

2231 3459 2402 3514 πολλά
2420 3458 2777 3530 προλέγουσιν
2799 3458 2912 3520 τοῖς
2926 3455 3201 3518 Ἰουδαίοις
3218 3455 3276 3507 αί
3293 3454 3624 3525 προφητεῖαι
3638 3453 3798 3516 κακὰ,

2230 3553 2326 3606 καὶ
2358 3551 2432 3613 ὡς
2480 3549 2637 3604 αὐτοὶ
2685 3548 2785 3620 μὲν
2838 3547 3289 3619 ἐκϐληθήσονται,
3322 3546 3483 3616 ἡμεῖς
3514 3543 3591 3613 ,δὲ
3641 3540 3801 3597 εἰσδε-

2230 3641 2573 3714 χθησόμεθα.
2601 3640 2696 3694 Ἰν*
2724 3638 2817 3694 οὖν
2853 3639 2927 3710 μὴ
2959 3638 3145 3708 σαφῶς
3172 3636 3502 3699 ἀκούσαντες
3533 3632 3690 3705 παρά
3711 3634 3800 3701 τὴν

2231 3733 2406 3806 ἀρχὴν
2439 3733 2878 3805 διαχειρίσωνται
2918 3731 3046 3794 τοὺς
3072 3729 3332 3792 λέγοντας
3370 3726 3545 3781 ταῦτα
3585 3726 3795 3796 προφή-

2231 3847 2349 3896 τας,
2379 3830 2473 3883 καὶ
2497 3829 2566 3882 τά
2588 3827 2769 3899 βιϐλία
2794 3827 3123 3897 ἀφανίσωσι,
3151 3825 3239 3880 διά
3265 3822 3423 3878 τοῦτο
3452 3825 3518 3894 τῇ
3545 3820 3801 3890 δυσκολίᾳ

2231 3928 2331 3993 τῆς
2357 3921 2651 3995 ἑρμηνείας
2703 3919 2803 3985 τὰς
2853 3919 3191 3992 προρρήσεις
3233 3915 3582 3988 ἀπέκρυψαν.
3614 3914 3800 3985 Τρίτον

2234 4014 2523 4085 προέκειτο
2567 4012 2824 4085 ζητῆσαι,
2849 4012 2904 4066 τί
2952 4010 3015 4063 τὸ
3052 4009 3370 4081 ψαλτήριον,
3412 4008 3506 4062 καὶ
3551 4005 3624 4061 τά
3656 4005 3798 4073 ἑξῆς.

2237 4105 2392 4159 Ἐστι
2438 4104 2618 4159 τοίνυν
2651 4104 2714 4158 τὸ
2737 4103 3034 4173 ψαλτήριον
3079 4100 3311 4172 ὄργανον
3360 4098 3800 4170 μουσικὸνιδεκά-

2234 4198 2445 4269 χορδον,
2479 4198 2544 4250 ἐκ
2573 4196 2683 4250 τῶν
2705 4194 2915 4249 ἀνωθεν
2953 4194 3139 4266 μερῶν
3161 4192 3263 4260 τῆς
3286 4190 3638 4261 κατασκευῆς
3669 4191 3799 4244 ἀπο-

2232 4287 2423 4342 τελοῦν
2466 4288 2559 4342 τὸν
2596 4282 2753 4358 ἦχον,
2778 4286 3137 4359 ἐναρμονίους
3179 4286 3304 4349 τοὺς
3355 4284 3635 4354 φθόγγους
3671 4282 3800 4353 πρὸς

2231 4380 2331 4448 τὴν
2385 4379 2450 4433 ἐκ
2500 4379 2599 4450 τῆς
2632 4378 2816 4449 φωνῆς
2865 4376 3135 4448 μελῳδίαν
3164 4375 3467 4430 ἀποδιδοῦν.
3507 4374 3667 4445 Παρὰ
3707 4372 3799 4442 μὲν

2247 4473 2523 4545 Ἑϐραίοις
2557 4472 2729 4526 ναύλα
2756 4471 3068 4542 λεγόμενον,
3104 4470 3233 4540 παρ’
3257 4468 3486 4538 Ἕλλησι
3513 4467 3572 4520 δὲ
3607 4465 3800 4535 κιθάρα

544 4572 654 4627 que
684 4558 1021 4613 modulatum
1061 4559 1127 4615 ad
1158 4560 1411 4616 humana:
1441 4562 1593 4617 vocis
1641 4572 1967 4620 concentum
2030 4582 2123 4621 ac-

2235 4565 2655 4638 όνομαζόμενον.
2671 4563 3128 4617 Κατεσκευάσατο
3139 4562 3248 4634 γὰρ
3276 4561 3459 4623 αὐτοῖς
3476 4559 3639 4630 ὀρθὸν
3653 4558 3800 4625 ξύλον

544 4649 909 4704 commodam.
935 4648 1177 4705 Hebraeis
1201 4652 1421 4721 quidem
1452 4654 1695 4709 nablium
1730 4655 1954 4722 dicitur,
1978 4656 2125 4713 Grae-

544 4739 626 4793 cis
655 4741 867 4796 cithara
920 4743 1094 4797 audit.
1158 4743 1387 4799 Rectum
1442 4745 1519 4800 illi
1555 4746 1759 4815 lignum
1816 4758 2013 4819 parant
2072 4758 2128 4804 et

545 4830 865 4887 alterutram
898 4833 954 4888 in
995 4842 1204 4905 partem
1241 4836 1498 4891 inﬂexum
1526 4838 1654 4893 huic
1684 4840 1919 4896 chordas
1968 4841 2127 4895 indu-

548 4927 681 4972 cunt
706 4918 955 4976 intensas
985 4923 1197 4977 decem.
1233 4924 1479 4990 Quarum
1513 4942 1859 4999 unaquaque
1910 4929 1979 4984 ad
2009 4944 2127 4984 ver-

548 5006 709 5063 ticem
760 5013 989 5067 seorsim
1024 5013 1228 5085 illigata
1266 5027 1369 5083 est,
1400 5018 1524 5073 inde
1569 5023 1745 5090 capita
1794 5022 2124 5078 chordarum

544 5099 872 5169 dependent.
911 5101 1111 5159 Decem
1163 5107 1306 5161 enim
1342 5108 1525 5178 paxilli
1551 5120 1647 5164 aut
1695 5111 1946 5168 verticilli
1978 5114 2125 5169 circa

545 5192 788 5248 cubitum
830 5209 993 5266 quem
1027 5196 1217 5253 dicunt
1264 5199 1508 5265 citharae,
1543 5210 1888 5272 torquentur,
1928 5204 2126 5273 quibus

545 5284 815 5342 chordaeis
850 5287 1147 5359 aliquando
1174 5289 1551 5359 intenduntur,
1578 5293 1848 5349 interdum
1875 5295 2127 5350 laxantur

545 5378 613 5433 ad
649 5380 870 5434 modum
902 5392 1204 5438 concentus
1240 5392 1334 5438 aut
1369 5384 1581 5438 libitum
1611 5385 1928 5441 citharistae.
1950 5389 2127 5457 Atque

546 5469 650 5523 hoc
672 5478 756 5523 est
779 5470 925 5541 quod
948 5488 1180 5545 magnus
1201 5472 1437 5530 Basilius
1457 5475 1608 5539 dicit,
1626 5476 1943 5546 psalterium
1972 5478 2126 5535 initia

546 5575 741 5616 vocum
764 5563 964 5618 habere
987 5565 1040 5619 in
1065 5579 1301 5622 summo.
1319 5566 1503 5635 Neque
1528 5569 1696 5635 enim,
1717 5575 1778 5624 ut
1798 5569 1852 5623 in
1883 5570 2006 5626 aliis
2032 5586 2127 5625 vo-

545 5669 670 5707 cum
728 5655 970 5725 organis,
1019 5667 1211 5714 cantor
1255 5660 1628 5730 attemperatis
1691 5662 1860 5718 semel
1906 5663 2128 5720 chordis

549 5744 726 5798 otiose
752 5746 910 5815 quasi
944 5749 1186 5803 abutitur
1210 5750 1459 5821 pulsibus
1486 5767 1502 5820 ;
1535 5751 1627 5807 sed
1680 5762 1805 5823 post
1852 5761 2126 5824 tempera-

549 5846 796 5892 mentum
848 5852 1046 5894 vocum
1078 5840 1272 5898 dextra
1328 5842 1553 5914 quidem
1595 5843 1867 5915 plectrum
1924 5854 2126 5903 tractat

2237 4659 2332 4713 καὶ
2378 4656 2802 4729 ἀπαρέγκλιτον,
2835 4653 3027 4726 χορδαὶ
3058 4654 3117 4708 δὲ
3155 4656 3213 4707 ἐν
3261 4652 3438 4722 τούτῳ
3476 4650 3612 4704 δέκα
3662 4649 3795 4733 ἐτεί-

2232 4764 2408 4802 νοντο.
2451 4745 2691 4817 Ἐκάστη
2736 4745 2794 4799 δέ
2823 4745 2934 4798 τῶν
2961 4743 3169 4815 χορδῶν
3191 4744 3269 4806 εἰς
3293 4741 3355 4796 τὸ
3385 4740 3795 4812 ἀκροτελεύτιον

2231 4838 2327 4895 τοῦ
2376 4838 2676 4910 ψαλτηρίου
2724 4837 3073 4909 διῃρημένως
3123 4834 3556 4904 ἐναπεσφίγγετο
3588 4850 3604 4865 ·
3651 4834 3707 4888 αἱ
3745 4831 3798 4885 δὲ

2234 4932 2407 5003 ἀρχαὶ
2434 4930 2543 4985 τῶν
2573 4930 2777 5001 χορδῶν
2808 4929 3061 4983 καθίεντο
3105 4926 3335 4984 ἀνωθεν.
3371 4926 3514 4980 Δέκα
3560 4926 3671 4997 γὰρ
3709 4924 3795 4977 κό-

2232 5023 2408 5087 λαϐοι,
2462 5022 2560 5077 εἴτ’
2617 5018 2711 5078 οὖν
2761 5021 3129 5075 πασσαλίσκοι
3175 5019 3306 5092 περὶ
3336 5018 3430 5073 τὸν
3482 5019 3661 5091 πῆχυν
3708 5015 3797 5069 τοῦ

2232 5112 2536 5185 ψαλτηρίου
2586 5111 2949 5183 στρεφόμενοι
3003 5110 3270 5163 ἐτείνοντο
3319 5108 3419 5179 τὴν
3465 5107 3663 5179 χορδὴν
3709 5104 3797 5159 καὶ

2232 5206 2462 5278 ἐχάλων,
2495 5204 2631 5276 πρὸς
2667 5203 2725 5257 δὲ
2757 5202 2848 5255 τὸν
2877 5201 3085 5274 ῥυθμὸν
3105 5201 3203 5273 τῆς
3228 5200 3517 5272 ἁρμονίας,
3543 5200 3640 5253 καὶ
3668 5196 3796 5267 πρὸς

2231 5298 2292 5351 τὸ
2321 5297 2412 5351 τοῦ
2444 5296 2734 5368 ψαλτῳδοῦ
2774 5295 3040 5366 βούλημα.
3059 5294 3172 5347 Καὶ
3199 5292 3357 5346 τοῦτό
3386 5294 3551 5357 ἐστιν,
3584 5291 3613 5343 ὃ
3641 5304 3796 5359 φησιν

2232 5394 2260 5444 ὁ
2288 5389 2464 5460 μέγας
2494 5388 2793 5453 Βασίλειος,
2810 5388 2891 5440 ὅτι
2918 5385 2981 5440 τὸ
2999 5386 3295 5456 ψαλτήριον
3318 5382 3523 5438 ἀνωθεν
3551 5381 3666 5452 ἔχει
3694 5379 3796 5432 τῶν

2232 5480 2484 5550 φθόγγων
2508 5478 2604 5544 τὰς
2630 5479 2907 5550 ἀφορμάς.
2923 5479 2997 5531 Ού
3018 5478 3146 5548 γὰρ,
3169 5476 3318 5529 ὥσπε
3326 5493 3359 5547 ρ
3381 5475 3476 5528 ἐπὶ
3500 5472 3609 5527 τῶν
3631 5472 3795 5527 ἀλλων

2232 5571 2659 5643 όργάνων,ἆπαξ
2680 5572 2709 5623 ό
2730 5569 2986 5641 μουσικὸς
3013 5568 3456 5640 ὲναρμοσάμενος
3485 5565 3584 5629 τὰς
3608 5562 3793 5636 χορδᾶς

2232 5662 2605 5734 ἀπραγμόνως
2656 5663 2856 5734 χρῆται
2891 5660 2972 5732 τῷ
3009 5660 3304 5733 κρούματι,
3330 5658 3467 5715 ἀλλά
3512 5657 3648 5728 μετά
3701 5655 3792 5724 τὴν

2235 5755 2502 5826 ἁρμονίαν
2555 5755 2589 5826 ἡ
2643 5755 2741 5827 μέν
2793 5751 2942 5818 δεξιά
2989 5753 3051 5806 τὸ
3099 5752 3377 5825 πλῆκτρον
3425 5746 3791 5820 μεταχειρίζε-

2234 5863 2326 5900 ται
2357 5862 2372 5879 ο
2414 5848 2473 5917 μή
2528 5845 2584 5900 δέ
2622 5845 2781 5923 ’,λαιά
2820 5844 3027 5902 ἄνωθεν
3071 5843 3470 5917 ἐπιτευξαμένη
3514 5841 3626 5895 τῶν
3673 5853 3789 5909 χορ-
