4080 6474
375 488 518 552 1θ65

1313 477 1712 540 PR/EFATIO
1750 475 1850 536 AD
1882 473 2232 536 CATENAM
2270 475 2348 536 IN
2378 472 2734 536 PSALMOS.

3481 473 3618 535 1066

353 602 466 656 δῶν
520 597 664 653 κατὰ
719 592 1030 656 διαστάσεις
1060 633 1076 660 ,
1132 589 1230 645 καὶ
1283 588 1468 642 πυκνά
1545 588 1671 651 τοὺς
1731 583 1933 638 δακτύ-

2067 585 2262 639 inistra
2296 600 2423 638 vero
2466 585 2518 638 in
2551 582 3017 642 summoehordas
3042 581 3315 652 stringens
3342 584 3621 652 perinta-r-

357 695 484 757 λους
544 691 914 761 μετατιθεῖσα,
942 686 1113 758 βαρὺν
1163 685 1198 756 ἢ
1248 684 1373 750 ὀξὺν
1414 681 1509 736 τὸν
1561 680 1797 750 φθόγγον
1846 678 1938 748 ἐρ-

357 784 608 853 γάζεται.
652 781 870 836 Πολλῶν
901 781 958 832 δέ
1003 779 1171 831 ὄντων
1199 775 1450 846 ὁργάνων
1508 773 1805 844 μουσικῶν,
1836 769 1936 842 τὴν

359 875 543 945 βίϐλον
569 874 681 927 τῶν
733 871 980 942 Ψαλμῶν
1026 869 1163 940 πρὸς
1208 871 1270 922 τὸ
1311 867 1603 937 λεγόμενον
1642 863 1939 934 ψαλτήριον

357 967 605 1037 ἥρμοσεν
637 966 664 1017 ό
690 964 996 1035 προφήτης,
1027 963 1149 1032 ἐμοῖ
1181 959 1380 1022 δοκεῖν,
1415 958 1514 1028 τὴν
1542 955 1748 1011 άνωθεν
1782 952 1935 1024 αὐτῷ

360 1056 664 1129 ἐνηχοῦσαν
703 1055 860 1126 χάριν
902 1055 1051 1124 παρά
1099 1051 1193 1106 τοῦ
1240 1049 1555 1120 Πνεῦματος
1600 1043 1940 1114 ἐνδεικνύμε-

360 1167 455 1212 νος
480 1163 494 1178 ·
519 1149 658 1203 διότι
696 1148 853 1202 τοῦτο
885 1147 1044 1218 μόνον
1081 1145 1189 1198 τῶν
1225 1142 1502 1215 μουσικῶν
1544 1141 1794 1211 ὀργάνων
1841 1138 1942 1210 τὴν

365 1240 550 1295 αἰτίαν
567 1239 675 1292 τῶν
697 1239 950 1310 φθόγγων
983 1239 1046 1291 ἐκ
1078 1236 1186 1292 τῶν
1219 1235 1428 1292 ἄνωθεν
1450 1234 1582 1305 ἔχει,
1607 1233 1681 1297 ὡς
1704 1233 1940 1304 εἴρηται.

364 1332 449 1402 Τῇ
477 1332 678 1402 κιθάρᾳ
718 1332 816 1403 μὲν
839 1332 968 1404 γάρ,
994 1333 1087 1386 καὶ
1118 1335 1182 1404 τῇ
1225 1332 1368 1402 λύρᾳ
1395 1328 1640 1383 κάτωθεν
1672 1329 1700 1381 ὁ
1733 1327 1936 1398 χαλκὸς

370 1421 581 1491 ὑπηχεῖ
620 1421 756 1488 πρὸς
784 1421 846 1474 τὸ
890 1421 1164 1491 πλῆκτρον
1193 1437 1207 1453 ·
1237 1419 1300 1472 τὸ
1335 1418 1634 1490 ψαλτήριον
1683 1412 1740 1470 δὲ
1783 1414 1941 1468 τοῦτο

366 1513 478 1566 τῶν
518 1511 831 1583 ἁρμονικῶν
871 1510 1096 1582 ῥυθμῶν
1144 1509 1350 1564 ἄνωθεν
1391 1510 1504 1580 ἔχει
1531 1507 1630 1572 τάς
1662 1505 1941 1578 ἀφορμὰς,

371 1604 462 1658 ἵνα
489 1603 581 1656 καὶ
611 1604 772 1674 ἡμεῖς
811 1603 881 1656 τὰ
907 1603 1018 1658 άνω
1061 1604 1249 1675 ζητεῖν
1277 1601 1616 1675 μελετῶμεν,
1649 1601 1744 1654 καὶ
1776 1599 1853 1673 μὴ
1875 1601 1942 1670 τῇ

371 1695 532 1767 ἡδονῇ
577 1694 672 1748 τοῦ
711 1693 905 1766 μέλους
928 1694 1024 1747 ἐπὶ
1063 1695 1132 1748 τά
1157 1694 1258 1764 τῆς
1299 1693 1500 1765 σαρκὸς
1523 1691 1668 1762 πάθη
1701 1707 1945 1761 καταφε-

371 1787 617 1860 ρώμεθα.
646 1789 882 1842 Κάκεῖνο
906 1787 962 1840 δέ
985 1783 1138 1857 οἶμαι
1169 1787 1261 1841 τὸν
1282 1785 1618 1857 προφητικὸν
1656 1783 1812 1853 λόγον
1846 1783 1944 1853 βα-

371 1881 511 1943 θέως
552 1881 684 1950 ἡμῖν
738 1880 829 1933 καὶ
873 1877 1052 1946 σοφῶς
1093 1877 1182 1931 διὰ
1214 1881 1314 1950 τῆς
1359 1875 1453 1930 τοῦ
1500 1875 1731 1947 ὀργάνου
1774 1891 1946 1928 κατα-

2046 676 2184 730 valla
2214 686 2267 730 et
2301 675 2492 730 crebro
2519 675 2783 729 oberrans
2813 674 3017 744 digitis,
3051 690 3245 729 sonum
3281 686 3374 729 aut
3402 693 3621 746 εγεινιιιιι

2045 775 2140 821 aut
2161 776 2377 821 acutum
2400 765 2582 822 efﬁcit.
2603 765 2866 832 Quamvis
2885 780 3016 820 vero
3039 783 3144 819 non
3173 782 3336 820 unum
3361 768 3431 822 sit
3459 783 3622 836 orga-

2047 873 2175 912 num
2230 857 2524 921 musicum,
2561 853 2898 911 Psalmorum
2933 867 3114 912 tamen
3161 857 3359 912 librum
3397 861 3461 912 ad
3487 859 3623 913 illud

2046 949 2190 1018 quod
2214 948 2527 1018 pSaIterium
2577 948 2774 1003 dicitur
2798 950 3035 1004 maxime
3074 942 3508 1004 accommodavit
3534 966 3626 1003 va-

2049 1051 2152 1102 tes,
2173 1041 2380 1095 utmihi
2401 1041 2630 1106 videtur,
2661 1041 2887 1111 gratiam
2912 1041 3056 1095 illam
3087 1043 3261 1097 sancti
3287 1042 3526 1112 Spiritus
3556 1045 3626 1097 si-

2049 1130 2403 1201 gniﬁcaturus
2452 1147 2574 1200 quae
2621 1147 2684 1186 ex
2717 1132 2830 1185 alto
2887 1131 3106 1202 profusa
3159 1133 3518 1188 suavissimas
3570 1137 3624 1187 in

2053 1221 2175 1290 ipso
2210 1224 2400 1276 modos
2435 1223 2604 1277 cieret
2638 1241 2651 1276 :
2689 1223 2816 1292 quia
2851 1223 2956 1277 hoc
3009 1225 3185 1278 solum
3223 1224 3362 1278 inter
3417 1226 3626 1279 musica

2050 1312 2433 1376 instrumenta,
2451 1329 2668 1380 vocum,
2690 1313 3026 1381 utdiximus,
3045 1330 3239 1370 causas
3259 1330 3289 1369 a
3313 1320 3630 1370 summitate

2051 1403 2232 1458 habet.
2255 1403 2491 1459 Cithara:
2511 1405 2728 1475 quidem
2746 1416 2800 1461 et
2818 1405 2945 1476 lyra:
2968 1406 3033 1461 ad
3064 1406 3254 1475 plectri
3293 1408 3508 1478 pulsum
3553 1426 3629 1462 aes

2051 1497 2279 1554 inferius
2309 1498 2604 1569 respondet
2660 1517 2674 1554 :
2722 1499 3035 1568 psalterium
3062 1509 3240 1556 autem
3275 1517 3626 1557 numerorum

2054 1589 2388 1644 musicorum
2438 1589 2495 1644 in
2547 1604 2764 1644 summo
2801 1605 2994 1645 causas
3025 1591 3204 1655 habet,
3236 1601 3294 1646 ut
3326 1601 3380 1648 et
3410 1609 3510 1648 nos
3562 1596 3628 1647 ad

2054 1694 2293 1750 superna
2322 1682 2611 1750 quaarenda
2643 1696 2744 1736 nos
2774 1697 3181 1752 comparemus,
3213 1699 3313 1738 nec
3346 1685 3632 1741 lenociniis

2054 1780 2248 1826 cantus
2286 1773 2353 1826 ad
2377 1772 2553 1826 studia
2585 1775 2769 1828 carnis
2797 1773 3138 1843 dejiciamur.
3176 1774 3287 1830 Hoc
3317 1776 3462 1830 enim
3489 1777 3630 1830 divi-

2056 1863 2110 1916 ni
2131 1864 2270 1918 vatis
2290 1865 2977 1934 sermonem,sapientiain
3006 1867 3196 1936 primis
3229 1870 3504 1924 recondita
3539 1885 3634 1938 per

373 1970 583 2040 σκευῆς
633 1968 983 2039 ἐνδεδεῖχθαι,
1008 1965 1090 2022 ὅτι
1133 1970 1183 2021 οἰ
1216 1967 1475 2038 ἐμμελεῖς
1501 1969 1596 2020 καὶ
1629 1966 1954 2037 ἐνάρμοστοι

2067 1955 2409 2010 instrumenti
2440 1957 2600 2027 hujus
2630 1967 2962 2013 structuram
2999 1960 3159 2015 nobis
3181 1959 3499 2030 indigitasse
3523 1965 3634 2033 opi-

369 2060 474 2122 τάς
523 2058 700 2129 ψυχάς
747 2059 940 2131 ῥᾳδίαν
976 2060 1158 2128 ἔχουσι
1195 2058 1294 2128 τὴν
1327 2059 1405 2122 εἰς
1449 2056 1518 2110 τὰ
1565 2056 1678 2111 άνω
1707 2055 1952 2127 πορείαν.

371 2150 450 2202 Τὸ
492 2149 548 2202 δὲ
573 2150 870 2220 ψαλτήριον
925 2150 1247 2220 δεκάχορδον
1272 2147 1332 2202 ὂν
1363 2147 1785 2220 αἰνιγματωδῶς
1814 2164 1958 2218 παρ-

372 2240 570 2310 εδήλου
634 2241 696 2294 τὸ
735 2241 916 2311 σῶμα,
973 2241 1069 2295 άτε
1117 2240 1277 2295 πέντε
1325 2239 1606 2308 αἰσθήσεις
1671 2237 1816 2308 ἔχον,
1865 2235 1962 2291 καὶ

375 2337 542 2387 πέντε
575 2333 676 2404 τῆς
725 2333 900 2404 ψυχῆς
935 2334 1237 2404 ἐνεργείας,
1269 2333 1336 2386 δι’
1381 2331 1620 2400 ἑκάστης
1654 2329 1960 2400 αἰσθήσεως

376 2425 680 2494 γινομένης
734 2424 1015 2496 ἐνεργείας
1065 2424 1322 2494 ἑκάστης.
1350 2423 1519 2478 Ὅταν
1563 2421 1671 2493 γάρ
1727 2421 1960 2475 ἕκαστον

380 2517 738 2588 αἰσθητήριον
776 2517 979 2588 ἑκάστῃ
1010 2517 1238 2586 δυνάμει
1265 2516 1367 2580 τῆς
1415 2515 1593 2586 ψυχῆς
1641 2515 1961 2585 προσαρμόο

386 2623 594 2676 σωμεν,
627 2607 722 2660 καὶ
761 2608 897 2678 προς
941 2607 1000 2659 τὸ
1033 2607 1176 2676 ἱερὸν
1211 2605 1371 2677 μέλος
1430 2606 1625 2668 αὐτοὺς
1665 2604 1962 2676 διοργανώ-

387 2714 594 2768 σωμεν,
610 2697 930 2768 δεκάχορδον
954 2699 1215 2769 γινόμεθα
1243 2699 1542 2770 ψαλτήριον
1565 2697 1642 2769 τῷ
1667 2698 1808 2769 Θεῷ,
1828 2699 1961 2770 ἡμῖν

390 2789 492 2858 μὲν
533 2790 1058 2861 μουσουργοῦμενον,
1097 2791 1246 2863 καλῷ
1272 2790 1328 2844 δέ
1368 2791 1607 2864 τεχνίτῃ,
1641 2789 1719 2862 τῷ
1778 2789 1952 2843 Ilvati-

392 2898 525 2951 ματι
557 2883 1011 2954 ἀνακρουόμενον.
1057 2883 1217 2937 Ἀλλὰ
1244 2883 1489 2936 τοιοῦτον
1525 2883 1625 2954 μὲν
1664 2883 1726 2936 τὸ
1750 2882 1959 2954 ψαλτή-

390 2991 508 3044 ριον
542 2991 557 3006 ·
586 2974 798 3046 ψαλμδς
831 2976 886 3030 δέ
910 2977 1025 3029 ἐστι
1053 2974 1210 3044 λόγος
1248 2974 1526 3046 μουσικὸς,
1566 2975 1658 3029 καὶ
1693 2973 1862 3045 ὕμνος
1885 2974 1963 3045 τῷ

388 3067 511 3138 Θεῷ
542 3068 969 3139 προσαγόμενος,
992 3067 1100 3122 ἀπὸ
1122 3067 1214 3122 τοῦ
1245 3067 1544 3138 ψαλτηρίου
1578 3065 1811 3138 ὀργάνου
1843 3067 1966 3138 κλη-

390 3159 527 3223 θείς.
559 3160 648 3212 Διδ
672 3161 726 3214 αἱ
749 3159 905 3213 ἄλλαι
929 3157 1168 3231 Γραφαὶ,
1197 3162 1317 3212 ἐπεὶ
1354 3159 1428 3231 μὴ
1449 3159 1586 3229 πρὸς
1617 3158 1778 3212 αὐλὸν
1803 3157 1967 3228 ἐψάλ-

387 3249 564 3314 λοντο,
599 3251 695 3320 τῆς
725 3249 817 3302 τοῦ
847 3248 1061 3320 ψαλμοῦ
1106 3249 1427 3322 ἐστέρηνται
1465 3250 1729 3320 κλήσεως.
1759 3250 1879 3320 Χρὴ
1907 3249 1964 3302 δὲ

398 3340 534 3411 μηδὲ
590 3341 870 3412 διάψαλμα
919 3341 1295 3414 παραδραμεῖν
1337 3340 1672 3412 ἀθεώρητον.
1709 3341 1835 3394 Τισὶ
1867 3341 1966 3411 μὲν

398 3431 701 3504 μεταϐολὴν
731 3431 823 3485 τοῦ
854 3433 1142 3504 νοήματος,
1169 3429 1202 3502 ἢ
1241 3432 1586 3502 πράγματος,
1612 3431 1643 3502 ἢ
1670 3431 1965 3501 προσώπου

395 3526 681 3596 σημαίνειν
729 3523 987 3595 ἐνομίσθη
1027 3525 1087 3577 τὸ
1139 3523 1600 3594 διάψαλμαοτισὶ
1657 3523 1715 3576 δέ
1769 3522 1966 3592 μέλους

393 3617 717 3688 ἐναλλαγὴν,
754 3616 883 3668 πότε
917 3617 1016 3686 μὲν
1049 3615 1348 3688 βαρύτερον
1386 3615 1796 3686 άπηχουμένου,
1830 3613 1969 3667 πότε

393 3708 453 3762 δὲ
484 3708 759 3779 ὀξύτερον.
793 3709 1006 3779 ’Έτεροι
1053 3708 1112 3762 δέ
1151 3724 1346 3778 φασιν,
1379 3707 1460 3760 ὃτι
1495 3707 1763 3769 συντιθεὶς
1810 3708 1839 3759 ὁ
1866 3707 1970 3758 Δα-

395 3801 484 3854 διδ
529 3801 760 3854 ἕκαστον
797 3801 904 3855 τῶν
931 3799 1164 3871 ψαλμῶν
1211 3798 1500 3869 παρεδίδου
1536 3798 1618 3851 ἐνὶ
1681 3797 1850 3870 χορῷ,
1875 3799 1971 3849 καὶ

397 3891 628 3960 ἔψαλλεν
656 3893 860 3945 ἐκεῖνον
890 3894 946 3946 ἐν
969 3893 1163 3962 ἐκείνῳ
1195 3889 1273 3960 τῷ
1319 3889 1487 3960 χορῷ.
1513 3888 1575 3942 Εἰ
1619 3889 1676 3942 δέ
1725 3905 1827 3942 που
1855 3888 1970 3942 ἔδο-

398 3986 492 4051 ξεν
520 3984 664 4055 αὐτῷ
695 3984 836 4040 κατὰ
865 3986 1031 4055 μέσον
1077 3983 1173 4038 τοῦ
1204 3981 1447 4054 ψαλμοῦ,
1492 3982 1589 4036 καὶ
1627 3982 1773 4052 ἄλλῳ
1823 3979 1972 4052 χορῷ

402 4077 737 4148 παραδοῦναι
764 4078 823 4131 τὸ
843 4076 1027 4130 λοιπὸν
1081 4075 1176 4130 τοῦ
1223 4073 1458 4144 ψαλμοῦ,
1489 4075 1610 4128 τότε
1645 4075 1739 4128 καὶ
1767 4076 1801 4144 ἡ
1853 4075 1972 4128 δια-

397 4167 532 4238 δοχὴ
556 4166 648 4219 τοῦ
678 4166 887 4238 ῥυθμοῦ
919 4167 1164 4220 ἐκαλεῖτο
1201 4166 1505 4237 διάψαλμα.
1567 4163 1759 4236 Ἡμεῖς
1785 4166 1840 4220 δὲ
1870 4167 1974 4230 τὰς

400 4273 461 4308 τε
496 4257 604 4308 τῶν
656 4257 935 4327 προτέρων
970 4256 1266 4326 ὑπολήψεις
1322 4258 1422 4310 οὐκ
1451 4256 1857 4327 ἀποϐάλλομεν·
1890 4257 1973 4310 ἐν·-

404 4347 598 4418 νοῆσαι
628 4347 684 4401 δέ
717 4365 792 4414 τι,
824 4349 916 4401 καὶ
962 4349 1090 4420 παρ’
1121 4347 1330 4402 ἑαυτῶν
1370 4349 1507 4421 πρὸς
1535 4349 1633 4426 τὴν
1681 4347 1776 4402 τοῦ
1808 4347 1974 4420 ῥητοῦ

406 4439 684 4509 σημασίαν
716 4440 816 4494 οὐκ
849 4441 1251 4512 ἁποκνήσομεν.
1292 4439 1560 4512 Τοιαύτην
1591 4435 1684 4495 οὖν
1711 4456 1833 4494 τινα
1880 4440 1976 4494 τοῦ

402 4530 776 4601 διαψάλματος
803 4532 1174 4603 κατελάϐομεν
1203 4533 1302 4605 τὴν
1331 4533 1591 4598 διάνοιαν,
1620 4535 1701 4586 ὅτι
1755 4535 1978 4605 προϊού-

2059 2059 2179 2110 nor,
2215 2048 2360 2116 quod
2396 2048 2610 2104 animus
2644 2051 2959 2105 moderatus
2990 2062 3044 2106 et
3097 2055 3436 2122 compositus
3468 2072 3634 2126 expc.

2059 2138 2228 2191 ditum
2253 2139 2356 2194 iter
2390 2140 2583 2196 habeat
2614 2143 2680 2196 ad
2727 2143 2941 2198 altiora.
2975 2142 3296 2200 Psalterium
3321 2157 3502 2202 autem
3525 2151 3632 2216 .de-

2059 2243 2178 2284 cem
2231 2231 2453 2288 chordis
2481 2248 2746 2290 resonans
2803 2251 2898 2306 per
2940 2236 3164 2306 figuram
3202 2255 3404 2308 corpus
3442 2250 3635 2296 esten“

2061 2319 2140 2373 dit
2182 2321 2424 2392 quinque
2474 2325 2747 2390 sensibus,
2782 2335 2835 2380 ct
2868 2327 3108 2382 animum
3155 2331 3398 2402 quinque
3457 2332 3632 2388 facul-

2064 2413 2265 2468 tatibus
2315 2415 2620 2484 praeditum,
2679 2433 2910 2488 quarum
2967 2420 3196 2490 singulas
3243 2439 3336 2492 per
3386 2425 3635 2496 singulos

2013 2534 2019 2540 -
2063 2519 2257 2558 sensus
2301 2503 2478 2560 cilicio
2543 2522 2645 2562 suo
2707 2510 3026 2579 funguntur.
3067 2508 3168 2566 Ubi
3207 2513 3354 2568 enim
3385 2516 3635 2586 singulos

2064 2616 2261 2657 sensus
2282 2601 2511 2673 singulis
2534 2601 2729 2658 animae
2752 2603 3100 2661 facultatibus
3126 2613 3634 2677 accommodamus,

2064 2701 2119 2745 et
2162 2693 2228 2747 ad
2287 2709 2444 2749 usum
2504 2709 2675 2764 saera:
2733 2697 3125 2754 modulationis
3187 2709 3636 2771 attemperamus,

2065 2784 2383 2853 psalterium
2426 2784 2612 2842 decem
2638 2787 2967 2844 chordarum
3009 2789 3122 2845 Deo
3150 2793 3450 2863 eilicimur;
3487 2799 3637 2865 quod

2067 2895 2096 2932 a
2123 2881 2280 2937 nobis
2312 2882 2529 2953 quidem
2561 2883 2823 2938 melodice
2852 2884 3245 2953 conformatur,
3276 2888 3372 2943 sed
3403 2903 3432 2942 a
3464 2889 3640 2959 perito

2069 2972 2278 3028 antitice
2333 2984 2524 3030 sancto
2559 2975 2762 3046 Spiritu
2797 2975 3064 3047 pulsatur.
3100 2975 3231 3034 Tale
3265 2988 3446 3036 autem
3494 2983 3639 3052 psal-

2071 3066 2291 3120 terium.
2329 3064 2584 3124 Psalmus
2640 3077 2822 3124 autem
2847 3079 2931 3124 est
2975 3085 3158 3126 sermo
3219 3073 3560 3139 modulatus,
3588 3085 3644 3130 et

2069 3155 2304 3227 hymnus
2336 3159 2403 3212 ad
2438 3158 2608 3216 Deum
2637 3161 2900 3228 directus,
2925 3177 2954 3217 a
2987 3163 3246 3232 psalterio
3277 3164 3644 3221 instrumento

2070 3261 2267 3302 nomen
2314 3249 2556 3305 trahens.
2606 3250 2787 3317 Quare
2827 3251 2933 3306 alia
2967 3253 3187 3321 quidem
3225 3253 3514 3309 Librorum
3547 3270 3640 3310 sa-

2069 3353 2287 3393 crorum
2309 3340 2606 3408 volumina,
2638 3341 2764 3412 quia
2792 3342 2860 3398 ad
2891 3343 3078 3398 tibiam
3113 3358 3222 3398 non
3274 3345 3638 3410 canebantur.

2069 3429 2266 3498 psalmi
2310 3431 2533 3486 nomine
2597 3441 2810 3488 carent.
2860 3432 3031 3488 Porro
3089 3451 3264 3506 neque
3308 3436 3644 3508 diapsalma-

2073 3520 2144 3574 tis
2181 3521 2510 3577 mentionem
2577 3525 2828 3580 omittere
2892 3525 3038 3581 licet.
3093 3526 3430 3594 Quibusdam
3492 3530 3642 3586 enim

2072 3614 2556 3670 commutationem
2590 3631 2808 3684 sensus,
2836 3627 2932 3673 aut
2963 3620 3062 3687 rei,
3091 3630 3186 3675 aut
3206 3637 3452 3691 persona:
3471 3625 3646 3695 signi-

2075 3703 2242 3759 ficare
2269 3706 2538 3761 creditum
2566 3721 2650 3763 est
2675 3709 2980 3779 diapsalma
3005 3728 3020 3778 ;
3055 3712 3379 3781 quibusdam
3411 3729 3536 3770 vero
3559 3716 3646 3771 di-

2076 3796 2312 3852 scrimen
2341 3811 2538 3854 cantus
2567 3799 2861 3871 aliquando
2888 3803 3107 3872 gravius
3136 3815 3231 3859 aut
3247 3806 3465 3860 acutius
3496 3823 3650 3862 reso-

2080 3891 2282 3946 nantis.
2315 3889 2420 3945 Alii
2445 3891 2655 3956 dieunt,
2705 3891 2962 3948 Davidem
3003 3895 3093 3950 ubi
3120 3896 3355 3968 aliquem
3385 3899 3650 3970 hymnum

2074 3985 2464 4054 composuerit,
2490 3985 2723 4056 aliquem
2743 4001 2773 4042 e
2790 3987 2973 4043 choris
2995 3997 3283 4045 cantorum
3310 3991 3646 4058 adhibuisse,

2077 4076 2442 4146 eunulemque
2468 4077 2608 4132 inter
2631 4078 2754 4133 illos
2777 4078 3114 4134 modulatum
3149 4095 3291 4137 esse.
3317 4081 3502 4138 Sicubi
3521 4101 3650 4139 vero

2077 4166 2252 4220 cidem
2279 4167 2453 4222 visum
2481 4167 2643 4222 fuerit
2665 4168 2945 4225 diﬂindere
2989 4171 3146 4240 quasi
3177 4173 3466 4241 psalmum,
3522 4192 3650 4244 par-

2085 4260 2309 4322 temque
2329 4253 2595 4324 reliquam
2626 4255 2782 4310 alteri
2806 4255 3019 4312 cuidam
3047 4259 3218 4315 cli-oro
3248 4261 3484 4328 tradere,
3522 4273 3652 4320 tunc

2079 4341 2200 4398 illas
2217 4344 2471 4398 cantandi
2504 4344 2648 4400 vices
2678 4345 2848 4401 fuisse
2874 4347 3172 4418 diapsalma
3197 4351 3514 4420 appellatas.
3537 4351 3649 4409 Nos

2079 4450 2209 4489 vero
2232 4435 2375 4490 sicut
2414 4436 2658 4504 priorum
2712 4437 3054 4507 conjecturas
3080 4454 3190 4495 non
3222 4441 3503 4512 rejicimus
3525 4485 3538 4507 ,
3576 4444 3648 4499 ita

2080 4511 2315 4582 inventis
2401 4527 2604 4597 aliquid
2694 4529 2892 4584 addere
2959 4531 3102 4586 circa
3195 4511 3649 4604 signiﬁcationem

404 4641 507 4694 σης
538 4624 679 4677 κατὰ
715 4624 776 4677 τὺ
805 4622 1100 4679 ἀκόλουθον
1124 4625 1222 4695 τῆς
1257 4624 1602 4696 ψαλμῳδίας,
1631 4627 1726 4678 ἐάν
1756 4644 1839 4689 τις
1863 4626 1962 4694 ἐγέ

2083 4618 2233 4673 verbi
2293 4635 2401 4674 non
2465 4620 2794 4676 verebimur.
2847 4622 3016 4694 Igitur
3079 4623 3349 4693 ejusmodi
3410 4627 3650 4696 aliquam

404 4731 528 4766 νετο
569 4713 771 4784 μεταξὺ
821 4713 1253 4784 προφητεύοντος
1313 4712 1409 4768 τοῦ
1455 4714 1619 4767 Δαϐιδ
1669 4714 1832 4784 ἑτέρα
1881 4711 1962 4767 τοῐ

2085 4709 2539 4780 signiﬁcationem
2597 4713 2970 4782 diapsalmatis
3021 4714 3505 4786 deprehendimus,
3596 4734 3656 4776 ut

407 4807 565 4874 ἁγίου
589 4806 902 4877 Πνεῦματος
953 4805 1074 4860 θεία
1109 4806 1392 4878 ἐλλαμψις,
1435 4809 1530 4860 καὶ
1565 4807 1851 4878 προσθήκη
1882 4805 1976 4860 τοῦ

407 4899 548 4953 κατὰ
577 4900 672 4970 τὴν
700 4901 902 4967 γνῶσιν
926 4901 1284 4971 χαρίσματος,
1315 4901 1400 4953 ἐπ’
1428 4901 1667 4972 ὠφελείᾳ
1689 4901 1796 4953 τῶν
1830 4900 1980 4969 δεχο·

411 4995 590 5064 μένων
623 4991 720 5065 τὴν
769 4993 1126 5063 προφητείαν,
1166 4993 1384 5064 ἐπέχων
1411 4993 1508 5064 τὴν
1539 4992 1746 5063 φωνὴν,
1789 4990 1981 5061 καιρὸν

407 5085 578 5138 ἐδίδιυ
603 5087 669 5156 τῇ
708 5083 935 5155 διανοίᾳ,
963 5084 1218 5150 δέξασθαι
1250 5085 1358 5140 τῶν
1387 5086 1672 5156 νοημάτων
1705 5086 1803 5156 τὴν
1841 5084 1980 5154 γνῶ.

409 5193 495 5232 σιν
535 5175 643 5229 τῶν
691 5178 994 5247 γινομένων
1051 5179 1110 5230 ἐν
1167 5176 1314 5247 αὑτῷ
1359 5179 1509 5249 παρὰ
1559 5178 1661 5247 τῆς
1707 5177 1856 5238 θείας
1897 5176 1980 5229 et.

409 5267 689 5338 λάμψεως.
731 5270 840 5322 Καὶ
885 5267 1077 5340 ὥσπερ
1128 5268 1387 5333 πολλάκις
1418 5268 1561 5331 τινὲς
1590 5267 1707 5338 μετ’
1735 5267 1981 5338 ἀλλήλων

405 5357 802 5428 διαλεγόμενοι,
837 5357 894 5411 εἴ
950 5361 1114 5414 ποθεν
1157 5359 1332 5432 άθρόα
1374 5361 1569 5431 ἧχησις
1616 5361 1736 5423 ταῖς
1791 5360 1982 5423 ἀκοαῖς

412 5449 732 5523 προσδάλοι,
763 5451 1098 5523 παυσάμενοι
1138 5452 1232 5506 τοῦ
1286 5452 1470 5520 λόγου,
1513 5451 1651 5523 πρὸς
1693 5451 1785 5505 τὸν
1850 5449 1983 5522 ἦχον

409 5545 480 5611 τῇ
510 5542 719 5612 διανοίᾳ
757 5543 1139 5608 συντείνονται,
1168 5543 1365 5614 σχολὴν
1393 5541 1723 5614 παρέχοντες
1752 5543 1819 5597 δι’
1851 5544 1983 5613 ἡσυ-

410 5635 536 5707 χίας
575 5637 644 5706 τῇ
693 5636 852 5706 ἀκοῇ,
877 5635 970 5688 τοῦ
1000 5635 1206 5705 γνῶναι
1253 5634 1348 5689 τοῦ
1405 5635 1539 5706 ἤχου
1590 5636 1689 5708 τὴν
1728 5634 1980 5705 δύναμιν,

415 5722 536 5780 εἶτα
570 5728 923 5798 παυσαμένης
952 5727 1050 5796 τῆς
1077 5727 1456 5799 προσηχοὺσης
1487 5728 1670 5798 φωνῆς
1694 5727 1856 5782 πάλιν
1886 5727 1982 5780 ἁλ-

415 5818 602 5890 λήλοις
633 5817 972 5886 διαλέγονται
1015 5835 1031 5850 ·
1072 5817 1215 5872 οὓτω
1250 5819 1343 5872 καὶ
1378 5822 1408 5874 ὀ
1441 5819 1614 5889 μέγας
1648 5818 1814 5873 Δαΰὶδ
1855 5819 1985 5871 67:0-

417 5909 673 5980 φητεύων
707 5908 784 5978 τῷ
808 5909 1106 5978 Πνεῦματι,
1133 5909 1276 5980 άπερ
1330 5929 1387 5963 τε
1426 5911 1637 5982 φθάσας
1675 5909 1866 5980 ἔμαθε,
1900 5910 1980 5963 δι-

743 6005 1015 6066 PATBOL.
1061 6006 1156 6067 GR
1222 6007 1380 6071 CV1.

2086 4804 2417 4871 procedente
2481 4819 2547 4858 ex
2607 4806 2801 4860 ordine
2844 4815 3037 4873 cantu,
3093 4807 3138 4862 si
3199 4823 3304 4878 qua
3355 4825 3491 4864 nova
3521 4817 3660 4867 vati-

2082 4895 2291 4948 cinanti
2323 4896 2593 4952 accideret
2627 4897 2796 4952 divini
2829 4897 3067 4969 Spiritus
3093 4899 3425 4955 illuminatio
3453 4913 3507 4956 et
3560 4919 3653 4957 ar.-

2083 4989 2260 5043 eessio
2285 4989 2472 5060 gratia:
2502 4991 2850 5046 revelationis
2870 5032 2884 5056 ,
2916 4993 2969 5046 in
3003 5007 3164 5048 usum
3187 5009 3376 5048 eorum
3408 4995 3500 5065 qui
3525 5013 3648 5050 aus-

2083 5081 2358 5136 cultarent
2382 5082 2746 5152 prophetiam,
2778 5083 2868 5138 ille
2894 5084 3123 5139 inhibita
3154 5101 3285 5141 voce
3315 5097 3530 5156 tempus
3560 5091 3656 5142 de-

2083 5171 2225 5226 derit
2271 5173 2456 5226 animo
2514 5188 2646 5237 suo,
2722 5173 2790 5229 ad
2851 5175 3260 5245 percipiendum
3322 5179 3656 5233 intellectum

2085 5264 2504 5334 cogitationum,
2529 5281 2666 5335 quas
2694 5265 3021 5321 illuminatio
3049 5266 3234 5322 divina
3258 5269 3310 5322 in
3331 5269 3424 5324 illo
3445 5272 3624 5326 excita
3645 5301 3659 5312 -

2085 5357 2198 5411 bat.
2229 5356 2344 5414 Non
2382 5373 2544 5414 secus
2601 5368 2766 5429 atque
2797 5360 2976 5413 solent
3001 5360 3094 5429 qui
3133 5360 3278 5415 inter
3306 5375 3364 5415 se
3390 5361 3660 5416 confabu-

2085 5448 2307 5516 lantur,
2345 5449 2390 5504 si
2436 5449 2563 5520 quis
2611 5465 2781 5505 sonus
2813 5450 3033 5520 gravior
3072 5466 3235 5508 aures
3277 5454 3655 5523 percusserit,

2085 5541 2292 5597 omisso
2327 5556 2581 5598 sermone
2604 5584 2619 5608 ,
2663 5544 2729 5598 ad
2764 5559 2960 5599 sonum
3001 5545 3243 5600 animum
3290 5555 3655 5613 convertunt,

2087 5633 2369 5704 otiumque
2392 5635 2618 5690 auribus
2650 5651 2748 5706 per
2774 5635 3052 5692 silentium
3082 5637 3348 5704 prebeat,
3375 5639 3440 5694 ad
3495 5639 3656 5695 intel-

2086 5725 2360 5794 Iigendam
2420 5736 2618 5783 cautus
2675 5728 3172 5800 signiﬁcationem;
3215 5745 3342 5787 mox
3377 5746 3507 5787 vero
3534 5747 3654 5787 ecs-

2089 5830 2245 5876 saute
2271 5833 2490 5876 cantum
2525 5839 2656 5878 voce
2689 5839 2883 5880 rursus
2913 5824 3252 5894 colloquium
3277 5833 3538 5894 repetunt
3574 5825 3664 5879 Si-

2091 5911 2316 5968 millime
2349 5929 2578 5984 magnus
2611 5913 2779 5971 David
2810 5930 2997 5972 vocem
3025 5916 3439 5972 arcommodam
3479 5914 3662 5987 Spiri-

3240 6011 3316 6070 35
