4080 6464
593 421 725 485 106⁵1

1305 421 1698 482 OPUSCULA
1739 420 2376 482 SCRIPTURISTICA
2417 423 2769 485 INCERT/E
2801 425 3108 486 AETATIS.

3679 427 3786 492 1058

590 536 666 589 tui
700 544 912 599 sancto,
949 549 1181 606 qumque
1212 533 1496 601 didicerat,
1533 533 1662 589 dum
1698 535 1972 591 cantionis
2004 551 2152 606 argtr

2275 536 2421 609 εξῄει
2445 541 2511 608 τῇ
2574 537 2814 610 μελῳδίᾳ
2833 555 2844 567 ο
2873 537 2965 590 καὶ
2997 538 3049 590 et
3073 554 3124 588 τι
3168 535 3370 607 μεταξὺ
3397 534 3562 620 λέγων
3588 537 3788 595 ἐπεδιδὰ-

587 633 832 680 mentum
863 625 1048 679 animo
1090 623 1480 694 praecipiebat,
1524 624 1769 678 carmine
1820 627 2073 693 exponit;
2109 635 2164 680 et

586 716 631 768 si
658 695 805 784 'quid
845 715 984 769 inter
1018 713 1322 769 canendum
1359 715 1593 788 amplius
1635 716 1989 785 percipiebat,
2022 717 2165 772 inhi-

587 809 700 860 hita
754 806 1039 861 harmonia
1090 821 1253 864 aures
1303 808 1619 864 advertebat
1663 809 1894 880 Spiritui
1932 821 2161 879 sancto,

584 899 757 966 perite
788 898 1127 964 succinenti,
1176 907 1236 952 ut
1278 899 1478 970 quibus
1510 901 1716 957 interea
1761 902 2164 957 sensibuS'im-

583 993 758 1059 pletus
804 989 982 1044 fuerat
1011 1031 1024 1055 ,
1052 991 1174 1045 illos
1203 991 1382 1046 denuo
1400 993 1717 1064 explicaret.
1740 993 1836 1047 Est
1863 993 2027 1064 igitur
2043 994 2166 1048 dia-

579 1085 789 1154 psalma
812 1083 1300 1150 intercaucmlum,
1339 1093 1501 1154 atque
1535 1086 1586 1138 in
1623 1087 1739 1156 ipso
1759 1086 2026 1141 oratioois
2057 1084 2158 1138 ﬂu-

579 1178 727 1231 mine
758 1178 940 1232 subito
992 1179 1128 1232 facta
1182 1192 1350 1246 pansa
1387 1178 1455 1232 ad
1505 1177 1908 1247 perceptionem
1953 1179 2161 1248 cogita-

579 1269 746 1324 tionis
775 1269 1035 1324 divinitus
1070 1268 1424 1338 interpositm.
1459 1268 1573 1324 Aut
1606 1269 1910 1336 diapsalma
1939 1277 2021 1324 est
2061 1271 2160 1324 do-

579 1360 756 1414 ctrina
795 1359 1056 1430 Spiritus,
1094 1360 1310 1414 occulte
1336 1360 1732 1429 superveniens
1756 1361 1939 1414 animo
1963 1401 1977 1422 ,
2008 1360 2158 1431 ejus-

579 1469 688 1522 que
751 1453 897 1508 circa
965 1452 1353 1522 cogitationem
1403 1453 1652 1506 eamdem
1703 1451 2016 1514 intentioni,
2047 1469 2156 1522 qua

579 1545 752 1599 Ss-rics
784 1544 1175 1598 modulationis
1215 1543 1579 1612 abrumpitur.
1623 1541 1699 1598 Ne
1728 1555 1909 1599 tamen
1959 1546 2156 1614 vulgus

581 1647 828 1690 autumet
861 1637 1139 1691 silentium
1183 1636 1314 1690 illud
1351 1637 1566 1706 signum
1608 1651 1761 1700 esse,
1812 1637 1957 1706 quod
1986 1637 2158 1692 virtus

582 1729 821 1799 Spiritus
841 1731 1017 1784 sancti
1067 1729 1446 1784 vaticinantem
1493 1729 1826 1791 destituerit.
1865 1730 1987 1784 ideo
2015 1745 2159 1784 non-

589 1823 720 1875 nulli
769 1823 1125 1891 interprelnm
1188 1836 1287 1892 pro
1330 1821 1691 1890 diapsalmate
1730 1822 2158 1878 continuationis

583 1923 766 1967 nolam
836 1913 1142 1966 inscribunt
1195 1913 1502 1969 intervallis
1564 1930 1578 1980 ;
1643 1922 1703 1970 ut
1745 1915 1849 1969 hoc
1910 1915 2152 1970 maxime

582 2005 744 2059 modo
799 2005 1078 2060 discamus
1119 2005 1292 2060 sancti
1374 2006 1594 2076 quidem
1645 2005 1880 2076 Spiritus
1923 2007 2159 2076 gratiam

581 2094 767 2146 uullihi
815 2095 1083 2154 deiicere;
1122 2104 1382 2150 czcterum
1419 2109 1729 2149 sermonem
1753 2135 1769 2160 ,
1811 2096 2159 2166 interpretem

576 2187 835 2255 illorum,
874 2201 993 2257 qua:
1020 2185 1286 2243 divinitus
1319 2189 1507 2242 animo
1539 2189 1816 2254 incidunt,
1855 2188 2154 2257 aliquando

575 2277 829 2333 tuesitare
885 2296 898 2331 :
939 2287 1102 2348 atque
1148 2278 1256 2332 alia
1303 2278 1522 2350 quidem
1586 2282 1787 2333 mentis
1822 2279 1996 2344 eﬂ'ari,
2050 2279 2158 2334 alia

571 2371 848 2441 excipere.
889 2370 1065 2438 Atque
1116 2370 1291 2424 donec
1344 2368 1546 2424 cffatur
1597 2384 1830 2435 sensus,
1867 2370 1960 2438 qui
1995 2369 2157 2423 intel-

570 2463 736 2518 lectui
799 2461 1218 2532 imprimuntur,
1279 2461 1472 2516 ordine
1521 2461 1765 2515 succedit
1822 2459 2153 2526 modulatio;

569 2557 788 2626 quoties
832 2564 1014 2610 autem
1089 2554 1382 2610 sublimius
1429 2563 1485 2608 et
1529 2553 1773 2609 divinius
1810 2554 1940 2623 quid
1995 2567 2158 2608 aures

571 2650 771 2706 mentis
813 2650 1225 2715 circumsonat,
1273 2648 1508 2706 inhibito
1541 2651 1740 2714 cantu',
1790 2657 1944 2703 totus
1973 2657 2055 2703 est
2101 2648 2158 2702 in

572 2738 866 2795 audiendo.
922 2739 1175 2793 luternus
1259 2738 1424 2810 igitur
1494 2739 1668 2794 Sancti
1750 2737 2008 2808 Spiritus,
2063 2737 2157 2791 illo

572 2835 696 2906 ipso
758 2831 970 2886 silentii
1037 2840 1285 2900 tempore
1345 2832 1400 2885 in
1463 2831 1555 2884 illo
1611 2831 1922 2900 loquentis,
1972 2843 2157 2886 sermo

571 2926 739 2980 etiam
777 2923 1066 2978 intervalla
1115 2922 1206 2977 illa
1252 2923 1628 2978 continuabat.
1667 2921 2018 2977 Intervallum
2055 2937 2158 2976 au-

569 3030 677 3073 teut
727 3017 908 3086 ipsum
959 3016 1352 3085 interpretibus
1406 3015 1708 3086 diapsalma
1741 3023 1994 3070 vocatum
2039 3023 2145 3069 est.

569 3112 887 3182 Diapsalma
937 3119 1121 3166 tamen
1178 3124 1284 3163 non
1340 3123 1590 3179 pausam,
1628 3110 1722 3165 sed
1770 3106 2155 3178 inSpirationis

2268 646 2445 694 σκετο,
2474 629 2690 698 ὑπέχων
2724 629 2822 698 τὴν
2859 627 2960 697 τῆς
2993 628 3170 698 ψυχῆς
3212 628 3384 696 ἀκοὴν
3411 628 3487 699 τῷ
3541 629 3788 698 πνεύματι,

2268 715 2446 778 καλῶς
2487 715 2788 786 ἐνηχοῦντι,
2816 716 2910 769 καὶ
2942 718 3324 783 κατασιγάζων
3345 717 3411 771 τὸ
3443 717 3616 788 μέλος,
3640 713 3704 774 ὧν
3731 719 3784 775 αὖ

2266 807 2479 880 πλήρης
2507 808 2735 877 ἐγίνετο,
2765 807 2936 861 ταῦτα
2968 808 3135 861 πάλιν
3175 809 3398 880 διεξῄει.
3431 810 3608 863 Ἔστιν
3630 810 3710 865 οὖν
3745 814 3793 865 τὺ

2268 900 2546 971 διάψαλμα
2577 900 2780 972 μεταξὺ
2823 900 2922 968 τῆς
2953 900 3270 971 ψαλμῳδίας
3305 901 3556 971 γινομένη
3602 903 3725 956 κατὰ
3747 904 3794 956 rb

2265 993 2460 1066 ἀθρόον
2479 995 2838 1066 ὑπηρέτησις,
2877 992 3011 1062 πρὸς
3034 991 3301 1062 ὑποδοχὴν
3317 992 3408 1045 τοῦ
3439 993 3618 1045 θεόθεν
3645 993 3796 1046 ἔπεισι

2265 1086 2586 1158 κρινομένου
2634 1086 2925 1156 νοήματος.
2962 1085 3033 1137 Ἦ
3077 1084 3355 1154 διᾶψαλμὰ
3406 1085 3548 1137 ἔστιν
3584 1083 3798 1137 διδασκα-

2263 1179 2350 1232 λία
2377 1178 2471 1231 τοῦ
2511 1177 2848 1242 Πνεύματος,
2878 1180 2943 1248 τῇ
2976 1176 3121 1248 ψυχῇ
3149 1175 3289 1231 κατὰ
3319 1177 3380 1230 τὸ
3407 1177 3697 1247 ἀπόρρητον
3724 1175 3798 1242 ἐγ-

2262 1269 2555 1340 γινομένη,
2585 1268 2682 1339 τῆς
2732 1268 2859 1338 περὶ
2899 1268 2959 1320 τδ
3015 1267 3193 1338 νόημα
3235 1266 3394 1320 τοῦτο
3454 1265 3728 1336 προσοχῆς,
3749 1265 3800 1317 τὸ

2265 1362 2484 1432 συνεχὲς
2531 1359 2630 1429 τῆς
2685 1359 2952 1431 μελῳδίας
2999 1357 3460 1430 περικοπτούσης.
3499 1358 3609 1410 Ἵνα
3647 1357 3698 1409 δὲ
3739 1357 3800 1426 μὴ

2263 1455 2560 1523 νομίσωσιν
2579 1455 2627 1507 οἱ
2677 1453 2884 1519 πολλοὶ,
2915 1456 2996 1507 ὅτι
3029 1455 3061 1523 ὴ
3110 1452 3289 1524 σιωπὴ
3326 1451 3555 1522 σημεῖόν
3578 1451 3684 1503 ἐστι
3723 1449 3799 1503 ⁸·ὒοὖ

2264 1546 2662 1600 ἐπιλελοιπέναι
2684 1547 2774 1599 τὸν
2798 1544 3210 1617 προφητεύοντα
3235 1545 3333 1614 τὴν
3358 1541 3455 1596 τοῦ
3487 1543 3640 1611 ἁγίου
3660 1541 3803 1594 Πνεύ-

2267 1655 2435 1707 ματος
2480 1636 2730 1707 δύναμιν,
2762 1639 2951 1690 τούτου
2987 1638 3149 1709 χάριν
3199 1635 3346 1698 τινὲς
3381 1634 3490 1687 τῶν
3530 1632 3801 1704 ἑρμηνέων,

2263 1729 2382 1784 ἀντὶ
2417 1729 2511 1783 τοῦ
2558 1729 2931 1800 διαψάλματος
2960 1731 3021 1784 τδ
3051 1729 3138 1782 ἀεὶ
3166 1730 3280 1790 τοῖς
3326 1726 3676 1796 διαλείμμασι
3701 1725 3803 1778 τού-

2260 1839 2371 1884 τοις
2402 1822 2771 1892 ἐγγράφουσιν
2800 1836 2814 1851 °
2851 1821 2928 1886 ὼς
2948 1821 3012 1876 ἂν
3052 1820 3140 1874 διὰ
3169 1823 3360 1874 τούτου
3397 1819 3672 1889 μάθωμεν,
3691 1818 3803 1887 ὅτιή

2264 1914 2364 1979 μὲν
2414 1914 2506 1966 τοῦ
2558 1915 2716 1982 ἁγίου
2755 1913 3076 1984 Πνεύματος
3109 1917 3268 1984 χάρις
3318 1912 3548 1966 πάντοτε
3575 1906 3673 1983 ἦν·
3704 1912 3729 1964 ὁ
3761 1910 3805 1963 δὲ

2262 2005 2579 2075 ἑρμηνεύων
2605 2006 2672 2060 τὰ
2728 2007 3053 2076 ὲγγινόμενα
3084 2005 3269 2059 θεόθεν
3316 2007 3384 2076 τῇ
3417 2005 3562 2076 ψυχῇ
3593 2005 3807 2074 νοήματα

2261 2096 2438 2164 λόγος,
2469 2098 2530 2150 ού
2557 2098 2787 2152 πάντοτε
2809 2094 2876 2168 ἦν
2899 2114 2913 2128 '
2945 2097 3081 2152 ἀλλὰ
3111 2098 3170 2151 τὸ
3207 2097 3305 2168 μὲν
3326 2097 3695 2166 ὲξεφὼνειτῆς
3717 2097 3808 2149 δια-

2259 2189 2428 2252 νοίας,
2467 2189 2527 2242 τὺ
2550 2190 2608 2243 δὲ
2637 2190 2944 2260 ὑπεδέχετο.
2985 2190 3072 2242 Ἐν
3097 2182 3142 2258 ᾧ
3177 2190 3276 2256 μὲν
3315 2188 3425 2258 γὰρ
3451 2188 3733 2258 ἐξηγόρευε
3757 2187 3809 2239 τὰ

2260 2279 2642 2335 ὲντυπωθέντα
2698 2284 2763 2352 τῇ
2815 2280 3027 2352 διανοίᾳ
3066 2283 3338 2352 νοήματα,
3368 2280 3566 2351 προῄει
3591 2280 3651 2332 δι’
3706 2280 3808 2332 ἀκο-

2259 2371 2450 2426 λούθου
2489 2372 2854 2444 ήψαλμῳδία·
2889 2373 2936 2426 εί
2983 2373 3041 2426 δέ
3073 2391 3124 2428 τι
3149 2373 3256 2426 τῶν
3305 2372 3595 2442 θειοτέρων
3621 2374 3712 2440 τὴν
3730 2373 3810 2439 τῆς

2258 2465 2435 2536 ψυχῆς
2475 2465 2642 2536 ἀκοὴν
2679 2466 3036 2537 περιήχησεν,
3068 2465 3189 2528 ὅλος
3242 2465 3342 2534 τῆς
3388 2465 3702 2535 ἀκροάσεως
3736 2458 3807 2532 ἦν.

2260 2558 2646 2626 κατασιγὰζων
2679 2559 2739 2612 τὸ
2776 2558 2957 2630 μέλος.
3007 2558 3118 2611 ’Ᾱεὶ
3142 2558 3324 2611 τοίνυν
3348 2556 3441 2610 τοῦ
3474 2557 3635 2626 ἁγίου
3665 2554 3809 2608 Πνεύ-

2263 2668 2449 2721 ματος,
2481 2651 2574 2705 καὶ
2626 2649 2777 2720 παρὰ
2817 2651 2910 2703 τὸν
2952 2649 3052 2720 τῆς
3091 2649 3302 2717 σιωπῆς
3337 2649 3551 2720 καιρὸν,
3578 2649 3636 2700 ἐν
3687 2644 3809 2714 αὒτῷ

2259 2743 2547 2805 λαλοῦντος
2594 2743 2622 2795 ό
2649 2743 2806 2811 λόγος
2847 2745 2904 2796 ὲν
2959 2741 3347 2812 διαλείμμασιν
3375 2737 3444 2813 ἦν
3475 2757 3489 2772 ⁸
3530 2741 3588 2794 τδ
3631 2740 3683 2793 δὲ
3713 2738 3810 2792 διὰ-

2259 2835 2467 2906 λειμμα
2514 2835 2667 2906 παρὰ
2712 2835 2822 2889 τῶν
2873 2834 3160 2906 ἑρμηνέων
3183 2834 3479 2904 ὠνομάσθη
3536 2831 3808 2902 διαψαλμα.

2259 2928 2381 2982 Ὅτι
2428 2928 2484 2980 δὲ
2526 2927 2804 2995 θειοτέρας
2845 2928 3131 2991 ἐπιπνοίας
3174 2925 3427 2990 ἐπίτασίς
3471 2927 3593 2980 ἐστι
3620 2925 3678 2978 τὺ
3715 2921 3810 2976 διάο

2261 3021 2470 3092 ψαλμα,
2497 3020 2746 3074 ἒντεῦθεν
2797 3021 2862 3074 ἁν
2912 3037 2994 3083 τις
3044 3018 3274 3074 κατίδοι.
3313 3019 3401 3072 Ἐν
3429 3019 3543 3089 γὰρ
3583 3020 3648 3088 τῇ
3690 3017 3810 3086 ἀρχῇ

2261 3112 2354 3165 τοῦ
2383 3112 2571 3183 τρίτου
2600 3109 2818 3182 ψαλμοῦ
2851 3110 2950 3174 τὰς
2996 3111 3204 3174 οἰκείας
3262 3110 3553 3182 συμφορὰς
3597 3111 3625 3163 ὁ
3676 3105 3812 3160 dum

569 3205 767 3260 divina:
813 3204 1178 3259 inteusionem
1219 3217 1342 3258 esse
1365 3242 1381 3266 ,
1429 3202 1512 3257 vel
1547 3203 1670 3257 inde
1704 3201 1830 3272 quis
1862 3201 2148 3270 intelligat.

2258 3203 2604 3276 ὀλοφύρεται,
2630 3204 2726 3259 καὶ
2778 3203 3208 3274 διαπορούμενος
3264 3203 3454 3272 λέγει,
3489 3220 3509 3254 ι
3551 3202 3744 3272 Κύριε,
3769 3198 3812 3249 τί

567 3294 729 3352 Initio
765 3295 912 3350 enim
969 3293 1164 3363 psalmi
1218 3292 1396 3358 tertii,
1447 3293 1578 3346 dum
1618 3291 1951 3346 domesticas
2001 3292 2150 3346 cala-

569 3371 787 3443 mitates
818 3385 990 3440 David
1043 3384 1324 3456 deplorat,
1370 3384 1531 3455 inOps
1562 3383 1778 3439 consilii
1812 3383 2061 3452 queritur
2117 3399 2131 3435 :

571 3477 820 3544 Domine,
855 3473 986 3547 quid
1022 3473 1364 3544 multiplicati
1397 3483 1526 3530 sunt
1573 3475 1664 3544 qui
1709 3474 1973 3529 tribulant
2025 3473 2152 3528 me?

565 3569 624 3625 lu
662 3568 847 3624 medio
877 3576 1061 3622 autem
1096 3566 1309 3637 hymni,
1355 3581 1421 3622 eo
1453 3567 1570 3636 ipso
1602 3566 1656 3620 in
1702 3566 1823 3621 loco
1872 3581 1983 3636 quo
2026 3567 2149 3621 dia-

565 3659 780 3728 psalma
829 3665 1048 3723 exstat,
1112 3657 1436 3712 conﬁrmato
1474 3657 1660 3711 animo
1692 3657 1960 3726 gloriatur
1989 3654 2152 3726 quasi

567 3752 801 3806 salutem
846 3765 1001 3805 suam
1072 3748 1250 3802 oculis
1296 3759 1596 3804 cerneret:
1642 3768 1660 3800 ι
1706 3747 1817 3819 Ego
1883 3748 2142 3814 dormivi,

568 3843 870 3905 exclamat,
920 3854 974 3894 et
1034 3849 1326 3908 soporatus
1372 3855 1529 3904 sum,
1579 3850 1632 3894 et
1684 3841 1975 3894 exsurrexi
2017 3841 2148 3910 quia

570 3934 834 3988 Dmuinus
883 3935 1130 4002 suscepit
1165 3948 1270 3987 me.
1319 3950 1336 3984 ι
1379 3931 1508 3987 Haec
1547 3933 1619 3986 ita
1681 3931 1901 4001 quidem
1967 3933 2152 3989 hacte-

570 4043 696 4083 nus.
727 4025 960 4080 Alleluia
993 4036 1176 4080 autem
1224 4025 1342 4081 laus
1384 4023 1478 4079 Dei
1519 4024 1828 4095 exponitur.
1866 4026 1962 4081 Est
1992 4027 2138 4081 enim

565 4118 731 4172 (tlleltt
781 4117 921 4181 laus,
959 4126 1013 4172 et
1068 4118 1123 4171 ia
1179 4115 1339 4173 Deus.
1381 4115 1562 4183 Quare
1627 4132 1725 4187 pro
1759 4117 1870 4181 illo,
1903 4115 2150 4173 Laudate

570 4209 857 4262 Dominum
893 4209 1018 4278 quia
1078 4207 1241 4262 bonus
1297 4217 1374 4263 est
1414 4207 1969 4276 psalmus;Alleluia,
2018 4211 2146 4280 quia

569 4307 734 4358 bonus
781 4314 860 4359 est
912 4305 1185 4371 psalmus,
1243 4301 1611 4376 Symmachus
1643 4304 1840 4359 reddit.
1895 4304 2149 4360 Psaltuus

565 4409 751 4451 autem
809 4404 862 4451 et
915 4396 1020 4450 oda
1074 4396 1368 4462 diﬂeruut;
1419 4395 1568 4466 quod
1617 4397 1861 4465 psalmus
1927 4395 2146 4464 quidem

567 4505 750 4547 sermo
801 4489 1048 4545 musicus
1106 4498 1192 4545 est
1246 4499 1518 4558 quatenus
1584 4489 1863 4542 tuudulate
1911 4503 1977 4542 ex
2034 4488 2148 4556 lege

2260 3293 2674 3365 ὲπληθύνθησαν
2717 3294 2766 3345 oi
2801 3291 3073 3355 θλίϐοντές
3111 3310 3177 3362 με
3209 3309 3223 3358 ;
3265 3311 3284 3344 ι
3323 3294 3453 3363 περὶ
3486 3293 3561 3346 τὰ
3591 3292 3724 3363 μέσα
3765 3288 3811 3340 δέ

2259 3403 2362 3438 που
2411 3383 2507 3437 τοῦ
2557 3382 2813 3454 ψαλμοῦ,
2861 3381 2991 3435 ἔνθα
3033 3382 3127 3435 καὶ
3164 3383 3226 3436 τὸ
3273 3382 3560 3454 διάψαλμα
3609 3384 3769 3435 κεῖται
3797 3417 3810 3440 ,

2259 3477 2496 3551 θάρρους
2555 3475 2927 3548 ἀναπλησθεὶς
2986 3475 3213 3529 πέποιθε
3279 3475 3374 3530 καὶ
3452 3473 3810 3546 παρρησιάζε-

2258 3587 2369 3635 ται,
2405 3568 2504 3641 τὴν
2541 3568 2736 3624 ἑαυτοῦ
2784 3567 3058 3638 σωτηρίαν
3093 3566 3283 3637 ὥσπερ
3329 3567 3494 3638 ὁρῶν,
3534 3568 3628 3622 καὶ
3687 3566 3771 3636 βοᾷ
3796 3578 3808 3594 ⁸

2264 3679 2283 3714 t
2318 3659 2462 3730 Ἐγὼ
2484 3659 2788 3732 ὲκοιμήθην
2812 3659 2906 3713 καὶ
2937 3657 3184 3725 ὕπνωσα,
3233 3657 3560 3729 ἐξηγέρθην,
3610 3658 3689 3710 ὅτι
3716 3652 3810 3708 Kni—

2260 3768 2376 3822 ριος
2436 3749 2791 3821 ἀντιλήψεταί
2829 3766 2956 3819 μου.
2993 3768 3011 3801 ι
3047 3749 3158 3804 Καὶ
3183 3748 3358 3801 ταῦτα
3390 3748 3489 3816 μὲν
3519 3746 3706 3808 οὕτως.
3754 3742 3812 3794 Τὸ

2257 3843 2312 3896 δὲ
2347 3843 2638 3915 ἁλληλούῐα
2680 3839 2828 3906 αἶνος
2854 3842 2990 3896 Θεοῦ
3043 3840 3404 3913 ἑρμηνεύεται
3432 3859 3444 3871 ·
3489 3839 3608 3892 ἔστι
3641 3839 3738 3907 γὰρ
3763 3832 3812 3887 rb

2261 3936 2384 4006 μὲν,
2418 3933 2672 4006 ἁλληλοὺ,
2710 3931 2858 3997 αἶνος
2885 3951 2900 3966 ⁸
2933 3934 2994 3987 τὸ
3045 3933 3101 3987 δὲ
3136 3933 3214 3995 ἴα,
3246 3932 3399 3994 Θεός.
3437 3930 3529 3984 Διὸ
3579 3929 3671 3983 καὶ
3712 3925 3811 3981 ἀντὶ

2257 4026 2377 4092 τοῦ,
2393 4028 2630 4080 «Αἰνεῖτε
2654 4026 2745 4078 τὶν
2762 4027 2965 4096 Κύριον
2992 4026 3073 4079 ὅτι
3105 4025 3304 4094 ἀγαθὸν
3325 4023 3594 4094 ψαλμὺς,ι
3609 4042 3627 4074 ι
3650 4018 3811 4087 Ἀλλη-

2256 4116 2411 4170 λούῖα
2441 4116 2522 4169 ὅτι
2551 4116 2756 4184 ἀγαθὸν
2781 4115 3047 4185 ψαλμὸς,›
3075 4118 3102 4170 ὁ
3125 4114 3422 4184 Σύμμαχος
3445 4109 3811 4168 τέθεικε.Ψαλ·

2261 4207 2360 4279 ob;
2394 4208 2451 4261 δὲ
2483 4208 2576 4262 καὶ
2606 4207 2720 4279 ᾠδὴ
2771 4207 3018 4278 διαφέρει
3046 4225 3058 4238 ·
3084 4209 3164 4261 ὅτι
3209 4207 3237 4259 ό
3283 4207 3383 4276 μὲν
3430 4205 3650 4276 ψαλημδς
3681 4203 3810 4269 λόγος

2257 4304 2377 4356 ἐστὶ
2423 4301 2702 4372 μουσικὸς,
2735 4301 2862 4355 ὅταν
2924 4300 3212 4372 εὐρύθμως
3248 4298 3390 4351 κατὰ
3421 4299 3549 4360 τοὺς
3605 4295 3809 4366 ἁρμονι-

2256 4396 2386 4456 κοὺς
2415 4393 2605 4462 λόγους
2651 4391 2787 4464 πρὸς
2822 4391 2881 4444 τὺ
2913 4391 3147 4461 ὄργανον
3191 4388 3458 4462 κρούηται
3486 4403 3501 4418 ·
3531 4389 3566 4459 ἡ
3620 4386 3674 4440 δὲ
3717 4381 3809 4453 ᾠδὴ

2255 4487 2408 4559 φωνή
2433 4488 2578 4540 ἐστιν
2610 4485 2876 4557 ἐμμελὴς,
2910 4485 3267 4556 ἀποδιδομένη
3295 4483 3640 4554 ὲναρμονίως
3662 4477 3810 4550 χωρὶς

571 4581 793 4635 musica:
825 4594 1034 4648 organo
1088 4579 1373 4649 adstrepit.
1435 4579 1548 4632 Oda
1618 4586 1803 4632 autem
1883 4592 1988 4631 vox
2063 4585 2147 4630 est

2258 4581 2353 4650 τῆς
2388 4580 2736 4650 συνηχήσεως
2775 4578 2867 4631 τοῦ
2900 4578 3134 4648 ὀργάνου
3168 4593 3180 4608 ·
3225 4577 3366 4630 ὥστε
3407 4574 3600 4645 ἐπειδὴ
3629 4570 3810 4643 ψαλτήο

571 4671 850 4725 modulata
915 4685 1144 4725 numero
1209 4679 1262 4724 et
1321 4670 1610 4724 harmonia
1669 4677 1951 4734 constans,
2017 4668 2145 4722 abs-

570 4776 678 4830 que
718 4771 985 4814 concentu
1034 4759 1246 4829 organi.
1305 4760 1485 4826 Quare
1542 4758 1988 4828 quandoquidcm
2024 4773 2148 4812 cor-

571 4855 719 4922 poris
767 4851 945 4906 nostri
1006 4852 1259 4906 machina
1331 4865 1425 4921 per
1492 4850 1910 4906 similitudinem
1989 4851 2148 4905 audit

571 4943 912 5012 psalterium,
948 4943 1032 4997 vel
1056 4957 1326 5014 organum
1364 4957 1430 4996 ex
1459 4942 1575 5013 lege
1608 4941 1832 4995 musicae
1868 4941 1934 4996 ad
1962 4941 2146 4996 laudes

568 5033 662 5087 Dei
691 5033 1052 5103 compositum
1081 5050 1096 5097 ;
1156 5048 1264 5087 non
1295 5041 1500 5088 temere
1533 5034 1666 5102 ipsa:
1697 5032 1861 5085 etiam
1895 5033 2145 5101 corporis

569 5129 852 5192 actiones,
897 5143 1018 5198 qua:
1061 5129 1116 5182 in
1184 5127 1451 5183 honorem
1487 5125 1581 5180 Dei
1617 5126 1996 5195 suscipiuntur
2051 5141 2149 5195 per

569 5221 843 5291 psalmum
891 5221 1302 5294 intelligantur;
1345 5219 1567 5290 quando
1610 5235 1640 5274 a
1691 5219 1904 5273 ratione
1954 5217 2148 5271 modu-

569 5314 664 5368 lati
695 5322 749 5368 et
799 5313 1132 5383 compositi,
1187 5313 1324 5369 nihil
1354 5326 1548 5384 praeter
1591 5313 1812 5367 modum
1853 5321 1906 5366 ct
1957 5326 2148 5365 nume-

569 5421 694 5462 rum
732 5405 874 5461 intra
921 5407 1167 5476 animum
1218 5407 1590 5478 designemus.
1634 5405 1734 5460 l‘er
1775 5404 1937 5460 odam
1985 5420 2141 5470 vero,

573 5513 918 5568 quaecunque
978 5501 1044 5553 ad
1096 5499 1297 5554 nudam
1332 5499 1846 5568 contemplationem
1880 5507 1975 5552 aut
2023 5513 2149 5553 ora-

574 5589 780 5643 tionem
842 5588 909 5645 de
959 5589 1068 5645 Dco
1129 5591 1424 5660 pertinent.
1491 5587 1566 5643 Ita
1633 5591 1851 5660 quidem
1915 5603 2149 5659 magnus

571 5679 830 5738 Basilius.
893 5680 1078 5738 Frater
1142 5695 1322 5739 autem
1363 5683 1484 5752 eius
1524 5682 1819 5752 Gregorius
1869 5697 1962 5751 per
2006 5680 2148 5751 psal-

570 5785 719 5824 mum
771 5773 932 5827 ritaut
971 5785 1212 5830 nostram
1259 5775 1542 5845 intelligit,
1578 5790 1685 5827 non
1718 5774 1926 5829 levibus
1971 5782 2024 5827 et
2051 5773 2147 5826 ab-

576 5859 742 5929 iectis
776 5863 891 5917 sive
943 5865 1176 5920 terrenis
1216 5865 1404 5933 sonis,
1461 5866 1563 5918 hoc
1607 5874 1690 5920 cst
1725 5863 2148 5934 cogitationibus

1008 5965 1068 6032 Iv

2255 4689 2368 4741 ριον
2410 4670 2712 4740 τροπικῶς,
2748 4670 2842 4723 καὶ
2871 4669 3100 4739 ὄργανον
3146 4666 3496 4740 ἡρμοσμένον
3556 4660 3810 4735 μουσικῶς

2251 4767 2330 4828 εἰς
2355 4764 2557 4833 ὕμνους
2577 4761 2712 4816 Θεοῦ
2735 4761 2877 4834 ἢτοῦ
2896 4763 3145 4832 σώματος
3164 4761 3321 4832 ἡμῶν
3341 4763 3456 4813 ἐστι
3481 4754 3781 4822 κατασκευή
3796 4766 3807 4780 °

2252 4856 2489 4925 νοηθεῑεν
2506 4853 2572 4907 ἂν
2603 4854 2696 4906 καὶ
2723 4852 2938 4924 ψαλμος
2961 4853 3017 4907 αἱ
3042 4852 3132 4906 διὰ
3155 4850 3251 4906 τοῦ
3301 4851 3554 4921 σώματος
3583 4848 3807 4919 πράξεις,

2253 4950 2306 5001 αἱ
2331 4949 2409 5010 είς
2437 4945 2598 5011 δόξαν
2631 4947 2767 5001 Θεοῦ
2793 4947 3178 5015 ἁποδιδόμεναι
3207 4961 3222 4977 ο
3251 4945 3382 4998 ὅταν
3408 4942 3514 4997 aut
3549 4943 3644 4994 τοῦ
3675 4940 3810 5006 λόγου

2252 5042 2612 5112 ἡρμοσμένοι,
2675 5037 2842 5110 μηδὲν
2888 5038 3117 5109 ἐκμελὲς
3181 5036 3538 5106 ὰποτελῶμεν
3612 5037 3670 5087 ὲν
3718 5031 3811 5090 τοϊς

2254 5134 2574 5203 κινήμασιν.
2614 5132 2740 5203 ’ῼδὴ
2798 5131 2855 5185 δὲ
2904 5132 3002 5186 ὅσα
3035 5131 3268 5203 Θεωρίας
3317 5130 3497 5202 ἔχεται
3526 5129 3690 5198 ψιλῆς
3734 5121 3812 5176 καὶ

2254 5224 2553 5292 θεολογίας.
2590 5225 2702 5276 Καὶ
2746 5221 2888 5276 οὕτω
2921 5222 3018 5294 μὲν
3057 5224 3085 5275 ὁ
3113 5223 3287 5292 μέγας
3336 5220 3636 5282 Βασίλειος.
3684 5218 3736 5268 'U
3766 5211 3811 5263 δὲ

2253 5316 2477 5384 ἀδελφὸς
2505 5314 2669 5370 αὐτοῦ
2697 5315 2996 5385 Γρηγόριος
3021 5314 3234 5386 tta).va
3269 5313 3368 5383 μὲν
3391 5314 3500 5365 νοεῖ
3521 5311 3612 5364 τὸν
3640 5311 3813 5379 ἡμέτε-

2255 5426 2346 5480 ρον
2378 5409 2512 5478 βίον,
2554 5409 2629 5480 μὴ
2680 5410 2789 5470 τοῖς
2843 5409 3051 5478 γηΐνοις
3101 5407 3382 5476 φθόγγοις,
3420 5404 3666 5456 τουτέστι
3703 5398 3811 5464 νιή·

2258 5519 2392 5570 μασι
2424 5501 2861 5574 περιηχούμενον
2895 5519 2906 5532 ·
2939 5499 3081 5554 ἀλλὰ
3113 5499 3352 5570 καθαρὸν
3381 5499 3473 5551 καὶ
3506 5495 3809 5561 ἐξᾶικουστον

2253 5593 2317 5644 ἐκ
2343 5591 2454 5645 τῶν
2508 5591 2717 5646 ἄνωθεν
2756 5593 2848 5644 καὶ
2893 5591 3164 5661 οὐρανίων
3213 5591 3302 5642 τὸν
3354 5583 3484 5658 ἦχον
3519 5578 3810 5654 ἀπεργαζδ“

2256 5700 2437 5753 μενον·
2475 5684 2618 5756 ᾠδὴν
2647 5685 2723 5749 δὲ,
2759 5684 2858 5754 τὴν
2895 5684 3020 5754 περὶ
3054 5682 3113 5734 τδ
3145 5681 3466 5750 φαινόμενον
3491 5667 3808 5745 εὐσχημοσῦ·

2252 5795 2368 5844 νην.
2390 5771 2720 5846 Καῖφησιν,
2757 5775 2837 5828 ὅτι
2870 5774 3058 5844 ὥσπερ
3082 5773 3263 5826 ἐκτῶν
3279 5769 3552 5841 μουσικῶν
3583 5763 3806 5838 ὀργάνων

2257 5865 2415 5934 μόνος
2434 5867 2460 5917 ό
2489 5860 2619 5935 ἦχος
2647 5865 2745 5934 τῆς
2791 5864 3056 5935 μελῳδίας
3090 5861 3424 5934 προσπίπτει
3461 5861 3582 5918 ταῖς
3611 5853 3802 5911 ἀκοαῖς,
