4080 6414
2 2451 78 2468 ψεδνὴ

2 2477 18 2488 ,ἡ
31 2467 84 2486 δι’-³·

415 415 550 480 1059
1325 408 1726 472 PRIEFA'I‘IO
1768 405 1867 466 AD
1905 406 2004 466 CA'

2105 403 2256 465 ΝΛΜ
2301 399 2382 462 IN
2425 395 2786 462 PSALMOS.
3527 391 3664 456 1070

408 525 552 582 αὐτὰ
587 521 647 577 δὲ
687 522 755 580 τὰ
799 523 1186 598 μελῳδούμενα
1218 525 1438 595 ῥήματα
1484 525 1544 577 οὐ
1596 519 1977 594 διαρθροῦνται

2105 528 2138 574 ει
2181 516 2552 586 intelligentiis
2583 514 3012 583 obstrepentcm,
3053 508 3149 564 sed
3179 523 3372 579 puram
3415 517 3472 562 et
3503 509 3666 562 audi-

407 621 521 682 τοῖς
549 618 805 688 φθόγγοις
830 635 842 650 ·
885 619 944 673 ὲν
973 617 1032 672 δὲ
1060 618 1126 688 τῇ
1159 615 1270 688 ᾠδῇ
1300 616 1360 669 τὺ
1397 615 1806 684 συναμφότερον
1832 611 1979 678 γίνεο

407 727 520 773 ται,
552 711 646 766 κα).
683 709 712 761 ό
744 709 836 762 τοῦ
890 709 1083 778 μέλους
1117 707 1322 780 ῥυθμὸς
1355 706 1450 760 καὶ
1482 706 1592 758 τῶν
1639 702 1901 774 ῥημάτων
1949 703 1982 772 ή

405 801 637 870 δύναμις
673 799 1124 872 συνδιεξαγομένη
1159 799 1298 868 μετὰ
1316 797 1409 852 τοῦ
1436 796 1651 870 μέλους,
1677 797 1744 866 ἣν
1771 795 1985 862 ἀγνοεῖ-

409 891 535 945 σθαι
585 893 735 948 πᾶσα
772 893 1004 964 ἀνάγκη,
1029 893 1157 946 ὅταν
1199 891 1288 945 διὰ
1319 889 1497 961 μόνων
1539 889 1649 942 τῶν
1707 885 1986 958 μουσικῶν

408 984 658 1054 ὀργάνων
693 984 726 1054 ἠ
759 984 992 1054 μελῳδία
1021 983 1255 1054 γίνηται·
1296 982 1468 1045 οὕτως
1503 981 1598 1036 κα)⁴
1641 979 1733 1033 ἐπὶ
1753 979 1862 1032 τῶν
1889 975 1986 1047 τὴν

409 1074 613 1144 ἀρετὴν
658 1075 952 1143 μετιόντων
981 1075 1288 1145 συμϐαίνει.
1319 1073 1382 1127 Οί
1417 1073 1514 1144 μὲν
1535 1072 1644 1142 γὰρ
1672 1073 1738 1142 τῇ
1774 1071 1987 1140 θεωρη-

407 1167 541 1236 τικῇ
575 1165 668 1218 καὶ
719 1167 988 1237 ὲποπτικῇ
1031 1166 1139 1220 τῶν
1169 1167 1340 1220 ὅντων
1382 1163 1670 1235 φιλοσοφίᾳ
1729 1162 1820 1215 τὸν
1865 1159 1990 1216 νοῦν

411 1255 858 1326 προσανέχοντες,
891 1259 956 1325 τῇ
1006 1253 1414 1326 ἀπεικαζομένῃ
1447 1253 1584 1323 πρὸς
1613 1253 1706 1306 τὸν
1743 1252 1987 1322 ψαλμὸν,

413 1345 607 1416 ἄδηλον
629 1347 742 1408 τοῖς
773 1347 984 1411 πολλοῖς
1014 1349 1112 1416 τὴν
1139 1347 1338 1418 ἀρετὴν
1372 1346 1753 1416 κατορθοῦσιν,
1792 1347 1850 1398 ἐν
1904 1346 1981 1416 τῷ

418 1436 533 1506 ἰδίῳ
562 1436 823 1490 συνειδότι
860 1436 920 1491 τδ
948 1439 1152 1505 ἀγαθὸν
1195 1438 1632 1502 κατακλείοντες.
1659 1432 1755 1502 Οἷς
1788 1437 1844 1491 δὲ
1897 1437 1993 1492 καὶ

415 1528 478 1582 τὸ
505 1524 638 1599 ἦθος
666 1527 760 1582 τοῦ
801 1528 914 1599 βίου
955 1530 1443 1602 συγκατορθοῦται,
1475 1525 1621 1585 οὗτοι
1649 1533 1716 1604 τῇ
1768 1531 1900 1602 περὶ
1932 1529 1993 1584 τδ

417 1621 741 1691 φαινόμενον
797 1623 1209 1696 εὐσχημοσύνῃ,
1267 1623 1518 1696 καθάπερ
1561 1625 1666 1678 τινὶ
1719 1623 1864 1694 λόγῳ
1899 1624 1994 1677 καὶ

411 1709 526 1784 ᾠδῇ
561 1710 808 1780 ἐμμελεῖ,
847 1711 946 1782 τὴν
990 1713 1088 1782 τῆς
1117 1713 1268 1783 ζωῆς
1294 1713 1512 1767 ἑαυτῶν
1559 1713 1861 1785 εὐρυθμίαν
1895 1713 1993 1784 δη·-

420 1801 790 1872 μοσιεύσουσι.
827 1803 1158 1875 Σημαίνεται
1204 1801 1296 1860 οὖν
1343 1805 1430 1859 διὰ
1490 1805 1588 1875 μὲν
1637 1805 1730 1859 τοῦ
1776 1800 1993 1876 ψαλμοῦ

2087 611 2288 674 bilem,
2337 625 2402 663 ex
2445 607 2602 678 copia
2632 621 2814 660 rerum
2845 602 3226 660 sublimiorum
3255 612 3312 656 et
3358 600 3662 656 caelestium

2089 715 2276 755 vocem
2315 699 2653 753 reddentem.
2675 693 2846 750 Odam
2883 701 3066 748 autem
3089 691 3221 747 dicit
3257 689 3470 746 externi
3498 689 3668 742 moris

2091 791 2519 847 moderationem
2571 796 2627 843 et
2665 786 3001 842 decentiam.
3057 785 3268 854 Atque,
3301 782 3670 853 quemadmo-

2087 883 2214 938 dum
2251 897 2318 936 ex
2351 882 2602 950 organis,
2641 881 2845 950 inquit,
2897 878 3126 934 musicis
3155 878 3307 933 solus
3337 891 3510 932 sonus
3539 889 3664 930 mo-

2091 973 2382 1029 dulatinnis
2415 973 2643 1028 auribus
2671 971 2912 1035 accedit,
2965 969 3081 1039 ipsa
3115 979 3298 1023 autem
3347 967 3514 1022 verba
3541 967 3662 1021 suis

2093 1063 2338 1117 numeris
2371 1069 2426 1114 et
2449 1061 2696 1116 articulis
2727 1059 3062 1114 modulando
3091 1073 3198 1112 non
3225 1057 3666 1126 distinguuntur;

2091 1151 2238 1223 quod
2259 1152 2618 1221 utrumquein
2637 1151 2738 1205 orla
2760 1153 2836 1216 lit,
2857 1160 2981 1205 utet
2997 1165 3258 1205 numerus
3279 1148 3668 1204 modulationis

2091 1253 2147 1298 et
2173 1243 2464 1296 verborum
2497 1243 2669 1296 virtus
2703 1242 2866 1296 simul
2899 1256 3022 1296 cum
3045 1249 3312 1296 concentu
3345 1241 3668 1311 explicetur;

2093 1349 2258 1405 quam
2317 1335 2506 1404 utique
2564 1333 2797 1403 ignorari
2847 1349 3072 1388 necesse
3107 1341 3226 1398 est,
3275 1333 3492 1402 quoties
3535 1333 3670 1387 solis

2095 1425 2322 1480 musicae
2351 1425 2571 1495 organis
2605 1433 2804 1479 cantus
2835 1425 3114 1496 peragitur
3139 1441 3157 1478 :
3192 1425 3390 1480 similis
3420 1424 3562 1478 ratio
3585 1433 3670 1478 est

2093 1533 2323 1582 eorum,
2385 1533 2508 1588 qua:
2563 1519 2632 1574 ad
2681 1518 2936 1572 virtutem
2988 1517 3322 1572 referuntur.
3369 1518 3472 1585 Qui
3517 1517 3668 1572 enim

2097 1608 2164 1663 ad
2208 1609 2379 1664 solam
2431 1609 2778 1664 umbratilem
2815 1617 2869 1662 et
2897 1608 3378 1676 contemplativam
3421 1607 3668 1677 philoso-

2098 1702 2282 1773 phiam
2351 1704 2594 1757 animum
2655 1702 2932 1771 applicant
2987 1716 3110 1771 qua:
3173 1701 3383 1770 psalmo
3453 1701 3674 1769 proprie

2101 1805 2494 1862 comparatur,
2573 1794 2718 1848 intra
2779 1809 2938 1849 suam
2997 1793 3393 1848 conscientiam
3451 1792 3674 1845 virtutis

413 1891 476 1944 τὸ
503 1891 648 1946 κατὰ
691 1874 933 1946 διάνοιαν
964 1893 1166 1962 ἀγαθόν
1201 1911 1214 1927 ·
1247 1894 1339 1948 διὰ
1361 1895 1418 1947 δὲ
1447 1874 1546 1966 τῆς
1588 1895 1731 1968 ᾠδῆς
1766 1874 1828 1948 τὸ
1863 1892 1993 1968 ἦθος

2105 1885 2344 1942 habitum
2377 1887 2708 1953 cﬂ'ormant,
2757 1895 2812 1941 et
2859 1887 3362 1952 circumscribunt,
3427 1887 3672 1957 ignotum

413 1982 509 2036 καὶ
543 1985 576 2054 ἡ
605 1984 732 2056 περὶ
770 1983 831 2036 τὸ
866 1986 1188 2055 φαινόμενον
1205 1985 1583 2055 εὐσχημοσύνη
1611 1987 1992 2058 ἑρμηνεύεται.

429 2075 579 2128 Ἐπεὶ
629 2077 685 2132 δὲ
729 2078 1130 2150 μεμαθήκαμεν
1186 2077 1236 2131 τί
1280 2081 1396 2132 ἐστι
1445 2079 1790 2149 ψαλμὸς,ὅτι
1837 2081 1870 2150 ἡ
1928 2079 1994 2133 δι’

413 2163 648 2236 ὀργάνου
710 2171 973 2238 μουσικοῦ
1043 2167 1276 2239 μελῳδία
1308 2185 1322 2201 ⁸
1367 2169 1470 2222 -καὶ
1531 2169 1581 2221 τί
1625 2167 1788 2240 ᾠδὴ,
1832 2169 1992 2240 ὃτιφή

417 2255 509 2308 διὰ
547 2254 641 2309 τοῦ
687 2257 956 2327 στόματος
1013 2259 1278 2330 γινομένη
1323 2259 1415 2312 τοῦ
1474 2259 1665 2330 μέλους
1705 2259 1843 2330 μετὰ
1887 2261 1997 2314 τῶν

423 2347 686 2418 ῥημάτων
731 2350 1058 2420 ὲκφὼνησις,
1092 2352 1285 2422 ῥητέον
1337 2351 1524 2405 λοιπὸν
1555 2351 1608 2405 τί
1648 2355 1762 2406 ἐστι
1792 2353 1956 2424 ὕμνος
1979 2365 1994 2382 ⁶

421 2437 504 2491 ὅτι
531 2440 563 2510 ἠ
600 2441 691 2493 ἐπὶ
713 2443 824 2504 τοῖς
848 2441 1182 2512 ὑπάρχουσιν
1217 2445 1350 2514 ἡμῖν
1375 2444 1598 2512 ἀγαθοῖς
1629 2444 1997 2516 άνατιθεμένη

422 2530 502 2602 τῷ
557 2532 674 2605 Θεῷ
697 2533 964 2605 εὐφημία.
1004 2531 1162 2598 Δῖνος
1190 2535 1266 2602 δὲ,
1304 2535 1424 2606 ἦτοι
1449 2536 1677 2604 αῖνεσις,
1701 2535 1810 2590 τῶν
1839 2536 1998 2596 θείων

425 2621 719 2694 θαυμάτων
749 2625 966 2690 ἔπαινος
987 2641 1000 2656 ·
1039 2626 1314 2700 προσευχὴ
1337 2627 1395 2681 δὲ
1423 2627 1671 2699 ἱκετηρία
1703 2628 1830 2700 περί
1851 2646 1998 2694 τινος

424 2715 536 2770 τῶν
571 2718 957 2789 συμφερόντων
1002 2719 1389 2792 προσαγομένη
1428 2720 1568 2792 Θεῷ.
1642 2721 1805 2776 Ἀλλὰ
1864 2723 1995 2795 περὶ

424 2803 630 2857 τούτων
681 2806 772 2859 καὶ
818 2807 972 2871 αὖθις
1021 2809 1321 2880 εἰρήσεται.
1383 2811 1457 2864 Τὸ
1512 2811 1697 2882 μέντοι
1731 2802 2000 2883 τέταρτον

428 2893 722 2960 κεφάλαιον
758 2896 1122 2966 ἐξετάζοντες,
1151 2899 1202 2953 εί
1224 2900 1424 2964 πάντες
1457 2902 1567 2955 εἰσὶ
1603 2902 1696 2956 τοῦ
1740 2905 1903 2958 Δαϐὶδ
1950 2908 2000 2959 οἱ

424 2983 651 3055 ψαλμοὶ,
707 2991 927 3058 φαμὲν,
973 2991 1058 3044 ὅτι
1099 2992 1389 3064 τρισχίλιοι
1429 2993 1700 3064 ψαλτῳδοὶ
1744 2997 1852 3050 ἀπὸ
1906 2997 2000 3051 τοῦ

425 3077 713 3131 Δευῖτικοῦ
759 3081 851 3133 καὶ
887 3082 1161 3152 ἱερατικοῦ
1207 3085 1400 3154 γένους
1458 3089 1538 3150 εἰς
1566 3089 1710 3158 τρεῖς
1737 3088 2003 3159 διῃρημέ-

427 3183 509 3270 νρι
549 3169 742 3270 χρρούς
775 3171 876 3270 τὸν.
895 3171 986 3226 τοῦ
1021 3175 1186 3229 Δαϐὶδ
1223 3175 1436 3248 ψαλμὸν
1466 3177 1720 3247 ἔψαλλον.
1765 3179 1996 3252 Ἐξῆρχε
2029 3211 2076 3270 c

426 3257 484 3312 δὲ
509 3260 600 3313 τοῦ
641 3263 740 3331 μὲν
768 3263 982 3332 πρώτου
1015 3265 1177 3336 χοροῦ
1222 3267 1442 3323 Ἰδιθοὺν
1464 3269 1491 3322 ὁ
1513 3271 1964 3341 χοροδιδάσκαλος
1983 3287 1998 3303 ⁸

428 3353 526 3404 τοῦ
578 3353 635 3406 δὲ
688 3343 939 3426 δευτέρου
985 3357 1176 3424 Αίθὰν,
1207 3361 1301 3413 καὶ
1354 3360 1448 3414 τοῦ
1504 3363 1688 3431 τρίτου
1735 3364 2000 3434 ’Δσαφάτ,

430 3446 798 3517 Κεκμηκότας
859 3449 915 3502 δὲ
976 3450 1200 3515 τούτους
1249 3451 1299 3505 οἱ
1331 3453 1436 3506 uiol.
1495 3453 1642 3524 Κορὲ
1685 3453 2001 3526 διεδέχοντο.

431 3535 597 3590 ’Ὀίλεν
637 3539 730 3591 καὶ
761 3539 989 3604 πολλοὺς
1024 3543 1052 3594 ὁ
1081 3541 1244 3594 Δαϐὶδ
1270 3540 1520 3612 ψαλμοὺς
1547 3543 1642 3597 ἐπὶ
1658 3542 1865 3598 τούτων
1890 3545 2005 3598 ὀνό-

435 3645 566 3698 ματι
605 3629 800 3696 ἔψαλλε
831 3645 846 3661 ο
885 3630 979 3683 καί
1008 3647 1152 3696 τινες
1197 3631 1448 3686 ἐντεῦθεν
1483 3633 1669 3696 κακῶς
1703 3633 1996 3698 ὑπέλαϐον,

430 3723 514 3775 ὅτι
555 3721 734 3776 αὐτῶν
783 3725 920 3777 εἰσιν
973 3725 1020 3777 oi
1044 3723 1267 3795 ψαλμοί.
1293 3723 1391 3776 Διὰ
1422 3723 1581 3778 τοῦτο
1616 3726 1710 3778 καὶ
1761 3725 1830 3780 τὰ
1881 3727 2001 3780 ὀνό-

435 3831 584 3886 ματα
633 3815 812 3867 αὐτῶν
873 3813 930 3867 ἐν
986 3833 1128 3869 τισιν
1205 3819 1542 3888 ἐπιγραφαῖς
1585 3817 1694 3871 τῶν
1758 3819 2008 3890 Ψαλμῶν

399 3905 806 3976 εὑρίσκεσθαι.
876 3907 996 3961 Είσὶ
1039 3907 1096 3961 δὲ
1147 3909 1348 3972 πάντες
1393 3909 1440 3961 οἱ
1489 3909 1717 3980 ψαλμοὶ,
1770 3910 1847 3972 ὡς
1895 3913 2009 3973 τοῖς

432 3995 722 4068 ἀκρ.6οῦσι
775 3997 955 4064 δεκεῖ,
1009 3999 1104 4052 καὶ
1137 4003 1204 4070 τῇ
1245 4000 1474 4072 ἀληθείᾳ.
1517 4001 1612 4054 τοῦ
1660 4001 1842 4054 Δαϐίδ.
1876 4002 2010 4056 Μετ’

433 4088 582 4159 ᾠδῆς
642 4089 698 4142 δὲ
753 4089 892 4160 αῦτη
930 4091 963 4160 ἡ
1013 4092 1318 4162 προφητεία
1349 4091 1601 4160 λέγεται,
1649 4093 1737 4146 ἵνα
1783 4093 2010 4156 ἕκαστος

433 4181 618 4253 τέρπῃ
662 4181 760 4252 τὴν
789 4180 966 4252 ψυχὴν
998 4182 1159 4254 ᾅδων,
1199 4183 1294 4237 καὶ
1329 4183 1646 4256 ὐποκλέπτῃ
1680 4182 1771 4236 τὸν
1804 4185 1868 4237 ἐκ
1912 4187 2012 4254 τῆς

433 4273 798 4341 ἀναγνώσεως
819 4275 997 4328 τόνον.
1041 4275 1257 4345 Ἐπειδὴ
1283 4275 1391 4345 γὰρ
1415 4271 1552 4328 εἶδεν
1575 4276 1602 4326 ὁ
1625 4274 1756 4338 Θεὸς
1787 4273 2012 4339 πολλοὺς

429 4365 544 4418 τῶν
585 4365 890 4436 ἀνθρώπων
941 4365 1346 4439 ῥᾳθυμοτέρους
1383 4365 1564 4430 ὂντας,
1605 4367 1699 4419 καὶ
1742 4366 1880 4434 πρὸς
1910 4366 2010 4436 τὴν

430 4455 544 4511 τῶν
578 4459 962 4527 πνευματικῶν
996 4459 1300 4526 ἀνάγνωσιν
1335 4457 1610 4529 δυσχερῶς
1642 4457 1882 4528 ἔχοντας,
1915 4459 2010 4511 καὶ

2097 1977 2280 2046 vulgo.
2327 1977 2542 2044 Quibus
2577 1991 2708 2031 vero
2735 1986 2976 2033 externa;
3003 1977 3126 2032 vita:
3169 1978 3312 2031 ratio
3349 1979 3520 2032 simul
3543 1993 3674 2032 cor-

2099 2069 2326 2140 rigitur,
2379 2071 2456 2123 illi
2517 2072 2732 2126 externi
2804 2071 3032 2125 habitus
3098 2072 3421 2134 honestate,
3511 2071 3670 2140 quasi

2099 2162 2344 2216 oratione
2373 2164 2606 2233 quadam
2627 2173 2681 2217 et
2705 2173 2866 2217 cantu
2893 2162 3218 2218 harmonico
3252 2165 3373 2218 vita!
3393 2164 3672 2217 interioris

2099 2263 2214 2304 suae
2275 2249 2617 2306 ho’nestatem
2677 2250 2958 2320 cvulgant.
3013 2248 3181 2319 Igitur
3253 2265 3348 2318 per
3399 2251 3670 2319 psalmum

2100 2342 2320 2411 quidem
2342 2383 2358 2409 ,
2410 2343 2612 2398 bonum
2643 2343 2790 2413 quod
2823 2344 2964 2397 intra
3003 2345 3248 2396 animum
3279 2343 3630 2398 concluditur
3651 2381 3670 2406 ,

2099 2433 2455 2506 designatur;
2481 2451 2578 2506 per
2607 2439 2766 2492 udam
2791 2451 2921 2491 vero
2943 2451 3122 2491 mores
3145 2437 3422 2506 illiusque,
3445 2437 3590 2506 quod
3617 2437 3672 2490 in

2099 2530 2290 2584 oculos
2321 2531 2568 2584 occurrit
2623 2529 2994 2584 consonantia
3049 2529 3479 2584 demonstratur.
3515 2527 3678 2582 Post-

2103 2635 2268 2690 quam
2297 2621 2464 2692 igitur
2496 2622 2788 2676 didicimus
2809 2621 2938 2692 quid
2965 2621 3207 2692 psalmus
3237 2623 3328 2688 sit,
3351 2621 3538 2692 organi
3566 2620 3675 2676 sci-

2103 2713 2232 2769 licet
2252 2715 2446 2770 musici
2473 2715 2792 2783 harmonia;
2821 2699 3060 2784 itemque
3082 2716 3211 2786 quid
3235 2717 3357 2780 oda,
3375 2713 3678 2770 modulatio

2109 2806 2224 2862 oris
2248 2807 2432 2862 verbis
2463 2811 2896 2875 accommodata,
2921 2809 3208 2863 dicendum
3241 2816 3509 2877 superest,
3545 2808 3677 2877 quid

2107 2896 2180 2950 sit
2208 2898 2468 2968 hymnus.
2493 2897 2763 2952 Nimirum
2797 2899 3288 2969 proprzcsentibus
3311 2899 3468 2954 bonis
3499 2898 3678 2955 dicata

2105 2985 2220 3041 Deo
2248 2988 2509 3042 laudatio.
2555 2987 2702 3042 Laus
2751 2998 2958 3055 autem,
2991 3005 3088 3044 seu
3143 2988 3384 3043 laudatio
3435 2988 3679 3043 miracuo

2109 3080 2282 3132 lorum
2320 3077 2629 3132 divinorum
2671 3089 2756 3135 cst
2791 3079 3126 3149 pra'dicatio.
3175 3081 3364 3134 Oratio
3414 3095 3543 3135 vero
3591 3091 3682 3136 est

2108 3169 2434 3238 supplicatio
2467 3169 2536 3223 ad
2569 3169 2740 3225 Deum
2780 3172 3021 3238 directa,
3059 3173 3124 3226 de
3159 3187 3216 3224 re
3251 3170 3436 3240 aliqua
3485 3185 3679 3228 earum

2107 3277 2229 3330 quae
2288 3263 2358 3317 ad
2412 3263 2700 3317 utilitatem
2757 3263 3068 3317 conferunt.
3133 3262 3406 3318 Caeterum
3465 3264 3532 3318 de
3593 3262 3682 3318 his

2109 3362 2296 3422 postea
2347 3354 2562 3408 dicendi
2620 3353 2774 3408 locus
2825 3353 2952 3408 crit.
3006 3352 3164 3407 Nunc
3219 3361 3477 3423 quartum
3515 3365 3684 3422 caput

2105 3446 2463 3510 cxcutirntcs,
2482 3460 2608 3498 num
2633 3459 2824 3500 omnes
2847 3443 3036 3514 psalmi
3058 3443 3274 3500 Davidis
3293 3445 3428 3510 sint,
3449 3446 3683 3500 dicimus

2117 3545 2199 3591 ter
2233 3537 2382 3592 mille
2417 3547 2704 3601 cantores,
2735 3552 2797 3592 ex
2833 3535 3033 3591 familia
3065 3536 3378 3592 Levitarum
3412 3546 3468 3591 et
3497 3553 3681 3592 sacer-

2111 3629 2399 3692 dotum,in
2425 3637 2536 3684 tres
2565 3631 2765 3685 choros
2781 3629 3003 3693 divisos,
3031 3629 3251 3685 Davidis
3277 3630 3518 3698 psalmos
3543 3631 3654 3684 ceri
3671 3656 3686 3669 ο

2113 3723 2282 3778 nissc.
2305 3721 2472 3776 Primi
2502 3721 2653 3776 chori
2683 3731 2988 3791 prmcentor
3035 3721 3250 3776 ldithun
3287 3721 3423 3788 fuit;
3458 3722 3685 3777 secundi

2110 3814 2352 3882 Aﬂtham,
2393 3815 2536 3870 tertii
2568 3827 2746 3871 autem
2779 3813 3040 3885 Asaphat.
3093 3813 3369 3885 Fatigatos
3413 3814 3511 3870 bos
3538 3815 3688 3869 exci-

2113 3911 2338 3979 piebant
2375 3909 2472 3965 ﬁ‘lii
2528 3907 2689 3965 Core.
2731 3895 2860 3965 Haec
2891 3910 3032 3964 ratio
3067 3921 3150 3965 est
3186 3925 3356 3978 quare
3409 3918 3489 3964 tot
3539 3909 3688 3978 psal-

2113 4018 2234 4058 mos
2267 4003 2482 4057 illorum
2513 4003 2734 4059 nomine
2764 4003 3065 4058 cantavcrit
3097 4001 3262 4056 David
3285 4042 3299 4064 ,
3330 4011 3491 4072 atque
3515 4017 3688 4071 quare

2115 4092 2359 4145 nonnulli
2409 4106 2695 4161 perperam
2753 4091 3106 4162 colmgerint,
3170 4091 3290 4145 illos
3343 4092 3489 4159 ipsos
3541 4091 3684 4158 psal-

2116 4195 2236 4235 mos
2293 4183 2513 4236 eosdem
2573 4190 2828 4235 auctores
2877 4181 3120 4235 habere:
3159 4195 3224 4235 eo
3267 4165 3411 4250 quad
3476 4182 3689 4249 aliquot

2114 4273 2308 4342 psalmi
2351 4287 2540 4328 eorum
2593 4271 2908 4326 nominibus
2933 4271 3330 4327 inscribuntur.
3369 4271 3510 4327 Sunt
3557 4289 3686 4326 vero

2113 4363 2306 4433 psalmi
2351 4363 2427 4417 illi
2483 4377 2696 4426 omnes,
2747 4373 2806 4416 ut
2855 4363 3204 4432 peritioribus
3257 4373 3404 4417 recte
3449 4364 3684 4426 videtur,

2117 4455 2336 4511 Davidis
2381 4455 2834 4525 ipsius.-Legitur
2869 4465 3048 4510 autem
3099 4457 3214 4510 haec
3255 4456 3578 4511 vaticinatio
3632 4459 3684 4508 in

432 4551 532 4604 τὸν
583 4553 793 4606 ἐκεῖθεν
843 4552 943 4622 οὐχ
971 4551 1146 4621 ἡδέως
1184 4549 1552 4618 ὑπομένοντας
1596 4547 1874 4618 κάματον·
1909 4566 2004 4602 πο-

2117 4566 2373 4606 numeros
2407 4551 2602 4606 cantici
2641 4549 2884 4615 redacta,
2931 4561 2990 4605 ut
3017 4551 3396 4621 unusquisque
3441 4553 3686 4604 animum

433 4643 741 4711 θεινότερον
785 4643 878 4696 τὸν
929 4643 1089 4696 πόνον
1125 4643 1350 4711 ποιῆσαι
1393 4639 1735 4712 βουλόμενος,
1785 4641 1879 4694 καὶ
1915 4641 2010 4694 τοῦ

434 4737 688 4806 καμάτου
722 4735 1091 4804 ὐποτεμέσθαι
1141 4734 1240 4804 τὴν
1270 4733 1544 4802 αἴσθησιν,
1573 4735 1672 4804 τὴν
1705 4732 1798 4785 τοῦ
1831 4749 2012 4802 μακα-

430 4825 553 4900 ρίου
583 4825 747 4879 Δαϐὶδ
779 4827 999 4893 ἐκίνησε
1032 4825 1306 4892 γλῶσσαν,
1342 4825 1608 4895 μελῳδίαν
1650 4823 1908 4893 ἀναμίξαι
1943 4825 2011 4894 τῇ

431 4920 768 4990 προφητείᾳ,
815 4919 902 4972 ἵνα
943 4918 1022 4989 τῷ
1067 4917 1259 4990 ῥυθμῷ
1287 4918 1381 4971 τοῦ
1431 4917 1624 4988 μέλους
1656 4917 2035 4988 ψυχαγωγού-⁴

434 5028 612 5082 μενοι,
649 5011 788 5081 μετὰ
817 5010 1015 5081 πολλῆς
1038 5012 1138 5080 τῆς
1167 5009 1477 5082 προθυμίας
1503 5010 1628 5073 τοὺς
1661 5011 1833 5080 ἱεροὺς
1865 5009 2014 5078 αὐτῴ

432 5101 859 5174 ἀναπέμπωμεν
890 5103 1111 5174 ὕμνους·
1144 5103 1287 5157 οὕτω
1317 5103 1482 5173 γὰρὴ
1513 5101 1672 5171 φύσις
1697 5101 1852 5172 ἡμῶν
1883 5102 2015 5170 πρὸς

433 5195 507 5248 τὰ
565 5193 787 5266 ᾅσματα
835 5196 932 5248 καὶ
974 5195 1044 5249 τὰ
1096 5197 1231 5266 μέλη
1282 5193 1494 5258 οἰκείως
1529 5195 1661 5263 ἔχει,
1701 5193 1778 5256 ὡς
1827 5193 1918 5246 καὶ
1947 5194 2016 5246 τὰ

435 5287 721 5358 ὐπομάζια
753 5289 942 5342 παιδία
965 5287 1485 5358 κλαυθμυριζόμενα
1520 5285 1664 5338 οὕτω
1691 5285 2015 5354 κατακοιμί-
2073 5289 2078 5293 “

432 5379 658 5446 ζεσθαι·
695 5379 790 5433 καὶ
841 5383 1096 5448 γυναῖκες
1147 5377 1564 5448 ἱστουργοῦσαι,
1622 5378 1715 5431 καὶ
1760 5378 2012 5448 γηπὸνοι,

433 5471 533 5524 καὶ
573 5471 878 5541 ὁδοιπόροι,
919 5473 1016 5524 καὶ
1062 5469 1252 5524 ναῦται
1284 5469 1373 5523 τὸν
1415 5471 1479 5522 ὲκ
1502 5469 1610 5522 τῶν
1640 5469 1816 5539 ἔργων
1855 5469 2015 5522 πόνον

433 5563 917 5634 παραμυθοῦνται·
961 5563 1036 5626 ὡς
1059 5567 1158 5633 τῆς
1205 5562 1402 5634 ψυχῆς,
1437 5563 1486 5614 εἰ
1517 5561 1711 5631 μέλους
1757 5562 2013 5614 ἀκούσειε

435 5655 533 5710 καὶ
554 5655 714 5726 ᾠδῆς,
741 5657 869 5726 ῥᾷον
892 5655 1112 5710 ἅπαντα
1132 5657 1375 5724 ἐνεγκεῖν
1394 5654 1700 5725 δυναμένης
1723 5655 1791 5708 τὰ
1811 5655 2018 5726 ὀχληρὰ

436 5748 534 5802 καὶ
577 5747 832 5800 ἐπίπονα.
899 5748 1058 5801 Ἐπεὶ
1087 5747 1178 5800 οὖν
1213 5749 1246 5818 ἠ
1278 5747 1426 5817 ψυχὴ
1457 5747 1614 5819 ἡμῶν
1652 5747 1868 5810 οἰκείως
1902 5747 2016 5816 ἔχει

439 5839 578 5909 πρὸς
623 5840 781 5894 τοῦτο
819 5841 878 5894 τὸ
923 5838 1060 5906 εἶδος
1095 5842 1192 5909 τῆς
1235 5839 1512 5910 τέρψεως·
1550 5839 1639 5906 ἵνα
1676 5841 1748 5909 μὴ
1782 5841 2015 5908 πορνικᾶ

2117 4657 2468 4696 numerorum
2503 4643 2674 4712 gratia
2724 4641 2980 4708 oblectet,
3018 4653 3071 4696 et
3103 4642 3348 4696 lectionis
3382 4643 3687 4697 molestiam

2117 4733 2390 4786 cantamlo
2431 4729 2602 4785 fallat.
2633 4731 2929 4801 Postquam
2964 4732 3108 4787 enim
3140 4733 3284 4788 Deus
3331 4749 3438 4788 non
3485 4749 3690 4805 paucos

2117 4823 2396 4878 hominum
2429 4823 2710 4895 segniores
2747 4833 2802 4878 et
2836 4825 3131 4882 alieniores
3165 4842 3195 4880 a
3237 4827 3466 4882 lcetione
3507 4845 3688 4883 rerum

2117 4918 2449 4984 divinarum,
2499 4933 2599 4974 nec
2647 4919 2782 4974 adeo
2834 4919 3098 4989 patientes
3143 4921 3345 4975 laboris
3397 4921 3546 4976 circa
3601 4921 3691 4974 illa

2117 5008 2521 5074 animadvertit,
2545 5007 2992 5076 utjucundiorcm
3011 5009 3263 5065 redderet
3288 5011 3429 5064 hanc
3445 5027 3690 5086 operam,

2117 5109 2170 5154 et
2219 5100 2550 5174 fatigationis
2574 5104 2918 5159 subtraheret
2973 5121 3227 5173 sensum,
3281 5107 3422 5162 beati
3476 5105 3692 5164 Davidis

2117 5194 2356 5265 linguam
2387 5197 2574 5260 movit,
2616 5197 2680 5250 ad
2710 5198 3040 5253 miscendam
3069 5201 3340 5256 vaticiniis
3377 5201 3689 5262 melodiam,

2121 5295 2180 5337 ut
2225 5301 2514 5342 numerosa
2549 5287 2918 5342 modulatione
2954 5289 3124 5353 ducti,
3161 5291 3331 5344 multa
3364 5305 3488 5344 cum
3523 5289 3690 5344 animi

2075 5377 2400 5434 'alacritate
2449 5379 2638 5436 laudes
2695 5383 2798 5450 ipsi
2849 5397 3035 5440 sacras
3083 5384 3456 5439 decanlemus.
3507 5385 3693 5455 Usque

2117 5469 2263 5523 enim
2313 5471 2449 5526 adeo
2499 5473 2566 5526 ad
2623 5482 2870 5528 naturam
2909 5487 3152 5530 nostram
3199 5485 3508 5544 comparata
3566 5489 3694 5533 sunt

2117 5562 2360 5616 carmina
2405 5571 2460 5617 et
2491 5565 2880 5632 modulamina,
2930 5576 2990 5620 ut
3035 5577 3090 5621 et
3141 5568 3289 5636 pueri
3327 5569 3608 5633 lactentes,
3640 5579 3694 5624 et

2121 5652 2381 5708 mulieres
2414 5665 2623 5720 nentes,
2669 5665 2722 5710 et
2753 5657 3024 5725 agricolae,
3057 5667 3110 5712 et
3141 5659 3404 5724 viatores,
3436 5667 3490 5713 et
3519 5671 3696 5714 nauta:

2119 5745 2426 5799 molestiam
2479 5747 2681 5802 laboris
2715 5760 2878 5802 cantu
2917 5749 3158 5804 solentur
3202 5769 3216 5804 :
3266 5751 3424 5821 quasi
3477 5753 3694 5815 anima,

2121 5836 2166 5891 si
2203 5837 2626 5895 modulationem
2664 5849 2756 5896 aut
2817 5849 3036 5896 cantum
3074 5842 3279 5900 audiat.
3319 5859 3695 5916 quamcunque
