  <div class='ocr_page' id='page_1' title='image "/cluster/home/n/w/nwhite01/storage/ocr_20150623/106/coo.31924054870104/551.png"; bbox 0 0 4026 6424; ppageno 0'>
   <div class='ocr_carea' id='block_1_1' title="bbox 443 372 573 437">
    <p class='ocr_par' dir='ltr' id='par_1_1' title="bbox 443 372 573 437">
     <span class='ocr_line' id='line_1_1' title="bbox 443 372 573 437; baseline 0 -2"><span class='ocrx_word' id='word_1_1' title='bbox 443 372 573 437; x_wconf 72' lang='grc'><strong>1071</strong></span> 
     </span>
    </p>
   </div>
   <div class='ocr_carea' id='block_1_2' title="bbox 1181 373 2990 438">
    <p class='ocr_par' dir='ltr' id='par_1_2' title="bbox 1181 373 2990 438">
     <span class='ocr_line' id='line_1_2' title="bbox 1181 373 2990 438; baseline 0.001 -2"><span class='ocrx_word' id='word_1_2' title='bbox 1181 375 1576 437; x_wconf 82' lang='lat' dir='ltr'><strong>OPUSCULA</strong></span> <span class='ocrx_word' id='word_1_3' title='bbox 1617 373 2247 436; x_wconf 70' lang='lat' dir='ltr'><strong>SGRIPTURISTICA</strong></span> <span class='ocrx_word' id='word_1_4' title='bbox 2289 375 2638 436; x_wconf 54' lang='lat' dir='ltr'><strong>INCERTA‘I</strong></span> <span class='ocrx_word' id='word_1_5' title='bbox 2680 377 2990 438; x_wconf 67' lang='lat' dir='ltr'><strong>zETATIS.</strong></span> 
     </span>
    </p>
   </div>
   <div class='ocr_carea' id='block_1_3' title="bbox 3559 380 3687 446">
    <p class='ocr_par' dir='ltr' id='par_1_3' title="bbox 3559 380 3687 446">
     <span class='ocr_line' id='line_1_3' title="bbox 3559 380 3687 446; baseline 0.031 -4"><span class='ocrx_word' id='word_1_6' title='bbox 3559 380 3687 446; x_wconf 79' lang='grc'><strong>1072</strong></span> 
     </span>
    </p>
   </div>
   <div class='ocr_carea' id='block_1_4' title="bbox 439 476 2032 558">
    <p class='ocr_par' dir='ltr' id='par_1_4' title="bbox 439 476 2027 543">
     <span class='ocr_line' id='line_1_4' title="bbox 439 476 2027 543; baseline -0.002 -7"><span class='ocrx_word' id='word_1_7' title='bbox 439 481 745 537; x_wconf 78' lang='lat' dir='ltr'><strong>inolestiam</strong></span> <span class='ocrx_word' id='word_1_8' title='bbox 797 487 891 535; x_wconf 84' lang='lat' dir='ltr'><strong>aut</strong></span> <span class='ocrx_word' id='word_1_9' title='bbox 939 494 1237 534; x_wconf 67' lang='lat' dir='ltr'><strong>aerumnam</strong></span> <span class='ocrx_word' id='word_1_10' title='bbox 1286 479 1502 535; x_wconf 79' lang='lat' dir='ltr'><strong>facilius</strong></span> <span class='ocrx_word' id='word_1_11' title='bbox 1561 479 1721 534; x_wconf 79' lang='lat' dir='ltr'><strong>ferat.</strong></span> <span class='ocrx_word' id='word_1_12' title='bbox 1772 476 2027 543; x_wconf 83' lang='lat' dir='ltr'><strong>Quando-</strong></span> 
     </span>
    </p>
   </div>
   <div class='ocr_carea' id='block_1_5' title="bbox 2136 476 3685 558">
    <p class='ocr_par' dir='ltr' id='par_1_5' title="bbox 2136 477 3685 558">
     <span class='ocr_line' id='line_1_5' title="bbox 2136 477 3685 558; baseline 0.008 -28"><span class='ocrx_word' id='word_1_13' title='bbox 2136 477 2354 548; x_wconf 75' lang='grc' dir='ltr'>ᾷσματα</span> <span class='ocrx_word' id='word_1_14' title='bbox 2387 481 2433 532; x_wconf 84' lang='grc' dir='ltr'>οἱ</span> <span class='ocrx_word' id='word_1_15' title='bbox 2463 480 2714 550; x_wconf 75' lang='grc' dir='ltr'>δαίμονες</span> <span class='ocrx_word' id='word_1_16' title='bbox 2744 484 3055 551; x_wconf 73' lang='grc' dir='ltr'><strong>εἰσάγοντες</strong></span> <span class='ocrx_word' id='word_1_17' title='bbox 3081 481 3294 538; x_wconf 74' lang='grc' dir='ltr'>ἅπαντα</span> <span class='ocrx_word' id='word_1_18' title='bbox 3327 486 3685 558; x_wconf 62' lang='grc' dir='ltr'>ἀεσατρέπιυσι,</span> 
     </span>
    </p>
   </div>
   <div class='ocr_carea' id='block_1_6' title="bbox 439 569 2024 645">
    <p class='ocr_par' dir='ltr' id='par_1_6' title="bbox 439 569 2024 645">
     <span class='ocr_line' id='line_1_6' title="bbox 439 569 2024 645; baseline -0.004 -17"><span class='ocrx_word' id='word_1_19' title='bbox 439 576 658 645; x_wconf 79' lang='lat' dir='ltr'><strong>quidem</strong></span> <span class='ocrx_word' id='word_1_20' title='bbox 696 588 825 642; x_wconf 88' lang='lat' dir='ltr'><strong>ergo</strong></span> <span class='ocrx_word' id='word_1_21' title='bbox 854 571 968 626; x_wconf 76' lang='lat' dir='ltr'><strong>hzec</strong></span> <span class='ocrx_word' id='word_1_22' title='bbox 1002 572 1251 641; x_wconf 84' lang='lat' dir='ltr'><strong>voluptas</strong></span> <span class='ocrx_word' id='word_1_23' title='bbox 1283 570 1419 625; x_wconf 88' lang='lat' dir='ltr'><strong>adeo</strong></span> <span class='ocrx_word' id='word_1_24' title='bbox 1471 569 1690 640; x_wconf 87' lang='lat' dir='ltr'><strong>propria</strong></span> <span class='ocrx_word' id='word_1_25' title='bbox 1721 576 1805 624; x_wconf 91' lang='lat' dir='ltr'><strong>est</strong></span> <span class='ocrx_word' id='word_1_26' title='bbox 1839 569 2024 623; x_wconf 91' lang='lat' dir='ltr'><strong>animo</strong></span> 
     </span>
    </p>
   </div>
   <div class='ocr_carea' id='block_1_7' title="bbox 442 661 2024 728">
    <p class='ocr_par' dir='ltr' id='par_1_7' title="bbox 442 661 2024 728">
     <span class='ocr_line' id='line_1_7' title="bbox 442 661 2024 728; baseline -0.002 -8"><span class='ocrx_word' id='word_1_27' title='bbox 442 678 667 728; x_wconf 87' lang='lat' dir='ltr'><strong>nostro,</strong></span> <span class='ocrx_word' id='word_1_28' title='bbox 710 680 775 718; x_wconf 90' lang='lat' dir='ltr'><strong>ne</strong></span> <span class='ocrx_word' id='word_1_29' title='bbox 835 663 1113 717; x_wconf 52' lang='lat' dir='ltr'><strong>daemones</strong></span> <span class='ocrx_word' id='word_1_30' title='bbox 1156 662 1394 718; x_wconf 73' lang='lat' dir='ltr'><strong>inductis</strong></span> <span class='ocrx_word' id='word_1_31' title='bbox 1443 661 1697 716; x_wconf 77' lang='lat' dir='ltr'><strong>cantibus</strong></span> <span class='ocrx_word' id='word_1_32' title='bbox 1739 662 2024 717; x_wconf 72' lang='lat' dir='ltr'><strong>amatoriis</strong></span> 
     </span>
    </p>
   </div>
   <div class='ocr_carea' id='block_1_8' title="bbox 440 754 2025 824">
    <p class='ocr_par' dir='ltr' id='par_1_8' title="bbox 440 754 2025 824">
     <span class='ocr_line' id='line_1_8' title="bbox 440 754 2025 824; baseline -0.003 -12"><span class='ocrx_word' id='word_1_33' title='bbox 440 768 497 812; x_wconf 91' lang='lat' dir='ltr'><strong>et</strong></span> <span class='ocrx_word' id='word_1_34' title='bbox 554 755 877 812; x_wconf 82' lang='lat' dir='ltr'><strong>meretriciis</strong></span> <span class='ocrx_word' id='word_1_35' title='bbox 930 755 1113 808; x_wconf 82' lang='lat' dir='ltr'><strong>omnia</strong></span> <span class='ocrx_word' id='word_1_36' title='bbox 1171 762 1517 824; x_wconf 82' lang='lat' dir='ltr'><strong>perver&#39;ant,</strong></span> <span class='ocrx_word' id='word_1_37' title='bbox 1572 754 1815 824; x_wconf 86' lang='lat' dir='ltr'><strong>psalmos</strong></span> <span class='ocrx_word' id='word_1_38' title='bbox 1867 755 2025 824; x_wconf 91' lang='lat' dir='ltr'><strong>quasi</strong></span> 
     </span>
    </p>
   </div>
   <div class='ocr_carea' id='block_1_9' title="bbox 441 843 2024 921">
    <p class='ocr_par' dir='ltr' id='par_1_9' title="bbox 441 843 2024 921">
     <span class='ocr_line' id='line_1_9' title="bbox 441 843 2024 921; baseline -0.003 -18"><span class='ocrx_word' id='word_1_39' title='bbox 441 845 910 921; x_wconf 81' lang='lat' dir='ltr'><strong>propugnaculum</strong></span> <span class='ocrx_word' id='word_1_40' title='bbox 958 843 1161 914; x_wconf 89' lang='lat' dir='ltr'><strong>ohjecit</strong></span> <span class='ocrx_word' id='word_1_41' title='bbox 1206 843 1311 899; x_wconf 87' lang='lat' dir='ltr'><strong>illis</strong></span> <span class='ocrx_word' id='word_1_42' title='bbox 1362 843 1523 910; x_wconf 91' lang='lat' dir='ltr'><strong>Deus,</strong></span> <span class='ocrx_word' id='word_1_43' title='bbox 1565 844 1702 898; x_wconf 89' lang='lat' dir='ltr'><strong>adeo</strong></span> <span class='ocrx_word' id='word_1_44' title='bbox 1734 854 1790 899; x_wconf 94' lang='lat' dir='ltr'><strong>ut</strong></span> <span class='ocrx_word' id='word_1_45' title='bbox 1822 860 1909 900; x_wconf 80' lang='lat' dir='ltr'><strong>res</strong></span> <span class='ocrx_word' id='word_1_46' title='bbox 1936 845 2024 899; x_wconf 90' lang='lat' dir='ltr'><strong>illa</strong></span> 
     </span>
    </p>
   </div>
   <div class='ocr_carea' id='block_1_10' title="bbox 440 935 2029 1008">
    <p class='ocr_par' dir='ltr' id='par_1_10' title="bbox 440 935 2029 1008">
     <span class='ocr_line' id='line_1_10' title="bbox 440 935 2029 1008; baseline -0.003 -12"><span class='ocrx_word' id='word_1_47' title='bbox 440 941 603 996; x_wconf 91' lang='lat' dir='ltr'><strong>simul</strong></span> <span class='ocrx_word' id='word_1_48' title='bbox 642 950 694 994; x_wconf 84' lang='lat' dir='ltr'><strong>et</strong></span> <span class='ocrx_word' id='word_1_49' title='bbox 742 938 996 1008; x_wconf 75' lang='lat' dir='ltr'><strong>voluptas</strong></span> <span class='ocrx_word' id='word_1_50' title='bbox 1039 946 1094 992; x_wconf 89' lang='lat' dir='ltr'><strong>et</strong></span> <span class='ocrx_word' id='word_1_51' title='bbox 1125 937 1332 992; x_wconf 87' lang='lat' dir='ltr'><strong>utilitas</strong></span> <span class='ocrx_word' id='word_1_52' title='bbox 1363 937 1437 991; x_wconf 87' lang='lat' dir='ltr'><strong>sit</strong></span> <span class='ocrx_word' id='word_1_53' title='bbox 1494 951 1524 990; x_wconf 89' lang='lat' dir='ltr'><strong>a</strong></span> <span class='ocrx_word' id='word_1_54' title='bbox 1577 935 1778 1006; x_wconf 91' lang='lat' dir='ltr'><strong>Spiritu</strong></span> <span class='ocrx_word' id='word_1_55' title='bbox 1832 947 2029 992; x_wconf 89' lang='lat' dir='ltr'><strong>sancto</strong></span> 
     </span>
    </p>
   </div>
   <div class='ocr_carea' id='block_1_11' title="bbox 442 1028 2022 1102">
    <p class='ocr_par' dir='ltr' id='par_1_11' title="bbox 442 1028 2022 1102">
     <span class='ocr_line' id='line_1_11' title="bbox 442 1028 2022 1102; baseline -0.003 -16"><span class='ocrx_word' id='word_1_56' title='bbox 442 1031 702 1102; x_wconf 78' lang='lat' dir='ltr'><strong>profecta,</strong></span> <span class='ocrx_word' id='word_1_57' title='bbox 750 1029 844 1099; x_wconf 85' lang='lat' dir='ltr'><strong>qui</strong></span> <span class='ocrx_word' id='word_1_58' title='bbox 897 1031 948 1083; x_wconf 92' lang='lat' dir='ltr'><strong>in</strong></span> <span class='ocrx_word' id='word_1_59' title='bbox 1012 1028 1250 1084; x_wconf 90' lang='lat' dir='ltr'><strong>animam</strong></span> <span class='ocrx_word' id='word_1_60' title='bbox 1305 1029 1411 1083; x_wconf 86' lang='lat' dir='ltr'><strong>tale</strong></span> <span class='ocrx_word' id='word_1_61' title='bbox 1459 1028 1664 1098; x_wconf 90' lang='lat' dir='ltr'><strong>aliquid</strong></span> <span class='ocrx_word' id='word_1_62' title='bbox 1711 1037 2022 1082; x_wconf 77' lang='lat' dir='ltr'><strong>cantantem</strong></span> 
     </span>
    </p>
   </div>
   <div class='ocr_carea' id='block_1_12' title="bbox 441 1118 2025 1192">
    <p class='ocr_par' dir='ltr' id='par_1_12' title="bbox 441 1118 2025 1192">
     <span class='ocr_line' id='line_1_12' title="bbox 441 1118 2025 1192; baseline -0.002 -15"><span class='ocrx_word' id='word_1_63' title='bbox 441 1126 689 1180; x_wconf 79' lang='lat' dir='ltr'><strong>celeriter</strong></span> <span class='ocrx_word' id='word_1_64' title='bbox 719 1122 866 1177; x_wconf 84' lang='lat' dir='ltr'><strong>illabi</strong></span> <span class='ocrx_word' id='word_1_65' title='bbox 906 1122 1066 1176; x_wconf 83' lang='lat' dir='ltr'><strong>solet.</strong></span> <span class='ocrx_word' id='word_1_66' title='bbox 1102 1121 1397 1191; x_wconf 74' lang='lat' dir='ltr'><strong>Postquam</strong></span> <span class='ocrx_word' id='word_1_67' title='bbox 1435 1121 1580 1175; x_wconf 91' lang='lat' dir='ltr'><strong>cnim</strong></span> <span class='ocrx_word' id='word_1_68' title='bbox 1619 1118 1856 1192; x_wconf 88' lang='lat' dir='ltr'><strong>Spiritus</strong></span> <span class='ocrx_word' id='word_1_69' title='bbox 1893 1137 2025 1175; x_wconf 90' lang='lat' dir='ltr'><strong>san-</strong></span> 
     </span>
    </p>
   </div>
   <div class='ocr_carea' id='block_1_13' title="bbox 439 1211 2025 1283">
    <p class='ocr_par' dir='ltr' id='par_1_13' title="bbox 439 1211 2025 1283">
     <span class='ocr_line' id='line_1_13' title="bbox 439 1211 2025 1283; baseline -0.003 -13"><span class='ocrx_word' id='word_1_70' title='bbox 439 1224 562 1270; x_wconf 90' lang='lat' dir='ltr'><strong>ctus</strong></span> <span class='ocrx_word' id='word_1_71' title='bbox 608 1216 908 1269; x_wconf 89' lang='lat' dir='ltr'><strong>humanum</strong></span> <span class='ocrx_word' id='word_1_72' title='bbox 940 1228 1110 1283; x_wconf 88' lang='lat' dir='ltr'><strong>genus</strong></span> <span class='ocrx_word' id='word_1_73' title='bbox 1141 1212 1489 1267; x_wconf 88' lang='lat' dir='ltr'><strong>intractabile</strong></span> <span class='ocrx_word' id='word_1_74' title='bbox 1519 1213 1654 1267; x_wconf 80' lang='lat' dir='ltr'><strong>vidit</strong></span> <span class='ocrx_word' id='word_1_75' title='bbox 1684 1212 1927 1266; x_wconf 80' lang='lat' dir='ltr'><strong>lim-tanti</strong></span> <span class='ocrx_word' id='word_1_76' title='bbox 1957 1211 2025 1266; x_wconf 87' lang='lat' dir='ltr'><strong>ad</strong></span> 
     </span>
    </p>
   </div>
   <div class='ocr_carea' id='block_1_14' title="bbox 439 1304 2027 1374">
    <p class='ocr_par' dir='ltr' id='par_1_14' title="bbox 439 1304 2027 1374">
     <span class='ocr_line' id='line_1_14' title="bbox 439 1304 2027 1374; baseline -0.002 -13"><span class='ocrx_word' id='word_1_77' title='bbox 439 1308 722 1370; x_wconf 79' lang='lat' dir='ltr'><strong>virtutem,</strong></span> <span class='ocrx_word' id='word_1_78' title='bbox 752 1320 963 1374; x_wconf 88' lang='lat' dir='ltr'><strong>nosque</strong></span> <span class='ocrx_word' id='word_1_79' title='bbox 1011 1307 1161 1374; x_wconf 73' lang='lat' dir='ltr'><strong>ipsos</strong></span> <span class='ocrx_word' id='word_1_80' title='bbox 1193 1305 1378 1359; x_wconf 87' lang='lat' dir='ltr'><strong>studio</strong></span> <span class='ocrx_word' id='word_1_81' title='bbox 1413 1304 1706 1374; x_wconf 79' lang='lat' dir='ltr'><strong>voluptatis</strong></span> <span class='ocrx_word' id='word_1_82' title='bbox 1740 1315 1900 1359; x_wconf 72' lang='lat' dir='ltr'><strong>recta:</strong></span> <span class='ocrx_word' id='word_1_83' title='bbox 1930 1304 2027 1358; x_wconf 71' lang='lat' dir='ltr'><strong>tiae</strong></span> 
     </span>
    </p>
   </div>
   <div class='ocr_carea' id='block_1_15' title="bbox 442 1392 2029 1468">
    <p class='ocr_par' dir='ltr' id='par_1_15' title="bbox 442 1392 2029 1468">
     <span class='ocr_line' id='line_1_15' title="bbox 442 1392 2029 1468; baseline -0.005 -15"><span class='ocrx_word' id='word_1_84' title='bbox 442 1398 882 1468; x_wconf 82' lang='lat' dir='ltr'><strong>ncgligentiores,</strong></span> <span class='ocrx_word' id='word_1_85' title='bbox 907 1404 1175 1466; x_wconf 59' lang='lat' dir='ltr'><strong>praerepta</strong></span> <span class='ocrx_word' id='word_1_86' title='bbox 1196 1395 1412 1449; x_wconf 87' lang='lat' dir='ltr'><strong>virtutis</strong></span> <span class='ocrx_word' id='word_1_87' title='bbox 1436 1394 1705 1448; x_wconf 82' lang='lat' dir='ltr'><strong>suavitate</strong></span> <span class='ocrx_word' id='word_1_88' title='bbox 1728 1392 2029 1447; x_wconf 73' lang='lat' dir='ltr'><strong>harmoniae</strong></span> 
     </span>
    </p>
   </div>
   <div class='ocr_carea' id='block_1_16' title="bbox 440 1482 2029 1559">
    <p class='ocr_par' dir='ltr' id='par_1_16' title="bbox 440 1482 2029 1559">
     <span class='ocr_line' id='line_1_16' title="bbox 440 1482 2029 1559; baseline -0.004 -18"><span class='ocrx_word' id='word_1_89' title='bbox 440 1487 601 1559; x_wconf 81' lang='lat' dir='ltr'><strong>quasi</strong></span> <span class='ocrx_word' id='word_1_90' title='bbox 657 1487 1005 1542; x_wconf 79' lang='lat' dir='ltr'><strong>condimento</strong></span> <span class='ocrx_word' id='word_1_91' title='bbox 1046 1485 1232 1554; x_wconf 87' lang='lat' dir='ltr'><strong>aliquo</strong></span> <span class='ocrx_word' id='word_1_92' title='bbox 1287 1482 1628 1553; x_wconf 89' lang='lat' dir='ltr'><strong>temperavit,</strong></span> <span class='ocrx_word' id='word_1_93' title='bbox 1687 1492 1746 1536; x_wconf 90' lang='lat' dir='ltr'><strong>ut</strong></span> <span class='ocrx_word' id='word_1_94' title='bbox 1810 1491 2029 1550; x_wconf 88' lang='lat' dir='ltr'><strong>pr0ptcr</strong></span> 
     </span>
    </p>
   </div>
   <div class='ocr_carea' id='block_1_17' title="bbox 443 1574 2030 1649">
    <p class='ocr_par' dir='ltr' id='par_1_17' title="bbox 443 1574 2030 1649">
     <span class='ocr_line' id='line_1_17' title="bbox 443 1574 2030 1649; baseline -0.005 -16"><span class='ocrx_word' id='word_1_95' title='bbox 443 1580 672 1649; x_wconf 80' lang='lat' dir='ltr'><strong>gratiam</strong></span> <span class='ocrx_word' id='word_1_96' title='bbox 709 1590 760 1633; x_wconf 90' lang='lat' dir='ltr'><strong>et</strong></span> <span class='ocrx_word' id='word_1_97' title='bbox 790 1577 1116 1633; x_wconf 78' lang='lat' dir='ltr'><strong>suavitatem</strong></span> <span class='ocrx_word' id='word_1_98' title='bbox 1156 1575 1473 1638; x_wconf 79' lang='lat' dir='ltr'><strong>auditionis,</strong></span> <span class='ocrx_word' id='word_1_99' title='bbox 1521 1575 1787 1630; x_wconf 89' lang='lat' dir='ltr'><strong>orationis</strong></span> <span class='ocrx_word' id='word_1_100' title='bbox 1825 1574 2030 1628; x_wconf 91' lang='lat' dir='ltr'><strong>utilita-</strong></span> 
     </span>
    </p>
   </div>
   <div class='ocr_carea' id='block_1_18' title="bbox 444 1665 2024 1734">
    <p class='ocr_par' dir='ltr' id='par_1_18' title="bbox 444 1665 2024 1734">
     <span class='ocr_line' id='line_1_18' title="bbox 444 1665 2024 1734; baseline -0.004 -9"><span class='ocrx_word' id='word_1_101' title='bbox 444 1680 551 1725; x_wconf 91' lang='lat' dir='ltr'><strong>tem</strong></span> <span class='ocrx_word' id='word_1_102' title='bbox 588 1670 746 1723; x_wconf 87' lang='lat' dir='ltr'><strong>inscii</strong></span> <span class='ocrx_word' id='word_1_103' title='bbox 780 1668 1215 1721; x_wconf 77' lang='lat' dir='ltr'><strong>admitteremus.</strong></span> <span class='ocrx_word' id='word_1_104' title='bbox 1246 1665 1473 1719; x_wconf 83' lang='lat' dir='ltr'><strong>Perinde</strong></span> <span class='ocrx_word' id='word_1_105' title='bbox 1501 1680 1564 1720; x_wconf 93' lang='lat' dir='ltr'><strong>ac</strong></span> <span class='ocrx_word' id='word_1_106' title='bbox 1591 1666 1880 1734; x_wconf 89' lang='lat' dir='ltr'><strong>prudentes</strong></span> <span class='ocrx_word' id='word_1_107' title='bbox 1913 1679 2024 1718; x_wconf 88' lang='lat' dir='ltr'><strong>me-</strong></span> 
     </span>
    </p>
   </div>
   <div class='ocr_carea' id='block_1_19' title="bbox 443 1756 2026 1830">
    <p class='ocr_par' dir='ltr' id='par_1_19' title="bbox 443 1756 2026 1830">
     <span class='ocr_line' id='line_1_19' title="bbox 443 1756 2026 1830; baseline -0.004 -16"><span class='ocrx_word' id='word_1_108' title='bbox 443 1762 570 1826; x_wconf 87' lang='lat' dir='ltr'><strong>dici,</strong></span> <span class='ocrx_word' id='word_1_109' title='bbox 612 1759 830 1830; x_wconf 78' lang='lat' dir='ltr'><strong>quando</strong></span> <span class='ocrx_word' id='word_1_110' title='bbox 861 1759 1056 1812; x_wconf 88' lang='lat' dir='ltr'><strong>acerba</strong></span> <span class='ocrx_word' id='word_1_111' title='bbox 1089 1767 1181 1810; x_wconf 91' lang='lat' dir='ltr'><strong>aut</strong></span> <span class='ocrx_word' id='word_1_112' title='bbox 1210 1772 1396 1810; x_wconf 89' lang='lat' dir='ltr'><strong>amara</strong></span> <span class='ocrx_word' id='word_1_113' title='bbox 1431 1756 1822 1809; x_wconf 75' lang='lat' dir='ltr'><strong>medicamenta</strong></span> <span class='ocrx_word' id='word_1_114' title='bbox 1855 1771 2026 1824; x_wconf 75' lang='lat' dir='ltr'><strong>aegro-</strong></span> 
     </span>
    </p>
   </div>
   <div class='ocr_carea' id='block_1_20' title="bbox 2125 571 3689 651">
    <p class='ocr_par' dir='ltr' id='par_1_20' title="bbox 2125 571 3689 651">
     <span class='ocr_line' id='line_1_20' title="bbox 2125 571 3689 651; baseline 0.008 -28"><span class='ocrx_word' id='word_1_115' title='bbox 2125 573 2253 634; x_wconf 74' lang='grc' dir='ltr'>τοὺς</span> <span class='ocrx_word' id='word_1_116' title='bbox 2278 571 2527 642; x_wconf 71' lang='grc' dir='ltr'>ψαλμοὺς</span> <span class='ocrx_word' id='word_1_117' title='bbox 2553 573 2735 636; x_wconf 74' lang='grc' dir='ltr'>αὐτοῖς</span> <span class='ocrx_word' id='word_1_118' title='bbox 2766 573 3102 644; x_wconf 79' lang='grc' dir='ltr'><strong>ἐπετείχισεν</strong></span> <span class='ocrx_word' id='word_1_119' title='bbox 3138 577 3166 628; x_wconf 85' lang='grc' dir='ltr'><strong>ὁ</strong></span> <span class='ocrx_word' id='word_1_120' title='bbox 3194 575 3326 639; x_wconf 83' lang='grc' dir='ltr'>Θεός</span> <span class='ocrx_word' id='word_1_121' title='bbox 3346 593 3360 608; x_wconf 79' lang='grc' dir='ltr'><strong><em>ο</em></strong></span> <span class='ocrx_word' id='word_1_122' title='bbox 3394 577 3530 630; x_wconf 81' lang='grc' dir='ltr'>ὥστε</span> <span class='ocrx_word' id='word_1_123' title='bbox 3559 580 3689 651; x_wconf 77' lang='grc' dir='ltr'>ὁμοῦ</span> 
     </span>
    </p>
   </div>
   <div class='ocr_carea' id='block_1_21' title="bbox 2124 662 3690 738">
    <p class='ocr_par' dir='ltr' id='par_1_21' title="bbox 2124 662 3690 738">
     <span class='ocr_line' id='line_1_21' title="bbox 2124 662 3690 738; baseline 0.006 -22"><span class='ocrx_word' id='word_1_124' title='bbox 2124 662 2185 716; x_wconf 82' lang='grc' dir='ltr'>τὸ</span> <span class='ocrx_word' id='word_1_125' title='bbox 2224 664 2457 735; x_wconf 80' lang='grc' dir='ltr'>πρᾶγμα</span> <span class='ocrx_word' id='word_1_126' title='bbox 2487 664 2582 716; x_wconf 76' lang='grc' dir='ltr'>καὶ</span> <span class='ocrx_word' id='word_1_127' title='bbox 2611 665 2803 735; x_wconf 74' lang='grc' dir='ltr'>ἡδονὴν</span> <span class='ocrx_word' id='word_1_128' title='bbox 2832 667 2925 718; x_wconf 73' lang='grc' dir='ltr'>καὶ</span> <span class='ocrx_word' id='word_1_129' title='bbox 2953 665 3225 734; x_wconf 78' lang='grc' dir='ltr'>ὠφέλειαν</span> <span class='ocrx_word' id='word_1_130' title='bbox 3254 663 3391 721; x_wconf 72' lang='grc' dir='ltr'>εἶναι</span> <span class='ocrx_word' id='word_1_131' title='bbox 3419 669 3513 723; x_wconf 78' lang='grc' dir='ltr'><strong>τοῦ</strong></span> <span class='ocrx_word' id='word_1_132' title='bbox 3540 672 3690 738; x_wconf 76' lang='grc' dir='ltr'>ἀγίου</span> 
     </span>
    </p>
   </div>
   <div class='ocr_carea' id='block_1_22' title="bbox 2126 754 3694 832">
    <p class='ocr_par' dir='ltr' id='par_1_22' title="bbox 2126 754 3694 832">
     <span class='ocr_line' id='line_1_22' title="bbox 2126 754 3694 832; baseline 0.005 -24"><span class='ocrx_word' id='word_1_133' title='bbox 2126 754 2463 824; x_wconf 66' lang='grc' dir='ltr'>Πνεύματοέ,</span> <span class='ocrx_word' id='word_1_134' title='bbox 2501 757 2568 826; x_wconf 79' lang='grc' dir='ltr'>τῇ</span> <span class='ocrx_word' id='word_1_135' title='bbox 2603 755 2828 809; x_wconf 84' lang='grc' dir='ltr'>τοιαῦτα</span> <span class='ocrx_word' id='word_1_136' title='bbox 2856 757 3130 830; x_wconf 77' lang='grc' dir='ltr'>ψαλλούσῃ</span> <span class='ocrx_word' id='word_1_137' title='bbox 3168 759 3312 831; x_wconf 74' lang='grc' dir='ltr'>ψυχῇ</span> <span class='ocrx_word' id='word_1_138' title='bbox 3348 761 3556 830; x_wconf 81' lang='grc' dir='ltr'>ταχέως</span> <span class='ocrx_word' id='word_1_139' title='bbox 3598 765 3694 832; x_wconf 78' lang='grc' dir='ltr'><strong>ἐφ-</strong></span> 
     </span>
    </p>
   </div>
   <div class='ocr_carea' id='block_1_23' title="bbox 2137 846 3693 923">
    <p class='ocr_par' dir='ltr' id='par_1_23' title="bbox 2137 846 3693 923">
     <span class='ocr_line' id='line_1_23' title="bbox 2137 846 3693 923; baseline 0.004 -24"><span class='ocrx_word' id='word_1_140' title='bbox 2137 848 2460 917; x_wconf 85' lang='grc' dir='ltr'>ιπταμένου.</span> <span class='ocrx_word' id='word_1_141' title='bbox 2505 846 2591 910; x_wconf 83' lang='grc' dir='ltr'>Ὦς</span> <span class='ocrx_word' id='word_1_142' title='bbox 2611 847 2720 919; x_wconf 90' lang='grc' dir='ltr'><strong>γάρ</strong></span> <span class='ocrx_word' id='word_1_143' title='bbox 2742 848 2976 919; x_wconf 79' lang='grc' dir='ltr'>εἴρηται,</span> <span class='ocrx_word' id='word_1_144' title='bbox 3007 851 3226 903; x_wconf 73' lang='grc' dir='ltr'>ἐπειδὰν</span> <span class='ocrx_word' id='word_1_145' title='bbox 3247 849 3354 905; x_wconf 71' lang='grc' dir='ltr'>εἶδε</span> <span class='ocrx_word' id='word_1_146' title='bbox 3385 851 3445 905; x_wconf 82' lang='grc' dir='ltr'>τὸ</span> <span class='ocrx_word' id='word_1_147' title='bbox 3479 853 3693 923; x_wconf 76' lang='grc' dir='ltr'>Πνεῦμα</span> 
     </span>
    </p>
   </div>
   <div class='ocr_carea' id='block_1_24' title="bbox 2125 939 3693 1015">
    <p class='ocr_par' dir='ltr' id='par_1_24' title="bbox 2125 939 3693 1015">
     <span class='ocr_line' id='line_1_24' title="bbox 2125 939 3693 1015; baseline 0.004 -23"><span class='ocrx_word' id='word_1_148' title='bbox 2125 939 2186 992; x_wconf 74' lang='grc' dir='ltr'><strong>τὸ</strong></span> <span class='ocrx_word' id='word_1_149' title='bbox 2217 939 2372 1008; x_wconf 75' lang='grc' dir='ltr'>ἅγιον</span> <span class='ocrx_word' id='word_1_150' title='bbox 2402 939 2722 1008; x_wconf 84' lang='grc' dir='ltr'><strong>δυσάγωγον</strong></span> <span class='ocrx_word' id='word_1_151' title='bbox 2751 943 2888 1012; x_wconf 82' lang='grc' dir='ltr'>πρὸς</span> <span class='ocrx_word' id='word_1_152' title='bbox 2918 945 3015 1014; x_wconf 78' lang='grc' dir='ltr'>τὴν</span> <span class='ocrx_word' id='word_1_153' title='bbox 3056 943 3257 1015; x_wconf 74' lang='grc' dir='ltr'>ἀρετὴν</span> <span class='ocrx_word' id='word_1_154' title='bbox 3306 943 3368 997; x_wconf 72' lang='grc' dir='ltr'>τὸ</span> <span class='ocrx_word' id='word_1_155' title='bbox 3406 945 3560 1012; x_wconf 82' lang='grc' dir='ltr'>γένος</span> <span class='ocrx_word' id='word_1_156' title='bbox 3601 945 3693 998; x_wconf 85' lang='grc' dir='ltr'>άν-</span> 
     </span>
    </p>
   </div>
   <div class='ocr_carea' id='block_1_25' title="bbox 2127 1027 3695 1104">
    <p class='ocr_par' dir='ltr' id='par_1_25' title="bbox 2127 1027 3695 1104">
     <span class='ocr_line' id='line_1_25' title="bbox 2127 1027 3695 1104; baseline 0.005 -24"><span class='ocrx_word' id='word_1_157' title='bbox 2127 1027 2380 1097; x_wconf 80' lang='grc' dir='ltr'>θρὼπων,</span> <span class='ocrx_word' id='word_1_158' title='bbox 2431 1029 2524 1082; x_wconf 76' lang='grc' dir='ltr'>καὶ</span> <span class='ocrx_word' id='word_1_159' title='bbox 2574 1031 2663 1084; x_wconf 72' lang='grc' dir='ltr'>διὰ</span> <span class='ocrx_word' id='word_1_160' title='bbox 2711 1033 2774 1084; x_wconf 84' lang='grc' dir='ltr'>τὸ</span> <span class='ocrx_word' id='word_1_161' title='bbox 2826 1031 2964 1104; x_wconf 79' lang='grc' dir='ltr'>πρὸς</span> <span class='ocrx_word' id='word_1_162' title='bbox 3015 1033 3209 1104; x_wconf 74' lang='grc' dir='ltr'>ἡδονὴν</span> <span class='ocrx_word' id='word_1_163' title='bbox 3253 1034 3574 1104; x_wconf 78' lang='grc' dir='ltr'>ὲπιῤῥεπὲς,</span> <span class='ocrx_word' id='word_1_164' title='bbox 3604 1035 3695 1088; x_wconf 81' lang='grc' dir='ltr'>τοῦ</span> 
     </span>
    </p>
   </div>
   <div class='ocr_carea' id='block_1_26' title="bbox 2125 1121 3696 1194">
    <p class='ocr_par' dir='ltr' id='par_1_26' title="bbox 2125 1121 3696 1194">
     <span class='ocr_line' id='line_1_26' title="bbox 2125 1121 3696 1194; baseline 0.003 -21"><span class='ocrx_word' id='word_1_165' title='bbox 2125 1121 2286 1191; x_wconf 76' lang='grc' dir='ltr'>ὀρθοῦ</span> <span class='ocrx_word' id='word_1_166' title='bbox 2315 1121 2430 1192; x_wconf 83' lang='grc' dir='ltr'>βίου</span> <span class='ocrx_word' id='word_1_167' title='bbox 2461 1121 2904 1193; x_wconf 80' lang='grc' dir='ltr'>καταμελοῦντας</span> <span class='ocrx_word' id='word_1_168' title='bbox 2931 1125 3099 1194; x_wconf 76' lang='grc' dir='ltr'>ἡμᾶς,</span> <span class='ocrx_word' id='word_1_169' title='bbox 3127 1125 3190 1178; x_wconf 72' lang='grc' dir='ltr'>τὸ</span> <span class='ocrx_word' id='word_1_170' title='bbox 3218 1126 3280 1178; x_wconf 82' lang='grc' dir='ltr'>ὲκ</span> <span class='ocrx_word' id='word_1_171' title='bbox 3306 1125 3406 1194; x_wconf 81' lang='grc' dir='ltr'>τῆς</span> <span class='ocrx_word' id='word_1_172' title='bbox 3437 1125 3696 1194; x_wconf 76' lang='grc' dir='ltr'><strong>μελῳδίας</strong></span> 
     </span>
    </p>
   </div>
   <div class='ocr_carea' id='block_1_27' title="bbox 2126 1211 3698 1286">
    <p class='ocr_par' dir='ltr' id='par_1_27' title="bbox 2126 1211 3698 1286">
     <span class='ocr_line' id='line_1_27' title="bbox 2126 1211 3698 1286; baseline 0.004 -24"><span class='ocrx_word' id='word_1_173' title='bbox 2126 1211 2362 1284; x_wconf 82' lang='grc' dir='ltr'>τερπνὸν</span> <span class='ocrx_word' id='word_1_174' title='bbox 2403 1216 2515 1277; x_wconf 83' lang='grc' dir='ltr'>τοῖς</span> <span class='ocrx_word' id='word_1_175' title='bbox 2559 1213 2825 1280; x_wconf 73' lang='grc' dir='ltr'><strong>δόγμασιν</strong></span> <span class='ocrx_word' id='word_1_176' title='bbox 2862 1214 3257 1285; x_wconf 78' lang='grc' dir='ltr'><strong>ἐγκατέμιξεν·</strong></span> <span class='ocrx_word' id='word_1_177' title='bbox 3287 1215 3375 1268; x_wconf 83' lang='grc' dir='ltr'><strong>ῐνα</strong></span> <span class='ocrx_word' id='word_1_178' title='bbox 3403 1217 3481 1284; x_wconf 81' lang='grc' dir='ltr'>τῷ</span> <span class='ocrx_word' id='word_1_179' title='bbox 3529 1232 3698 1286; x_wconf 76' lang='grc' dir='ltr'>προτ-</span> 
     </span>
    </p>
   </div>
   <div class='ocr_carea' id='block_1_28' title="bbox 2125 1304 3699 1376">
    <p class='ocr_par' dir='ltr' id='par_1_28' title="bbox 2125 1304 3699 1376">
     <span class='ocr_line' id='line_1_28' title="bbox 2125 1304 3699 1376; baseline 0.004 -22"><span class='ocrx_word' id='word_1_180' title='bbox 2125 1305 2248 1372; x_wconf 87' lang='grc' dir='ltr'>ηνεῖ</span> <span class='ocrx_word' id='word_1_181' title='bbox 2277 1304 2370 1356; x_wconf 71' lang='grc' dir='ltr'>καὶ</span> <span class='ocrx_word' id='word_1_182' title='bbox 2403 1304 2532 1374; x_wconf 84' lang='grc' dir='ltr'>λείῳ</span> <span class='ocrx_word' id='word_1_183' title='bbox 2567 1305 2666 1374; x_wconf 80' lang='grc' dir='ltr'>τῆς</span> <span class='ocrx_word' id='word_1_184' title='bbox 2693 1306 2861 1375; x_wconf 81' lang='grc' dir='ltr'>ἀκοῆς</span> <span class='ocrx_word' id='word_1_185' title='bbox 2891 1305 2954 1359; x_wconf 84' lang='grc' dir='ltr'>τὸ</span> <span class='ocrx_word' id='word_1_186' title='bbox 2991 1307 3057 1359; x_wconf 74' lang='grc' dir='ltr'>ἐκ</span> <span class='ocrx_word' id='word_1_187' title='bbox 3091 1306 3200 1360; x_wconf 85' lang='grc' dir='ltr'><strong>τῶν</strong></span> <span class='ocrx_word' id='word_1_188' title='bbox 3229 1305 3404 1374; x_wconf 87' lang='grc' dir='ltr'>λόγων</span> <span class='ocrx_word' id='word_1_189' title='bbox 3429 1306 3699 1376; x_wconf 83' lang='grc' dir='ltr'>ὠφέλιμον</span> 
     </span>
    </p>
   </div>
   <div class='ocr_carea' id='block_1_29' title="bbox 2127 1395 3699 1469">
    <p class='ocr_par' dir='ltr' id='par_1_29' title="bbox 2127 1395 3699 1469">
     <span class='ocr_line' id='line_1_29' title="bbox 2127 1395 3699 1469; baseline 0.001 -21"><span class='ocrx_word' id='word_1_190' title='bbox 2127 1395 2498 1461; x_wconf 80' lang='grc' dir='ltr'>λανθανόντως</span> <span class='ocrx_word' id='word_1_191' title='bbox 2545 1395 2936 1467; x_wconf 82' lang='grc' dir='ltr'>διαδεξώμεθα.</span> <span class='ocrx_word' id='word_1_192' title='bbox 2984 1400 3096 1452; x_wconf 76' lang='grc' dir='ltr'><strong>Καὶ</strong></span> <span class='ocrx_word' id='word_1_193' title='bbox 3155 1398 3406 1469; x_wconf 78' lang='grc' dir='ltr'>καθάπερ</span> <span class='ocrx_word' id='word_1_194' title='bbox 3449 1399 3499 1451; x_wconf 90' lang='grc' dir='ltr'>οἱ</span> <span class='ocrx_word' id='word_1_195' title='bbox 3544 1398 3699 1466; x_wconf 73' lang='grc' dir='ltr'>σοφοὶ</span> 
     </span>
    </p>
   </div>
   <div class='ocr_carea' id='block_1_30' title="bbox 2128 1483 3704 1558">
    <p class='ocr_par' dir='ltr' id='par_1_30' title="bbox 2128 1483 3704 1558">
     <span class='ocr_line' id='line_1_30' title="bbox 2128 1483 3704 1558; baseline 0 -20"><span class='ocrx_word' id='word_1_196' title='bbox 2128 1483 2237 1538; x_wconf 87' lang='grc' dir='ltr'><strong>τῶν</strong></span> <span class='ocrx_word' id='word_1_197' title='bbox 2277 1485 2479 1557; x_wconf 77' lang='grc' dir='ltr'><strong>ἰατρῶν</strong></span> <span class='ocrx_word' id='word_1_198' title='bbox 2526 1484 2599 1539; x_wconf 91' lang='grc' dir='ltr'><strong>τά</strong></span> <span class='ocrx_word' id='word_1_199' title='bbox 2630 1486 3009 1558; x_wconf 79' lang='grc' dir='ltr'>αὑστηρότερα</span> <span class='ocrx_word' id='word_1_200' title='bbox 3042 1487 3132 1542; x_wconf 72' lang='grc' dir='ltr'>καὶ</span> <span class='ocrx_word' id='word_1_201' title='bbox 3163 1489 3336 1558; x_wconf 78' lang='grc' dir='ltr'>πικρά</span> <span class='ocrx_word' id='word_1_202' title='bbox 3373 1487 3480 1540; x_wconf 90' lang='grc' dir='ltr'><strong>τῶν</strong></span> <span class='ocrx_word' id='word_1_203' title='bbox 3511 1487 3704 1557; x_wconf 72' lang='grc' dir='ltr'>ἀλεξη-</span> 
     </span>
    </p>
   </div>
   <div class='ocr_carea' id='block_1_31' title="bbox 2126 1575 3706 1648">
    <p class='ocr_par' dir='ltr' id='par_1_31' title="bbox 2126 1575 3706 1648">
     <span class='ocr_line' id='line_1_31' title="bbox 2126 1575 3706 1648; baseline 0.004 -22"><span class='ocrx_word' id='word_1_204' title='bbox 2126 1575 2333 1646; x_wconf 86' lang='grc' dir='ltr'>τηρίων</span> <span class='ocrx_word' id='word_1_205' title='bbox 2364 1576 2670 1647; x_wconf 78' lang='grc' dir='ltr'><strong>φαρμάκων</strong></span> <span class='ocrx_word' id='word_1_206' title='bbox 2709 1578 2884 1632; x_wconf 79' lang='grc' dir='ltr'><strong>πίνειν</strong></span> <span class='ocrx_word' id='word_1_207' title='bbox 2913 1577 3182 1642; x_wconf 81' lang='grc' dir='ltr'><strong>διαδόντες</strong></span> <span class='ocrx_word' id='word_1_208' title='bbox 3217 1579 3332 1641; x_wconf 82' lang='grc' dir='ltr'>τοῖς</span> <span class='ocrx_word' id='word_1_209' title='bbox 3363 1577 3706 1648; x_wconf 71' lang='grc' dir='ltr'>άρῥωστοῦιι</span> 
     </span>
    </p>
   </div>
   <div class='ocr_carea' id='block_1_32' title="bbox 2129 1667 3706 1741">
    <p class='ocr_par' dir='ltr' id='par_1_32' title="bbox 2129 1667 3706 1741">
     <span class='ocr_line' id='line_1_32' title="bbox 2129 1667 3706 1741; baseline 0.002 -22"><span class='ocrx_word' id='word_1_210' title='bbox 2129 1667 2225 1721; x_wconf 69' lang='grc' dir='ltr'>καὶ</span> <span class='ocrx_word' id='word_1_211' title='bbox 2259 1669 2590 1735; x_wconf 79' lang='grc' dir='ltr'>κακοσίτοις,</span> <span class='ocrx_word' id='word_1_212' title='bbox 2627 1670 2867 1740; x_wconf 72' lang='grc' dir='ltr'>εὔληπτα</span> <span class='ocrx_word' id='word_1_213' title='bbox 2913 1671 3086 1724; x_wconf 85' lang='grc' dir='ltr'>ταῦτα</span> <span class='ocrx_word' id='word_1_214' title='bbox 3121 1670 3356 1737; x_wconf 82' lang='grc' dir='ltr'>ποιοῦσι,</span> <span class='ocrx_word' id='word_1_215' title='bbox 3386 1675 3451 1741; x_wconf 78' lang='grc' dir='ltr'><strong>τῇ</strong></span> <span class='ocrx_word' id='word_1_216' title='bbox 3482 1671 3576 1723; x_wconf 82' lang='grc' dir='ltr'>τοῦ</span> <span class='ocrx_word' id='word_1_217' title='bbox 3611 1673 3706 1739; x_wconf 84' lang='grc' dir='ltr'>μέ-</span> 
     </span>
    </p>
   </div>
   <div class='ocr_carea' id='block_1_33' title="bbox 2129 1756 3699 1831">
    <p class='ocr_par' dir='ltr' id='par_1_33' title="bbox 2129 1756 3699 1831">
     <span class='ocr_line' id='line_1_33' title="bbox 2129 1756 3699 1831; baseline 0.005 -25"><span class='ocrx_word' id='word_1_218' title='bbox 2129 1756 2271 1818; x_wconf 77' lang='grc' dir='ltr'>λιτος</span> <span class='ocrx_word' id='word_1_219' title='bbox 2298 1757 2457 1827; x_wconf 75' lang='grc' dir='ltr'>ἡδονῇ</span> <span class='ocrx_word' id='word_1_220' title='bbox 2487 1759 2919 1830; x_wconf 75' lang='grc' dir='ltr'>παραπτύοντες,</span> <span class='ocrx_word' id='word_1_221' title='bbox 2945 1759 3086 1813; x_wconf 78' lang='grc' dir='ltr'>οὕτω</span> <span class='ocrx_word' id='word_1_222' title='bbox 3111 1761 3204 1814; x_wconf 77' lang='grc' dir='ltr'>καὶ</span> <span class='ocrx_word' id='word_1_223' title='bbox 3235 1761 3333 1831; x_wconf 78' lang='grc' dir='ltr'>τὴν</span> <span class='ocrx_word' id='word_1_224' title='bbox 3361 1760 3482 1813; x_wconf 70' lang='grc' dir='ltr'>κατ’</span> <span class='ocrx_word' id='word_1_225' title='bbox 3510 1759 3699 1831; x_wconf 66' lang='grc' dir='ltr'>ἀρετὴν</span> 
     </span>
    </p>
   </div>
   <div class='ocr_carea' id='block_1_34' title="bbox 444 1837 2032 1926">
    <p class='ocr_par' dir='ltr' id='par_1_34' title="bbox 444 1849 2029 1922">
     <span class='ocr_line' id='line_1_34' title="bbox 444 1849 2029 1922; baseline -0.003 -15"><span class='ocrx_word' id='word_1_226' title='bbox 444 1855 513 1908; x_wconf 84' lang='lat' dir='ltr'><strong>tis</strong></span> <span class='ocrx_word' id='word_1_227' title='bbox 550 1853 862 1922; x_wconf 79' lang='lat' dir='ltr'><strong>propitiant,</strong></span> <span class='ocrx_word' id='word_1_228' title='bbox 901 1861 953 1906; x_wconf 91' lang='lat' dir='ltr'><strong>et</strong></span> <span class='ocrx_word' id='word_1_229' title='bbox 987 1851 1270 1905; x_wconf 70' lang='lat' dir='ltr'><strong>stomacho</strong></span> <span class='ocrx_word' id='word_1_230' title='bbox 1315 1850 1710 1914; x_wconf 88' lang='lat' dir='ltr'><strong>laborantibus,</strong></span> <span class='ocrx_word' id='word_1_231' title='bbox 1742 1849 2029 1903; x_wconf 82' lang='lat' dir='ltr'><strong>dulcedine</strong></span> 
     </span>
    </p>
   </div>
   <div class='ocr_carea' id='block_1_35' title="bbox 2136 1837 3708 1926">
    <p class='ocr_par' dir='ltr' id='par_1_35' title="bbox 2136 1853 3708 1926">
     <span class='ocr_line' id='line_1_35' title="bbox 2136 1853 3708 1926; baseline 0.001 -20"><span class='ocrx_word' id='word_1_232' title='bbox 2136 1853 2428 1919; x_wconf 81' lang='grc' dir='ltr'><strong>πολιτείαν,</strong></span> <span class='ocrx_word' id='word_1_233' title='bbox 2499 1856 2740 1926; x_wconf 75' lang='grc' dir='ltr'>σκληρὰν</span> <span class='ocrx_word' id='word_1_234' title='bbox 2798 1854 2982 1920; x_wconf 76' lang='grc' dir='ltr'>οὖσαν,</span> <span class='ocrx_word' id='word_1_235' title='bbox 3054 1857 3315 1923; x_wconf 87' lang='grc' dir='ltr'>γλυκεῖαν</span> <span class='ocrx_word' id='word_1_236' title='bbox 3376 1857 3410 1925; x_wconf 76' lang='grc' dir='ltr'><strong>ἡ</strong></span> <span class='ocrx_word' id='word_1_237' title='bbox 3474 1854 3708 1924; x_wconf 79' lang='grc' dir='ltr'>μελῳδία</span> 
     </span>
    </p>
   </div>
   <div class='ocr_carea' id='block_1_36' title="bbox 443 1940 2027 2012">
    <p class='ocr_par' dir='ltr' id='par_1_36' title="bbox 443 1940 2027 2012">
     <span class='ocr_line' id='line_1_36' title="bbox 443 1940 2027 2012; baseline -0.005 -12"><span class='ocrx_word' id='word_1_238' title='bbox 443 1948 618 2001; x_wconf 81' lang='lat' dir='ltr'><strong>mellis</strong></span> <span class='ocrx_word' id='word_1_239' title='bbox 646 1945 911 2000; x_wconf 87' lang='lat' dir='ltr'><strong>condiunt</strong></span> <span class='ocrx_word' id='word_1_240' title='bbox 941 1953 1000 1998; x_wconf 91' lang='lat' dir='ltr'><strong>ut</strong></span> <span class='ocrx_word' id='word_1_241' title='bbox 1036 1943 1210 2012; x_wconf 86' lang='lat' dir='ltr'><strong>magis</strong></span> <span class='ocrx_word' id='word_1_242' title='bbox 1241 1943 1350 1996; x_wconf 89' lang='lat' dir='ltr'><strong>sint</strong></span> <span class='ocrx_word' id='word_1_243' title='bbox 1380 1941 1444 1995; x_wconf 87' lang='lat' dir='ltr'><strong>ad</strong></span> <span class='ocrx_word' id='word_1_244' title='bbox 1474 1942 1714 2011; x_wconf 78' lang='lat' dir='ltr'><strong>palatum</strong></span> <span class='ocrx_word' id='word_1_245' title='bbox 1745 1957 1758 1993; x_wconf 92' lang='lat'>:</span> <span class='ocrx_word' id='word_1_246' title='bbox 1793 1941 1869 1993; x_wconf 90' lang='lat' dir='ltr'><strong>ita</strong></span> <span class='ocrx_word' id='word_1_247' title='bbox 1917 1940 2027 1992; x_wconf 81' lang='lat' dir='ltr'><strong>vir-</strong></span> 
     </span>
    </p>
   </div>
   <div class='ocr_carea' id='block_1_37' title="bbox 442 2029 2025 2104">
    <p class='ocr_par' dir='ltr' id='par_1_37' title="bbox 442 2029 2025 2104">
     <span class='ocr_line' id='line_1_37' title="bbox 442 2029 2025 2104; baseline -0.007 -10"><span class='ocrx_word' id='word_1_248' title='bbox 442 2039 619 2094; x_wconf 88' lang='lat' dir='ltr'><strong>titntis</strong></span> <span class='ocrx_word' id='word_1_249' title='bbox 644 2036 999 2098; x_wconf 86' lang='lat' dir='ltr'><strong>curriculum,</strong></span> <span class='ocrx_word' id='word_1_250' title='bbox 1039 2035 1182 2104; x_wconf 90' lang='lat' dir='ltr'><strong>quod</strong></span> <span class='ocrx_word' id='word_1_251' title='bbox 1221 2049 1316 2103; x_wconf 88' lang='lat' dir='ltr'><strong>per</strong></span> <span class='ocrx_word' id='word_1_252' title='bbox 1360 2048 1419 2087; x_wconf 92' lang='lat' dir='ltr'><strong>sc</strong></span> <span class='ocrx_word' id='word_1_253' title='bbox 1450 2032 1666 2086; x_wconf 77' lang='lat' dir='ltr'><strong>diliicilc</strong></span> <span class='ocrx_word' id='word_1_254' title='bbox 1698 2043 1751 2085; x_wconf 88' lang='lat' dir='ltr'><strong>et</strong></span> <span class='ocrx_word' id='word_1_255' title='bbox 1797 2029 2025 2100; x_wconf 88' lang='lat' dir='ltr'><strong>impedi-</strong></span> 
     </span>
    </p>
   </div>
   <div class='ocr_carea' id='block_1_38' title="bbox 443 2124 2023 2199">
    <p class='ocr_par' dir='ltr' id='par_1_38' title="bbox 443 2124 2023 2199">
     <span class='ocr_line' id='line_1_38' title="bbox 443 2124 2023 2199; baseline -0.006 -13"><span class='ocrx_word' id='word_1_256' title='bbox 443 2146 554 2186; x_wconf 87' lang='lat' dir='ltr'><strong>tum</strong></span> <span class='ocrx_word' id='word_1_257' title='bbox 586 2139 689 2190; x_wconf 85' lang='lat' dir='ltr'><strong>est.</strong></span> <span class='ocrx_word' id='word_1_258' title='bbox 723 2132 1012 2185; x_wconf 71' lang='lat' dir='ltr'><strong>ammnitas</strong></span> <span class='ocrx_word' id='word_1_259' title='bbox 1043 2137 1236 2184; x_wconf 84' lang='lat' dir='ltr'><strong>cantus</strong></span> <span class='ocrx_word' id='word_1_260' title='bbox 1267 2137 1482 2199; x_wconf 86' lang='lat' dir='ltr'><strong>gratum</strong></span> <span class='ocrx_word' id='word_1_261' title='bbox 1517 2126 1697 2181; x_wconf 81' lang='lat' dir='ltr'><strong>ellieit.</strong></span> <span class='ocrx_word' id='word_1_262' title='bbox 1732 2124 1854 2179; x_wconf 81' lang='lat' dir='ltr'><strong>Ideo</strong></span> <span class='ocrx_word' id='word_1_263' title='bbox 1881 2125 2023 2179; x_wconf 92' lang='lat' dir='ltr'><strong>enim</strong></span> 
     </span>
    </p>
   </div>
   <div class='ocr_carea' id='block_1_39' title="bbox 441 2218 2027 2294">
    <p class='ocr_par' dir='ltr' id='par_1_39' title="bbox 441 2218 2027 2294">
     <span class='ocr_line' id='line_1_39' title="bbox 441 2218 2027 2294; baseline -0.007 -14"><span class='ocrx_word' id='word_1_264' title='bbox 441 2223 657 2280; x_wconf 86' lang='lat' dir='ltr'><strong>numeri</strong></span> <span class='ocrx_word' id='word_1_265' title='bbox 696 2223 1024 2294; x_wconf 79' lang='lat' dir='ltr'><strong>hymnorum</strong></span> <span class='ocrx_word' id='word_1_266' title='bbox 1056 2221 1262 2276; x_wconf 77' lang='lat' dir='ltr'><strong>inventi</strong></span> <span class='ocrx_word' id='word_1_267' title='bbox 1304 2227 1454 2286; x_wconf 88' lang='lat' dir='ltr'><strong>sunt,</strong></span> <span class='ocrx_word' id='word_1_268' title='bbox 1490 2227 1550 2272; x_wconf 92' lang='lat' dir='ltr'><strong>ut</strong></span> <span class='ocrx_word' id='word_1_269' title='bbox 1591 2218 1685 2289; x_wconf 87' lang='lat' dir='ltr'><strong>qui</strong></span> <span class='ocrx_word' id='word_1_270' title='bbox 1721 2218 1869 2288; x_wconf 88' lang='lat' dir='ltr'><strong>pueri</strong></span> <span class='ocrx_word' id='word_1_271' title='bbox 1898 2228 2027 2270; x_wconf 88' lang='lat' dir='ltr'><strong>sunt</strong></span> 
     </span>
    </p>
   </div>
   <div class='ocr_carea' id='block_1_40' title="bbox 440 2309 2023 2382">
    <p class='ocr_par' dir='ltr' id='par_1_40' title="bbox 440 2309 2023 2382">
     <span class='ocr_line' id='line_1_40' title="bbox 440 2309 2023 2382; baseline -0.008 -9"><span class='ocrx_word' id='word_1_272' title='bbox 440 2326 620 2382; x_wconf 59' lang='lat' dir='ltr'><strong>altato,</strong></span> <span class='ocrx_word' id='word_1_273' title='bbox 651 2325 744 2371; x_wconf 91' lang='lat' dir='ltr'><strong>aut</strong></span> <span class='ocrx_word' id='word_1_274' title='bbox 773 2315 1000 2369; x_wconf 91' lang='lat' dir='ltr'><strong>omnino</strong></span> <span class='ocrx_word' id='word_1_275' title='bbox 1034 2313 1304 2377; x_wconf 88' lang='lat' dir='ltr'><strong>rudiores,</strong></span> <span class='ocrx_word' id='word_1_276' title='bbox 1339 2312 1404 2366; x_wconf 90' lang='lat' dir='ltr'><strong>ad</strong></span> <span class='ocrx_word' id='word_1_277' title='bbox 1440 2310 1688 2366; x_wconf 88' lang='lat' dir='ltr'><strong>habitum</strong></span> <span class='ocrx_word' id='word_1_278' title='bbox 1723 2309 1938 2363; x_wconf 77' lang='lat' dir='ltr'><strong>virtutis</strong></span> <span class='ocrx_word' id='word_1_279' title='bbox 1970 2309 2023 2362; x_wconf 92' lang='lat' dir='ltr'><strong>in</strong></span> 
     </span>
    </p>
   </div>
   <div class='ocr_carea' id='block_1_41' title="bbox 444 2400 2025 2482">
    <p class='ocr_par' dir='ltr' id='par_1_41' title="bbox 444 2400 2025 2482">
     <span class='ocr_line' id='line_1_41' title="bbox 444 2400 2025 2482; baseline -0.009 -14"><span class='ocrx_word' id='word_1_280' title='bbox 444 2411 682 2482; x_wconf 86' lang='lat' dir='ltr'><strong>speciem</strong></span> <span class='ocrx_word' id='word_1_281' title='bbox 735 2407 956 2478; x_wconf 88' lang='lat' dir='ltr'><strong>quidem</strong></span> <span class='ocrx_word' id='word_1_282' title='bbox 1015 2416 1251 2467; x_wconf 87' lang='lat' dir='ltr'><strong>canant,</strong></span> <span class='ocrx_word' id='word_1_283' title='bbox 1313 2417 1500 2458; x_wconf 85' lang='lat' dir='ltr'><strong>revera</strong></span> <span class='ocrx_word' id='word_1_284' title='bbox 1567 2411 1750 2456; x_wconf 90' lang='lat' dir='ltr'><strong>autem</strong></span> <span class='ocrx_word' id='word_1_285' title='bbox 1809 2400 2025 2454; x_wconf 89' lang='lat' dir='ltr'><strong>animos</strong></span> 
     </span>
    </p>
   </div>
   <div class='ocr_carea' id='block_1_42' title="bbox 442 2494 2029 2573">
    <p class='ocr_par' dir='ltr' id='par_1_42' title="bbox 442 2494 2029 2573">
     <span class='ocr_line' id='line_1_42' title="bbox 442 2494 2029 2573; baseline -0.006 -13"><span class='ocrx_word' id='word_1_286' title='bbox 442 2505 719 2562; x_wconf 86' lang='lat' dir='ltr'><strong>erudiant.</strong></span> <span class='ocrx_word' id='word_1_287' title='bbox 767 2503 812 2558; x_wconf 91' lang='grc'>0</span> <span class='ocrx_word' id='word_1_288' title='bbox 862 2501 1083 2573; x_wconf 82' lang='lat' dir='ltr'><strong>sapiens</strong></span> <span class='ocrx_word' id='word_1_289' title='bbox 1141 2500 1422 2554; x_wconf 91' lang='lat' dir='ltr'><strong>inventum</strong></span> <span class='ocrx_word' id='word_1_290' title='bbox 1470 2496 1737 2568; x_wconf 77' lang='lat' dir='ltr'><strong>magistri,</strong></span> <span class='ocrx_word' id='word_1_291' title='bbox 1780 2494 1874 2566; x_wconf 88' lang='lat' dir='ltr'><strong>qui</strong></span> <span class='ocrx_word' id='word_1_292' title='bbox 1924 2495 2029 2550; x_wconf 91' lang='lat' dir='ltr'><strong>hoc</strong></span> 
     </span>
    </p>
   </div>
   <div class='ocr_carea' id='block_1_43' title="bbox 445 2587 2028 2660">
    <p class='ocr_par' dir='ltr' id='par_1_43' title="bbox 445 2587 2028 2660">
     <span class='ocr_line' id='line_1_43' title="bbox 445 2587 2028 2660; baseline -0.006 -8"><span class='ocrx_word' id='word_1_293' title='bbox 445 2597 691 2660; x_wconf 88' lang='lat' dir='ltr'><strong>molitur,</strong></span> <span class='ocrx_word' id='word_1_294' title='bbox 724 2604 782 2648; x_wconf 89' lang='lat' dir='ltr'><strong>ut</strong></span> <span class='ocrx_word' id='word_1_295' title='bbox 811 2593 998 2648; x_wconf 88' lang='lat' dir='ltr'><strong>eadem</strong></span> <span class='ocrx_word' id='word_1_296' title='bbox 1055 2607 1218 2660; x_wconf 85' lang='lat' dir='ltr'><strong>opera</strong></span> <span class='ocrx_word' id='word_1_297' title='bbox 1255 2599 1309 2644; x_wconf 89' lang='lat' dir='ltr'><strong>et</strong></span> <span class='ocrx_word' id='word_1_298' title='bbox 1360 2603 1626 2644; x_wconf 87' lang='lat' dir='ltr'><strong>canamus</strong></span> <span class='ocrx_word' id='word_1_299' title='bbox 1661 2597 1714 2642; x_wconf 91' lang='lat' dir='ltr'><strong>ct</strong></span> <span class='ocrx_word' id='word_1_300' title='bbox 1749 2587 2028 2642; x_wconf 87' lang='lat' dir='ltr'><strong>discamus</strong></span> 
     </span>
    </p>
   </div>
   <div class='ocr_carea' id='block_1_44' title="bbox 445 2678 2027 2756">
    <p class='ocr_par' dir='ltr' id='par_1_44' title="bbox 445 2678 2027 2756">
     <span class='ocr_line' id='line_1_44' title="bbox 445 2678 2027 2756; baseline -0.009 -10"><span class='ocrx_word' id='word_1_301' title='bbox 445 2692 623 2746; x_wconf 88' lang='lat' dir='ltr'><strong>utilia.</strong></span> <span class='ocrx_word' id='word_1_302' title='bbox 645 2690 761 2756; x_wconf 84' lang='lat' dir='ltr'><strong>Qua</strong></span> <span class='ocrx_word' id='word_1_303' title='bbox 819 2688 1032 2743; x_wconf 85' lang='lat' dir='ltr'><strong>ratione</strong></span> <span class='ocrx_word' id='word_1_304' title='bbox 1065 2696 1216 2740; x_wconf 88' lang='lat' dir='ltr'><strong>tanto</strong></span> <span class='ocrx_word' id='word_1_305' title='bbox 1248 2683 1458 2739; x_wconf 82' lang='lat' dir='ltr'><strong>ﬁrmius</strong></span> <span class='ocrx_word' id='word_1_306' title='bbox 1486 2681 1670 2736; x_wconf 89' lang='lat' dir='ltr'><strong>animo</strong></span> <span class='ocrx_word' id='word_1_307' title='bbox 1702 2695 1888 2736; x_wconf 76' lang='lat' dir='ltr'><strong>nosm)</strong></span> <span class='ocrx_word' id='word_1_308' title='bbox 1920 2678 2027 2732; x_wconf 91' lang='lat' dir='ltr'><strong>im-</strong></span> 
     </span>
    </p>
   </div>
   <div class='ocr_carea' id='block_1_45' title="bbox 446 2772 2025 2853">
    <p class='ocr_par' dir='ltr' id='par_1_45' title="bbox 446 2772 2025 2853">
     <span class='ocr_line' id='line_1_45' title="bbox 446 2772 2025 2853; baseline -0.009 -16"><span class='ocrx_word' id='word_1_309' title='bbox 446 2783 701 2853; x_wconf 89' lang='lat' dir='ltr'><strong>primitur</strong></span> <span class='ocrx_word' id='word_1_310' title='bbox 749 2781 1020 2835; x_wconf 85' lang='lat' dir='ltr'><strong>doctrina.</strong></span> <span class='ocrx_word' id='word_1_311' title='bbox 1070 2775 1323 2832; x_wconf 79' lang='lat' dir='ltr'><strong>Violenta</strong></span> <span class='ocrx_word' id='word_1_312' title='bbox 1379 2775 1524 2829; x_wconf 83' lang='lat' dir='ltr'><strong>enim</strong></span> <span class='ocrx_word' id='word_1_313' title='bbox 1573 2772 1860 2843; x_wconf 86' lang='lat' dir='ltr'><strong>disciplina</strong></span> <span class='ocrx_word' id='word_1_314' title='bbox 1919 2784 2025 2823; x_wconf 92' lang='lat' dir='ltr'><strong>non</strong></span> 
     </span>
    </p>
   </div>
   <div class='ocr_carea' id='block_1_46' title="bbox 447 2859 2028 2944">
    <p class='ocr_par' dir='ltr' id='par_1_46' title="bbox 447 2859 2028 2944">
     <span class='ocr_line' id='line_1_46' title="bbox 447 2859 2028 2944; baseline -0.011 -15"><span class='ocrx_word' id='word_1_315' title='bbox 447 2884 628 2944; x_wconf 85' lang='lat' dir='ltr'><strong>potest</strong></span> <span class='ocrx_word' id='word_1_316' title='bbox 657 2885 780 2927; x_wconf 86' lang='lat' dir='ltr'><strong>esse</strong></span> <span class='ocrx_word' id='word_1_317' title='bbox 807 2870 1084 2924; x_wconf 86' lang='lat' dir='ltr'><strong>diuturna.</strong></span> <span class='ocrx_word' id='word_1_318' title='bbox 1119 2866 1274 2933; x_wconf 88' lang='lat' dir='ltr'><strong>Quod</strong></span> <span class='ocrx_word' id='word_1_319' title='bbox 1304 2875 1486 2920; x_wconf 87' lang='lat' dir='ltr'><strong>autem</strong></span> <span class='ocrx_word' id='word_1_320' title='bbox 1512 2879 1636 2918; x_wconf 90' lang='lat' dir='ltr'><strong>eum</strong></span> <span class='ocrx_word' id='word_1_321' title='bbox 1669 2859 2028 2916; x_wconf 87' lang='lat' dir='ltr'><strong>delectatione</strong></span> 
     </span>
    </p>
   </div>
   <div class='ocr_carea' id='block_1_47' title="bbox 447 2951 2027 3038">
    <p class='ocr_par' dir='ltr' id='par_1_47' title="bbox 447 2951 2027 3038">
     <span class='ocr_line' id='line_1_47' title="bbox 447 2951 2027 3038; baseline -0.01 -17"><span class='ocrx_word' id='word_1_322' title='bbox 447 2966 682 3038; x_wconf 87' lang='lat' dir='ltr'><strong>quadam</strong></span> <span class='ocrx_word' id='word_1_323' title='bbox 706 2963 938 3032; x_wconf 85' lang='lat' dir='ltr'><strong>obrepit,</strong></span> <span class='ocrx_word' id='word_1_324' title='bbox 962 2959 1304 3017; x_wconf 87' lang='lat' dir='ltr'><strong>constantius</strong></span> <span class='ocrx_word' id='word_1_325' title='bbox 1363 2959 1550 3012; x_wconf 88' lang='lat' dir='ltr'><strong>animo</strong></span> <span class='ocrx_word' id='word_1_326' title='bbox 1575 2955 1822 3010; x_wconf 72' lang='lat' dir='ltr'><strong>inita-ret.</strong></span> <span class='ocrx_word' id='word_1_327' title='bbox 1849 2951 2027 3008; x_wconf 87' lang='lat' dir='ltr'><strong>Causa</strong></span> 
     </span>
    </p>
   </div>
   <div class='ocr_carea' id='block_1_48' title="bbox 448 3046 2029 3129">
    <p class='ocr_par' dir='ltr' id='par_1_48' title="bbox 448 3046 2029 3129">
     <span class='ocr_line' id='line_1_48' title="bbox 448 3046 2029 3129; baseline -0.01 -15"><span class='ocrx_word' id='word_1_328' title='bbox 448 3059 616 3129; x_wconf 81' lang='lat' dir='ltr'><strong>igitur</strong></span> <span class='ocrx_word' id='word_1_329' title='bbox 647 3056 824 3126; x_wconf 88' lang='lat' dir='ltr'><strong>prima</strong></span> <span class='ocrx_word' id='word_1_330' title='bbox 853 3062 907 3109; x_wconf 88' lang='lat' dir='ltr'><strong>et</strong></span> <span class='ocrx_word' id='word_1_331' title='bbox 939 3052 1095 3123; x_wconf 86' lang='lat' dir='ltr'><strong>quasi</strong></span> <span class='ocrx_word' id='word_1_332' title='bbox 1149 3051 1328 3116; x_wconf 81' lang='lat' dir='ltr'><strong>obvia,</strong></span> <span class='ocrx_word' id='word_1_333' title='bbox 1362 3063 1530 3120; x_wconf 86' lang='lat' dir='ltr'><strong>quare</strong></span> <span class='ocrx_word' id='word_1_334' title='bbox 1579 3063 1702 3103; x_wconf 92' lang='lat' dir='ltr'><strong>cum</strong></span> <span class='ocrx_word' id='word_1_335' title='bbox 1753 3046 2029 3114; x_wconf 62' lang='lat' dir='ltr'><strong>voluptate</strong></span> 
     </span>
    </p>
   </div>
   <div class='ocr_carea' id='block_1_49' title="bbox 2129 1945 3708 2019">
    <p class='ocr_par' dir='ltr' id='par_1_49' title="bbox 2129 1945 3708 2019">
     <span class='ocr_line' id='line_1_49' title="bbox 2129 1945 3708 2019; baseline 0 -23"><span class='ocrx_word' id='word_1_336' title='bbox 2129 1945 2373 2014; x_wconf 73' lang='grc' dir='ltr'>ἐποίησε.</span> <span class='ocrx_word' id='word_1_337' title='bbox 2421 1947 2520 2001; x_wconf 77' lang='grc' dir='ltr'>Διά</span> <span class='ocrx_word' id='word_1_338' title='bbox 2563 1947 2723 2000; x_wconf 81' lang='grc' dir='ltr'>τοῦτο</span> <span class='ocrx_word' id='word_1_339' title='bbox 2773 1948 2840 2001; x_wconf 78' lang='grc' dir='ltr'><strong>τά</strong></span> <span class='ocrx_word' id='word_1_340' title='bbox 2874 1946 3170 2019; x_wconf 77' lang='grc' dir='ltr'>ὲναρμὸνια</span> <span class='ocrx_word' id='word_1_341' title='bbox 3216 1947 3387 2000; x_wconf 74' lang='grc' dir='ltr'>ταῦτα</span> <span class='ocrx_word' id='word_1_342' title='bbox 3429 1945 3566 2016; x_wconf 88' lang='grc' dir='ltr'>μέλη</span> <span class='ocrx_word' id='word_1_343' title='bbox 3602 1945 3708 1998; x_wconf 92' lang='grc' dir='ltr'><strong>τῶν</strong></span> 
     </span>
    </p>
   </div>
   <div class='ocr_carea' id='block_1_50' title="bbox 2126 2036 3710 2112">
    <p class='ocr_par' dir='ltr' id='par_1_50' title="bbox 2126 2036 3710 2112">
     <span class='ocr_line' id='line_1_50' title="bbox 2126 2036 3710 2112; baseline 0.001 -21"><span class='ocrx_word' id='word_1_344' title='bbox 2126 2036 2356 2110; x_wconf 75' lang='grc' dir='ltr'>ψαλμῶν</span> <span class='ocrx_word' id='word_1_345' title='bbox 2384 2039 2858 2110; x_wconf 75' lang='grc' dir='ltr'>ἐπινενόηταιοῖνα</span> <span class='ocrx_word' id='word_1_346' title='bbox 2886 2043 2933 2094; x_wconf 78' lang='grc' dir='ltr'><strong>οἱ</strong></span> <span class='ocrx_word' id='word_1_347' title='bbox 2958 2041 3144 2104; x_wconf 88' lang='grc' dir='ltr'>παῖδες</span> <span class='ocrx_word' id='word_1_348' title='bbox 3170 2041 3266 2112; x_wconf 79' lang='grc' dir='ltr'>τὴν</span> <span class='ocrx_word' id='word_1_349' title='bbox 3289 2040 3524 2111; x_wconf 82' lang='grc' dir='ltr'>ἡλικίαν,</span> <span class='ocrx_word' id='word_1_350' title='bbox 3553 2039 3589 2110; x_wconf 82' lang='grc' dir='ltr'><strong>ἢ</strong></span> <span class='ocrx_word' id='word_1_351' title='bbox 3617 2038 3710 2092; x_wconf 72' lang='grc' dir='ltr'>καὶ</span> 
     </span>
    </p>
   </div>
   <div class='ocr_carea' id='block_1_51' title="bbox 2127 2128 3706 2204">
    <p class='ocr_par' dir='ltr' id='par_1_51' title="bbox 2127 2128 3706 2204">
     <span class='ocr_line' id='line_1_51' title="bbox 2127 2128 3706 2204; baseline -0.001 -21"><span class='ocrx_word' id='word_1_352' title='bbox 2127 2129 2265 2194; x_wconf 82' lang='grc' dir='ltr'>ὅλως</span> <span class='ocrx_word' id='word_1_353' title='bbox 2305 2133 2353 2184; x_wconf 90' lang='grc' dir='ltr'><strong>οἱ</strong></span> <span class='ocrx_word' id='word_1_354' title='bbox 2397 2135 2582 2202; x_wconf 75' lang='grc' dir='ltr'>νεαροὶ</span> <span class='ocrx_word' id='word_1_355' title='bbox 2622 2133 2684 2186; x_wconf 74' lang='grc' dir='ltr'>τὸ</span> <span class='ocrx_word' id='word_1_356' title='bbox 2731 2128 2884 2203; x_wconf 80' lang='grc' dir='ltr'>ἦθος,</span> <span class='ocrx_word' id='word_1_357' title='bbox 2913 2133 2992 2204; x_wconf 78' lang='grc' dir='ltr'>τῷ</span> <span class='ocrx_word' id='word_1_358' title='bbox 3019 2134 3116 2202; x_wconf 81' lang='grc' dir='ltr'>μὲν</span> <span class='ocrx_word' id='word_1_359' title='bbox 3148 2133 3344 2197; x_wconf 84' lang='grc' dir='ltr'>δοκεῖν,</span> <span class='ocrx_word' id='word_1_360' title='bbox 3383 2131 3706 2202; x_wconf 83' lang='grc' dir='ltr'>μελῳδῶσι,</span> 
     </span>
    </p>
   </div>
   <div class='ocr_carea' id='block_1_52' title="bbox 2126 2222 3712 2296">
    <p class='ocr_par' dir='ltr' id='par_1_52' title="bbox 2126 2222 3712 2296">
     <span class='ocr_line' id='line_1_52' title="bbox 2126 2222 3712 2296; baseline 0.008 -22"><span class='ocrx_word' id='word_1_361' title='bbox 2126 2224 2194 2293; x_wconf 77' lang='grc' dir='ltr'>τῇ</span> <span class='ocrx_word' id='word_1_362' title='bbox 2224 2222 2453 2295; x_wconf 81' lang='grc' dir='ltr'><strong>ἀληθείᾳ</strong></span> <span class='ocrx_word' id='word_1_363' title='bbox 2478 2224 2534 2276; x_wconf 85' lang='grc' dir='ltr'>δὲ</span> <span class='ocrx_word' id='word_1_364' title='bbox 2563 2225 2660 2289; x_wconf 81' lang='grc' dir='ltr'><strong>τὰς</strong></span> <span class='ocrx_word' id='word_1_365' title='bbox 2690 2225 2866 2296; x_wconf 73' lang='grc' dir='ltr'>ψυχάς</span> <span class='ocrx_word' id='word_1_366' title='bbox 2894 2226 3278 2280; x_wconf 84' lang='grc' dir='ltr'>παιδεύωνται.</span> <span class='ocrx_word' id='word_1_367' title='bbox 3318 2225 3382 2278; x_wconf 82' lang='grc' dir='ltr'>Ὢ</span> <span class='ocrx_word' id='word_1_368' title='bbox 3410 2225 3508 2293; x_wconf 75' lang='grc' dir='ltr'>τῆς</span> <span class='ocrx_word' id='word_1_369' title='bbox 3536 2225 3712 2294; x_wconf 74' lang='grc' dir='ltr'>σοφῆς</span> 
     </span>
    </p>
   </div>
   <div class='ocr_carea' id='block_1_53' title="bbox 2128 2315 3709 2387">
    <p class='ocr_par' dir='ltr' id='par_1_53' title="bbox 2128 2315 3709 2387">
     <span class='ocr_line' id='line_1_53' title="bbox 2128 2315 3709 2387; baseline 0.002 -21"><span class='ocrx_word' id='word_1_370' title='bbox 2128 2315 2372 2378; x_wconf 75' lang='grc' dir='ltr'>ἐπινοίας</span> <span class='ocrx_word' id='word_1_371' title='bbox 2400 2315 2495 2368; x_wconf 80' lang='grc' dir='ltr'>τοῦ</span> <span class='ocrx_word' id='word_1_372' title='bbox 2523 2317 2867 2382; x_wconf 83' lang='grc' dir='ltr'>διδασκάλου,</span> <span class='ocrx_word' id='word_1_373' title='bbox 2898 2316 3033 2386; x_wconf 82' lang='grc' dir='ltr'><strong>ὁμοῦ</strong></span> <span class='ocrx_word' id='word_1_374' title='bbox 3060 2334 3120 2370; x_wconf 89' lang='grc' dir='ltr'>τε</span> <span class='ocrx_word' id='word_1_375' title='bbox 3155 2317 3300 2387; x_wconf 74' lang='grc' dir='ltr'>ᾅδειν</span> <span class='ocrx_word' id='word_1_376' title='bbox 3329 2319 3496 2387; x_wconf 76' lang='grc' dir='ltr'>ἡμᾶς,</span> <span class='ocrx_word' id='word_1_377' title='bbox 3525 2316 3621 2368; x_wconf 76' lang='grc' dir='ltr'>καὶ</span> <span class='ocrx_word' id='word_1_378' title='bbox 3642 2317 3709 2369; x_wconf 62' lang='grc' dir='ltr'>τὶ</span> 
     </span>
    </p>
   </div>
   <div class='ocr_carea' id='block_1_54' title="bbox 2128 2405 3709 2481">
    <p class='ocr_par' dir='ltr' id='par_1_54' title="bbox 2128 2405 3709 2481">
     <span class='ocr_line' id='line_1_54' title="bbox 2128 2405 3709 2481; baseline 0.002 -22"><span class='ocrx_word' id='word_1_379' title='bbox 2128 2405 2380 2479; x_wconf 90' lang='grc' dir='ltr'>λυσιτελῆ</span> <span class='ocrx_word' id='word_1_380' title='bbox 2418 2409 2710 2478; x_wconf 77' lang='grc' dir='ltr'>μανθάνειν</span> <span class='ocrx_word' id='word_1_381' title='bbox 2741 2410 3133 2481; x_wconf 84' lang='grc' dir='ltr'>μηχανωμένου</span> <span class='ocrx_word' id='word_1_382' title='bbox 3157 2410 3170 2462; x_wconf 83' lang='grc' dir='ltr'><strong>ι</strong></span> <span class='ocrx_word' id='word_1_383' title='bbox 3191 2409 3354 2463; x_wconf 88' lang='grc' dir='ltr'>Ὅθεν</span> <span class='ocrx_word' id='word_1_384' title='bbox 3380 2410 3474 2462; x_wconf 76' lang='grc' dir='ltr'>καὶ</span> <span class='ocrx_word' id='word_1_385' title='bbox 3507 2407 3709 2478; x_wconf 77' lang='grc' dir='ltr'>μᾶλλον</span> 
     </span>
    </p>
   </div>
   <div class='ocr_carea' id='block_1_55' title="bbox 2128 2497 3705 2569">
    <p class='ocr_par' dir='ltr' id='par_1_55' title="bbox 2128 2497 3705 2569">
     <span class='ocr_line' id='line_1_55' title="bbox 2128 2497 3705 2569; baseline 0.001 -20"><span class='ocrx_word' id='word_1_386' title='bbox 2128 2497 2459 2551; x_wconf 79' lang='grc' dir='ltr'>ὲντυποῦται</span> <span class='ocrx_word' id='word_1_387' title='bbox 2510 2500 2630 2561; x_wconf 84' lang='grc' dir='ltr'>ταῖς</span> <span class='ocrx_word' id='word_1_388' title='bbox 2665 2498 2865 2568; x_wconf 73' lang='grc' dir='ltr'>ψυχαῖς</span> <span class='ocrx_word' id='word_1_389' title='bbox 2906 2499 2976 2552; x_wconf 82' lang='grc' dir='ltr'><strong>τά</strong></span> <span class='ocrx_word' id='word_1_390' title='bbox 3009 2499 3348 2569; x_wconf 74' lang='grc' dir='ltr'>διδάγματα·</span> <span class='ocrx_word' id='word_1_391' title='bbox 3387 2498 3561 2569; x_wconf 81' lang='grc' dir='ltr'>βίαιον</span> <span class='ocrx_word' id='word_1_392' title='bbox 3597 2500 3705 2568; x_wconf 80' lang='grc' dir='ltr'>γὰρ</span> 
     </span>
    </p>
   </div>
   <div class='ocr_carea' id='block_1_56' title="bbox 2131 2588 3710 2661">
    <p class='ocr_par' dir='ltr' id='par_1_56' title="bbox 2131 2588 3710 2661">
     <span class='ocr_line' id='line_1_56' title="bbox 2131 2588 3710 2661; baseline 0 -20"><span class='ocrx_word' id='word_1_393' title='bbox 2131 2588 2364 2660; x_wconf 81' lang='grc' dir='ltr'>μάθημα</span> <span class='ocrx_word' id='word_1_394' title='bbox 2391 2590 2450 2642; x_wconf 85' lang='grc' dir='ltr'>οὐ</span> <span class='ocrx_word' id='word_1_395' title='bbox 2484 2589 2694 2658; x_wconf 87' lang='grc' dir='ltr'>πέφυκε</span> <span class='ocrx_word' id='word_1_396' title='bbox 2729 2591 3066 2661; x_wconf 82' lang='grc' dir='ltr'>παραμένειν</span> <span class='ocrx_word' id='word_1_397' title='bbox 3085 2608 3100 2622; x_wconf 79' lang='grc' dir='ltr'><strong>ο</strong></span> <span class='ocrx_word' id='word_1_398' title='bbox 3132 2590 3192 2644; x_wconf 86' lang='grc' dir='ltr'>τὸ</span> <span class='ocrx_word' id='word_1_399' title='bbox 3215 2590 3272 2644; x_wconf 81' lang='grc' dir='ltr'>δὲ</span> <span class='ocrx_word' id='word_1_400' title='bbox 3301 2590 3440 2661; x_wconf 88' lang='grc' dir='ltr'><strong>μετά</strong></span> <span class='ocrx_word' id='word_1_401' title='bbox 3464 2589 3710 2659; x_wconf 75' lang='grc' dir='ltr'><strong>τέρψεως</strong></span> 
     </span>
    </p>
   </div>
   <div class='ocr_carea' id='block_1_57' title="bbox 2129 2678 3709 2752">
    <p class='ocr_par' dir='ltr' id='par_1_57' title="bbox 2129 2678 3709 2752">
     <span class='ocr_line' id='line_1_57' title="bbox 2129 2678 3709 2752; baseline -0.001 -21"><span class='ocrx_word' id='word_1_402' title='bbox 2129 2678 2223 2731; x_wconf 71' lang='grc' dir='ltr'>καὶ</span> <span class='ocrx_word' id='word_1_403' title='bbox 2251 2678 2472 2749; x_wconf 88' lang='grc' dir='ltr'>χάριτος</span> <span class='ocrx_word' id='word_1_404' title='bbox 2513 2678 2856 2748; x_wconf 84' lang='grc' dir='ltr'>είσδυόμενον</span> <span class='ocrx_word' id='word_1_405' title='bbox 2900 2678 3273 2752; x_wconf 84' lang='grc' dir='ltr'>μονιμώτερόν</span> <span class='ocrx_word' id='word_1_406' title='bbox 3306 2695 3424 2743; x_wconf 86' lang='grc' dir='ltr'><strong>πως</strong></span> <span class='ocrx_word' id='word_1_407' title='bbox 3457 2682 3579 2742; x_wconf 84' lang='grc' dir='ltr'>ταῖς</span> <span class='ocrx_word' id='word_1_408' title='bbox 3608 2678 3709 2748; x_wconf 67' lang='grc' dir='ltr'>ψυ-</span> 
     </span>
    </p>
   </div>
   <div class='ocr_carea' id='block_1_58' title="bbox 2129 2769 3708 2841">
    <p class='ocr_par' dir='ltr' id='par_1_58' title="bbox 2129 2769 3708 2841">
     <span class='ocr_line' id='line_1_58' title="bbox 2129 2769 3708 2841; baseline 0.001 -21"><span class='ocrx_word' id='word_1_409' title='bbox 2129 2771 2252 2839; x_wconf 82' lang='grc' dir='ltr'>χαῖς</span> <span class='ocrx_word' id='word_1_410' title='bbox 2298 2770 2454 2838; x_wconf 76' lang='grc' dir='ltr'>ἡμῶν</span> <span class='ocrx_word' id='word_1_411' title='bbox 2516 2769 2796 2827; x_wconf 73' lang='grc' dir='ltr'>ἐνιζάνει·.</span> <span class='ocrx_word' id='word_1_412' title='bbox 2851 2771 2887 2840; x_wconf 72' lang='grc' dir='ltr'><strong>ἡ</strong></span> <span class='ocrx_word' id='word_1_413' title='bbox 2941 2771 3039 2841; x_wconf 84' lang='grc' dir='ltr'>μὲν</span> <span class='ocrx_word' id='word_1_414' title='bbox 3073 2769 3167 2824; x_wconf 79' lang='grc' dir='ltr'><strong>οὖν</strong></span> <span class='ocrx_word' id='word_1_415' title='bbox 3215 2769 3504 2841; x_wconf 77' lang='grc' dir='ltr'>πρόχειρος</span> <span class='ocrx_word' id='word_1_416' title='bbox 3535 2769 3708 2836; x_wconf 75' lang='grc' dir='ltr'>αἰτία,</span> 
     </span>
    </p>
   </div>
   <div class='ocr_carea' id='block_1_59' title="bbox 2130 2862 3709 2936">
    <p class='ocr_par' dir='ltr' id='par_1_59' title="bbox 2130 2862 3709 2936">
     <span class='ocr_line' id='line_1_59' title="bbox 2130 2862 3709 2936; baseline 0.002 -20"><span class='ocrx_word' id='word_1_417' title='bbox 2130 2862 2252 2916; x_wconf 80' lang='grc' dir='ltr'>καθ’</span> <span class='ocrx_word' id='word_1_418' title='bbox 2293 2863 2359 2934; x_wconf 82' lang='grc' dir='ltr'>ἢν</span> <span class='ocrx_word' id='word_1_419' title='bbox 2407 2865 2465 2916; x_wconf 81' lang='grc' dir='ltr'>ἐν</span> <span class='ocrx_word' id='word_1_420' title='bbox 2497 2864 2656 2935; x_wconf 74' lang='grc' dir='ltr'>ἡδονῇ</span> <span class='ocrx_word' id='word_1_421' title='bbox 2689 2864 2786 2936; x_wconf 79' lang='grc' dir='ltr'>τὴν</span> <span class='ocrx_word' id='word_1_422' title='bbox 2817 2867 2874 2919; x_wconf 76' lang='grc' dir='ltr'>ἐν</span> <span class='ocrx_word' id='word_1_423' title='bbox 2903 2869 3014 2930; x_wconf 82' lang='grc' dir='ltr'>τοῖς</span> <span class='ocrx_word' id='word_1_424' title='bbox 3047 2865 3283 2936; x_wconf 75' lang='grc' dir='ltr'>ψαλμοῖς</span> <span class='ocrx_word' id='word_1_425' title='bbox 3331 2866 3565 2936; x_wconf 84' lang='grc' dir='ltr'>μελέτην</span> <span class='ocrx_word' id='word_1_426' title='bbox 3597 2883 3709 2919; x_wconf 73' lang='grc' dir='ltr'><strong>ποι⁸</strong></span> 
     </span>
    </p>
   </div>
   <div class='ocr_carea' id='block_1_60' title="bbox 2127 2954 3712 3030">
    <p class='ocr_par' dir='ltr' id='par_1_60' title="bbox 2127 2954 3712 3030">
     <span class='ocr_line' id='line_1_60' title="bbox 2127 2954 3712 3030; baseline 0.003 -24"><span class='ocrx_word' id='word_1_427' title='bbox 2127 2954 2359 3024; x_wconf 82' lang='grc' dir='ltr'>ούμεθα,</span> <span class='ocrx_word' id='word_1_428' title='bbox 2394 2954 2535 3026; x_wconf 81' lang='grc' dir='ltr'>αὕτη</span> <span class='ocrx_word' id='word_1_429' title='bbox 2568 2957 2713 3022; x_wconf 70' lang='grc' dir='ltr'>ἐστὶ,</span> <span class='ocrx_word' id='word_1_430' title='bbox 2762 2957 2820 3009; x_wconf 82' lang='grc' dir='ltr'>τὸ</span> <span class='ocrx_word' id='word_1_431' title='bbox 2853 2957 3136 3029; x_wconf 82' lang='grc' dir='ltr'>μελῳδεῖν,</span> <span class='ocrx_word' id='word_1_432' title='bbox 3169 2959 3336 3028; x_wconf 76' lang='grc' dir='ltr'>φημὶ,</span> <span class='ocrx_word' id='word_1_433' title='bbox 3371 2957 3439 3011; x_wconf 82' lang='grc' dir='ltr'><strong>τὰ</strong></span> <span class='ocrx_word' id='word_1_434' title='bbox 3467 2958 3712 3030; x_wconf 77' lang='grc' dir='ltr'>ῥήματα.</span> 
     </span>
    </p>
   </div>
   <div class='ocr_carea' id='block_1_61' title="bbox 2133 3047 3715 3121">
    <p class='ocr_par' dir='ltr' id='par_1_61' title="bbox 2133 3047 3715 3121">
     <span class='ocr_line' id='line_1_61' title="bbox 2133 3047 3715 3121; baseline 0.003 -22"><span class='ocrx_word' id='word_1_435' title='bbox 2133 3048 2316 3100; x_wconf 64' lang='lat' dir='ltr'><strong>&quot;Eous</strong></span> <span class='ocrx_word' id='word_1_436' title='bbox 2347 3047 2404 3100; x_wconf 81' lang='grc' dir='ltr'>δὲ</span> <span class='ocrx_word' id='word_1_437' title='bbox 2433 3049 2465 3119; x_wconf 77' lang='grc' dir='ltr'>ἡ</span> <span class='ocrx_word' id='word_1_438' title='bbox 2495 3047 2580 3102; x_wconf 71' lang='grc' dir='ltr'><strong>διὰ</strong></span> <span class='ocrx_word' id='word_1_439' title='bbox 2608 3051 2707 3120; x_wconf 75' lang='grc' dir='ltr'>τῆς</span> <span class='ocrx_word' id='word_1_440' title='bbox 2743 3051 3009 3121; x_wconf 82' lang='grc' dir='ltr'>μελῳδίας</span> <span class='ocrx_word' id='word_1_441' title='bbox 3042 3051 3328 3121; x_wconf 82' lang='grc' dir='ltr'>φιλοσοφία</span> <span class='ocrx_word' id='word_1_442' title='bbox 3385 3054 3477 3105; x_wconf 74' lang='grc' dir='ltr'>καὶ</span> <span class='ocrx_word' id='word_1_443' title='bbox 3520 3051 3715 3121; x_wconf 77' lang='grc' dir='ltr'>μεῖζόν</span> 
     </span>
    </p>
   </div>
   <div class='ocr_carea' id='block_1_62' title="bbox 447 3139 2032 3238">
    <p class='ocr_par' dir='ltr' id='par_1_62' title="bbox 447 3139 2026 3220">
     <span class='ocr_line' id='line_1_62' title="bbox 447 3139 2026 3220; baseline -0.011 -16"><span class='ocrx_word' id='word_1_444' title='bbox 447 3149 689 3220; x_wconf 84' lang='lat' dir='ltr'><strong>psalmos</strong></span> <span class='ocrx_word' id='word_1_445' title='bbox 712 3146 896 3202; x_wconf 91' lang='lat' dir='ltr'><strong>animo</strong></span> <span class='ocrx_word' id='word_1_446' title='bbox 919 3159 1221 3210; x_wconf 86' lang='lat' dir='ltr'><strong>versemus,</strong></span> <span class='ocrx_word' id='word_1_447' title='bbox 1251 3144 1366 3198; x_wconf 72' lang='lat' dir='ltr'><strong>[nec</strong></span> <span class='ocrx_word' id='word_1_448' title='bbox 1395 3152 1498 3206; x_wconf 88' lang='lat' dir='ltr'><strong>est,</strong></span> <span class='ocrx_word' id='word_1_449' title='bbox 1526 3140 1672 3212; x_wconf 87' lang='lat' dir='ltr'><strong>quod</strong></span> <span class='ocrx_word' id='word_1_450' title='bbox 1708 3139 1870 3194; x_wconf 80' lang='lat' dir='ltr'><strong>verba</strong></span> <span class='ocrx_word' id='word_1_451' title='bbox 1904 3152 2026 3191; x_wconf 85' lang='lat' dir='ltr'><strong>mn-</strong></span> 
     </span>
    </p>
   </div>
   <div class='ocr_carea' id='block_1_63' title="bbox 2136 3139 3712 3238">
    <p class='ocr_par' dir='ltr' id='par_1_63' title="bbox 2136 3139 3712 3213">
     <span class='ocr_line' id='line_1_63' title="bbox 2136 3139 3712 3213; baseline 0.003 -22"><span class='ocrx_word' id='word_1_452' title='bbox 2136 3156 2206 3205; x_wconf 86' lang='grc' dir='ltr'>τι,</span> <span class='ocrx_word' id='word_1_453' title='bbox 2255 3139 2290 3211; x_wconf 81' lang='grc' dir='ltr'>ἢ</span> <span class='ocrx_word' id='word_1_454' title='bbox 2332 3141 2474 3194; x_wconf 83' lang='grc' dir='ltr'><strong>κατά</strong></span> <span class='ocrx_word' id='word_1_455' title='bbox 2500 3139 2598 3212; x_wconf 85' lang='grc' dir='ltr'>τὴν</span> <span class='ocrx_word' id='word_1_456' title='bbox 2631 3141 2740 3194; x_wconf 82' lang='grc' dir='ltr'><strong>τῶν</strong></span> <span class='ocrx_word' id='word_1_457' title='bbox 2780 3143 2986 3196; x_wconf 83' lang='grc' dir='ltr'>πολλῶν</span> <span class='ocrx_word' id='word_1_458' title='bbox 3013 3143 3256 3197; x_wconf 75' lang='grc' dir='ltr'>διάνοιαν</span> <span class='ocrx_word' id='word_1_459' title='bbox 3290 3144 3712 3213; x_wconf 74' lang='grc' dir='ltr'>ὑποσημαίνειν.</span> 
     </span>
    </p>
   </div>
   <div class='ocr_carea' id='block_1_64' title="bbox 447 3227 2026 3306">
    <p class='ocr_par' dir='ltr' id='par_1_64' title="bbox 447 3227 2026 3306">
     <span class='ocr_line' id='line_1_64' title="bbox 447 3227 2026 3306; baseline -0.011 -11"><span class='ocrx_word' id='word_1_460' title='bbox 447 3240 725 3295; x_wconf 89' lang='lat' dir='ltr'><strong>dulamur.</strong></span> <span class='ocrx_word' id='word_1_461' title='bbox 756 3236 848 3292; x_wconf 84' lang='lat' dir='ltr'><strong>illa</strong></span> <span class='ocrx_word' id='word_1_462' title='bbox 879 3251 1007 3291; x_wconf 88' lang='lat' dir='ltr'><strong>vero</strong></span> <span class='ocrx_word' id='word_1_463' title='bbox 1034 3234 1152 3306; x_wconf 91' lang='lat' dir='ltr'><strong>ipsa</strong></span> <span class='ocrx_word' id='word_1_464' title='bbox 1187 3231 1530 3302; x_wconf 72' lang='lat' dir='ltr'><strong>philosonliia</strong></span> <span class='ocrx_word' id='word_1_465' title='bbox 1571 3245 1693 3302; x_wconf 68' lang='lat' dir='ltr'><strong>qua:</strong></span> <span class='ocrx_word' id='word_1_466' title='bbox 1742 3227 2026 3283; x_wconf 76' lang='lat' dir='ltr'><strong>harmonia</strong></span> 
     </span>
    </p>
   </div>
   <div class='ocr_carea' id='block_1_65' title="bbox 446 3318 2033 3398">
    <p class='ocr_par' dir='ltr' id='par_1_65' title="bbox 446 3318 2033 3398">
     <span class='ocr_line' id='line_1_65' title="bbox 446 3318 2033 3398; baseline -0.011 -11"><span class='ocrx_word' id='word_1_467' title='bbox 446 3337 687 3394; x_wconf 89' lang='lat' dir='ltr'><strong>constat,</strong></span> <span class='ocrx_word' id='word_1_468' title='bbox 715 3327 892 3398; x_wconf 86' lang='lat' dir='ltr'><strong>majus</strong></span> <span class='ocrx_word' id='word_1_469' title='bbox 911 3327 1041 3397; x_wconf 92' lang='lat' dir='ltr'><strong>quid</strong></span> <span class='ocrx_word' id='word_1_470' title='bbox 1071 3326 1124 3379; x_wconf 91' lang='lat' dir='ltr'><strong>in</strong></span> <span class='ocrx_word' id='word_1_471' title='bbox 1150 3339 1372 3380; x_wconf 90' lang='lat' dir='ltr'><strong>recessu</strong></span> <span class='ocrx_word' id='word_1_472' title='bbox 1403 3322 1562 3377; x_wconf 89' lang='lat' dir='ltr'><strong>habet</strong></span> <span class='ocrx_word' id='word_1_473' title='bbox 1593 3335 1756 3390; x_wconf 86' lang='lat' dir='ltr'><strong>quam</strong></span> <span class='ocrx_word' id='word_1_474' title='bbox 1787 3318 2033 3389; x_wconf 86' lang='lat' dir='ltr'><strong>plerique</strong></span> 
     </span>
    </p>
   </div>
   <div class='ocr_carea' id='block_1_66' title="bbox 448 3412 2031 3488">
    <p class='ocr_par' dir='ltr' id='par_1_66' title="bbox 448 3412 2031 3488">
     <span class='ocr_line' id='line_1_66' title="bbox 448 3412 2031 3488; baseline -0.01 -11"><span class='ocrx_word' id='word_1_475' title='bbox 448 3422 694 3478; x_wconf 86' lang='lat' dir='ltr'><strong>credunt.</strong></span> <span class='ocrx_word' id='word_1_476' title='bbox 729 3419 870 3486; x_wconf 86' lang='lat' dir='ltr'><strong>Quid</strong></span> <span class='ocrx_word' id='word_1_477' title='bbox 891 3435 1021 3488; x_wconf 81' lang='lat' dir='ltr'><strong>ergo</strong></span> <span class='ocrx_word' id='word_1_478' title='bbox 1044 3427 1126 3472; x_wconf 89' lang='lat' dir='ltr'><strong>est</strong></span> <span class='ocrx_word' id='word_1_479' title='bbox 1155 3417 1206 3471; x_wconf 90' lang='lat' dir='ltr'><strong>id</strong></span> <span class='ocrx_word' id='word_1_480' title='bbox 1235 3415 1376 3485; x_wconf 88' lang='lat' dir='ltr'><strong>quod</strong></span> <span class='ocrx_word' id='word_1_481' title='bbox 1407 3413 1562 3470; x_wconf 86' lang='lat' dir='ltr'><strong>dico?</strong></span> <span class='ocrx_word' id='word_1_482' title='bbox 1591 3412 1782 3467; x_wconf 87' lang='lat' dir='ltr'><strong>Audivi</strong></span> <span class='ocrx_word' id='word_1_483' title='bbox 1809 3413 2031 3480; x_wconf 89' lang='lat' dir='ltr'><strong>sapien-</strong></span> 
     </span>
    </p>
   </div>
   <div class='ocr_carea' id='block_1_67' title="bbox 449 3500 2030 3582">
    <p class='ocr_par' dir='ltr' id='par_1_67' title="bbox 449 3500 2030 3582">
     <span class='ocr_line' id='line_1_67' title="bbox 449 3500 2030 3582; baseline -0.009 -15"><span class='ocrx_word' id='word_1_484' title='bbox 449 3523 564 3568; x_wconf 88' lang='lat' dir='ltr'><strong>tum</strong></span> <span class='ocrx_word' id='word_1_485' title='bbox 598 3512 890 3582; x_wconf 87' lang='lat' dir='ltr'><strong>quemdam</strong></span> <span class='ocrx_word' id='word_1_486' title='bbox 928 3517 1135 3564; x_wconf 77' lang='lat' dir='ltr'><strong>naturze</strong></span> <span class='ocrx_word' id='word_1_487' title='bbox 1178 3516 1381 3562; x_wconf 71' lang='lat' dir='ltr'><strong>nostra:</strong></span> <span class='ocrx_word' id='word_1_488' title='bbox 1425 3506 1694 3560; x_wconf 84' lang='lat' dir='ltr'><strong>rationem</strong></span> <span class='ocrx_word' id='word_1_489' title='bbox 1731 3503 1806 3557; x_wconf 90' lang='lat' dir='ltr'><strong>ita</strong></span> <span class='ocrx_word' id='word_1_490' title='bbox 1858 3500 2030 3571; x_wconf 80' lang='lat' dir='ltr'><strong>expli-</strong></span> 
     </span>
    </p>
   </div>
   <div class='ocr_carea' id='block_1_68' title="bbox 447 3593 2032 3672">
    <p class='ocr_par' dir='ltr' id='par_1_68' title="bbox 447 3593 2032 3672">
     <span class='ocr_line' id='line_1_68' title="bbox 447 3593 2032 3672; baseline -0.01 -12"><span class='ocrx_word' id='word_1_491' title='bbox 447 3613 663 3660; x_wconf 86' lang='lat' dir='ltr'><strong>cantem</strong></span> <span class='ocrx_word' id='word_1_492' title='bbox 713 3602 870 3672; x_wconf 86' lang='lat' dir='ltr'><strong>quasi</strong></span> <span class='ocrx_word' id='word_1_493' title='bbox 913 3601 1080 3655; x_wconf 82' lang='lat' dir='ltr'><strong>homo</strong></span> <span class='ocrx_word' id='word_1_494' title='bbox 1130 3614 1331 3670; x_wconf 87' lang='lat' dir='ltr'><strong>parvus</strong></span> <span class='ocrx_word' id='word_1_495' title='bbox 1369 3597 1593 3668; x_wconf 90' lang='lat' dir='ltr'><strong>quidam</strong></span> <span class='ocrx_word' id='word_1_496' title='bbox 1650 3593 1890 3649; x_wconf 89' lang='lat' dir='ltr'><strong>mundus</strong></span> <span class='ocrx_word' id='word_1_497' title='bbox 1939 3593 2032 3654; x_wconf 92' lang='lat' dir='ltr'><strong>sit,</strong></span> 
     </span>
    </p>
   </div>
   <div class='ocr_carea' id='block_1_69' title="bbox 451 3692 2034 3760">
    <p class='ocr_par' dir='ltr' id='par_1_69' title="bbox 451 3692 2034 3760">
     <span class='ocr_line' id='line_1_69' title="bbox 451 3692 2034 3760; baseline -0.009 -8"><span class='ocrx_word' id='word_1_498' title='bbox 451 3698 636 3752; x_wconf 88' lang='lat' dir='ltr'><strong>omnia</strong></span> <span class='ocrx_word' id='word_1_499' title='bbox 697 3695 841 3750; x_wconf 90' lang='lat' dir='ltr'><strong>inter</strong></span> <span class='ocrx_word' id='word_1_500' title='bbox 883 3708 944 3749; x_wconf 91' lang='lat' dir='ltr'><strong>se</strong></span> <span class='ocrx_word' id='word_1_501' title='bbox 995 3692 1353 3756; x_wconf 90' lang='lat' dir='ltr'><strong>concludens,</strong></span> <span class='ocrx_word' id='word_1_502' title='bbox 1409 3703 1751 3760; x_wconf 62' lang='lat' dir='ltr'><strong>quacunque</strong></span> <span class='ocrx_word' id='word_1_503' title='bbox 1802 3699 2034 3756; x_wconf 85' lang='lat' dir='ltr'><strong>magnus</strong></span> 
     </span>
    </p>
   </div>
   <div class='ocr_carea' id='block_1_70' title="bbox 451 3776 2036 3854">
    <p class='ocr_par' dir='ltr' id='par_1_70' title="bbox 451 3776 2036 3854">
     <span class='ocr_line' id='line_1_70' title="bbox 451 3776 2036 3854; baseline -0.008 -12"><span class='ocrx_word' id='word_1_504' title='bbox 451 3788 544 3842; x_wconf 92' lang='lat' dir='ltr'><strong>ille</strong></span> <span class='ocrx_word' id='word_1_505' title='bbox 593 3785 832 3841; x_wconf 83' lang='lat' dir='ltr'><strong>mundus</strong></span> <span class='ocrx_word' id='word_1_506' title='bbox 883 3782 1286 3854; x_wconf 88' lang='lat' dir='ltr'><strong>complectitur.</strong></span> <span class='ocrx_word' id='word_1_507' title='bbox 1347 3779 1525 3850; x_wconf 82' lang='lat' dir='ltr'><strong>Hujus</strong></span> <span class='ocrx_word' id='word_1_508' title='bbox 1573 3789 1755 3834; x_wconf 88' lang='lat' dir='ltr'><strong>autem</strong></span> <span class='ocrx_word' id='word_1_509' title='bbox 1791 3776 2036 3832; x_wconf 84' lang='lat' dir='ltr'><strong>universi</strong></span> 
     </span>
    </p>
   </div>
   <div class='ocr_carea' id='block_1_71' title="bbox 451 3871 2036 3949">
    <p class='ocr_par' dir='ltr' id='par_1_71' title="bbox 451 3871 2036 3949">
     <span class='ocr_line' id='line_1_71' title="bbox 451 3871 2036 3949; baseline -0.006 -15"><span class='ocrx_word' id='word_1_510' title='bbox 451 3877 743 3949; x_wconf 69' lang='lat' dir='ltr'><strong>dispositio</strong></span> <span class='ocrx_word' id='word_1_511' title='bbox 799 3885 856 3932; x_wconf 87' lang='lat' dir='ltr'><strong>et</strong></span> <span class='ocrx_word' id='word_1_512' title='bbox 900 3884 1130 3932; x_wconf 83' lang='lat' dir='ltr'><strong>ornatus</strong></span> <span class='ocrx_word' id='word_1_513' title='bbox 1180 3889 1346 3945; x_wconf 87' lang='lat' dir='ltr'><strong>quam</strong></span> <span class='ocrx_word' id='word_1_514' title='bbox 1397 3873 1647 3945; x_wconf 81' lang='lat' dir='ltr'><strong>proxime</strong></span> <span class='ocrx_word' id='word_1_515' title='bbox 1701 3871 1914 3927; x_wconf 82' lang='lat' dir='ltr'><strong>accedit</strong></span> <span class='ocrx_word' id='word_1_516' title='bbox 1969 3872 2036 3925; x_wconf 88' lang='lat' dir='ltr'><strong>ad</strong></span> 
     </span>
    </p>
   </div>
   <div class='ocr_carea' id='block_1_72' title="bbox 457 3962 2039 4030">
    <p class='ocr_par' dir='ltr' id='par_1_72' title="bbox 457 3962 2039 4030">
     <span class='ocr_line' id='line_1_72' title="bbox 457 3962 2039 4030; baseline -0.005 -5"><span class='ocrx_word' id='word_1_517' title='bbox 457 3968 824 4030; x_wconf 86' lang='lat' dir='ltr'><strong>harmoniam,</strong></span> <span class='ocrx_word' id='word_1_518' title='bbox 868 3967 1058 4023; x_wconf 90' lang='lat' dir='ltr'><strong>multis</strong></span> <span class='ocrx_word' id='word_1_519' title='bbox 1088 3967 1404 4022; x_wconf 88' lang='lat' dir='ltr'><strong>nominibus</strong></span> <span class='ocrx_word' id='word_1_520' title='bbox 1440 3973 1496 4022; x_wconf 90' lang='lat' dir='ltr'><strong>et</strong></span> <span class='ocrx_word' id='word_1_521' title='bbox 1538 3964 1740 4028; x_wconf 75' lang='lat' dir='ltr'><strong>modis,</strong></span> <span class='ocrx_word' id='word_1_522' title='bbox 1770 3977 1877 4017; x_wconf 86' lang='lat' dir='ltr'><strong>non</strong></span> <span class='ocrx_word' id='word_1_523' title='bbox 1919 3962 2039 4017; x_wconf 84' lang='lat' dir='ltr'><strong>sine</strong></span> 
     </span>
    </p>
   </div>
   <div class='ocr_carea' id='block_1_73' title="bbox 452 4050 2038 4131">
    <p class='ocr_par' dir='ltr' id='par_1_73' title="bbox 452 4050 2038 4131">
     <span class='ocr_line' id='line_1_73' title="bbox 452 4050 2038 4131; baseline -0.006 -16"><span class='ocrx_word' id='word_1_524' title='bbox 452 4060 648 4116; x_wconf 87' lang='lat' dir='ltr'><strong>ordine</strong></span> <span class='ocrx_word' id='word_1_525' title='bbox 689 4068 742 4113; x_wconf 88' lang='lat' dir='ltr'><strong>et</strong></span> <span class='ocrx_word' id='word_1_526' title='bbox 789 4072 1020 4114; x_wconf 87' lang='lat' dir='ltr'><strong>numero</strong></span> <span class='ocrx_word' id='word_1_527' title='bbox 1073 4057 1193 4131; x_wconf 87' lang='lat' dir='ltr'><strong>sibi</strong></span> <span class='ocrx_word' id='word_1_528' title='bbox 1227 4056 1331 4127; x_wconf 89' lang='lat' dir='ltr'><strong>ipsi</strong></span> <span class='ocrx_word' id='word_1_529' title='bbox 1380 4055 1822 4126; x_wconf 88' lang='lat' dir='ltr'><strong>respondentem.</strong></span> <span class='ocrx_word' id='word_1_530' title='bbox 1881 4050 2038 4106; x_wconf 77' lang='lat' dir='ltr'><strong>llmic</strong></span> 
     </span>
    </p>
   </div>
   <div class='ocr_carea' id='block_1_74' title="bbox 455 4145 2038 4224">
    <p class='ocr_par' dir='ltr' id='par_1_74' title="bbox 455 4145 2038 4224">
     <span class='ocr_line' id='line_1_74' title="bbox 455 4145 2038 4224; baseline -0.004 -18"><span class='ocrx_word' id='word_1_531' title='bbox 455 4152 624 4224; x_wconf 79' lang='lat' dir='ltr'><strong>igitur</strong></span> <span class='ocrx_word' id='word_1_532' title='bbox 656 4150 899 4205; x_wconf 89' lang='lat' dir='ltr'><strong>divinum</strong></span> <span class='ocrx_word' id='word_1_533' title='bbox 968 4157 1294 4205; x_wconf 81' lang='lat' dir='ltr'><strong>concentum</strong></span> <span class='ocrx_word' id='word_1_534' title='bbox 1343 4146 1511 4203; x_wconf 78' lang='lat' dir='ltr'><strong>etiam</strong></span> <span class='ocrx_word' id='word_1_535' title='bbox 1589 4164 1823 4220; x_wconf 70' lang='lat' dir='ltr'><strong>magn-us</strong></span> <span class='ocrx_word' id='word_1_536' title='bbox 1871 4145 2038 4200; x_wconf 87' lang='lat' dir='ltr'><strong>David</strong></span> 
     </span>
    </p>
   </div>
   <div class='ocr_carea' id='block_1_75' title="bbox 455 4242 2039 4315">
    <p class='ocr_par' dir='ltr' id='par_1_75' title="bbox 455 4242 2039 4315">
     <span class='ocr_line' id='line_1_75' title="bbox 455 4242 2039 4315; baseline -0.004 -15"><span class='ocrx_word' id='word_1_537' title='bbox 455 4245 686 4300; x_wconf 84' lang='lat' dir='ltr'><strong>auribus</strong></span> <span class='ocrx_word' id='word_1_538' title='bbox 739 4243 994 4315; x_wconf 85' lang='lat' dir='ltr'><strong>hausisse</strong></span> <span class='ocrx_word' id='word_1_539' title='bbox 1055 4244 1181 4299; x_wconf 87' lang='lat' dir='ltr'><strong>totis</strong></span> <span class='ocrx_word' id='word_1_540' title='bbox 1245 4242 1376 4296; x_wconf 90' lang='lat' dir='ltr'><strong>mihi</strong></span> <span class='ocrx_word' id='word_1_541' title='bbox 1429 4242 1664 4309; x_wconf 82' lang='lat' dir='ltr'><strong>videtur,</strong></span> <span class='ocrx_word' id='word_1_542' title='bbox 1721 4253 1858 4304; x_wconf 89' lang='lat' dir='ltr'><strong>tum,</strong></span> <span class='ocrx_word' id='word_1_543' title='bbox 1914 4256 2039 4296; x_wconf 89' lang='lat' dir='ltr'><strong>cum</strong></span> 
     </span>
    </p>
   </div>
   <div class='ocr_carea' id='block_1_76' title="bbox 453 4334 2041 4410">
    <p class='ocr_par' dir='ltr' id='par_1_76' title="bbox 453 4334 2041 4410">
     <span class='ocr_line' id='line_1_76' title="bbox 453 4334 2041 4410; baseline -0.003 -17"><span class='ocrx_word' id='word_1_544' title='bbox 453 4340 668 4410; x_wconf 85' lang='lat' dir='ltr'><strong>psalmo</strong></span> <span class='ocrx_word' id='word_1_545' title='bbox 697 4338 932 4408; x_wconf 89' lang='lat' dir='ltr'><strong>quodam</strong></span> <span class='ocrx_word' id='word_1_546' title='bbox 965 4337 1112 4392; x_wconf 86' lang='lat' dir='ltr'><strong>dicat</strong></span> <span class='ocrx_word' id='word_1_547' title='bbox 1139 4353 1153 4390; x_wconf 94' lang='lat'>:</span> <span class='ocrx_word' id='word_1_548' title='bbox 1177 4334 1426 4391; x_wconf 87' lang='lat' dir='ltr'><strong>Laudant</strong></span> <span class='ocrx_word' id='word_1_549' title='bbox 1454 4334 1626 4390; x_wconf 90' lang='lat' dir='ltr'><strong>Deum</strong></span> <span class='ocrx_word' id='word_1_550' title='bbox 1664 4335 1785 4389; x_wconf 64' lang='lat' dir='ltr'><strong>alite</strong></span> <span class='ocrx_word' id='word_1_551' title='bbox 1813 4335 2041 4389; x_wconf 83' lang='lat' dir='ltr'><strong>virtutes</strong></span> 
     </span>
    </p>
   </div>
   <div class='ocr_carea' id='block_1_77' title="bbox 459 4427 2042 4496">
    <p class='ocr_par' dir='ltr' id='par_1_77' title="bbox 459 4427 2042 4496">
     <span class='ocr_line' id='line_1_77' title="bbox 459 4427 2042 4496; baseline -0.003 -12"><span class='ocrx_word' id='word_1_552' title='bbox 459 4431 584 4486; x_wconf 79' lang='lat' dir='ltr'><strong>coeli</strong></span> <span class='ocrx_word' id='word_1_553' title='bbox 633 4444 858 4496; x_wconf 87' lang='lat' dir='ltr'><strong>omnes,</strong></span> <span class='ocrx_word' id='word_1_554' title='bbox 891 4437 948 4484; x_wconf 90' lang='lat' dir='ltr'><strong>ct</strong></span> <span class='ocrx_word' id='word_1_555' title='bbox 977 4429 1160 4483; x_wconf 88' lang='lat' dir='ltr'><strong>lumen</strong></span> <span class='ocrx_word' id='word_1_556' title='bbox 1217 4437 1519 4493; x_wconf 86' lang='lat' dir='ltr'><strong>astrorum,</strong></span> <span class='ocrx_word' id='word_1_557' title='bbox 1573 4429 1655 4482; x_wconf 88' lang='lat' dir='ltr'><strong>sol</strong></span> <span class='ocrx_word' id='word_1_558' title='bbox 1688 4437 1742 4483; x_wconf 89' lang='lat' dir='ltr'><strong>et</strong></span> <span class='ocrx_word' id='word_1_559' title='bbox 1780 4427 1931 4493; x_wconf 91' lang='lat' dir='ltr'><strong>luna,</strong></span> <span class='ocrx_word' id='word_1_560' title='bbox 1986 4433 2042 4480; x_wconf 92' lang='lat' dir='ltr'><strong>et</strong></span> 
     </span>
    </p>
   </div>
   <div class='ocr_carea' id='block_1_78' title="bbox 2135 3228 3718 3304">
    <p class='ocr_par' dir='ltr' id='par_1_78' title="bbox 2135 3228 3718 3304">
     <span class='ocr_line' id='line_1_78' title="bbox 2135 3228 3718 3304; baseline 0 -20"><span class='ocrx_word' id='word_1_561' title='bbox 2135 3232 2199 3285; x_wconf 81' lang='grc' dir='ltr'>Τί</span> <span class='ocrx_word' id='word_1_562' title='bbox 2231 3228 2323 3286; x_wconf 81' lang='grc' dir='ltr'>οὖν</span> <span class='ocrx_word' id='word_1_563' title='bbox 2364 3233 2511 3286; x_wconf 78' lang='grc' dir='ltr'>ἐστιν</span> <span class='ocrx_word' id='word_1_564' title='bbox 2542 3234 2569 3286; x_wconf 85' lang='grc' dir='ltr'>ὅ</span> <span class='ocrx_word' id='word_1_565' title='bbox 2599 3251 2770 3304; x_wconf 88' lang='grc' dir='ltr'>φημι;</span> <span class='ocrx_word' id='word_1_566' title='bbox 2808 3235 3056 3288; x_wconf 81' lang='grc' dir='ltr'>Ἤκουσά</span> <span class='ocrx_word' id='word_1_567' title='bbox 3086 3252 3229 3297; x_wconf 87' lang='grc' dir='ltr'>τινος</span> <span class='ocrx_word' id='word_1_568' title='bbox 3259 3235 3366 3287; x_wconf 89' lang='grc' dir='ltr'><strong>τῶν</strong></span> <span class='ocrx_word' id='word_1_569' title='bbox 3394 3233 3603 3304; x_wconf 80' lang='grc' dir='ltr'>σοφῶν,</span> <span class='ocrx_word' id='word_1_570' title='bbox 3627 3232 3718 3286; x_wconf 76' lang='grc' dir='ltr'>τὸν</span> 
     </span>
    </p>
   </div>
   <div class='ocr_carea' id='block_1_79' title="bbox 2136 3322 3718 3396">
    <p class='ocr_par' dir='ltr' id='par_1_79' title="bbox 2136 3322 3718 3396">
     <span class='ocr_line' id='line_1_79' title="bbox 2136 3322 3718 3396; baseline 0.001 -21"><span class='ocrx_word' id='word_1_571' title='bbox 2136 3322 2388 3393; x_wconf 77' lang='grc' dir='ltr'>περὶτῆς</span> <span class='ocrx_word' id='word_1_572' title='bbox 2429 3323 2643 3392; x_wconf 73' lang='grc' dir='ltr'>φύσεως</span> <span class='ocrx_word' id='word_1_573' title='bbox 2670 3325 2827 3394; x_wconf 83' lang='grc' dir='ltr'>ἡμῶν</span> <span class='ocrx_word' id='word_1_574' title='bbox 2857 3325 3147 3390; x_wconf 79' lang='grc' dir='ltr'>διεξιόντος</span> <span class='ocrx_word' id='word_1_575' title='bbox 3188 3325 3368 3391; x_wconf 79' lang='grc' dir='ltr'>λόγον,</span> <span class='ocrx_word' id='word_1_576' title='bbox 3402 3326 3483 3378; x_wconf 84' lang='grc' dir='ltr'>ὅτι</span> <span class='ocrx_word' id='word_1_577' title='bbox 3517 3323 3718 3396; x_wconf 81' lang='grc' dir='ltr'>μικρός</span> 
     </span>
    </p>
   </div>
   <div class='ocr_carea' id='block_1_80' title="bbox 2134 3414 3722 3488">
    <p class='ocr_par' dir='ltr' id='par_1_80' title="bbox 2134 3414 3722 3488">
     <span class='ocr_line' id='line_1_80' title="bbox 2134 3414 3722 3488; baseline 0.001 -21"><span class='ocrx_word' id='word_1_578' title='bbox 2134 3415 2219 3478; x_wconf 76' lang='grc' dir='ltr'><strong>τίς</strong></span> <span class='ocrx_word' id='word_1_579' title='bbox 2260 3417 2376 3470; x_wconf 81' lang='grc' dir='ltr'>ἐστι</span> <span class='ocrx_word' id='word_1_580' title='bbox 2415 3417 2617 3487; x_wconf 87' lang='grc' dir='ltr'>κόσμος</span> <span class='ocrx_word' id='word_1_581' title='bbox 2659 3419 2684 3470; x_wconf 85' lang='grc' dir='ltr'>ὁ</span> <span class='ocrx_word' id='word_1_582' title='bbox 2725 3416 3034 3487; x_wconf 84' lang='grc' dir='ltr'>ἄνθρωπος,</span> <span class='ocrx_word' id='word_1_583' title='bbox 3069 3418 3246 3472; x_wconf 87' lang='grc' dir='ltr'>πάντα</span> <span class='ocrx_word' id='word_1_584' title='bbox 3275 3417 3413 3488; x_wconf 78' lang='grc' dir='ltr'>ἔχων</span> <span class='ocrx_word' id='word_1_585' title='bbox 3449 3419 3506 3470; x_wconf 79' lang='grc' dir='ltr'>ἐν</span> <span class='ocrx_word' id='word_1_586' title='bbox 3540 3414 3722 3486; x_wconf 77' lang='grc' dir='ltr'>ἐαυτῷ</span> 
     </span>
    </p>
   </div>
   <div class='ocr_carea' id='block_1_81' title="bbox 2136 3506 3724 3581">
    <p class='ocr_par' dir='ltr' id='par_1_81' title="bbox 2136 3506 3724 3581">
     <span class='ocr_line' id='line_1_81' title="bbox 2136 3506 3724 3581; baseline 0.002 -22"><span class='ocrx_word' id='word_1_587' title='bbox 2136 3506 2205 3560; x_wconf 83' lang='grc' dir='ltr'><strong>τὰ</strong></span> <span class='ocrx_word' id='word_1_588' title='bbox 2236 3507 2328 3560; x_wconf 81' lang='grc' dir='ltr'>τοῦ</span> <span class='ocrx_word' id='word_1_589' title='bbox 2357 3508 2592 3578; x_wconf 84' lang='grc' dir='ltr'>μεγάλου</span> <span class='ocrx_word' id='word_1_590' title='bbox 2634 3508 2874 3578; x_wconf 78' lang='grc' dir='ltr'>κόσμου’</span> <span class='ocrx_word' id='word_1_591' title='bbox 2905 3511 2938 3579; x_wconf 82' lang='grc' dir='ltr'>ἡ</span> <span class='ocrx_word' id='word_1_592' title='bbox 2967 3509 3024 3562; x_wconf 80' lang='grc' dir='ltr'>δὲ</span> <span class='ocrx_word' id='word_1_593' title='bbox 3049 3508 3144 3562; x_wconf 81' lang='grc' dir='ltr'><strong>τοῦ</strong></span> <span class='ocrx_word' id='word_1_594' title='bbox 3178 3509 3379 3573; x_wconf 85' lang='grc' dir='ltr'>παντὸς</span> <span class='ocrx_word' id='word_1_595' title='bbox 3414 3510 3724 3581; x_wconf 74' lang='grc' dir='ltr'>διακόσμηο</span> 
     </span>
    </p>
   </div>
   <div class='ocr_carea' id='block_1_82' title="bbox 2140 3600 3724 3673">
    <p class='ocr_par' dir='ltr' id='par_1_82' title="bbox 2140 3600 3724 3673">
     <span class='ocr_line' id='line_1_82' title="bbox 2140 3600 3724 3673; baseline 0.001 -21"><span class='ocrx_word' id='word_1_596' title='bbox 2140 3616 2224 3661; x_wconf 87' lang='grc' dir='ltr'><strong>σις</strong></span> <span class='ocrx_word' id='word_1_597' title='bbox 2271 3600 2508 3670; x_wconf 85' lang='grc' dir='ltr'>ἁρμονία</span> <span class='ocrx_word' id='word_1_598' title='bbox 2537 3601 2620 3664; x_wconf 84' lang='grc' dir='ltr'><strong>τίς</strong></span> <span class='ocrx_word' id='word_1_599' title='bbox 2655 3601 2772 3654; x_wconf 77' lang='grc' dir='ltr'>ἐστι</span> <span class='ocrx_word' id='word_1_600' title='bbox 2808 3601 3064 3673; x_wconf 82' lang='grc' dir='ltr'>μουσικὴ,</span> <span class='ocrx_word' id='word_1_601' title='bbox 3095 3601 3387 3665; x_wconf 83' lang='grc' dir='ltr'>πολυειδῶς</span> <span class='ocrx_word' id='word_1_602' title='bbox 3416 3602 3510 3656; x_wconf 77' lang='grc' dir='ltr'>καὶ</span> <span class='ocrx_word' id='word_1_603' title='bbox 3541 3600 3724 3655; x_wconf 77' lang='grc' dir='ltr'>ποικί-</span> 
     </span>
    </p>
   </div>
   <div class='ocr_carea' id='block_1_83' title="bbox 2140 3681 3724 3766">
    <p class='ocr_par' dir='ltr' id='par_1_83' title="bbox 2140 3681 3724 3766">
     <span class='ocr_line' id='line_1_83' title="bbox 2140 3681 3724 3766; baseline 0.004 -25"><span class='ocrx_word' id='word_1_604' title='bbox 2140 3690 2248 3753; x_wconf 90' lang='grc' dir='ltr'><strong>λως</strong></span> <span class='ocrx_word' id='word_1_605' title='bbox 2283 3690 2428 3744; x_wconf 78' lang='grc' dir='ltr'>κατά</span> <span class='ocrx_word' id='word_1_606' title='bbox 2458 3708 2583 3744; x_wconf 87' lang='grc' dir='ltr'>τινα</span> <span class='ocrx_word' id='word_1_607' title='bbox 2613 3692 2764 3758; x_wconf 79' lang='grc' dir='ltr'>τάξιν</span> <span class='ocrx_word' id='word_1_608' title='bbox 2793 3693 2888 3746; x_wconf 74' lang='grc' dir='ltr'>καὶ</span> <span class='ocrx_word' id='word_1_609' title='bbox 2915 3693 3120 3765; x_wconf 78' lang='grc' dir='ltr'>ῥυθμὸν</span> <span class='ocrx_word' id='word_1_610' title='bbox 3151 3695 3284 3763; x_wconf 78' lang='grc' dir='ltr'>πρὸς</span> <span class='ocrx_word' id='word_1_611' title='bbox 3316 3695 3514 3765; x_wconf 76' lang='grc' dir='ltr'>ἑαυτὴν</span> <span class='ocrx_word' id='word_1_612' title='bbox 3546 3681 3724 3766; x_wconf 64' lang='grc' dir='ltr'>η’ρμο-</span> 
     </span>
    </p>
   </div>
   <div class='ocr_carea' id='block_1_84' title="bbox 2141 3782 3726 3858">
    <p class='ocr_par' dir='ltr' id='par_1_84' title="bbox 2141 3782 3726 3858">
     <span class='ocr_line' id='line_1_84' title="bbox 2141 3782 3726 3858; baseline 0.002 -23"><span class='ocrx_word' id='word_1_613' title='bbox 2141 3787 2340 3853; x_wconf 84' lang='grc' dir='ltr'>σμένη.</span> <span class='ocrx_word' id='word_1_614' title='bbox 2372 3782 2590 3854; x_wconf 78' lang='grc' dir='ltr'>Ταύτης</span> <span class='ocrx_word' id='word_1_615' title='bbox 2615 3783 2671 3835; x_wconf 76' lang='grc' dir='ltr'>δὲ</span> <span class='ocrx_word' id='word_1_616' title='bbox 2698 3786 2794 3855; x_wconf 85' lang='grc' dir='ltr'>τῆς</span> <span class='ocrx_word' id='word_1_617' title='bbox 2821 3783 3114 3849; x_wconf 86' lang='grc' dir='ltr'>θεσπεσίας</span> <span class='ocrx_word' id='word_1_618' title='bbox 3150 3785 3420 3858; x_wconf 83' lang='grc' dir='ltr'>ὑμνῳδίας</span> <span class='ocrx_word' id='word_1_619' title='bbox 3453 3786 3606 3839; x_wconf 88' lang='grc' dir='ltr'>δοκεί</span> <span class='ocrx_word' id='word_1_620' title='bbox 3635 3801 3726 3854; x_wconf 86' lang='grc' dir='ltr'><strong>μοι</strong></span> 
     </span>
    </p>
   </div>
   <div class='ocr_carea' id='block_1_85' title="bbox 2141 3873 3727 3948">
    <p class='ocr_par' dir='ltr' id='par_1_85' title="bbox 2141 3873 3727 3948">
     <span class='ocr_line' id='line_1_85' title="bbox 2141 3873 3727 3948; baseline 0.001 -19"><span class='ocrx_word' id='word_1_621' title='bbox 2141 3873 2236 3929; x_wconf 72' lang='grc' dir='ltr'>καὶ</span> <span class='ocrx_word' id='word_1_622' title='bbox 2268 3875 2296 3928; x_wconf 86' lang='grc' dir='ltr'>ὁ</span> <span class='ocrx_word' id='word_1_623' title='bbox 2328 3873 2502 3945; x_wconf 83' lang='grc' dir='ltr'>μέγας</span> <span class='ocrx_word' id='word_1_624' title='bbox 2532 3874 2695 3928; x_wconf 78' lang='grc' dir='ltr'>Δασὶδ</span> <span class='ocrx_word' id='word_1_625' title='bbox 2733 3877 2790 3930; x_wconf 83' lang='grc' dir='ltr'>ὲν</span> <span class='ocrx_word' id='word_1_626' title='bbox 2829 3877 3092 3948; x_wconf 82' lang='grc' dir='ltr'>ἀκροάσει</span> <span class='ocrx_word' id='word_1_627' title='bbox 3131 3879 3418 3948; x_wconf 82' lang='grc' dir='ltr'>γενόμενος</span> <span class='ocrx_word' id='word_1_628' title='bbox 3459 3877 3641 3932; x_wconf 76' lang='grc' dir='ltr'>εἰπεῖν</span> <span class='ocrx_word' id='word_1_629' title='bbox 3670 3877 3727 3930; x_wconf 80' lang='grc' dir='ltr'>ἔν</span> 
     </span>
    </p>
   </div>
   <div class='ocr_carea' id='block_1_86' title="bbox 2139 3966 3726 4038">
    <p class='ocr_par' dir='ltr' id='par_1_86' title="bbox 2139 3966 3726 4038">
     <span class='ocr_line' id='line_1_86' title="bbox 2139 3966 3726 4038; baseline 0.003 -20"><span class='ocrx_word' id='word_1_630' title='bbox 2139 3983 2246 4019; x_wconf 86' lang='grc' dir='ltr'>τινι</span> <span class='ocrx_word' id='word_1_631' title='bbox 2276 3967 2386 4019; x_wconf 89' lang='grc' dir='ltr'><strong>τῶν</strong></span> <span class='ocrx_word' id='word_1_632' title='bbox 2424 3966 2773 4038; x_wconf 57' lang='grc' dir='ltr'>ψαλμῶνβτι</span> <span class='ocrx_word' id='word_1_633' title='bbox 2811 3969 3058 4025; x_wconf 75' lang='grc' dir='ltr'>(Αίνοῦσι</span> <span class='ocrx_word' id='word_1_634' title='bbox 3085 3970 3175 4026; x_wconf 83' lang='grc' dir='ltr'>τὸν</span> <span class='ocrx_word' id='word_1_635' title='bbox 3215 3970 3345 4024; x_wconf 72' lang='grc' dir='ltr'>Θεὸν</span> <span class='ocrx_word' id='word_1_636' title='bbox 3379 3971 3438 4025; x_wconf 79' lang='grc' dir='ltr'>αἴ</span> <span class='ocrx_word' id='word_1_637' title='bbox 3464 3988 3524 4024; x_wconf 86' lang='grc' dir='ltr'>τε</span> <span class='ocrx_word' id='word_1_638' title='bbox 3566 3970 3726 4027; x_wconf 82' lang='grc' dir='ltr'>ἄλλαι</span> 
     </span>
    </p>
   </div>
   <div class='ocr_carea' id='block_1_87' title="bbox 2140 4057 3728 4134">
    <p class='ocr_par' dir='ltr' id='par_1_87' title="bbox 2140 4057 3728 4134">
     <span class='ocr_line' id='line_1_87' title="bbox 2140 4057 3728 4134; baseline 0.001 -21"><span class='ocrx_word' id='word_1_639' title='bbox 2140 4057 2420 4130; x_wconf 76' lang='grc' dir='ltr'>δυνάμεις,</span> <span class='ocrx_word' id='word_1_640' title='bbox 2453 4060 2512 4114; x_wconf 78' lang='lat' dir='ltr'><strong>ai</strong></span> <span class='ocrx_word' id='word_1_641' title='bbox 2545 4063 2665 4112; x_wconf 78' lang='grc' dir='ltr'>κατ’</span> <span class='ocrx_word' id='word_1_642' title='bbox 2713 4060 2942 4131; x_wconf 72' lang='grc' dir='ltr'>οὐρανὸν</span> <span class='ocrx_word' id='word_1_643' title='bbox 2987 4064 3182 4128; x_wconf 81' lang='grc' dir='ltr'>πᾶσαι,</span> <span class='ocrx_word' id='word_1_644' title='bbox 3234 4063 3328 4117; x_wconf 70' lang='grc' dir='ltr'>καὶ</span> <span class='ocrx_word' id='word_1_645' title='bbox 3375 4062 3433 4115; x_wconf 80' lang='grc' dir='ltr'>τὸ</span> <span class='ocrx_word' id='word_1_646' title='bbox 3475 4063 3728 4134; x_wconf 83' lang='grc' dir='ltr'>ἀστρῷον</span> 
     </span>
    </p>
   </div>
   <div class='ocr_carea' id='block_1_88' title="bbox 2142 4151 3730 4226">
    <p class='ocr_par' dir='ltr' id='par_1_88' title="bbox 2142 4151 3730 4226">
     <span class='ocr_line' id='line_1_88' title="bbox 2142 4151 3730 4226; baseline 0 -22"><span class='ocrx_word' id='word_1_647' title='bbox 2142 4151 2256 4220; x_wconf 82' lang='grc' dir='ltr'><strong>φῶς</strong></span> <span class='ocrx_word' id='word_1_648' title='bbox 2281 4191 2298 4219; x_wconf 87' lang='grc'><strong><em>,</em></strong></span> <span class='ocrx_word' id='word_1_649' title='bbox 2329 4153 2357 4205; x_wconf 84' lang='grc' dir='ltr'>ὅ</span> <span class='ocrx_word' id='word_1_650' title='bbox 2407 4169 2468 4205; x_wconf 85' lang='grc' dir='ltr'>τε</span> <span class='ocrx_word' id='word_1_651' title='bbox 2511 4151 2658 4223; x_wconf 78' lang='grc' dir='ltr'>ἥλιος</span> <span class='ocrx_word' id='word_1_652' title='bbox 2695 4152 2790 4207; x_wconf 73' lang='grc' dir='ltr'>καὶ</span> <span class='ocrx_word' id='word_1_653' title='bbox 2821 4154 2854 4225; x_wconf 80' lang='grc' dir='ltr'>ἡ</span> <span class='ocrx_word' id='word_1_654' title='bbox 2886 4153 3106 4225; x_wconf 86' lang='grc' dir='ltr'>σελήνη,</span> <span class='ocrx_word' id='word_1_655' title='bbox 3141 4155 3234 4208; x_wconf 73' lang='grc' dir='ltr'>καὶ</span> <span class='ocrx_word' id='word_1_656' title='bbox 3260 4156 3308 4208; x_wconf 82' lang='lat' dir='ltr'><strong>oi</strong></span> <span class='ocrx_word' id='word_1_657' title='bbox 3341 4153 3448 4208; x_wconf 92' lang='grc' dir='ltr'><strong>τῶν</strong></span> <span class='ocrx_word' id='word_1_658' title='bbox 3476 4153 3730 4226; x_wconf 83' lang='grc' dir='ltr'>οὐρανῶν</span> 
     </span>
    </p>
   </div>
   <div class='ocr_carea' id='block_1_89' title="bbox 2141 4241 3730 4317">
    <p class='ocr_par' dir='ltr' id='par_1_89' title="bbox 2141 4241 3730 4317">
     <span class='ocr_line' id='line_1_89' title="bbox 2141 4241 3730 4317; baseline 0 -19"><span class='ocrx_word' id='word_1_659' title='bbox 2141 4243 2382 4316; x_wconf 68' lang='grc' dir='ltr'>οὐρανοὶ,</span> <span class='ocrx_word' id='word_1_660' title='bbox 2413 4245 2507 4298; x_wconf 74' lang='grc' dir='ltr'>καὶ</span> <span class='ocrx_word' id='word_1_661' title='bbox 2535 4245 2596 4297; x_wconf 83' lang='grc' dir='ltr'>τὸ</span> <span class='ocrx_word' id='word_1_662' title='bbox 2628 4244 3022 4317; x_wconf 82' lang='grc' dir='ltr'>ὑπερουράνιον</span> <span class='ocrx_word' id='word_1_663' title='bbox 3053 4245 3322 4317; x_wconf 77' lang='grc' dir='ltr'>ὕδωρ.ιεὶ</span> <span class='ocrx_word' id='word_1_664' title='bbox 3351 4241 3443 4300; x_wconf 82' lang='grc' dir='ltr'>οὖν</span> <span class='ocrx_word' id='word_1_665' title='bbox 3481 4249 3510 4299; x_wconf 85' lang='grc' dir='ltr'>ὁ</span> <span class='ocrx_word' id='word_1_666' title='bbox 3538 4245 3730 4300; x_wconf 88' lang='grc' dir='ltr'>διάκο-</span> 
     </span>
    </p>
   </div>
   <div class='ocr_carea' id='block_1_90' title="bbox 2146 4334 3732 4407">
    <p class='ocr_par' dir='ltr' id='par_1_90' title="bbox 2146 4334 3732 4407">
     <span class='ocr_line' id='line_1_90' title="bbox 2146 4334 3732 4407; baseline 0 -19"><span class='ocrx_word' id='word_1_667' title='bbox 2146 4352 2282 4406; x_wconf 88' lang='grc' dir='ltr'>σμος</span> <span class='ocrx_word' id='word_1_668' title='bbox 2327 4334 2449 4398; x_wconf 81' lang='grc' dir='ltr'>ὅλος</span> <span class='ocrx_word' id='word_1_669' title='bbox 2493 4336 2729 4406; x_wconf 83' lang='grc' dir='ltr'>μουσική</span> <span class='ocrx_word' id='word_1_670' title='bbox 2769 4351 2856 4398; x_wconf 88' lang='grc' dir='ltr'><strong>τις</strong></span> <span class='ocrx_word' id='word_1_671' title='bbox 2892 4335 3128 4407; x_wconf 85' lang='grc' dir='ltr'>ἁρμονία</span> <span class='ocrx_word' id='word_1_672' title='bbox 3155 4337 3292 4403; x_wconf 76' lang='grc' dir='ltr'>ἐστὶ,</span> <span class='ocrx_word' id='word_1_673' title='bbox 3321 4338 3516 4407; x_wconf 83' lang='grc' dir='ltr'>μικρὸς</span> <span class='ocrx_word' id='word_1_674' title='bbox 3544 4336 3606 4389; x_wconf 87' lang='grc' dir='ltr'>δὲ</span> <span class='ocrx_word' id='word_1_675' title='bbox 3641 4336 3732 4388; x_wconf 83' lang='grc' dir='ltr'><strong>κό-</strong></span> 
     </span>
    </p>
   </div>
   <div class='ocr_carea' id='block_1_91' title="bbox 2147 4429 3733 4502">
    <p class='ocr_par' dir='ltr' id='par_1_91' title="bbox 2147 4429 3733 4502">
     <span class='ocr_line' id='line_1_91' title="bbox 2147 4429 3733 4502; baseline -0.002 -20"><span class='ocrx_word' id='word_1_676' title='bbox 2147 4446 2285 4502; x_wconf 89' lang='grc' dir='ltr'>σμος</span> <span class='ocrx_word' id='word_1_677' title='bbox 2329 4433 2357 4484; x_wconf 89' lang='grc' dir='ltr'>ὁ</span> <span class='ocrx_word' id='word_1_678' title='bbox 2397 4429 2708 4502; x_wconf 77' lang='grc' dir='ltr'>ἄνθρωπος,</span> <span class='ocrx_word' id='word_1_679' title='bbox 2760 4432 2794 4501; x_wconf 83' lang='grc' dir='ltr'><strong>ή</strong></span> <span class='ocrx_word' id='word_1_680' title='bbox 2826 4432 2883 4484; x_wconf 82' lang='grc' dir='ltr'>ὲν</span> <span class='ocrx_word' id='word_1_681' title='bbox 2915 4431 2993 4502; x_wconf 83' lang='grc' dir='ltr'>τῷ</span> <span class='ocrx_word' id='word_1_682' title='bbox 3025 4429 3192 4484; x_wconf 74' lang='grc' dir='ltr'>παντὶ</span> <span class='ocrx_word' id='word_1_683' title='bbox 3219 4429 3567 4500; x_wconf 84' lang='grc' dir='ltr'>θεωρουμένη</span> <span class='ocrx_word' id='word_1_684' title='bbox 3599 4443 3733 4498; x_wconf 85' lang='grc' dir='ltr'>μου·</span> 
     </span>
    </p>
   </div>
   <div class='ocr_carea' id='block_1_92' title="bbox 452 4518 2032 4595">
    <p class='ocr_par' dir='ltr' id='par_1_92' title="bbox 452 4520 2032 4591">
     <span class='ocr_line' id='line_1_92' title="bbox 452 4520 2032 4591; baseline -0.004 -13"><span class='ocrx_word' id='word_1_685' title='bbox 452 4522 576 4578; x_wconf 72' lang='grc' dir='ltr'>ρωιὶ</span> <span class='ocrx_word' id='word_1_686' title='bbox 606 4523 894 4587; x_wconf 61' lang='lat' dir='ltr'><strong>calorum,</strong></span> <span class='ocrx_word' id='word_1_687' title='bbox 937 4534 990 4576; x_wconf 89' lang='lat' dir='ltr'><strong>et</strong></span> <span class='ocrx_word' id='word_1_688' title='bbox 1016 4536 1156 4591; x_wconf 88' lang='lat' dir='ltr'><strong>aqua</strong></span> <span class='ocrx_word' id='word_1_689' title='bbox 1192 4536 1316 4590; x_wconf 73' lang='lat' dir='ltr'><strong>quae</strong></span> <span class='ocrx_word' id='word_1_690' title='bbox 1348 4535 1513 4590; x_wconf 86' lang='lat' dir='ltr'><strong>supra</strong></span> <span class='ocrx_word' id='word_1_691' title='bbox 1541 4521 1710 4576; x_wconf 65' lang='lat' dir='ltr'><strong>caelos</strong></span> <span class='ocrx_word' id='word_1_692' title='bbox 1744 4530 1847 4575; x_wconf 88' lang='lat' dir='ltr'><strong>est.</strong></span> <span class='ocrx_word' id='word_1_693' title='bbox 1886 4520 2032 4586; x_wconf 79' lang='lat' dir='ltr'><strong>Quod</strong></span> 
     </span>
    </p>
   </div>
   <div class='ocr_carea' id='block_1_93' title="bbox 2136 4518 3732 4595">
    <p class='ocr_par' dir='ltr' id='par_1_93' title="bbox 2151 4521 3732 4595">
     <span class='ocr_line' id='line_1_93' title="bbox 2151 4521 3732 4595; baseline -0.004 -19"><span class='ocrx_word' id='word_1_694' title='bbox 2151 4523 2280 4594; x_wconf 86' lang='grc' dir='ltr'>σικὴ</span> <span class='ocrx_word' id='word_1_695' title='bbox 2305 4523 2401 4576; x_wconf 78' lang='grc' dir='ltr'>καὶ</span> <span class='ocrx_word' id='word_1_696' title='bbox 2425 4524 2483 4577; x_wconf 81' lang='grc' dir='ltr'>ὲν</span> <span class='ocrx_word' id='word_1_697' title='bbox 2509 4527 2574 4594; x_wconf 83' lang='grc' dir='ltr'><strong>τῇ</strong></span> <span class='ocrx_word' id='word_1_698' title='bbox 2596 4522 2913 4595; x_wconf 70' lang='grc' dir='ltr'>ἀνθρωπίνη</span> <span class='ocrx_word' id='word_1_699' title='bbox 2945 4522 3106 4592; x_wconf 78' lang='grc' dir='ltr'>φύσει</span> <span class='ocrx_word' id='word_1_700' title='bbox 3132 4523 3454 4592; x_wconf 75' lang='grc' dir='ltr'>φανήσεται.</span> <span class='ocrx_word' id='word_1_701' title='bbox 3472 4521 3732 4574; x_wconf 81' lang='grc' dir='ltr'>Δείκνυσι</span> 
     </span>
    </p>
   </div>
   <div class='ocr_carea' id='block_1_94' title="bbox 453 4611 2040 4685">
    <p class='ocr_par' dir='ltr' id='par_1_94' title="bbox 453 4611 2040 4685">
     <span class='ocr_line' id='line_1_94' title="bbox 453 4611 2040 4685; baseline -0.003 -14"><span class='ocrx_word' id='word_1_702' title='bbox 453 4615 503 4671; x_wconf 86' lang='lat' dir='ltr'><strong>si</strong></span> <span class='ocrx_word' id='word_1_703' title='bbox 539 4629 672 4685; x_wconf 82' lang='lat' dir='ltr'><strong>ergo</strong></span> <span class='ocrx_word' id='word_1_704' title='bbox 697 4613 984 4684; x_wconf 87' lang='lat' dir='ltr'><strong>dispositio</strong></span> <span class='ocrx_word' id='word_1_705' title='bbox 1014 4612 1100 4666; x_wconf 86' lang='lat' dir='ltr'><strong>illa</strong></span> <span class='ocrx_word' id='word_1_706' title='bbox 1133 4612 1320 4667; x_wconf 90' lang='lat' dir='ltr'><strong>mundi</strong></span> <span class='ocrx_word' id='word_1_707' title='bbox 1353 4611 1762 4668; x_wconf 87' lang='lat' dir='ltr'><strong>absolutissima</strong></span> <span class='ocrx_word' id='word_1_708' title='bbox 1793 4621 1843 4667; x_wconf 88' lang='lat' dir='ltr'><strong>et</strong></span> <span class='ocrx_word' id='word_1_709' title='bbox 1875 4627 2040 4667; x_wconf 86' lang='lat' dir='ltr'><strong>orna-</strong></span> 
     </span>
    </p>
   </div>
   <div class='ocr_carea' id='block_1_95' title="bbox 457 4703 2038 4772">
    <p class='ocr_par' dir='ltr' id='par_1_95' title="bbox 457 4703 2038 4772">
     <span class='ocr_line' id='line_1_95' title="bbox 457 4703 2038 4772; baseline -0.001 -14"><span class='ocrx_word' id='word_1_710' title='bbox 457 4703 670 4759; x_wconf 87' lang='lat' dir='ltr'><strong>tissima</strong></span> <span class='ocrx_word' id='word_1_711' title='bbox 699 4704 987 4760; x_wconf 84' lang='lat' dir='ltr'><strong>harmonia</strong></span> <span class='ocrx_word' id='word_1_712' title='bbox 1017 4703 1265 4772; x_wconf 66' lang='lat' dir='ltr'><strong>quaedam</strong></span> <span class='ocrx_word' id='word_1_713' title='bbox 1299 4703 1508 4758; x_wconf 89' lang='lat' dir='ltr'><strong>musica</strong></span> <span class='ocrx_word' id='word_1_714' title='bbox 1532 4713 1639 4770; x_wconf 91' lang='lat' dir='ltr'><strong>est,</strong></span> <span class='ocrx_word' id='word_1_715' title='bbox 1662 4705 1825 4758; x_wconf 90' lang='lat' dir='ltr'><strong>homo</strong></span> <span class='ocrx_word' id='word_1_716' title='bbox 1859 4711 2038 4758; x_wconf 81' lang='lat' dir='ltr'><strong>autem</strong></span> 
     </span>
    </p>
   </div>
   <div class='ocr_carea' id='block_1_96' title="bbox 456 4795 2040 4868">
    <p class='ocr_par' dir='ltr' id='par_1_96' title="bbox 456 4795 2040 4868">
     <span class='ocr_line' id='line_1_96' title="bbox 456 4795 2040 4868; baseline -0.001 -18"><span class='ocrx_word' id='word_1_717' title='bbox 456 4811 659 4868; x_wconf 83' lang='lat' dir='ltr'><strong>parvus</strong></span> <span class='ocrx_word' id='word_1_718' title='bbox 705 4795 927 4866; x_wconf 85' lang='lat' dir='ltr'><strong>quidam</strong></span> <span class='ocrx_word' id='word_1_719' title='bbox 990 4796 1257 4862; x_wconf 87' lang='lat' dir='ltr'><strong>mundus;</strong></span> <span class='ocrx_word' id='word_1_720' title='bbox 1292 4797 1479 4864; x_wconf 89' lang='lat' dir='ltr'><strong>utique</strong></span> <span class='ocrx_word' id='word_1_721' title='bbox 1528 4811 1649 4866; x_wconf 70' lang='lat' dir='ltr'><strong>quae</strong></span> <span class='ocrx_word' id='word_1_722' title='bbox 1683 4797 1736 4850; x_wconf 91' lang='lat' dir='ltr'><strong>in</strong></span> <span class='ocrx_word' id='word_1_723' title='bbox 1782 4796 2040 4852; x_wconf 83' lang='lat' dir='ltr'><strong>universo</strong></span> 
     </span>
    </p>
   </div>
   <div class='ocr_carea' id='block_1_97' title="bbox 455 4871 2038 4960">
    <p class='ocr_par' dir='ltr' id='par_1_97' title="bbox 455 4871 2038 4960">
     <span class='ocr_line' id='line_1_97' title="bbox 455 4871 2038 4960; baseline -0.001 -17"><span class='ocrx_word' id='word_1_724' title='bbox 455 4897 733 4958; x_wconf 88' lang='lat' dir='ltr'><strong>spectatur</strong></span> <span class='ocrx_word' id='word_1_725' title='bbox 755 4871 1246 4953; x_wconf 85' lang='lat' dir='ltr'><strong>harmonia,etiam</strong></span> <span class='ocrx_word' id='word_1_726' title='bbox 1284 4887 1338 4942; x_wconf 84' lang='lat' dir='ltr'><strong>in</strong></span> <span class='ocrx_word' id='word_1_727' title='bbox 1375 4886 1618 4943; x_wconf 84' lang='lat' dir='ltr'><strong>hominis</strong></span> <span class='ocrx_word' id='word_1_728' title='bbox 1642 4897 1836 4943; x_wconf 87' lang='lat' dir='ltr'><strong>natura</strong></span> <span class='ocrx_word' id='word_1_729' title='bbox 1868 4903 2038 4960; x_wconf 86' lang='lat' dir='ltr'><strong>appa-</strong></span> 
     </span>
    </p>
   </div>
   <div class='ocr_carea' id='block_1_98' title="bbox 459 4979 2040 5051">
    <p class='ocr_par' dir='ltr' id='par_1_98' title="bbox 459 4979 2040 5051">
     <span class='ocr_line' id='line_1_98' title="bbox 459 4979 2040 5051; baseline -0.002 -14"><span class='ocrx_word' id='word_1_730' title='bbox 459 4981 625 5037; x_wconf 84' lang='lat' dir='ltr'><strong>rebit.</strong></span> <span class='ocrx_word' id='word_1_731' title='bbox 659 4979 854 5050; x_wconf 81' lang='lat' dir='ltr'><strong>Argnit</strong></span> <span class='ocrx_word' id='word_1_732' title='bbox 883 4989 1065 5035; x_wconf 87' lang='lat' dir='ltr'><strong>autem</strong></span> <span class='ocrx_word' id='word_1_733' title='bbox 1103 4980 1208 5035; x_wconf 94' lang='lat' dir='ltr'><strong>hoc</strong></span> <span class='ocrx_word' id='word_1_734' title='bbox 1235 4980 1398 5035; x_wconf 89' lang='lat' dir='ltr'><strong>etiam</strong></span> <span class='ocrx_word' id='word_1_735' title='bbox 1435 4980 1755 5037; x_wconf 88' lang='lat' dir='ltr'><strong>mechanica</strong></span> <span class='ocrx_word' id='word_1_736' title='bbox 1790 4981 2040 5051; x_wconf 86' lang='lat' dir='ltr'><strong>corporis</strong></span> 
     </span>
    </p>
   </div>
   <div class='ocr_carea' id='block_1_99' title="bbox 463 5070 2040 5145">
    <p class='ocr_par' dir='ltr' id='par_1_99' title="bbox 463 5070 2040 5145">
     <span class='ocr_line' id='line_1_99' title="bbox 463 5070 2040 5145; baseline 0 -17"><span class='ocrx_word' id='word_1_737' title='bbox 463 5070 636 5128; x_wconf 86' lang='lat' dir='ltr'><strong>nostri</strong></span> <span class='ocrx_word' id='word_1_738' title='bbox 670 5081 966 5136; x_wconf 88' lang='lat' dir='ltr'><strong>structura,</strong></span> <span class='ocrx_word' id='word_1_739' title='bbox 1003 5073 1070 5127; x_wconf 90' lang='lat' dir='ltr'><strong>ad</strong></span> <span class='ocrx_word' id='word_1_740' title='bbox 1103 5073 1369 5128; x_wconf 86' lang='lat' dir='ltr'><strong>rationem</strong></span> <span class='ocrx_word' id='word_1_741' title='bbox 1404 5073 1776 5130; x_wconf 79' lang='lat' dir='ltr'><strong>lirmationum</strong></span> <span class='ocrx_word' id='word_1_742' title='bbox 1811 5089 1907 5145; x_wconf 87' lang='lat' dir='ltr'><strong>per</strong></span> <span class='ocrx_word' id='word_1_743' title='bbox 1936 5089 2040 5128; x_wconf 86' lang='lat' dir='ltr'><strong>nu-</strong></span> 
     </span>
    </p>
   </div>
   <div class='ocr_carea' id='block_1_100' title="bbox 460 5164 2040 5222">
    <p class='ocr_par' dir='ltr' id='par_1_100' title="bbox 460 5164 2040 5222">
     <span class='ocr_line' id='line_1_100' title="bbox 460 5164 2040 5222; baseline -0.001 0"><span class='ocrx_word' id='word_1_744' title='bbox 460 5179 645 5222; x_wconf 90' lang='lat' dir='ltr'><strong>meros</strong></span> <span class='ocrx_word' id='word_1_745' title='bbox 690 5164 1050 5221; x_wconf 88' lang='lat' dir='ltr'><strong>solertissime</strong></span> <span class='ocrx_word' id='word_1_746' title='bbox 1080 5180 1110 5219; x_wconf 92' lang='lat' dir='ltr'><strong>a</strong></span> <span class='ocrx_word' id='word_1_747' title='bbox 1139 5174 1336 5221; x_wconf 87' lang='lat' dir='ltr'><strong>natura</strong></span> <span class='ocrx_word' id='word_1_748' title='bbox 1373 5175 1650 5221; x_wconf 80' lang='lat' dir='ltr'><strong>contexta.</strong></span> <span class='ocrx_word' id='word_1_749' title='bbox 1689 5164 1849 5221; x_wconf 88' lang='lat' dir='ltr'><strong>Vides</strong></span> <span class='ocrx_word' id='word_1_750' title='bbox 1898 5175 2040 5220; x_wconf 83' lang='lat' dir='ltr'><strong>arte-</strong></span> 
     </span>
    </p>
   </div>
   <div class='ocr_carea' id='block_1_101' title="bbox 457 5257 2042 5330">
    <p class='ocr_par' dir='ltr' id='par_1_101' title="bbox 457 5257 2042 5330">
     <span class='ocr_line' id='line_1_101' title="bbox 457 5257 2042 5330; baseline -0.001 -16"><span class='ocrx_word' id='word_1_751' title='bbox 457 5258 597 5314; x_wconf 86' lang='lat' dir='ltr'><strong>riam</strong></span> <span class='ocrx_word' id='word_1_752' title='bbox 633 5258 799 5314; x_wconf 87' lang='lat' dir='ltr'><strong>veluti</strong></span> <span class='ocrx_word' id='word_1_753' title='bbox 834 5258 1022 5314; x_wconf 86' lang='lat' dir='ltr'><strong>tibiam</strong></span> <span class='ocrx_word' id='word_1_754' title='bbox 1059 5257 1332 5328; x_wconf 83' lang='lat' dir='ltr'><strong>aliquant?</strong></span> <span class='ocrx_word' id='word_1_755' title='bbox 1367 5258 1638 5325; x_wconf 89' lang='lat' dir='ltr'><strong>Palatum,</strong></span> <span class='ocrx_word' id='word_1_756' title='bbox 1669 5259 1827 5330; x_wconf 86' lang='lat' dir='ltr'><strong>quasi</strong></span> <span class='ocrx_word' id='word_1_757' title='bbox 1876 5275 2042 5314; x_wconf 85' lang='lat' dir='ltr'><strong>cano-</strong></span> 
     </span>
    </p>
   </div>
   <div class='ocr_carea' id='block_1_102' title="bbox 459 5350 2038 5422">
    <p class='ocr_par' dir='ltr' id='par_1_102' title="bbox 459 5350 2038 5422">
     <span class='ocr_line' id='line_1_102' title="bbox 459 5350 2038 5422; baseline 0 -18"><span class='ocrx_word' id='word_1_758' title='bbox 459 5365 583 5405; x_wconf 89' lang='lat' dir='ltr'><strong>nem</strong></span> <span class='ocrx_word' id='word_1_759' title='bbox 613 5352 760 5422; x_wconf 63' lang='lat' dir='ltr'><strong>lyra},</strong></span> <span class='ocrx_word' id='word_1_760' title='bbox 794 5350 1051 5421; x_wconf 89' lang='lat' dir='ltr'><strong>illamque</strong></span> <span class='ocrx_word' id='word_1_761' title='bbox 1075 5365 1177 5420; x_wconf 90' lang='lat' dir='ltr'><strong>ope</strong></span> <span class='ocrx_word' id='word_1_762' title='bbox 1201 5351 1415 5422; x_wconf 66' lang='lat' dir='ltr'><strong>Iingum,</strong></span> <span class='ocrx_word' id='word_1_763' title='bbox 1444 5359 1498 5405; x_wconf 92' lang='lat' dir='ltr'><strong>et</strong></span> <span class='ocrx_word' id='word_1_764' title='bbox 1524 5366 1785 5421; x_wconf 76' lang='lat' dir='ltr'><strong>genarum</strong></span> <span class='ocrx_word' id='word_1_765' title='bbox 1815 5358 1870 5404; x_wconf 84' lang='lat' dir='ltr'><strong>et</strong></span> <span class='ocrx_word' id='word_1_766' title='bbox 1902 5351 2038 5415; x_wconf 89' lang='lat' dir='ltr'><strong>oris,</strong></span> 
     </span>
    </p>
   </div>
   <div class='ocr_carea' id='block_1_103' title="bbox 461 5443 2040 5514">
    <p class='ocr_par' dir='ltr' id='par_1_103' title="bbox 461 5443 2040 5514">
     <span class='ocr_line' id='line_1_103' title="bbox 461 5443 2040 5514; baseline 0.001 -19"><span class='ocrx_word' id='word_1_767' title='bbox 461 5445 617 5513; x_wconf 89' lang='lat' dir='ltr'><strong>quasi</strong></span> <span class='ocrx_word' id='word_1_768' title='bbox 651 5459 746 5513; x_wconf 90' lang='lat' dir='ltr'><strong>per</strong></span> <span class='ocrx_word' id='word_1_769' title='bbox 777 5443 1041 5514; x_wconf 87' lang='lat' dir='ltr'><strong>plectrum</strong></span> <span class='ocrx_word' id='word_1_770' title='bbox 1095 5444 1296 5498; x_wconf 89' lang='lat' dir='ltr'><strong>editam</strong></span> <span class='ocrx_word' id='word_1_771' title='bbox 1349 5453 1403 5498; x_wconf 88' lang='lat' dir='ltr'><strong>et</strong></span> <span class='ocrx_word' id='word_1_772' title='bbox 1434 5443 1672 5498; x_wconf 87' lang='lat' dir='ltr'><strong>chordas</strong></span> <span class='ocrx_word' id='word_1_773' title='bbox 1708 5443 2040 5498; x_wconf 86' lang='lat' dir='ltr'><strong>modulatio-</strong></span> 
     </span>
    </p>
   </div>
   <div class='ocr_carea' id='block_1_104' title="bbox 461 5530 2042 5604">
    <p class='ocr_par' dir='ltr' id='par_1_104' title="bbox 461 5530 2042 5604">
     <span class='ocr_line' id='line_1_104' title="bbox 461 5530 2042 5604; baseline 0.003 -21"><span class='ocrx_word' id='word_1_774' title='bbox 461 5531 625 5584; x_wconf 86' lang='lat' dir='ltr'><strong>nem?</strong></span> <span class='ocrx_word' id='word_1_775' title='bbox 663 5530 1120 5602; x_wconf 90' lang='lat' dir='ltr'><strong>Quandoquidem</strong></span> <span class='ocrx_word' id='word_1_776' title='bbox 1172 5534 1340 5603; x_wconf 79' lang='lat' dir='ltr'><strong>igitur</strong></span> <span class='ocrx_word' id='word_1_777' title='bbox 1404 5548 1566 5588; x_wconf 88' lang='lat' dir='ltr'><strong>omne</strong></span> <span class='ocrx_word' id='word_1_778' title='bbox 1615 5533 1764 5604; x_wconf 86' lang='lat' dir='ltr'><strong>quod</strong></span> <span class='ocrx_word' id='word_1_779' title='bbox 1832 5543 2042 5588; x_wconf 76' lang='lat' dir='ltr'><strong>natura:</strong></span> 
     </span>
    </p>
   </div>
   <div class='ocr_carea' id='block_1_105' title="bbox 461 5622 2042 5696">
    <p class='ocr_par' dir='ltr' id='par_1_105' title="bbox 461 5622 2042 5696">
     <span class='ocr_line' id='line_1_105' title="bbox 461 5622 2042 5696; baseline 0.003 -22"><span class='ocrx_word' id='word_1_780' title='bbox 461 5622 705 5676; x_wconf 85' lang='lat' dir='ltr'><strong>ordinem</strong></span> <span class='ocrx_word' id='word_1_781' title='bbox 756 5625 1028 5692; x_wconf 79' lang='lat' dir='ltr'><strong>sequitur,</strong></span> <span class='ocrx_word' id='word_1_782' title='bbox 1060 5624 1162 5694; x_wconf 88' lang='lat' dir='ltr'><strong>ipsi</strong></span> <span class='ocrx_word' id='word_1_783' title='bbox 1216 5633 1426 5679; x_wconf 67' lang='lat' dir='ltr'><strong>naturae</strong></span> <span class='ocrx_word' id='word_1_784' title='bbox 1457 5635 1670 5696; x_wconf 90' lang='lat' dir='ltr'><strong>gratum</strong></span> <span class='ocrx_word' id='word_1_785' title='bbox 1703 5636 1820 5692; x_wconf 86' lang='lat' dir='ltr'><strong>est,</strong></span> <span class='ocrx_word' id='word_1_786' title='bbox 1873 5626 2042 5681; x_wconf 86' lang='lat' dir='ltr'><strong>musi-</strong></span> 
     </span>
    </p>
   </div>
   <div class='ocr_carea' id='block_1_106' title="bbox 463 5718 2043 5785">
    <p class='ocr_par' dir='ltr' id='par_1_106' title="bbox 463 5718 2043 5785">
     <span class='ocr_line' id='line_1_106' title="bbox 463 5718 2043 5785; baseline 0.004 -22"><span class='ocrx_word' id='word_1_787' title='bbox 463 5727 580 5764; x_wconf 79' lang='lat' dir='ltr'><strong>eam</strong></span> <span class='ocrx_word' id='word_1_788' title='bbox 610 5724 789 5766; x_wconf 85' lang='lat' dir='ltr'><strong>autem</strong></span> <span class='ocrx_word' id='word_1_789' title='bbox 833 5718 896 5767; x_wconf 87' lang='lat' dir='ltr'><strong>ad</strong></span> <span class='ocrx_word' id='word_1_790' title='bbox 938 5729 1186 5768; x_wconf 88' lang='lat' dir='ltr'><strong>normam</strong></span> <span class='ocrx_word' id='word_1_791' title='bbox 1240 5728 1452 5768; x_wconf 65' lang='grc' dir='ltr'><strong>1131111·ζὲ</strong></span> <span class='ocrx_word' id='word_1_792' title='bbox 1503 5725 1705 5771; x_wconf 71' lang='lat' dir='ltr'><strong>nostra:</strong></span> <span class='ocrx_word' id='word_1_793' title='bbox 1756 5732 2043 5785; x_wconf 85' lang='lat' dir='ltr'><strong>compara-</strong></span> 
     </span>
    </p>
   </div>
   <div class='ocr_carea' id='block_1_107' title="bbox 468 5805 2036 5879">
    <p class='ocr_par' dir='ltr' id='par_1_107' title="bbox 468 5805 2036 5879">
     <span class='ocr_line' id='line_1_107' title="bbox 468 5805 2036 5879; baseline 0.006 -27"><span class='ocrx_word' id='word_1_794' title='bbox 468 5812 573 5858; x_wconf 77' lang='lat' dir='ltr'><strong>tam</strong></span> <span class='ocrx_word' id='word_1_795' title='bbox 609 5819 727 5858; x_wconf 87' lang='lat' dir='ltr'><strong>esse</strong></span> <span class='ocrx_word' id='word_1_796' title='bbox 754 5805 868 5873; x_wconf 86' lang='lat' dir='ltr'><strong>jam</strong></span> <span class='ocrx_word' id='word_1_797' title='bbox 907 5806 1091 5875; x_wconf 82' lang='lat' dir='ltr'><strong>liquet,</strong></span> <span class='ocrx_word' id='word_1_798' title='bbox 1129 5806 1247 5862; x_wconf 85' lang='lat' dir='ltr'><strong>ideo</strong></span> <span class='ocrx_word' id='word_1_799' title='bbox 1279 5823 1506 5878; x_wconf 80' lang='lat' dir='ltr'><strong>magnus</strong></span> <span class='ocrx_word' id='word_1_800' title='bbox 1541 5807 1707 5864; x_wconf 85' lang='lat' dir='ltr'><strong>David</strong></span> <span class='ocrx_word' id='word_1_801' title='bbox 1738 5808 2036 5879; x_wconf 71' lang='lat' dir='ltr'><strong>disciplinu&#39;</strong></span> 
     </span>
    </p>
   </div>
   <div class='ocr_carea' id='block_1_108' title="bbox 2146 4607 3734 4684">
    <p class='ocr_par' dir='ltr' id='par_1_108' title="bbox 2146 4607 3734 4684">
     <span class='ocr_line' id='line_1_108' title="bbox 2146 4607 3734 4684; baseline -0.005 -17"><span class='ocrx_word' id='word_1_802' title='bbox 2146 4614 2202 4667; x_wconf 78' lang='grc' dir='ltr'>δὲ</span> <span class='ocrx_word' id='word_1_803' title='bbox 2235 4613 2395 4667; x_wconf 81' lang='grc' dir='ltr'>τοῦτο</span> <span class='ocrx_word' id='word_1_804' title='bbox 2422 4614 2516 4666; x_wconf 75' lang='grc' dir='ltr'>καὶ</span> <span class='ocrx_word' id='word_1_805' title='bbox 2557 4615 2591 4684; x_wconf 79' lang='grc' dir='ltr'>ἡ</span> <span class='ocrx_word' id='word_1_806' title='bbox 2627 4613 2896 4684; x_wconf 74' lang='grc' dir='ltr'>ὀργανικὴ</span> <span class='ocrx_word' id='word_1_807' title='bbox 2946 4611 3040 4664; x_wconf 82' lang='grc' dir='ltr'><strong>τοῦ</strong></span> <span class='ocrx_word' id='word_1_808' title='bbox 3081 4611 3333 4680; x_wconf 86' lang='grc' dir='ltr'>σώματος</span> <span class='ocrx_word' id='word_1_809' title='bbox 3368 4607 3525 4679; x_wconf 84' lang='grc' dir='ltr'>ὴμῶν</span> <span class='ocrx_word' id='word_1_810' title='bbox 3558 4621 3734 4660; x_wconf 81' lang='grc' dir='ltr'>κατα-</span> 
     </span>
    </p>
   </div>
   <div class='ocr_carea' id='block_1_109' title="bbox 2149 4697 3733 4778">
    <p class='ocr_par' dir='ltr' id='par_1_109' title="bbox 2149 4697 3733 4778">
     <span class='ocr_line' id='line_1_109' title="bbox 2149 4697 3733 4778; baseline -0.006 -18"><span class='ocrx_word' id='word_1_811' title='bbox 2149 4706 2340 4776; x_wconf 84' lang='grc' dir='ltr'>σκευὴ,</span> <span class='ocrx_word' id='word_1_812' title='bbox 2367 4706 2502 4778; x_wconf 77' lang='grc' dir='ltr'>πρὸς</span> <span class='ocrx_word' id='word_1_813' title='bbox 2524 4705 2784 4776; x_wconf 79' lang='grc' dir='ltr'>ἐργασίαν</span> <span class='ocrx_word' id='word_1_814' title='bbox 2811 4703 3083 4776; x_wconf 86' lang='grc' dir='ltr'>μουσικῶς</span> <span class='ocrx_word' id='word_1_815' title='bbox 3105 4700 3549 4773; x_wconf 84' lang='grc' dir='ltr'>φιλοτεχνηθεῖσα</span> <span class='ocrx_word' id='word_1_816' title='bbox 3575 4697 3733 4769; x_wconf 78' lang='grc' dir='ltr'><strong>παρά</strong></span> 
     </span>
    </p>
   </div>
   <div class='ocr_carea' id='block_1_110' title="bbox 2147 4790 3733 4868">
    <p class='ocr_par' dir='ltr' id='par_1_110' title="bbox 2147 4790 3733 4868">
     <span class='ocr_line' id='line_1_110' title="bbox 2147 4790 3733 4868; baseline -0.006 -17"><span class='ocrx_word' id='word_1_817' title='bbox 2147 4797 2245 4868; x_wconf 80' lang='grc' dir='ltr'>τῆς</span> <span class='ocrx_word' id='word_1_818' title='bbox 2273 4797 2508 4866; x_wconf 81' lang='grc' dir='ltr'>φύσεως.</span> <span class='ocrx_word' id='word_1_819' title='bbox 2551 4797 2714 4867; x_wconf 71' lang='grc' dir='ltr'>Ὁρᾷς</span> <span class='ocrx_word' id='word_1_820' title='bbox 2741 4796 2834 4848; x_wconf 74' lang='grc' dir='ltr'>τὸν</span> <span class='ocrx_word' id='word_1_821' title='bbox 2857 4795 2958 4866; x_wconf 81' lang='grc' dir='ltr'>τῆς</span> <span class='ocrx_word' id='word_1_822' title='bbox 2980 4793 3244 4866; x_wconf 79' lang='grc' dir='ltr'>ἀρτηρίας</span> <span class='ocrx_word' id='word_1_823' title='bbox 3272 4792 3463 4858; x_wconf 82' lang='grc' dir='ltr'>αὑλόν;</span> <span class='ocrx_word' id='word_1_824' title='bbox 3494 4790 3597 4860; x_wconf 83' lang='grc' dir='ltr'>τὴν</span> <span class='ocrx_word' id='word_1_825' title='bbox 3633 4790 3733 4857; x_wconf 85' lang='grc' dir='ltr'>τῆς</span> 
     </span>
    </p>
   </div>
   <div class='ocr_carea' id='block_1_111' title="bbox 2149 4882 3731 4958">
    <p class='ocr_par' dir='ltr' id='par_1_111' title="bbox 2149 4882 3731 4958">
     <span class='ocr_line' id='line_1_111' title="bbox 2149 4882 3731 4958; baseline -0.005 -18"><span class='ocrx_word' id='word_1_826' title='bbox 2149 4886 2402 4957; x_wconf 74' lang='grc' dir='ltr'>ὑπερῲας</span> <span class='ocrx_word' id='word_1_827' title='bbox 2431 4887 2663 4958; x_wconf 83' lang='grc' dir='ltr'>μονάδα;</span> <span class='ocrx_word' id='word_1_828' title='bbox 2710 4886 2809 4957; x_wconf 79' lang='grc' dir='ltr'>τὴν</span> <span class='ocrx_word' id='word_1_829' title='bbox 2838 4886 2925 4942; x_wconf 77' lang='grc' dir='ltr'><strong>διὰ</strong></span> <span class='ocrx_word' id='word_1_830' title='bbox 2957 4886 3200 4956; x_wconf 70' lang='grc' dir='ltr'>γλώττης</span> <span class='ocrx_word' id='word_1_831' title='bbox 3234 4884 3326 4939; x_wconf 71' lang='grc' dir='ltr'>καὶ</span> <span class='ocrx_word' id='word_1_832' title='bbox 3356 4883 3604 4954; x_wconf 81' lang='grc' dir='ltr'>παρειῶν</span> <span class='ocrx_word' id='word_1_833' title='bbox 3636 4882 3731 4934; x_wconf 74' lang='grc' dir='ltr'><strong>καὶ</strong></span> 
     </span>
    </p>
   </div>
   <div class='ocr_carea' id='block_1_112' title="bbox 2149 4972 3734 5050">
    <p class='ocr_par' dir='ltr' id='par_1_112' title="bbox 2149 4972 3734 5050">
     <span class='ocr_line' id='line_1_112' title="bbox 2149 4972 3734 5050; baseline -0.005 -18"><span class='ocrx_word' id='word_1_834' title='bbox 2149 4979 2440 5049; x_wconf 77' lang='grc' dir='ltr'>στόματος,</span> <span class='ocrx_word' id='word_1_835' title='bbox 2471 4979 2546 5042; x_wconf 85' lang='grc' dir='ltr'>ὡς</span> <span class='ocrx_word' id='word_1_836' title='bbox 2576 4978 2663 5032; x_wconf 70' lang='grc' dir='ltr'><strong>διὰ</strong></span> <span class='ocrx_word' id='word_1_837' title='bbox 2691 4978 2900 5050; x_wconf 87' lang='grc' dir='ltr'>χορδῶν</span> <span class='ocrx_word' id='word_1_838' title='bbox 2935 4978 3029 5032; x_wconf 66' lang='grc' dir='ltr'><strong>καλ⁸</strong></span> <span class='ocrx_word' id='word_1_839' title='bbox 3056 4977 3332 5048; x_wconf 75' lang='grc' dir='ltr'>πλήκτρου</span> <span class='ocrx_word' id='word_1_840' title='bbox 3366 4972 3734 5046; x_wconf 74' lang='grc' dir='ltr'>κιθαρῳδίανς</span> 
     </span>
    </p>
   </div>
   <div class='ocr_carea' id='block_1_113' title="bbox 2124 5066 3728 5145">
    <p class='ocr_par' dir='ltr' id='par_1_113' title="bbox 2124 5066 3728 5145">
     <span class='ocr_line' id='line_1_113' title="bbox 2124 5066 3728 5145; baseline -0.006 -19"><span class='ocrx_word' id='word_1_841' title='bbox 2124 5143 2126 5145; x_wconf 4' lang='grc' dir='ltr'><strong>γ</strong></span> <span class='ocrx_word' id='word_1_842' title='bbox 2160 5071 2313 5126; x_wconf 74' lang='grc' dir='ltr'><strong>Ἐπεὶ</strong></span> <span class='ocrx_word' id='word_1_843' title='bbox 2340 5066 2432 5125; x_wconf 75' lang='grc' dir='ltr'><strong>οὖν</strong></span> <span class='ocrx_word' id='word_1_844' title='bbox 2469 5073 2577 5124; x_wconf 81' lang='grc' dir='ltr'>πᾶν</span> <span class='ocrx_word' id='word_1_845' title='bbox 2605 5070 2666 5124; x_wconf 87' lang='grc' dir='ltr'>τὸ</span> <span class='ocrx_word' id='word_1_846' title='bbox 2713 5071 2853 5124; x_wconf 84' lang='grc' dir='ltr'><strong>κατά</strong></span> <span class='ocrx_word' id='word_1_847' title='bbox 2897 5070 3058 5140; x_wconf 80' lang='grc' dir='ltr'>φύσιν</span> <span class='ocrx_word' id='word_1_848' title='bbox 3090 5069 3242 5141; x_wconf 86' lang='grc' dir='ltr'>φίλον</span> <span class='ocrx_word' id='word_1_849' title='bbox 3283 5070 3349 5140; x_wconf 85' lang='grc' dir='ltr'>τῇ</span> <span class='ocrx_word' id='word_1_850' title='bbox 3389 5066 3546 5136; x_wconf 86' lang='grc' dir='ltr'>φύσει</span> <span class='ocrx_word' id='word_1_851' title='bbox 3583 5067 3728 5118; x_wconf 77' lang='grc' dir='ltr'>ἐστί·</span> 
     </span>
    </p>
   </div>
   <div class='ocr_carea' id='block_1_114' title="bbox 2148 5158 3736 5236">
    <p class='ocr_par' dir='ltr' id='par_1_114' title="bbox 2148 5158 3736 5236">
     <span class='ocr_line' id='line_1_114' title="bbox 2148 5158 3736 5236; baseline -0.007 -16"><span class='ocrx_word' id='word_1_852' title='bbox 2148 5163 2444 5236; x_wconf 81' lang='grc' dir='ltr'>ἀπεδείχθη</span> <span class='ocrx_word' id='word_1_853' title='bbox 2471 5165 2528 5218; x_wconf 78' lang='grc' dir='ltr'>δὲ</span> <span class='ocrx_word' id='word_1_854' title='bbox 2558 5163 2702 5218; x_wconf 87' lang='grc' dir='ltr'><strong>κατά</strong></span> <span class='ocrx_word' id='word_1_855' title='bbox 2735 5165 2897 5234; x_wconf 83' lang='grc' dir='ltr'>φύσ“.ν</span> <span class='ocrx_word' id='word_1_856' title='bbox 2924 5165 3056 5236; x_wconf 72' lang='grc' dir='ltr'>ἡμῖν</span> <span class='ocrx_word' id='word_1_857' title='bbox 3085 5163 3222 5217; x_wconf 77' lang='grc' dir='ltr'>οὖσα</span> <span class='ocrx_word' id='word_1_858' title='bbox 3251 5163 3284 5234; x_wconf 79' lang='grc' dir='ltr'><strong>η</strong></span> <span class='ocrx_word' id='word_1_859' title='bbox 3321 5159 3576 5232; x_wconf 83' lang='grc' dir='ltr'>μουσικὴ,</span> <span class='ocrx_word' id='word_1_860' title='bbox 3606 5158 3736 5212; x_wconf 85' lang='grc' dir='ltr'><strong>τού-</strong></span> 
     </span>
    </p>
   </div>
   <div class='ocr_carea' id='block_1_115' title="bbox 2149 5251 3738 5329">
    <p class='ocr_par' dir='ltr' id='par_1_115' title="bbox 2149 5251 3738 5329">
     <span class='ocr_line' id='line_1_115' title="bbox 2149 5251 3738 5329; baseline -0.005 -18"><span class='ocrx_word' id='word_1_861' title='bbox 2149 5275 2243 5311; x_wconf 89' lang='grc' dir='ltr'><strong>του</strong></span> <span class='ocrx_word' id='word_1_862' title='bbox 2280 5257 2441 5329; x_wconf 87' lang='grc' dir='ltr'>χάριν</span> <span class='ocrx_word' id='word_1_863' title='bbox 2472 5258 2500 5311; x_wconf 88' lang='grc' dir='ltr'>ὁ</span> <span class='ocrx_word' id='word_1_864' title='bbox 2545 5258 2720 5329; x_wconf 82' lang='grc' dir='ltr'>μέγας</span> <span class='ocrx_word' id='word_1_865' title='bbox 2751 5257 2916 5311; x_wconf 76' lang='grc' dir='ltr'>Δαϐὶδ</span> <span class='ocrx_word' id='word_1_866' title='bbox 2947 5260 3015 5328; x_wconf 81' lang='grc' dir='ltr'>τῇ</span> <span class='ocrx_word' id='word_1_867' title='bbox 3040 5256 3170 5328; x_wconf 76' lang='grc' dir='ltr'>περὶ</span> <span class='ocrx_word' id='word_1_868' title='bbox 3199 5255 3307 5308; x_wconf 91' lang='grc' dir='ltr'><strong>τῶν</strong></span> <span class='ocrx_word' id='word_1_869' title='bbox 3333 5253 3544 5324; x_wconf 84' lang='grc' dir='ltr'>ἀρετῶν</span> <span class='ocrx_word' id='word_1_870' title='bbox 3582 5251 3738 5320; x_wconf 81' lang='grc' dir='ltr'>φιλο-</span> 
     </span>
    </p>
   </div>
   <div class='ocr_carea' id='block_1_116' title="bbox 2151 5341 3738 5421">
    <p class='ocr_par' dir='ltr' id='par_1_116' title="bbox 2151 5341 3738 5421">
     <span class='ocr_line' id='line_1_116' title="bbox 2151 5341 3738 5421; baseline -0.005 -19"><span class='ocrx_word' id='word_1_871' title='bbox 2151 5349 2314 5420; x_wconf 77' lang='grc' dir='ltr'>σοφίᾳ</span> <span class='ocrx_word' id='word_1_872' title='bbox 2343 5349 2441 5420; x_wconf 83' lang='grc' dir='ltr'>τὴν</span> <span class='ocrx_word' id='word_1_873' title='bbox 2489 5349 2759 5421; x_wconf 84' lang='grc' dir='ltr'>μελῳδίαν</span> <span class='ocrx_word' id='word_1_874' title='bbox 2801 5348 3128 5419; x_wconf 76' lang='grc' dir='ltr'>κατέμιξενο</span> <span class='ocrx_word' id='word_1_875' title='bbox 3183 5341 3296 5400; x_wconf 79' lang='grc' dir='ltr'>οἷόν</span> <span class='ocrx_word' id='word_1_876' title='bbox 3339 5363 3460 5398; x_wconf 89' lang='grc' dir='ltr'>τινα</span> <span class='ocrx_word' id='word_1_877' title='bbox 3512 5344 3738 5415; x_wconf 80' lang='grc' dir='ltr'>μέλιτος</span> 
     </span>
    </p>
   </div>
   <div class='ocr_carea' id='block_1_117' title="bbox 2149 5437 3739 5512">
    <p class='ocr_par' dir='ltr' id='par_1_117' title="bbox 2149 5437 3739 5512">
     <span class='ocr_line' id='line_1_117' title="bbox 2149 5437 3739 5512; baseline -0.006 -18"><span class='ocrx_word' id='word_1_878' title='bbox 2149 5441 2341 5512; x_wconf 79' lang='grc' dir='ltr'>ἡδονὴν</span> <span class='ocrx_word' id='word_1_879' title='bbox 2381 5441 2490 5494; x_wconf 85' lang='grc' dir='ltr'><strong>τῶν</strong></span> <span class='ocrx_word' id='word_1_880' title='bbox 2534 5441 2754 5512; x_wconf 67' lang='grc' dir='ltr'>ὑψηλῶν</span> <span class='ocrx_word' id='word_1_881' title='bbox 2801 5441 3075 5511; x_wconf 81' lang='grc' dir='ltr'>καταχέας</span> <span class='ocrx_word' id='word_1_882' title='bbox 3118 5439 3426 5511; x_wconf 84' lang='grc' dir='ltr'>δογμάτων.</span> <span class='ocrx_word' id='word_1_883' title='bbox 3473 5437 3587 5490; x_wconf 80' lang='grc' dir='ltr'>Καί</span> <span class='ocrx_word' id='word_1_884' title='bbox 3648 5451 3739 5506; x_wconf 87' lang='grc' dir='ltr'><strong>μοι</strong></span> 
     </span>
    </p>
   </div>
   <div class='ocr_carea' id='block_1_118' title="bbox 2149 5528 3741 5606">
    <p class='ocr_par' dir='ltr' id='par_1_118' title="bbox 2149 5528 3741 5606">
     <span class='ocr_line' id='line_1_118' title="bbox 2149 5528 3741 5606; baseline -0.003 -18"><span class='ocrx_word' id='word_1_885' title='bbox 2149 5536 2297 5588; x_wconf 88' lang='grc' dir='ltr'>δοκεῖ</span> <span class='ocrx_word' id='word_1_886' title='bbox 2323 5535 2714 5605; x_wconf 72' lang='grc' dir='ltr'>συμϐουλεύειν</span> <span class='ocrx_word' id='word_1_887' title='bbox 2743 5534 2810 5589; x_wconf 87' lang='grc' dir='ltr'><strong>δι’</strong></span> <span class='ocrx_word' id='word_1_888' title='bbox 2847 5533 3212 5606; x_wconf 76' lang='grc' dir='ltr'>αἰνιγμάτων,</span> <span class='ocrx_word' id='word_1_889' title='bbox 3255 5534 3338 5584; x_wconf 86' lang='grc' dir='ltr'>ὅτι</span> <span class='ocrx_word' id='word_1_890' title='bbox 3367 5531 3426 5584; x_wconf 75' lang='grc' dir='ltr'><strong>οὐ</strong></span> <span class='ocrx_word' id='word_1_891' title='bbox 3457 5531 3536 5583; x_wconf 85' lang='grc' dir='ltr'>δεῖ</span> <span class='ocrx_word' id='word_1_892' title='bbox 3565 5528 3741 5598; x_wconf 79' lang='grc' dir='ltr'>ἄμου-</span> 
     </span>
    </p>
   </div>
   <div class='ocr_carea' id='block_1_119' title="bbox 2155 5619 3740 5695">
    <p class='ocr_par' dir='ltr' id='par_1_119' title="bbox 2155 5619 3740 5695">
     <span class='ocr_line' id='line_1_119' title="bbox 2155 5619 3740 5695; baseline -0.006 -18"><span class='ocrx_word' id='word_1_893' title='bbox 2155 5625 2246 5678; x_wconf 68' lang='grc' dir='ltr'><strong>σον</strong></span> <span class='ocrx_word' id='word_1_894' title='bbox 2276 5641 2335 5678; x_wconf 89' lang='grc' dir='ltr'><strong>τε</strong></span> <span class='ocrx_word' id='word_1_895' title='bbox 2366 5625 2464 5678; x_wconf 74' lang='grc' dir='ltr'>καὶ</span> <span class='ocrx_word' id='word_1_896' title='bbox 2492 5625 2756 5695; x_wconf 78' lang='grc' dir='ltr'>ἐκτροπον</span> <span class='ocrx_word' id='word_1_897' title='bbox 2800 5625 2895 5678; x_wconf 75' lang='grc' dir='ltr'>καὶ</span> <span class='ocrx_word' id='word_1_898' title='bbox 2927 5622 3318 5694; x_wconf 87' lang='grc' dir='ltr'>παρηχημένον</span> <span class='ocrx_word' id='word_1_899' title='bbox 3346 5621 3452 5673; x_wconf 88' lang='grc' dir='ltr'><strong>τῶν</strong></span> <span class='ocrx_word' id='word_1_900' title='bbox 3476 5621 3530 5672; x_wconf 79' lang='grc' dir='ltr'>ἐν</span> <span class='ocrx_word' id='word_1_901' title='bbox 3563 5619 3740 5689; x_wconf 71' lang='grc' dir='ltr'>ἀρετῇ</span> 
     </span>
    </p>
   </div>
   <div class='ocr_carea' id='block_1_120' title="bbox 2151 5711 3735 5787">
    <p class='ocr_par' dir='ltr' id='par_1_120' title="bbox 2151 5711 3735 5787">
     <span class='ocr_line' id='line_1_120' title="bbox 2151 5711 3735 5787; baseline -0.005 -19"><span class='ocrx_word' id='word_1_902' title='bbox 2151 5716 2371 5780; x_wconf 74' lang='grc' dir='ltr'>ζώντων</span> <span class='ocrx_word' id='word_1_903' title='bbox 2395 5713 2533 5770; x_wconf 74' lang='grc' dir='ltr'>εἶναι</span> <span class='ocrx_word' id='word_1_904' title='bbox 2562 5717 2624 5770; x_wconf 81' lang='grc' dir='ltr'>τὸ</span> <span class='ocrx_word' id='word_1_905' title='bbox 2664 5712 2828 5787; x_wconf 73' lang='grc' dir='ltr'>ἦθος,</span> <span class='ocrx_word' id='word_1_906' title='bbox 2859 5715 2976 5771; x_wconf 83' lang='grc' dir='ltr'>ἀλλ’</span> <span class='ocrx_word' id='word_1_907' title='bbox 3039 5715 3274 5787; x_wconf 76' lang='grc' dir='ltr'>ἐμμελὲς</span> <span class='ocrx_word' id='word_1_908' title='bbox 3309 5714 3399 5768; x_wconf 85' lang='grc' dir='ltr'><strong>καί</strong></span> <span class='ocrx_word' id='word_1_909' title='bbox 3435 5711 3735 5782; x_wconf 72' lang='grc' dir='ltr'>εὔρυθμον,</span> 
     </span>
    </p>
   </div>
   <div class='ocr_carea' id='block_1_121' title="bbox 2156 5803 3735 5884">
    <p class='ocr_par' dir='ltr' id='par_1_121' title="bbox 2156 5803 3735 5884">
     <span class='ocr_line' id='line_1_121' title="bbox 2156 5803 3735 5884; baseline -0.006 -21"><span class='ocrx_word' id='word_1_910' title='bbox 2156 5815 2290 5880; x_wconf 76' lang='grc' dir='ltr'>μήτε</span> <span class='ocrx_word' id='word_1_911' title='bbox 2317 5811 2456 5884; x_wconf 80' lang='grc' dir='ltr'>πέρα</span> <span class='ocrx_word' id='word_1_912' title='bbox 2479 5812 2570 5866; x_wconf 77' lang='grc' dir='ltr'>τοῦ</span> <span class='ocrx_word' id='word_1_913' title='bbox 2603 5812 2801 5883; x_wconf 82' lang='grc' dir='ltr'>μέτρου</span> <span class='ocrx_word' id='word_1_914' title='bbox 2827 5811 3278 5884; x_wconf 83' lang='grc' dir='ltr'>ὑπερτεινόμενον</span> <span class='ocrx_word' id='word_1_915' title='bbox 3298 5825 3309 5838; x_wconf 84' lang='grc'><em>’</em></span> <span class='ocrx_word' id='word_1_916' title='bbox 3332 5808 3593 5882; x_wconf 76' lang='grc' dir='ltr'>ῥήγνυται</span> <span class='ocrx_word' id='word_1_917' title='bbox 3626 5803 3735 5873; x_wconf 68' lang='grc' dir='ltr'><strong>γάρ</strong></span> 
     </span>
    </p>
   </div>
  </div>
