  <div class='ocr_page' id='page_1' title='image "/cluster/home/n/w/nwhite01/storage/ocr_20150623/106/coo.31924054870104/552.png"; bbox 0 0 4026 6430; ppageno 0'>
   <div class='ocr_carea' id='block_1_1' title="bbox 473 387 603 459">
    <p class='ocr_par' dir='ltr' id='par_1_1' title="bbox 473 387 603 459">
     <span class='ocr_line' id='line_1_1' title="bbox 473 387 603 459; baseline 0.015 -5"><span class='ocrx_word' id='word_1_1' title='bbox 473 387 603 459; x_wconf 76' lang='grc' dir='ltr'>1οἨ</span> 
     </span>
    </p>
   </div>
   <div class='ocr_carea' id='block_1_2' title="bbox 1385 399 2832 463">
    <p class='ocr_par' dir='ltr' id='par_1_2' title="bbox 1385 399 2832 463">
     <span class='ocr_line' id='line_1_2' title="bbox 1385 399 2832 463; baseline 0.002 -3"><span class='ocrx_word' id='word_1_2' title='bbox 1385 399 1782 461; x_wconf 56' lang='grc' dir='ltr'>ΡΗἉΕΡΑΤΙΟ</span> <span class='ocrx_word' id='word_1_3' title='bbox 1822 402 1920 462; x_wconf 82' lang='grc' dir='ltr'><strong>ΑΙ)</strong></span> <span class='ocrx_word' id='word_1_4' title='bbox 1958 400 2314 462; x_wconf 66' lang='lat' dir='ltr'><strong>CATENAM</strong></span> <span class='ocrx_word' id='word_1_5' title='bbox 2350 401 2434 463; x_wconf 82' lang='grc' dir='ltr'>ΙΝ</span> <span class='ocrx_word' id='word_1_6' title='bbox 2469 401 2832 463; x_wconf 78' lang='lat' dir='ltr'><strong>PSALMHS.</strong></span> 
     </span>
    </p>
   </div>
   <div class='ocr_carea' id='block_1_3' title="bbox 3574 395 3711 460">
    <p class='ocr_par' dir='ltr' id='par_1_3' title="bbox 3574 395 3711 460">
     <span class='ocr_line' id='line_1_3' title="bbox 3574 395 3711 460; baseline 0.007 -1"><span class='ocrx_word' id='word_1_7' title='bbox 3574 395 3711 460; x_wconf 78' lang='grc' dir='ltr'>Ῑθί</span> 
     </span>
    </p>
   </div>
   <div class='ocr_carea' id='block_1_4' title="bbox 463 506 2049 584">
    <p class='ocr_par' dir='ltr' id='par_1_4' title="bbox 463 506 2036 584">
     <span class='ocr_line' id='line_1_4' title="bbox 463 506 2036 584; baseline 0.006 -27"><span class='ocrx_word' id='word_1_8' title='bbox 463 507 684 569; x_wconf 71' lang='grc' dir='ltr'>πάντως</span> <span class='ocrx_word' id='word_1_9' title='bbox 721 507 788 578; x_wconf 81' lang='grc' dir='ltr'>τῇ</span> <span class='ocrx_word' id='word_1_10' title='bbox 842 506 1141 580; x_wconf 80' lang='grc' dir='ltr'>ὑπερτάσει</span> <span class='ocrx_word' id='word_1_11' title='bbox 1187 511 1287 582; x_wconf 75' lang='grc' dir='ltr'><strong>τῆς</strong></span> <span class='ocrx_word' id='word_1_12' title='bbox 1325 511 1525 582; x_wconf 80' lang='grc' dir='ltr'><strong>χορδῆς</strong></span> <span class='ocrx_word' id='word_1_13' title='bbox 1570 513 1633 566; x_wconf 79' lang='grc' dir='ltr'><strong>τὸ</strong></span> <span class='ocrx_word' id='word_1_14' title='bbox 1664 513 2036 584; x_wconf 75' lang='grc' dir='ltr'>εὐάρμοστονο</span> 
     </span>
    </p>
   </div>
   <div class='ocr_carea' id='block_1_5' title="bbox 2152 506 3716 584">
    <p class='ocr_par' dir='ltr' id='par_1_5' title="bbox 2152 512 3716 584">
     <span class='ocr_line' id='line_1_5' title="bbox 2152 512 3716 584; baseline 0.002 -18"><span class='ocrx_word' id='word_1_15' title='bbox 2152 515 2406 566; x_wconf 83' lang='lat' dir='ltr'><strong>virtutum</strong></span> <span class='ocrx_word' id='word_1_16' title='bbox 2464 512 2760 569; x_wconf 81' lang='lat' dir='ltr'><strong>admsicuit</strong></span> <span class='ocrx_word' id='word_1_17' title='bbox 2816 514 3141 580; x_wconf 80' lang='lat' dir='ltr'><strong>melodiam,</strong></span> <span class='ocrx_word' id='word_1_18' title='bbox 3209 521 3266 568; x_wconf 92' lang='lat' dir='ltr'><strong>ut</strong></span> <span class='ocrx_word' id='word_1_19' title='bbox 3323 515 3480 584; x_wconf 84' lang='lat' dir='ltr'><strong>quasi</strong></span> <span class='ocrx_word' id='word_1_20' title='bbox 3535 515 3716 584; x_wconf 88' lang='lat' dir='ltr'><strong>aliqua</strong></span> 
     </span>
    </p>
   </div>
   <div class='ocr_carea' id='block_1_6' title="bbox 463 595 2034 674">
    <p class='ocr_par' dir='ltr' id='par_1_6' title="bbox 463 595 2034 674">
     <span class='ocr_line' id='line_1_6' title="bbox 463 595 2034 674; baseline 0.007 -29"><span class='ocrx_word' id='word_1_21' title='bbox 463 596 606 663; x_wconf 80' lang='grc' dir='ltr'>μήτε</span> <span class='ocrx_word' id='word_1_22' title='bbox 648 595 783 665; x_wconf 74' lang='grc' dir='ltr'>πρὸς</span> <span class='ocrx_word' id='word_1_23' title='bbox 816 596 878 650; x_wconf 81' lang='grc' dir='ltr'>τὸ</span> <span class='ocrx_word' id='word_1_24' title='bbox 906 599 1164 665; x_wconf 74' lang='grc' dir='ltr'>ἐναντίον,</span> <span class='ocrx_word' id='word_1_25' title='bbox 1195 600 1255 653; x_wconf 79' lang='grc' dir='ltr'><strong>ὲν</strong></span> <span class='ocrx_word' id='word_1_26' title='bbox 1281 600 1517 673; x_wconf 76' lang='grc' dir='ltr'><strong>ἀμετρίᾳ</strong></span> <span class='ocrx_word' id='word_1_27' title='bbox 1549 601 1650 670; x_wconf 84' lang='grc' dir='ltr'>τῆς</span> <span class='ocrx_word' id='word_1_28' title='bbox 1678 603 1874 674; x_wconf 79' lang='grc' dir='ltr'>ἡδονῆς</span> <span class='ocrx_word' id='word_1_29' title='bbox 1904 603 2034 655; x_wconf 82' lang='grc' dir='ltr'>ὑπο-</span> 
     </span>
    </p>
   </div>
   <div class='ocr_carea' id='block_1_7' title="bbox 462 683 2035 766">
    <p class='ocr_par' dir='ltr' id='par_1_7' title="bbox 462 683 2035 766">
     <span class='ocr_line' id='line_1_7' title="bbox 462 683 2035 766; baseline 0.008 -32"><span class='ocrx_word' id='word_1_30' title='bbox 462 683 804 755; x_wconf 83' lang='grc' dir='ltr'>χαλώμενον·</span> <span class='ocrx_word' id='word_1_31' title='bbox 851 689 1009 760; x_wconf 82' lang='grc' dir='ltr'>κωφὴ</span> <span class='ocrx_word' id='word_1_32' title='bbox 1043 689 1152 761; x_wconf 83' lang='grc' dir='ltr'><strong>γὰρ</strong></span> <span class='ocrx_word' id='word_1_33' title='bbox 1195 691 1291 745; x_wconf 72' lang='grc' dir='ltr'><strong>καὶ</strong></span> <span class='ocrx_word' id='word_1_34' title='bbox 1332 692 1557 757; x_wconf 77' lang='grc' dir='ltr'><strong>ἄναυδος</strong></span> <span class='ocrx_word' id='word_1_35' title='bbox 1591 695 1800 761; x_wconf 86' lang='grc' dir='ltr'>γίνεται</span> <span class='ocrx_word' id='word_1_36' title='bbox 1830 696 1863 766; x_wconf 79' lang='grc' dir='ltr'><strong>η</strong></span> <span class='ocrx_word' id='word_1_37' title='bbox 1889 693 2035 765; x_wconf 73' lang='grc' dir='ltr'>ψυχὴ</span> 
     </span>
    </p>
   </div>
   <div class='ocr_carea' id='block_1_8' title="bbox 462 777 2037 855">
    <p class='ocr_par' dir='ltr' id='par_1_8' title="bbox 462 777 2037 855">
     <span class='ocr_line' id='line_1_8' title="bbox 462 777 2037 855; baseline 0.006 -27"><span class='ocrx_word' id='word_1_38' title='bbox 462 779 578 840; x_wconf 82' lang='grc' dir='ltr'>τοῖς</span> <span class='ocrx_word' id='word_1_39' title='bbox 617 777 719 848; x_wconf 80' lang='grc' dir='ltr'>τῆς</span> <span class='ocrx_word' id='word_1_40' title='bbox 749 779 944 850; x_wconf 76' lang='grc' dir='ltr'>ἡδονῆς</span> <span class='ocrx_word' id='word_1_41' title='bbox 970 782 1374 852; x_wconf 78' lang='grc' dir='ltr'>ἑγχαυνωθεῖσα</span> <span class='ocrx_word' id='word_1_42' title='bbox 1405 784 1626 840; x_wconf 84' lang='grc' dir='ltr'>πάθεσι.</span> <span class='ocrx_word' id='word_1_43' title='bbox 1659 786 1827 855; x_wconf 78' lang='grc' dir='ltr'>Δῆλον</span> <span class='ocrx_word' id='word_1_44' title='bbox 1849 784 1942 839; x_wconf 68' lang='grc' dir='ltr'>οὖν</span> <span class='ocrx_word' id='word_1_45' title='bbox 1973 788 2037 838; x_wconf 83' lang='grc' dir='ltr'>ὲκ</span> 
     </span>
    </p>
   </div>
   <div class='ocr_carea' id='block_1_9' title="bbox 461 868 2038 948">
    <p class='ocr_par' dir='ltr' id='par_1_9' title="bbox 461 868 2038 948">
     <span class='ocr_line' id='line_1_9' title="bbox 461 868 2038 948; baseline 0.006 -29"><span class='ocrx_word' id='word_1_46' title='bbox 461 868 669 921; x_wconf 84' lang='grc' dir='ltr'>τούτων</span> <span class='ocrx_word' id='word_1_47' title='bbox 699 870 819 923; x_wconf 77' lang='grc' dir='ltr'>ἐστὶ</span> <span class='ocrx_word' id='word_1_48' title='bbox 841 872 1022 943; x_wconf 55' lang='grc' dir='ltr'>,νπρδς</span> <span class='ocrx_word' id='word_1_49' title='bbox 1048 874 1076 926; x_wconf 84' lang='grc' dir='ltr'>ὃ</span> <span class='ocrx_word' id='word_1_50' title='bbox 1103 891 1155 927; x_wconf 91' lang='grc' dir='ltr'><strong>τι</strong></span> <span class='ocrx_word' id='word_1_51' title='bbox 1186 874 1375 945; x_wconf 80' lang='grc' dir='ltr'><strong>βλέπει</strong></span> <span class='ocrx_word' id='word_1_52' title='bbox 1403 876 1504 945; x_wconf 82' lang='grc' dir='ltr'>τῆς</span> <span class='ocrx_word' id='word_1_53' title='bbox 1536 876 1802 948; x_wconf 80' lang='grc' dir='ltr'><strong>μελῳδίας</strong></span> <span class='ocrx_word' id='word_1_54' title='bbox 1823 876 1882 930; x_wconf 87' lang='grc' dir='ltr'>τὸ</span> <span class='ocrx_word' id='word_1_55' title='bbox 1903 878 2038 930; x_wconf 79' lang='grc' dir='ltr'>αίνι-</span> 
     </span>
    </p>
   </div>
   <div class='ocr_carea' id='block_1_10' title="bbox 463 960 2039 1038">
    <p class='ocr_par' dir='ltr' id='par_1_10' title="bbox 463 960 2039 1038">
     <span class='ocr_line' id='line_1_10' title="bbox 463 960 2039 1038; baseline 0.006 -27"><span class='ocrx_word' id='word_1_56' title='bbox 463 974 612 1028; x_wconf 74' lang='grc' dir='ltr'>γμαο</span> <span class='ocrx_word' id='word_1_57' title='bbox 636 960 722 1013; x_wconf 82' lang='grc' dir='ltr'>ὅτι</span> <span class='ocrx_word' id='word_1_58' title='bbox 752 961 849 1032; x_wconf 86' lang='grc' dir='ltr'>τὴν</span> <span class='ocrx_word' id='word_1_59' title='bbox 875 963 981 1017; x_wconf 89' lang='grc' dir='ltr'><strong>τῶν</strong></span> <span class='ocrx_word' id='word_1_60' title='bbox 1007 965 1346 1037; x_wconf 77' lang='grc' dir='ltr'><strong>παθημάτων</strong></span> <span class='ocrx_word' id='word_1_61' title='bbox 1375 968 1635 1038; x_wconf 78' lang='grc' dir='ltr'><strong>συστολὴν</strong></span> <span class='ocrx_word' id='word_1_62' title='bbox 1679 985 1743 1020; x_wconf 94' lang='grc' dir='ltr'><strong>συ</strong></span> <span class='ocrx_word' id='word_1_63' title='bbox 1752 968 2039 1038; x_wconf 76' lang='grc' dir='ltr'>μϐουλεὺει</span> 
     </span>
    </p>
   </div>
   <div class='ocr_carea' id='block_1_11' title="bbox 467 1052 2041 1128">
    <p class='ocr_par' dir='ltr' id='par_1_11' title="bbox 467 1052 2041 1128">
     <span class='ocr_line' id='line_1_11' title="bbox 467 1052 2041 1128; baseline 0.006 -26"><span class='ocrx_word' id='word_1_64' title='bbox 467 1052 771 1105; x_wconf 71' lang='grc' dir='ltr'><strong>ποιεῖσθαι⁹</strong></span> <span class='ocrx_word' id='word_1_65' title='bbox 808 1055 917 1108; x_wconf 87' lang='grc' dir='ltr'><strong>τῶν</strong></span> <span class='ocrx_word' id='word_1_66' title='bbox 955 1055 1228 1128; x_wconf 72' lang='grc' dir='ltr'><strong>διαφόρως</strong></span> <span class='ocrx_word' id='word_1_67' title='bbox 1258 1060 1389 1128; x_wconf 77' lang='grc' dir='ltr'>ἡμῖν</span> <span class='ocrx_word' id='word_1_68' title='bbox 1427 1060 1796 1128; x_wconf 73' lang='grc' dir='ltr'><strong>ἐγγενομένων</strong></span> <span class='ocrx_word' id='word_1_69' title='bbox 1827 1061 1890 1111; x_wconf 84' lang='grc' dir='ltr'>ὲκ</span> <span class='ocrx_word' id='word_1_70' title='bbox 1932 1057 2041 1112; x_wconf 86' lang='grc' dir='ltr'><strong>τῶν</strong></span> 
     </span>
    </p>
   </div>
   <div class='ocr_carea' id='block_1_12' title="bbox 463 1138 2042 1220">
    <p class='ocr_par' dir='ltr' id='par_1_12' title="bbox 463 1138 2042 1220">
     <span class='ocr_line' id='line_1_12' title="bbox 463 1138 2042 1220; baseline 0.006 -28"><span class='ocrx_word' id='word_1_71' title='bbox 463 1138 738 1210; x_wconf 80' lang='grc' dir='ltr'><strong>βιωτικῶν</strong></span> <span class='ocrx_word' id='word_1_72' title='bbox 785 1147 1182 1214; x_wconf 82' lang='grc' dir='ltr'>περιστάσεων.</span> <span class='ocrx_word' id='word_1_73' title='bbox 1225 1149 1390 1203; x_wconf 83' lang='grc' dir='ltr'>Ὅθεν</span> <span class='ocrx_word' id='word_1_74' title='bbox 1421 1151 1513 1202; x_wconf 79' lang='grc' dir='ltr'><strong>καὶ</strong></span> <span class='ocrx_word' id='word_1_75' title='bbox 1539 1149 1607 1202; x_wconf 77' lang='grc' dir='ltr'><strong>τὰ</strong></span> <span class='ocrx_word' id='word_1_76' title='bbox 1639 1147 2042 1220; x_wconf 81' lang='grc' dir='ltr'><strong>κατορθώματα</strong></span> 
     </span>
    </p>
   </div>
   <div class='ocr_carea' id='block_1_13' title="bbox 463 1232 2041 1312">
    <p class='ocr_par' dir='ltr' id='par_1_13' title="bbox 463 1232 2041 1312">
     <span class='ocr_line' id='line_1_13' title="bbox 463 1232 2041 1312; baseline 0.007 -28"><span class='ocrx_word' id='word_1_77' title='bbox 463 1232 564 1302; x_wconf 82' lang='grc' dir='ltr'>τῆς</span> <span class='ocrx_word' id='word_1_78' title='bbox 590 1233 741 1298; x_wconf 90' lang='grc' dir='ltr'>θείας</span> <span class='ocrx_word' id='word_1_79' title='bbox 759 1236 964 1307; x_wconf 79' lang='grc' dir='ltr'><strong>ταύτης</strong></span> <span class='ocrx_word' id='word_1_80' title='bbox 989 1240 1258 1310; x_wconf 79' lang='grc' dir='ltr'><strong>μουσικῆς</strong></span> <span class='ocrx_word' id='word_1_81' title='bbox 1281 1243 1697 1312; x_wconf 86' lang='grc' dir='ltr'>προσμαρτυρεῖ</span> <span class='ocrx_word' id='word_1_82' title='bbox 1716 1241 1794 1312; x_wconf 83' lang='grc' dir='ltr'><strong>τῷ</strong></span> <span class='ocrx_word' id='word_1_83' title='bbox 1821 1241 1986 1294; x_wconf 63' lang='grc' dir='ltr'>Δαϐὶδ</span> <span class='ocrx_word' id='word_1_84' title='bbox 2008 1242 2041 1312; x_wconf 85' lang='grc' dir='ltr'><strong>ἠ</strong></span> 
     </span>
    </p>
   </div>
   <div class='ocr_carea' id='block_1_14' title="bbox 465 1323 2042 1400">
    <p class='ocr_par' dir='ltr' id='par_1_14' title="bbox 465 1323 2042 1400">
     <span class='ocr_line' id='line_1_14' title="bbox 465 1323 2042 1400; baseline 0.006 -25"><span class='ocrx_word' id='word_1_85' title='bbox 465 1323 700 1394; x_wconf 67' lang='grc' dir='ltr'>ἱστορία,</span> <span class='ocrx_word' id='word_1_86' title='bbox 733 1326 816 1380; x_wconf 86' lang='grc' dir='ltr'>ὅτι</span> <span class='ocrx_word' id='word_1_87' title='bbox 841 1330 1159 1400; x_wconf 74' lang='grc' dir='ltr'>παράφορόν</span> <span class='ocrx_word' id='word_1_88' title='bbox 1201 1348 1336 1385; x_wconf 81' lang='grc' dir='ltr'>ποτε</span> <span class='ocrx_word' id='word_1_89' title='bbox 1364 1332 1688 1385; x_wconf 87' lang='grc' dir='ltr'>καταλαϐὼν</span> <span class='ocrx_word' id='word_1_90' title='bbox 1721 1332 1812 1386; x_wconf 76' lang='grc' dir='ltr'>τὸν</span> <span class='ocrx_word' id='word_1_91' title='bbox 1849 1333 2042 1397; x_wconf 79' lang='grc' dir='ltr'>Σαοὺλ,</span> 
     </span>
    </p>
   </div>
   <div class='ocr_carea' id='block_1_15' title="bbox 465 1416 2045 1491">
    <p class='ocr_par' dir='ltr' id='par_1_15' title="bbox 465 1416 2045 1491">
     <span class='ocr_line' id='line_1_15' title="bbox 465 1416 2045 1491; baseline 0.006 -25"><span class='ocrx_word' id='word_1_92' title='bbox 465 1417 561 1468; x_wconf 76' lang='grc' dir='ltr'>καὶ</span> <span class='ocrx_word' id='word_1_93' title='bbox 599 1416 929 1486; x_wconf 67' lang='grc' dir='ltr'><strong>ἐξεστηκότα</strong></span> <span class='ocrx_word' id='word_1_94' title='bbox 960 1421 1061 1491; x_wconf 84' lang='grc' dir='ltr'>τῆς</span> <span class='ocrx_word' id='word_1_95' title='bbox 1090 1421 1352 1487; x_wconf 85' lang='grc' dir='ltr'>διανοίας,</span> <span class='ocrx_word' id='word_1_96' title='bbox 1385 1422 1560 1486; x_wconf 77' lang='grc' dir='ltr'>οὕτως</span> <span class='ocrx_word' id='word_1_97' title='bbox 1587 1423 1861 1488; x_wconf 79' lang='grc' dir='ltr'>ὲξιάσατο,</span> <span class='ocrx_word' id='word_1_98' title='bbox 1912 1440 2045 1476; x_wconf 85' lang='grc' dir='ltr'>κατ-</span> 
     </span>
    </p>
   </div>
   <div class='ocr_carea' id='block_1_16' title="bbox 469 1508 2044 1585">
    <p class='ocr_par' dir='ltr' id='par_1_16' title="bbox 469 1508 2044 1585">
     <span class='ocr_line' id='line_1_16' title="bbox 469 1508 2044 1585; baseline 0.006 -26"><span class='ocrx_word' id='word_1_99' title='bbox 469 1508 684 1579; x_wconf 84' lang='grc' dir='ltr'>επᾴδων</span> <span class='ocrx_word' id='word_1_100' title='bbox 713 1509 808 1562; x_wconf 82' lang='grc' dir='ltr'>τοῦ</span> <span class='ocrx_word' id='word_1_101' title='bbox 839 1511 1067 1575; x_wconf 85' lang='grc' dir='ltr'>πάθους,</span> <span class='ocrx_word' id='word_1_102' title='bbox 1116 1513 1257 1566; x_wconf 80' lang='grc' dir='ltr'>ὥστε</span> <span class='ocrx_word' id='word_1_103' title='bbox 1284 1514 1435 1582; x_wconf 84' lang='grc' dir='ltr'><strong>αὐτῷ</strong></span> <span class='ocrx_word' id='word_1_104' title='bbox 1461 1514 1625 1568; x_wconf 78' lang='grc' dir='ltr'>πάλιν</span> <span class='ocrx_word' id='word_1_105' title='bbox 1655 1514 1792 1585; x_wconf 76' lang='grc' dir='ltr'>πρὸς</span> <span class='ocrx_word' id='word_1_106' title='bbox 1815 1515 1878 1568; x_wconf 75' lang='grc' dir='ltr'><strong>τὸ</strong></span> <span class='ocrx_word' id='word_1_107' title='bbox 1901 1514 2044 1569; x_wconf 87' lang='grc' dir='ltr'><strong>κατά</strong></span> 
     </span>
    </p>
   </div>
   <div class='ocr_carea' id='block_1_17' title="bbox 470 1598 2045 1675">
    <p class='ocr_par' dir='ltr' id='par_1_17' title="bbox 470 1598 2045 1675">
     <span class='ocr_line' id='line_1_17' title="bbox 470 1598 2045 1675; baseline 0.006 -26"><span class='ocrx_word' id='word_1_108' title='bbox 470 1598 632 1665; x_wconf 76' lang='grc' dir='ltr'>φύσιν</span> <span class='ocrx_word' id='word_1_109' title='bbox 667 1601 982 1655; x_wconf 69' lang='grc' dir='ltr'>ἐπανελθεῖν</span> <span class='ocrx_word' id='word_1_110' title='bbox 1013 1603 1113 1673; x_wconf 79' lang='grc' dir='ltr'>τὴν</span> <span class='ocrx_word' id='word_1_111' title='bbox 1139 1603 1402 1658; x_wconf 75' lang='grc' dir='ltr'>διάνοιαν.</span> <span class='ocrx_word' id='word_1_112' title='bbox 1447 1604 1557 1675; x_wconf 83' lang='grc' dir='ltr'><strong>Τὴν</strong></span> <span class='ocrx_word' id='word_1_113' title='bbox 1583 1604 1639 1658; x_wconf 84' lang='grc' dir='ltr'>δὲ</span> <span class='ocrx_word' id='word_1_114' title='bbox 1671 1605 1778 1658; x_wconf 90' lang='grc' dir='ltr'><strong>τῶν</strong></span> <span class='ocrx_word' id='word_1_115' title='bbox 1812 1605 2045 1675; x_wconf 76' lang='grc' dir='ltr'>ψαλμῶν</span> 
     </span>
    </p>
   </div>
   <div class='ocr_carea' id='block_1_18' title="bbox 471 1687 2047 1768">
    <p class='ocr_par' dir='ltr' id='par_1_18' title="bbox 471 1687 2047 1768">
     <span class='ocr_line' id='line_1_18' title="bbox 471 1687 2047 1768; baseline 0.006 -28"><span class='ocrx_word' id='word_1_116' title='bbox 471 1687 654 1758; x_wconf 73' lang='grc' dir='ltr'>βίϐλον</span> <span class='ocrx_word' id='word_1_117' title='bbox 702 1691 880 1760; x_wconf 83' lang='grc' dir='ltr'>(τοῦτο</span> <span class='ocrx_word' id='word_1_118' title='bbox 904 1694 1014 1766; x_wconf 71' lang='grc' dir='ltr'>γὰρ</span> <span class='ocrx_word' id='word_1_119' title='bbox 1043 1693 1295 1759; x_wconf 77' lang='grc' dir='ltr'><strong>ἐξετάσαι</strong></span> <span class='ocrx_word' id='word_1_120' title='bbox 1324 1695 1604 1765; x_wconf 81' lang='grc' dir='ltr'>λείπεται)</span> <span class='ocrx_word' id='word_1_121' title='bbox 1654 1698 1734 1758; x_wconf 86' lang='grc' dir='ltr'>εἰς</span> <span class='ocrx_word' id='word_1_122' title='bbox 1761 1698 1923 1750; x_wconf 80' lang='grc' dir='ltr'>πέντε</span> <span class='ocrx_word' id='word_1_123' title='bbox 1964 1696 2047 1768; x_wconf 83' lang='grc' dir='ltr'><strong>βι-</strong></span> 
     </span>
    </p>
   </div>
   <div class='ocr_carea' id='block_1_19' title="bbox 468 1781 2045 1857">
    <p class='ocr_par' dir='ltr' id='par_1_19' title="bbox 468 1781 2045 1857">
     <span class='ocr_line' id='line_1_19' title="bbox 468 1781 2045 1857; baseline 0.006 -25"><span class='ocrx_word' id='word_1_124' title='bbox 468 1781 595 1834; x_wconf 84' lang='grc' dir='ltr'>ϐλία</span> <span class='ocrx_word' id='word_1_125' title='bbox 628 1781 871 1854; x_wconf 84' lang='grc' dir='ltr'>Ἑϐραῖοι</span> <span class='ocrx_word' id='word_1_126' title='bbox 899 1785 1217 1855; x_wconf 82' lang='grc' dir='ltr'><strong>διαιροῦσιν,</strong></span> <span class='ocrx_word' id='word_1_127' title='bbox 1236 1786 1376 1840; x_wconf 85' lang='grc' dir='ltr'>ὥστε</span> <span class='ocrx_word' id='word_1_128' title='bbox 1406 1786 1657 1856; x_wconf 89' lang='grc' dir='ltr'>γενέσθαι</span> <span class='ocrx_word' id='word_1_129' title='bbox 1682 1787 1853 1857; x_wconf 68' lang='grc' dir='ltr'>αὑτὴν</span> <span class='ocrx_word' id='word_1_130' title='bbox 1879 1787 2045 1857; x_wconf 77' lang='grc' dir='ltr'>ἀλλην</span> 
     </span>
    </p>
   </div>
   <div class='ocr_carea' id='block_1_20' title="bbox 473 1873 2045 1951">
    <p class='ocr_par' dir='ltr' id='par_1_20' title="bbox 473 1873 2045 1951">
     <span class='ocr_line' id='line_1_20' title="bbox 473 1873 2045 1951; baseline 0.006 -27"><span class='ocrx_word' id='word_1_131' title='bbox 473 1873 860 1943; x_wconf 84' lang='grc' dir='ltr'>πεντὰτευχον.</span> <span class='ocrx_word' id='word_1_132' title='bbox 917 1876 1050 1930; x_wconf 83' lang='grc' dir='ltr'><strong>Ἀπὸ</strong></span> <span class='ocrx_word' id='word_1_133' title='bbox 1093 1878 1204 1948; x_wconf 79' lang='grc' dir='ltr'><strong>γάρ</strong></span> <span class='ocrx_word' id='word_1_134' title='bbox 1248 1877 1341 1932; x_wconf 80' lang='grc' dir='ltr'>τοῦ</span> <span class='ocrx_word' id='word_1_135' title='bbox 1389 1879 1609 1950; x_wconf 85' lang='grc' dir='ltr'>πρώτου</span> <span class='ocrx_word' id='word_1_136' title='bbox 1631 1879 1848 1949; x_wconf 77' lang='grc' dir='ltr'>ψαλμοῦ</span> <span class='ocrx_word' id='word_1_137' title='bbox 1885 1881 2045 1951; x_wconf 81' lang='grc' dir='ltr'>μέχρι</span> 
     </span>
    </p>
   </div>
   <div class='ocr_carea' id='block_1_21' title="bbox 468 1961 2046 2040">
    <p class='ocr_par' dir='ltr' id='par_1_21' title="bbox 468 1961 2046 2040">
     <span class='ocr_line' id='line_1_21' title="bbox 468 1961 2046 2040; baseline 0.005 -24"><span class='ocrx_word' id='word_1_138' title='bbox 468 1961 567 2016; x_wconf 80' lang='grc' dir='ltr'>τοῦ</span> <span class='ocrx_word' id='word_1_139' title='bbox 593 1965 1030 2036; x_wconf 88' lang='grc' dir='ltr'>τεσσαρακοστοῦ</span> <span class='ocrx_word' id='word_1_140' title='bbox 1083 1968 1212 2038; x_wconf 85' lang='grc' dir='ltr'>μίαν</span> <span class='ocrx_word' id='word_1_141' title='bbox 1238 1968 1550 2038; x_wconf 79' lang='grc' dir='ltr'>ὲλσγίσαντο</span> <span class='ocrx_word' id='word_1_142' title='bbox 1586 1968 1800 2040; x_wconf 84' lang='grc' dir='ltr'>βίϐλον·</span> <span class='ocrx_word' id='word_1_143' title='bbox 1843 1969 1950 2024; x_wconf 77' lang='grc' dir='ltr'>ἀπὸ</span> <span class='ocrx_word' id='word_1_144' title='bbox 1989 1970 2046 2025; x_wconf 81' lang='grc' dir='ltr'>δὲ</span> 
     </span>
    </p>
   </div>
   <div class='ocr_carea' id='block_1_22' title="bbox 470 2056 2046 2135">
    <p class='ocr_par' dir='ltr' id='par_1_22' title="bbox 470 2056 2046 2135">
     <span class='ocr_line' id='line_1_22' title="bbox 470 2056 2046 2135; baseline 0.005 -25"><span class='ocrx_word' id='word_1_145' title='bbox 470 2056 567 2110; x_wconf 77' lang='grc' dir='ltr'><strong>τοῦ</strong></span> <span class='ocrx_word' id='word_1_146' title='bbox 607 2061 1048 2133; x_wconf 77' lang='grc' dir='ltr'>τεσσαρακοστοΰ</span> <span class='ocrx_word' id='word_1_147' title='bbox 1093 2061 1311 2133; x_wconf 86' lang='grc' dir='ltr'>πρώτου</span> <span class='ocrx_word' id='word_1_148' title='bbox 1349 2063 1454 2127; x_wconf 70' lang='grc' dir='ltr'>ἕως</span> <span class='ocrx_word' id='word_1_149' title='bbox 1499 2063 1594 2118; x_wconf 77' lang='grc' dir='ltr'>τοῦ</span> <span class='ocrx_word' id='word_1_150' title='bbox 1645 2063 2046 2135; x_wconf 77' lang='grc' dir='ltr'>ἑϐδομηκοστοῦ</span> 
     </span>
    </p>
   </div>
   <div class='ocr_carea' id='block_1_23' title="bbox 473 2146 2048 2224">
    <p class='ocr_par' dir='ltr' id='par_1_23' title="bbox 473 2146 2048 2224">
     <span class='ocr_line' id='line_1_23' title="bbox 473 2146 2048 2224; baseline 0.006 -25"><span class='ocrx_word' id='word_1_151' title='bbox 473 2146 718 2218; x_wconf 84' lang='grc' dir='ltr'>πρώτου,</span> <span class='ocrx_word' id='word_1_152' title='bbox 754 2149 907 2204; x_wconf 84' lang='grc' dir='ltr'>δευτέ</span> <span class='ocrx_word' id='word_1_153' title='bbox 919 2167 1050 2221; x_wconf 76' lang='grc' dir='ltr'>ρανο</span> <span class='ocrx_word' id='word_1_154' title='bbox 1082 2153 1192 2206; x_wconf 81' lang='grc' dir='ltr'><strong>ἀπὸ</strong></span> <span class='ocrx_word' id='word_1_155' title='bbox 1218 2153 1276 2207; x_wconf 80' lang='grc' dir='ltr'>δὲ</span> <span class='ocrx_word' id='word_1_156' title='bbox 1304 2154 1398 2206; x_wconf 78' lang='grc' dir='ltr'><strong>τοῦ</strong></span> <span class='ocrx_word' id='word_1_157' title='bbox 1429 2154 1832 2224; x_wconf 80' lang='grc' dir='ltr'>ἑϐδομηκοστοῦ</span> <span class='ocrx_word' id='word_1_158' title='bbox 1860 2155 2048 2208; x_wconf 81' lang='grc' dir='ltr'>δευτέ-</span> 
     </span>
    </p>
   </div>
   <div class='ocr_carea' id='block_1_24' title="bbox 475 2240 2048 2318">
    <p class='ocr_par' dir='ltr' id='par_1_24' title="bbox 475 2240 2048 2318">
     <span class='ocr_line' id='line_1_24' title="bbox 475 2240 2048 2318; baseline 0.004 -25"><span class='ocrx_word' id='word_1_159' title='bbox 475 2257 573 2310; x_wconf 82' lang='grc' dir='ltr'><strong>ρου</strong></span> <span class='ocrx_word' id='word_1_160' title='bbox 616 2240 720 2306; x_wconf 75' lang='grc' dir='ltr'>ἕως</span> <span class='ocrx_word' id='word_1_161' title='bbox 769 2243 863 2296; x_wconf 78' lang='grc' dir='ltr'><strong>τοῦ</strong></span> <span class='ocrx_word' id='word_1_162' title='bbox 909 2244 1267 2315; x_wconf 84' lang='grc' dir='ltr'>ὀγδοηκοστοῦ</span> <span class='ocrx_word' id='word_1_163' title='bbox 1314 2245 1528 2315; x_wconf 81' lang='grc' dir='ltr'>ὀγδόου,</span> <span class='ocrx_word' id='word_1_164' title='bbox 1575 2248 1800 2318; x_wconf 75' lang='grc' dir='ltr'>τρίτηνο</span> <span class='ocrx_word' id='word_1_165' title='bbox 1841 2247 1950 2302; x_wconf 80' lang='grc' dir='ltr'>ἀπὸ</span> <span class='ocrx_word' id='word_1_166' title='bbox 1991 2247 2048 2300; x_wconf 81' lang='grc' dir='ltr'>δὲ</span> 
     </span>
    </p>
   </div>
   <div class='ocr_carea' id='block_1_25' title="bbox 470 2330 2048 2410">
    <p class='ocr_par' dir='ltr' id='par_1_25' title="bbox 470 2330 2048 2410">
     <span class='ocr_line' id='line_1_25' title="bbox 470 2330 2048 2410; baseline 0.006 -27"><span class='ocrx_word' id='word_1_167' title='bbox 470 2330 831 2402; x_wconf 79' lang='grc' dir='ltr'>ὀγδοηκοστοῦ</span> <span class='ocrx_word' id='word_1_168' title='bbox 875 2336 1119 2400; x_wconf 76' lang='grc' dir='ltr'>ὲννάτου,</span> <span class='ocrx_word' id='word_1_169' title='bbox 1164 2335 1272 2401; x_wconf 74' lang='grc' dir='ltr'>ἕως</span> <span class='ocrx_word' id='word_1_170' title='bbox 1318 2338 1412 2392; x_wconf 80' lang='grc' dir='ltr'><strong>τοῦ</strong></span> <span class='ocrx_word' id='word_1_171' title='bbox 1459 2339 1754 2393; x_wconf 80' lang='grc' dir='ltr'>ἑκατοστοῦ</span> <span class='ocrx_word' id='word_1_172' title='bbox 1796 2339 2048 2410; x_wconf 81' lang='grc' dir='ltr'>πέμπτου</span> 
     </span>
    </p>
   </div>
   <div class='ocr_carea' id='block_1_26' title="bbox 473 2423 2052 2502">
    <p class='ocr_par' dir='ltr' id='par_1_26' title="bbox 473 2423 2052 2502">
     <span class='ocr_line' id='line_1_26' title="bbox 473 2423 2052 2502; baseline 0.006 -28"><span class='ocrx_word' id='word_1_173' title='bbox 473 2423 740 2494; x_wconf 80' lang='grc' dir='ltr'>τετάρτην</span> <span class='ocrx_word' id='word_1_174' title='bbox 765 2425 1048 2481; x_wconf 74' lang='grc' dir='ltr'>’ἐντεῦθεν</span> <span class='ocrx_word' id='word_1_175' title='bbox 1093 2427 1195 2492; x_wconf 73' lang='grc' dir='ltr'>ἕως</span> <span class='ocrx_word' id='word_1_176' title='bbox 1234 2429 1421 2495; x_wconf 79' lang='grc' dir='ltr'>τέλους</span> <span class='ocrx_word' id='word_1_177' title='bbox 1465 2430 1741 2502; x_wconf 81' lang='grc' dir='ltr'>πέμπτην.</span> <span class='ocrx_word' id='word_1_178' title='bbox 1784 2431 2052 2484; x_wconf 82' lang='grc' dir='ltr'>’Έκαστον</span> 
     </span>
    </p>
   </div>
   <div class='ocr_carea' id='block_1_27' title="bbox 475 2513 2052 2596">
    <p class='ocr_par' dir='ltr' id='par_1_27' title="bbox 475 2513 2052 2596">
     <span class='ocr_line' id='line_1_27' title="bbox 475 2513 2052 2596; baseline 0.007 -30"><span class='ocrx_word' id='word_1_179' title='bbox 475 2513 586 2585; x_wconf 66' lang='grc' dir='ltr'><strong>γὰρ</strong></span> <span class='ocrx_word' id='word_1_180' title='bbox 609 2514 824 2588; x_wconf 71' lang='grc' dir='ltr'>ψαλμὸν</span> <span class='ocrx_word' id='word_1_181' title='bbox 851 2520 906 2571; x_wconf 81' lang='grc' dir='ltr'><strong>ὲν</strong></span> <span class='ocrx_word' id='word_1_182' title='bbox 931 2519 1007 2589; x_wconf 83' lang='grc' dir='ltr'>τῷ</span> <span class='ocrx_word' id='word_1_183' title='bbox 1033 2520 1176 2575; x_wconf 79' lang='grc' dir='ltr'>τέλει</span> <span class='ocrx_word' id='word_1_184' title='bbox 1197 2521 1385 2592; x_wconf 80' lang='grc' dir='ltr'>ἔχοντα</span> <span class='ocrx_word' id='word_1_185' title='bbox 1405 2523 1830 2594; x_wconf 76' lang='grc' dir='ltr'>τὸ,ιΕὺλογητδς</span> <span class='ocrx_word' id='word_1_186' title='bbox 1849 2524 2052 2596; x_wconf 80' lang='grc' dir='ltr'>Κύριος</span> 
     </span>
    </p>
   </div>
   <div class='ocr_carea' id='block_1_28' title="bbox 475 2606 2052 2689">
    <p class='ocr_par' dir='ltr' id='par_1_28' title="bbox 475 2606 2052 2689">
     <span class='ocr_line' id='line_1_28' title="bbox 475 2606 2052 2689; baseline 0.01 -32"><span class='ocrx_word' id='word_1_187' title='bbox 475 2606 737 2674; x_wconf 74' lang='grc' dir='ltr'>γένοιτο,›</span> <span class='ocrx_word' id='word_1_188' title='bbox 764 2609 919 2674; x_wconf 82' lang='grc' dir='ltr'>τέλος</span> <span class='ocrx_word' id='word_1_189' title='bbox 949 2607 1088 2666; x_wconf 83' lang='grc' dir='ltr'>εἶναι</span> <span class='ocrx_word' id='word_1_190' title='bbox 1138 2613 1346 2683; x_wconf 82' lang='grc' dir='ltr'>βιϐλίου</span> <span class='ocrx_word' id='word_1_191' title='bbox 1381 2614 1741 2671; x_wconf 77' lang='grc' dir='ltr'>ἐδικαίωσαν·</span> <span class='ocrx_word' id='word_1_192' title='bbox 1770 2618 1872 2688; x_wconf 82' lang='grc' dir='ltr'>τῆς</span> <span class='ocrx_word' id='word_1_193' title='bbox 1905 2619 2052 2689; x_wconf 83' lang='grc' dir='ltr'>πέμ-</span> 
     </span>
    </p>
   </div>
   <div class='ocr_carea' id='block_1_29' title="bbox 480 2701 2049 2782">
    <p class='ocr_par' dir='ltr' id='par_1_29' title="bbox 480 2701 2049 2782">
     <span class='ocr_line' id='line_1_29' title="bbox 480 2701 2049 2782; baseline 0.008 -30"><span class='ocrx_word' id='word_1_194' title='bbox 480 2716 620 2772; x_wconf 85' lang='grc' dir='ltr'>πτης</span> <span class='ocrx_word' id='word_1_195' title='bbox 663 2701 834 2771; x_wconf 88' lang='grc' dir='ltr'>μόνης</span> <span class='ocrx_word' id='word_1_196' title='bbox 885 2703 1122 2774; x_wconf 78' lang='grc' dir='ltr'>μερίδος,</span> <span class='ocrx_word' id='word_1_197' title='bbox 1172 2707 1291 2760; x_wconf 78' lang='grc' dir='ltr'>ἀντὶ</span> <span class='ocrx_word' id='word_1_198' title='bbox 1319 2707 1412 2760; x_wconf 83' lang='grc' dir='ltr'>τοῦ</span> <span class='ocrx_word' id='word_1_199' title='bbox 1439 2728 1457 2761; x_wconf 79' lang='grc' dir='ltr'><strong>ι</strong></span> <span class='ocrx_word' id='word_1_200' title='bbox 1492 2709 1795 2780; x_wconf 80' lang='grc' dir='ltr'>Εὐλογητὸς</span> <span class='ocrx_word' id='word_1_201' title='bbox 1824 2710 2049 2782; x_wconf 81' lang='grc' dir='ltr'>Κύριος,</span> 
     </span>
    </p>
   </div>
   <div class='ocr_carea' id='block_1_30' title="bbox 477 2791 2054 2872">
    <p class='ocr_par' dir='ltr' id='par_1_30' title="bbox 477 2791 2054 2872">
     <span class='ocr_line' id='line_1_30' title="bbox 477 2791 2054 2872; baseline 0.009 -30"><span class='ocrx_word' id='word_1_202' title='bbox 477 2791 941 2861; x_wconf 80' lang='grc' dir='ltr'>γένοιτο,γένοιτο,</span> <span class='ocrx_word' id='word_1_203' title='bbox 956 2795 1212 2867; x_wconf 60' lang='grc' dir='ltr'>’ἐχούσης</span> <span class='ocrx_word' id='word_1_204' title='bbox 1232 2798 1319 2850; x_wconf 83' lang='grc' dir='ltr'><strong>τδι</strong></span> <span class='ocrx_word' id='word_1_205' title='bbox 1333 2798 1486 2852; x_wconf 75' lang='grc' dir='ltr'>Πᾶσα</span> <span class='ocrx_word' id='word_1_206' title='bbox 1510 2799 1644 2872; x_wconf 83' lang='grc' dir='ltr'>πνοὴ</span> <span class='ocrx_word' id='word_1_207' title='bbox 1673 2801 1941 2854; x_wconf 83' lang='grc' dir='ltr'>αἰνεσάτω</span> <span class='ocrx_word' id='word_1_208' title='bbox 1962 2805 2054 2856; x_wconf 76' lang='grc' dir='ltr'>τὸν</span> 
     </span>
    </p>
   </div>
   <div class='ocr_carea' id='block_1_31' title="bbox 484 2879 2054 2960">
    <p class='ocr_par' dir='ltr' id='par_1_31' title="bbox 484 2879 2054 2960">
     <span class='ocr_line' id='line_1_31' title="bbox 484 2879 2054 2960; baseline 0.006 -27"><span class='ocrx_word' id='word_1_209' title='bbox 484 2879 743 2950; x_wconf 70' lang='grc' dir='ltr'>Κύριον.»</span> <span class='ocrx_word' id='word_1_210' title='bbox 779 2883 876 2943; x_wconf 87' lang='grc' dir='ltr'>Τίς</span> <span class='ocrx_word' id='word_1_211' title='bbox 899 2884 956 2937; x_wconf 82' lang='grc' dir='ltr'>δὲ</span> <span class='ocrx_word' id='word_1_212' title='bbox 995 2887 1028 2957; x_wconf 83' lang='grc' dir='ltr'><strong>η</strong></span> <span class='ocrx_word' id='word_1_213' title='bbox 1061 2887 1119 2940; x_wconf 87' lang='grc' dir='ltr'><strong>ὲν</strong></span> <span class='ocrx_word' id='word_1_214' title='bbox 1150 2885 1360 2951; x_wconf 82' lang='grc' dir='ltr'>τούτοις</span> <span class='ocrx_word' id='word_1_215' title='bbox 1391 2887 1612 2960; x_wconf 80' lang='grc' dir='ltr'>τεχνικὴ</span> <span class='ocrx_word' id='word_1_216' title='bbox 1641 2888 1823 2956; x_wconf 57' lang='lat' dir='ltr'><strong>adﬁne;</strong></span> <span class='ocrx_word' id='word_1_217' title='bbox 1848 2890 1921 2943; x_wconf 83' lang='grc' dir='ltr'>Τὸ</span> <span class='ocrx_word' id='word_1_218' title='bbox 1955 2890 2054 2959; x_wconf 80' lang='grc' dir='ltr'>μὲν</span> 
     </span>
    </p>
   </div>
   <div class='ocr_carea' id='block_1_32' title="bbox 481 2973 2052 3052">
    <p class='ocr_par' dir='ltr' id='par_1_32' title="bbox 481 2973 2052 3052">
     <span class='ocr_line' id='line_1_32' title="bbox 481 2973 2052 3052; baseline 0.006 -28"><span class='ocrx_word' id='word_1_219' title='bbox 481 2973 698 3044; x_wconf 85' lang='grc' dir='ltr'>πρῶτον</span> <span class='ocrx_word' id='word_1_220' title='bbox 733 2979 930 3047; x_wconf 83' lang='grc' dir='ltr'>τμῆμα</span> <span class='ocrx_word' id='word_1_221' title='bbox 971 2978 1068 3049; x_wconf 84' lang='grc' dir='ltr'>τῆς</span> <span class='ocrx_word' id='word_1_222' title='bbox 1089 2979 1289 3044; x_wconf 86' lang='grc' dir='ltr'>κακίας</span> <span class='ocrx_word' id='word_1_223' title='bbox 1314 2980 1576 3052; x_wconf 77' lang='grc' dir='ltr'>ἀφίστησι</span> <span class='ocrx_word' id='word_1_224' title='bbox 1604 2982 1698 3035; x_wconf 85' lang='grc' dir='ltr'>τὸν</span> <span class='ocrx_word' id='word_1_225' title='bbox 1727 2981 2014 3052; x_wconf 81' lang='grc' dir='ltr'>ἄνθρωπον</span> <span class='ocrx_word' id='word_1_226' title='bbox 2036 2997 2052 3012; x_wconf 86' lang='grc'><strong>·</strong></span> 
     </span>
    </p>
   </div>
   <div class='ocr_carea' id='block_1_33' title="bbox 478 3063 2055 3145">
    <p class='ocr_par' dir='ltr' id='par_1_33' title="bbox 478 3063 2055 3145">
     <span class='ocr_line' id='line_1_33' title="bbox 478 3063 2055 3145; baseline 0.008 -31"><span class='ocrx_word' id='word_1_227' title='bbox 478 3063 542 3114; x_wconf 81' lang='grc' dir='ltr'>τὸ</span> <span class='ocrx_word' id='word_1_228' title='bbox 580 3063 638 3117; x_wconf 82' lang='grc' dir='ltr'>δὲ</span> <span class='ocrx_word' id='word_1_229' title='bbox 659 3063 913 3137; x_wconf 81' lang='grc' dir='ltr'>δεύτερον</span> <span class='ocrx_word' id='word_1_230' title='bbox 945 3068 1324 3140; x_wconf 79' lang='grc' dir='ltr'>ὑπερδιψῶντα</span> <span class='ocrx_word' id='word_1_231' title='bbox 1355 3072 1566 3141; x_wconf 72' lang='grc' dir='ltr'>εἰσάγει</span> <span class='ocrx_word' id='word_1_232' title='bbox 1599 3072 1790 3128; x_wconf 76' lang='grc' dir='ltr'>τοῦτον</span> <span class='ocrx_word' id='word_1_233' title='bbox 1814 3074 1908 3128; x_wconf 85' lang='grc' dir='ltr'><strong>τοῦ</strong></span> <span class='ocrx_word' id='word_1_234' title='bbox 1935 3073 2055 3145; x_wconf 80' lang='grc' dir='ltr'><strong>βελο</strong></span> 
     </span>
    </p>
   </div>
   <div class='ocr_carea' id='block_1_34' title="bbox 2137 602 3714 674">
    <p class='ocr_par' dir='ltr' id='par_1_34' title="bbox 2137 602 3714 674">
     <span class='ocr_line' id='line_1_34' title="bbox 2137 602 3714 674; baseline 0.002 -18"><span class='ocrx_word' id='word_1_235' title='bbox 2137 602 2315 658; x_wconf 91' lang='lat' dir='ltr'><strong>mellis</strong></span> <span class='ocrx_word' id='word_1_236' title='bbox 2363 604 2630 657; x_wconf 85' lang='lat' dir='ltr'><strong>suavitate</strong></span> <span class='ocrx_word' id='word_1_237' title='bbox 2675 605 2926 673; x_wconf 75' lang='lat' dir='ltr'><strong>dogmata</strong></span> <span class='ocrx_word' id='word_1_238' title='bbox 2981 604 3298 659; x_wconf 79' lang='lat' dir='ltr'><strong>sublimiora</strong></span> <span class='ocrx_word' id='word_1_239' title='bbox 3341 603 3714 674; x_wconf 87' lang='lat' dir='ltr'><strong>perfunderet.</strong></span> 
     </span>
    </p>
   </div>
   <div class='ocr_carea' id='block_1_35' title="bbox 2141 694 3717 765">
    <p class='ocr_par' dir='ltr' id='par_1_35' title="bbox 2141 694 3717 765">
     <span class='ocr_line' id='line_1_35' title="bbox 2141 694 3717 765; baseline -0.001 -17"><span class='ocrx_word' id='word_1_240' title='bbox 2141 695 2314 764; x_wconf 85' lang='lat' dir='ltr'><strong>Atque</strong></span> <span class='ocrx_word' id='word_1_241' title='bbox 2345 696 2477 749; x_wconf 89' lang='lat' dir='ltr'><strong>mihi</strong></span> <span class='ocrx_word' id='word_1_242' title='bbox 2522 695 2738 765; x_wconf 79' lang='lat' dir='ltr'><strong>quidem</strong></span> <span class='ocrx_word' id='word_1_243' title='bbox 2772 696 2889 751; x_wconf 68' lang='lat' dir='ltr'><strong>haec</strong></span> <span class='ocrx_word' id='word_1_244' title='bbox 2924 695 3024 750; x_wconf 86' lang='lat' dir='ltr'><strong>sub</strong></span> <span class='ocrx_word' id='word_1_245' title='bbox 3059 695 3345 750; x_wconf 84' lang='lat' dir='ltr'><strong>involucro</strong></span> <span class='ocrx_word' id='word_1_246' title='bbox 3372 695 3599 750; x_wconf 87' lang='lat' dir='ltr'><strong>innuere</strong></span> <span class='ocrx_word' id='word_1_247' title='bbox 3636 694 3717 748; x_wconf 86' lang='lat' dir='ltr'><strong>vi-</strong></span> 
     </span>
    </p>
   </div>
   <div class='ocr_carea' id='block_1_36' title="bbox 2139 786 3720 857">
    <p class='ocr_par' dir='ltr' id='par_1_36' title="bbox 2139 786 3720 857">
     <span class='ocr_line' id='line_1_36' title="bbox 2139 786 3720 857; baseline 0 -17"><span class='ocrx_word' id='word_1_248' title='bbox 2139 787 2318 854; x_wconf 85' lang='lat' dir='ltr'><strong>detur,</strong></span> <span class='ocrx_word' id='word_1_249' title='bbox 2353 787 2569 841; x_wconf 85' lang='lat' dir='ltr'><strong>illorum</strong></span> <span class='ocrx_word' id='word_1_250' title='bbox 2625 787 2717 857; x_wconf 91' lang='lat' dir='ltr'><strong>qui</strong></span> <span class='ocrx_word' id='word_1_251' title='bbox 2769 787 3025 841; x_wconf 76' lang='lat' dir='ltr'><strong>virtutem</strong></span> <span class='ocrx_word' id='word_1_252' title='bbox 3085 787 3307 851; x_wconf 88' lang='lat' dir='ltr'><strong>colunt,</strong></span> <span class='ocrx_word' id='word_1_253' title='bbox 3365 802 3473 840; x_wconf 89' lang='lat' dir='ltr'><strong>non</strong></span> <span class='ocrx_word' id='word_1_254' title='bbox 3519 786 3720 840; x_wconf 82' lang='lat' dir='ltr'><strong>debere</strong></span> 
     </span>
    </p>
   </div>
   <div class='ocr_carea' id='block_1_37' title="bbox 2142 878 3719 948">
    <p class='ocr_par' dir='ltr' id='par_1_37' title="bbox 2142 878 3719 948">
     <span class='ocr_line' id='line_1_37' title="bbox 2142 878 3719 948; baseline -0.002 -16"><span class='ocrx_word' id='word_1_255' title='bbox 2142 892 2322 932; x_wconf 88' lang='lat' dir='ltr'><strong>mores</strong></span> <span class='ocrx_word' id='word_1_256' title='bbox 2348 879 2491 932; x_wconf 90' lang='lat' dir='ltr'><strong>modi</strong></span> <span class='ocrx_word' id='word_1_257' title='bbox 2515 885 2570 932; x_wconf 86' lang='lat' dir='ltr'><strong>et</strong></span> <span class='ocrx_word' id='word_1_258' title='bbox 2595 879 3165 948; x_wconf 64' lang='lat' dir='ltr'><strong>harmonimexpertcs</strong></span> <span class='ocrx_word' id='word_1_259' title='bbox 3190 895 3312 934; x_wconf 90' lang='lat' dir='ltr'><strong>esse</strong></span> <span class='ocrx_word' id='word_1_260' title='bbox 3353 888 3448 932; x_wconf 87' lang='lat' dir='ltr'><strong>aut</strong></span> <span class='ocrx_word' id='word_1_261' title='bbox 3473 878 3719 933; x_wconf 85' lang='lat' dir='ltr'><strong>incurio-</strong></span> 
     </span>
    </p>
   </div>
   <div class='ocr_carea' id='block_1_38' title="bbox 2141 969 3718 1040">
    <p class='ocr_par' dir='ltr' id='par_1_38' title="bbox 2141 969 3718 1040">
     <span class='ocr_line' id='line_1_38' title="bbox 2141 969 3718 1040; baseline -0.003 -14"><span class='ocrx_word' id='word_1_262' title='bbox 2141 987 2255 1037; x_wconf 90' lang='lat' dir='ltr'><strong>sos,</strong></span> <span class='ocrx_word' id='word_1_263' title='bbox 2289 972 2382 1027; x_wconf 91' lang='lat' dir='ltr'><strong>sed</strong></span> <span class='ocrx_word' id='word_1_264' title='bbox 2407 972 2754 1026; x_wconf 79' lang='lat' dir='ltr'><strong>liarnronicos</strong></span> <span class='ocrx_word' id='word_1_265' title='bbox 2780 981 2833 1025; x_wconf 85' lang='lat' dir='ltr'><strong>et</strong></span> <span class='ocrx_word' id='word_1_266' title='bbox 2853 987 3176 1026; x_wconf 89' lang='lat' dir='ltr'><strong>numerosos</strong></span> <span class='ocrx_word' id='word_1_267' title='bbox 3199 990 3220 1038; x_wconf 61' lang='grc' dir='ltr'><strong>ι</strong></span> <span class='ocrx_word' id='word_1_268' title='bbox 3251 987 3430 1040; x_wconf 88' lang='lat' dir='ltr'><strong>neque</strong></span> <span class='ocrx_word' id='word_1_269' title='bbox 3455 985 3627 1039; x_wconf 88' lang='lat' dir='ltr'><strong>usque</strong></span> <span class='ocrx_word' id='word_1_270' title='bbox 3649 969 3718 1024; x_wconf 90' lang='lat' dir='ltr'><strong>ad</strong></span> 
     </span>
    </p>
   </div>
   <div class='ocr_carea' id='block_1_39' title="bbox 2141 1060 3720 1132">
    <p class='ocr_par' dir='ltr' id='par_1_39' title="bbox 2141 1060 3720 1132">
     <span class='ocr_line' id='line_1_39' title="bbox 2141 1060 3720 1132; baseline -0.002 -17"><span class='ocrx_word' id='word_1_271' title='bbox 2141 1075 2424 1116; x_wconf 77' lang='lat' dir='ltr'><strong>excessum</strong></span> <span class='ocrx_word' id='word_1_272' title='bbox 2453 1061 2693 1132; x_wconf 83' lang='lat' dir='ltr'><strong>rigidos;</strong></span> <span class='ocrx_word' id='word_1_273' title='bbox 2729 1062 2954 1115; x_wconf 88' lang='lat' dir='ltr'><strong>omnino</strong></span> <span class='ocrx_word' id='word_1_274' title='bbox 2983 1062 3126 1116; x_wconf 88' lang='lat' dir='ltr'><strong>enim</strong></span> <span class='ocrx_word' id='word_1_275' title='bbox 3178 1060 3348 1115; x_wconf 87' lang='lat' dir='ltr'><strong>nimia</strong></span> <span class='ocrx_word' id='word_1_276' title='bbox 3411 1060 3720 1114; x_wconf 89' lang='lat' dir='ltr'><strong>intensionc</strong></span> 
     </span>
    </p>
   </div>
   <div class='ocr_carea' id='block_1_40' title="bbox 2142 1151 3718 1222">
    <p class='ocr_par' dir='ltr' id='par_1_40' title="bbox 2142 1151 3718 1222">
     <span class='ocr_line' id='line_1_40' title="bbox 2142 1151 3718 1222; baseline -0.003 -14"><span class='ocrx_word' id='word_1_277' title='bbox 2142 1152 2361 1208; x_wconf 66' lang='lat' dir='ltr'><strong>chorda:</strong></span> <span class='ocrx_word' id='word_1_278' title='bbox 2383 1153 2656 1222; x_wconf 84' lang='lat' dir='ltr'><strong>rumpitur</strong></span> <span class='ocrx_word' id='word_1_279' title='bbox 2697 1163 3033 1219; x_wconf 86' lang='lat' dir='ltr'><strong>concentus;</strong></span> <span class='ocrx_word' id='word_1_280' title='bbox 3072 1168 3248 1222; x_wconf 89' lang='lat' dir='ltr'><strong>neque</strong></span> <span class='ocrx_word' id='word_1_281' title='bbox 3279 1152 3333 1206; x_wconf 87' lang='lat' dir='ltr'><strong>in</strong></span> <span class='ocrx_word' id='word_1_282' title='bbox 3383 1151 3718 1205; x_wconf 85' lang='lat' dir='ltr'><strong>contrariam</strong></span> 
     </span>
    </p>
   </div>
   <div class='ocr_carea' id='block_1_41' title="bbox 2143 1242 3720 1312">
    <p class='ocr_par' dir='ltr' id='par_1_41' title="bbox 2143 1242 3720 1312">
     <span class='ocr_line' id='line_1_41' title="bbox 2143 1242 3720 1312; baseline -0.001 -18"><span class='ocrx_word' id='word_1_283' title='bbox 2143 1252 2352 1312; x_wconf 84' lang='lat' dir='ltr'><strong>partem</strong></span> <span class='ocrx_word' id='word_1_284' title='bbox 2384 1243 2702 1307; x_wconf 85' lang='lat' dir='ltr'><strong>dissolutos,</strong></span> <span class='ocrx_word' id='word_1_285' title='bbox 2741 1244 2809 1297; x_wconf 87' lang='lat' dir='ltr'><strong>ab</strong></span> <span class='ocrx_word' id='word_1_286' title='bbox 2838 1243 3258 1312; x_wconf 79' lang='lat' dir='ltr'><strong>intemperantia</strong></span> <span class='ocrx_word' id='word_1_287' title='bbox 3311 1243 3534 1312; x_wconf 35' lang='lat' dir='ltr'><strong>scilicet.</strong></span> <span class='ocrx_word' id='word_1_288' title='bbox 3566 1242 3720 1294; x_wconf 89' lang='lat' dir='ltr'><strong>volu-</strong></span> 
     </span>
    </p>
   </div>
   <div class='ocr_carea' id='block_1_42' title="bbox 2145 1332 3723 1402">
    <p class='ocr_par' dir='ltr' id='par_1_42' title="bbox 2145 1332 3723 1402">
     <span class='ocr_line' id='line_1_42' title="bbox 2145 1332 3723 1402; baseline -0.001 -16"><span class='ocrx_word' id='word_1_289' title='bbox 2145 1334 2312 1402; x_wconf 64' lang='lat' dir='ltr'><strong>ptatis</strong></span> <span class='ocrx_word' id='word_1_290' title='bbox 2345 1349 2358 1386; x_wconf 90' lang='lat'><strong>:</strong></span> <span class='ocrx_word' id='word_1_291' title='bbox 2393 1340 2544 1386; x_wconf 89' lang='lat' dir='ltr'><strong>muta</strong></span> <span class='ocrx_word' id='word_1_292' title='bbox 2573 1332 2719 1386; x_wconf 91' lang='lat' dir='ltr'><strong>enim</strong></span> <span class='ocrx_word' id='word_1_293' title='bbox 2753 1341 2806 1387; x_wconf 87' lang='lat' dir='ltr'><strong>et</strong></span> <span class='ocrx_word' id='word_1_294' title='bbox 2827 1333 3058 1402; x_wconf 83' lang='lat' dir='ltr'><strong>elinguis</strong></span> <span class='ocrx_word' id='word_1_295' title='bbox 3091 1333 3335 1387; x_wconf 84' lang='lat' dir='ltr'><strong>redditur</strong></span> <span class='ocrx_word' id='word_1_296' title='bbox 3364 1333 3569 1398; x_wconf 88' lang='lat' dir='ltr'><strong>anima,</strong></span> <span class='ocrx_word' id='word_1_297' title='bbox 3600 1347 3723 1402; x_wconf 70' lang='lat' dir='ltr'><strong>quae</strong></span> 
     </span>
    </p>
   </div>
   <div class='ocr_carea' id='block_1_43' title="bbox 2147 1421 3720 1493">
    <p class='ocr_par' dir='ltr' id='par_1_43' title="bbox 2147 1421 3720 1493">
     <span class='ocr_line' id='line_1_43' title="bbox 2147 1421 3720 1493; baseline -0.003 -16"><span class='ocrx_word' id='word_1_298' title='bbox 2147 1437 2176 1477; x_wconf 85' lang='lat' dir='ltr'><strong>a</strong></span> <span class='ocrx_word' id='word_1_299' title='bbox 2225 1421 2410 1476; x_wconf 90' lang='lat' dir='ltr'><strong>studio</strong></span> <span class='ocrx_word' id='word_1_300' title='bbox 2452 1423 2745 1493; x_wconf 84' lang='lat' dir='ltr'><strong>voluptatis</strong></span> <span class='ocrx_word' id='word_1_301' title='bbox 2795 1423 3106 1479; x_wconf 86' lang='lat' dir='ltr'><strong>resolvitur.</strong></span> <span class='ocrx_word' id='word_1_302' title='bbox 3161 1422 3236 1476; x_wconf 77' lang='lat' dir='ltr'><strong>Ex</strong></span> <span class='ocrx_word' id='word_1_303' title='bbox 3267 1423 3351 1476; x_wconf 88' lang='lat' dir='ltr'><strong>his</strong></span> <span class='ocrx_word' id='word_1_304' title='bbox 3384 1423 3554 1491; x_wconf 84' lang='lat' dir='ltr'><strong>liquet</strong></span> <span class='ocrx_word' id='word_1_305' title='bbox 3591 1421 3720 1490; x_wconf 84' lang='lat' dir='ltr'><strong>quid</strong></span> 
     </span>
    </p>
   </div>
   <div class='ocr_carea' id='block_1_44' title="bbox 2146 1511 3720 1580">
    <p class='ocr_par' dir='ltr' id='par_1_44' title="bbox 2146 1511 3720 1580">
     <span class='ocr_line' id='line_1_44' title="bbox 2146 1511 3720 1580; baseline -0.005 -11"><span class='ocrx_word' id='word_1_306' title='bbox 2146 1512 2252 1569; x_wconf 82' lang='lat' dir='ltr'><strong>sibi</strong></span> <span class='ocrx_word' id='word_1_307' title='bbox 2283 1513 2410 1567; x_wconf 89' lang='lat' dir='ltr'><strong>velit</strong></span> <span class='ocrx_word' id='word_1_308' title='bbox 2435 1513 2658 1568; x_wconf 68' lang='lat' dir='ltr'><strong>musicae</strong></span> <span class='ocrx_word' id='word_1_309' title='bbox 2684 1512 2814 1567; x_wconf 89' lang='lat' dir='ltr'><strong>illud</strong></span> <span class='ocrx_word' id='word_1_310' title='bbox 2850 1512 3214 1573; x_wconf 86' lang='lat' dir='ltr'><strong>involucrum,</strong></span> <span class='ocrx_word' id='word_1_311' title='bbox 3246 1511 3390 1580; x_wconf 88' lang='lat' dir='ltr'><strong>quod</strong></span> <span class='ocrx_word' id='word_1_312' title='bbox 3430 1511 3720 1564; x_wconf 84' lang='lat' dir='ltr'><strong>affectuum</strong></span> 
     </span>
    </p>
   </div>
   <div class='ocr_carea' id='block_1_45' title="bbox 2148 1600 3724 1674">
    <p class='ocr_par' dir='ltr' id='par_1_45' title="bbox 2148 1600 3724 1674">
     <span class='ocr_line' id='line_1_45' title="bbox 2148 1600 3724 1674; baseline -0.003 -16"><span class='ocrx_word' id='word_1_313' title='bbox 2148 1605 2369 1659; x_wconf 90' lang='lat' dir='ltr'><strong>modum</strong></span> <span class='ocrx_word' id='word_1_314' title='bbox 2415 1613 2469 1659; x_wconf 87' lang='lat' dir='ltr'><strong>et</strong></span> <span class='ocrx_word' id='word_1_315' title='bbox 2512 1613 3002 1674; x_wconf 85' lang='lat' dir='ltr'><strong>temperamentum</strong></span> <span class='ocrx_word' id='word_1_316' title='bbox 3057 1602 3268 1663; x_wconf 85' lang='lat' dir='ltr'><strong>suadet.</strong></span> <span class='ocrx_word' id='word_1_317' title='bbox 3301 1602 3393 1672; x_wconf 78' lang='lat' dir='ltr'><strong>qui</strong></span> <span class='ocrx_word' id='word_1_318' title='bbox 3426 1602 3572 1655; x_wconf 77' lang='lat' dir='ltr'><strong>varie</strong></span> <span class='ocrx_word' id='word_1_319' title='bbox 3605 1600 3724 1654; x_wconf 72' lang='lat' dir='ltr'><strong>alli-</strong></span> 
     </span>
    </p>
   </div>
   <div class='ocr_carea' id='block_1_46' title="bbox 2148 1682 3722 1767">
    <p class='ocr_par' dir='ltr' id='par_1_46' title="bbox 2148 1682 3722 1767">
     <span class='ocr_line' id='line_1_46' title="bbox 2148 1682 3722 1767; baseline -0.005 -15"><span class='ocrx_word' id='word_1_320' title='bbox 2148 1697 2301 1752; x_wconf 92' lang='lat' dir='ltr'><strong>ciunt</strong></span> <span class='ocrx_word' id='word_1_321' title='bbox 2327 1682 2541 1752; x_wconf 88' lang='lat' dir='ltr'><strong>animos</strong></span> <span class='ocrx_word' id='word_1_322' title='bbox 2579 1712 2678 1767; x_wconf 90' lang='lat' dir='ltr'><strong>pro</strong></span> <span class='ocrx_word' id='word_1_323' title='bbox 2722 1697 3041 1753; x_wconf 90' lang='lat' dir='ltr'><strong>discrimine</strong></span> <span class='ocrx_word' id='word_1_324' title='bbox 3097 1695 3349 1750; x_wconf 79' lang='lat' dir='ltr'><strong>ordinum</strong></span> <span class='ocrx_word' id='word_1_325' title='bbox 3386 1703 3443 1748; x_wconf 82' lang='lat' dir='ltr'><strong>et</strong></span> <span class='ocrx_word' id='word_1_326' title='bbox 3478 1703 3722 1747; x_wconf 79' lang='lat' dir='ltr'><strong>aetatum.</strong></span> 
     </span>
    </p>
   </div>
   <div class='ocr_carea' id='block_1_47' title="bbox 2151 1785 3725 1860">
    <p class='ocr_par' dir='ltr' id='par_1_47' title="bbox 2151 1785 3725 1860">
     <span class='ocr_line' id='line_1_47' title="bbox 2151 1785 3725 1860; baseline -0.003 -19"><span class='ocrx_word' id='word_1_327' title='bbox 2151 1787 2394 1860; x_wconf 87' lang='lat' dir='ltr'><strong>Denique</strong></span> <span class='ocrx_word' id='word_1_328' title='bbox 2436 1789 2503 1844; x_wconf 86' lang='lat' dir='ltr'><strong>de</strong></span> <span class='ocrx_word' id='word_1_329' title='bbox 2560 1789 2855 1844; x_wconf 87' lang='lat' dir='ltr'><strong>virtutibus</strong></span> <span class='ocrx_word' id='word_1_330' title='bbox 2896 1788 3118 1842; x_wconf 76' lang='lat' dir='ltr'><strong>musicae</strong></span> <span class='ocrx_word' id='word_1_331' title='bbox 3176 1787 3338 1857; x_wconf 85' lang='lat' dir='ltr'><strong>hujus</strong></span> <span class='ocrx_word' id='word_1_332' title='bbox 3377 1785 3576 1839; x_wconf 78' lang='lat' dir='ltr'><strong>divinae</strong></span> <span class='ocrx_word' id='word_1_333' title='bbox 3637 1799 3725 1838; x_wconf 82' lang='lat' dir='ltr'><strong>res</strong></span> 
     </span>
    </p>
   </div>
   <div class='ocr_carea' id='block_1_48' title="bbox 2149 1876 3726 1950">
    <p class='ocr_par' dir='ltr' id='par_1_48' title="bbox 2149 1876 3726 1950">
     <span class='ocr_line' id='line_1_48' title="bbox 2149 1876 3726 1950; baseline -0.004 -17"><span class='ocrx_word' id='word_1_334' title='bbox 2149 1879 2264 1950; x_wconf 88' lang='lat' dir='ltr'><strong>ipsa</strong></span> <span class='ocrx_word' id='word_1_335' title='bbox 2291 1879 2664 1935; x_wconf 90' lang='lat' dir='ltr'><strong>testimonium</strong></span> <span class='ocrx_word' id='word_1_336' title='bbox 2699 1879 2902 1950; x_wconf 67' lang='lat' dir='ltr'><strong>prrebet</strong></span> <span class='ocrx_word' id='word_1_337' title='bbox 2933 1878 3142 1943; x_wconf 86' lang='lat' dir='ltr'><strong>Davidi,</strong></span> <span class='ocrx_word' id='word_1_338' title='bbox 3181 1878 3274 1947; x_wconf 88' lang='lat' dir='ltr'><strong>qui</strong></span> <span class='ocrx_word' id='word_1_339' title='bbox 3322 1876 3642 1932; x_wconf 78' lang='lat' dir='ltr'><strong>delirantcm</strong></span> <span class='ocrx_word' id='word_1_340' title='bbox 3672 1885 3726 1929; x_wconf 79' lang='lat' dir='ltr'><strong>et</strong></span> 
     </span>
    </p>
   </div>
   <div class='ocr_carea' id='block_1_49' title="bbox 2149 1967 3726 2036">
    <p class='ocr_par' dir='ltr' id='par_1_49' title="bbox 2149 1967 3726 2036">
     <span class='ocr_line' id='line_1_49' title="bbox 2149 1967 3726 2036; baseline -0.007 -8"><span class='ocrx_word' id='word_1_341' title='bbox 2149 1981 2304 2028; x_wconf 79' lang='lat' dir='ltr'><strong>extra</strong></span> <span class='ocrx_word' id='word_1_342' title='bbox 2367 1986 2428 2028; x_wconf 87' lang='lat' dir='ltr'><strong>se</strong></span> <span class='ocrx_word' id='word_1_343' title='bbox 2473 1973 2834 2028; x_wconf 86' lang='lat' dir='ltr'><strong>constitutum</strong></span> <span class='ocrx_word' id='word_1_344' title='bbox 2884 1980 3079 2026; x_wconf 87' lang='lat' dir='ltr'><strong>nactus</strong></span> <span class='ocrx_word' id='word_1_345' title='bbox 3143 1969 3392 2036; x_wconf 85' lang='lat' dir='ltr'><strong>Saulem,</strong></span> <span class='ocrx_word' id='word_1_346' title='bbox 3455 1967 3726 2024; x_wconf 73' lang='lat' dir='ltr'><strong>cantando</strong></span> 
     </span>
    </p>
   </div>
   <div class='ocr_carea' id='block_1_50' title="bbox 2150 2060 3726 2134">
    <p class='ocr_par' dir='ltr' id='par_1_50' title="bbox 2150 2060 3726 2134">
     <span class='ocr_line' id='line_1_50' title="bbox 2150 2060 3726 2134; baseline -0.003 -17"><span class='ocrx_word' id='word_1_347' title='bbox 2150 2076 2326 2134; x_wconf 87' lang='lat' dir='ltr'><strong>usque</strong></span> <span class='ocrx_word' id='word_1_348' title='bbox 2363 2061 2499 2118; x_wconf 88' lang='lat' dir='ltr'><strong>adeo</strong></span> <span class='ocrx_word' id='word_1_349' title='bbox 2529 2062 2837 2133; x_wconf 81' lang='lat' dir='ltr'><strong>pert-uravit</strong></span> <span class='ocrx_word' id='word_1_350' title='bbox 2864 2062 2955 2116; x_wconf 89' lang='lat' dir='ltr'><strong>illa</strong></span> <span class='ocrx_word' id='word_1_351' title='bbox 2999 2061 3067 2116; x_wconf 86' lang='lat' dir='ltr'><strong>ab</strong></span> <span class='ocrx_word' id='word_1_352' title='bbox 3096 2061 3439 2131; x_wconf 78' lang='lat' dir='ltr'><strong>aegritudine,</strong></span> <span class='ocrx_word' id='word_1_353' title='bbox 3474 2070 3534 2114; x_wconf 90' lang='lat' dir='ltr'><strong>ut</strong></span> <span class='ocrx_word' id='word_1_354' title='bbox 3566 2060 3726 2130; x_wconf 88' lang='lat' dir='ltr'><strong>paulo</strong></span> 
     </span>
    </p>
   </div>
   <div class='ocr_carea' id='block_1_51' title="bbox 2151 2150 3726 2224">
    <p class='ocr_par' dir='ltr' id='par_1_51' title="bbox 2151 2150 3726 2224">
     <span class='ocr_line' id='line_1_51' title="bbox 2151 2150 3726 2224; baseline -0.003 -15"><span class='ocrx_word' id='word_1_355' title='bbox 2151 2163 2274 2224; x_wconf 91' lang='lat' dir='ltr'><strong>post</strong></span> <span class='ocrx_word' id='word_1_356' title='bbox 2303 2169 2436 2210; x_wconf 85' lang='lat' dir='ltr'><strong>usus</strong></span> <span class='ocrx_word' id='word_1_357' title='bbox 2483 2154 2734 2217; x_wconf 87' lang='lat' dir='ltr'><strong>rationis,</strong></span> <span class='ocrx_word' id='word_1_358' title='bbox 2783 2153 2962 2224; x_wconf 84' lang='lat' dir='ltr'><strong>qualis</strong></span> <span class='ocrx_word' id='word_1_359' title='bbox 2991 2161 3146 2207; x_wconf 76' lang='lat' dir='ltr'><strong>extra</strong></span> <span class='ocrx_word' id='word_1_360' title='bbox 3180 2152 3430 2206; x_wconf 87' lang='lat' dir='ltr'><strong>morbum</strong></span> <span class='ocrx_word' id='word_1_361' title='bbox 3477 2159 3616 2213; x_wconf 85' lang='lat' dir='ltr'><strong>erat,</strong></span> <span class='ocrx_word' id='word_1_362' title='bbox 3649 2150 3726 2204; x_wconf 87' lang='lat' dir='ltr'><strong>illi</strong></span> 
     </span>
    </p>
   </div>
   <div class='ocr_carea' id='block_1_52' title="bbox 2152 2243 3724 2314">
    <p class='ocr_par' dir='ltr' id='par_1_52' title="bbox 2152 2243 3724 2314">
     <span class='ocr_line' id='line_1_52' title="bbox 2152 2243 3724 2314; baseline -0.005 -12"><span class='ocrx_word' id='word_1_363' title='bbox 2152 2248 2376 2302; x_wconf 86' lang='lat' dir='ltr'><strong>rediret.</strong></span> <span class='ocrx_word' id='word_1_364' title='bbox 2427 2246 2775 2301; x_wconf 83' lang='lat' dir='ltr'><strong>Psalmorum</strong></span> <span class='ocrx_word' id='word_1_365' title='bbox 2824 2260 2954 2300; x_wconf 88' lang='lat' dir='ltr'><strong>vero</strong></span> <span class='ocrx_word' id='word_1_366' title='bbox 2999 2244 3221 2311; x_wconf 80' lang='lat' dir='ltr'><strong>librum,</strong></span> <span class='ocrx_word' id='word_1_367' title='bbox 3277 2243 3421 2314; x_wconf 90' lang='lat' dir='ltr'><strong>quod</strong></span> <span class='ocrx_word' id='word_1_368' title='bbox 3472 2243 3724 2296; x_wconf 88' lang='lat' dir='ltr'><strong>ultimum</strong></span> 
     </span>
    </p>
   </div>
   <div class='ocr_carea' id='block_1_53' title="bbox 2153 2332 3726 2408">
    <p class='ocr_par' dir='ltr' id='par_1_53' title="bbox 2153 2332 3726 2408">
     <span class='ocr_line' id='line_1_53' title="bbox 2153 2332 3726 2408; baseline -0.004 -15"><span class='ocrx_word' id='word_1_369' title='bbox 2153 2346 2238 2393; x_wconf 87' lang='lat' dir='ltr'><strong>est</strong></span> <span class='ocrx_word' id='word_1_370' title='bbox 2267 2337 2677 2408; x_wconf 86' lang='lat' dir='ltr'><strong>perquisitionis</strong></span> <span class='ocrx_word' id='word_1_371' title='bbox 2707 2345 2928 2400; x_wconf 68' lang='lat' dir='ltr'><strong>nostrae,</strong></span> <span class='ocrx_word' id='word_1_372' title='bbox 2963 2336 3017 2389; x_wconf 90' lang='lat' dir='ltr'><strong>in</strong></span> <span class='ocrx_word' id='word_1_373' title='bbox 3042 2336 3286 2406; x_wconf 69' lang='lat' dir='ltr'><strong>quinque</strong></span> <span class='ocrx_word' id='word_1_374' title='bbox 3320 2335 3488 2390; x_wconf 88' lang='lat' dir='ltr'><strong>libros</strong></span> <span class='ocrx_word' id='word_1_375' title='bbox 3518 2332 3726 2388; x_wconf 58' lang='lat' dir='ltr'><strong>Hebraei</strong></span> 
     </span>
    </p>
   </div>
   <div class='ocr_carea' id='block_1_54' title="bbox 2153 2425 3729 2498">
    <p class='ocr_par' dir='ltr' id='par_1_54' title="bbox 2153 2425 3729 2498">
     <span class='ocr_line' id='line_1_54' title="bbox 2153 2425 3729 2498; baseline -0.004 -14"><span class='ocrx_word' id='word_1_376' title='bbox 2153 2429 2419 2495; x_wconf 87' lang='lat' dir='ltr'><strong>dividunt,</strong></span> <span class='ocrx_word' id='word_1_377' title='bbox 2447 2431 2591 2484; x_wconf 91' lang='lat' dir='ltr'><strong>unde</strong></span> <span class='ocrx_word' id='word_1_378' title='bbox 2624 2429 2727 2483; x_wconf 88' lang='lat' dir='ltr'><strong>alia</strong></span> <span class='ocrx_word' id='word_1_379' title='bbox 2767 2427 2948 2498; x_wconf 85' lang='lat' dir='ltr'><strong>prodit</strong></span> <span class='ocrx_word' id='word_1_380' title='bbox 2981 2425 3409 2482; x_wconf 78' lang='lat' dir='ltr'><strong>Pentateuchus.</strong></span> <span class='ocrx_word' id='word_1_381' title='bbox 3457 2429 3501 2480; x_wconf 84' lang='grc' dir='ltr'><strong>Α</strong></span> <span class='ocrx_word' id='word_1_382' title='bbox 3552 2427 3729 2493; x_wconf 83' lang='lat' dir='ltr'><strong>primo</strong></span> 
     </span>
    </p>
   </div>
   <div class='ocr_carea' id='block_1_55' title="bbox 2152 2516 3732 2588">
    <p class='ocr_par' dir='ltr' id='par_1_55' title="bbox 2152 2516 3732 2588">
     <span class='ocr_line' id='line_1_55' title="bbox 2152 2516 3732 2588; baseline -0.004 -14"><span class='ocrx_word' id='word_1_383' title='bbox 2152 2521 2296 2575; x_wconf 90' lang='lat' dir='ltr'><strong>enim</strong></span> <span class='ocrx_word' id='word_1_384' title='bbox 2340 2519 2406 2573; x_wconf 92' lang='lat' dir='ltr'><strong>ad</strong></span> <span class='ocrx_word' id='word_1_385' title='bbox 2441 2518 2922 2588; x_wconf 78' lang='lat' dir='ltr'><strong>quadragesimum</strong></span> <span class='ocrx_word' id='word_1_386' title='bbox 2972 2532 3177 2588; x_wconf 89' lang='lat' dir='ltr'><strong>usque,</strong></span> <span class='ocrx_word' id='word_1_387' title='bbox 3231 2519 3464 2585; x_wconf 85' lang='lat' dir='ltr'><strong>primum</strong></span> <span class='ocrx_word' id='word_1_388' title='bbox 3525 2516 3732 2571; x_wconf 81' lang='lat' dir='ltr'><strong>descri-</strong></span> 
     </span>
    </p>
   </div>
   <div class='ocr_carea' id='block_1_56' title="bbox 2151 2607 3730 2682">
    <p class='ocr_par' dir='ltr' id='par_1_56' title="bbox 2151 2607 3730 2682">
     <span class='ocr_line' id='line_1_56' title="bbox 2151 2607 3730 2682; baseline -0.004 -15"><span class='ocrx_word' id='word_1_389' title='bbox 2151 2618 2380 2682; x_wconf 88' lang='lat' dir='ltr'><strong>pserunt</strong></span> <span class='ocrx_word' id='word_1_390' title='bbox 2420 2611 2654 2678; x_wconf 85' lang='lat' dir='ltr'><strong>librum;</strong></span> <span class='ocrx_word' id='word_1_391' title='bbox 2684 2625 2713 2663; x_wconf 84' lang='lat' dir='ltr'><strong>a</strong></span> <span class='ocrx_word' id='word_1_392' title='bbox 2741 2610 3160 2680; x_wconf 81' lang='lat' dir='ltr'><strong>quadragesimo</strong></span> <span class='ocrx_word' id='word_1_393' title='bbox 3197 2608 3372 2678; x_wconf 84' lang='lat' dir='ltr'><strong>primo</strong></span> <span class='ocrx_word' id='word_1_394' title='bbox 3412 2607 3479 2662; x_wconf 90' lang='lat' dir='ltr'><strong>ad</strong></span> <span class='ocrx_word' id='word_1_395' title='bbox 3506 2617 3730 2677; x_wconf 82' lang='lat' dir='ltr'><strong>septua-</strong></span> 
     </span>
    </p>
   </div>
   <div class='ocr_carea' id='block_1_57' title="bbox 2155 2701 3733 2773">
    <p class='ocr_par' dir='ltr' id='par_1_57' title="bbox 2155 2701 3733 2773">
     <span class='ocr_line' id='line_1_57' title="bbox 2155 2701 3733 2773; baseline -0.001 -17"><span class='ocrx_word' id='word_1_396' title='bbox 2155 2703 2421 2772; x_wconf 81' lang='lat' dir='ltr'><strong>gesimum</strong></span> <span class='ocrx_word' id='word_1_397' title='bbox 2463 2704 2725 2773; x_wconf 87' lang='lat' dir='ltr'><strong>primum,</strong></span> <span class='ocrx_word' id='word_1_398' title='bbox 2769 2703 3108 2768; x_wconf 88' lang='lat' dir='ltr'><strong>secundum;</strong></span> <span class='ocrx_word' id='word_1_399' title='bbox 3145 2717 3175 2756; x_wconf 89' lang='lat' dir='ltr'><strong>a</strong></span> <span class='ocrx_word' id='word_1_400' title='bbox 3210 2701 3612 2771; x_wconf 78' lang='lat' dir='ltr'><strong>septuagesimo</strong></span> <span class='ocrx_word' id='word_1_401' title='bbox 3645 2715 3733 2755; x_wconf 82' lang='lat' dir='ltr'><strong>se-</strong></span> 
     </span>
    </p>
   </div>
   <div class='ocr_carea' id='block_1_58' title="bbox 2155 2792 3734 2864">
    <p class='ocr_par' dir='ltr' id='par_1_58' title="bbox 2155 2792 3734 2864">
     <span class='ocr_line' id='line_1_58' title="bbox 2155 2792 3734 2864; baseline -0.003 -15"><span class='ocrx_word' id='word_1_402' title='bbox 2155 2793 2335 2849; x_wconf 88' lang='lat' dir='ltr'><strong>eundo</strong></span> <span class='ocrx_word' id='word_1_403' title='bbox 2366 2793 2429 2848; x_wconf 89' lang='lat' dir='ltr'><strong>ad</strong></span> <span class='ocrx_word' id='word_1_404' title='bbox 2455 2795 2850 2864; x_wconf 81' lang='lat' dir='ltr'><strong>octogesimum</strong></span> <span class='ocrx_word' id='word_1_405' title='bbox 2880 2803 3155 2859; x_wconf 86' lang='lat' dir='ltr'><strong>octavum,</strong></span> <span class='ocrx_word' id='word_1_406' title='bbox 3187 2793 3442 2858; x_wconf 87' lang='lat' dir='ltr'><strong>tertium;</strong></span> <span class='ocrx_word' id='word_1_407' title='bbox 3482 2792 3550 2845; x_wconf 90' lang='lat' dir='ltr'><strong>ab</strong></span> <span class='ocrx_word' id='word_1_408' title='bbox 3577 2799 3734 2845; x_wconf 77' lang='lat' dir='ltr'><strong>octo-</strong></span> 
     </span>
    </p>
   </div>
   <div class='ocr_carea' id='block_1_59' title="bbox 2156 2883 3731 2956">
    <p class='ocr_par' dir='ltr' id='par_1_59' title="bbox 2156 2883 3731 2956">
     <span class='ocr_line' id='line_1_59' title="bbox 2156 2883 3731 2956; baseline -0.004 -15"><span class='ocrx_word' id='word_1_409' title='bbox 2156 2887 2362 2956; x_wconf 82' lang='lat' dir='ltr'><strong>gesimo</strong></span> <span class='ocrx_word' id='word_1_410' title='bbox 2391 2901 2556 2950; x_wconf 91' lang='lat' dir='ltr'><strong>nono,</strong></span> <span class='ocrx_word' id='word_1_411' title='bbox 2610 2885 2679 2941; x_wconf 88' lang='lat' dir='ltr'><strong>ad</strong></span> <span class='ocrx_word' id='word_1_412' title='bbox 2729 2885 2982 2956; x_wconf 89' lang='lat' dir='ltr'><strong>quintum</strong></span> <span class='ocrx_word' id='word_1_413' title='bbox 3031 2899 3204 2955; x_wconf 90' lang='lat' dir='ltr'><strong>usque</strong></span> <span class='ocrx_word' id='word_1_414' title='bbox 3251 2894 3305 2939; x_wconf 91' lang='lat' dir='ltr'><strong>et</strong></span> <span class='ocrx_word' id='word_1_415' title='bbox 3347 2883 3731 2948; x_wconf 89' lang='lat' dir='ltr'><strong>centesimum,</strong></span> 
     </span>
    </p>
   </div>
   <div class='ocr_carea' id='block_1_60' title="bbox 2155 2973 3735 3049">
    <p class='ocr_par' dir='ltr' id='par_1_60' title="bbox 2155 2973 3735 3049">
     <span class='ocr_line' id='line_1_60' title="bbox 2155 2973 3735 3049; baseline -0.004 -15"><span class='ocrx_word' id='word_1_416' title='bbox 2155 2992 2442 3047; x_wconf 85' lang='lat' dir='ltr'><strong>quartum;</strong></span> <span class='ocrx_word' id='word_1_417' title='bbox 2487 2979 2612 3035; x_wconf 87' lang='lat' dir='ltr'><strong>inde</strong></span> <span class='ocrx_word' id='word_1_418' title='bbox 2659 2993 2834 3049; x_wconf 88' lang='lat' dir='ltr'><strong>usque</strong></span> <span class='ocrx_word' id='word_1_419' title='bbox 2875 2978 2944 3033; x_wconf 93' lang='lat' dir='ltr'><strong>ad</strong></span> <span class='ocrx_word' id='word_1_420' title='bbox 2994 2977 3157 3033; x_wconf 81' lang='lat' dir='ltr'><strong>finem</strong></span> <span class='ocrx_word' id='word_1_421' title='bbox 3197 2978 3472 3048; x_wconf 88' lang='lat' dir='ltr'><strong>quintum.</strong></span> <span class='ocrx_word' id='word_1_422' title='bbox 3525 2973 3735 3029; x_wconf 71' lang='lat' dir='ltr'><strong>Unum-</strong></span> 
     </span>
    </p>
   </div>
   <div class='ocr_carea' id='block_1_61' title="bbox 2156 3066 3737 3142">
    <p class='ocr_par' dir='ltr' id='par_1_61' title="bbox 2156 3066 3737 3142">
     <span class='ocr_line' id='line_1_61' title="bbox 2156 3066 3737 3142; baseline -0.004 -16"><span class='ocrx_word' id='word_1_423' title='bbox 2156 3086 2428 3142; x_wconf 84' lang='lat' dir='ltr'><strong>quetnque</strong></span> <span class='ocrx_word' id='word_1_424' title='bbox 2450 3074 2594 3126; x_wconf 88' lang='lat' dir='ltr'><strong>enim</strong></span> <span class='ocrx_word' id='word_1_425' title='bbox 2624 3072 2958 3141; x_wconf 88' lang='lat' dir='ltr'><strong>psalmorum</strong></span> <span class='ocrx_word' id='word_1_426' title='bbox 2981 3073 3068 3126; x_wconf 90' lang='lat' dir='ltr'><strong>eui</strong></span> <span class='ocrx_word' id='word_1_427' title='bbox 3100 3071 3224 3126; x_wconf 86' lang='lat' dir='ltr'><strong>finis</strong></span> <span class='ocrx_word' id='word_1_428' title='bbox 3247 3087 3260 3124; x_wconf 92' lang='lat'>:</span> <span class='ocrx_word' id='word_1_429' title='bbox 3283 3070 3606 3124; x_wconf 81' lang='lat' dir='ltr'><strong>Benedictus</strong></span> <span class='ocrx_word' id='word_1_430' title='bbox 3628 3066 3737 3119; x_wconf 87' lang='lat' dir='ltr'><strong>Do-</strong></span> 
     </span>
    </p>
   </div>
   <div class='ocr_carea' id='block_1_62' title="bbox 480 3154 2049 3242">
    <p class='ocr_par' dir='ltr' id='par_1_62' title="bbox 480 3154 2049 3236">
     <span class='ocr_line' id='line_1_62' title="bbox 480 3154 2049 3236; baseline 0.006 -30"><span class='ocrx_word' id='word_1_431' title='bbox 480 3154 690 3223; x_wconf 81' lang='grc' dir='ltr'>τίονος,</span> <span class='ocrx_word' id='word_1_432' title='bbox 717 3159 860 3214; x_wconf 90' lang='grc' dir='ltr'><strong>κατά</strong></span> <span class='ocrx_word' id='word_1_433' title='bbox 908 3158 1006 3231; x_wconf 79' lang='grc' dir='ltr'>τὴν</span> <span class='ocrx_word' id='word_1_434' title='bbox 1045 3160 1454 3234; x_wconf 78' lang='grc' dir='ltr'>διψωδεστάτην</span> <span class='ocrx_word' id='word_1_435' title='bbox 1495 3163 1726 3235; x_wconf 76' lang='grc' dir='ltr'>ἔλαφον·</span> <span class='ocrx_word' id='word_1_436' title='bbox 1766 3165 1828 3218; x_wconf 78' lang='grc' dir='ltr'>τὸ</span> <span class='ocrx_word' id='word_1_437' title='bbox 1871 3166 2049 3236; x_wconf 77' lang='grc' dir='ltr'>τρίτον</span> 
     </span>
    </p>
   </div>
   <div class='ocr_carea' id='block_1_63' title="bbox 2152 3154 3735 3242">
    <p class='ocr_par' dir='ltr' id='par_1_63' title="bbox 2158 3163 3735 3235">
     <span class='ocr_line' id='line_1_63' title="bbox 2158 3163 3735 3235; baseline -0.003 -18"><span class='ocrx_word' id='word_1_438' title='bbox 2158 3167 2360 3229; x_wconf 89' lang='lat' dir='ltr'><strong>minus,</strong></span> <span class='ocrx_word' id='word_1_439' title='bbox 2389 3163 2497 3230; x_wconf 84' lang='lat' dir='ltr'><strong>fiat,</strong></span> <span class='ocrx_word' id='word_1_440' title='bbox 2540 3165 2698 3219; x_wconf 89' lang='lat' dir='ltr'><strong>finem</strong></span> <span class='ocrx_word' id='word_1_441' title='bbox 2719 3180 2841 3221; x_wconf 76' lang='lat' dir='ltr'><strong>esse</strong></span> <span class='ocrx_word' id='word_1_442' title='bbox 2875 3165 3213 3235; x_wconf 80' lang='lat' dir='ltr'><strong>singulorum</strong></span> <span class='ocrx_word' id='word_1_443' title='bbox 3249 3163 3512 3217; x_wconf 90' lang='lat' dir='ltr'><strong>librorum</strong></span> <span class='ocrx_word' id='word_1_444' title='bbox 3535 3175 3735 3216; x_wconf 82' lang='lat' dir='ltr'><strong>sanxe-</strong></span> 
     </span>
    </p>
   </div>
   <div class='ocr_carea' id='block_1_64' title="bbox 483 3245 2051 3326">
    <p class='ocr_par' dir='ltr' id='par_1_64' title="bbox 483 3245 2051 3326">
     <span class='ocr_line' id='line_1_64' title="bbox 483 3245 2051 3326; baseline 0.009 -30"><span class='ocrx_word' id='word_1_445' title='bbox 483 3245 782 3303; x_wconf 83' lang='grc' dir='ltr'>ὑποπτικὸν</span> <span class='ocrx_word' id='word_1_446' title='bbox 818 3251 981 3306; x_wconf 81' lang='grc' dir='ltr'>αὑτὸν</span> <span class='ocrx_word' id='word_1_447' title='bbox 1009 3254 1309 3325; x_wconf 83' lang='grc' dir='ltr'>παρίστησι</span> <span class='ocrx_word' id='word_1_448' title='bbox 1344 3255 1443 3323; x_wconf 84' lang='grc' dir='ltr'>τῆς</span> <span class='ocrx_word' id='word_1_449' title='bbox 1468 3255 1578 3310; x_wconf 91' lang='grc' dir='ltr'><strong>τῶν</strong></span> <span class='ocrx_word' id='word_1_450' title='bbox 1605 3255 1774 3310; x_wconf 75' lang='grc' dir='ltr'>ὀντων</span> <span class='ocrx_word' id='word_1_451' title='bbox 1804 3256 2019 3326; x_wconf 78' lang='grc' dir='ltr'>φύσεως</span> <span class='ocrx_word' id='word_1_452' title='bbox 2036 3274 2051 3289; x_wconf 80' lang='grc' dir='ltr'><strong>ο</strong></span> 
     </span>
    </p>
   </div>
   <div class='ocr_carea' id='block_1_65' title="bbox 476 3338 2054 3421">
    <p class='ocr_par' dir='ltr' id='par_1_65' title="bbox 476 3338 2054 3421">
     <span class='ocr_line' id='line_1_65' title="bbox 476 3338 2054 3421; baseline 0.007 -31"><span class='ocrx_word' id='word_1_453' title='bbox 476 3338 556 3401; x_wconf 75' lang='grc' dir='ltr'><strong>ῶς</strong></span> <span class='ocrx_word' id='word_1_454' title='bbox 587 3339 790 3410; x_wconf 84' lang='grc' dir='ltr'>ἀγαθὸς</span> <span class='ocrx_word' id='word_1_455' title='bbox 822 3343 953 3414; x_wconf 81' lang='grc' dir='ltr'>γὰρ,</span> <span class='ocrx_word' id='word_1_456' title='bbox 999 3346 1188 3415; x_wconf 72' lang='grc' dir='ltr'>φησὶν,</span> <span class='ocrx_word' id='word_1_457' title='bbox 1221 3348 1252 3401; x_wconf 92' lang='grc' dir='ltr'><strong>ὀ</strong></span> <span class='ocrx_word' id='word_1_458' title='bbox 1282 3347 1415 3408; x_wconf 82' lang='grc' dir='ltr'>Θεὸς</span> <span class='ocrx_word' id='word_1_459' title='bbox 1439 3347 1519 3418; x_wconf 81' lang='grc' dir='ltr'>τῷ</span> <span class='ocrx_word' id='word_1_460' title='bbox 1557 3349 1802 3421; x_wconf 82' lang='grc' dir='ltr'>Ἰσραήλ·</span> <span class='ocrx_word' id='word_1_461' title='bbox 1827 3347 1937 3417; x_wconf 75' lang='grc' dir='ltr'><strong>ἐγὼ</strong></span> <span class='ocrx_word' id='word_1_462' title='bbox 1960 3348 2017 3401; x_wconf 83' lang='grc' dir='ltr'>δὲ</span> <span class='ocrx_word' id='word_1_463' title='bbox 2038 3387 2054 3413; x_wconf 93' lang='grc'><strong>,</strong></span> 
     </span>
    </p>
   </div>
   <div class='ocr_carea' id='block_1_66' title="bbox 484 3433 2058 3510">
    <p class='ocr_par' dir='ltr' id='par_1_66' title="bbox 484 3433 2058 3510">
     <span class='ocr_line' id='line_1_66' title="bbox 484 3433 2058 3510; baseline 0.006 -27"><span class='ocrx_word' id='word_1_464' title='bbox 484 3433 640 3499; x_wconf 81' lang='grc' dir='ltr'>φησὶ,</span> <span class='ocrx_word' id='word_1_465' title='bbox 670 3433 950 3506; x_wconf 86' lang='grc' dir='ltr'>κτηνὼδης</span> <span class='ocrx_word' id='word_1_466' title='bbox 976 3437 1074 3506; x_wconf 84' lang='grc' dir='ltr'>μὲν</span> <span class='ocrx_word' id='word_1_467' title='bbox 1097 3437 1268 3509; x_wconf 76' lang='grc' dir='ltr'>ήμην,</span> <span class='ocrx_word' id='word_1_468' title='bbox 1290 3439 1378 3492; x_wconf 85' lang='grc' dir='ltr'>ὅτε</span> <span class='ocrx_word' id='word_1_469' title='bbox 1409 3439 1468 3492; x_wconf 85' lang='grc' dir='ltr'><strong>ὲν</strong></span> <span class='ocrx_word' id='word_1_470' title='bbox 1493 3440 1608 3503; x_wconf 86' lang='grc' dir='ltr'>τοῖς</span> <span class='ocrx_word' id='word_1_471' title='bbox 1648 3438 1956 3510; x_wconf 77' lang='grc' dir='ltr'>ἐπικαίροις</span> <span class='ocrx_word' id='word_1_472' title='bbox 1996 3439 2058 3493; x_wconf 86' lang='grc' dir='ltr'><strong>τὺ</strong></span> 
     </span>
    </p>
   </div>
   <div class='ocr_carea' id='block_1_67' title="bbox 481 3523 2059 3600">
    <p class='ocr_par' dir='ltr' id='par_1_67' title="bbox 481 3523 2059 3600">
     <span class='ocr_line' id='line_1_67' title="bbox 481 3523 2059 3600; baseline 0.006 -26"><span class='ocrx_word' id='word_1_473' title='bbox 481 3523 688 3590; x_wconf 82' lang='grc' dir='ltr'>ἀγαθὸν</span> <span class='ocrx_word' id='word_1_474' title='bbox 722 3524 1006 3598; x_wconf 84' lang='grc' dir='ltr'>ὡριζόμην</span> <span class='ocrx_word' id='word_1_475' title='bbox 1029 3545 1043 3560; x_wconf 78' lang='grc' dir='ltr'><strong><em>ο</em></strong></span> <span class='ocrx_word' id='word_1_476' title='bbox 1077 3528 1171 3584; x_wconf 80' lang='grc' dir='ltr'><strong>νῦν</strong></span> <span class='ocrx_word' id='word_1_477' title='bbox 1203 3529 1262 3584; x_wconf 85' lang='grc' dir='ltr'>δὲ</span> <span class='ocrx_word' id='word_1_478' title='bbox 1311 3528 1453 3600; x_wconf 85' lang='grc' dir='ltr'>μετὰ</span> <span class='ocrx_word' id='word_1_479' title='bbox 1483 3529 1576 3584; x_wconf 84' lang='grc' dir='ltr'>σοῦ</span> <span class='ocrx_word' id='word_1_480' title='bbox 1623 3531 1760 3599; x_wconf 85' lang='grc' dir='ltr'>είμι,</span> <span class='ocrx_word' id='word_1_481' title='bbox 1799 3530 1889 3583; x_wconf 79' lang='grc' dir='ltr'><strong>ὅτε</strong></span> <span class='ocrx_word' id='word_1_482' title='bbox 1922 3530 2059 3599; x_wconf 74' lang='grc' dir='ltr'>πρὸς</span> 
     </span>
    </p>
   </div>
   <div class='ocr_carea' id='block_1_68' title="bbox 483 3615 2059 3693">
    <p class='ocr_par' dir='ltr' id='par_1_68' title="bbox 483 3615 2059 3693">
     <span class='ocr_line' id='line_1_68' title="bbox 483 3615 2059 3693; baseline 0.006 -26"><span class='ocrx_word' id='word_1_483' title='bbox 483 3617 553 3667; x_wconf 66' lang='grc' dir='ltr'>τὰ</span> <span class='ocrx_word' id='word_1_484' title='bbox 575 3615 726 3682; x_wconf 78' lang='grc' dir='ltr'>δεξιά</span> <span class='ocrx_word' id='word_1_485' title='bbox 752 3618 1008 3690; x_wconf 83' lang='grc' dir='ltr'>ὥρμησα.</span> <span class='ocrx_word' id='word_1_486' title='bbox 1049 3621 1123 3674; x_wconf 85' lang='grc' dir='ltr'><strong>Τὸ</strong></span> <span class='ocrx_word' id='word_1_487' title='bbox 1157 3620 1416 3692; x_wconf 88' lang='grc' dir='ltr'>τέταρτον</span> <span class='ocrx_word' id='word_1_488' title='bbox 1437 3621 1618 3676; x_wconf 81' lang='grc' dir='ltr'>οὐκέτι</span> <span class='ocrx_word' id='word_1_489' title='bbox 1656 3622 1835 3676; x_wconf 83' lang='grc' dir='ltr'>κοινὸν</span> <span class='ocrx_word' id='word_1_490' title='bbox 1864 3622 2059 3693; x_wconf 77' lang='grc' dir='ltr'>ἀφίησι</span> 
     </span>
    </p>
   </div>
   <div class='ocr_carea' id='block_1_69' title="bbox 486 3707 2058 3788">
    <p class='ocr_par' dir='ltr' id='par_1_69' title="bbox 486 3707 2058 3788">
     <span class='ocr_line' id='line_1_69' title="bbox 486 3707 2058 3788; baseline 0.004 -26"><span class='ocrx_word' id='word_1_491' title='bbox 486 3710 579 3762; x_wconf 62' lang='grc' dir='ltr'><strong>τὸν</strong></span> <span class='ocrx_word' id='word_1_492' title='bbox 621 3711 908 3780; x_wconf 81' lang='grc' dir='ltr'>ἀνθρώπον</span> <span class='ocrx_word' id='word_1_493' title='bbox 951 3707 1111 3781; x_wconf 79' lang='grc' dir='ltr'>εἶναι,</span> <span class='ocrx_word' id='word_1_494' title='bbox 1141 3714 1255 3768; x_wconf 86' lang='grc' dir='ltr'>ἀλλ’</span> <span class='ocrx_word' id='word_1_495' title='bbox 1282 3716 1382 3788; x_wconf 71' lang='grc' dir='ltr'>ἤδη</span> <span class='ocrx_word' id='word_1_496' title='bbox 1421 3715 1500 3786; x_wconf 81' lang='grc' dir='ltr'>τῷ</span> <span class='ocrx_word' id='word_1_497' title='bbox 1529 3715 1648 3786; x_wconf 84' lang='grc' dir='ltr'><strong>Θεῷ</strong></span> <span class='ocrx_word' id='word_1_498' title='bbox 1680 3717 1963 3771; x_wconf 82' lang='grc' dir='ltr'>συνάπτει.</span> <span class='ocrx_word' id='word_1_499' title='bbox 1999 3717 2058 3769; x_wconf 92' lang='lat'><strong>&#39;0</strong></span> 
     </span>
    </p>
   </div>
   <div class='ocr_carea' id='block_1_70' title="bbox 488 3799 2055 3880">
    <p class='ocr_par' dir='ltr' id='par_1_70' title="bbox 488 3799 2055 3880">
     <span class='ocr_line' id='line_1_70' title="bbox 488 3799 2055 3880; baseline 0.007 -31"><span class='ocrx_word' id='word_1_500' title='bbox 488 3799 598 3868; x_wconf 65' lang='grc' dir='ltr'><strong>γὰρ</strong></span> <span class='ocrx_word' id='word_1_501' title='bbox 637 3799 993 3872; x_wconf 80' lang='grc' dir='ltr'>ὀγδοηκοστὸς</span> <span class='ocrx_word' id='word_1_502' title='bbox 1041 3803 1259 3872; x_wconf 72' lang='grc' dir='ltr'>ἐννατος</span> <span class='ocrx_word' id='word_1_503' title='bbox 1300 3805 1515 3877; x_wconf 77' lang='grc' dir='ltr'>ψαλμὺς</span> <span class='ocrx_word' id='word_1_504' title='bbox 1557 3807 1870 3880; x_wconf 74' lang='grc' dir='ltr'>ἐπιγραφὴν</span> <span class='ocrx_word' id='word_1_505' title='bbox 1913 3806 2055 3878; x_wconf 75' lang='grc' dir='ltr'><strong>ἔχει’</strong></span> 
     </span>
    </p>
   </div>
   <div class='ocr_carea' id='block_1_71' title="bbox 491 3891 2062 3970">
    <p class='ocr_par' dir='ltr' id='par_1_71' title="bbox 491 3891 2062 3970">
     <span class='ocr_line' id='line_1_71' title="bbox 491 3891 2062 3970; baseline 0.007 -29"><span class='ocrx_word' id='word_1_506' title='bbox 491 3907 513 3941; x_wconf 76' lang='grc' dir='ltr'><strong>ι</strong></span> <span class='ocrx_word' id='word_1_507' title='bbox 529 3891 572 3942; x_wconf 84' lang='grc' dir='ltr'>Π</span> <span class='ocrx_word' id='word_1_508' title='bbox 581 3894 811 3964; x_wconf 75' lang='grc' dir='ltr'>ροσευχὴ</span> <span class='ocrx_word' id='word_1_509' title='bbox 825 3895 1031 3967; x_wconf 82' lang='grc' dir='ltr'>Μωῡσῆ</span> <span class='ocrx_word' id='word_1_510' title='bbox 1052 3897 1148 3949; x_wconf 86' lang='grc' dir='ltr'><strong>ἀνθ</strong></span> <span class='ocrx_word' id='word_1_511' title='bbox 1159 3897 1234 3968; x_wconf 63' lang='lat' dir='ltr'><strong>pro</strong></span> <span class='ocrx_word' id='word_1_512' title='bbox 1243 3916 1323 3970; x_wconf 86' lang='grc' dir='ltr'><strong>πῳ</strong></span> <span class='ocrx_word' id='word_1_513' title='bbox 1346 3899 1440 3952; x_wconf 83' lang='grc' dir='ltr'>τοῦ</span> <span class='ocrx_word' id='word_1_514' title='bbox 1455 3900 1612 3954; x_wconf 85' lang='grc' dir='ltr'><strong>Θεοῦ⁶</strong></span> <span class='ocrx_word' id='word_1_515' title='bbox 1625 3900 1712 3954; x_wconf 75' lang='grc' dir='ltr'><strong>»τὸ</strong></span> <span class='ocrx_word' id='word_1_516' title='bbox 1726 3901 1782 3952; x_wconf 79' lang='grc' dir='ltr'>δὲ</span> <span class='ocrx_word' id='word_1_517' title='bbox 1808 3899 2062 3970; x_wconf 86' lang='grc' dir='ltr'>πέμπτον</span> 
     </span>
    </p>
   </div>
   <div class='ocr_carea' id='block_1_72' title="bbox 481 3983 2062 4063">
    <p class='ocr_par' dir='ltr' id='par_1_72' title="bbox 481 3983 2062 4063">
     <span class='ocr_line' id='line_1_72' title="bbox 481 3983 2062 4063; baseline 0.006 -29"><span class='ocrx_word' id='word_1_518' title='bbox 481 3983 579 4036; x_wconf 76' lang='grc' dir='ltr'>ἐπὶ</span> <span class='ocrx_word' id='word_1_519' title='bbox 601 3984 698 4054; x_wconf 83' lang='grc' dir='ltr'>τὴν</span> <span class='ocrx_word' id='word_1_520' title='bbox 721 3985 1032 4058; x_wconf 75' lang='grc' dir='ltr'>ἀκρώρειαν</span> <span class='ocrx_word' id='word_1_521' title='bbox 1060 3989 1183 4057; x_wconf 71' lang='grc' dir='ltr'>ἄγει</span> <span class='ocrx_word' id='word_1_522' title='bbox 1215 3991 1312 4060; x_wconf 80' lang='grc' dir='ltr'>τῆς</span> <span class='ocrx_word' id='word_1_523' title='bbox 1345 3991 1718 4055; x_wconf 80' lang='grc' dir='ltr'>ἀναϐάσεως·ι</span> <span class='ocrx_word' id='word_1_524' title='bbox 1742 3992 1880 4063; x_wconf 77' lang='grc' dir='ltr'><strong>Ἐμὴ</strong></span> <span class='ocrx_word' id='word_1_525' title='bbox 1913 3993 2062 4046; x_wconf 86' lang='grc' dir='ltr'>πᾶσα</span> 
     </span>
    </p>
   </div>
   <div class='ocr_carea' id='block_1_73' title="bbox 487 4079 2063 4156">
    <p class='ocr_par' dir='ltr' id='par_1_73' title="bbox 487 4079 2063 4156">
     <span class='ocr_line' id='line_1_73' title="bbox 487 4079 2063 4156; baseline 0.006 -27"><span class='ocrx_word' id='word_1_526' title='bbox 487 4079 884 4149; x_wconf 76' lang='grc' dir='ltr'>συμπλήρωσις</span> <span class='ocrx_word' id='word_1_527' title='bbox 911 4083 1008 4151; x_wconf 81' lang='grc' dir='ltr'>τῆς</span> <span class='ocrx_word' id='word_1_528' title='bbox 1035 4083 1384 4154; x_wconf 82' lang='grc' dir='ltr'>ἀνθρωπίνης</span> <span class='ocrx_word' id='word_1_529' title='bbox 1413 4084 1688 4156; x_wconf 84' lang='grc' dir='ltr'>σωτηρίας</span> <span class='ocrx_word' id='word_1_530' title='bbox 1714 4084 1831 4137; x_wconf 76' lang='grc' dir='ltr'>ἐστι</span> <span class='ocrx_word' id='word_1_531' title='bbox 1853 4099 1866 4114; x_wconf 83' lang='grc'><strong><em>⁸</em></strong></span> <span class='ocrx_word' id='word_1_532' title='bbox 1910 4087 2063 4139; x_wconf 80' lang='grc' dir='ltr'>πᾶσα.</span> 
     </span>
    </p>
   </div>
   <div class='ocr_carea' id='block_1_74' title="bbox 485 4171 2062 4247">
    <p class='ocr_par' dir='ltr' id='par_1_74' title="bbox 485 4171 2062 4247">
     <span class='ocr_line' id='line_1_74' title="bbox 485 4171 2062 4247; baseline 0.005 -26"><span class='ocrx_word' id='word_1_533' title='bbox 485 4171 616 4242; x_wconf 71' lang='grc' dir='ltr'>γὰρ,</span> <span class='ocrx_word' id='word_1_534' title='bbox 649 4172 802 4242; x_wconf 79' lang='grc' dir='ltr'>φησὶ,</span> <span class='ocrx_word' id='word_1_535' title='bbox 832 4173 969 4244; x_wconf 85' lang='grc' dir='ltr'>πνοὴ</span> <span class='ocrx_word' id='word_1_536' title='bbox 998 4176 1267 4227; x_wconf 69' lang='grc' dir='ltr'>αἱνεσάτω</span> <span class='ocrx_word' id='word_1_537' title='bbox 1297 4175 1387 4227; x_wconf 78' lang='grc' dir='ltr'>τὸν</span> <span class='ocrx_word' id='word_1_538' title='bbox 1418 4173 1938 4246; x_wconf 80' lang='grc' dir='ltr'>Κύριον.›Τοιοῦτον</span> <span class='ocrx_word' id='word_1_539' title='bbox 1963 4175 2062 4247; x_wconf 78' lang='grc' dir='ltr'><strong>μὲν</strong></span> 
     </span>
    </p>
   </div>
   <div class='ocr_carea' id='block_1_75' title="bbox 483 4262 2062 4339">
    <p class='ocr_par' dir='ltr' id='par_1_75' title="bbox 483 4262 2062 4339">
     <span class='ocr_line' id='line_1_75' title="bbox 483 4262 2062 4339; baseline 0.003 -23"><span class='ocrx_word' id='word_1_540' title='bbox 483 4262 550 4333; x_wconf 84' lang='grc' dir='ltr'>δὴ</span> <span class='ocrx_word' id='word_1_541' title='bbox 580 4263 642 4317; x_wconf 81' lang='grc' dir='ltr'>τὸ</span> <span class='ocrx_word' id='word_1_542' title='bbox 680 4265 1011 4336; x_wconf 79' lang='grc' dir='ltr'>προσόψημα</span> <span class='ocrx_word' id='word_1_543' title='bbox 1030 4283 1044 4297; x_wconf 76' lang='grc' dir='ltr'><strong>ο</strong></span> <span class='ocrx_word' id='word_1_544' title='bbox 1090 4267 1348 4337; x_wconf 66' lang='grc' dir='ltr'>καιρὶςδ¹</span> <span class='ocrx_word' id='word_1_545' title='bbox 1377 4267 1447 4321; x_wconf 85' lang='grc' dir='ltr'><strong>ἂν</strong></span> <span class='ocrx_word' id='word_1_546' title='bbox 1480 4269 1590 4339; x_wconf 80' lang='grc' dir='ltr'>εἴη,</span> <span class='ocrx_word' id='word_1_547' title='bbox 1633 4268 1729 4323; x_wconf 79' lang='grc' dir='ltr'><strong>καὶ</strong></span> <span class='ocrx_word' id='word_1_548' title='bbox 1754 4267 1923 4337; x_wconf 82' lang='grc' dir='ltr'>αὐτὴν</span> <span class='ocrx_word' id='word_1_549' title='bbox 1953 4284 2062 4321; x_wconf 86' lang='grc' dir='ltr'><strong>πα-</strong></span> 
     </span>
    </p>
   </div>
   <div class='ocr_carea' id='block_1_76' title="bbox 488 4353 2064 4431">
    <p class='ocr_par' dir='ltr' id='par_1_76' title="bbox 488 4353 2064 4431">
     <span class='ocr_line' id='line_1_76' title="bbox 488 4353 2064 4431; baseline 0.005 -26"><span class='ocrx_word' id='word_1_550' title='bbox 488 4353 734 4424; x_wconf 85' lang='grc' dir='ltr'>ραθεῖναι</span> <span class='ocrx_word' id='word_1_551' title='bbox 780 4357 880 4428; x_wconf 81' lang='grc' dir='ltr'>τὴν</span> <span class='ocrx_word' id='word_1_552' title='bbox 925 4359 1272 4425; x_wconf 83' lang='grc' dir='ltr'>πανδαισίαν,</span> <span class='ocrx_word' id='word_1_553' title='bbox 1313 4359 1384 4431; x_wconf 70' lang='grc' dir='ltr'><strong>ἣν</strong></span> <span class='ocrx_word' id='word_1_554' title='bbox 1425 4362 1453 4414; x_wconf 90' lang='grc' dir='ltr'><strong>ὀ</strong></span> <span class='ocrx_word' id='word_1_555' title='bbox 1483 4358 1624 4423; x_wconf 86' lang='grc' dir='ltr'>θεῖος</span> <span class='ocrx_word' id='word_1_556' title='bbox 1672 4360 1836 4414; x_wconf 76' lang='grc' dir='ltr'>Δαϐὶδ</span> <span class='ocrx_word' id='word_1_557' title='bbox 1879 4360 2064 4424; x_wconf 88' lang='grc' dir='ltr'>καλοῖς</span> 
     </span>
    </p>
   </div>
   <div class='ocr_carea' id='block_1_77' title="bbox 484 4443 1191 4518">
    <p class='ocr_par' dir='ltr' id='par_1_77' title="bbox 484 4443 1191 4518">
     <span class='ocr_line' id='line_1_77' title="bbox 484 4443 1191 4518; baseline 0.011 -23"><span class='ocrx_word' id='word_1_558' title='bbox 484 4443 640 4497; x_wconf 86' lang='grc' dir='ltr'>δαιτυ</span> <span class='ocrx_word' id='word_1_559' title='bbox 649 4447 806 4516; x_wconf 86' lang='grc' dir='ltr'>μόσιν</span> <span class='ocrx_word' id='word_1_560' title='bbox 839 4449 1191 4518; x_wconf 77' lang='grc' dir='ltr'>ἡτοιμάσατο.</span> 
     </span>
    </p>
   </div>
   <div class='ocr_carea' id='block_1_78' title="bbox 2156 3253 3736 3327">
    <p class='ocr_par' dir='ltr' id='par_1_78' title="bbox 2156 3253 3736 3327">
     <span class='ocr_line' id='line_1_78' title="bbox 2156 3253 3736 3327; baseline -0.006 -16"><span class='ocrx_word' id='word_1_561' title='bbox 2156 3267 2285 3311; x_wconf 89' lang='lat' dir='ltr'><strong>runt</strong></span> <span class='ocrx_word' id='word_1_562' title='bbox 2315 3275 2328 3312; x_wconf 88' lang='lat'>:</span> <span class='ocrx_word' id='word_1_563' title='bbox 2383 3257 2496 3311; x_wconf 91' lang='lat' dir='ltr'><strong>sola</strong></span> <span class='ocrx_word' id='word_1_564' title='bbox 2524 3266 2676 3327; x_wconf 86' lang='lat' dir='ltr'><strong>parte</strong></span> <span class='ocrx_word' id='word_1_565' title='bbox 2704 3258 2893 3327; x_wconf 90' lang='lat' dir='ltr'><strong>quinta</strong></span> <span class='ocrx_word' id='word_1_566' title='bbox 2924 3271 3024 3327; x_wconf 86' lang='lat' dir='ltr'><strong>pro</strong></span> <span class='ocrx_word' id='word_1_567' title='bbox 3049 3257 3139 3310; x_wconf 89' lang='lat' dir='ltr'><strong>illo</strong></span> <span class='ocrx_word' id='word_1_568' title='bbox 3164 3273 3176 3308; x_wconf 92' lang='lat'>:</span> <span class='ocrx_word' id='word_1_569' title='bbox 3205 3253 3530 3309; x_wconf 89' lang='lat' dir='ltr'><strong>Benedictus</strong></span> <span class='ocrx_word' id='word_1_570' title='bbox 3548 3253 3736 3306; x_wconf 84' lang='lat' dir='ltr'><strong>Domi-</strong></span> 
     </span>
    </p>
   </div>
   <div class='ocr_carea' id='block_1_79' title="bbox 2157 3345 3734 3415">
    <p class='ocr_par' dir='ltr' id='par_1_79' title="bbox 2157 3345 3734 3415">
     <span class='ocr_line' id='line_1_79' title="bbox 2157 3345 3734 3415; baseline -0.003 -12"><span class='ocrx_word' id='word_1_571' title='bbox 2157 3365 2281 3413; x_wconf 86' lang='lat' dir='ltr'><strong>nus,</strong></span> <span class='ocrx_word' id='word_1_572' title='bbox 2298 3350 2404 3415; x_wconf 82' lang='lat' dir='ltr'><strong>fiat,</strong></span> <span class='ocrx_word' id='word_1_573' title='bbox 2424 3349 2771 3413; x_wconf 84' lang='lat' dir='ltr'><strong>fiat,habentc</strong></span> <span class='ocrx_word' id='word_1_574' title='bbox 2789 3365 2804 3402; x_wconf 88' lang='lat'><strong>:</strong></span> <span class='ocrx_word' id='word_1_575' title='bbox 2821 3351 3009 3406; x_wconf 89' lang='lat' dir='ltr'><strong>Omnis</strong></span> <span class='ocrx_word' id='word_1_576' title='bbox 3023 3348 3206 3403; x_wconf 88' lang='lat' dir='ltr'><strong>anima</strong></span> <span class='ocrx_word' id='word_1_577' title='bbox 3226 3349 3405 3402; x_wconf 84' lang='lat' dir='ltr'><strong>laudet</strong></span> <span class='ocrx_word' id='word_1_578' title='bbox 3422 3345 3734 3400; x_wconf 88' lang='lat' dir='ltr'><strong>Dominum.</strong></span> 
     </span>
    </p>
   </div>
   <div class='ocr_carea' id='block_1_80' title="bbox 2157 3437 3733 3513">
    <p class='ocr_par' dir='ltr' id='par_1_80' title="bbox 2157 3437 3733 3513">
     <span class='ocr_line' id='line_1_80' title="bbox 2157 3437 3733 3513; baseline -0.006 -17"><span class='ocrx_word' id='word_1_579' title='bbox 2157 3441 2368 3507; x_wconf 73' lang='lat' dir='ltr'><strong>Quzeris</strong></span> <span class='ocrx_word' id='word_1_580' title='bbox 2405 3458 2527 3513; x_wconf 82' lang='lat' dir='ltr'><strong>quae</strong></span> <span class='ocrx_word' id='word_1_581' title='bbox 2559 3443 2631 3498; x_wconf 87' lang='lat' dir='ltr'><strong>sit</strong></span> <span class='ocrx_word' id='word_1_582' title='bbox 2663 3444 2801 3498; x_wconf 88' lang='lat' dir='ltr'><strong>ratio</strong></span> <span class='ocrx_word' id='word_1_583' title='bbox 2833 3442 3000 3511; x_wconf 82' lang='lat' dir='ltr'><strong>hujus</strong></span> <span class='ocrx_word' id='word_1_584' title='bbox 3037 3439 3292 3496; x_wconf 84' lang='lat' dir='ltr'><strong>ordinis?</strong></span> <span class='ocrx_word' id='word_1_585' title='bbox 3325 3437 3506 3493; x_wconf 89' lang='lat' dir='ltr'><strong>Prima</strong></span> <span class='ocrx_word' id='word_1_586' title='bbox 3557 3437 3733 3491; x_wconf 75' lang='lat' dir='ltr'><strong>sectio</strong></span> 
     </span>
    </p>
   </div>
   <div class='ocr_carea' id='block_1_81' title="bbox 2160 3527 3733 3602">
    <p class='ocr_par' dir='ltr' id='par_1_81' title="bbox 2160 3527 3733 3602">
     <span class='ocr_line' id='line_1_81' title="bbox 2160 3527 3733 3602; baseline -0.004 -16"><span class='ocrx_word' id='word_1_587' title='bbox 2160 3533 2564 3602; x_wconf 87' lang='lat' dir='ltr'><strong>improbitatem</strong></span> <span class='ocrx_word' id='word_1_588' title='bbox 2601 3533 2771 3589; x_wconf 88' lang='lat' dir='ltr'><strong>demit</strong></span> <span class='ocrx_word' id='word_1_589' title='bbox 2809 3533 3050 3599; x_wconf 87' lang='lat' dir='ltr'><strong>homini;</strong></span> <span class='ocrx_word' id='word_1_590' title='bbox 3101 3531 3270 3586; x_wconf 90' lang='lat' dir='ltr'><strong>altera</strong></span> <span class='ocrx_word' id='word_1_591' title='bbox 3305 3544 3434 3600; x_wconf 91' lang='lat' dir='ltr'><strong>pars</strong></span> <span class='ocrx_word' id='word_1_592' title='bbox 3479 3527 3733 3582; x_wconf 86' lang='lat' dir='ltr'><strong>eumdem</strong></span> 
     </span>
    </p>
   </div>
   <div class='ocr_carea' id='block_1_82' title="bbox 2160 3619 3735 3688">
    <p class='ocr_par' dir='ltr' id='par_1_82' title="bbox 2160 3619 3735 3688">
     <span class='ocr_line' id='line_1_82' title="bbox 2160 3619 3735 3688; baseline -0.006 -8"><span class='ocrx_word' id='word_1_593' title='bbox 2160 3626 2370 3681; x_wconf 88' lang='lat' dir='ltr'><strong>inducit</strong></span> <span class='ocrx_word' id='word_1_594' title='bbox 2413 3627 2686 3681; x_wconf 88' lang='lat' dir='ltr'><strong>sitientem</strong></span> <span class='ocrx_word' id='word_1_595' title='bbox 2743 3626 2987 3688; x_wconf 77' lang='lat' dir='ltr'><strong>meliora,</strong></span> <span class='ocrx_word' id='word_1_596' title='bbox 3039 3633 3101 3678; x_wconf 89' lang='lat' dir='ltr'><strong>ut</strong></span> <span class='ocrx_word' id='word_1_597' title='bbox 3145 3637 3367 3678; x_wconf 87' lang='lat' dir='ltr'><strong>cervum</strong></span> <span class='ocrx_word' id='word_1_598' title='bbox 3426 3619 3735 3682; x_wconf 88' lang='lat' dir='ltr'><strong>sitientem,</strong></span> 
     </span>
    </p>
   </div>
   <div class='ocr_carea' id='block_1_83' title="bbox 2162 3711 3737 3791">
    <p class='ocr_par' dir='ltr' id='par_1_83' title="bbox 2162 3711 3737 3791">
     <span class='ocr_line' id='line_1_83' title="bbox 2162 3711 3737 3791; baseline -0.007 -16"><span class='ocrx_word' id='word_1_599' title='bbox 2162 3721 2318 3775; x_wconf 89' lang='lat' dir='ltr'><strong>tertia</strong></span> <span class='ocrx_word' id='word_1_600' title='bbox 2348 3736 2477 3791; x_wconf 90' lang='lat' dir='ltr'><strong>pars</strong></span> <span class='ocrx_word' id='word_1_601' title='bbox 2507 3730 2747 3776; x_wconf 90' lang='lat' dir='ltr'><strong>erectum</strong></span> <span class='ocrx_word' id='word_1_602' title='bbox 2780 3720 2930 3774; x_wconf 87' lang='lat' dir='ltr'><strong>illum</strong></span> <span class='ocrx_word' id='word_1_603' title='bbox 2981 3728 3036 3775; x_wconf 88' lang='lat' dir='ltr'><strong>et</strong></span> <span class='ocrx_word' id='word_1_604' title='bbox 3064 3717 3453 3787; x_wconf 85' lang='lat' dir='ltr'><strong>despicientem</strong></span> <span class='ocrx_word' id='word_1_605' title='bbox 3493 3727 3583 3767; x_wconf 84' lang='lat' dir='ltr'><strong>res</strong></span> <span class='ocrx_word' id='word_1_606' title='bbox 3629 3711 3737 3765; x_wconf 91' lang='lat' dir='ltr'><strong>hu-</strong></span> 
     </span>
    </p>
   </div>
   <div class='ocr_carea' id='block_1_84' title="bbox 2161 3807 3735 3884">
    <p class='ocr_par' dir='ltr' id='par_1_84' title="bbox 2161 3807 3735 3884">
     <span class='ocr_line' id='line_1_84' title="bbox 2161 3807 3735 3884; baseline -0.006 -15"><span class='ocrx_word' id='word_1_607' title='bbox 2161 3829 2354 3870; x_wconf 89' lang='lat' dir='ltr'><strong>manas</strong></span> <span class='ocrx_word' id='word_1_608' title='bbox 2398 3814 2641 3878; x_wconf 75' lang='lat' dir='ltr'><strong>exhibet,</strong></span> <span class='ocrx_word' id='word_1_609' title='bbox 2672 3813 2827 3884; x_wconf 89' lang='lat' dir='ltr'><strong>quasi</strong></span> <span class='ocrx_word' id='word_1_610' title='bbox 2870 3813 3016 3867; x_wconf 93' lang='lat' dir='ltr'><strong>enim</strong></span> <span class='ocrx_word' id='word_1_611' title='bbox 3058 3812 3126 3867; x_wconf 88' lang='lat' dir='ltr'><strong>ad</strong></span> <span class='ocrx_word' id='word_1_612' title='bbox 3184 3811 3399 3881; x_wconf 79' lang='lat' dir='ltr'><strong>frugem</strong></span> <span class='ocrx_word' id='word_1_613' title='bbox 3445 3807 3735 3868; x_wconf 87' lang='lat' dir='ltr'><strong>rediisset,</strong></span> 
     </span>
    </p>
   </div>
   <div class='ocr_carea' id='block_1_85' title="bbox 2161 3895 3740 3976">
    <p class='ocr_par' dir='ltr' id='par_1_85' title="bbox 2161 3895 3740 3976">
     <span class='ocr_line' id='line_1_85' title="bbox 2161 3895 3740 3976; baseline -0.008 -15"><span class='ocrx_word' id='word_1_614' title='bbox 2161 3905 2240 3961; x_wconf 88' lang='lat' dir='ltr'><strong>ita</strong></span> <span class='ocrx_word' id='word_1_615' title='bbox 2275 3905 2420 3961; x_wconf 87' lang='lat' dir='ltr'><strong>Deus</strong></span> <span class='ocrx_word' id='word_1_616' title='bbox 2467 3906 2716 3976; x_wconf 90' lang='lat' dir='ltr'><strong>loquitur</strong></span> <span class='ocrx_word' id='word_1_617' title='bbox 2747 3905 2934 3962; x_wconf 88' lang='lat' dir='ltr'><strong>lsraeli</strong></span> <span class='ocrx_word' id='word_1_618' title='bbox 2967 3923 2979 3960; x_wconf 93' lang='lat'>:</span> <span class='ocrx_word' id='word_1_619' title='bbox 3015 3905 3147 3975; x_wconf 78' lang='lat' dir='ltr'><strong>Ego,</strong></span> <span class='ocrx_word' id='word_1_620' title='bbox 3181 3905 3379 3974; x_wconf 86' lang='lat' dir='ltr'><strong>inquit,</strong></span> <span class='ocrx_word' id='word_1_621' title='bbox 3415 3901 3609 3954; x_wconf 87' lang='lat' dir='ltr'><strong>brutus</strong></span> <span class='ocrx_word' id='word_1_622' title='bbox 3639 3895 3740 3951; x_wconf 88' lang='lat' dir='ltr'><strong>ali-</strong></span> 
     </span>
    </p>
   </div>
   <div class='ocr_carea' id='block_1_86' title="bbox 2163 3993 3734 4066">
    <p class='ocr_par' dir='ltr' id='par_1_86' title="bbox 2163 3993 3734 4066">
     <span class='ocr_line' id='line_1_86' title="bbox 2163 3993 3734 4066; baseline -0.004 -16"><span class='ocrx_word' id='word_1_623' title='bbox 2163 3995 2386 4066; x_wconf 87' lang='lat' dir='ltr'><strong>quando</strong></span> <span class='ocrx_word' id='word_1_624' title='bbox 2417 4012 2565 4052; x_wconf 90' lang='lat' dir='ltr'><strong>eram</strong></span> <span class='ocrx_word' id='word_1_625' title='bbox 2587 4036 2602 4060; x_wconf 87' lang='lat'><strong>,</strong></span> <span class='ocrx_word' id='word_1_626' title='bbox 2629 4012 2755 4052; x_wconf 91' lang='lat' dir='ltr'><strong>cum</strong></span> <span class='ocrx_word' id='word_1_627' title='bbox 2808 3996 2861 4050; x_wconf 89' lang='lat' dir='ltr'><strong>in</strong></span> <span class='ocrx_word' id='word_1_628' title='bbox 2895 3995 3284 4066; x_wconf 88' lang='lat' dir='ltr'><strong>temporalibus</strong></span> <span class='ocrx_word' id='word_1_629' title='bbox 3325 3993 3526 4047; x_wconf 88' lang='lat' dir='ltr'><strong>bonum</strong></span> <span class='ocrx_word' id='word_1_630' title='bbox 3564 4003 3734 4059; x_wconf 90' lang='lat' dir='ltr'><strong>pone-</strong></span> 
     </span>
    </p>
   </div>
   <div class='ocr_carea' id='block_1_87' title="bbox 2162 4079 3740 4155">
    <p class='ocr_par' dir='ltr' id='par_1_87' title="bbox 2162 4079 3740 4155">
     <span class='ocr_line' id='line_1_87' title="bbox 2162 4079 3740 4155; baseline -0.006 -13"><span class='ocrx_word' id='word_1_631' title='bbox 2162 4087 2311 4153; x_wconf 84' lang='lat' dir='ltr'><strong>bam,</strong></span> <span class='ocrx_word' id='word_1_632' title='bbox 2338 4103 2485 4142; x_wconf 92' lang='lat' dir='ltr'><strong>nunc</strong></span> <span class='ocrx_word' id='word_1_633' title='bbox 2512 4101 2640 4141; x_wconf 87' lang='lat' dir='ltr'><strong>vero</strong></span> <span class='ocrx_word' id='word_1_634' title='bbox 2667 4087 2762 4141; x_wconf 90' lang='lat' dir='ltr'><strong>tibi</strong></span> <span class='ocrx_word' id='word_1_635' title='bbox 2790 4085 3065 4150; x_wconf 78' lang='lat' dir='ltr'><strong>adhaeret),</strong></span> <span class='ocrx_word' id='word_1_636' title='bbox 3098 4092 3384 4155; x_wconf 89' lang='lat' dir='ltr'><strong>postquam</strong></span> <span class='ocrx_word' id='word_1_637' title='bbox 3413 4082 3478 4136; x_wconf 86' lang='lat' dir='ltr'><strong>ad</strong></span> <span class='ocrx_word' id='word_1_638' title='bbox 3506 4079 3740 4135; x_wconf 77' lang='lat' dir='ltr'><strong>rectiora</strong></span> 
     </span>
    </p>
   </div>
   <div class='ocr_carea' id='block_1_88' title="bbox 2163 4170 3740 4246">
    <p class='ocr_par' dir='ltr' id='par_1_88' title="bbox 2163 4170 3740 4246">
     <span class='ocr_line' id='line_1_88' title="bbox 2163 4170 3740 4246; baseline -0.005 -14"><span class='ocrx_word' id='word_1_639' title='bbox 2163 4193 2462 4232; x_wconf 88' lang='lat' dir='ltr'><strong>conversus</strong></span> <span class='ocrx_word' id='word_1_640' title='bbox 2493 4193 2636 4233; x_wconf 90' lang='lat' dir='ltr'><strong>sum.</strong></span> <span class='ocrx_word' id='word_1_641' title='bbox 2663 4177 2868 4242; x_wconf 85' lang='lat' dir='ltr'><strong>Quarta</strong></span> <span class='ocrx_word' id='word_1_642' title='bbox 2907 4192 3032 4246; x_wconf 89' lang='lat' dir='ltr'><strong>pars</strong></span> <span class='ocrx_word' id='word_1_643' title='bbox 3057 4191 3164 4230; x_wconf 88' lang='lat' dir='ltr'><strong>non</strong></span> <span class='ocrx_word' id='word_1_644' title='bbox 3196 4173 3429 4243; x_wconf 90' lang='lat' dir='ltr'><strong>amplius</strong></span> <span class='ocrx_word' id='word_1_645' title='bbox 3459 4185 3557 4242; x_wconf 89' lang='lat' dir='ltr'><strong>pro</strong></span> <span class='ocrx_word' id='word_1_646' title='bbox 3581 4170 3740 4224; x_wconf 88' lang='lat' dir='ltr'><strong>dere-</strong></span> 
     </span>
    </p>
   </div>
   <div class='ocr_carea' id='block_1_89' title="bbox 2164 4256 3736 4334">
    <p class='ocr_par' dir='ltr' id='par_1_89' title="bbox 2164 4256 3736 4334">
     <span class='ocr_line' id='line_1_89' title="bbox 2164 4256 3736 4334; baseline -0.01 -12"><span class='ocrx_word' id='word_1_647' title='bbox 2164 4267 2294 4323; x_wconf 85' lang='lat' dir='ltr'><strong>licto</strong></span> <span class='ocrx_word' id='word_1_648' title='bbox 2321 4267 2484 4321; x_wconf 85' lang='lat' dir='ltr'><strong>habet</strong></span> <span class='ocrx_word' id='word_1_649' title='bbox 2513 4265 2812 4329; x_wconf 89' lang='lat' dir='ltr'><strong>hominem,</strong></span> <span class='ocrx_word' id='word_1_650' title='bbox 2847 4265 2941 4318; x_wconf 89' lang='lat' dir='ltr'><strong>sed</strong></span> <span class='ocrx_word' id='word_1_651' title='bbox 2969 4264 3080 4334; x_wconf 86' lang='lat' dir='ltr'><strong>jam</strong></span> <span class='ocrx_word' id='word_1_652' title='bbox 3115 4263 3268 4316; x_wconf 91' lang='lat' dir='ltr'><strong>illum</strong></span> <span class='ocrx_word' id='word_1_653' title='bbox 3300 4261 3408 4315; x_wconf 83' lang='lat' dir='ltr'><strong>Deo</strong></span> <span class='ocrx_word' id='word_1_654' title='bbox 3436 4256 3736 4326; x_wconf 73' lang='lat' dir='ltr'><strong>coniungit.</strong></span> 
     </span>
    </p>
   </div>
   <div class='ocr_carea' id='block_1_90' title="bbox 2165 4345 3741 4430">
    <p class='ocr_par' dir='ltr' id='par_1_90' title="bbox 2165 4345 3741 4430">
     <span class='ocr_line' id='line_1_90' title="bbox 2165 4345 3741 4430; baseline -0.011 -14"><span class='ocrx_word' id='word_1_655' title='bbox 2165 4358 2549 4430; x_wconf 78' lang='lat' dir='ltr'><strong>Oetogcsirnus</strong></span> <span class='ocrx_word' id='word_1_656' title='bbox 2579 4356 2726 4412; x_wconf 91' lang='lat' dir='ltr'><strong>enim</strong></span> <span class='ocrx_word' id='word_1_657' title='bbox 2761 4363 2814 4410; x_wconf 87' lang='lat' dir='ltr'><strong>et</strong></span> <span class='ocrx_word' id='word_1_658' title='bbox 2845 4369 3025 4410; x_wconf 88' lang='lat' dir='ltr'><strong>nonus</strong></span> <span class='ocrx_word' id='word_1_659' title='bbox 3070 4353 3320 4423; x_wconf 87' lang='lat' dir='ltr'><strong>psalmus</strong></span> <span class='ocrx_word' id='word_1_660' title='bbox 3373 4349 3590 4404; x_wconf 84' lang='lat' dir='ltr'><strong>titulum</strong></span> <span class='ocrx_word' id='word_1_661' title='bbox 3640 4345 3741 4399; x_wconf 55' lang='lat' dir='ltr'><strong>ha.</strong></span> 
     </span>
    </p>
   </div>
   <div class='ocr_carea' id='block_1_91' title="bbox 2167 4436 3740 4516">
    <p class='ocr_par' dir='ltr' id='par_1_91' title="bbox 2167 4436 3740 4516">
     <span class='ocr_line' id='line_1_91' title="bbox 2167 4436 3740 4516; baseline -0.01 -8"><span class='ocrx_word' id='word_1_662' title='bbox 2167 4452 2259 4508; x_wconf 84' lang='lat' dir='ltr'><strong>bet</strong></span> <span class='ocrx_word' id='word_1_663' title='bbox 2313 4469 2327 4505; x_wconf 89' lang='lat'>:</span> <span class='ocrx_word' id='word_1_664' title='bbox 2383 4448 2573 4504; x_wconf 84' lang='lat' dir='ltr'><strong>Oratio</strong></span> <span class='ocrx_word' id='word_1_665' title='bbox 2639 4448 3051 4502; x_wconf 86' lang='lat' dir='ltr'><strong>accommodata</strong></span> <span class='ocrx_word' id='word_1_666' title='bbox 3121 4445 3286 4516; x_wconf 77' lang='lat' dir='ltr'><strong>Moysi</strong></span> <span class='ocrx_word' id='word_1_667' title='bbox 3349 4439 3561 4497; x_wconf 87' lang='lat' dir='ltr'><strong>homini</strong></span> <span class='ocrx_word' id='word_1_668' title='bbox 3621 4436 3740 4493; x_wconf 86' lang='lat' dir='ltr'><strong>Dei.</strong></span> 
     </span>
    </p>
   </div>
   <div class='ocr_carea' id='block_1_92' title="bbox 488 4528 3793 4609">
    <p class='ocr_par' dir='ltr' id='par_1_92' title="bbox 488 4528 3793 4609">
     <span class='ocr_line' id='line_1_92' title="bbox 488 4528 3793 4609; baseline -0.003 -19"><span class='ocrx_word' id='word_1_669' title='bbox 488 4539 691 4604; x_wconf 79' lang='lat' dir='ltr'><strong>Quinta</strong></span> <span class='ocrx_word' id='word_1_670' title='bbox 736 4555 865 4595; x_wconf 88' lang='lat' dir='ltr'><strong>vero</strong></span> <span class='ocrx_word' id='word_1_671' title='bbox 908 4557 1033 4609; x_wconf 91' lang='lat' dir='ltr'><strong>pars</strong></span> <span class='ocrx_word' id='word_1_672' title='bbox 1079 4543 1147 4596; x_wconf 88' lang='lat' dir='ltr'><strong>ad</strong></span> <span class='ocrx_word' id='word_1_673' title='bbox 1183 4543 1397 4598; x_wconf 90' lang='lat' dir='ltr'><strong>culmen</strong></span> <span class='ocrx_word' id='word_1_674' title='bbox 1439 4543 1588 4598; x_wconf 85' lang='lat' dir='ltr'><strong>ducit</strong></span> <span class='ocrx_word' id='word_1_675' title='bbox 1617 4558 1900 4598; x_wconf 87' lang='lat' dir='ltr'><strong>ascensus.</strong></span> <span class='ocrx_word' id='word_1_676' title='bbox 1932 4542 2216 4600; x_wconf 86' lang='lat' dir='ltr'><strong>Gloriatur</strong></span> <span class='ocrx_word' id='word_1_677' title='bbox 2263 4544 2458 4599; x_wconf 89' lang='lat' dir='ltr'><strong>enim:</strong></span> <span class='ocrx_word' id='word_1_678' title='bbox 2528 4540 2645 4595; x_wconf 83' lang='lat' dir='ltr'><strong>Mea</strong></span> <span class='ocrx_word' id='word_1_679' title='bbox 2689 4549 2774 4596; x_wconf 93' lang='lat' dir='ltr'><strong>est</strong></span> <span class='ocrx_word' id='word_1_680' title='bbox 2824 4539 3006 4594; x_wconf 91' lang='lat' dir='ltr'><strong>omnis</strong></span> <span class='ocrx_word' id='word_1_681' title='bbox 3055 4550 3268 4592; x_wconf 85' lang='lat' dir='ltr'><strong>summa</strong></span> <span class='ocrx_word' id='word_1_682' title='bbox 3331 4530 3604 4588; x_wconf 84' lang='lat' dir='ltr'><strong>fclicitatis</strong></span> <span class='ocrx_word' id='word_1_683' title='bbox 3637 4528 3744 4582; x_wconf 75' lang='lat' dir='ltr'><strong>lru-</strong></span> <span class='ocrx_word' id='word_1_684' title='bbox 3789 4579 3793 4582; x_wconf 78' lang='grc'><strong>,</strong></span> 
     </span>
    </p>
   </div>
   <div class='ocr_carea' id='block_1_93' title="bbox 487 4632 3744 4704">
    <p class='ocr_par' dir='ltr' id='par_1_93' title="bbox 487 4632 3744 4704">
     <span class='ocr_line' id='line_1_93' title="bbox 487 4632 3744 4704; baseline -0.002 -19"><span class='ocrx_word' id='word_1_685' title='bbox 487 4645 698 4699; x_wconf 67' lang='lat' dir='ltr'><strong>manas;</strong></span> <span class='ocrx_word' id='word_1_686' title='bbox 733 4648 884 4704; x_wconf 83' lang='lat' dir='ltr'><strong>ergo,</strong></span> <span class='ocrx_word' id='word_1_687' title='bbox 927 4635 1078 4700; x_wconf 87' lang='lat' dir='ltr'><strong>dicit,</strong></span> <span class='ocrx_word' id='word_1_688' title='bbox 1109 4635 1292 4691; x_wconf 89' lang='lat' dir='ltr'><strong>omnis</strong></span> <span class='ocrx_word' id='word_1_689' title='bbox 1317 4637 1496 4690; x_wconf 85' lang='lat' dir='ltr'><strong>anima</strong></span> <span class='ocrx_word' id='word_1_690' title='bbox 1528 4636 1710 4691; x_wconf 81' lang='lat' dir='ltr'><strong>laudet</strong></span> <span class='ocrx_word' id='word_1_691' title='bbox 1739 4636 2049 4691; x_wconf 87' lang='lat' dir='ltr'><strong>Dominum.</strong></span> <span class='ocrx_word' id='word_1_692' title='bbox 2087 4636 2216 4691; x_wconf 80' lang='lat' dir='ltr'><strong>Tale</strong></span> <span class='ocrx_word' id='word_1_693' title='bbox 2279 4635 2498 4703; x_wconf 89' lang='lat' dir='ltr'><strong>quidem</strong></span> <span class='ocrx_word' id='word_1_694' title='bbox 2547 4642 2633 4688; x_wconf 84' lang='lat' dir='ltr'><strong>est</strong></span> <span class='ocrx_word' id='word_1_695' title='bbox 2676 4632 3027 4700; x_wconf 84' lang='lat' dir='ltr'><strong>convivium;</strong></span> <span class='ocrx_word' id='word_1_696' title='bbox 3095 4644 3243 4684; x_wconf 88' lang='lat' dir='ltr'><strong>nunc</strong></span> <span class='ocrx_word' id='word_1_697' title='bbox 3299 4635 3516 4696; x_wconf 78' lang='lat' dir='ltr'><strong>tempus</strong></span> <span class='ocrx_word' id='word_1_698' title='bbox 3538 4632 3622 4679; x_wconf 86' lang='lat' dir='ltr'><strong>est</strong></span> <span class='ocrx_word' id='word_1_699' title='bbox 3645 4635 3744 4692; x_wconf 77' lang='lat' dir='ltr'><strong>Ip-</strong></span> 
     </span>
    </p>
   </div>
   <div class='ocr_carea' id='block_1_94' title="bbox 487 4726 2856 4801">
    <p class='ocr_par' dir='ltr' id='par_1_94' title="bbox 487 4726 2856 4801">
     <span class='ocr_line' id='line_1_94' title="bbox 487 4726 2856 4801; baseline 0.001 -23"><span class='ocrx_word' id='word_1_700' title='bbox 487 4743 690 4800; x_wconf 82' lang='lat' dir='ltr'><strong>ponere</strong></span> <span class='ocrx_word' id='word_1_701' title='bbox 711 4743 929 4783; x_wconf 91' lang='lat' dir='ltr'><strong>omnem</strong></span> <span class='ocrx_word' id='word_1_702' title='bbox 960 4727 1288 4784; x_wconf 87' lang='lat' dir='ltr'><strong>ferculorum</strong></span> <span class='ocrx_word' id='word_1_703' title='bbox 1320 4729 1658 4796; x_wconf 83' lang='lat' dir='ltr'><strong>varietatem,</strong></span> <span class='ocrx_word' id='word_1_704' title='bbox 1697 4745 1860 4801; x_wconf 89' lang='lat' dir='ltr'><strong>quam</strong></span> <span class='ocrx_word' id='word_1_705' title='bbox 1888 4729 2058 4785; x_wconf 84' lang='lat' dir='ltr'><strong>David</strong></span> <span class='ocrx_word' id='word_1_706' title='bbox 2088 4731 2275 4800; x_wconf 87' lang='lat' dir='ltr'><strong>probis</strong></span> <span class='ocrx_word' id='word_1_707' title='bbox 2299 4729 2548 4784; x_wconf 89' lang='lat' dir='ltr'><strong>convivis</strong></span> <span class='ocrx_word' id='word_1_708' title='bbox 2571 4726 2856 4798; x_wconf 85' lang='lat' dir='ltr'><strong>apparavit</strong></span> 
     </span>
    </p>
   </div>
   <div class='ocr_carea' id='block_1_95' title="bbox 497 4843 3743 4922">
    <p class='ocr_par' dir='ltr' id='par_1_95' title="bbox 497 4843 3743 4922">
     <span class='ocr_line' id='line_1_95' title="bbox 497 4843 3743 4922; baseline -0.002 -20"><span class='ocrx_word' id='word_1_709' title='bbox 497 4847 690 4904; x_wconf 76' lang='lat' dir='ltr'><strong>Versus</strong></span> <span class='ocrx_word' id='word_1_710' title='bbox 724 4849 937 4905; x_wconf 79' lang='lat' dir='ltr'><strong>iambici</strong></span> <span class='ocrx_word' id='word_1_711' title='bbox 965 4851 1021 4904; x_wconf 77' lang='lat' dir='ltr'><strong>in</strong></span> <span class='ocrx_word' id='word_1_712' title='bbox 1051 4859 1278 4922; x_wconf 79' lang='lat' dir='ltr'><strong>quatuor</strong></span> <span class='ocrx_word' id='word_1_713' title='bbox 1307 4849 1612 4921; x_wconf 80' lang='lat' dir='ltr'><strong>prophetas.</strong></span> <span class='ocrx_word' id='word_1_714' title='bbox 1633 4862 1753 4906; x_wconf 85' lang='lat' dir='ltr'><strong>ante</strong></span> <span class='ocrx_word' id='word_1_715' title='bbox 1778 4850 2034 4907; x_wconf 81' lang='lat' dir='ltr'><strong>Catenam</strong></span> <span class='ocrx_word' id='word_1_716' title='bbox 2064 4850 2328 4922; x_wconf 77' lang='lat' dir='ltr'><strong>inscripti.</strong></span> <span class='ocrx_word' id='word_1_717' title='bbox 2372 4847 2821 4922; x_wconf 52' lang='lat' dir='ltr'><strong>(Nicen-forsan</strong></span> <span class='ocrx_word' id='word_1_718' title='bbox 2857 4845 3244 4907; x_wconf 73' lang='lat' dir='ltr'><strong>Heracleensis,</strong></span> <span class='ocrx_word' id='word_1_719' title='bbox 3281 4843 3559 4901; x_wconf 72' lang='lat' dir='ltr'><strong>Constant.</strong></span> <span class='ocrx_word' id='word_1_720' title='bbox 3614 4843 3743 4899; x_wconf 68' lang='grc' dir='ltr'>θεοί.</span> 
     </span>
    </p>
   </div>
   <div class='ocr_carea' id='block_1_96' title="bbox 1538 4919 2669 5000">
    <p class='ocr_par' dir='ltr' id='par_1_96' title="bbox 1538 4919 2669 5000">
     <span class='ocr_line' id='line_1_96' title="bbox 1538 4919 2669 5000; baseline -0.001 -24"><span class='ocrx_word' id='word_1_721' title='bbox 1538 4923 1770 4988; x_wconf 81' lang='lat' dir='ltr'><strong>diaconi,</strong></span> <span class='ocrx_word' id='word_1_722' title='bbox 1799 4940 1888 4977; x_wconf 84' lang='lat' dir='ltr'><strong>an.</strong></span> <span class='ocrx_word' id='word_1_723' title='bbox 1932 4923 1994 4979; x_wconf 85' lang='lat' dir='ltr'><strong>C.</strong></span> <span class='ocrx_word' id='word_1_724' title='bbox 2031 4921 2188 4975; x_wconf 69' lang='lat'><strong>1077.</strong></span> <span class='ocrx_word' id='word_1_725' title='bbox 2224 4922 2444 5000; x_wconf 61' lang='lat' dir='ltr'><strong>I}.\NDINI</strong></span> <span class='ocrx_word' id='word_1_726' title='bbox 2476 4921 2514 4982; x_wconf 89' lang='grc' dir='ltr'>Ι,</span> <span class='ocrx_word' id='word_1_727' title='bbox 2557 4919 2669 4989; x_wconf 81' lang='grc'>19.)</span> 
     </span>
    </p>
   </div>
   <div class='ocr_carea' id='block_1_97' title="bbox 1132 5015 1404 5091">
    <p class='ocr_par' dir='ltr' id='par_1_97' title="bbox 1132 5015 1404 5091">
     <span class='ocr_line' id='line_1_97' title="bbox 1132 5015 1404 5091; baseline 0.004 -2"><span class='ocrx_word' id='word_1_728' title='bbox 1132 5015 1404 5091; x_wconf 54' lang='lat' dir='ltr'><strong>nautas&quot;.</strong></span> 
     </span>
    </p>
   </div>
   <div class='ocr_carea' id='block_1_98' title="bbox 609 5147 1694 5220">
    <p class='ocr_par' dir='ltr' id='par_1_98' title="bbox 609 5147 1694 5220">
     <span class='ocr_line' id='line_1_98' title="bbox 609 5147 1694 5220; baseline -0.002 -17"><span class='ocrx_word' id='word_1_729' title='bbox 609 5150 671 5203; x_wconf 83' lang='grc' dir='ltr'><strong>Ἠ</strong></span> <span class='ocrx_word' id='word_1_730' title='bbox 706 5147 813 5203; x_wconf 89' lang='grc' dir='ltr'><strong>τῶν</strong></span> <span class='ocrx_word' id='word_1_731' title='bbox 834 5147 1130 5220; x_wconf 81' lang='grc' dir='ltr'>προφητῶν</span> <span class='ocrx_word' id='word_1_732' title='bbox 1157 5149 1396 5220; x_wconf 80' lang='grc' dir='ltr'>ἀκρότης</span> <span class='ocrx_word' id='word_1_733' title='bbox 1444 5149 1694 5211; x_wconf 79' lang='grc' dir='ltr'>Ἡσαΐας,</span> 
     </span>
    </p>
   </div>
   <div class='ocr_carea' id='block_1_99' title="bbox 597 5240 1872 5314">
    <p class='ocr_par' dir='ltr' id='par_1_99' title="bbox 597 5240 1872 5314">
     <span class='ocr_line' id='line_1_99' title="bbox 597 5240 1872 5314; baseline -0.004 -17"><span class='ocrx_word' id='word_1_734' title='bbox 597 5245 704 5298; x_wconf 80' lang='grc' dir='ltr'><strong>Τὸν</strong></span> <span class='ocrx_word' id='word_1_735' title='bbox 729 5245 855 5299; x_wconf 85' lang='grc' dir='ltr'>νοῦν</span> <span class='ocrx_word' id='word_1_736' title='bbox 884 5243 1180 5314; x_wconf 72' lang='grc' dir='ltr'>καθαρθεὶς</span> <span class='ocrx_word' id='word_1_737' title='bbox 1205 5242 1437 5314; x_wconf 84' lang='grc' dir='ltr'>ἄνθρακι</span> <span class='ocrx_word' id='word_1_738' title='bbox 1469 5240 1667 5310; x_wconf 79' lang='grc' dir='ltr'>φλογὸς</span> <span class='ocrx_word' id='word_1_739' title='bbox 1693 5240 1872 5309; x_wconf 80' lang='grc' dir='ltr'>ξένης,</span> 
     </span>
    </p>
   </div>
   <div class='ocr_carea' id='block_1_100' title="bbox 599 5333 1857 5409">
    <p class='ocr_par' dir='ltr' id='par_1_100' title="bbox 599 5333 1857 5409">
     <span class='ocr_line' id='line_1_100' title="bbox 599 5333 1857 5409; baseline -0.006 -17"><span class='ocrx_word' id='word_1_740' title='bbox 599 5340 710 5392; x_wconf 79' lang='grc' dir='ltr'><strong>Καὶ</strong></span> <span class='ocrx_word' id='word_1_741' title='bbox 736 5338 800 5409; x_wconf 85' lang='grc' dir='ltr'>δὴ</span> <span class='ocrx_word' id='word_1_742' title='bbox 830 5338 890 5391; x_wconf 80' lang='grc' dir='ltr'><strong>τδ</strong></span> <span class='ocrx_word' id='word_1_743' title='bbox 923 5337 1116 5406; x_wconf 85' lang='grc' dir='ltr'>μέλλον</span> <span class='ocrx_word' id='word_1_744' title='bbox 1145 5338 1218 5400; x_wconf 76' lang='grc' dir='ltr'>ὡς</span> <span class='ocrx_word' id='word_1_745' title='bbox 1249 5335 1480 5398; x_wconf 77' lang='grc' dir='ltr'>ἐνεστὼς</span> <span class='ocrx_word' id='word_1_746' title='bbox 1513 5333 1857 5405; x_wconf 81' lang='grc' dir='ltr'>προϐλέπων,</span> 
     </span>
    </p>
   </div>
   <div class='ocr_carea' id='block_1_101' title="bbox 597 5427 1662 5503">
    <p class='ocr_par' dir='ltr' id='par_1_101' title="bbox 597 5427 1662 5503">
     <span class='ocr_line' id='line_1_101' title="bbox 597 5427 1662 5503; baseline -0.008 -17"><span class='ocrx_word' id='word_1_747' title='bbox 597 5430 833 5503; x_wconf 84' lang='grc' dir='ltr'>Χριστοῦ</span> <span class='ocrx_word' id='word_1_748' title='bbox 856 5431 1184 5501; x_wconf 84' lang='grc' dir='ltr'>διετρὰνωσε</span> <span class='ocrx_word' id='word_1_749' title='bbox 1210 5429 1308 5499; x_wconf 74' lang='grc' dir='ltr'><strong>τὴν</strong></span> <span class='ocrx_word' id='word_1_750' title='bbox 1339 5427 1662 5496; x_wconf 83' lang='grc' dir='ltr'>παρουσίαν,</span> 
     </span>
    </p>
   </div>
   <div class='ocr_carea' id='block_1_102' title="bbox 599 5516 1818 5594">
    <p class='ocr_par' dir='ltr' id='par_1_102' title="bbox 599 5516 1818 5594">
     <span class='ocr_line' id='line_1_102' title="bbox 599 5516 1818 5594; baseline -0.01 -15"><span class='ocrx_word' id='word_1_751' title='bbox 599 5526 812 5579; x_wconf 85' lang='grc' dir='ltr'>Πτῶσιν</span> <span class='ocrx_word' id='word_1_752' title='bbox 846 5523 1219 5594; x_wconf 80' lang='grc' dir='ltr'>προηγόρευσε</span> <span class='ocrx_word' id='word_1_753' title='bbox 1250 5520 1360 5573; x_wconf 89' lang='grc' dir='ltr'><strong>τῶν</strong></span> <span class='ocrx_word' id='word_1_754' title='bbox 1387 5516 1818 5590; x_wconf 85' lang='grc' dir='ltr'>Χριστοκτόνων,</span> 
     </span>
    </p>
   </div>
   <div class='ocr_carea' id='block_1_103' title="bbox 604 5609 1791 5687">
    <p class='ocr_par' dir='ltr' id='par_1_103' title="bbox 604 5609 1791 5687">
     <span class='ocr_line' id='line_1_103' title="bbox 604 5609 1791 5687; baseline -0.01 -15"><span class='ocrx_word' id='word_1_755' title='bbox 604 5620 793 5672; x_wconf 79' lang='grc' dir='ltr'>Πίστιν</span> <span class='ocrx_word' id='word_1_756' title='bbox 823 5620 1051 5687; x_wconf 84' lang='grc' dir='ltr'>προεῖπε</span> <span class='ocrx_word' id='word_1_757' title='bbox 1077 5615 1184 5668; x_wconf 87' lang='grc' dir='ltr'><strong>τῶν</strong></span> <span class='ocrx_word' id='word_1_758' title='bbox 1211 5614 1340 5683; x_wconf 75' lang='grc' dir='ltr'>πρὶν</span> <span class='ocrx_word' id='word_1_759' title='bbox 1374 5611 1573 5678; x_wconf 76' lang='grc' dir='ltr'>ἔξωθεν</span> <span class='ocrx_word' id='word_1_760' title='bbox 1603 5609 1791 5679; x_wconf 88' lang='grc' dir='ltr'>νόμου.</span> 
     </span>
    </p>
   </div>
   <div class='ocr_carea' id='block_1_104' title="bbox 606 5705 1784 5778">
    <p class='ocr_par' dir='ltr' id='par_1_104' title="bbox 606 5705 1784 5778">
     <span class='ocr_line' id='line_1_104' title="bbox 606 5705 1784 5778; baseline -0.007 -14"><span class='ocrx_word' id='word_1_761' title='bbox 606 5713 716 5765; x_wconf 76' lang='grc' dir='ltr'><strong>Καὶ</strong></span> <span class='ocrx_word' id='word_1_762' title='bbox 751 5712 912 5764; x_wconf 69' lang='grc' dir='ltr'>παντὶ</span> <span class='ocrx_word' id='word_1_763' title='bbox 941 5709 1132 5778; x_wconf 86' lang='grc' dir='ltr'>κόσμῳ</span> <span class='ocrx_word' id='word_1_764' title='bbox 1158 5708 1257 5775; x_wconf 83' lang='grc' dir='ltr'><strong>τὴν</strong></span> <span class='ocrx_word' id='word_1_765' title='bbox 1288 5706 1612 5777; x_wconf 74' lang='grc' dir='ltr'>παλίρροιαν</span> <span class='ocrx_word' id='word_1_766' title='bbox 1648 5705 1784 5774; x_wconf 84' lang='grc' dir='ltr'>βίου.</span> 
     </span>
    </p>
   </div>
   <div class='ocr_carea' id='block_1_105' title="bbox 611 5795 1934 5871">
    <p class='ocr_par' dir='ltr' id='par_1_105' title="bbox 611 5795 1934 5871">
     <span class='ocr_line' id='line_1_105' title="bbox 611 5795 1934 5871; baseline -0.008 -15"><span class='ocrx_word' id='word_1_767' title='bbox 611 5801 870 5864; x_wconf 66' lang='lat' dir='ltr'><strong>&quot;malist;</strong></span> <span class='ocrx_word' id='word_1_768' title='bbox 898 5800 1077 5871; x_wconf 72' lang='grc' dir='ltr'>φθόνῳ</span> <span class='ocrx_word' id='word_1_769' title='bbox 1103 5799 1182 5867; x_wconf 82' lang='grc' dir='ltr'>δὲ,</span> <span class='ocrx_word' id='word_1_770' title='bbox 1204 5798 1299 5853; x_wconf 73' lang='grc' dir='ltr'><strong>καὶ</strong></span> <span class='ocrx_word' id='word_1_771' title='bbox 1328 5797 1489 5852; x_wconf 79' lang='grc' dir='ltr'>πόλον</span> <span class='ocrx_word' id='word_1_772' title='bbox 1519 5795 1700 5868; x_wconf 84' lang='grc' dir='ltr'>λαχὼν</span> <span class='ocrx_word' id='word_1_773' title='bbox 1731 5795 1934 5867; x_wconf 81' lang='grc' dir='ltr'>μένειν,</span> 
     </span>
    </p>
   </div>
   <div class='ocr_carea' id='block_1_106' title="bbox 2083 5034 2138 5094">
    <p class='ocr_par' dir='ltr' id='par_1_106' title="bbox 2083 5034 2138 5094">
     <span class='ocr_line' id='line_1_106' title="bbox 2083 5034 2138 5094; baseline 0 -2"><span class='ocrx_word' id='word_1_774' title='bbox 2083 5034 2138 5094; x_wconf 91' lang='grc' dir='ltr'><strong>Ι)</strong></span> 
     </span>
    </p>
   </div>
   <div class='ocr_carea' id='block_1_107' title="bbox 2828 5030 3074 5087">
    <p class='ocr_par' dir='ltr' id='par_1_107' title="bbox 2828 5030 3074 5087">
     <span class='ocr_line' id='line_1_107' title="bbox 2828 5030 3074 5087; baseline 0.008 -2"><span class='ocrx_word' id='word_1_775' title='bbox 2828 5030 3074 5087; x_wconf 76' lang='lat' dir='ltr'><strong>lSAIAS.</strong></span> 
     </span>
    </p>
   </div>
   <div class='ocr_carea' id='block_1_108' title="bbox 2165 5142 2942 5217">
    <p class='ocr_par' dir='ltr' id='par_1_108' title="bbox 2165 5142 2942 5217">
     <span class='ocr_line' id='line_1_108' title="bbox 2165 5142 2942 5217; baseline -0.005 -15"><span class='ocrx_word' id='word_1_776' title='bbox 2165 5146 2560 5217; x_wconf 84' lang='lat' dir='ltr'><strong>Prophetarum</strong></span> <span class='ocrx_word' id='word_1_777' title='bbox 2591 5159 2724 5214; x_wconf 83' lang='lat' dir='ltr'><strong>apex</strong></span> <span class='ocrx_word' id='word_1_778' title='bbox 2757 5142 2942 5204; x_wconf 85' lang='lat' dir='ltr'><strong>Isaias.</strong></span> 
     </span>
    </p>
   </div>
   <div class='ocr_carea' id='block_1_109' title="bbox 2165 5229 3460 5304">
    <p class='ocr_par' dir='ltr' id='par_1_109' title="bbox 2165 5229 3460 5304">
     <span class='ocr_line' id='line_1_109' title="bbox 2165 5229 3460 5304; baseline -0.007 -15"><span class='ocrx_word' id='word_1_779' title='bbox 2165 5235 2343 5290; x_wconf 81' lang='lat' dir='ltr'><strong>Mente</strong></span> <span class='ocrx_word' id='word_1_780' title='bbox 2371 5242 2631 5304; x_wconf 76' lang='lat' dir='ltr'><strong>purgatus</strong></span> <span class='ocrx_word' id='word_1_781' title='bbox 2664 5248 2695 5286; x_wconf 87' lang='lat' dir='ltr'><strong>a</strong></span> <span class='ocrx_word' id='word_1_782' title='bbox 2725 5232 2960 5287; x_wconf 86' lang='lat' dir='ltr'><strong>carbone</strong></span> <span class='ocrx_word' id='word_1_783' title='bbox 2993 5231 3226 5284; x_wconf 75' lang='lat' dir='ltr'><strong>flarntna:</strong></span> <span class='ocrx_word' id='word_1_784' title='bbox 3247 5229 3460 5293; x_wconf 65' lang='lat' dir='ltr'><strong>alienae,</strong></span> 
     </span>
    </p>
   </div>
   <div class='ocr_carea' id='block_1_110' title="bbox 2166 5320 3369 5395">
    <p class='ocr_par' dir='ltr' id='par_1_110' title="bbox 2166 5320 3369 5395">
     <span class='ocr_line' id='line_1_110' title="bbox 2166 5320 3369 5395; baseline -0.006 -14"><span class='ocrx_word' id='word_1_785' title='bbox 2166 5325 2467 5395; x_wconf 84' lang='lat' dir='ltr'><strong>Futurique</strong></span> <span class='ocrx_word' id='word_1_786' title='bbox 2497 5332 2556 5378; x_wconf 86' lang='lat' dir='ltr'><strong>ut</strong></span> <span class='ocrx_word' id='word_1_787' title='bbox 2579 5322 2692 5393; x_wconf 89' lang='lat' dir='ltr'><strong>jam</strong></span> <span class='ocrx_word' id='word_1_788' title='bbox 2726 5321 3063 5376; x_wconf 86' lang='lat' dir='ltr'><strong>imminentis</strong></span> <span class='ocrx_word' id='word_1_789' title='bbox 3085 5320 3369 5391; x_wconf 86' lang='lat' dir='ltr'><strong>providus,</strong></span> 
     </span>
    </p>
   </div>
   <div class='ocr_carea' id='block_1_111' title="bbox 2167 5413 3138 5484">
    <p class='ocr_par' dir='ltr' id='par_1_111' title="bbox 2167 5413 3138 5484">
     <span class='ocr_line' id='line_1_111' title="bbox 2167 5413 3138 5484; baseline -0.009 -12"><span class='ocrx_word' id='word_1_790' title='bbox 2167 5417 2370 5472; x_wconf 90' lang='lat' dir='ltr'><strong>Christi</strong></span> <span class='ocrx_word' id='word_1_791' title='bbox 2401 5414 2730 5484; x_wconf 83' lang='lat' dir='ltr'><strong>significavit</strong></span> <span class='ocrx_word' id='word_1_792' title='bbox 2767 5413 3138 5484; x_wconf 68' lang='lat' dir='ltr'><strong>praesentiam,</strong></span> 
     </span>
    </p>
   </div>
   <div class='ocr_carea' id='block_1_112' title="bbox 2173 5505 3276 5576">
    <p class='ocr_par' dir='ltr' id='par_1_112' title="bbox 2173 5505 3276 5576">
     <span class='ocr_line' id='line_1_112' title="bbox 2173 5505 3276 5576; baseline -0.007 -13"><span class='ocrx_word' id='word_1_793' title='bbox 2173 5509 2487 5576; x_wconf 69' lang='lat' dir='ltr'><strong>(lusumque</strong></span> <span class='ocrx_word' id='word_1_794' title='bbox 2513 5506 2767 5576; x_wconf 74' lang='lat' dir='ltr'><strong>przedixit</strong></span> <span class='ocrx_word' id='word_1_795' title='bbox 2797 5505 3276 5566; x_wconf 87' lang='lat' dir='ltr'><strong>Christicidarum,</strong></span> 
     </span>
    </p>
   </div>
   <div class='ocr_carea' id='block_1_113' title="bbox 2176 5595 3498 5668">
    <p class='ocr_par' dir='ltr' id='par_1_113' title="bbox 2176 5595 3498 5668">
     <span class='ocr_line' id='line_1_113' title="bbox 2176 5595 3498 5668; baseline -0.005 -17"><span class='ocrx_word' id='word_1_796' title='bbox 2176 5599 2360 5653; x_wconf 83' lang='lat' dir='ltr'><strong>Fidem</strong></span> <span class='ocrx_word' id='word_1_797' title='bbox 2399 5598 2782 5668; x_wconf 75' lang='lat' dir='ltr'><strong>prtenuntiavit</strong></span> <span class='ocrx_word' id='word_1_798' title='bbox 2807 5605 2931 5651; x_wconf 86' lang='lat' dir='ltr'><strong>ante</strong></span> <span class='ocrx_word' id='word_1_799' title='bbox 2954 5611 2984 5650; x_wconf 76' lang='grc' dir='ltr'><strong>ιι</strong></span> <span class='ocrx_word' id='word_1_800' title='bbox 3018 5597 3132 5666; x_wconf 76' lang='lat' dir='ltr'><strong>lege</strong></span> <span class='ocrx_word' id='word_1_801' title='bbox 3158 5595 3498 5660; x_wconf 76' lang='lat' dir='ltr'><strong>alienorum,</strong></span> 
     </span>
    </p>
   </div>
   <div class='ocr_carea' id='block_1_114' title="bbox 2174 5688 3246 5762">
    <p class='ocr_par' dir='ltr' id='par_1_114' title="bbox 2174 5688 3246 5762">
     <span class='ocr_line' id='line_1_114' title="bbox 2174 5688 3246 5762; baseline -0.005 -17"><span class='ocrx_word' id='word_1_802' title='bbox 2174 5691 2406 5762; x_wconf 81' lang='lat' dir='ltr'><strong>Totique</strong></span> <span class='ocrx_word' id='word_1_803' title='bbox 2433 5690 2636 5744; x_wconf 78' lang='lat' dir='ltr'><strong>uni-udo</strong></span> <span class='ocrx_word' id='word_1_804' title='bbox 2673 5689 2795 5744; x_wconf 72' lang='lat' dir='ltr'><strong>vita:</strong></span> <span class='ocrx_word' id='word_1_805' title='bbox 2824 5688 3246 5742; x_wconf 86' lang='lat' dir='ltr'><strong>restitutionem.</strong></span> 
     </span>
    </p>
   </div>
   <div class='ocr_carea' id='block_1_115' title="bbox 2174 5777 3600 5853">
    <p class='ocr_par' dir='ltr' id='par_1_115' title="bbox 2174 5777 3600 5853">
     <span class='ocr_line' id='line_1_115' title="bbox 2174 5777 3600 5853; baseline -0.008 -14"><span class='ocrx_word' id='word_1_806' title='bbox 2174 5784 2451 5842; x_wconf 81' lang='lat' dir='ltr'><strong>Dissectus</strong></span> <span class='ocrx_word' id='word_1_807' title='bbox 2477 5793 2655 5838; x_wconf 85' lang='lat' dir='ltr'><strong>autem</strong></span> <span class='ocrx_word' id='word_1_808' title='bbox 2676 5781 2899 5849; x_wconf 87' lang='lat' dir='ltr'><strong>invidia,</strong></span> <span class='ocrx_word' id='word_1_809' title='bbox 2919 5779 3134 5853; x_wconf 89' lang='lat' dir='ltr'><strong>polique</strong></span> <span class='ocrx_word' id='word_1_810' title='bbox 3159 5788 3312 5836; x_wconf 74' lang='lat' dir='ltr'><strong>sorte</strong></span> <span class='ocrx_word' id='word_1_811' title='bbox 3344 5777 3600 5842; x_wconf 65' lang='lat' dir='ltr'><strong>donatus,</strong></span> 
     </span>
    </p>
   </div>
  </div>
