4026 6418
447 334 599 426 Ἱοτδ

457 472 606 527 Dicta
641 477 864 544 reliquit
893 479 1055 534 vitam
1082 480 1354 548 adjutura,
2066 499 2112 553 At

453 562 584 628 Quae
609 563 846 629 Nicclas,
878 587 1038 636 quem
1080 587 1297 628 corona:
1327 575 1486 633 sedes
1526 576 1708 644 habet,

452 659 552 712 "ir.
582 663 848 715 concinne
876 667 1205 742 coauposuit,

451 749 507 804 lu
547 751 670 806 lidei
702 751 1109 812 documentum.
1145 760 1451 831 animaeque
1483 763 1704 819 lvtrum.

1051 884 1408 946 JEREMIAS.

449 1002 673 1065 Deﬂere.
693 1006 972 1077 propheta,
995 1010 1357 1084 lacrymisque
1385 1020 1637 1090 prosequi
1667 1021 1882 1086 urbem,

447 1094 640 1149 Desine
677 1098 788 1167 jam
814 1101 1054 1159 caulibus
1082 1105 1320 1174 plenam,

445 1186 548 1251 Qui
585 1192 771 1244 matris
795 1193 847 1244 in
882 1204 1037 1249 utero
1058 1211 1117 1251 es
1139 1208 1519 1262 consecratus,

442 1275 553 1331 Nec
585 1282 824 1337 verearis
857 1299 980 1338 cum
1013 1287 1157 1340 inter
1179 1297 1367 1356 gentes
1400 1291 1618 1348 loculus
1653 1291 1845 1360 fueris,

443 1368 520 1421 Te
546 1378 804 1438 tanquam
836 1373 904 1426 ad
931 1374 1127 1432 infidos
1151 1392 1269 1432 esse
1295 1378 1512 1448 jussum
1541 1383 1820 1450 accedere,

442 1460 582 1524 Quin
607 1463 794 1531 potius
822 1481 1037 1536 surgas,
1061 1468 1178 1522 leva
1211 1471 1404 1526 oculos
1435 1472 1486 1526 in
1516 1474 1778 1540 circuitu,

441 1551 916 1610 Lamentationum
948 1568 1000 1613 et
1028 1556 1395 1632 lacrymarum
1425 1565 1579 1633 copia
1609 1567 1841 1631 omissa,

443 1642 731 1712 Siquidem
770 1662 879 1702 non
906 1658 1160 1706 mortuus
1181 1666 1262 1717 es,
1292 1651 1387 1707 sed
1420 1670 1641 1710 sursum
1678 1657 1839 1721 vivis,

440 1733 582 1803 Quin
616 1748 806 1808 gentes
827 1742 1065 1812 aspicias
1086 1754 1249 1799 antea
1271 1755 1550 1815 externas,
1573 1764 1723 1804 nunc
1751 1750 1854 1820 legi
1888 1753 2020 1806 sub—

1724 1839 1946 1916 ﬁectas,
2049 1835 2096 1894 B

439 1920 621 1978 Sionis
651 1923 791 1979 ﬁlios
821 1934 1146 1996 praestantes
1175 1927 1228 1982 in
1257 1928 1532 1998 pulverem
1566 1929 1840 1997 redactos,

442 2010 648 2066 Laetare
673 2015 891 2068 tandem
931 2015 1268 2085 perfectione
1291 2026 1512 2074 tuorum
1554 2035 1896 2089 sermonum,

435 2104 588 2169 Quos
612 2105 700 2176 pia
730 2122 886 2163 mens
909 2108 1002 2164 hic
1025 2111 1352 2181 composuit.

1045 2234 1409 2295 EZEGHIEL.

437 2351 634 2410 Mentis
661 2356 951 2426 splendore
978 2367 1032 2415 et
1060 2360 1299 2432 puritate
1319 2363 1500 2421 cordis

438 2450 712 2518 Ezechiel,
743 2453 1111 2512 inellabilibus
1142 2458 1489 2514 sermonibus

440 2542 886 2614 Dignuslrabitus
913 2557 1018 2615 est,
1057 2557 1112 2604 et
1149 2551 1308 2606 ilovis
1341 2552 1676 2620 visionibus,

438 2644 610 2699 Deum
639 2647 781 2700 enim
804 2647 938 2703 vidit
965 2657 1224 2720 tanquam
1257 2654 1637 2710 accessibilem
1663 2655 1809 2720 visu,

438 2737 508 2791 Et
537 2737 833 2795 Cherubim
868 2741 1060 2798 faciem
1087 2748 1312 2803 edoctus
1343 2756 1462 2814 est;

437 2831 679 2899 Statum,
708 2835 986 2903 timorem,
1033 2847 1266 2901 motum,
1305 2839 1683 2911 splendorem,
1709 2853 2019 2906 sermones,

436 2921 601 2977 Clare
626 2925 840 2993 aspexit
864 2926 1103 2984 caelestis
1126 2929 1444 2986 ministerii.

439 3013 581 3067 llinc
604 3017 898 3073 mundatus
932 3030 986 3074 et
1009 3020 1207 3077 doctus
1239 3023 1333 3093 qui
1364 3024 1678 3093 prmvidcat,

439 3103 578 3160 Tam
610 3108 760 3163 clare
786 3112 1022 3167 ostendit
1058 3129 1118 3168 se
1159 3130 1320 3171 nosse
1347 3114 1508 3172 linem
1541 3132 1760 3173 omnem
1807 3127 2014 3180 rerum,

438 3199 514 3255 Ut
539 3202 704 3256 etiam
732 3203 1064 3262 describeret
1093 3209 1284 3264 modos
1315 3208 1623 3265 futurorum
1655 3208 2013 3265 consiliorum
2040 3187 2088 3254 (ἶ

1470 3300 1545 3372 [in
1574 3298 1942 3366 sermonibus,

435 3384 588 3455 Quos
618 3386 706 3443 hic
735 3389 893 3445 docta
922 3405 1075 3447 mens
1102 3391 1390 3468 illustravit
1413 3395 1623 3452 labore.

1091 3541 1364 3599 DANIEL.

433 3683 731 3742 inell‘abilis
765 3697 848 3744 est
875 3687 969 3744 Dei
1006 3691 1370 3759 providentia,

435 3777 507 3833 Ut
533 3781 586 3834 in
625 3795 748 3835 eum
776 3782 868 3850 qui
905 3783 1244 3852 speraverint
1274 3798 1559 3848 coronare,

434 3865 704 3924 Omnibus
735 3869 894 3926 bonis
925 3872 1295 3940 consueverit,
1319 3875 1401 3927 vel
1430 3873 1482 3928 in
1523 3874 1641 3943 ipso
1668 3872 1942 3945 sepulcro,

434 3970 589 4025 Sicut
611 3979 664 4026 et
688 3970 899 4034 Daniel,
930 3974 1322 4043 prophetarum
1353 3975 1625 4046 voluptas,

434 4061 632 4114 Ensem
661 4060 850 4133 cll‘ugit
889 4061 1176 4118 Persarum
1204 4066 1501 4131 exercitus,

435 4152 698 4223 Captivos
740 4155 1014 4212 abductus
1054 4155 1111 4211 in
1149 4157 1506 4230 alienigenam
1546 4160 1866 4230 pertransiit
1899 4169 2010 4216 ter-

1771 4249 1938 4325 Iram.

437 4347 608 4401 Deum
633 4357 812 4404 autem
847 4365 1038 4408 rursus
1071 4352 1300 4409 invenit.

433 4438 557 4495 Fuit
587 4443 832 4512 apprime
857 4444 1078 4515 regibus
1103 4446 1332 4513 amicus,

433 4531 590 4597 Quod
618 4532 862 4591 futurum
888 4545 944 4592 et
983 4549 1288 4608 temporum
1321 4549 1502 4595 nosset
1530 4540 1692 4596 linem
2037 4554 2086 4613 υ

433 4622 600 4680 Feras
622 4626 926 4691 relrenans,
954 4630 1257 4698 praevidens
1280 4638 1335 4686 et
1365 4632 1418 4685 in
1442 4633 1694 4695 somniis,

436 4716 687 4773 Gloriose
718 4720 1018 4776 immutans
1039 4721 1418 4792 superioribus
1447 4722 1728 4790 inferiora,

435 4805 732 4866 Sermones
762 4811 1002 4884 reliquit,
1023 4828 1254 4884 quorum
1278 4814 1368 4870 hic
1389 4815 1588 4872 adsunt
1613 4816 2008 4886 expositiones.

1161 373 1551 438 OPUSCULA
1591 379 2218 445 SCRIPTURISTIC‘A
2261 388 2616 450 INCEBTKE
2653 391 2962 454 IETATlS.

2261 497 2475 568 Ῥήσεις
2515 501 2763 556 λέλοιπεν
2788 506 2868 567 εἰς
2892 499 3078 575 ὄνησιν
3106 508 3163 560 ἐν
3198 506 3316 578 βῖῳ,

2241 590 2456 662 ’Ἄσπερ
2485 593 2752 662 Νικήτας,
2779 595 2840 648 ὃν
2873 598 3102 666 στέφους
3133 600 3329 654 κοιτὼν
3361 601 3498 671 ἔχει,

2252 681 2340 734 Ἐν
2373 682 2641 755 ὼραῖσμῷ
2668 685 3010 741 συντέθεικεν
3042 687 3228 744 ἐνθάδε

2238 772 2336 837 Εἰς
2374 774 2611 840 πίστεως
2641 777 2922 849 ἔνδειγμα,
2955 781 3049 834 καὶ
3072 781 3250 856 ψυχῆς
3279 783 3497 857 λύτρον.

2749 907 3079 962 ΙΕΡΕΜΙΑΣ

2235 1025 2480 1096 Θρηνῶν,
2519 1032 2790 1102 προφῆτα,
2819 1034 2913 1088 καὶ
2941 1036 3285 1105 μετακλαιων
3316 1039 3491 1106 πόλιν,

2238 1117 2496 1173 Πέπαυσο
2525 1119 2712 1175 λοιπὸν
2742 1122 2841 1194 τὴν
2873 1125 3049 1193 φόνων
3081 1127 3498 1200 πεπλησμένην,

2251 1208 2308 1262 '0
2340 1212 2544 1283 μητρὸς
2578 1211 2726 1268 ἔνδον
2745 1216 2982 1286 γαστρὸς
3010 1219 3372 1290 ἡγιασμένοις,

2235 1303 2345 1355 Καὶ
2373 1304 2446 1373 μὴ
2481 1306 2724 1377 πτοηθῇς
2755 1308 2834 1371 εἰς
2862 1307 2989 1380 ἔθνη
3020 1310 3352 1380 τεθειμένος,

2248 1393 2336 1458 Ὠς
2358 1396 2437 1460 εἰς
2465 1398 2716 1463 ἀπειθεῖς
2743 1399 2873 1468 πρὶν
2911 1399 3226 1466 κελευσθεὶς
3264 1402 3562 1472 ὲντρέχειν,

2245 1485 2386 1539 Ἀλλ’
2418 1485 2740 1554 ἐξαναστὰς,
2773 1486 2905 1560 ἆρον
2933 1489 3211 1562 ὀφθαλμὸν
3245 1493 3454 1564 κύκλῳ,

2232 1578 2456 1649 Θρήνων
2485 1580 2704 1650 ἑταῖρον
2735 1581 2988 1651 δακρύων
3016 1583 3118 1655 τὴν
3149 1584 3509 1656 πλημμύραν,

2245 1669 2504 1739 Ἐπείπερ
2537 1671 2599 1724 οὐ
2627 1670 2920 1741 τέθνηκας,
2948 1672 3083 1728 ἀλλὰ
3113 1675 3213 1745 ζῇς
3233 1677 3365 1731 ἄνω.

2231 1761 2342 1816 Καὶ
2372 1761 2567 1833 βλέψον
2597 1762 2750 1835 ἔθνη,
2785 1764 2854 1818 τὰ
2888 1765 3020 1836 πρὶν
3048 1767 3227 1832 ἐκτὸς,
3259 1769 3315 1822 ὲν
3340 1768 3512 1840 νόμῳ,

2239 1949 2398 2012 Υῑοὺς
2434 1948 2573 2003 Σιών
2601 1967 2680 2016 τε,
2715 1951 2844 2015 τοὺς
2873 1950 3233 2023 ὐπερτίμους,
3270 1952 3442 2017 κόνιν.

2234 2039 2345 2092 Καὶ
2379 2042 2537 2111 χαῖρε
2565 2040 2676 2094 τῶν
2701 2041 2810 2096 σῶν
2835 2043 2918 2106 εἰς
2958 2043 3237 2097 τελείωσιν
3259 2043 3454 2114 λόγων,

2233 2130 2344 2196 Οὓς
2371 2132 2501 2203 τῇδε
2531 2132 2847 2206 συντίθησιν
2875 2134 3110 2206 εὐσεϐὴς
3141 2136 3264 2190 νόο-

2744 2261 3096 2319 IEZEKIHA.

2231 2388 2429 2459 Ψυχῆς
2457 2387 2518 2444 τὸ
2546 2387 2800 2462 λαμπρὸν
2821 2392 2916 2445 καὶ
2941 2391 3003 2445 τὸ
3033 2391 3260 2462 φαιδρὸν
3290 2392 3542 2464 καρδίας,

2243 2481 2504 2550 Ἰεζεκιὴλ
2542 2481 2651 2537 τῶν
2681 2483 2823 2554 ὑπὲρ
2856 2482 3014 2551 λόγον
3047 2484 3222 2554 λόγων

2230 2573 2573 2646 Κατηξίωσε,
2604 2575 2697 2629 καὶ
2716 2575 3020 2646 ’θεαμάτων
3054 2577 3243 2644 ξένων.

2229 2665 2363 2721 Θεὸν
2402 2667 2510 2739 γὰρ
2541 2663 2700 2731 εἶδεν,
2727 2669 2804 2733 ὡς
2836 2671 3058 2738 ἐφικτὸν
3096 2671 3485 2742 προσϐλέπειν,

2227 2759 2338 2813 Καὶ
2362 2759 2472 2813 τῶν
2499 2761 2768 2832 χερουϐὶμ
2789 2763 3220 2818 ὲκπεπαίδευται
3251 2765 3403 2830 θέαν,

2227 2851 2448 2918 Στάσιν,
2480 2852 2666 2921 φόϐον,
2695 2853 2930 2926 κίνησιν,
2967 2855 3253 2927 ἔ-λλαμψιν,
3280 2857 3495 2926 λόγους,

2229 2944 2424 3013 Σαφῶς
2457 2944 2650 3015 ἔϐλεψε
2681 2946 2782 3015 τῆς
2817 2947 2930 3004 ἄνω
2965 2948 3330 3021 λειτουργίας.

2229 3034 2392 3092 Ὀθεν
2424 3037 2720 3110 καθαρθεὶς
2747 3039 2844 3095 καὶ
2871 3041 3144 3112 διδαχθεὶς
3178 3041 3529 3112 προϐλέπειν,

2230 3127 2388 3183 Οὕτω
2415 3130 2604 3200 σαφῶς
2634 3130 2838 3197 ἔδειξεν
2864 3133 3064 3187 εἰδέναι
3091 3135 3246 3197 τέλος

2231 3219 2352 3277 Τῶν
2377 3225 2723 3296 πραγμάτων
2746 3226 2877 3292 πᾶν,
2903 3225 2977 3290 ὡς
3002 3227 3236 3297 γράφειν
3256 3227 3440 3280 καὶτὰ
3467 3227 3644 3301 μέτρα
3679 3252 3691 3262 ο

2230 3314 2353 3369 Τῶν
2390 3315 2472 3379 εἰς
2498 3314 2690 3370 ἔπειτα
2719 3320 3038 3387 κτισμάτων
3080 3320 3140 3371 ὲν
3175 3322 3288 3383 τοῖς
3324 3319 3528 3388 λόγοις,

2232 3404 2342 3471 Οὓς
2373 3399 2476 3463 ὧδε
2507 3411 2705 3482 κοσμεῖ
2729 3411 2935 3483 κοσμία
2965 3411 3112 3484 ψυχὴ
3137 3411 3309 3483 πόθῳ.

2774 3554 3050 3611 ΔΔΝΙΗΛ.

2230 3698 2544 3768 ’Δφραστος
2581 3698 2613 3768 ή
2646 3697 2876 3768 πρόνοια
2904 3700 2998 3754 τοῦ
3033 3701 3168 3755 Θεοῦ
3195 3702 3393 3770 λόγοις,

2228 3790 2416 3855 Ὅπως
2448 3790 2535 3844 ἐπ’
2564 3791 2728 3846 αὐτὸν
2762 3795 2889 3857 τοὺς
2917 3795 3246 3858 πεποιθότας
3271 3795 3487 3864 στέφειν

2228 3883 2402 3937 Πᾶσιν
2430 3884 2614 3949 καλοῖς
2640 3886 2830 3940 εἴωθεν
2860 3886 2918 3939 εν
2938 3904 3000 3955 γε
3029 3885 3108 3956 τῷ
3136 3887 3312 3955 τάφῳ.

2240 3975 2329 4038 Ὡς
2363 3975 2462 4028 καὶ·
2486 3977 2708 4048 Δανιὴλ,
2737 3979 2770 4048 ἡ
2809 3977 3104 4049 προφητῶν
3135 3977 3458 4048 τερπνότης,

2226 4066 2391 4137 Ξίφος
2418 4068 2710 4138 πεφευγὼς
2745 4069 3026 4140 περσικῶν
3057 4069 3503 4140 στρατευμάτων,

2239 4159 2327 4224 Ὠς
2358 4161 2704 4233 αἰχμάλωτος
2731 4161 2969 4232 ἠγμένος
3001 4178 3059 4214 τε
3094 4159 3229 4231 πρὸς
3252 4159 3412 4228 ξένην

2230 4346 2471 4416 Ἤμειψε
2511 4347 2610 4416 μὲν
2641 4347 2768 4417 γῆν,
2793 4347 2884 4400 τὸν
2911 4347 3042 4400 Θεὸν
3069 4343 3118 4398 δ’
3149 4337 3310 4416 εὗρεν
3345 4341 3528 4398 πάλιν.

2224 4439 2336 4492 Καὶ
2369 4440 2582 4511 πρῶτον
2614 4437 2682 4510 ἦν
2716 4439 2814 4509 μὲν
2844 4439 2950 4492 τῶν
2977 4438 3317 4491 ἁνασσόντων
3345 4435 3522 4505 φίλος,

2225 4537 2300 4589 Τὸ
2335 4537 2527 4607 μέλλον
2555 4536 2710 4600 αὖθις
2741 4537 2848 4590 τῶν
2872 4536 3082 4606 χρόνων
3111 4535 3224 4606 ᾔδει
3253 4533 3426 4596 τέλος.

2219 4631 2405 4701 Θῆρας
2432 4631 2685 4700 χαλινῶν,
2715 4631 3038 4701 προϐλέπων
3060 4629 3166 4682 κάν
3200 4628 3310 4687 τοῖς
3339 4623 3550 4690 ὕπνοις,

2217 4725 2412 4787 Καλῶς
2436 4723 2482 4778 δ’
2509 4723 2750 4794 ἀμείψας
2780 4721 2887 4774 τῶν
2915 4722 3027 4776 ἅνω
3063 4721 3134 4774 τὰ
3161 4719 3268 4772 τῶν
3294 4717 3466 4781 κάτω,

2226 4818 2442 4889 Ῥήσεις
2467 4817 2738 4884 λέλοιπεν,
2772 4809 2848 4872 ὧν
2877 4816 3130 4886 πάρεισιν
3163 4811 3437 4875 ἐκϐάσεις.
