4026 6486
477 537 850 551 Μ

1460 372 1778 434 SCHOLIA
1816 369 2115 435 VETERA
2153 370 2234 430 IN
2270 367 2733 428 MATTH/EUM.

1408 679 2045 816 ΣΧΟΛΙΑ
2124 673 2771 811 ΠΑΛΑΙΑ

1077 924 1250 1010 ΕΙΣ
1305 919 2008 1010 ΕΥΑΓΓΕΛΙΟΝ
2081 914 2380 1005 ΚΑΤΑ
2450 913 3073 1005 ΜΑΤΘΑΙΟΝ.

1452 1243 2060 1394 ερΗΟιΙΑ
2143 1276 2720 1445 VETERA

810 1519 939 1621 IN
1027 1513 1810 1608 EVANGELIUM
1888 1513 2533 1606 SECUNDUM
2607 1511 3359 1604 MATTI-UEUM.

855 1711 948 1772 (Ev
973 1709 1185 1772 antiquis
1215 1709 1514 1760 membranis
1543 1707 1855 1759 bibliotheca
1883 1705 2133 1758 Vaticana
2166 1705 2322 1756 edidit
2340 1705 2469 1768 Aug.
2487 1703 2583 1753 Mat
2616 1701 2668 1755 in
2703 1701 2862 1755 Class.
2894 1707 3032 1756 Auct.
3057 1710 3176 1754 tom.
3203 1703 3311 1767 Vl.)

881 2019 1062 2074 ΚΕΦΑ
1070 2018 1278 2073 ΔΑΙοΝ
1312 2015 1609 2074 ΠΡΩΤΟΝ.

536 2124 866 2195 Εὐαγγέλιον
904 2126 1150 2181 καλεῖται
1183 2127 1216 2196 ἡ
1256 2125 1460 2196 βίϐλος,
1505 2125 1590 2178 ὅτι
1618 2123 1893 2187 κολάσεως
1920 2122 2034 2178 δει-

467 2218 618 2272 κνύει
630 2220 936 2290 ἀναίρεσιν,
953 2219 1046 2272 καὶ
1063 2218 1310 2287 οὐρανῶν
1323 2217 1597 2287 βασιλείαν
1619 2215 2034 2286 ἐπαγγέλλεται·

468 2309 648 2379 βίϐλον
673 2310 940 2378 γενέσεως
965 2309 1170 2378 ταύτην
1197 2308 1355 2363 καλεῖ
1384 2309 1479 2362 καὶ
1523 2307 1870 2378 παρέχουσαν
1903 2307 2040 2362 ἄλλα

466 2400 636 2453 πολλά
674 2401 768 2455 καὶ
789 2401 848 2454 οὗ
878 2401 977 2472 τὴν
1008 2400 1244 2470 Χριστοῦ
1287 2401 1448 2470 μόνον
1497 2399 1717 2468 γένεσιν
1741 2415 1755 2430 ⁸
1799 2399 1934 2456 διότι
1975 2400 2037 2453 τὸ

466 2492 760 2562 κεφάλαιον
778 2493 880 2564 τῆς
902 2491 1216 2563 οἰκονομίας
1255 2491 1413 2548 τοῦτό
1444 2493 1612 2550 ἐστιν.

536 2668 609 2722 T6
675 2667 902 2740 Ἰησοῦς,
961 2668 1163 2740 Σωτὴρ
1213 2671 1574 2742 ἑρμηνεύεται
1639 2675 1708 2744 τῇ
1774 2673 2041 2746 Ἐϐραίων

467 2763 640 2832 φωνῇ.

537 2851 708 2906 Πόθεν
730 2851 970 2921 δηλονότι
998 2851 1104 2905 ἀπὸ
1131 2851 1229 2924 τῆς
1260 2852 1356 2906 τοῦ
1380 2854 1545 2909 Δαὸὶδ
1576 2849 1644 2925 ἦν
1673 2858 1896 2924 γενεᾶς;
1946 2858 2040 2912 Ἐκ

465 2942 558 2997 τοῦ
613 2943 785 2996 εἰπεῖν
835 2941 926 2995 τὸν
968 2941 1100 2996 Θεὸν
1156 2944 1292 3014 πρὸς
1349 2943 1440 2998 τὸν
1488 2946 1526 2997 Γ
1529 2945 1726 3018 αϐριὴλ
1783 2948 2041 3002 ἀπελθεῖν

466 3036 602 3106 πρὸς
638 3036 737 3106 τὴν
779 3034 1048 3103 παρθένον
1096 3036 1586 3108 μεμνηστευμένην
1617 3038 1770 3109 ἀνδρὶ
1796 3035 1839 3107 ᾧ
1863 3039 2036 3108 ὄνομα

475 3127 672 3199 Ἰωσὴφ
720 3127 782 3192 ἐξ
808 3127 958 3180 οἴκου
998 3126 1092 3179 καὶ
1146 3129 1383 3198 πατριᾶς
1429 3128 1628 3182 Δαϐίδ·
1677 3130 1892 3182 ἐκέλευε
1921 3129 1978 3183 δὲ
2013 3132 2041 3184 6

463 3220 626 3290 νόμος
661 3221 735 3291 μὴ
760 3220 816 3287 ἐξ
841 3219 1006 3291 ἄλλης
1038 3220 1210 3291 φυλῆς
1227 3219 1550 3290 λαμϐάνειν,
1583 3221 1698 3274 ἀλλ’
1727 3225 1791 3275 ἐκ
1834 3223 1934 3290 τῆς
1961 3223 2041 3274 oi-

465 3309 587 3372 κίας
611 3325 625 3338 °
658 3309 780 3362 ὅθεν
815 3304 883 3380 ἦν
909 3311 938 3363 6
975 3309 1175 3380 Ἰωσὴφ
1225 3310 1289 3364 ὲκ
1320 3309 1504 3375 Δαόὶδ,
1536 3311 1629 3364 καὶ
1677 3312 1711 3382 ἡ
1745 3312 1931 3382 Μαρία
1977 3315 2040 3365 ὲκ

464 3402 647 3457 Δαίίίδ.

535 3494 635 3548 Διὰ
660 3493 714 3547 τί
744 3492 1020 3564 μέμνηται
1042 3493 1142 3565 τῆς
1162 3495 1480 3566 παρανόμου
1516 3496 1716 3566 μίξεως
1744 3496 1836 3550 τοῦ
1875 3496 2042 3550 Ἰούδα

465 3586 560 3638 καὶ
588 3584 686 3654 τῆς
716 3585 949 3656 Θάμαρ;
981 3585 1290 3656 Θαυμάζων
1321 3589 1347 3641 ό
1392 3587 1787 3660 εὐαγγελιστὴς
1818 3588 1912 3641 καὶ
1942 3589 2042 3660 τὴν

463 3677 557 3732 τοῦ
591 3677 725 3731 Θεοῦ
752 3679 962 3742 δεικνὺς
992 3679 1421 3749 φιλανθρωπίαν,
1471 3680 1554 3734 ὅτι
1601 3680 1702 3734 οὐκ
1761 3679 2043 3749 ἀπηξίωσε

468 3773 745 3836 τοιούτους
799 3772 942 3843 ἔχειν
997 3774 1303 3842 συγγενεῖς.
1337 3773 1494 3838 Τίνος
1538 3773 1699 3846 χάριν
1732 3773 1825 3828 τοῦ
1869 3775 2043 3845 Φαρὲς

470 3863 849 3934 μνημονεύσας
878 3864 973 3934 ἀφ’
990 3856 1051 3917 οὗ
1080 3865 1172 3919 τὸν
1201 3864 1409 3936 Κύριον
1438 3866 1771 3935 γενεαλογεῖ,
1811 3867 1906 3920 καὶ
1949 3867 2042 3920 τοῦ

465 3958 616 4027 Ζαρᾶ
646 3957 971 4028 μνημονεύει
998 3974 1012 4025 ;
1046 3958 1172 4012 Ὀτι
1203 3958 1294 4012 τοῦ
1327 3961 1479 4030 Ζαρᾶ
1509 3961 1566 4013 ὲν
1597 3959 1674 4031 τῷ
1714 3960 1918 4013 τίκτειν
1943 3960 2044 4031 τὴν

465 4049 663 4119 Θάμαρ
698 4051 797 4121 τὴν
857 4052 1016 4122 χεῖρα
1070 4050 1591 4122 προεξενέγκαντος,
1618 4052 1930 4106 συνέστειλε
1981 4054 2043 4106 τὸ

467 4139 681 4193 παιδίον
710 4141 810 4211 τὴν
841 4144 1020 4213 χεῖρα,
1056 4143 1152 4194 καὶ
1184 4141 1454 4213 προῆλθεν
1477 4143 1505 4194 ό
1535 4143 1731 4213 Φαρὲς,
1775 4143 1872 4197 καὶ
1913 4143 2042 4197 τότε

467 4233 494 4285 6
526 4233 679 4303 Ζοιρᾶ
703 4250 716 4264 ·
749 4234 885 4304 ὅπερ
917 4233 1027 4288 τῶν
1056 4232 1150 4287 δύο
1173 4233 1320 4287 λαῶν
1337 4233 1506 4298 τύπος
1533 4230 1600 4307 ἦν
1621 4251 1634 4263 ·
1682 4236 1784 4306 τῆς
1811 4235 1921 4308 γὰρ
1948 4254 2044 4291 πο·

467 4323 672 4390 λιτείας
699 4327 796 4396 τῆς
819 4325 1279 4399 ὲκκλησιαστικῆς
1298 4326 1357 4381 ἐν
1376 4327 1488 4394 τοῖς
1515 4327 1658 4382 κατὰ
1673 4328 1763 4382 τὸν
1791 4329 2044 4401 Ἀϐραὰμ

468 4418 678 4487 χρόνοις
717 4418 1000 4490 φανείσης,
1051 4413 1171 4473 εἶτα
1231 4421 1288 4473 ὲν
1317 4421 1396 4492 τῷ
1456 4420 1607 4492 μέσῳ
1663 4422 2041 4492 συσταλείσης,

466 4506 629 4582 ἦλθεν
658 4513 687 4565 6
726 4511 1014 4577 Ἰουδαῖκὸς
1042 4511 1174 4577 λαὸς
1197 4512 1344 4583 καὶὴ
1399 4514 1600 4586 νομικὴ
1631 4515 1878 4568 πολιτεία
1905 4531 1918 4546 ο
1948 4515 2044 4569 καὶ

469 4605 590 4656 τότε
619 4607 647 4658 6
675 4603 792 4668 νέος
824 4604 1000 4677 ἐφάνη
1039 4605 1168 4670 λαὸς
1196 4606 1335 4677 μετά
1360 4605 1469 4660 τῶν
1495 4605 1674 4660 αὐτῶν
1700 4607 1901 4677 νόμων.
1931 4607 2040 4660 Καὶ

2059 2015 2114 2087 Α

2630 2007 2862 2066 CAPUT
2908 2009 3200 2067 PRIMUM.

2211 2118 2380 2175 Vens.
2439 2120 2490 2176 1.
2553 2117 2901 2190 Evangelium
2945 2127 3174 2174 vocatur
3223 2117 3313 2173 hic
3369 2118 3533 2184 liber,
3586 2121 3717 2190 quia

2140 2211 2513 2268 damnationis
2571 2211 2814 2268 ostendit
2878 2211 3271 2277 abolitionem,
3325 2222 3380 2267 et
3451 2212 3716 2268 caelorum

2141 2319 2370 2376 regnum
2399 2304 2712 2362 annuntiat.
2754 2303 2992 2382 _Librum
3035 2304 3406 2372 generationis
3458 2317 3615 2359 vocat
3651 2303 3717 2356 il-

2141 2393 2275 2458 lum,
2308 2394 2402 2464 qui
2434 2395 2540 2449 alia
2576 2395 2748 2449 multa
2785 2395 3032 2450 continet
3053 2401 3109 2450 et
3141 2407 3248 2448 non
3282 2395 3459 2450 solum
3508 2394 3713 2449 Christi

2141 2485 2596 2556 generationem;
2646 2486 3008 2556 quamobrem
3040 2491 3208 2556 caput
3253 2485 3403 2541 istud
3456 2485 3714 2540 incarna-

2144 2576 2306 2632 tionis
2334 2585 2440 2632 est.

2213 2665 2327 2721 Vox
2369 2665 2553 2735 Jesus,
2608 2664 2861 2722 Salvator
2905 2665 3164 2722 hebraica
3215 2667 3399 2738 lingua
3446 2666 3716 2738 interpre-

2143 2767 2308 2814 lalur.

2211 2850 2367 2906 Unde
2389 2850 2671 2907 evidenter
2704 2849 2806 2905 fuit
2839 2866 2906 2906 ex
2957 2851 3169 2906 semine
3221 2851 3432 2906 David?
3488 2851 3566 2905 Ex
3604 2851 3712 2906 hoc

2141 2942 2287 3013 quod
2318 2943 2449 2997 dicit
2481 2941 2650 2998 Deum
2687 2942 2905 2998 misisse
2944 2941 3161 2997 Gabriel
3197 2943 3262 2998 ad
3313 2943 3577 3013 virginem
3617 2945 3713 2996 dr-

2144 3045 2460 3104 Sponsatam
2492 3036 2612 3090 viro
2651 3036 2740 3090 cui
2792 3050 2990 3090 nomen
3025 3043 3146 3090 erat
3175 3033 3405 3107 Joscph,
3434 3037 3500 3091 de
3555 3037 3716 3089 domo

2142 3136 2196 3181 et
2225 3129 2399 3196 patria
2439 3127 2630 3183 David.
2661 3127 2898 3183 Jubebat
2928 3137 3108 3182 autem
3141 3129 3226 3183 lex
3258 3144 3324 3183 ne
3353 3145 3418 3183 ex
3444 3129 3570 3183 aliis
3603 3131 3711 3181 tri-

2143 3218 2324 3274 bubus
2358 3220 2640 3275 duccrcnt.
2672 3219 2768 3273 sed
2808 3233 2874 3273 ex
2923 3220 3114 3274 eadem
3162 3220 3364 3286 domo;
3411 3220 3552 3275 unde
3602 3229 3720 3274 erat

2142 3307 2340 3380 Ioseph
2374 3324 2434 3362 ex
2468 3309 2660 3376 David,
2697 3310 2864 3376 Maria
2889 3326 3107 3382 quoque
3129 3324 3194 3364 ex
3228 3309 3416 3365 David.

2225 3496 2379 3554 v’zns.
2409 3499 2461 3558 '5.
2497 3496 2678 3566 Quare
2704 3499 2951 3556 illicitam
2989 3507 3261 3554 memorat
3291 3497 3548 3552 unionem
3576 3498 3716 3552 Iuda

2141 3600 2196 3645 et
2219 3590 2508 3646 Thamar?
2537 3591 2828 3648 Admirans
2850 3591 3187 3662 evangelista
3219 3601 3275 3647 et
3301 3590 3392 3644 Dei
3420 3593 3719 3645 ostenderas

2143 3698 2385 3736 amorem
2429 3684 2484 3737 in
2517 3683 2786 3750 homines,
2820 3683 2965 3754 quod
2993 3699 3103 3738 nou
3143 3683 3472 3754 dedignatus
3517 3693 3600 3736 est
3637 3691 3720 3735 ta-

2143 3775 2223 3830 les
2254 3775 2452 3851 babere
2479 3785 2756 3846 parentes.
2785 3776 2962 3842 Quam
2989 3776 3059 3832 ob
3082 3791 3304 3832 causam
3331 3775 3534 3830 Phares
3565 3792 3715 3830 com-

2145 3881 2456 3921 memorans
2478 3883 2507 3920 a
2540 3882 2650 3938 quo
2670 3867 2938 3923 Dominus
2963 3868 3112 3923 ducit
3137 3868 3494 3938 genelogiam.
3522 3865 3718 3921 Zaram

2143 3959 2308 4013 etiam
2363 3959 2673 4013 memorat?
2737 3959 2878 4028 Quia
2934 3959 3098 4026 Zara,
3150 3963 3399 4031 pariente
3455 3959 3716 4023 Thamar,

2143 4064 2268 4105 cum
2301 4066 2524 4105 manum
2577 4049 2727 4107 foras
2789 4052 3128 4121 protulisset,
3189 4053 3330 4107 hanc
3379 4055 3631 4116 retraxit,
3664 4062 3720 4104 et

2145 4144 2409 4214 processit
2440 4145 2671 4209 Phares,
2714 4152 2771 4200 et
2826 4147 3024 4201 deinde
3057 4145 3236 4210 Zara;
3283 4146 3428 4214 quod
3480 4147 3717 4200 duorum

2143 4237 2470 4306 populorum
2509 4235 2678 4307 ﬁgura
2706 4245 2848 4294 erat.
2879 4239 3017 4291 Nam
3068 4253 3190 4292 eum
3228 4237 3461 4291 Abrahae
3505 4247 3719 4307 tempo-

2143 4328 2296 4382 ribus
2320 4329 2689 4384 ecclcsiastica
2722 4329 2984 4400 viguisset
3017 4329 3361 4400 gubernatio,
3413 4330 3720 4400 deindeque

2144 4433 2174 4472 e
2207 4419 2387 4474 medio
2425 4419 2636 4474 sublata
2665 4417 2883 4486 fuisset,
2922 4420 3070 4474 venit
3127 4417 3442 4473 Judacorum
3477 4421 3716 4488 pepulus

2143 4519 2198 4565 ct
2223 4512 2354 4581 legis
2389 4511 2729 4581 gubernatio,
2765 4521 2818 4566 et
2867 4521 2996 4567 tunc
3028 4527 3204 4566 novus
3257 4513 3510 4580 apparuit
3543 4529 3718 4582 popu-

2145 4603 2230 4657 lus
2259 4618 2383 4657 cum
2417 4603 2626 4673 legibus
2653 4604 2878 4659 eisdem.
2917 4603 2983 4657 Et
3017 4603 3084 4659 de
3112 4602 3256 4658 Ruth
3297 4604 3612 4673 alienigena
3635 4605 3717 4657 lo-

466 4699 568 4768 τῆς
608 4697 761 4752 Ῥοὺο
793 4699 848 4753 δὲ
871 4700 970 4769 τῆς
999 4699 1299 4770 ἀλλοφύλου
1334 4698 1626 4769 μέμνηται,
1667 4699 1749 4752 ὅτι
1784 4699 2040 4770 καθάπερ

2144 4695 2350 4764 quitm',
2380 4695 2506 4764 quia
2539 4694 2685 4749 sicut
2722 4695 2868 4748 illam
2925 4702 2979 4748 et
3018 4695 3322 4749 mendicant
3364 4707 3417 4748 et
3459 4696 3720 4766 alienige-

469 4792 682 4862 ἐκείνης
713 4792 807 4845 καί⁴
856 4792 1077 4863 πτωχῆς
1119 4791 1214 4845 καὶ
1245 4790 1542 4857 ἀλλοφύλου
1569 4789 1734 4857 οὔσης
1765 4793 1792 4845 6
1819 4792 1952 4855 Βοὸζ
1979 4793 2042 4845 οὐ

471 4887 896 4958 κατεφρόνησεν,
927 4883 1051 4938 οὔτε
1083 4884 1182 4956 τὴν
1215 4885 1535 4952 δυσγένειαν
1564 4884 1908 4949 ἐϐδελύξατο,
1944 4886 2040 4938 καὶ

469 4976 756 5046 όΧριστὸς
811 4975 911 5047 τὴν
964 4976 1289 5046 Ἐκκλησίαν
1333 4976 1625 5048 δεξάμενος
1675 4979 1775 5032 οὐκ
1826 4979 2044 5034 ἐϐδελύ-

469 5068 620 5133 ξατο.

537 5159 674 5222 Τοὺς
690 5160 840 5230 τρεῖς
873 5159 1190 5232 παρέδραμε
1218 5160 1451 5229 βασιλεῖς
1473 5160 1549 5222 ὡς
1578 5163 1780 5226 κακούς
1805 5179 1818 5192 ·
1847 5162 1964 5216 ἔστι
1985 5163 2041 5216 δὲ

479 5250 746 5321 Ὀχοζίας,
800 5252 893 5304 καὶ
939 5252 1112 5317 Ἰωὰς,
1173 5254 1267 5307 καὶ
1328 5253 1623 5323 ’Λμεσίας·
1657 5252 1778 5316 ἔθος
1821 5254 1928 5323 γὰρ
1972 5257 2038 5325 τῇ

468 5343 655 5411 Γραφῇ
707 5342 832 5405 τοὺς
875 5343 976 5396 οὐκ
1009 5342 1191 5407 ἀξίους
1231 5345 1448 5414 μνήμης
1469 5343 1924 5414 καταλιμπάνειν,
1963 5344 2041 5408 ὼς

469 5433 563 5486 καὶ
591 5432 795 5500 Μωσῆς
825 5433 883 5483 ὲν
911 5434 1029 5496 ταῖς
1051 5432 1323 5500 εὐλογίαις
1348 5432 1442 5485 τοῦ
1468 5433 1713 5502 Συμεών.

537 5523 636 5575 Διὰ
665 5524 716 5574 τί
747 5521 900 5576 εἶπεν
932 5523 1126 5595 Ἰωσὴφ
1151 5525 1242 5577 τὸν
1268 5524 1433 5594 ἄνδρα
1464 5527 1717 5596 Μαρίασ;
1747 5529 1863 5581 Ἵνα
1886 5528 2037 5600 δείξῃ

467 5615 544 5668 ὅτι
581 5615 648 5667 δι’
675 5614 839 5669 αὑτὸν
872 5617 962 5669 καὶ
1011 5616 1214 5687 ταύτην
1241 5617 1664 5692 ἐγενεαλόγησεν
1684 5635 1697 5652 ο
1729 5621 1869 5676 κατὰ
1927 5620 2037 5691 γὰρ

471 5706 638 5776 φυλὰς
669 5707 762 5763 καὶ
791 5710 1106 5778 συγγενείας
1137 5709 1459 5780 ἐλάμϐανον.

2145 4802 2268 4840 nam
2309 4784 2455 4840 Βυοῑ
2493 4802 2601 4840 ηοη
2653 4786 2922 4856 despexit,
2958 4803 3135 4858 neque
3188 4787 3557 4841 inﬁrmitatem
3598 4789 3722 4856 eju-s

2143 4879 2453 4944 abhorruit,
2488 4877 2743 4934 Christus
2771 4879 2937 4934 etiam
2973 4878 3272 4934 Ecclesiam
3325 4878 3574 4948 accipere
3609 4896 3717 4932 non

2142 4971 2452 5027 abhorruit.

2224 5156 2391 5212 Vens.
2427 5158 2512 5212 11.
2547 5155 2684 5212 Tres
2712 5157 2836 5212 illos
2875 5157 3066 5212 leviter
3109 5157 3290 5226 attigit
3319 5170 3474 5225 reges
3509 5163 3568 5207 ut
3601 5170 3716 5205 ma-

2152 5252 2423 5314 los;sunt
2458 5263 2587 5301 vero
2626 5247 2922 5314 Ochozias,
2951 5246 3103 5313 Joas,
3177 5255 3231 5301 ct
3289 5245 3560 5299 Amesias.
3605 5241 3718 5297 Mos

2146 5343 2291 5397 enim
2325 5351 2406 5396 cst
2439 5341 2738 5410 Scriptura:
2767 5340 3025 5410 indignos
3052 5339 3319 5394 memoria
3350 5336 3630 5400 omittere,
3661 5345 3721 5389 ut

2147 5435 2357 5504 Moyses
2381 5434 2437 5486 in
2473 5432 2944 5486 benedictionibus
2976 5431 3218 5486 Simeon.

2215 5524 2379 5579 Vens.
2415 5526 2499 5579 16.
2543 5523 2724 5590 Quare
2753 5523 2891 5578 dixit
2928 5521 3131 5591 Joscph
3181 5523 3357 5577 virum
3391 5520 3623 5576 Mari-.12?
3647 5517 3719 5575 Ut

2143 5617 2454 5673 ostenderet
2491 5630 2583 5684 per
2645 5613 2841 5683 Joseph
2875 5615 3246 5685 genealogiam
3282 5613 3462 5669 Maria:
3517 5630 3717 5682 genea-

2143 5709 2284 5775 giam
2311 5706 2495 5761 datam
2529 5721 2685 5773 esse;
2743 5724 2874 5764 nam
2903 5707 3209 5765 secundum
3262 5709 3432 5764 tribus
3494 5715 3550 5764 et
3586 5723 3718 5762 con-

2145 5799 2540 5869 sanguinitatcs
2585 5801 2883 5857 nubebant.
