4026 6420
390 284 543 371 ἰοη
625 266 631 271 ⁷

1109 311 1499 374 OPUSCULA
1536 315 2165 377 SCRIPTURISTICA
2206 316 2547 377 ἰΝΟΕΒΤᾹΞ
2585 316 2892 376 ᾸΞΤΛΤΙΞ.

3500 316 3635 380 ιοὸυ

474 419 639 476 Vens.
677 418 917 477 Π.1ι1εο
948 422 1200 477 meminit
1228 422 1459 477 Abrahae
1500 431 1555 477 et
1593 422 1783 485 David,
1829 422 1976 494 quod

2146 424 2247 479 Διά
2270 425 2427 480 τοῦτο
2448 426 2853 496 ἐμνημόνευσεν
2894 422 3146 494 Ἀϐραὰμ
3168 423 3262 476 καὶ
3290 424 3476 491 Δασὶδ,
3509 426 3644 481 διότι

401 512 469 566 ad
506 513 628 567 illus
666 514 809 569 data:
850 522 1009 570 erant
1048 514 1443 584 promissiones
1476 514 1622 569 circa
1662 514 1967 570 Christum.

478 604 770 660 Duodecim
830 620 1040 676 ponens
1094 605 1495 672 generationes,
1554 606 1970 675 quatuordecim

406 696 565 760 dixit,
608 698 732 765 quia
764 706 977 766 tempus
1032 697 1364 766 captivitatis
1418 697 1559 752 intra
1591 698 1974 767 generationes

406 788 712 853 ordinavit;
748 787 925 842 adhuc
951 797 1130 841 autem
1169 788 1347 856 ipsum
1384 788 1661 843 Christum
1710 789 1851 843 intra
1878 803 1972 861 ge-

405 878 719 932 nerationes
755 879 914 933 nobis
945 887 1336 935 connumerat.

475 968 637 1020 Vens.
672 967 758 1021 18.
786 965 904 1022 Νοη
946 969 1084 1023 dixit
1131 969 1451 1039 priusquam
1482 969 1773 1025 duceretur
1799 970 1889 1025 illa
1919 970 1975 1025 in

402 1057 650 1121 domum,
680 1057 774 1113 sed
811 1060 1132 1129 priusquam
1187 1062 1565 1126 convenirent,
1596 1063 1723 1131 quia
1747 1076 1857 1116 non
1893 1062 1976 1117 ΐοι-

402 1150 480 1201 ris
515 1164 545 1202 a
580 1150 699 1203 viro
741 1159 900 1205 erant
954 1152 1304 1222 desponsata:
1357 1154 1535 1209 aetatis
1562 1154 1823 1223 imparis;
1864 1154 1972 1211 huc

403 1249 585 1293 autem
607 1239 838 1297 dixitne
871 1242 963 1297 det
1020 1243 1409 1313 suspicionem.
1435 1244 1610 1310 Quam
1634 1244 1705 1301 ob
1750 1260 1973 1301 causam

404 1348 511 1386 non
546 1341 673 1387 ante
702 1333 1176 1404 desponsationem
1207 1339 1455 1407 concepit
1485 1337 1509 1390 ἲ
1536 1335 1612 1393 Ne
1640 1348 1856 1407 pareret
1885 1354 1977 1393 su-

406 1423 709 1490 spicionem
749 1425 895 1493 quod
956 1424 1160 1481 factum
1217 1438 1357 1493 erat,
1396 1444 1521 1484 cum
1575 1444 1683 1484 non
1718 1438 1864 1486 esset
1895 1429 1977 1486 vir

408 1512 622 1569 zelosus
655 1522 708 1567 et
730 1514 856 1568 ideo
882 1513 1110 1570 Mariam
1146 1516 1470 1575 observans.

477 1624 642 1681 Vens.
678 1626 765 1681 l9.
810 1626 1125 1683 Secundum
1160 1629 1331 1700 legem
1364 1646 1468 1686 non
1499 1632 1766 1703 castigare
1797 1648 1977 1703 neque

408 1716 626 1771 hauein
674 1720 984 1787 exemplum
1043 1722 1174 1775 dare
1226 1721 1435 1786 volens,
1479 1724 1648 1776 voluit
1705 1724 1979 1780 dimittere

2075 514 2210 585 πρὸς
2238 515 2431 579 αὐτοὺς
2462 512 2602 587 ἦσαν
2635 517 2690 569 ai
2712 512 3036 581 ἐπαγγελίαι
3065 514 3197 585 περὶ
3220 514 3488 585 Χριστοῦ.

2143 607 2361 661 Δώδεκα
2390 607 2503 669 θεὶς
2531 605 3167 677 γενεάς,δεκατέσσαρας
3195 601 3373 671 εἶπεν,
3402 607 3642 668 διότικαὶ

2072 695 2167 750 τὸν
2198 698 2389 767 χρόνον
2414 698 2513 768 τῆς
2541 696 2920 768 αἰχμαλωσίας
2954 697 3036 759 είς
3068 698 3261 764 γενεάν
3291 698 3483 763 ἔταξεν
3504 717 3518 732 ο
3566 701 3648 756 ἔτι

2073 785 2131 839 δὲ
2154 788 2246 840 καὶ
2274 786 2440 840 αὐτὸν
2477 786 2567 840 τὸν
2598 785 2832 858 Χριστὸν
2856 786 2937 849 είς
2973 785 3167 855 γενεάν
3197 787 3486 845 συνάπτων
3516 791 3646 862 ἡμῖν

2073 876 2255 933 αὐτόν.

2152 970 2269 1022 Οὐκ
2292 964 2466 1034 εἶπεν,
2498 966 2631 1039 πρὶν
2659 966 2693 1039 ἢ
2728 968 2960 1039 ἀχθῆναι
2994 969 3165 1041 αὐτὴν
3197 969 3278 1033 είς
3311 970 3409 1041 τὴν
3447 971 3648 1038 οίκίαν,

2074 1058 2233 1126 ἀλλὰ,
2261 1060 2390 1131 πρὶν
2423 1059 2457 1131 ἢ
2487 1060 2763 1114 συνελθεῖν
2801 1060 3020 1127 αὐτοὺς,
3042 1061 3129 1114 διὰ
3155 1061 3215 1114 τὸ
3269 1063 3346 1132 μὴ
3375 1062 3480 1129 ἔξω
3508 1061 3649 1120 εἶναι

2075 1152 2182 1208 τῶν
2210 1154 2418 1225 ἀνδρῶν
2464 1153 2565 1218 τὰς
2599 1155 3085 1225 μεμνηστευμένας
3127 1155 3454 1223 ἀνηλίκουςο
3492 1156 3651 1211 τοῦτο

2074 1244 2133 1298 δὲ
2163 1240 2314 1299 εἶπεν
2341 1245 2429 1300 διά
2462 1245 2520 1299 τὸ
2560 1244 2636 1315 μὴ
2677 1243 2860 1298 δοῦναι
2891 1245 3148 1315 ὑποψίαν.
3210 1246 3367 1309 Τίνος
3396 1248 3557 1317 χάριν
3586 1249 3649 1300 οὗ

2077 1337 2183 1407 πρὸ
2211 1337 2311 1407 τῆς
2336 1337 2630 1408 μνηστείας
2654 1334 2980 1403 συνέλαϐενς
3006 1336 3124 1390 Ἵνα
3153 1337 3228 1408 μὴ
3292 1338 3421 1411 δόξῃ
3449 1339 3653 1408 ὑποψία

2076 1429 2137 1485 τὸ
2169 1428 2410 1498 γεγονὸς,
2474 1429 2575 1482 οὐκ
2620 1427 2773 1492 δντος
2820 1426 2914 1482 τοῦ
2950 1427 3382 1498 ζηλοτυποῦντος
3434 1428 3528 1482 καὶ
3564 1429 3653 1483 διά

2076 1519 2234 1576 τοῦτο
2266 1519 2653 1589 φυλάσσοντος.

2149 1631 2306 1686 Κατὰ
2328 1632 2424 1684 τὸν
2449 1631 2613 1701 νόμον
2639 1629 2702 1682 οὐ
2733 1627 2960 1687 κολάσαι
2988 1626 3108 1681 οὐδὲ
3142 1626 3650 1698 παραδειγματωαι

2077 1723 2249 1795 αὐτὴν
2290 1721 2613 1792 βουλόμενος
2669 1719 2940 1790 ἐϐουλήθη
2970 1716 3243 1772 ἀπολῦσαι
3293 1718 3462 1788 αὑτήν
3486 1735 3502 1750 ο
3537 1734 3651 1771 κω-

406 1823 549 1861 eam.
580 1806 905 1864 Prohibetur
929 1819 1111 1865 autem
1152 1812 1222 1866 ab
1251 1813 1481 1882 angelo;
1514 1814 1653 1869 adeo
1682 1825 1797 1868 erat
1829 1817 1977 1872 mitis

2094 1788 2265 1870 ιῦεται
2290 1788 2345 1868 δὲ
2376 1788 2467 1869 ὖτέ
2494 1811 2727 1881 ἀγγέλου
2755 1828 2770 1843 ο
2816 1788 3071 1865 τοσοῦτον
3109 1806 3177 1881 ἦν
3204 1810 3411 1880 ἥμερος
3436 1809 3533 1863 καὶ
3565 1827 3654 1877 φι-

407 1908 463 1953 et
489 1900 708 1970 sapiens
736 1901 961 1977 Josepb.
986 1902 1064 1957 Ad
1099 1903 1522 1958 ministrantium
1578 1906 1652 1960 illi
1685 1920 1805 1973 post
1844 1923 1973 1977 par-

411 1999 549 2051 tum,
600 1991 827 2046 evidens
874 2000 956 2047 est
998 1992 1145 2061 quod
1194 1993 1468 2049 adductus
1498 1994 1572 2051 sit
1618 1993 1817 2066 Joseph
1871 1996 1978 2053 hoc

407 2080 675 2150 prodigio.

478 2170 641 2227 Vens.
680 2172 771 2228 10.
809 2173 920 2228 Cur
942 2190 1050 2231 non
1084 2177 1231 2234 clara
1274 2178 1397 2236 luce
1433 2180 1585 2239 visus
1612 2190 1699 2239 est
1750 2183 1977 2254 angelus

404 2256 628 2328 Juseph,
662 2260 755 2315 sed
787 2275 882 2331 per
901 2265 1209 2322 somnium?
1228 2268 1369 2335 Quia
1391 2284 1499 2325 non
1520 2283 1639 2328 erat
1663 2273 1979 2333 incredulus

407 2359 465 2403 ut
498 2362 744 2421 pastores
773 2365 825 2409 et
860 2356 1174 2416 Zacharias.
1554 2364 1570 2378 “

476 2442 589 2497 Cur
618 2446 835 2501 vocavit
882 2447 1034 2503 illum
1065 2452 1290 2523 angelus
1330 2456 1500 2510 lilium
1536 2455 1705 2513 David
1734 2459 1758 2513 ἳ
1793 2457 1980 2516 Revo-

405 2548 535 2588 eare
585 2534 659 2589 illi
700 2538 936 2607 volebat,
972 2541 1119 2597 unde
1156 2542 1389 2601 debebat
1427 2546 1680 2605 Christus
1712 2550 1977 2621 originem

406 2624 633 2682 dueere.

478 2743 589 2799 Cur
627 2746 765 2801 dixit
805 2750 1075 2821 conjugem
1125 2756 1318 2811 tuam?
1351 2754 1507 2822 Quod
1557 2772 1666 2813 non
1714 2768 1833 2814 erat
1864 2758 1981 2814 vioo

410 2833 543 2889 lata.
592 2836 893 2911 Conjugem
937 2853 1119 2899 autem
1166 2846 1312 2901 illam
1365 2857 1525 2904 vocat
1570 2849 1642 2905 ob
1677 2850 1983 2921 desponsa-

414 2923 644 2991 tionem,
677 2928 839 2985 sicuti
878 2940 931 2986 et
960 2948 1061 2987 nos
1084 2951 1298 3003 generos
1327 2936 1564 2995 dicimus
1596 2939 1681 2996 vel
1710 2951 1837 2996 ante
1880 2956 1983 2996 nu-

412 3015 554 3083 ptias
586 3017 945 3088 desponsatas
972 3023 1119 3078 tiliae.

486 3105 651 3164 Vens.
685 3110 774 3164 2|.
804 3111 918 3166 Non
956 3114 1114 3182 dixit,
1158 3115 1342 3172 Pariet
1370 3117 1497 3184 tibi;
1534 3134 1641 3174 non
1678 3128 1800 3174 erat
1838 3120 1984 3175 enim
2014 3138 2056 3197 α

414 3198 564 3254 illius
590 3217 812 3269 semen;
839 3204 933 3259 sed
964 3207 1141 3277 pariet
1163 3209 1365 3263 mundo
1386 3211 1672 3266 evidenter
1695 3213 1982 3279 universo;

413 3292 564 3345 addit
588 3296 733 3348 enim
761 3314 775 3349 :
816 3295 936 3360 Ipse
964 3300 1165 3353 salvum
1198 3301 1355 3370 faciet
1379 3302 1629 3372 populum
1660 3321 1838 3359 suum.

486 3385 595 3438 Cur
622 3387 791 3454 dixit,
833 3388 1053 3445 Vocubis
1085 3409 1271 3447 nomen
1301 3393 1414 3463 ejus
1453 3392 1684 3453 Iesum?
1725 3396 1800 3450 Ne
1834 3398 1986 3452 illum

420 3475 623 3530 faceret
665 3477 733 3531 ab
778 3480 956 3534 cilicio
996 3482 1166 3550 patris
1198 3484 1461 3539 alienum.
1501 3484 1654 3541 Licet
1681 3487 1828 3542 enim
1863 3498 1988 3545 tuus

420 3568 565 3623 lilius
594 3585 702 3624 non
736 3571 827 3635 sit,
860 3572 1058 3643 inquit,
1101 3576 1192 3630 sed
1228 3592 1350 3646 quae
1377 3578 1549 3648 patris
1579 3588 1709 3634 sunt
1746 3594 1895 3651 ages,
1923 3596 1990 3637 eo

416 3661 564 3729 quod
598 3677 706 3716 non
740 3664 813 3718 sit
842 3680 872 3719 e
902 3664 1284 3723 fornicatione.

490 3767 656 3826 Vens.
686 3772 777 3826 22.
804 3774 1043 3847 Angelus
1092 3776 1226 3830 dicit
1256 3776 1400 3832 istud
1431 3794 1446 3832 :
1483 3776 1599 3833 Iloc
1622 3791 1799 3838 autem
1825 3790 1991 3837 totum

420 3860 623 3926 factum
677 3872 755 3915 est
809 3873 867 3916 ut
920 3865 1300 3934 adimpleretur
1335 3870 1476 3939 quod
1526 3869 1727 3924 dictum
1780 3882 1855 3926 est
1926 3873 1990 3931 ab

417 3952 606 4017 Isaia;
646 3970 753 4008 non
796 3966 977 4010 autem
1006 3961 1361 4030 evangelista.

494 4046 661 4101 Vens.
695 4047 784 4102 25.
823 4047 877 4102 Si
904 4050 1026 4117 quis
1050 4051 1249 4105 dixerit
1279 4068 1387 4107 non
1424 4052 1629 4111 dixisse
1656 4053 1847 4111 Isaiam
1883 4056 1988 4110 vir-

422 4136 604 4206 ginem
659 4138 754 4192 sed
814 4140 1088 4209 puellam;
1145 4143 1296 4207 prius
1350 4146 1571 4214 quidem
1636 4146 1817 4203 ferunt
1894 4146 1997 4203 Se-

422 4230 701 4298 ptuaginta
735 4230 818 4285 his
864 4233 1109 4302 quinque
1136 4236 1543 4291 numerosiores
1576 4244 1631 4292 et
1658 4239 1993 4303 veraeiores.

423 4330 611 4389 utpote
680 4324 984 4382 scribentes
1062 4338 1189 4384 ante
1280 4331 1639 4398 patrationem
1715 4333 1995 4403 mystcrii;

422 4413 619 4470 deinde
650 4418 879 4486 puellas,
909 4419 1151 4489 virgines
1186 4421 1461 4487 dicemus;
1495 4432 1569 4487 et,
1592 4422 1651 4477 Si
1688 4424 1995 4482 clamaverit

423 4504 621 4571 puella,
654 4508 721 4561 de
769 4508 979 4578 virgine
1022 4510 1264 4580 loquitur
1316 4512 1548 4582 Moyses.
1594 4515 1719 4583 quia
1777 4515 1996 4569 sciebat

428 4596 618 4658 puellm
644 4613 843 4653 nomen
883 4617 981 4670 pro
1007 4602 1216 4671 virgine
1244 4606 1521 4672 usurpari.
1549 4604 1605 4658 Si
1652 4621 1681 4658 e
1703 4618 2000 4661 consuetu-

426 4687 552 4738 dine
625 4689 857 4742 debebat
900 4691 1148 4757 generari
1205 4692 1348 4759 quod
1413 4707 1442 4744 a
1523 4694 1783 4761 propheta
1854 4710 1999 4747 nun-

430 4777 618 4829 tiatum
645 4788 783 4843 erat,
815 4779 947 4848 quid
987 4780 1401 4850 signiﬁcationis
1432 4783 1593 4837 habet
1622 4786 1764 4853 quod
1793 4786 1998 4839 dictum

426 4866 551 4920 est?
594 4864 741 4922 Nihil
784 4880 963 4937 certe;
1000 4872 1259 4942 denique,
1296 4891 1401 4928 non
1441 4876 1494 4929 in
1526 4876 1783 4945 Ezechia,
1819 4878 1913 4933 sed
1946 4880 1999 4932 in

428 4958 653 5013 Christo
682 4960 1033 5031 adimpletum
1058 4973 1164 5020 est.

499 5073 730 5143 Objieiet
756 5074 975 5135 Judreus
1005 5094 1104 5135 cur
1134 5096 1240 5157 non
1280 5092 1506 5137 vocatus
1554 5084 1624 5137 sit
1654 5083 1997 5148 Emmanuel,

434 5178 487 5219 ut
524 5169 789 5238 prOpIieta
840 5170 997 5236 dixit,
1054 5173 1147 5227 sed
1198 5171 1362 5230 Jesns
1423 5176 1716 5230 Christus?
1767 5177 2003 5230 Audiant

431 5260 747 5329 prophetam
771 5278 876 5316 non
914 5263 1138 5331 dixisse,
1170 5264 1425 5333 Voeahis,
1456 5268 1570 5331 sed,
1610 5267 1873 5322 Vocabunt
1906 5285 2002 5337 po-

432 5352 581 5419 puli;
620 5352 738 5409 lucc
769 5365 853 5408 est
876 5370 1057 5410 rerum
1094 5357 1323 5413 istarum
1356 5359 1623 5424 expositio
1651 5378 1663 5413 :
1689 5360 1815 5428 quia
1849 5360 2003 5415 vide-

430 5446 563 5497 luunt
607 5443 777 5499 Deum
831 5460 957 5503 cum
1006 5446 1344 5504 hominibus.
1394 5448 1508 5504 Mos
1558 5457 1740 5504 autem
1790 5450 1877 5504 ille
1917 5461 2001 5506 est

430 5533 725 5603 Scriptura:
770 5535 873 5590 hoc
911 5553 1008 5606 pro
1050 5537 1367 5593 nominibus
1394 5539 1692 5606 adhibere;
1732 5548 1812 5603 ut,
1858 5539 1998 5594 Voca

429 5640 611 5679 nomen
643 5628 795 5695 ejus:
828 5627 947 5682 Cito
972 5630 1183 5699 spolia;
1212 5630 1449 5686 celeriter
1483 5641 1630 5684 vasta
1655 5648 1674 5684 :
1701 5634 1873 5701 genito
1909 5632 2001 5685 illo

428 5719 653 5771 ταδιιιιὶο
682 5720 985 5788 prwdurum
1027 5723 1169 5791 facta
1221 5734 1336 5791 est;
1384 5734 1437 5783 et
1486 5733 1545 5781 ut
1592 5726 1723 5783 illud
1762 5742 2000 5797 quoque,

2080 1905 2305 1973 λόσοφος
2357 1905 2387 1957 6
2433 1903 2656 1973 Ἰωσήφ.
2718 1901 2793 1954 Τδ
2837 1899 3159 1973 θεραπεύειν
3183 1898 3353 1970 αὐτὴν
3388 1898 3529 1968 μετὰ
3564 1898 3657 1952 τὸν

2081 1995 2261 2060 τόκον,
2292 1992 2513 2065 εὔδηλον
2550 1992 2625 2057 ὡς
2660 1990 2888 2061 ἐπείσθη
2919 1989 2996 2060 τῷ
3025 1988 3264 2060 θαύματι
3290 1990 3319 2043 6
3358 1988 3584 2059 Ἰωσήφ.

2154 2173 2253 2229 Διά
2282 2173 2414 2228 τιού
2455 2170 2703 2242 φανερῶς
2761 2167 2916 2240 ὤφθη
2970 2170 3000 2223 6
3040 2167 3272 2238 ἄγγελος
3299 2168 3378 2239 τῷ
3430 2168 3656 2239 Ἰωσὴφ,

2084 2265 2219 2320 ἀλλὰ
2241 2265 2361 2318 κατ’
2390 2263 2556 2334 δναρς
2597 2262 2719 2316 Ὅτι
2750 2260 2851 2315 οὐκ
2878 2256 2947 2333 ἦν
2974 2260 3223 2317 ἀπιστῶν
3260 2260 3336 2325 ὡς
3374 2261 3425 2315 oi
3455 2260 3659 2333 ποιμέ-

2083 2374 2174 2420 νες
2205 2359 2300 2410 καὶ
2328 2357 2356 2409 6
2384 2355 2681 2426 Ζαχαρίας.

2153 2448 2255 2501 Διὰ
2269 2447 2323 2501 τί
2353 2444 2506 2499 εἶπεν
2542 2447 2706 2499 αὐτὸν
2733 2448 2761 2500 6
2793 2443 3023 2515 ἄγγελος
3077 2444 3194 2498 υῑδν
3252 2444 3459 2511 Δαϐίδς
3502 2443 3662 2497 Ἀνα-

2089 2538 2289 2610 μνῆσαι
2337 2536 2499 2592 αὐτὸν
2552 2536 2874 2608 βουλόμενος
2896 2575 2912 2604 ,
2942 2537 3065 2591 ὅθεν
3102 2535 3327 2607 ἔμελλεν
3351 2537 3380 2589 6
3422 2535 3663 2606 Χριστὸς

2084 2629 2390 2685 τίκτεσθαι.

2157 2738 2257 2793 Διά
2279 2740 2332 2795 τί
2357 2735 2530 2808 εἷπεν,
2570 2741 2690 2810 Τὴν
2714 2739 2971 2809 γυναῖκά
2998 2754 3154 2804 σου;
3184 2737 3272 2801 Ὠς
3303 2737 3379 2811 μὴ
3398 2737 3663 2809 διεφθαρ-

2091 2830 2258 2901 μένης
2278 2846 2297 2865 ο
2327 2835 2562 2901 γυναῖκα
2594 2832 2651 2886 δὲ
2681 2832 2851 2903 αὐτὴν
2877 2831 3035 2885 καλεῖ
3074 2829 3183 2885 άπὸ
3208 2829 3309 2897 τῆς
3338 2831 3661 2900 μνηστείας,

2088 2922 2278 2993 ὥσπερ
2307 2925 2400 2978 καὶ
2430 2926 2591 2995 ἡμεῖς
2609 2924 2906 2995 γαμϐροὺς
2923 2924 3159 2993 λέγομεν
3178 2921 3276 2976 καὶ
3303 2923 3410 2994 πρὸ
3440 2921 3537 2976 τοῦ
3565 2922 3664 2990 γά-

2094 3029 2196 3082 μου
2232 3015 2359 3077 τοὺς
2384 3015 2824 3086 μνηπευθὲντας
2851 3017 2916 3086 τῇ
2948 3012 3205 3086 θυγατρί.

2161 3106 2275 3160 Οὐκ
2308 3103 2479 3170 εἶπεν,
2498 3105 2726 3171 Τέξεταί
2746 3123 2827 3160 σοι
2852 3123 2866 3137 ’
2889 3106 2951 3160 οὗ
2979 3108 3088 3174 γὰρ
3110 3102 3179 3177 ἦν
3211 3104 3379 3161 αὑτοῦ
3415 3104 3663 3175 σπέρμα⁶

2090 3197 2249 3263 ἀλλὰ,
2282 3197 2539 3263 Τέξεται,
2562 3197 2640 3268 τῷ
2673 3198 2864 3268 κόσμῳ
2892 3197 3056 3250 παντὶ
3076 3196 3321 3268 δηλονότι
3342 3214 3359 3230 ⁸
3384 3195 3498 3272 ἔχει
3530 3197 3664 3271 γάρ·

2089 3290 2282 3356 Αὐτὸς
2315 3290 2501 3343 σώσει
2529 3290 2637 3343 τὸν
2662 3288 2818 3343 ,λαὸν
2836 3290 3046 3344 αὐτοῦ.

2158 3381 2258 3434 Διὰ
2280 3381 2332 3434 τί
2355 3377 2530 3447 εἶπεν,
2561 3380 2856 3447 Καλέσεις
2871 3382 2939 3435 τὸ
2960 3381 3149 3451 ὄνομα
3165 3380 3353 3438 αὑτοῦ
3379 3380 3668 3447 Ἰησοῦν;

2090 3473 2206 3527 Οὐκ
2238 3472 2518 3543 ἀλλότριον
2566 3471 2736 3525 ποιῶν
2785 3472 2948 3527 αὐτὸν
2973 3473 3071 3541 τῆς
3116 3471 3414 3535 διακονίας.
3463 3472 3524 3523 El
3561 3470 3669 3539 γὰρ

2090 3570 2185 3621 καὶ
2216 3567 2291 3638 μὴ
2315 3566 2404 3630 σὸς
2427 3570 2454 3621 6
2473 3567 2649 3633 τόκος,
2678 3567 2861 3637 φησὶν,
2888 3565 3023 3619 άλλΞι
3084 3566 3153 3620 τὰ
3184 3567 3387 3637 πατρὸς
3416 3564 3669 3638 πράξεις,

2091 3658 2181 3712 διά
2208 3659 2267 3713 τὸ
2299 3659 2373 3730 μὴ
2411 3659 2519 3713 ἀπὸ
2556 3661 2803 3729 μοιχείας
2829 3654 2992 3713 εἶναι.

2178 3773 2235 3825 Ὀ
2288 3770 2519 3841 ἅγγελος
2552 3771 2700 3839 λέγει
2734 3771 2816 3838 τὸ,
2872 3770 3053 3825 Τοῦτο
3104 3770 3173 3824 δὲ
3232 3770 3380 3825 ὅλον
3420 3770 3673 3841 γέγονεν

2094 3865 2194 3918 ἵνα
2237 3863 2524 3933 πληρωθῇ
2551 3865 2619 3917 τὸ
2660 3862 2851 3933 ῥηθὲν
2881 3862 3017 3934 ὑπὸ,
3035 3862 3309 3919 Ἡσαΐου·
3339 3862 3453 3915 ἀλλ’
3490 3864 3617 3933 οὐχὶ
3645 3864 3674 3916 6

2096 3956 2518 4027 εὐαγγελιστής.

2178 4050 2303 4105 Ἐάν
2329 4066 2413 4113 τις
2460 4049 2592 4121 λέγῃ
2625 4049 2705 4102 ὅτι
2755 4047 2855 4102 οὐκ
2906 4042 3060 4104 εἶπεν
3110 4047 3336 4109 Ἡσαΐας
3367 4043 3666 4115 παρθένον,

2096 4138 2233 4196 ἀλλὰ
2290 4138 2528 4204 νεάνιδα,
2588 4137 2804 4209 πρῶτον
2857 4137 2956 4208 μὲν
3006 4138 3056 4194 οἱ
3108 4136 3506 4207 Ἑϐδομήκοντα
3562 4136 3672 4188 τῶν

2099 4233 2259 4289 πέντε
2313 4230 2556 4294 πλείονες
2610 4230 2706 4283 καὶ
2757 4228 3221 4300 άνυποπτότεροι⁶
3273 4228 3378 4301 πρὸ
3428 4227 3538 4298 γὰρ
3578 4228 3677 4297 τῆς

2097 4324 2369 4393 διαμάχης
2398 4321 2492 4375 τοῦ
2522 4322 2822 4393 μυστηρίου
2844 4337 2857 4351 ·
2890 4321 3083 4377 ἔπειτα
3120 4321 3181 4372 τὸ
3209 4322 3543 4385 νεανίσκοι,
3568 4320 3661 4372 καὶ

2101 4414 2385 4485 παρθένοι
2414 4414 2644 4482 λέξομεν
2663 4429 2679 4443 ·
2728 4413 2823 4465 καὶ
2858 4413 2939 4477 τὸ,
2983 4411 3125 4465 Ἐὰν
3144 4411 3352 4478 ,Βοήσῃ
3378 4412 3416 4479 ἠ
3450 4411 3677 4475 νεᾶνις,

2104 4508 2234 4577 περὶ
2265 4505 2538 4575 παρθένου
2565 4505 2740 4571 λέγων
2773 4505 2801 4557 6
2830 4505 3034 4572 Μωσῆς
3060 4520 3072 4535 .
3115 4503 3255 4557 ὥστε
3306 4497 3446 4561 οἶδεν
3474 4503 3535 4555 τὸ
3580 4503 3679 4571 τῆς

2103 4599 2343 4663 νεάνιδος
2389 4598 2563 4667 ὄνομα
2590 4599 2684 4651 ἐπὶ
2719 4598 2818 4666 τῆς
2868 4596 3141 4667 παρθένου
3190 4596 3464 4665 λέγεσθαι.
3503 4595 3569 4649 Εἰ
3616 4598 3679 4647 ὲκ

2104 4679 2337 4763 νομίμου
2395 4690 2618 4759 ἔμελλεν
2688 4686 2983 4755 γεννᾶσθαι
3043 4687 3105 4741 τὸ
3171 4688 3675 4760 προφητευόμενον,

2104 4787 2256 4836 ποῖον
2289 4786 2513 4852 σημεῖον
2535 4778 2602 4853 ἦν
2630 4782 2689 4834 τὸ
2717 4780 2904 4851 λεχθέν
2928 4797 2943 4846 ;
2969 4779 3107 4834 Οὐδὲ
3142 4783 3311 4833 ποῖον·
3340 4780 3547 4846 λοιπὸν,
3579 4780 3682 4833 οὐκ

2105 4877 2197 4930 ἐπὶ
2234 4875 2312 4947 τῷ
2349 4875 2591 4947 Ὶὶζεκίᾳ,
2629 4873 2745 4928 ἀλλ’
2791 4873 2885 4935 ἐπὶ
2913 4872 2990 4944 τῷ
3038 4873 3259 4947 Χριστῷ
3292 4873 3677 4944 πεπλήρωται.

2190 5085 2482 5156 Ἀπορήσει
2524 5084 2772 5147 Ἰουδαῖος
2824 5081 2913 5136 διὰ
2968 5081 3021 5134 τί
3050 5080 3150 5134 οὐκ
3198 5079 3399 5151 ἐκλήθη
3461 5081 3679 5151 Ἐμμα-

2105 5178 2291 5249 νουὴλ,
2320 5178 2391 5241 ὡς
2416 5178 2444 5230 ὁ
2477 5177 2770 5248 προφήτης
2793 5170 2970 5239 εἶπεν,
2998 5174 3134 5232 ἀλλὰ
3169 5173 3378 5242 Ἰησοῦς
3401 5174 3635 5243 Χριστός
3663 5189 3677 5237 ;

2119 5271 2535 5324 ’Λκουσάτωσαν
2557 5270 2637 5325 ὅτι
2654 5269 2753 5321 οὐκ
2784 5265 2964 5332 εἶπεν,
2996 5266 3286 5330 Καλέσεις,
3311 5265 3468 5328 ἀλλὰ,
3494 5263 3681 5318 Καλέο

2106 5379 2333 5417 σουσιν
2378 5363 2427 5414 οἱ
2467 5361 2648 5431 ὄχλοι·
2692 5360 2971 5415 τουτέστιν
3010 5359 3042 5428 ἡ
3074 5358 3182 5411 τῶν
3226 5358 3563 5427 πραγμάτων
3589 5356 3683 5407 ἔκ-

2107 5456 2298 5517 6ασις’
2323 5454 2405 5507 ὃτι
2460 5453 2680 5523 ὂψονται
2724 5451 2859 5504 Θεὸν
2909 5451 3048 5520 μετὰ
3084 5448 3389 5519 ἀνθρώπων
3415 5465 3427 5477 ·
3472 5447 3588 5508 ἔθος
3625 5445 3681 5496 δὲ

2106 5544 2262 5601 τοῦτο
2284 5546 2349 5614 τῇ
2390 5543 2581 5613 Γραφῇ
2628 5541 2751 5595 ἀντὶ
2807 5541 3089 5609 ὀνομάτων
3118 5538 3323 5592 τιθέναι
3345 5552 3359 5565 '
3394 5531 3523 5599 οἷον,
3559 5532 3678 5589 1ιά-

2104 5639 2295 5690 λεσον
2371 5636 2434 5687 τὸ
2501 5634 2689 5699 ὄνομα
2743 5632 2952 5696 αὑτοῦ,
3016 5629 3244 5699 Ταχέως
3294 5630 3678 5685 onustam"

2107 5727 2290 5796 ὀξέως
2312 5728 2755 5797 προνόμευσον·
2783 5725 3174 5795 γεννηθέντος·
3192 5720 3384 5778 αὑτοῦ
3406 5716 3680 5791 πρσνομῖι
