4026 6402
346 359 473 425 1081

1328 359 1651 421 ΞΟΗΟΜᾹ
1690 358 1989 420 VETERA
2028 358 2106 417 ΙΝ
2143 357 2612 417 ΜΑΤΤΗΕΙῙΜ.

3446 352 3587 419 Ῑθτςε

341 474 594 527 σκύλων
613 469 857 540 ἐγένετο
874 484 890 501 '
924 470 1017 524 καὶ
1047 469 1123 534 ὡς
1156 471 1239 535 τὸ,
1267 469 1328 525 Ἠ
1354 471 1530 535 πόλις
1550 469 1909 538 κληθήσεται

2028 468 2162 523 Urbs
2204 469 2474 523 vocabitur
2506 468 2630 521 urbe
2659 468 2912 534 justitiaz,
2961 469 3264 531 metropolis
3302 469 3504 539 ﬁdlli‘;
3534 478 3591 525 et

341 565 516 628 πόλις
578 563 991 628 δικαιοσύνης,
1040 563 1411 632 μητρόπολις
1442 561 1631 631 πιστή
1656 579 1670 593 ·
1726 562 1907 616 καίτοι

344 655 577 725 μείνασα
608 653 895 707 καλείσθαι
931 654 1199 725 Ἱεροσόλυ
1209 671 1308 724 μα.

410 743 505 806 Τὸ,
549 744 673 796 Οὐκ
718 741 1048 812 ἐγίνωσκεν
1076 742 1272 810 αὐτὴν
1315 742 1426 807 ἓως
1472 737 1545 798 οὗ
1588 741 1756 796 ἔτεκε
1807 740 1915 795 τὸν

340 836 478 889 υιὸν
495 832 688 901 αὐτῆς
706 834 813 887 τὸν
830 835 1228 902 πρωτότοκον,
1260 834 1319 887 οὐ
1342 833 1614 888 δείκνυσιν
1640 836 1721 888 ὅτι
1751 834 1915 905 ἐσχά⁴

345 942 450 987 τως
477 925 617 987 έγνω
646 924 816 993 αὐτήν
839 938 857 954 ⁶
906 924 965 976 τὸ
999 924 1128 995 γὰρ,
1162 924 1295 992 ἕως,
1354 925 1415 978 οὐ
1452 926 1682 979 πάντοτε
1724 927 1913 996 χρόνον

340 1016 500 1070 ἄλλον
522 1015 693 1085 ζητεῖ,
726 1015 863 1069 ἀλλὰ
892 1016 1153 1091 πολλάκις
1183 1018 1264 1079 είς
1296 1016 1355 1069 τὸ
1386 1016 1634 1086 διηνεκὲς
1658 1018 1912 1087 εὑρίσκε-

337 1123 460 1161 ταιο
486 1106 564 1169 ὡς
595 1106 677 1170 τὸ,
713 1106 821 1161 Καί
862 1108 974 1175 οὐχ
1000 1106 1385 1176 ὑπέστρεψεν
1404 1111 1437 1163 ό
1459 1108 1643 1177 κόραξ
1663 1112 1750 1174 είς
1796 1111 1915 1176 τὴν

339 1197 592 1250 κιϐωτὸν
637 1196 751 1263 ἕως
797 1192 870 1254 οὗ
899 1198 1198 1267 ἐξηράνθη
1254 1202 1293 1269 ἡ
1339 1199 1419 1271 γῆ
1443 1218 1458 1232 ·
1498 1199 1766 1268 καίτοιγε
1792 1201 1912 1254 οὐδὲ

342 1286 481 1355 μετὰ
517 1283 692 1339 ταῦτα
731 1286 1076 1357 ὑπέστρεψεο
1112 1288 1212 1341 καὶ
1260 1290 1446 1354 πάλιν,
1494 1290 1806 1345 Ἀνατελεῖ
1840 1290 1911 1345 ἐν

339 1374 471 1441 ταῖς
492 1374 740 1444 ἡμέραις
754 1377 943 1432 αὑτοῦ
963 1378 1342 1448 δικαιοσύνη,
1367 1380 1467 1435 καί
1491 1380 1728 1450 πλῆθος
1752 1381 1913 1451 εἰρή-

338 1482 474 1533 νης,
512 1466 626 1534 ἕως
681 1463 755 1525 οὗ
802 1468 1202 1539 ἀνταναιρεθῇ
1242 1471 1281 1538 ἡ
1321 1471 1593 1541 σελήνηο
1646 1472 1805 1527 τοῦτο
1853 1473 1912 1526 δὲ

338 1552 494 1611 εἶπεν
521 1558 582 1611 οὐ
615 1557 789 1629 πέραι⁹
814 1561 993 1625 διδοὺς
1021 1560 1098 1632 τῷ
1125 1562 1276 1634 καλῷ
1296 1564 1473 1634 τούτῳ
1489 1562 1628 1633 φωτί
1651 1580 1667 1595 ’
1693 1563 1909 1618 τέθεικε

338 1647 397 1701 δὲ
422 1646 503 1713 τὸ,
536 1647 672 1716 ἕως,
701 1649 789 1703 ἵνα
819 1652 980 1722 μόνον
1011 1652 1275 1725 μάθωμεν
1306 1654 1368 1709 τδ
1413 1656 1521 1727 πρὸ
1570 1655 1680 1709 τῶν
1703 1656 1911 1710 ὠδίνων

339 1740 652 1810 ἀνέπαφον·
678 1743 745 1798 τὰ
765 1742 823 1798 δὲ
845 1743 985 1814 μετὰ
1024 1744 1194 1799 ταῦτα
1239 1747 1373 1817 ἡμῖν
1407 1746 1663 1801 κατέλιπε
1714 1747 1907 1801 συλλο-

2016 574 2140 614 cum
2164 570 2490 630 exspectans
2525 566 2755 613 vocatur
2780 557 3106 614 Jerusalem.

2081 738 2245 795 Vens.
2267 740 2357 794 24.
2390 738 2548 804 lllud,
2574 739 2696 793 Non
2725 740 3065 810 cognoscebat
3094 757 3209 794 eam
3239 740 3401 793 donec
3433 757 3594 810 prpe-

2014 834 2081 885 rit
2112 833 2285 901 filium
2331 849 2488 884 suum
2521 832 2949 901 primogenitum,
3007 833 3236 887 minime
3282 834 3485 887 indicat
3525 833 3590 886 il-

2019 923 2132 978 lum
2167 923 2361 977 ultimo
2394 924 2539 977 illam
2577 924 2920 994 cognovisse.
2953 922 3068 977 Vox
3101 925 3245 979 enim
3278 925 3444 978 donec
3479 939 3587 979 non

2014 1029 2231 1083 semper
2279 1014 2426 1068 aliud
2476 1014 2541 1068 ad
2596 1024 2808 1084 tempus
2855 1030 2915 1069 se
2949 1014 3140 1080 refert,
3171 1014 3267 1069 sed
3314 1030 3457 1084 saepe
3487 1029 3587 1084 pro

2014 1115 2276 1174 perpetuo
2322 1105 2626 1171 invenitur;
2677 1114 2736 1159 ut
2776 1104 2907 1157 illud
2951 1104 3138 1169 etiam,
3187 1101 3310 1156 Non
3352 1120 3588 1156 reversus

2013 1206 2090 1252 est
2121 1212 2304 1249 corvus
2336 1196 2390 1247 in
2428 1212 2608 1249 arcam
2639 1195 2804 1249 donec
2835 1195 3036 1248 siccata
3066 1204 3143 1249 est
3185 1205 3364 1259 terra;
3394 1208 3591 1263 nempe

2016 1303 2125 1342 non
2159 1296 2347 1356 postea
2380 1302 2634 1342 reversus
2663 1296 2747 1341 est
2776 1306 2790 1341 :
2824 1294 2878 1340 et
2907 1286 3133 1352 iterum,
3169 1284 3354 1355 Surget
3388 1285 3442 1338 in
3475 1285 3591 1338 die-

2014 1383 2107 1432 bus
2139 1379 2252 1447 ejus
2308 1378 2553 1447 justitia,
2619 1388 2667 1432 et
2733 1376 3017 1431 multitudo
3080 1377 3230 1445 paci:
3281 1382 3442 1430 donec
3495 1377 3589 1429 de-

2012 1479 2255 1523 struatur
2307 1470 2471 1533 luna;
2522 1470 2623 1523 hoc
2660 1478 2843 1523 autem
2893 1466 3034 1522 dixit
3083 1483 3189 1521 non
3241 1467 3401 1521 ﬁnem
3449 1467 3589 1522 dans

2013 1564 2247 1633 pulchro
2293 1563 2385 1617 illo
2434 1562 2651 1625 lumini,
2689 1562 2871 1632 posuit
2919 1576 3046 1615 vero
3077 1561 3239 1614 donec
3288 1572 3347 1614 ut
3389 1560 3591 1615 intelli-

2013 1671 2207 1723 gamus
2240 1655 2417 1710 solum
2466 1655 2763 1708 ﬁrmiorem
2809 1652 3276 1708 commotionibus
3321 1652 3593 1708 stabilita-

2014 1757 2147 1802 tem.
2195 1746 2288 1800 Illa
2320 1761 2451 1801 vero
2482 1745 2703 1800 tandem
2751 1744 2913 1799 nobis
2964 1743 3181 1814 reliquit
3213 1742 3581 1813 conjicienda,

337 1833 607 1902 γίζεσθαι,
630 1834 713 1889 ὃτι
736 1835 834 1909 τὴν
862 1834 1036 1902 οὕτως
1060 1840 1401 1910 γεννήσασαν
1424 1840 1524 1894 οὐκ
1552 1840 1618 1894 ἂν
1651 1841 1909 1911 ὑπέμεινε

2015 1838 2242 1908 Joseph,
2272 1853 2398 1893 cum
2433 1838 2615 1907 justus
2656 1845 2823 1904 esset,
2854 1837 2997 1891 hanc
3030 1845 3153 1906 post
3179 1835 3340 1889 talem
3373 1844 3589 1905 partum

336 1924 540 1993 γνῶναι
570 1925 780 1992 δίκαιος
808 1926 885 1983 ὢν
910 1930 939 1983 ό
983 1928 1205 2000 Ἰωσήφ.
1232 1930 1357 1995 Πῶς
1386 1931 1605 2001 ἀδελφοὶ
1654 1931 1747 1985 τοῦ
1776 1933 1909 2003 Χρι-

337 2014 468 2069 στοῦ
500 2015 749 2087 λέγονται
777 2021 827 2074 oi
857 2020 985 2093 περὶ⁷
1018 2021 1303 2090 ’ἰάκωδονς
1345 2022 1434 2087 Ὠς
1454 2026 1547 2077 καὶ
1586 2022 1783 2093 Ἰωσὴφ
1811 2025 1911 2094 τῆς

335 2105 557 2178 Μαρίας
586 2109 728 2181 ἀνήρ
750 2125 769 2142 ο
798 2112 1011 2167 ἐκείνου
1040 2113 1149 2184 γάρ
1174 2109 1315 2186 ἦσαν
1338 2115 1525 2177 παῖδες
1548 2115 1612 2168 ὲκ
1641 2116 1912 2187 προτέρας

336 2198 629 2266 γυναικός’
660 2200 750 2257 διὰ
798 2203 892 2258 τὸν
939 2204 1275 2277 καλούμενον
1310 2200 1404 2260 οὖν
1457 2207 1692 2280 πατέρα,
1733 2208 1828 2260 καὶ
1856 2208 1909 2261 οἰ

334 2286 433 2342 τοῦ
468 2290 674 2362 πατρὸς
696 2293 1097 2365 υίοὶ,”άδελφοί.
1192 2322 1195 2323 ν

934 2386 1187 2441 ΚΕΦΑᾹ.
1236 2384 1311 2440 B'.

407 2476 514 2530 Τδν
542 2475 733 2547 χρόνον
765 2476 1006 2548 Ἡρώδου
1033 2477 1180 2546 λέγει
1198 2494 1212 2509 ·
1243 2478 1494 2533 διότικαὶ
1518 2478 1702 2551 ἕτερος
1742 2476 1908 2551 Ἠρὼς

336 2566 434 2640 δης
466 2568 708 2638 λέγεται,
731 2567 791 2632 ὃς
822 2567 1031 2623 ἀνεῖλεν
1052 2568 1142 2622 τὸν
1184 2570 1516 2641 Πρόδρομον.

410 2663 550 2726 Τοὺς
580 2663 788 2733 μάγους
836 2664 918 2727 είς
973 2663 1195 2735 ἔλεγχον
1243 2663 1354 2717 τῶν
1396 2663 1667 2718 Ἰουδαίων
1708 2666 1909 2737 ἤνεγκε

336 2756 734 2828 προσκυνῆσαι,
765 2758 852 2811 ίνα
905 2756 1058 2826 παρὰ
1087 2756 1382 2829 βαρϐάρων
1434 2756 1679 2827 μάθωσιν
1727 2756 1764 2813 ἃ
1806 2760 1910 2812 οὐκ

337 2848 529 2919 ἧθελον
561 2847 753 2918 μαθεῖν
789 2845 899 2901 ἀπὸ
922 2846 1221 2917 προφητῶν
1258 2847 1309 2900 οί
1344 2845 1605 2904 Ἰουδαῖοι.

408 2940 484 2994 Οὐ
515 2940 585 2994 δι’
625 2938 859 3009 ἀγγέλου
908 2939 1036 3002 τοὺς
1099 2939 1309 3009 μάγους
1351 2939 1600 3010 ἧνεγκεν,
1635 2940 1769 2994 ἀλλά
1819 2940 1910 2995 διά

336 3031 447 3086 τῶν
497 3031 745 3104 συνήθων
797 3032 1077 3102 ἀστέρων·
1120 3030 1223 3087 κᾶν
1275 3032 1384 3103 γάρ
1441 3032 1670 3102 ἄγγελος
1713 3030 1803 3105 ἦν.
1834 3033 1911 3098 ὡς

2020 1947 2357 2003 c0gnoscere
2374 1946 2481 1985 non
2498 1932 2850 1986 sustinuisse.
2873 1930 3161 1997 Quomodo
3177 1929 3373 1987 fratres
3387 1929 3593 1985 Christi

2012 2025 2273 2079 dicuntur
2315 2021 2556 2079 Iacobus
2611 2032 2666 2078 ct
2713 2024 2839 2077 alii?
2892 2022 3049 2088 Quod
3102 2022 3305 2092 Ioseph
3354 2022 3437 2077 vir
3473 2032 3592 2078 erat

2011 2115 2230 2181 Maria;
2262 2114 2381 2184 ejus
2422 2114 2567 2169 enim
2618 2123 2775 2170 erant
2801 2114 2897 2168 lilii
2934 2129 2964 2168 e
2994 2115 3175 2184 priore
3213 2114 3441 2170 muliere
3469 2129 3594 2170 sus-

2011 2206 2186 2276 cepti;
2226 2223 2350 2262 cum
2386 2222 2519 2277 ergo
2575 2207 2665 2261 ille
2692 2217 2843 2277 pater
2869 2207 3072 2261 Christi
3099 2206 3392 2271 diceretur,
3421 2208 3593 2277 patris

2009 2314 2229 2371 quoque
2263 2298 2381 2365 lilii,
2406 2298 2611 2354 Christi
2640 2297 2837 2353 fratres
2856 2298 3199 2354 dicebantur.

2633 2388 2862 2443 CAPUT
2903 2390 2970 2443 ll.

2083 2480 2247 2537 Vens.
2282 2481 2331 2538 Ι.
2353 2481 2415 2535 In
2438 2480 2620 2534 diebus
2657 2480 2880 2533 Herodis
2909 2480 3061 2547 dicit,
3086 2480 3215 2550 quia
3238 2480 3378 2535 alius
3402 2480 3546 2537 llero
3570 2512 3580 2522 -

2010 2572 2107 2627 des
2132 2582 2450 2626 numeratur
2481 2572 2573 2641 qui
2603 2568 3002 2624 Przecursorem
3034 2571 3278 2625 abstulit.

2082 2662 2269 2733 Magos
2302 2664 2354 2716 in
2384 2659 2702 2717 Judazorum
2728 2662 3237 2715 condemnationem
3270 2660 3588 2715 adoravisse

2012 2755 2151 2811 dixit
2176 2765 2231 2809 ut
2249 2770 2314 2810 ex
2348 2754 2601 2809 Barbaris
2622 2754 2994 2823 discantquod
3012 2768 3041 2807 e
3067 2753 3349 2823 prophetis
3378 2754 3590 2808 discere

2011 2846 2299 2901 noluerant
2336 2844 2534 2900 Judaei.

2086 2938 2246 2993 Vens.
2288 2937 2343 2991 2.
2376 2936 2492 2991 Νοιι
2527 2952 2623 3006 per
2668 2936 2915 3007 angelum
2971 2933 3155 3007 Magos
3200 2933 3435 2988 monitos
3469 2948 3593 2988 esse

2013 3037 2223 3091 narrat,
2254 3030 2346 3083 sed
2378 3042 2473 3097 per
2504 3026 2695 3081 solitas
2738 3026 2847 3081 illis
2878 3026 3105 3091 stellas;
3155 3026 3315 3079 etiam
3366 3025 3409 3079 si
3442 3024 3589 3079 enim

335 3122 515 3192 ἀστὴρ
552 3122 846 3178 ἐδείκνυτο.
906 3124 965 3177 'U
1000 3123 1176 3195 ἀστὴρ
1212 3126 1242 3178 ὁ
1294 3125 1505 3194 φανεὶς,
1544 3125 1771 3197 δύναμίς
1825 3142 1909 3187 τις

2016 3120 2244 3189 angelus
2292 3118 2509 3182 fuisset,
2551 3127 2610 3172 ut
2641 3118 2796 3172 Stella
2828 3119 3100 3187 apparuit.
3133 3116 3299 3172 Stella
3337 3118 3437 3173 ista
3467 3133 3590 3188 quia:

333 3210 406 3286 ἦν
436 3215 671 3286 ἀόρατος
737 3217 819 3280 είς
861 3216 1066 3287 ταύτην
1111 3217 1434 3288 φαινόμενος
1485 3219 1584 3290 τὴν
1610 3219 1734 3288 ὄψιν
1759 3236 1773 3251 ·
1815 3221 1908 3273 καὶ

335 3308 447 3377 γὰρ
471 3308 579 3361 ἀπ’)
605 3308 810 3381 ἄρκτου
841 3310 921 3372 είς
950 3309 1298 3380 μεσημϐρίαν
1324 3311 1577 3381 ὲφαῖνετο
1596 3328 1609 3341 ·
1628 3311 1772 3365 οὓτω
1802 3313 1908 3383 γάρ

335 3398 371 3467 ἠ
402 3397 736 3470 Παλαιστίνη
770 3398 906 3469 πρὸς
942 3399 1041 3469 τὴν
1080 3398 1320 3469 Περσίδα
1376 3402 1556 3453 κεῖται
1583 3416 1598 3433 ο
1656 3400 1909 3472 δεύτερον

336 3488 432 3541 καὶ
465 3488 547 3541 ὅτι
577 3489 636 3541 ὲν
673 3488 997 3560 μεσημϐρίᾳ
1030 3489 1301 3557 ἐφαίνετο,
1332 3490 1433 3544 οὐκ
1459 3486 1527 3562 ἦν
1550 3492 1726 3563 ἀστήρ
1750 3510 1765 3525 ·
1790 3493 1910 3564 τρί-

332 3595 426 3634 τον
454 3578 562 3632 ἀπὸ
617 3578 713 3633 τοῦ
746 3578 1033 3648 φαίνεσθαι
1070 3572 1171 3634 καῖ
1216 3580 1585 3653 κρύπτεσθαιο
1647 3583 1909 3655 τέταρτον

333 3665 445 3718 ἀπὸ
495 3665 591 3719 τοῦ
631 3665 782 3721 κάτω
813 3662 990 3721 εἶναι’
1026 3669 1075 3721 εί
1109 3668 1218 3740 γὰρ
1262 3670 1375 3724 ἄνω
1403 3665 1491 3741 ἦν,
1533 3670 1632 3725 οὐκ
1681 3673 1909 3743 ἠρκεῖτο

333 3756 468 3827 ὕψος
500 3758 697 3830 μικρὸν
722 3759 888 3815 τόπον
918 3762 1345 3834 χαρακτηρίσαι.

409 3941 502 4004 Τὸ,
543 3942 663 3995 Οὐκ
698 3942 970 4010 ἐκλείψει
991 3943 1192 4011 ἅρχων
1226 3944 1297 4009 ἐξ
1337 3945 1531 3999 Ἰούδα
1551 3946 1695 4000 οὐδὲ
1724 3948 1909 4017 ἡγού-

332 4047 507 4097 μενος
540 4030 609 4084 ἐκ
640 4028 756 4083 τῶν
791 4029 999 4099 μηρῶν
1051 4032 1262 4094 αὑτοῦ.
1292 4033 1405 4100 ἕως
1424 4034 1501 4088 ἂν
1517 4036 1667 4105 ἔλθῃ
1699 4035 1731 4089 ὃ
1755 4038 1907 4091 ἀπό-

331 4139 541 4188 κειται,
570 4122 668 4177 καί
714 4123 895 4188 αὐτὸς
946 4123 1279 4191 προσδοκία
1309 4125 1521 4191 ἐθνῶν,
1574 4128 1749 4191 οὕτως
1791 4129 1912 4182 λύε-

327 4233 422 4273 ται
451 4230 466 4245 °
518 4213 762 4285 Ἡρώδης
821 4216 1117 4285 ἀλλόφυλος
1169 4215 1268 4282 ὢν,
1356 4220 1452 4271 καὶ
1504 4220 1663 4273 τοῦτο
1718 4220 1908 4290 λέγει·

342 4310 656 4374 Ἐξέλιπον
683 4308 791 4377 γὰρ
804 4311 857 4362 οἱ
893 4309 1167 4364 Ἰουδαῖοι
1194 4310 1359 4378 ἔχειν
1378 4294 1695 4381 ἄρχοντας.

401 4401 502 4453 Διὰ
528 4399 580 4454 τί
612 4400 978 4472 ἐρωτηθέντες
1015 4401 1170 4472 παρὰ
1191 4401 1281 4455 τοῦ
1318 4403 1579 4471 βασιλέως
1608 4400 1761 4457 εἷπον
1807 4406 1909 4476 τὴν

2013 3219 2129 3271 visa
2157 3225 2262 3283 est,
2300 3228 2541 3287 poteStas
2588 3224 2705 3271 erat
2750 3216 2998 3285 quaedam
3050 3216 3345 3271 invisibilis
3388 3217 3441 3270 in
3487 3217 3593 3271 hoc

2013 3317 2239 3379 aspectu
2280 3323 2584 3378 apparens;
2643 3323 2768 3362 nam
2817 3324 2846 3360 a
2897 3308 3270 3376 septentrione
3313 3308 3379 3361 atl
3434 3310 3592 3363 meri-

2012 3399 2155 3453 diem
2195 3399 2308 3454 risa
2335 3409 2446 3465 est;
2474 3399 2553 3454 sic
2584 3399 2729 3453 enim
2762 3398 3049 3453 Palaestina
3075 3400 3139 3453 ad
3167 3398 3443 3454 Persidem
3484 3402 3589 3455 sita

2011 3496 2131 3551 est;
2164 3487 2407 3541 secundo
2454 3485 2582 3554 quia
2617 3485 2668 3538 in
2720 3486 2948 3541 meridie
2983 3487 3099 3542 visa
3146 3497 3248 3549 est.
3293 3490 3445 3543 stella
3478 3507 3585 3544 non

2011 3583 2158 3640 erat;
2192 3574 2354 3627 tertio
2406 3576 2534 3643 quia
2565 3573 2852 3628 videbatur
2869 3583 2923 3629 et
2951 3577 3362 3644 oceultahatur;
3390 3588 3588 3647 quarto

2012 3663 2141 3733 quia
2190 3664 2243 3717 in
2280 3673 2433 3734 parte
2479 3666 2608 3721 caeli
2645 3664 2903 3720 inferiore
2935 3675 3073 3722 erat.
3123 3667 3178 3721 Si
3222 3669 3367 3722 enim
3406 3668 3459 3724 in
3497 3686 3590 3725 su-

2012 3757 2226 3827 periore
2250 3756 2463 3820 fuisset,
2496 3773 2603 3814 non
2626 3758 2895 3828 potuisset
2920 3768 3069 3815 tanta
3095 3760 3327 3816 altitudo
3361 3779 3587 3834 parvum

2015 3849 2192 3903 locum
2220 3849 2479 3905 indicare.

2084 3938 2251 3995 Vens.
2283 3941 2336 3996 6.
2374 3941 2531 4008 Illud,
2582 3941 2703 3997 Non
2742 3943 3018 4013 auferetur
3043 3956 3305 4012 sceptrum
3333 3948 3397 4002 de
3417 3946 3587 4008 Iuda.

2012 4038 2061 4085 et
2091 4032 2203 4084 dua:
2238 4033 2302 4085 de
2342 4033 2541 4101 femore
2585 4034 2722 4102 ejus,
2767 4036 2931 4089 donec
2964 4037 3137 4090 veniat
3153 4016 3272 4109 .qui
3303 4040 3590 4094 mittendus

2012 4137 2112 4191 est,
2154 4138 2204 4181 et
2249 4129 2360 4197 ipse
2385 4131 2714 4198 exspectatio
2748 4132 3004 4199 gentium,
3041 4132 3113 4186 ita
3159 4133 3433 4187 solvitur:
3485 4136 3590 4189 He—

2014 4220 2176 4273 rodes
2220 4220 2528 4290 alienigena
2573 4230 2713 4287 erat,
2757 4229 2811 4275 et
2862 4222 2993 4275 illud
3042 4223 3213 4278 dicit:
3245 4222 3588 4278 Cessaverant

2012 4311 2149 4362 enim
2177 4308 2356 4365 Judtei
2386 4327 2522 4381 reges
2550 4312 2755 4368 habere.

2088 4398 2270 4465 Quare
2325 4401 2643 4470 interrogati
2693 4416 2721 4453 a
2773 4416 2899 4471 rege
2940 4402 3199 4458 dixerunt
3243 4405 3587 4474 prophetiam

334 4491 675 4562 προφητείαν
721 4491 824 4555 ἕως
851 4493 933 4555 τὸ,
967 4493 1250 4562 Ποιμανεῖ
1280 4494 1386 4547 τόν
1428 4498 1583 4549 λαόν
1636 4513 1757 4565 μου
1804 4498 1909 4552 τὸν

2018 4504 2189 4558 usque
2221 4490 2347 4555 huc,
2384 4488 2570 4543 Pascet
2600 4492 2849 4559 populum
2884 4508 3053 4544 meum
3083 4492 3271 4557 Israel,
3307 4512 3410 4547 non
3440 4497 3563 4565 atlje

347 4584 618 4651 Ἰσραὴλ,
650 4583 711 4636 οὒ
736 4583 1082 4654 προσέθηκαν
1114 4584 1189 4649 δὲ,
1227 4586 1335 4639 Καί
1358 4586 1559 4650 ἔξοδοι
1595 4588 1784 4641 αὐτοῦ
1843 4590 1913 4653 ἐξ

333 4676 573 4746 ’ἡμερῶν
588 4676 836 4744 aitEn-oc;
864 4677 1014 4733 Ἐπεὶ
1036 4680 1171 4749 πρὸς
1202 4680 1361 4749 χάριν
1392 4679 1486 4733 καὶ
1519 4680 1912 4748 κολακεύοντες

333 4771 577 4826 ἐλάλουν.

408 4862 507 4915 Διὰ
533 4862 585 4916 τί
614 4863 742 4928 τοὺς
798 4867 1003 4934 μάγους
1050 4867 1203 4919 καλεῖ
1251 4865 1493 4937 Ἡρώδης
1531 4867 1708 4937 λάθρα
1742 4883 1757 4931 ;
1787 4868 1911 4922 Ὅτι

332 4951 552 5021 ἐνόμιζε
589 4954 717 5017 τοὺς
764 4954 1049 5018 Ἰουδαίους
1093 4956 1353 5026 κήδεσθαι
1407 4956 1500 5010 τοῦ
1536 4958 1749 5014 παιδίου
1787 4976 1801 4989 ο
1830 4957 1909 5011 ἔτι

330 5042 391 5097 δὲ
423 5043 517 5097 καὶ
540 5044 752 5098 ἀνελεῖν
779 5047 1049 5117 ἐπιχειρεῖ
1084 5049 1148 5101 τὸ
1182 5048 1393 5117 τεχθέν.

404 5134 477 5186 Οὐ
513 5134 603 5187 τὸν
633 5137 822 5205 χρόνον
842 5134 937 5188 τοῦ
959 5138 1194 5200 παιδίου,
1212 5137 1449 5196 ἀλλὰτοῦ
1478 5140 1706 5211 ἀστέρος
1732 5141 1907 5213 ζητεῖ,

331 5226 398 5280 ἐκ
431 5225 627 5295 πολλῆς
660 5228 978 5299 περιουσίας
1006 5229 1064 5283 τὸ
1106 5231 1338 5301 πρᾶγμα
1368 5231 1622 5301 ἐρευνῶν.

406 5318 529 5381 Πῶς
549 5317 638 5371 τοῦ
664 5320 851 5373 Λουκᾶ
878 5322 936 5373 ὲν
959 5322 1134 5393 φάτνῃ
1167 5321 1414 5389 λέγοντος
1447 5323 1679 5389 κεῖσθαι,
1706 5326 1734 5377 ὁ
1756 5326 1909 5380 Ματ-

332 5408 483 5471 οαῖος
516 5411 608 5463 ἐπὶ
661 5410 770 5464 τῶν
807 5412 1050 5480 γονάτων
1091 5414 1189 5483 τῆς
1232 5414 1439 5482 μητρὸς
1466 5414 1651 5482 λέγει;
1682 5416 1801 5487 Χρὴ
1850 5418 1906 5471 δὲ

332 5504 495 5562 νοεῖν,
531 5502 611 5555 ὅτι
639 5505 949 5574 γεννήσασα
980 5506 1067 5559 διὰ
1101 5507 1160 5558 τὸ
1188 5505 1263 5577 μὴ
1296 5502 1438 5560 εἶναι
1484 5507 1650 5560 τόπον
1688 5508 1778 5561 διὰ
1802 5508 1903 5579 τὴν

332 5595 557 5664 dno-:71:
576 5597 902 5669 ἀπογραφῆς
926 5599 1155 5669 πληθὺν,
1185 5599 1461 5654 ἀνέκλινεν
1491 5603 1548 5656 ἐν
1578 5602 1640 5673 τῇ
1701 5602 1901 5673 φάτνῃ,

332 5679 452 5740 εἶτα
487 5686 579 5741 καὶ
611 5688 701 5741 ἐπὶ
727 5687 833 5740 τῶν
856 5688 1098 5757 γονάτων
1132 5688 1358 5746 ἀνεῖλεν.

2014 4590 2209 4636 ccrunt
2234 4592 2439 4646 autem,
2474 4580 2540 4634 Et
2564 4598 2804 4652 egressus
2828 4584 2941 4652 ejus
2962 4601 2993 4637 a
3022 4584 3203 4638 diebus
3232 4588 3588 4642 mternitatis.’

2014 4672 2150 4739 Quia
2179 4676 2518 4745 gratulantes
2549 4683 2604 4729 et
2633 4675 2924 4733 adulantes
2952 4677 3339 4747 loquebantur.

2084 4861 2246 4918 Vens.
2275 4864 2327 4918 7.
2360 4862 2542 4930 Quare
2567 4865 2708 4919 clam
2746 4866 2933 4937 Magos
2964 4877 3122 4921 vocat
3147 4865 3428 4924 Herodes?
3450 4870 3590 4937 Quia

2011 4958 2231 5025 putabat
2266 4956 2486 5011 Judzeos
2513 4958 2580 5012 de
2612 4974 2781 5027 puero
2814 4974 3028 5024 curare,
3066 4959 3245 5015 adlmc
3285 4973 3462 5017 autem
3493 4980 3591 5017 an.

2010 5046 2157 5102 ferre
2188 5048 2554 5102 meditabatur
2586 5049 2902 5116 parvulum.

2079 5139 2195 5192 Non
2251 5140 2405 5208 pueri
2455 5148 2692 5209 tempus,
2740 5141 2833 5196 sed
2881 5141 3073 5208 stellae,
3106 5141 3356 5212 inquirit,
3397 5157 3587 5211 super-

2010 5247 2177 5285 vacue
2206 5247 2319 5285 rem
2360 5234 2678 5299 explorans.

2082 5324 2245 5377 Vens.
2272 5324 2353 5377 ll.
2373 5323 2679 5391 Quomodo,
2705 5323 2848 5380 Luca
2872 5326 3082 5380 dicente
3102 5340 3330 5396 puerum
3365 5325 3416 5377 in
3448 5340 3580 5393 pra:-

2009 5416 2161 5485 Sepio
2179 5415 2452 5478 reclinari,
2470 5414 2757 5471 Matthmus
2784 5417 2836 5470 in
2856 5418 3043 5471 matris
3060 5418 3289 5487 genihus
3314 5416 3480 5470 fuisse
3499 5416 3587 5470 di-

2008 5508 2123 5563 cit?
2154 5508 2468 5561 Putandum
2498 5520 2598 5571 est,
2632 5510 2797 5576 quod,
2836 5524 2960 5563 cum
3006 5525 3111 5563 non
3153 5518 3295 5563 esset
3326 5510 3481 5563 locus
3513 5509 3586 5563 ob

2010 5602 2409 5655 multitmlinem
2445 5602 2513 5655 ad
2542 5602 2963 5671 descriptionem
3008 5601 3319 5667 adductam,
3348 5603 3583 5657 reclina-

2009 5694 2148 5743 verit
2179 5707 2304 5745 eum
2330 5690 2382 5746 in
2426 5691 2928 5762 prmsepio,dcinde
2954 5691 3008 5747 in
3042 5691 3271 5765 genibus
3300 5708 3424 5749 cum
3462 5708 3585 5749 sus-

2008 5781 2213 5837 tulerit.
