4026 6406
556 353 691 418 1083

1259 359 1651 420 OPUSCULA
1692 361 2322 424 SCRIPTURISTICA
2368 366 2715 426 INCERT/E
2757 365 3065 429 lETATIS.

3662 366 3793 431 10%

621 461 761 527 Quid
792 460 958 531 Magis
978 465 1248 532 persuasit
1270 476 1324 518 ut
1348 466 1498 520 illum
1523 467 1846 522 adorarent?
1867 468 2123 534 Quazdam

2301 474 2367 527 Τί
2393 474 2453 528 τὸ
2488 477 2683 530 πεῖσαν
2716 477 2845 539 τοὺς
2898 476 3105 546 μάγους
3149 474 3527 547 προσκυνῆσαι
3589 478 3788 545 αὑτόνς

554 553 647 609 Dei
679 555 936 610 revelatio
966 565 1018 611 ct
1045 558 1212 611 stella:
1250 558 1587 628 prodigium.

624 735 840 808 Myrrha
871 747 924 792 et
952 738 1237 795 incensum
1274 740 1415 795 dona
1439 741 1529 795 Dei
1558 754 1713 811 sunt;
1733 746 1911 801 adhuc
1945 754 2127 802 autem

553 842 581 880 a
614 827 926 883 Jndzeorum
958 832 1209 887 crassitie
1247 833 1405 902 longe
1428 845 1605 901 erant,
1660 852 1767 891 non
1816 839 1961 894 enim
1998 857 2131 897 oves

552 929 646 974 aut
673 920 837 976 boves
858 922 1298 978 immolaverunt.

627 1011 789 1066 Vens.
825 1011 1039 1067 i3.Cur
1062 1013 1228 1068 claris
1260 1017 1440 1072 verbis
1463 1019 1691 1089 angelus
1724 1020 1892 1085 dicit,
1942 1022 2132 1091 Accipe

552 1118 769 1169 puerum
789 1114 836 1156 et
860 1113 1079 1158 matrem
1099 1106 1251 1173 ejus;
1271 1117 1325 1161 et
1349 1124 1452 1163 non
1477 1107 1635 1174 dixit,
1654 1112 1941 1181 conjugem
1960 1122 2130 1179 tuam,

556 1204 613 1247 nt
644 1197 795 1265 prius
825 1195 847 1250 2
879 1196 1017 1264 Quia
1046 1200 1225 1255 soluta
1256 1209 1372 1255 erat
1396 1203 1658 1271 suspicio,
1692 1212 1746 1259 ct
1789 1205 1949 1259 tidem
1990 1220 2132 1275 prte-

554 1286 746 1341 buerat
775 1285 1000 1359 Joscph.

625 1377 892 1435 VensJES.
917 1379 1245 1454 Exnggpto
1286 1387 1464 1438 vocavi
1479 1386 1651 1454 ﬁlium
1670 1403 1860 1454 meum,
1888 1388 1941 1443 in
1978 1386 2134 1443 Chri-

555 1482 701 1527 stum
729 1473 931 1529 dictum
949 1475 1136 1532 fuit.Si
1155 1492 1283 1532 vero
1309 1478 1375 1533 de
1397 1476 1707 1533 Judzeorum
1737 1496 1957 1550 egressu
1990 1480 2134 1536 istud

542 1563 778 1630 quidam
828 1564 1158 1636 intelligunt,
1210 1568 1395 1622 dicere
1446 1583 1741 1637 possumus
1782 1572 1952 1639 legem
1995 1572 2135 1625 hanc

562 1653 864 1723 prophetia:
886 1669 1028 1721 esse,
1065 1666 1123 1712 ut
1152 1672 1297 1725 saepe
1330 1659 1475 1727 quod
1502 1660 1566 1714 de
1586 1659 1709 1714 aliis
1734 1660 1938 1715 dictum
1965 1661 2134 1715 estab

557 1743 680 1799 aliis
720 1746 1105 1816 compleatur:
1136 1748 1294 1819 quale
1340 1760 1423 1804 est
1456 1749 1604 1818 quod
1643 1750 1709 1803 de
1755 1748 1977 1804 Simeon
2016 1751 2133 1805 dic-

557 1847 673 1890 tum
720 1836 854 1902 iuit,
894 1838 1136 1893 Dividam
1163 1857 1268 1906 cos,
1305 1842 1355 1894 in
1399 1842 1631 1911 posteris
1678 1841 1882 1896 factum
1924 1844 2056 1908 est;'
2085 1853 2137 1898 et

555 1928 699 1997 quod
738 1930 805 1983 de
836 1930 1095 1985 Chanaan
1131 1944 1161 1985 a
1187 1928 1300 1985 Noe
1334 1932 1540 1986 dictum
1582 1940 1686 1995 est,
1718 1933 1769 1986 in
1802 1932 2137 1989 Gabaonitas

554 2030 805 2089 posteros
842 2021 961 2091 ejus
1004 2022 1281 2091 impletum
1311 2035 1421 2088 est;
1455 2034 1507 2079 et
1538 2025 1691 2090 illud,
1726 2023 1852 2079 Esto
1890 2024 2136 2079 dominus

553 2111 739 2182 fratris
758 2114 854 2182 tui,
883 2114 1003 2184 ejus
1026 2116 1213 2172 sobole
1251 2117 1580 2187 completum
1613 2124 1720 2173 est.

626 2296 788 2353 Vens.
819 2299 909 2355 25.
937 2299 1233 2359 Nazara’us
1256 2307 1701 2377 vocabitur,quod
1738 2308 1806 2361 ab
1839 2308 2032 2377 angelo
2057 2307 2139 2362 di-

552 2399 699 2442 ctum
733 2401 835 2457 εει,
869 2396 1241 2464 propheticum
1275 2412 1385 2464 est;
1418 2402 1518 2454 etsi
1557 2417 1665 2454 non
1704 2401 2013 2454 inveniatur
2043 2400 2133 2454 ubi

554 2479 796 2550 dictum;
844 2487 1001 2541 multi
1033 2489 1177 2543 enim
1226 2492 1673 2562 propheticorum
1724 2508 2038 2549 sermonum
2082 2493 2136 2547 in

555 2575 871 2643 captivitate
892 2579 1080 2636 amissi
1110 2590 1258 2637 sunt.

1185 2729 1410 2788 CAPUT
1444 2731 1533 2787 lll.

636 2849 792 2907 Vens.
828 2855 881 2909 l.
903 2854 1132 2921 Quando
1160 2857 1289 2911 dicit
1327 2859 1686 2929 evangelista,
1726 2858 1790 2914 lu
1810 2861 1994 2915 diebus
2028 2860 2135 2916 illis

556 2942 696 2994 venit
728 2941 982 3009 Joannes,
1016 2963 1120 3000 non
1154 2956 1265 3001 tum
1297 2963 1417 3002 cum
1446 2965 1581 3019 puer
1600 2960 1716 3005 erat
1736 2951 2006 3016 Christus,
2035 2954 2137 3008 hoc

558 3031 727 3087 dicit:
776 3050 899 3088 nam
954 3045 1077 3105 post
1129 3053 1306 3094 annos
1331 3040 1550 3109 triginta
1598 3043 1813 3097 venisse
1869 3042 2133 3098 Joannem

559 3124 734 3181 Lucas
776 3136 1038 3196 testatur;
1072 3133 1165 3186 sed
1220 3132 1515 3205 Scriptura:
1568 3152 1686 3192 mos
1747 3148 1831 3192 est
1880 3139 2023 3193 talis.
2071 3149 2132 3194 ut

557 3219 774 3287 quando
790 3219 1044 3277 Christus
1064 3224 1114 3277 in
1139 3236 1320 3281 monte
1337 3227 1616 3297 discipulis
1634 3231 1875 3299 loquitur
1892 3233 1958 3285 de
1979 3248 2134 3288 ever-

557 3312 713 3367 sione
742 3312 915 3380 urbis,
938 3324 989 3368 et
1018 3315 1081 3368 de
1111 3318 1405 3386 prophetia:
1436 3320 1823 3383 adimplctione
1855 3325 2136 3379 locuturus

554 3402 772 3471 adjecit,
799 3403 951 3460 Tunc
978 3407 1090 3462 huic
1109 3417 1161 3462 et
1189 3409 1275 3463 illa
1294 3422 1471 3465 erunt.
1493 3411 1732 3483 Triginta
1768 3431 1941 3469 annos
1979 3426 2138 3472 natus

554 3491 677 3547 ideo
714 3497 1039 3566 baptizatur,
1081 3510 1139 3553 ut
1182 3501 1454 3571 perfectus
1485 3520 1607 3558 cum
1637 3506 1729 3570 sit,
1761 3506 1995 3576 perfecta
2028 3517 2138 3563 tra-

557 3583 692 3638 dens
720 3588 998 3642 credatur.

631 3766 796 3823 Vens.
823 3771 879 3825 2.
921 3769 1081 3837 illud,
1110 3772 1559 3844 Appropinquavit
1608 3794 1824 3848 regnum
1859 3779 2134 3844 caelorum,

558 3858 630 3912 ob
654 3859 796 3915 illius
814 3863 1160 3931 pr.rsentiam
1184 3864 1348 3929 dicit;
1376 3882 1466 3919 rex
1499 3867 1643 3920 enim
1678 3869 1942 3923 caelorum
1993 3881 2132 3925 erat.

628 4039 794 4095 Vsus.
825 4041 873 4097 7.
897 4041 1120 4099 Dicente
1142 4046 1470 4115 evangelista
1514 4050 1578 4103 dc
1607 4046 1893 4105 Pharismis
1921 4059 1973 4104 et
1998 4052 2136 4107 Sad-

558 4129 762 4189 (inanis
784 4135 925 4202 quod
975 4137 1221 4191 venirent
1254 4148 1313 4191 ut
1340 4140 1743 4208 baptizarentur
1785 4143 1854 4196 ab
1883 4158 1970 4205 co,
1996 4160 2136 4213 quo-

558 4225 720 4278 modo
750 4224 1000 4281 Christus
1032 4228 1162 4282 dicit
1224 4229 1345 4285 illos
1393 4228 1587 4284 Joanni
1620 4247 1726 4285 non
1794 4235 2135 4287 credidisse?

556 4316 696 4383 Quia
721 4322 941 4374 credere
1005 4336 1109 4374 non
1146 4334 1286 4387 erat,
1317 4324 1463 4390 quod
1494 4325 1561 4375 ab
1594 4326 1685 4378 illo
1731 4325 2133 4392 pratdicabatur

556 4425 665 4463 non
703 4413 969 4481 accipere.
1001 4411 1241 4469 Joannes
1275 4416 1420 4469 enim
1448 4416 1619 4471 dixit:
1655 4416 1793 4472 Ecce
1825 4418 2006 4488 Agnus
2039 4419 2133 4473 Dei

555 4503 646 4573 qui
674 4503 811 4557 tollit
840 4514 1111 4573 peccatum
1136 4508 1338 4561 nmndi.

625 4689 791 4745 Vens.
826 4689 911 4747 12.
948 4691 1113 4761 Cujus
1141 4692 1488 4746 ventilabrnm
1519 4696 1571 4748 in
1616 4713 1774 4749 manu
1803 4698 1937 4766 ejus,
1978 4699 2129 4769 judi-

558 4797 674 4837 cem
728 4782 877 4837 illum
911 4798 1031 4838 esse
1066 4783 1358 4852 signiﬁcat,
1387 4786 1788 4842 discernentem
1845 4790 2024 4859 justus
2077 4802 2130 4846 et

556 4884 895 4943 peceatores;
936 4874 1075 4942 ignis
1136 4884 1314 4930 autem
1368 4878 1823 4947 iuexstinguibilis
1867 4894 2130 4937 auct-num

556 4966 882 5036 supplicium
925 4967 1148 5022 indicat.

626 5054 790 5112 Vens.
831 5058 917 5111 M.
953 5056 1188 5114 Joannes
1215 5060 1449 5128 primum
1488 5060 1675 5116 nolens
1697 5061 1975 5117 Christum
2012 5080 2040 5118 a
2073 5080 2132 5119 se

557 5150 843 5219 baptizari,
895 5160 1083 5221 postea
1132 5151 1459 5221 baptizavit;
1503 5154 1811 5208 obstinatus
1869 5156 2134 5210 immode-

555 5251 673 5294 rate
698 5256 805 5295 non
838 5239 958 5307 fuit,
990 5243 1083 5297 sed
1123 5253 1175 5298 ct
1215 5246 1590 5311 indignitatem
1627 5246 1883 5311 oszcndit,
1916 5259 1966 5299 et
2004 5248 2134 5302 obc-

557 5333 815 5389 dientiam
835 5336 1086 5404 praebuit.

625 5424 793 5481 Vens.
838 5426 923 5480 15.
954 5426 1111 5490 illud,
1150 5424 1277 5480 Sine
1318 5426 1492 5487 modo,
1520 5426 1808 5495 signiﬁcat,
1845 5424 1961 5480 Non
2009 5424 2133 5496 per;

556 5527 721 5587 peluo
756 5519 807 5571 in
843 5517 927 5571 his
963 5531 1049 5570 me
1085 5517 1315 5575 videbis.
1340 5518 1432 5569 scd
1466 5517 1673 5571 videbis
1699 5533 1785 5571 me
1809 5518 1861 5570 in
1892 5518 1975 5572 his
2009 5534 2131 5588 qua:

560 5611 736 5678 Cupis,
764 5610 984 5680 quando
1019 5610 1139 5678 ejus
1166 5609 1269 5663 erit
1302 5620 1537 5679 tempus.

630 5699 795 5752 Vens.
836 5698 921 5753 Ιϐ.
951 5699 1132 5764 Quare
1165 5699 1403 5767 Spiritus
1440 5701 1491 5753 in
1533 5701 1800 5754 columbae
1831 5701 2013 5769 specie
2045 5704 2127 5753 vi-

564 5790 922 5857 dctur?Quia
963 5794 1091 5848 mite
1129 5802 1207 5848 est
1238 5793 1439 5847 animal
1461 5803 1510 5848 ct
1544 5808 1759 5863 purum.
1793 5792 1927 5846 Cum
1967 5792 2131 5863 igitur

2239 565 2305 617 Ἦ
2340 566 2492 635 παρᾶ
2530 567 2623 620 τοῦ
2673 566 2810 621 Θεοῦ
2853 566 3118 638 Ελλαμψις
3162 569 3257 620 καὶ
3318 567 3379 619 τὸ
3422 566 3516 620 τοῦ
3573 568 3797 639 ἀστέρος

2229 657 2489 721 ἐξαίσιον.

2310 750 2377 802 Ἦ
2408 750 2622 820 σμύρνα
2669 750 2763 805 καὶ
2815 754 2842 805 ό
2881 750 3182 815 λιϐανωτὸς
3234 750 3383 821 δῶρα
3438 749 3571 803 Θεοῦ
3620 752 3795 804 είσιν’

2231 839 2311 893 ἔτι
2340 840 2397 893 δὲ
2420 842 2515 894 καὶ
2538 842 2637 910 τῆς
2676 840 2978 911 Ἰουδαϊκῆς
3006 839 3316 912 παχύτητος
3339 841 3529 912 πόρρω
3556 857 3570 871 ·
3596 843 3659 894 οὐ
3694 843 3797 911 γὰρ

2232 933 2483 1003 πρόϐατα
2512 935 2602 987 καὶ
2639 935 2769 1004 βόας
2803 934 3020 989 ἔθυσαν.

2301 1024 2398 1077 Διὰ
2425 1024 2479 1078 τί
2526 1025 2730 1095 ἀρτίως
2770 1026 2799 1080 ὁ
2855 1025 3086 1094 ἄγγελος
3138 1024 3285 1093 λέγει
3316 1040 3334 1057 ·
3371 1025 3682 1094 Παράσιαώ
3737 1027 3802 1079 τό

2232 1116 2475 1169 παιδίον
2514 1117 2613 1170 καὶ
2662 1118 2777 1185 τὴν
2816 1118 3047 1187 μητέρα
3098 1116 3307 1183 αὑτοῦ,
3342 1117 3432 1171 καὶ
3481 1118 3579 1171 οὐκ
3628 1113 3799 1181 εἶπεν,

2233 1208 2345 1277 Τὴν
2371 1208 2605 1276 γυναῖκά
2656 1226 2773 1274 σου,
2817 1209 2893 1271 ὡς
2945 1208 3249 1280 πρότερονς
3290 1207 3509 1278 Ἐπειδὴ
3548 1207 3712 1279 ἐλύθη
3764 1211 3797 1278 ἡ

2234 1298 2460 1367 ὑποψία,
2489 1298 2887 1369 καὶ’ὲπιστὼθη
2910 1300 2939 1352 ὁ
2978 1299 3205 1368 Ἰωσήφ.

2316 1388 2419 1452 Ἐξ
2434 1389 2741 1459 Αἰγύπτου
2761 1389 3029 1443 ἐκάλεσα
3053 1389 3161 1444 τὸν
3184 1390 3322 1445 υἱόν
3371 1407 3489 1454 μου
3513 1405 3527 1419 ·
3566 1391 3646 1455 εις
3676 1390 3801 1461 Χρι-

2236 1481 2359 1535 στόν
2392 1483 2539 1535 ἐστιν
2579 1498 2595 1513 ⁸
2628 1480 2760 1535 εἰδὲ
2815 1481 2910 1535 ἐπὶ
2958 1482 3059 1552 τῆς
3088 1480 3273 1548 ἐξόδου
3321 1480 3479 1535 τοῦτο
3534 1480 3801 1549 λέγουσιν,

2236 1573 2484 1645 εἴποιμεν
2545 1574 2627 1628 ὅτι
2683 1575 2779 1629 καὶ
2821 1572 2983 1627 τοῦτο
3020 1573 3359 1644 προφητείας
3386 1573 3551 1644 νόμος
3574 1574 3691 1628 ἐστὶ
3748 1575 3803 1628 τὸ

2236 1668 2499 1731 πολλάκις
2540 1667 2631 1722 ἐπ’
2672 1666 2852 1722 ἄλλων
2879 1665 3177 1738 λεγόμενον
3202 1665 3541 1737 πληροῦσθαι
3568 1664 3657 1733 ἐφ’
3698 1666 3805 1719 ἑτέ-

2242 1777 2352 1831 ρων
2389 1777 2402 1793 ·
2436 1755 2547 1813 οἷον
2570 1759 2631 1813 τὸ
2655 1759 2748 1813 ἐπὶ
2783 1758 2877 1813 τοῦ
2915 1757 3128 1829 Σιμεὼν
3149 1758 3358 1829 λεχθὲν,
3388 1758 3472 1811 ὄτι
3528 1756 3804 1827 Ampech

2243 1851 2485 1916 αὐτοὺς,
2522 1852 2742 1920 γέγονεν
2773 1852 2865 1905 ἐπὶ
2908 1850 3015 1904 τῶν
3047 1850 3291 1919 ἐκγόνων
3315 1867 3331 1882 ·
3361 1849 3455 1904 καί
3487 1850 3549 1903 τὸ
3581 1850 3676 1902 ἐπὶ
3718 1848 3806 1902 τοῦ

2244 1942 2466 1997 Χαναὰν
2489 1944 2639 2013 παρὰ
2676 1943 2771 1997 τοῦ
2793 1938 2918 1997 Νῶε
2942 1943 3155 2014 λεχθὲν,
3190 1944 3272 2006 είς
3312 1942 3441 2006 τοὺς
3466 1942 3808 2006 Γαϐαωνίτας

2244 2035 2368 2096 τοὺς
2404 2033 2659 2101 ἐκγόνους
2686 2034 2852 2089 αὐτοῦ
2885 2033 3045 2103 ἐξέϐη
3081 2050 3094 2065 °
3125 2034 3220 2089 xui.
3248 2031 3340 2099 ,τδ,
3393 2033 3581 2088 Γίνου
3616 2035 3810 2101 κύριος

2244 2125 2349 2180 τοῦ
2401 2125 2670 2195 ἀδελφοῦ
2732 2140 2872 2191 σου,
2928 2126 3022 2179 ἐπὶ
3080 2127 3209 2189 τοὺς
3272 2118 3574 2193 ἀπογόνους
3626 2125 3810 2178 τούτου

2244 2216 2427 2285 ἐξέϐη.

2317 2306 2410 2370 Τὸ,
2472 2305 2806 2375 Ναζωραῖος
2850 2304 3238 2374 κληθήσεται,
3278 2306 3429 2378 παρὰ
3456 2306 3552 2359 τοῦ
3584 2304 3810 2375 ἀγγέλου

2244 2398 2556 2469 εἰρημένον,
2582 2398 2920 2468 προφητικόν
2966 2398 3081 2450 ἐστι
3110 2412 3125 2427 ·
3157 2397 3263 2450 κᾶν
3311 2397 3410 2467 οὐχ
3454 2395 3685 2467 εὓρηται
3716 2394 3813 2447 ποῦ

2243 2486 2494 2541 λέλεκται
2521 2503 2537 2519 ο
2566 2488 2739 2541 πολλὰ
2764 2487 2873 2559 γὰρ
2901 2487 3010 2541 τῶν
3040 2487 3400 2558 προφητικῶν
3450 2486 3729 2557 ἠφανίσθη
3758 2487 3813 2539 ἐν

2242 2583 2311 2652 τῇ
2341 2580 2709 2652 αἰχμαλωσίᾳ.

2850 2724 3102 2781 ΚΕΦΔΔ.
3136 2724 3213 2780 1".

2317 2856 2391 2909 Τὸ
2430 2856 2608 2923 λέγειν
2644 2854 2739 2911 τὸν
2766 2855 3177 2924 εὖαγγελιστὴν,
3244 2853 3349 2908 Ἐν
3404 2852 3536 2920 ταῖς
3570 2854 3809 2923 ἡμέραις

2243 2949 2503 3013 ἐκείναις
2535 2946 2923 3016 παραγίνεται
2976 2949 3008 3000 d
3074 2945 3379 3013 Ἰωάννης,
3405 2946 3503 3015 οὐχ
3532 2946 3622 2998 ὅτε
3684 2945 3805 3007 παῖς

2242 3034 2312 3111 ἦν
2345 3042 2373 3094 ὁ
2401 3039 2637 3110 Χριστὸς
2675 3038 2833 3091 τοῦτο
2858 3038 3007 3108 λέγει
3039 3053 3051 3069 “
3092 3037 3229 3109 μετὰ
3252 3037 3360 3108 γὰρ
3389 3036 3486 3107 ἔτη
3521 3038 3809 3107 τριάκοντα

2244 3132 2415 3187 ἐλθεῖν
2444 3132 2538 3185 τὸν
2582 3131 2837 3201 Ἰωάννην
2860 3126 2890 3182 ό
2938 3131 3152 3193 Λουκᾶς
3185 3131 3456 3201 μαρτυρεῖ
3484 3143 3497 3157 ·
3550 3129 3668 3182 ἀλλ’
3699 3128 3809 3189 ἔθος

2243 3224 2518 3294 Γραφικὸν
2555 3222 2797 3275 τοιοῦτόν
2845 3222 2962 3273 ὲστι
3005 3220 3182 3284 τοῦτο,
3216 3220 3245 3272 δ
3275 3220 3367 3272 καὶ
3406 3221 3433 3272 ὁ
3473 3220 3708 3289 Χριστὸς
3736 3219 3810 3280 είς

2240 3317 2301 3369 τὸ
2339 3317 2465 3386 ὅρος
2512 3316 2625 3376 τοῖς
2662 3313 2931 3383 μαθηταῖς
2960 3313 3108 3380 λέγει
3152 3312 3280 3381 περὶ
3328 3315 3426 3381 τῆς
3456 3312 3807 3379 κατασκαφῆς

2240 3411 2339 3479 τῆς
2377 3408 2584 3468 πόλεως
2614 3422 2627 3437 ο
2658 3405 2750 3458 καὶ
2780 3404 2989 3475 μέλλων
3006 3402 3134 3474 περὶ
3167 3404 3262 3472 τῆς
3288 3403 3592 3465 συντελείας
3617 3402 3806 3471 λέγειν,

2240 3503 2510 3571 ἐπήγαγε,
2542 3500 2674 3551 Τότε
2714 3501 2780 3552 τὰ
2828 3498 2924 3551 καὶ
2956 3497 3026 3550 τὰ
3056 3495 3230 3549 ἔσται.
3259 3496 3693 3566 Τριακονταέτης
3727 3497 3808 3549 διὰ

2239 3594 2396 3646 τοῦτο
2429 3590 2770 3662 βαπτίζεται,
2802 3590 2891 3643 ἴνα
2924 3588 3129 3651 τέλειος
3178 3586 3275 3652 ὢν,
3306 3588 3584 3658 παραδοὺς
3612 3588 3683 3641 τὰ
3725 3588 3809 3640 τὲ-

2240 3684 2357 3737 λεια
2390 3684 2679 3754 πιστευθῇ.

2310 3777 2403 3839 Τὸ,
2436 3779 2719 3845 ’Ἤγγικεν
2756 3774 2795 3841 ἡ
2841 3774 3134 3839 βασιλεία
3183 3772 3300 3827 τῶν
3358 3771 3653 3843 οὐρανῶν,
3690 3771 3808 3838 περὶ

2238 3869 2339 3939 τῆς
2387 3870 2508 3921 τότε
2539 3868 2840 3936 παρουσίας
2862 3865 3029 3920 αὐτοῦ
3058 3865 3205 3934 λέγει
3237 3882 3249 3895 ·
3285 3864 3535 3935 βασιλεὺς
3566 3867 3675 3938 γὰρ
3716 3866 3799 3918 οὐ·

2243 3964 2423 4033 ράνιος
2456 3958 2544 4033 ἦν.

2310 4055 2417 4109 Τοῦ
2476 4051 2861 4123 εὐαγγελιστοῦ
2904 4051 3154 4119 λέγοντος
3184 4051 3451 4121 περὶτῶν
3498 4050 3802 4120 Φαρισαίων

2238 4148 2332 4201 καὶ
2360 4146 2469 4199 τῶν
2504 4145 2877 4199 Σαδδουκαίων
2899 4145 2976 4197 ὅτι
3003 4138 3209 4195 Ἦλθον
3235 4145 3313 4206 είς
3341 4144 3400 4195 τὸ
3453 4142 3803 4212 βαπτισθῆναι

2239 4240 2333 4292 ὑπ’
2364 4238 2550 4301 αὐτοῦ,
2585 4238 2703 4300 πῶς
2744 4238 2772 4289 ὀ
2802 4235 3036 4304 Χριστὸς
3069 4235 3214 4303 λέγει
3260 4235 3341 4287 ὅτι
3367 4235 3465 4287 οὐκ
3488 4234 3802 4287 ἐπίστευσαν

2251 4329 2511 4399 Ἰωάννῃ;
2549 4327 2672 4379 Ὀτι
2716 4327 2818 4379 οὐκ
2870 4321 2939 4395 ἦν
2979 4324 3138 4377 τοῦτο
3175 4324 3487 4390 πιστεῦσαι,
3514 4324 3575 4376 τὸ
3604 4327 3694 4376 τὸν
3717 4341 3805 4391 κη-

2242 4422 2570 4491 ρυττόμενον
2632 4419 2724 4472 ὑπ’
2786 4417 2951 4471 αὐτοῦ
3020 4417 3093 4486 μὴ
3153 4416 3447 4483 δέξασθαι·
3502 4414 3659 4469 εἶπεν
3706 4414 3802 4483 γὰρ

2159 4514 2208 4571 D
2235 4514 2459 4575 ἐκεῖνος·
2501 4510 2606 4566 Ἰδὲ
2633 4512 2666 4563 ό
2701 4509 2910 4579 Ἀμνὸς
2930 4507 3038 4562 τοῦ
3057 4508 3204 4563 Θεοῦ
3224 4512 3256 4563 ό
3278 4508 3462 4577 αἴρων
3497 4507 3611 4576 τὴν
3632 4509 3803 4575 ἁμαρ·

2239 4606 2375 4657 τίαν
2396 4603 2500 4657 τοῦ
2518 4604 2774 4671 κόσμου.

2314 4692 2396 4751 Οὗ
2412 4696 2478 4748 τό
2508 4695 2700 4749 πτύον
2721 4694 2792 4747 ἐν
2808 4691 2881 4761 τῇ
2907 4693 3059 4763 χειρὶ
3090 4692 3299 4757 αὐτοῦ,
3338 4694 3397 4745 τὶ
3420 4691 3613 4764 κριτὴν
3652 4690 3800 4746 αὐτὸν

2240 4778 2380 4835 εἶναι
2418 4782 2693 4851 σημαίνει,
2729 4782 3127 4851 διαχωρίζοντα
3151 4782 3277 4844 τοὺς
3300 4782 3543 4843 δικαίους
3567 4781 3663 4833 καὶ
3687 4778 3801 4837 τοὺς

2240 4874 2598 4945 ἁμαρτωλούς
2630 4891 2645 4907 ο
2677 4875 2788 4945 πῦρ
2821 4872 2879 4926 δὲ
2912 4873 3198 4938 ἄσϐεστον,
3222 4874 3320 4943 τὴν
3351 4873 3619 4928 ἀθάνατον
3644 4888 3801 4939 τιμω-

2241 4968 2365 5036 ρίαν
2394 4964 2563 5032 λέγει.

2322 5057 2575 5126 Ἰωάννης
2622 5056 2890 5127 πρότερον
2938 5054 3252 5109 διακωλύων
3299 5053 3390 5107 τον
3440 5052 3671 5124 Χριστὸν
3718 5050 3801 5117 βα-

2240 5150 2535 5220 πτισθῆναι
2565 5149 2656 5202 ὑπ’
2693 5150 2883 5214 αὐτοῦ,
2946 5150 3174 5219 ὕστερον
3217 5148 3513 5200 ἐϐάπτισεν
3541 5163 3558 5177 ⁸
3594 5146 3692 5197 οὐκ
3740 5139 3801 5212 ἦν

2239 5243 2495 5311 ἀμέτρως
2517 5242 2838 5310 φιλόνεικος,
2871 5240 3008 5294 ἀλλὰ
3029 5240 3205 5294 καὶτὸ
3244 5239 3465 5305 ἀνάξιον
3492 5237 3679 5303 ἔδειξε,
3714 5234 3800 5287 καὶ

2239 5335 2335 5401 τὴν
2360 5333 2608 5403 ὑπακοὴν
2634 5332 2901 5385 ἐτέλεσεν.

2310 5422 2404 5484 Τὸ,
2450 5423 2623 5490 Ἄφες
2659 5421 2811 5489 ἄρτι,
2831 5421 3001 5492 δηλοῖ,
3040 5422 3122 5473 ὅτι
3156 5420 3231 5473 Οὐ
3284 5418 3545 5490 διηνεκῶς
3585 5420 3641 5469 ἐν
3685 5413 3798 5468 τού-

2238 5531 2351 5576 τοις
2372 5531 2437 5583 με
2478 5514 2619 5582 ὄψει,
2644 5513 2758 5566 ἀλλ’
2788 5513 2907 5581 όψει
2938 5530 3004 5583 με
3038 5516 3096 5566 ἐν
3130 5508 3211 5577 οἷς
3236 5512 3545 5581 ἐπιθυμεῖς,
3578 5511 3663 5562 ὅτε
3688 5504 3801 5560 τού·-

2238 5623 2332 5658 του
2352 5606 2565 5676 καιρός.

2311 5700 2409 5750 Δία
2448 5699 2500 5750 τί
2537 5698 2599 5751 τὸ
2630 5698 2853 5767 Πνεῦμα
2888 5698 2945 5749 ἐν
2976 5695 3110 5749 εἴδει
3150 5696 3481 5766 περιστερᾶς
3530 5696 3794 5763 φαίνεται;

2242 5797 2362 5847 "0::
2395 5795 2600 5865 ἥμερον
2628 5793 2685 5846 τὸ
2716 5794 2851 5857 ζῶον
2882 5794 2972 5847 καὶ
3008 5791 3245 5861 καθαρόν
3270 5807 3281 5818 ·
3313 5792 3431 5843 ἐπεὶ
3461 5789 3550 5843 οὖν
3576 5790 3629 5843 τὺ
3659 5789 3799 5843 ἆνιον
