4026 6434
285 389 426 454 1085
1277 381 1598 443 SCHOLIA
1633 381 1928 443 VETERA
1971 382 2054 444 IN
2095 382 2570 444 MATTHJEUM.
3403 376 3540 441 1086

287 503 520 573 Πνεῦμα
581 496 892 570 πραότητός
943 498 1062 550 ἐστι
1109 494 1351 566 πνεῦμα,
1385 495 1477 549 διά
1513 497 1672 548 τοῦτο
1723 496 1907 558 οὕτω,

2016 508 2198 554 metus
2263 498 2504 568 Spiritus
2537 493 2978 550 mansuetudinis
3005 501 3091 550 est
3138 491 3384 562 spiritus,
3421 494 3542 548 ideo

281 595 534 664 φαίνεται
570 609 584 624 ·
619 592 714 646 καὶ
743 591 831 646 διά
859 590 919 644 τδ
968 587 1422 656 εὐαγγελίσασθαι
1451 586 1550 659 τὴν
1604 589 1863 656 Περιστε-

2016 594 2090 647 lis
2114 592 2361 656 videtur,
2403 601 2457 646 et
2485 591 2615 659 quia
2653 588 2926 644 nuntiarit
2963 587 3218 642 columba
3252 585 3414 639 ﬁnem
3457 585 3545 639 di—

283 689 390 758 piv
419 687 518 756 τὴν
539 684 693 738 λύσιν
715 683 806 738 τοῦ
829 682 1218 754 κατακλυσμοῦ
1246 697 1260 712 ο
1300 681 1396 734 καί¹
1425 680 1534 751 γάρ
1559 680 1619 733 τὸ
1643 678 1864 749 πνεῦμα

2016 685 2128 750 lvii;
2163 685 2363 740 etenim
2397 683 2634 753 Spiritus
2667 680 2824 735 nobis
2855 679 3124 734 malorum
3151 677 3316 731 linem
3340 677 3543 731 attulit.

283 781 441 833 Λύσιν
467 779 575 832 τῶν
599 778 785 832 κακῶν
807 779 941 848 ἡμῖν
993 777 1170 848 ἤγαγε
1206 791 1223 808 ο
1253 774 1544 843 γινώσκειν
1575 773 1630 826 δὲ
1675 773 1755 826 δεῖ
1781 774 1866 826 ὅτι

2016 791 2308 847 agnoscere
2328 792 2394 830 an
2405 785 2506 830 tem
2528 781 2744 844 oportet
2775 787 2882 826 nou
2912 780 3186 834 naturam,
3206 768 3298 824 sed
3323 769 3547 837 speciem

282 873 370 936 οὐ,
389 871 576 934 Φύσει,
611 867 790 934 εἶπεν,
819 869 957 934 ἀλλ’,
991 870 1092 923 Ἐν
1118 865 1263 922 εἴδει
1291 864 1670 935 περιστερᾶς,
1695 866 1781 919 διὰ
1806 865 1868 918 τὸ

2016 869 2229 924 Humbre
2263 867 2490 930 dixisse,
2530 864 2674 936 quod
2697 865 2882 933 rapide
2915 871 2969 917 et
2999 859 3282 930 splendide
3315 858 3546 913 descen-

288 962 561 1032 ραγδαίως
587 961 682 1014 καὶ
709 959 985 1030 φωτεινῶς
1034 959 1460 1029 κατεληλυθέναι
1490 973 1504 987 ·
1527 960 1585 1010 ὲν
1614 957 1744 1010 εῖδει
1765 955 1860 1010 οὖν

2016 964 2079 1029 lt;
2111 961 2166 1016 in
2200 963 2382 1031 specie
2404 961 2570 1030 igitur
2627 957 2891 1012 columbae
2937 955 3234 1010 descensus
3275 951 3400 1018 fuit,
3435 965 3542 1004 non

287 1055 678 1128 περιστερὶςὴ
712 1052 1032 1118 κατάϐασις,
1063 1052 1177 1106 ἀλλ’
1241 1051 1362 1120 ούχὶ
1385 1049 1565 1120 μορφὴ
1599 1047 1740 1112 ζώου

2016 1063 2154 1108 utcm
2181 1053 2440 1109 animalis
2475 1050 2676 1105 forma.

363 1145 460 1198 Διά
483 1145 642 1198 τοῦτο
668 1144 850 1213 ἔμεινε
898 1144 960 1196 τὸ
989 1143 1216 1213 Πνεῦμα
1239 1143 1332 1194 ἐπὶ
1373 1141 1464 1194 τὸν
1498 1140 1753 1211 Χριστὸν,
1785 1139 1874 1194 ἵνα

2043 1144 2126 1200 0b
2149 1145 2252 1199 hoc
2285 1143 2484 1198 mansit
2540 1141 2776 1210 Spiritus
2812 1154 2977 1208 super
3013 1137 3314 1194 Christum.
3343 1142 3404 1188 ut
3459 1147 3551 1185 vn-

291 1239 330 1306 ἡ
357 1235 562 1290 ἄνωθεν
591 1236 746 1303 φωνὴ
781 1233 908 1304 περί
932 1231 1122 1285 τούτου
1163 1227 1418 1302 νομισθῇ,
1450 1228 1586 1282 ἀλλὰ
1627 1227 1702 1298 μὴ
1731 1226 1862 1298 περὶ

309 1329 578 1384 Ἰωάννου.

2016 1253 2092 1290 em
2125 1237 2192 1290 de
2236 1235 2374 1289 cmlo
2407 1234 2472 1288 ad
2523 1233 2675 1286 illum
2705 1233 2968 1286 directum
3001 1230 3330 1299 putaverint,
3357 1221 3546 1279 etnon

2016 1327 2042 1381 d
2064 1325 2355 1380 Joannem.
2491 1361 2500 1372 .

353 1329 578 1384 ωάννου.

2016 1327 2042 1381 d
2064 1325 2355 1380 Joannem.

921 1433 1178 1488 ΚΕΦΑΛ.
1205 1429 1276 1485 Δ’.

2583 1431 2808 1487 CAPUT
2860 1427 2951 1484 IV.

377 1547 515 1602 Τότε
549 1539 806 1614 ἀνήχθη,
837 1542 1024 1612 φησὶν,
1065 1540 1185 1596 ὑπὸ
1215 1539 1321 1594 τοῦ
1352 1539 1699 1607 "redunco;-
1749 1549 1878 1590 πει-

2053 1537 2216 1595 Vsns.
2251 1538 2302 1593 1.
2339 1535 2485 1590 Tunc
2501 1535 2688 1589 ductus
2716 1545 2814 1598 est,
2841 1534 3044 1603 ἰιιτιυὶι,
3071 1549 3102 1586 a
3135 1533 3327 1601 spiritu
3359 1535 3414 1584 ut
3435 1539 3548 1585 ten-

293 1637 602 1709 ρασθῆναι
624 1652 637 1666 ⁸
672 1635 778 1688 ὑπὸ
805 1633 898 1686 τοῦ
935 1631 1095 1701 ἁγίου
1129 1631 1447 1702 Πνεύματος
1473 1632 1623 1700 λέγει
1653 1645 1670 1663 ·
1712 1631 1878 1682 πάλιν

2016 1648 2210 1700 eretur,
2237 1633 2289 1689 id
2348 1641 2434 1688 est
2471 1647 2499 1686 a
2548 1640 2739 1687 sancto
2773 1627 3001 1699 Spiritu.
3033 1629 3232 1682 lterum
3270 1641 3373 1678 vox
3408 1634 3552 1687 tunc,

301 1735 386 1793 τὸ,
413 1731 568 1794 τότε,
597 1729 696 1782 οὐκ
725 1725 888 1790 εὐθὺς
921 1723 1282 1796 λαμϐάνεται,
1315 1722 1430 1777 ἀλλ’
1457 1723 1580 1777 ἀντὶ
1619 1721 1736 1787 τοῦ,
1767 1721 1879 1783 τοῖς

2023 1743 2091 1783 on
2121 1724 2408 1782 confestim
2441 1721 2733 1794 significat,
2765 1719 2862 1777 sed
2911 1733 3032 1790 pro,
3065 1717 3172 1773 illis
3198 1713 3554 1785 temporibus,

303 1824 523 1892 καιροῖς
546 1819 790 1881 ἐκείνοις.

2019 1821 2244 1876 umitur.

380 1913 700 1986 Πειράζεται
724 1910 816 1965 καὶ
853 1911 932 1974 εἰς
965 1909 1169 1979 ἔρημον
1198 1907 1455 1976 ἀνάγεται
1482 1904 1578 1960 καὶ
1609 1901 1880 1976 νηστεύει,

303 2006 482 2068 διδοὺς
528 2004 695 2057 τύπον
722 2003 856 2074 ἡμῖν
901 2004 1154 2074 νηστείας
1197 2002 1292 2056 καὶ
1347 2001 1626 2072 ὑπομονῆς
1687 2015 1883 2070 πειρα-

313 2099 500 2170 σμῶν.

384 2190 552 2243 Πόθεν
579 2189 728 2258 λέγει
753 2189 992 2252 ἀκούσας
1009 2189 1036 2242 ὁ
1068 2186 1316 2250 διάϐολος
1339 2187 1420 2250 τὺ,
1445 2187 1514 2239 Ei.
1548 2187 1683 2251 Υἱὸς
1703 2181 1759 2240 εἳ
1777 2184 1885 2240 τοῦ

311 2282 500 2348 Θεοῦ;
530 2283 623 2336 καὶ
669 2282 766 2351 τῆς
813 2280 1024 2335 ἄνωθεν
1062 2281 1248 2348 φωνῆς
1277 2279 1477 2349 ἢκουσε
1505 2279 1598 2332 τοῦ
1639 2278 1886 2332 Ἰωάννου

309 2373 471 2427 τοῦτο
499 2373 752 2440 λέγοντος
785 2388 799 2403 ο
827 2372 876 2422 εί
909 2371 965 2423 δὲ
1013 2367 1332 2438 ἀμφέϐαλλε
1379 2367 1614 2437 πότερον
1657 2368 1706 2419 εἰ
1741 2365 1890 2420 ἔστιν

312 2465 445 2528 Υἱὸς
481 2461 574 2517 τοῦ
614 2462 749 2516 Θεοῦ
777 2461 809 2532 ἢ
849 2461 949 2514 οὐκ
978 2459 1146 2522 ἔστιν,
1182 2458 1269 2512 διά
1298 2457 1357 2510 τὸ
1389 2457 1643 2528 πεινῆσαι
1694 2455 1792 2508 καὶ
1823 2454 1890 2508 τὰ

311 2557 416 2626 τῆς
443 2553 760 2624 σωματικῆς
796 2550 1057 2620 ένδημίας
1077 2548 1362 2617 πράττειν.

389 2647 496 2702 Τοῦ
525 2647 710 2700 Λουκᾶ
743 2645 997 2714 λέγοντος
1017 2643 1098 2696 ὃτι
1127 2641 1306 2696 πάντα
1344 2639 1654 2710 πειρασμὸν
1707 2637 1892 2709 ὲκίνη-

315 2755 432 2806 σεν,
462 2741 744 2810 νοήσωμεν
771 2736 851 2802 ὡς
894 2735 965 2791 τὰ
1012 2735 1284 2803 κεφάλαια
1317 2734 1426 2786 τῶν
1456 2731 1780 2804 πειρασμῶν
1813 2749 1897 2786 κι-

317 2836 605 2904 νήσαντος,
645 2829 818 2893 οὕτως
850 2827 1004 2883 εἶπεν
1041 2844 1056 2858 ·
1087 2826 1158 2880 τά
1187 2827 1298 2896 γάρ
1327 2827 1546 2896 χείρονα
1571 2823 1680 2877 τῶν
1713 2827 1895 2894 ἁμαρ-

316 2925 576 2996 τημάτων
607 2922 1020 2994 γαστριμαργία
1047 2919 1164 2974 ἐστὶ
1192 2921 1286 2973 καὶ
1324 2917 1598 2985 κενοδοξία
1615 2919 1706 2972 καὶ
1724 2917 1899 2987 ἀπλη-

321 3016 447 3070 στία
471 3017 796 3087 χρημάτων.

392 3109 491 3162 Διά
519 3107 678 3161 τοῦτο
708 3105 944 3168 ἀκούσας
974 3104 1002 3157 ὁ
1069 3102 1280 3175 Ἰησοῦς
1310 3103 1393 3156 ὅτι
1456 3101 1710 3172 Ἰωάννης
1763 3115 1898 3171 παρ-

2053 1909 2396 1970 Tentatur,et
2423 1904 2477 1959 in
2499 1903 2773 1958 desertum
2802 1900 3113 1967 ducitur,ct
3137 1899 3370 1970 jejunat,
3403 1896 3561 1951 nobis

1984 2003 2232 2075 praebens
2275 1995 2585 2066 exemplum
2615 1993 2810 2064 jejunii
2853 2001 2905 2048 ct
2945 1991 3303 2046 tentationum
3343 1989 3558 2058 patien-

1987 2096 2096 2150 tite.

2061 2185 2228 2241 Vens.
2288 2185 2339 2238 ’5.
2371 2181 2552 2249 Quare
2589 2178 2758 2240 dicit,
2793 2191 2916 2231 cum
2976 2173 3231 2238 audierit,
3262 2169 3511 2226 diabolus
3543 2186 3562 2225 :

1991 2275 2054 2333 Si
2081 2275 2256 2329 Filius
2297 2273 2389 2326 Dei
2424 2287 2476 2325 es
2496 2273 2521 2326 .9
2542 2279 2594 2324 et
2625 2283 2813 2322 vocem
2845 2265 3018 2319 audiit
3072 2279 3102 2318 e
3150 2263 3303 2316 cwlis
3333 2259 3566 2315 Joannis

1991 2369 2122 2424 illud
2156 2365 2418 2430 dicentis;
2451 2361 2552 2415 etsi
2599 2373 2726 2414 vero
2764 2357 2976 2412 dubitet
3024 2371 3092 2410 an
3143 2351 3316 2407 Filius
3366 2351 3436 2404 sit
3472 2351 3566 2404 Dei

1993 2473 2184 2523 necne,
2213 2463 2435 2526 propter
2459 2451 2603 2523 quod
2628 2451 2799 2506 esurit
2815 2457 2869 2504 et
2885 2445 3197 2516 corporales
3215 2443 3568 2498 necessitates

1993 2551 2296 2619 experitur.

2064 2640 2228 2696 Vens.
2263 2640 2316 2693 4.
2359 2637 2506 2692 Luca
2542 2633 2759 2688 dicente
2790 2627 2936 2701 quod
2966 2642 3180 2682 omnem
3212 2622 3568 2679 tentationem

1996 2740 2458 2796 consummasset,
2492 2725 2904 2796 intelligendum
2938 2735 3020 2777 est
3037 2721 3188 2775 illum
3222 2719 3290 2772 de
3315 2733 3572 2772 consum-

1998 2826 2237 2881 matione
2275 2823 2671 2894 prmoipuarum
2697 2817 3060 2872 tentationum
3083 2814 3156 2867 ita
3185 2812 3572 2876 dixisse;nam

1999 2917 2238 2988 pessima
2269 2921 2616 2984 peccatorum
2636 2920 2765 2966 sunt
2793 2909 2941 2980 gula,
2961 2922 3101 2960 vana
3131 2906 3324 2976 gloria,
3347 2914 3401 2958 et
3425 2903 3578 2957 inex-

2001 3007 2144 3078 pleta
2173 3005 2469 3074 cupiditas.

2073 3097 2244 3152 Vens.
2279 3095 2364 3149 12.
2399 3093 2522 3149 ldeo
2552 3091 2780 3146 audiens
2805 3087 2960 3144 Jcsus
2989 3086 3254 3143 Joannem
3299 3083 3560 3138 traditum

318 3200 500 3272 εδόθη,
525 3199 874 3271 ἀνεχώρησεν
890 3201 968 3261 εἰς
989 3199 1088 3267 τὴν
1121 3173 1435 3258 Ῠαλιλαίαν,
1459 3196 1607 3266 ἡμᾶς
1631 3192 1898 3247 παιδεύων

2016 3205 2144 3256 esse,
2181 3187 2412 3245 secessit
2451 3187 2504 3238 in
2545 3183 2842 3243 Galilaeam.
2865 3189 2922 3234 ut
2957 3196 3056 3234 nos
3076 3179 3296 3233 doceret
3326 3173 3580 3229 tentatio-

321 3294 550 3363 φεύγειν
578 3293 704 3354 τοὺς
733 3288 1106 3362 ιπειρασμούς
1133 3303 1148 3320 ο
1185 3287 1246 3341 ού
1279 3287 1388 3356 γάρ
1435 3285 1690 3355 ἔγκλημα
1721 3285 1782 3336 τὺ
1823 3284 1899 3354 μὴ

323 3387 538 3458 ῥίπτειν
560 3382 750 3437 ἑαυτὸν
785 3382 868 3446 εἰς
913 3380 1278 3451 πειρασμοὺς,
1299 3377 1436 3432 ἀλλὰ
1491 3377 1560 3429 eo
1591 3375 1901 3446 ἐμπεσόντα

324 3481 403 3550 μὴ
442 3477 634 3547 στῆναι
675 3475 938 3545 γενναίως
975 3489 992 3506 ο
1024 3471 1107 3525 ἑτι
1137 3471 1196 3525 δὲ
1219 3471 1314 3524 καὶ
1363 3469 1491 3532 τοὺς
1525 3467 1887 3529 διδασκάλους

319 3572 425 3641 τῆς
471 3569 798 3639 οἰκουμένης
852 3565 1131 3636 ζωγρῆσαι
1172 3561 1438 3628 σπεύδων,
1475 3560 1524 3614 οἳ
1583 3559 1764 3612 ἐκεῖσε
1823 3558 1903 3612 δι-

323 3657 540 3728 έτριϐον
562 3675 576 3690 ο
598 3656 750 3710 ἔτιδὲ
772 3655 864 3708 καὶ
883 3649 1219 3724 προφητείαν
1240 3651 1478 3719 πληρῶνο
1497 3650 1559 3706 Ἡ
1583 3649 1903 3712 Γαλιλαία,

323 3756 482 3826 φησί,
508 3753 626 3808 τῶν
651 3749 865 3818 ἐθνῶν,
897 3751 930 3804 ό
957 3746 1112 3815 λαὸς
1144 3750 1178 3802 ό
1207 3744 1546 3814 καθήμενος
1579 3743 1650 3797 ἐν
1677 3742 1903 3808 σκότει,

325 3847 498 3904 ιδέτω
526 3841 653 3915 φῶς

399 3938 607 4009 Πέτρου
639 3935 732 3990 καὶ
774 3933 1026 4005 Ἀνδρέου
1040 3931 1235 4002 κλῆσις
1257 3929 1486 4001 δευτέρα
1512 3923 1582 4000 ἧν
1611 3929 1678 4000 ἣν
1709 3928 1908 3982 oblat-

328 4035 481 4098 θαῖος
505 4034 655 4102 λέγει
681 4045 695 4060 ⁸
721 4033 750 4086 ὁ
781 4031 880 4102 μὲν
911 4029 1022 4099 γάρ
1069 4026 1324 4096 Ἰωάννης
1366 4025 1553 4094 φησὶν,
1604 4023 1687 4076 ὅτι
1738 4020 1908 4074 Οὔπω

331 4129 621 4202 βληθέντος
650 4129 708 4180 ὲν
738 4128 802 4197 τῇ
835 4124 1050 4196 φυλακῇ
1096 4119 1190 4175 τοῦ
1229 4119 1478 4172 Ἰωάννου
1541 4113 1852 4189 προσῆλθον
1889 4130 1904 4146 ·

330 4225 570 4282 ἐνταῦθα
596 4223 652 4276 δὲ
682 4221 820 4293 μετὰ
843 4219 904 4272 τὸ
953 4216 1289 4289 ἐμϐληθῆναι
1325 4213 1486 4268 αὐτόν
1520 4229 1535 4245 ·
1573 4211 1733 4265 κακεῖ
1766 4207 1912 4279 μὲνὸ

340 4318 602 4389 Ἀνδρέας
619 4315 774 4371 καλεί
791 4316 882 4368 τὸν
907 4313 1134 4386 Πέτρον,
1163 4307 1397 4364 ἐνταῦθα
1426 4307 1486 4362 δὲ
1516 4303 1861 4378 ἀμφοτέρους
1883 4303 1912 4356 ὁ

330 4411 567 4483 Χριστός
601 4423 620 4441 ⁶
647 4409 788 4462 ὥστε
823 4405 1076 4477 δεύτερον
1100 4399 1264 4476 ἦλθον
1326 4400 1464 4472 πρὸς
1504 4395 1762 4470 Χριστόν.
1813 4394 1914 4450 Διὰ

331 4507 388 4560 τί
413 4507 554 4578 μετὰ
586 4506 687 4576 τὴν
726 4501 951 4573 πρώτην
980 4499 1196 4571 κλῆσιν,
1227 4496 1308 4560 εἰς
1330 4495 1430 4568 τὴν
1477 4493 1684 4582 οἰκείαν
1713 4491 1909 4561 τέχνην
1939 4523 1990 4582 D

335 4593 640 4666 ἐπανῆλθον
671 4593 859 4658 πάλιν;
889 4589 988 4644 Διὰ
1007 4587 1069 4644 τὸ
1091 4588 1184 4642 τὸν
1225 4585 1476 4655 Ἰωάννην
1505 4583 1584 4645 εἰς
1628 4579 1913 4649 δεσμωτή-

339 4701 457 4759 ριον
502 4665 762 4737 εἰσελθεῖν
793 4699 809 4718 ο
864 4679 998 4745 τέως
1053 4676 1416 4748 συγχυθέντες
1469 4669 1768 4742 εἴρχθησαν
1817 4665 1914 4720 τοῦ

345 4795 578 4832 σκοπου.

424 4867 512 4922 Ἐν
537 4867 655 4930 ταῖς
694 4864 940 4936 πρώταις
963 4833 1282 4935 θεραπείαις
1309 4855 1422 4914 τῶν
1440 4857 1616 4929 ὄχλων
1645 4853 1733 4909 διὰ
1760 4853 1819 4908 τὸ
1844 4851 1920 4924 μὴ

343 4962 540 5029 πεῖραν
562 4957 851 5011 δεδωκέναι
879 4957 978 5026 τῆς
1001 4953 1166 5007 αὐτοῦ
1207 4951 1492 5021 δυνάμεως
1520 4963 1534 4979 ’
1568 4947 1742 5010 άλλως
1780 4961 1840 4998 τε
1863 4945 1920 4998 δὲ

344 5051 439 5104 καὶ
467 5049 528 5103 τὸ
556 5048 746 5118 πόρρω
771 5046 968 5110 αὐτοὺς
1001 5043 1258 5115 ἔρχεσθαι
1288 5041 1528 5096 ἐδείκνυε
1567 5039 1666 5111 τὴν
1701 5035 1912 5090 πίστιν.

943 5151 1196 5208 ΚΕΦΑΛ.
1239 5149 1320 5205 E'.

429 5273 574 5339 Τοὺς
601 5271 825 5340 ὄχλους
850 5267 992 5322 ἰδὼν
1016 5265 1199 5332 ἀνέϐη
1211 5265 1298 5329 εἰς
1315 5265 1388 5317 τὰ
1417 5263 1544 5331 ὄρη.
1581 5262 1677 5315 Διά
1705 5261 1790 5326 ei;
1825 5255 1928 5313 Διά

348 5367 411 5418 τὸ
430 5363 752 5433 ἀφιλότιμον
786 5359 878 5413 καὶ
901 5355 1254 5427 ἅκόμπαστον
1283 5351 1553 5405 παιδεύων
1576 5349 1725 5420 ἡμᾶς
1757 5347 1924 5420 μηδὲν

349 5457 486 5528 πρὸς
516 5454 775 5518 ἐπίδειξιν
803 5453 998 5506 ποιεῖν.

419 5549 519 5604 Διὰ
544 5548 600 5602 τί
625 5547 968 5618 πρόσκειται,
993 5545 1076 5597 ὅτι
1118 5539 1391 5605 Ἀνοίξας
1407 5537 1473 5592 τὸ
1510 5537 1706 5605 στόμα
1743 5532 1926 5588 αὐτοῦ

350 5641 680 5696 ἐδίδασκεν
704 5637 963 5704 aurove;
1003 5636 1122 5688 "Ivat
1169 5631 1430 5703 μάθωμεν
1480 5631 1562 5683 ὅτι
1616 5628 1709 5682 καὶ
1760 5625 1929 5694 σιγῶν

351 5732 636 5786 ἐπαίδευεν
665 5733 884 5795 αὐτοὺς,
915 5729 1028 5783 ἀλλ’
1057 5727 1118 5780 ού
1147 5725 1324 5780 λαλῶν
1355 5723 1535 5789 μόνον.

431 5827 545 5879 Οὐκ
579 5828 634 5878 ἐν
667 5825 816 5892 τάξει
870 5821 1246 5893 παραινέσεως
1277 5817 1314 5888 ἦ.
1351 5813 1659 5888 συμϐουλῆς
1711 5810 1928 5878 εἰσάγει

2003 3297 2100 3338 nes
2141 3281 2348 3349 fugere.
2393 3276 2510 3331 Non
2560 3275 2707 3329 enim
2751 3273 2908 3342 culpa
2957 3281 3042 3325 est
3093 3267 3334 3337 scipsum
3366 3279 3474 3319 non
3521 3261 3580 3318 in

2005 3373 2335 3428 tentationes
2393 3365 2688 3434 conjicere,
2717 3363 2812 3418 sed
2843 3361 2931 3414 ubi
2964 3359 3226 3415 inciditur
3289 3370 3400 3409 non
3436 3363 3584 3410 stare

2003 3464 2255 3520 viriliter.
2287 3459 2480 3514 Adhuc
2521 3465 2700 3511 autem
2731 3453 3024 3522 magistros
3049 3451 3197 3504 orbis
3227 3449 3320 3518 qui
3363 3447 3454 3500 hic
3489 3446 3586 3499 de-

2004 3555 2227 3626 gebant,
2259 3551 2324 3605 ad
2356 3565 2415 3604 se
2438 3545 2709 3602 adducere
2737 3559 2939 3598 curans
2969 3559 2986 3608 ;
3033 3539 3370 3610 prophetiam
3419 3534 3581 3590 etiam

2006 3625 2266 3714 implebat
2294 3658 2308 3694 :
2343 3637 2593 3701 Galilaza,
2622 3633 2823 3704 inquit,
2855 3632 3108 3702 gentium,
3144 3625 3368 3697 populus
3393 3625 3482 3695 qui
3505 3637 3584 3677 se-

2006 3739 2160 3792 debat
2193 3737 2248 3791 in
2284 3733 2533 3798 tenebris,
2563 3729 2692 3783 vidit
2721 3727 2889 3782 lucem
2915 3737 3185 3795 magnam.

2079 3925 2246 3982 Vens.
2281 3925 2386 3978 19..
2419 3919 2561 3977 Petri
2591 3929 2643 3974 et
2669 3917 2904 3972 Andreas
2936 3910 3150 3966 rocatio
3197 3907 3440 3965 secunda
3487 3901 3596 3961 fuit

2011 4035 2173 4091 quam
2235 4015 2522 4071 Matthaeus
2579 4011 2730 4065 dicit.
2766 4009 2902 4063 Nam
2942 4006 3188 4062 Joannes
3239 4007 3430 4056 narrat
3496 4010 3598 4052 eos

2009 4107 2253 4162 nomium
2291 4103 2344 4156 in
2383 4113 2654 4155 carcerem
2699 4112 2868 4152 misso
2923 4093 3132 4150 Joanne
3158 4097 3375 4148 secutos
3434 4100 3594 4154 esse;

2013 4200 2102 4254 hic
2125 4205 2306 4251 autem
2330 4201 2452 4263 post
2472 4191 2620 4245 illius
2650 4203 2930 4244 carcerem
2961 4188 3182 4241 dicitur.
3217 4182 3334 4238 Illic
3369 4177 3594 4250 quidem

2011 4291 2256 4347 Andreas
2311 4287 2532 4342 Petrum
2587 4291 2765 4348 vocat,
2817 4281 2905 4336 hic
2961 4289 3143 4334 autem
3194 4275 3388 4330 ambos
3433 4278 3596 4326 vocat

2013 4385 2286 4448 lihristus,
2337 4379 2417 4450 ita
2469 4385 2529 4431 ut
2579 4373 2823 4430 secundo
2870 4373 2938 4428 ad
2982 4371 3263 4426 Christum
3321 4364 3598 4420 venerint.

2015 4477 2146 4540 Cur,
2160 4481 2282 4544 post
2307 4471 2537 4541 primam
2567 4466 2932 4532 vocationem,
2966 4463 3031 4518 ad
3063 4475 3214 4517 suam
3250 4468 3419 4514 artem
3438 4469 3600 4510 exer-

2017 4567 2241 4625 cendam
2273 4562 2474 4619 reversi
2511 4569 2640 4617 sunt
2668 4557 2902 4614 iterum?
2929 4556 3066 4622 Quia
3105 4552 3345 4608 Joannes
3403 4551 3456 4604 in
3499 4561 3600 4602 cu«

2019 4661 2250 4718 stodiam
2281 4656 2558 4725 coniectus
2585 4653 2786 4714 fuerat,
2827 4659 2958 4705 tunc
2985 4643 3302 4703 conturbati
3337 4659 3364 4695 a
3393 4652 3600 4711 propo-

2019 4753 2125 4809 sito
2147 4747 2387 4805 deterriti
2418 4752 2596 4802 erant.

2089 4839 2257 4896 Vsus.
2287 4839 2379 4894 23.
2431 4837 2490 4892 ln
2543 4835 2735 4908 primis
2771 4833 3054 4888 turbarum
3105 4825 3508 4887 sanationibus,
3531 4835 3604 4877 ne

2023 4939 2278 5008 probaret
2305 4948 2464 4991 suam
2488 4931 2828 5003 pctentiam;
2862 4927 3022 4981 aliter
3078 4932 3262 4978 autem
3323 4919 3402 4973 illi
3470 4927 3600 4970 cum

2024 5031 2182 5099 longe
2212 5038 2573 5099 sequerentur
2599 5025 2760 5078 [idem
2797 5017 3184 5074 ostendebant.

2656 5125 2884 5184 CAPUT
2917 5123 2980 5178 ν.

2096 5249 2262 5305 Vsus.
2300 5249 2349 5301 i.
2373 5246 2562 5298 Videtis
2588 5241 2768 5295 turbas
2785 5236 3018 5292 ascendit
3035 5235 3090 5287 in
3116 5239 3362 5284 montem.
3385 5223 3606 5292 Quare?

2029 5343 2100 5397 Ut
2129 5357 2222 5413 per
2244 5341 2387 5394 hanc
2417 5336 2595 5390 laudis
2631 5343 2684 5387 et
2713 5328 2983 5385 facundiae
2999 5325 3321 5394 despectum
3375 5319 3596 5372 doceret

2030 5450 2132 5488 nos
2157 5431 2290 5486 nihil
2319 5431 2383 5483 ad
2417 5423 2842 5482 ostentationem
2871 5417 3074 5474 facere.

2101 5525 2266 5580 Vsus.
2297 5526 2352 5576 ‘2.
2376 5521 2486 5576 Cur
2523 5517 2762 5578 additur,
2807 5511 3052 5578 Aperiens
3100 5521 3156 5559 os
3195 5517 3351 5557 suum
3391 5496 3606 5550 docebat

2029 5619 2148 5674 eos?
2169 5617 2236 5672 Ut
2261 5615 2540 5670 discamus
2558 5609 2638 5664 vel
2669 5607 2918 5662 silentem
2944 5602 3066 5656 illos
3105 5594 3380 5658 docuisse,
3415 5597 3467 5646 ct
3497 5603 3605 5643 non

2033 5693 2343 5777 loquentem
2379 5707 2562 5760 mod-0.

2103 5804 2220 5860 Non
2281 5795 2680 5857 exhortationis
2753 5800 2848 5846 aut
2907 5784 3122 5844 consilii
3179 5777 3600 5852 dispositionem
