4026 6446
514 404 655 467 1037

1224 399 1609 466 OPUSCULA
1648 397 2278 461 SCRIPTURiSTICA
2318 397 2664 458 INCERTE
2706 396 3012 457 IETATIS.

3622 372 3753 460 1033

513 524 767 581 sequitur
825 521 878 575 in
926 519 1195 584 docendo,
1246 519 1338 574 sed
1386 519 1787 573 beatitudinum
1842 517 2118 586 disposia

2223 515 2285 587 ὴν
2310 516 2549 587 διδαχὴν,
2580 517 2694 570 ἀλλ’
2718 520 2776 571 ἐν
2807 515 2956 581 τάξει
2973 513 3328 585 μακαρισμοῦ
3352 514 3750 586 ἀνεπαχθέστεο

521 615 669 668 tione
696 615 941 683 pervium
976 612 1148 681 magis
1175 626 1480 665 sermonem
1513 610 1659 665 facit.

591 703 760 757 Vens.
783 704 836 756 5.
866 703 1137 771 Panperes
1162 701 1357 770 spiritu
1395 701 1630 755 humiles
1656 699 1949 771 signiﬁcat,
1980 697 2092 767 spi-

520 795 684 847 ritum
710 792 781 845 iiii
811 807 907 862 pro
937 791 1119 844 anima
1146 806 1406 857 sumens;
1435 800 1488 844 et
1532 790 1626 860 qui
1665 792 1828 844 verba
1880 790 1969 845 Dei
2006 806 2094 843 re-

521 893 811 948 verentur;
843 894 1046 951 quanta
1081 882 1225 936 enim
1258 883 1398 937 mala
1443 882 1496 936 in
1528 882 1791 937 mundum
1828 898 1894 938 ex
1930 892 2096 937 teme-

521 975 681 1028 ritate
716 975 1071 1043 proveniunt!

593 1063 761 1120 Vens.
818 1066 871 1119 4.
905 1064 1190 1121 Contraria
1216 1073 1385 1136 agunt
1420 1066 1511 1136 qui
1539 1066 1729 1137 lugent
1762 1066 1849 1121 his
1880 1081 2003 1137 qua:
2030 1081 2097 1120 ex

525 1158 836 1213 temeritate
884 1157 1235 1228 proveniunt,
1271 1171 1330 1212 ut
1366 1159 1571 1214 dicitur
1623 1158 1677 1212 in
1712 1158 1888 1228 prima
1925 1158 2097 1211 beati-

524 1248 735 1301 tudine.

595 1338 760 1394 Vens.
796 1340 847 1393 5.
884 1338 1039 1394 Miles
1078 1339 1482 1395 hmreditabunt
1523 1349 1755 1405 terram;
1787 1339 1916 1394 dum
1968 1354 2103 1393 cen-

526 1443 714 1486 sentur
743 1432 811 1485 ob
845 1434 1318 1486 mansuetudinem
1346 1433 1529 1487 omnia
1563 1432 1887 1502 perdidisse,
1926 1432 2101 1486 hatre-

526 1523 705 1577 ditare
726 1524 841 1593 ipsc
865 1524 1171 1593 pollicetur,
1199 1533 1400 1579 terram
1438 1541 1545 1578 non
1577 1525 1722 1578 illam
1739 1524 2101 1593 superiorem,

528 1614 625 1666 sed
646 1613 827 1677 iSIam,
850 1614 901 1667 in
922 1630 1053 1683 pace
1076 1615 1307 1669 vivendo
1324 1628 1376 1670 et
1398 1616 1751 1670 necessitates
1765 1615 2100 1684 accipiendo.

530 1701 784 1756 Docendo
806 1703 1046 1757 coelestia
1065 1705 1351 1774 pollicetur
1375 1714 1428 1758 et
1456 1702 1738 1770 inferiora,
1769 1719 1892 1758 cum
1919 1704 2052 1758 dicit
2086 1720 2100 1758 :

534 1792 769 1857 Qurrrile
791 1796 1022 1861 primum
1045 1811 1260 1865 regnum
1288 1795 1402 1856 Dei,
1427 1805 1475 1849 et
1499 1795 1608 1848 Ita'c
1628 1797 1804 1849 omnia
1844 1795 2105 1864 adjicien—

2196 627 2289 680 ρον
2307 610 2477 662 ποιῶν
2512 611 2601 663 τὸν
2626 611 2806 679 λόγον.

2266 700 2523 768 Πτωχοὺς
2570 700 2647 771 τῷ
2711 699 2985 770 πνεύματι
3040 698 3170 760 τοὺς
3229 698 3516 760 ταπεινοὺς
3581 698 3756 766 λέγει,

2196 790 2330 843 πνεῦ
2340 808 2415 861 μα
2439 788 2673 843 ἐνταῦθα
2698 791 2794 863 τὴν
2813 791 2991 861 ψυχὴν
3011 789 3187 858 λέγων
3207 805 3221 819 ·
3248 789 3376 851 τοὺς
3395 788 3462 840 τὰ
3495 787 3646 856 λόγια
3672 790 3761 843 τοῦ

2196 884 2332 937 Θεοῦ
2372 884 2818 954 κατεπτηχότας·
2850 885 2950 937 ὅσα
2986 883 3095 953 γὰρ
3134 882 3281 936 κακὰ
3310 884 3388 946 εἰς
3429 882 3518 935 τὸν
3555 881 3668 952 βεον
3711 884 3766 947 ἐξ

2199 974 2456 1036 ἀπονοίας
2480 975 2753 1046 ἔρχονται.

2283 1066 2543 1121 Ἑναντίοι
2577 1069 2716 1121 εἰσὶν
2764 1066 2815 1120 οἱ
2867 1065 3194 1129 πενθοῦντες
3245 1065 3355 1119 τῶν
3406 1067 3467 1132 ἐξ
3515 1067 3769 1132 ἀπονοίας

2201 1160 2515 1232 ἐρχομένων
2540 1160 2635 1215 τοῦ
2668 1160 2885 1234 πρώτου
2919 1159 3271 1232 μακαρισμοῦ

2275 1348 2337 1401 Οἱ
2371 1346 2567 1418 πραεῖς
2596 1344 3097 1417 κληρονομήσουσιν
3140 1342 3239 1413 τὴν
3269 1341 3376 1411 γῆν
3398 1358 3413 1372 ·
3456 1340 3645 1408 ἐπειδὴ
3692 1358 3772 1395 νο-

2212 1436 2462 1507 μίζονται
2488 1434 2575 1487 διὰ
2606 1434 2703 1505 τὴν
2742 1435 3029 1504 πραότητα
3061 1432 3241 1486 πάντα
3270 1431 3556 1490 ἀπολέσαι,
3588 1430 3776 1500 κληρο-

2205 1526 2441 1594 νομῆσαι
2484 1524 2649 1587 αὐτὸς
2698 1523 3077 1591 ὑπισχνεῖται·
3127 1522 3231 1589 γῆν
3282 1519 3339 1572 δέ
3396 1520 3457 1573 οὐ
3506 1519 3605 1588 τὴν
3648 1520 3773 1580 ἄνω,

2206 1615 2345 1669 ἀλλὰ
2379 1614 2606 1685 ταύτην,
2640 1614 2701 1666 τὸ
2730 1614 2789 1666 ἐν
2838 1612 3031 1683 εἰρήνῃ
3086 1610 3301 1678 διάγειν
3334 1610 3429 1663 καὶ
3482 1608 3665 1661 λαϐεῖν
3713 1609 3777 1661 τὰ

2206 1707 2412 1768 δέοντα,
2446 1705 2611 1775 φημι.
2641 1704 2922 1757 Διδάσκων
2955 1702 3052 1755 καὶ
3079 1702 3148 1755 τὰ
3189 1701 3415 1771 οὐράνια
3446 1700 3777 1769 ὑπισχνεῖται

2209 1798 2305 1851 καὶ
2328 1796 2399 1850 τὰ
2423 1796 2593 1860 κάτω,
2624 1795 2711 1849 διὰ
2738 1793 2833 1847 τοῦ
2865 1794 3047 1862 λέγειν
3066 1811 3081 1825 ο
3125 1791 3364 1859 Ζητεῖτε
3401 1790 3638 1858 πρῶτον
3674 1789 3780 1856 τὴν

533 1895 622 1937 tur
639 1858 815 1950 vobis;
845 1896 898 1940 et
916 1887 1044 1941 alibi
1078 1858 1195 1941 :VSi
1218 1890 1336 1958 quis
1371 1889 1633 1941 dimiserit
1664 1890 1869 1957 aliquid
1890 1858 2104 1957 propter

2223 1889 2536 1942 Βασιλείαν
2562 1887 2667 1942 τοῦ
2713 1884 2885 1951 Θεοῦ,
2924 1885 3021 1939 καὶ
3070 1884 3256 1938 ταῦτα
3286 1882 3483 1936 πάντα
3534 1897 3779 1949 προστε-

532 1994 633 2043 me,
658 1978 955 2048 centuplum
982 1980 1199 2049 accipiet
1229 1989 1277 2033 et
1304 1982 1465 2034 vitam
1501 1990 1752 2034 a’teruum
1782 1978 2102 2050 possidebit,

602 2249 768 2307 Vens.
806 2252 857 2306 6.
877 2250 1017 2308 Ante
1054 2253 1669 2320 misericordes,beatos
1692 2255 1827 2311 dicit
1852 2255 1944 2326 qui
1976 2270 2106 2311 esu-

532 2344 684 2397 riunt
716 2354 766 2397 et
798 2345 1305 2415 sitiuntjustitiatn.
1338 2347 1557 2413 Quare?
1588 2346 1727 2414 Quia
1754 2363 1860 2403 non
1888 2365 1956 2403 ex
1985 2350 2100 2403 τίο-

532 2434 697 2489 Ιοιιιιίιι
721 2448 929 2504 oportet
960 2438 1228 2493 misereri.

608 2524 772 2581 Vens.
802 2528 854 2581 8.
890 2526 1123 2582 Mundus
1157 2530 1322 2583 corde
1344 2530 1495 2592 dicit,
1528 2540 1620 2583 aut
1648 2532 1740 2597 qui
1770 2531 1822 2584 in
1854 2533 2109 2589 castitate

533 2616 760 2685 degunt.
803 2628 895 2673 aut
936 2619 1028 2689 qui
1065 2622 1358 2688 perfectam
1423 2622 1677 2675 virtutem
1729 2623 1906 2691 adepti
1958 2634 2108 2678 sunt.

535 2706 639 2763 Isti
662 2710 825 2763 Deum
848 2712 1123 2774 videbunt;
1152 2713 1418 2766 visionem
1455 2714 1541 2767 hic
1590 2729 1810 2774 vocans,
1841 2723 2109 2784 quantum

538 2800 747 2855 homini
772 2803 1030 2871 possibile
1062 2811 1147 2858 est
1181 2804 1365 2859 videre
1385 2805 1659 2860 invisibile
1682 2808 1927 2859 omnium
1958 2807 2112 2877 prin-

536 2894 586 2948 ci
595 2893 644 2962 pi
655 2910 683 2945 ιι
694 2910 742 2946 ιιι
753 2931 767 2946 .

612 2981 779 3037 Vens.
808 2983 863 3038 9.
902 2982 1169 3039 Paciﬁcas
1198 2985 1352 3050 dicit,
1376 3002 1423 3055 q‘
1452 2987 1466 3039 i
1492 3002 1599 3040 non
1627 2988 1804 3041 solum
1836 2989 1980 3042 inter
2010 3004 2115 3058 pu-

538 3083 792 3146 gnantes,
816 3076 909 3129 sed
939 3077 1101 3130 etiam
1129 3077 1270 3131 inter
1295 3078 1501 3132 divisos
1522 3094 1707 3147 pacem
1735 3089 2112 3148 componunt;

539 3164 721 3217 adhuc
786 3174 969 3218 autrm
1021 3176 1070 3219 et
1104 3168 1195 3234 qui
1243 3182 1441 3235 corpus
1475 3182 1633 3219 suum
1668 3167 1719 3220 in
1749 3169 1986 3221 animam
2030 3184 2115 3223 re-

540 3258 740 3312 hellare
771 3275 878 3313 non
912 3258 1117 3322 sinunt,
1153 3259 1245 3313 sed
1278 3274 1477 3328 Corpus
1508 3260 1703 3313 animte
1732 3275 1825 3329 per
1855 3262 2111 3316 virtutem

539 3350 893 3404 suhmittnnt.

611 3438 780 3496 Vens.
820 3442 903 3495 10.
934 3440 1235 3497 Ostendcns
1281 3458 1387 3497 non
1424 3459 1638 3513 semper
1670 3461 1861 3515 pacem
1914 3447 2119 3501 bonum

537 3549 693 3599 esse,
751 3537 961 3591 ad'idit
996 3555 1009 3592 :
1048 3538 1201 3593 Beati
1241 3541 1331 3606 qui
1386 3542 1802 3608 persecutionem
1846 3544 2127 3613 patiuntur

536 3639 753 3697 propter
767 3628 1065 3697 justitiam.

620 3721 789 3775 Vens.
826 3723 914 3776 il.
954 3722 1150 3777 Beatos
1177 3723 1365 3780 dicens
1388 3725 1480 3795 qui
1524 3726 1809 3782 maledicta
1872 3728 2125 3803 audiunt,

544 3812 685 3867 duas
716 3812 1097 3868 distinctiones
1125 3815 1329 3884 posuit,
1360 3817 1579 3885 quando
1609 3828 1827 3887 propter
1859 3819 2050 3883 Deum,
2073 3833 2128 3877 et

543 3906 766 3975 quando
799 3905 1081 3959 mendacia
1117 3915 1248 3961 sunt
1274 3923 1396 3976 qua:
1425 3908 1700 3963 dicuntur.
1738 3910 1794 3966 Si
1824 3928 1969 3967 emm
2012 3915 2128 3970 haec

547 4013 657 4053 non
687 3997 892 4065 adsint,
920 4012 1028 4053 non
1061 3998 1235 4053 solum
1267 4015 1370 4053 non
1396 4000 1607 4067 beatus,
1637 4004 1727 4057 sed
1763 4004 1927 4059 etiam
1963 4008 2128 4062 miser

545 4090 755 4159 estqui
800 4090 1048 4145 convicia
1104 4090 1325 4162 patitur.
1392 4091 1450 4146 lu
1505 4095 1632 4150 aliis
1699 4096 2127 4155 beatitudiuihus

547 4181 759 4251 ahsque
793 4182 1146 4239 distinctione
1183 4184 1575 4241 beatitudinem
1618 4190 1907 4257 exposuit,
1939 4191 2033 4245 sed
2071 4191 2124 4245 in

549 4275 741 4329 ultima
779 4274 1016 4330 ostendit
1046 4274 1187 4330 hanc
1231 4290 1354 4331 esse
1398 4279 1646 4333 omnium
1699 4282 1931 4335 maxime
1965 4282 2130 4350 parti-

547 4366 791 4421 cularetn
827 4374 880 4420 et
922 4366 1273 4436 pra-cipuam.
1320 4367 1445 4425 Haec
1491 4386 1615 4434 vox,
1647 4370 1874 4441 Propter
1909 4390 2009 4435 me,
2046 4374 2129 4427 di-

548 4458 692 4512 citur
718 4457 916 4515 abi'lo.
936 4457 1022 4511 hic
1039 4457 1355 4531 dignitatem
1388 4477 1542 4516 suam
1563 4462 1892 4516 insinuante.
1927 4442 2129 4534 διηειῇ

2211 1982 2458 2051 θήσεται
2507 1980 2679 2049 ὑμῖν
2723 1978 2820 2033 καὶ
2848 1978 3032 2043 πάλιν,
3072 1979 3280 2041 Ὅστις
3309 1974 3551 2043 ἀφῆκεν
3589 1974 3782 2028 ὁτιοῦν

2210 2074 2420 2127 ἕνεκεν
2470 2071 2639 2141 ἐμοῦ,
2696 2069 3295 2125 ἑκατονταπλασίονα
3342 2066 3629 2134 λήψεται,
3692 2065 3780 2119 καὶ

2213 2164 2368 2233 ζωὴν
2387 2163 2629 2218 αἰώνιον
2649 2160 3117 2231 κληρονομήσει.

2288 2256 2405 2326 Πρὸ
2427 2255 2538 2308 τῶν
2565 2253 2875 2324 ἐλεημὸνων
2908 2252 3207 2323 μακαρίζει
3225 2251 3351 2315 τοὺς
3376 2251 3676 2310 πεινῶντας
3700 2249 3784 2302 καὶ

2213 2349 2481 2420 διψῶντας
2512 2346 2612 2418 τὴν
2638 2342 3003 2415 δικαιοσύνην.
3023 2345 3121 2396 Δια
3152 2341 3235 2409 τίς
3262 2342 3386 2395 ’Ότι
3406 2341 3507 2394 οὐκ
3530 2342 3590 2408 ἐξ
3618 2341 3785 2412 ἅρπα-

2216 2444 2324 2513 γῆς
2360 2441 2442 2494 δεῖ
2472 2440 2668 2493 ἐλεεῖν.

2290 2530 2583 2599 Καθαροὺς
2622 2529 2689 2597 τῇ
2718 2526 2917 2597 καρδίᾳ
2948 2525 3120 2593 λέγει,
3150 2525 3184 2597 ἢ
3228 2526 3355 2588 τοὺς
3385 2526 3442 2578 ἐν
3475 2525 3784 2596 σωςροσύνῃ

2217 2620 2595 2690 διάγοντας,ἢ
2646 2618 2773 2681 τοὺς
2828 2618 3070 2685 παντελῆ
3140 2618 3342 2688 ἀρετὴν
3400 2618 3783 2686 κεκτημένους.

2210 2713 2388 2769 Αὐτοὶ
2414 2711 2523 2764 τὸν
2552 2707 2701 2762 Θεὸν
2748 2707 3003 2775 ὄψονται
3024 2725 3036 2739 ·
3074 2706 3194 2776 ὄψιν
3228 2706 3461 2761 ἐνταῦθα
3490 2708 3673 2762 καλῶν
3699 2710 3786 2778 τὴν

2218 2804 2295 2868 ὡς
2318 2803 2466 2856 ἔστιν
2491 2797 2768 2869 ἀνθρώπῳ
2802 2796 3029 2851 δυνατὸν
3067 2797 3195 2849 ἰδεῖν
3229 2797 3325 2866 τὴν
3371 2797 3606 2867 ἀόρατον
3630 2800 3788 2853 ἁπάν-

2217 2915 2326 2952 των
2362 2898 2557 2969 ἀρχήν.

2293 2991 2686 3061 Εἰρηνοποιοὺς
2710 2989 2881 3056 λέγει,
2909 2988 2970 3042 οὐ
2999 2989 3161 3059 μόνον
3188 2988 3314 3051 τοὺς
3338 2984 3787 3056 διαμαχομένους,

2221 3081 2361 3135 ἀλλὰ
2398 3083 2493 3135 καὶ
2529 3083 2655 3146 τοὺς
2688 3081 3081 3145 στασιάζοντας
3114 3078 3367 3150 ἀλλήλοις
3400 3074 3791 3146 εἰρηνοποιοῖΝο

2220 3190 2318 3235 τας
2344 3190 2357 3204 ·
2398 3172 2480 3226 ἐτι
2522 3173 2581 3227 δὲ
2627 3174 2722 3226 καὶ
2755 3174 2881 3234 τοὺς
2915 3173 2975 3224 τὸ
3019 3171 3230 3225 ἐαυτῶν
3266 3170 3425 3240 σῶμα
3477 3169 3557 3239 μὴ
3612 3165 3790 3230 κατεξ⁹

2226 3265 2551 3319 ανίστασθαι
2569 3265 2669 3335 τῆς
2693 3265 2873 3336 ψυχῆς
2900 3264 3214 3328 ποιοῦντας,
3234 3262 3367 3316 ἀλλὰ
3396 3260 3715 3321 δουλοῦντας
3738 3257 3791 3311 τδ

2231 3358 2386 3427 σῶμα
2419 3357 2486 3410 δι’
2520 3357 2722 3427 ἀρετῆς
2755 3360 2820 3428 τῇ
2854 3357 3024 3426 ψυχῇ.

2298 3447 2569 3501 Δεικνύων
2602 3450 2684 3501 δτι
2717 3448 2777 3501 οὐ
2828 3445 3111 3517 πανταχοῦ
3153 3448 3185 3514 ἡ
3232 3447 3421 3515 εἰρήνη
3469 3444 3658 3510 καλῖιν,
3700 3446 3791 3497 ἐπ-

2229 3541 2406 3612 ήγαγε
2436 3557 2450 3572 ·
2484 3540 2780 3612 Μακάριοι
2829 3544 2883 3597 οΙ
2918 3540 3297 3611 δεδιωγμένοι
3336 3539 3549 3593 ἕνεκεν
3592 3539 3795 3592 δικαιο-

2228 3635 2451 3702 σύνης.

2303 3727 2646 3798 Μακαρίζων
2690 3727 2818 3790 τοὺς
2871 3727 3060 3791 κακῶς
3101 3726 3421 3789 ἀκούοντας,
3454 3726 3552 3781 δύο
3600 3725 3793 3779 τέθεικε

2229 3819 2565 3890 διορισμοὺς,
2597 3819 2674 3873 ὅτ’
2708 3820 2774 3872 ἂν
2802 3819 2888 3873 διὰ
2921 3820 3079 3883 Θεὸν,
3136 3824 3230 3873 καὶ
3276 3819 3352 3874 ὅτ’
3385 3819 3451 3873 ἂν
3484 3820 3655 3889 ψευδῆ
3704 3811 3791 3869 ὦσι

2230 3912 2299 3965 τὰ
2326 3912 2625 3981 λεγομενα’
2660 3913 2708 3964 εἰ
2743 3911 2852 3984 γὰρ
2904 3912 2978 3983 μὴ
3020 3912 3192 3966 ταῦτα
3222 3915 3424 3984 προσῇ,
3461 3913 3527 3965 οὐ
3562 3912 3714 3982 μόνον
3741 3909 3791 3961 οὐ

2234 4004 2527 4074 μακάριος,
2579 4002 2716 4057 ἀλλὰ
2751 4004 2844 4056 καὶ
2888 4003 3072 4066 ἄθλιός
3109 4003 3255 4056 ἐστιν
3287 4004 3314 4054 6
3359 4002 3793 4073 κωμῳδούμενος.

2242 4094 2368 4148 Ἐπὶ
2400 4094 2507 4148 τῶν
2538 4094 2715 4149 ἄλλων
2752 4095 3121 4166 μακαρισμῶν
3156 4095 3478 4164 ἀδιορίστως
3511 4094 3719 4147 τέθεικε
3745 4091 3795 4143 τὸ

2235 4187 2544 4260 μακάριονο
2589 4187 2682 4240 ἐπὶ
2711 4187 2769 4240 δὲ
2800 4186 2893 4240 τοῦ
2944 4187 3197 4258 ἐσχάτου,
3253 4187 3456 4252 ἔδειξεν
3506 4188 3589 4238 δτι
3636 4183 3795 4239 αὐτῶν

2236 4281 2469 4350 μάλιστα
2517 4279 2678 4333 τοῦτό
2722 4281 2871 4333 ἐστιν
2926 4280 3057 4333 ἴδιον
3097 4280 3192 4333 καὶ
3243 4278 3564 4350 ἐξαίρετον·
3619 4278 3678 4330 τὸ
3727 4276 3793 4336 δὲ,

2234 4373 2490 4427 Ἕνεκεν
2526 4373 2693 4441 ἐμοῦ,
2742 4373 2978 4443 εἴρηται,
3011 4372 3072 4425 τὸ
3119 4373 3283 4426 αὑτοῦ
3326 4371 3547 4441 ἀξίωμα
3583 4368 3796 4422 ἐνταῦθα

2234 4464 2627 4533 αἰνιττόμενος.
2654 4456 2748 4526 Εἷς
2794 4462 2888 4515 τοῦ
2917 4462 3034 4526 ἐνὸς
3064 4462 3246 4531 ἔχεται
3290 4462 3640 4532 μακαρισμός
3662 4478 3676 4491 ο
3701 4452 3795 4511 οἷον

552 4549 617 4605 Ite
642 4567 706 4606 ex
720 4553 948 4622 singulis
965 4553 1203 4624 pendent
1244 4553 1610 4609 beatitudines
1642 4571 1655 4606 :
1679 4555 2118 4625 scilicet,paup.et

2237 4556 2265 4608 6
2305 4555 2522 4625 πτωχὸς
2551 4554 2629 4625 τῷ
2669 4553 2965 4624 πνεύματι,
2999 4555 3094 4608 καὶ
3123 4554 3378 4624 πενθήσει
3404 4553 3795 4624 ἁμαρτήματα·

552 4643 748 4712 spiritu
782 4656 1003 4714 peccata
1048 4646 1283 4715 lugebit;
1318 4646 1408 4713 qui
1456 4645 1600 4715 luget
1640 4646 1789 4701 mitis
1818 4646 1951 4714 erit;
1985 4647 2133 4702 mitis

550 4733 735 4803 justus
759 4735 897 4799 erit;
922 4735 1128 4804 justus,
1153 4736 1499 4801 misericors;
1525 4745 1579 4789 et
1608 4737 1944 4803 misericors,
1976 4756 2135 4795 mun-

556 4825 661 4880 dus
688 4826 881 4895 corde;
916 4827 1017 4882 iste
1068 4835 1249 4881 autem
1294 4827 1554 4896 paciﬁcus
1588 4829 1724 4894 erit;
1755 4830 1846 4899 qui
1888 4831 2012 4885 talia
2048 4832 2135 4885 in-

557 4917 756 4984 stituit,
788 4920 855 4974 ad
887 4918 1129 4989 pericula
1158 4929 1243 4975 est
1274 4930 1515 4992 paratus,
1542 4929 1597 4976 et
1625 4920 1716 4976 ille
1746 4939 1853 4977 non
1894 4925 2137 4979 turbabi-

560 5018 650 5064 tur
682 5009 966 5065 maledicta
996 5011 1245 5066 audiens.

632 5101 796 5157 Vens.
834 5102 919 5157 12.
953 5104 1062 5157 Cur
1103 5104 1260 5171 dixit,
1309 5105 1599 5178 Prop/tetas
1631 5109 1722 5179 qui
1771 5110 1987 5179 fuerunt
2016 5121 2136 5163 ante

560 5197 699 5251 vos?
752 5196 1003 5251 Ostendit
1044 5195 1125 5253 sic
1180 5190 1478 5269 prophetas
1529 5216 1751 5272 quoque
1810 5217 1936 5257 esse
1987 5202 2137 5273 ipsos

559 5288 861 5357 apostolos.

638 5380 805 5435 Vens.
841 5381 927 5434 l3.
961 5381 1227 5447 Dicenda,
1252 5382 1358 5438 Vos
1396 5386 1523 5441 estis
1546 5385 1629 5439 sal
1655 5394 1829 5451 terrm,
1862 5385 2139 5455 signiﬁca-

564 5472 643 5525 vit
694 5482 1012 5543 corruptam
1064 5489 1187 5529 esse
1240 5475 1526 5531 hominum
1582 5487 1850 5532 naturam.
1890 5476 2143 5532 Ostendit

570 5574 753 5619 autem
786 5581 879 5621 eos
910 5566 1100 5621 ﬁrmos
1148 5583 1271 5623 esse
1303 5568 1524 5632 dehere,
1574 5584 1680 5623 non
1715 5569 2046 5634 adulatores,
2085 5577 2144 5624 ut

571 5660 862 5725 magistros
894 5670 945 5715 et
979 5662 1257 5729 apostolos
1287 5661 1461 5715 decet.

647 5749 757 5800 Cur
790 5749 941 5815 dicit,
982 5750 1038 5804 Si
1094 5752 1177 5803 sal
1231 5752 1543 5805 evunuerit?
1595 5750 1764 5816 Quasi
1814 5751 2064 5816 dixisset,
2098 5752 2144 5806 si

580 5838 818 5905 patiatur
857 5853 911 5892 ct
937 5842 1233 5911 insipidum
1275 5844 1365 5898 ﬁat
1404 5861 1417 5898 :
1457 5846 1507 5899 id
1538 5854 1643 5908 cst,
1683 5846 1727 5900 si
1764 5860 1857 5900 vos
1894 5845 2143 5901 adulatos

2233 4649 2261 4701 6
2292 4647 2529 4709 πενθῶν,
2567 4648 2657 4700 καὶ
2684 4649 2859 4718 πρᾶος
2901 4647 3085 4700 ἔσται’
3118 4649 3145 4701 6
3179 4648 3374 4718 πρᾶος,
3401 4646 3643 4706 δίκαιος·
3670 4646 3696 4697 6
3728 4641 3794 4695 δί-

2235 4756 2411 4804 καιος,
2439 4738 2687 4808 ἐλεήμων
2710 4757 2725 4771 ο
2747 4741 2775 4792 6
2792 4740 3042 4809 ἐλεήμων
3069 4738 3415 4811 καὶκαθαρος
3441 4738 3540 4808 τὴν
3565 4735 3791 4805 καρδίαν

2238 4832 2266 4883 6
2298 4829 2359 4883 δὲ
2391 4831 2633 4894 τοιοῦτος
2664 4831 2763 4902 ἤδη
2804 4832 2898 4885 καὶ
2933 4830 3306 4902 εἰρηνοποιός·
3337 4832 3364 4883 ὁ
3392 4831 3446 4882 δὲ
3472 4829 3643 4882 ταῦτα
3680 4842 3792 4880 κατ-

2234 4922 2503 4994 ορθώσας,
2528 4924 2622 4977 καὶ
2648 4924 2781 4995 πρὸς
2827 4924 3105 4986 κινδύνους
3127 4925 3343 4994 ἕτοιμος
3364 4940 3378 4953 ·
3405 4922 3432 4975 6
3458 4923 3517 4976 δὲ
3550 4920 3793 4980 τοιοῦτος,

2238 5015 2299 5067 οὐ
2342 5015 2750 5085 ταραχθήσεται
2776 5014 3016 5078 ἀκούσας
3048 5015 3259 5079 κακῶς.

2310 5106 2406 5158 Διὰ
2439 5107 2492 5159 τί
2533 5103 2716 5169 εἶπεν,
2756 5106 2902 5172 Τοὺς
2944 5107 3255 5177 προφήτας
3282 5107 3424 5174 τοὺς
3457 5108 3574 5174 πρὸ
3606 5100 3797 5174 ὐμῶνὶ

2194 5262 2199 5267 η
2241 5198 2465 5260 Δεικνὺς
2500 5198 2582 5251 ὅτι
2616 5198 2710 5251 καὶ
2733 5198 2888 5252 αὐτοὶ
2921 5197 3199 5269 προφῆταὶ
3224 5199 3329 5251 εἰσι
3359 5199 3408 5252 οἱ
3433 5197 3735 5252 ἀπόστολοι.

2327 5386 2418 5439 Ἕν
2457 5385 2536 5456 τῷ
2567 5385 2763 5446 εἰπεῖν,
2807 5381 3008 5453 Ὑμεῖς
3056 5380 3195 5435 ἐστε
3228 5379 3295 5433 τὸ
3341 5379 3495 5444 ἅλας
3538 5378 3649 5447 τῆς
3676 5373 3793 5445 τῆς.

2245 5478 2413 5543 ἔδειξε
2447 5477 2856 5531 κατασαπεῖσαν
2886 5474 2984 5542 τὴν
3024 5472 3187 5540 φύσιν
3213 5471 3323 5524 τῶν
3348 5470 3652 5540 ἀνθρώπιον
3674 5482 3687 5496 '
3715 5467 3798 5532 δη-

2244 5572 2328 5624 λοῖ
2358 5570 2415 5622 δὲ
2446 5569 2544 5623 καὶ
2568 5570 2629 5623 τὸ
2658 5569 2856 5636 στυφὸν
2887 5566 3088 5629 αὐτῶν,
3119 5565 3233 5618 ἀλλ’
3263 5566 3325 5617 οὐ
3351 5560 3749 5623 κολακευτικὸν,
3774 5557 3798 5609 ὃ

2249 5662 2346 5716 καὶ
2379 5658 2763 5713 διδασκαλικόν
2800 5659 2918 5711 ἐστι
2954 5657 3051 5710 καὶ
3082 5656 3461 5710 ἀποστολικὸν.

2320 5753 2385 5805 Τί
2415 5751 2585 5819 λέγει,
2629 5750 2773 5803 Ἐὰν
2830 5753 2897 5802 τό
2942 5749 3096 5815 ἅλας
3148 5748 3464 5816 μωρίινθῇἐ
3522 5747 3663 5801 Ἀντὶ
3696 5740 3796 5804 τοῦ,

2262 5844 2389 5900 Ἐὰν
2422 5843 2568 5916 πάθῃ
2611 5842 2706 5897 καὶ
2739 5841 3102 5915 ἁνενὲργητον
3154 5840 3413 5912 γένηταιο
3449 5840 3637 5910 ἤγουν,
3690 5834 3798 5889 Ἐὰν
