4026 6402
231 308 372 372 1097

1222 303 1547 364 SCHOLIA
1585 301 1883 364 VETERA
1923 301 2004 361 ΙΝ
2043 300 2512 365 ΜΛΤΤΗᾸΞΗΜ.

3340 305 3478 370 1098

235 421 487 490 νεκροὺς
533 420 719 490 θάψαι
752 421 892 486 τοὺς
947 418 1178 475 ἑαυτῶν
1216 421 1470 487 νεκρούς
1495 437 1507 449 ·
1546 419 1711 486 ἔδειξε
1746 419 1802 474 δὲ

1929 437 2022 474 nos
2055 422 2273 490 sepelire
2303 429 2536 473 mortuos
2572 435 2716 473 suos.
2758 416 3010 476 Ostendit
3049 430 3226 476 autem
3253 437 3346 492 per
3375 428 3479 479 boc

236 515 324 568 διὰ
353 511 546 564 τούτου
577 511 658 563 ὅτι
687 512 714 562 ὁ
738 511 908 562 είπὼν
934 506 1001 581 ἦν
1026 510 1214 572 πιστὸς
1233 551 1248 576 ,
1288 511 1317 562 ὁ
1342 511 1398 562 δὲ
1432 509 1597 563 αὐτοῦ
1624 510 1805 580 πατὴρ

237 603 303 677 ἦν
353 607 415 655 ἐκ
467 601 576 655 τῶν
637 601 918 655 ἀπίστων·
969 602 1059 657 διὰ
1113 602 1270 655 τοῦτο
1327 600 1481 654 εἶπεν
1539 602 1804 672 νεκρούς·

1909 512 2062 566 illum
2095 512 2188 580 qui
2234 510 2453 565 dicebat
2504 511 2815 565 credentem
2872 510 3062 577 luisse,
3101 524 3308 582 patrem
3352 532 3480 568 vero

1908 602 2087 671 ejuse
2123 617 2231 656 non
2283 601 2650 657 credentibus.
2703 601 2831 656 Ideo
2884 602 3015 657 dicit
3064 618 3159 657 eos
3211 591 3477 658 mortuos.

240 693 475 749 ἐκώλυσε
523 691 580 745 δὲ
631 690 794 744 αὑτὸν
832 692 894 746 οὐ
947 694 1046 762 τὴν
1094 694 1175 755 είς
1221 691 1348 756 τοὺς
1408 693 1808 762 γεγεννηκότας

1925 692 2198 748 Proltibuit
2263 702 2445 746 autem
2487 707 2636 758 eum,
2689 709 2794 746 non
2853 695 3111 747 honorem
3146 694 3198 747 in
3230 706 3484 762 parentes

245 784 400 854 τιμὴν
439 784 681 848 κωλύων,
710 783 845 837 ἀλλὰ
880 784 954 853 μὴ
995 786 1265 855 προτιμᾷν
1295 789 1468 838 ταῦτα
1511 784 1619 837 τῶν
1646 783 1808 855 οὐρα-

241 879 386 930 νίων.

325 965 644 1019 Ἐκάθευδεν
675 967 705 1018 ὁ
744 965 947 1035 Κύριος
993 964 1353 1035 οἰκονομικῶς
1387 966 1446 1016 ἐν
1487 964 1563 1034 τῷ
1614 964 1805 1033 πλοίῳ,

238 1059 339 1110 οὐκ
376 1057 587 1124 ἀγνοῶν
614 1055 675 1107 τὸ
717 1056 911 1124 μέλλον
958 1055 1227 1122 γίνέσθαι,
1267 1057 1368 1107 οὐκ
1405 1055 1683 1107 ἀδυνατῶν
1709 1056 1809 1126 τὴν

240 1151 464 1217 εἰρήνην
494 1145 794 1217 βραϐεῦσαι
819 1163 832 1174 ·
857 1145 1017 1211 είδὼς
1038 1147 1094 1198 δὲ
1117 1147 1413 1216 μέλλουσαν
1443 1146 1809 1214 ταράσσεσθαι

245 1238 346 1307 τὴν
409 1237 706 1298 Θάλασσαν,
759 1235 898 1288 κατὰ
934 1236 1027 1289 δύο
1065 1237 1245 1298 αίιτίας
1281 1236 1557 1298 ἐκάθευδε,
1591 1238 1677 1288 ἵνα
1717 1237 1813 1289 καὶ

237 1329 300 1380 τὸ
352 1327 550 1396 σαθρὸν
605 1328 705 1394 τῆς
757 1327 1131 1396 ὀλιγοπιστίας
1183 1328 1289 1379 τῶν
1332 1327 1590 1397 μαθητῶν
1637 1328 1694 1378 ὲν
1734 1327 1812 1398 τῷ

241 1418 469 1487 χειμῶνι
517 1417 788 1489 διελέγξῃ.
818 1418 1000 1470 καὶτὸ
1028 1417 1252 1469 δυνατὸν
1287 1418 1386 1486 τῆς
1423 1416 1677 1488 θεότητος
1715 1419 1810 1470 αὐ-

239 1510 334 1562 τοῦ
365 1509 611 1580 ἐναργῶς
641 1508 1004 1578 ἐπιδείξηται.

315 1601 420 1652 Τὸν
451 1600 614 1668 φόϐον
645 1601 707 1667 οῦ
729 1601 790 1652 τὸ
816 1601 926 1653 τῶν
958 1599 1283 1670 πειρασμῶν
1324 1601 1466 1670 μέγα
1499 1600 1812 1670 ἐργάζεται,

243 1691 384 1744 ἀλλὰ
417 1692 478 1744 τὸ
520 1694 618 1761 τῆς
647 1692 887 1754 διανοίας
929 1692 1128 1760 σαθῴν
1154 1708 1167 1720 °
1217 1692 1304 1744 διὰ
1359 1692 1514 1745 τοῦτο
1544 1695 1816 1764 συγχωρεῖ

239 1783 681 1848 κλυδωνίζεσθαι,
720 1783 807 1836 ἴνα
846 1786 1051 1854 ποιήσῃ
1092 1783 1186 1836 καὶ
1220 1784 1417 1846 αὐτοὺς
1468 1787 1816 1856 πιστοτέρους

237 1873 326 1926 διὰ
352 1874 444 1926 τοῦ
474 1872 751 1942 θαύματος
772 1888 787 1904 ο
821 1873 880 1924 οὐ
914 1873 1024 1942 γὰρ
1050 1871 1222 1936 οὕτως
1252 1873 1319 1925 τὰ
1353 1874 1460 1926 τῶν
1488 1873 1664 1927 ἄλλων
1688 1874 1818 1927 Gaui-

243 1981 415 2034 ματα,
447 1966 569 2018 ὅσον
598 1967 665 2018 τὰ
695 1965 784 2019 ἐπ’
818 1964 1051 2028 ἐκείνοις
1081 1965 1354 2034 διήγειρεν
1383 1964 1605 2028 αὐτούς.

312 2146 381 2200 Τί
414 2148 530 2200 ἐστι
559 2146 618 2198 τὸ
641 2146 935 2216 λεγόμενον
982 2145 1086 2198 ὑπὸ
1114 2145 1222 2199 τῶν
1258 2145 1552 2216 δαιμόνων,
1604 2140 1820 2214 ’Ἦλθες

241 2240 361 2307 πρὸ
412 2238 619 2306 καιροῦ
661 2238 1001 2302 ,βασανίσαι
1026 2234 1223 2306 quae;
1269 2237 1538 2308 Ἀοράτως
1578 2239 1685 2292 ἀπὸ
1720 2242 1822 2308 τῆς

243 2329 414 2384 αὑτοῦ
447 2330 751 2400 παρουσίας
815 2329 1117 2398 ὲπάσχοντο
1147 2330 1194 2381 oi
1224 2328 1475 2398 δαίμονες
1499 2345 1512 2358 ·
1550 2330 1664 2398 πρὸ
1692 2348 1821 2386 και-

233 2421 352 2490 ροῦ
388 2421 443 2474 δὲ
473 2421 744 2490 λέγουσιν,
778 2421 854 2484 ὡς
899 2420 1099 2483 εἰδότες
1139 2420 1219 2474 ὅτι
1271 2420 1522 2490 μέλλουσι
1555 2422 1649 2478 καί
1687 2438 1819 2477 ποτε

247 2513 605 2583 κολασθῆναι.
639 2514 706 2567 Ai
739 2511 911 2582 ψυχαὶ
947 2511 1054 2565 τῶν
1093 2512 1319 2566 δικαίων
1357 2513 1415 2565 έν
1445 2514 1587 2583 χειρὶ
1639 2511 1777 2568 Θεοῦ
1800 2528 1819 2547 ⁶

245 2604 302 2654 αἱ
331 2603 391 2654 δὲ
424 2603 532 2655 τῶν
585 2602 799 2656 ἀσεϐῶν
845 2603 945 2656 οὐκ
974 2604 1033 2656 ὲν
1072 2605 1372 2672 μνήμασιν,
1416 2601 1493 2664 ὡς
1531 2603 1580 2654 οἱ
1631 2601 1822 2657 πολλοὶ

245 2692 521 2761 λέγουσιν.
551 2695 668 2748 ἀλλ’
701 2694 948 2747 ἐντεῦθεν
999 2694 1200 2754 εὐθέως
1231 2692 1536 2760 ἀπάγονται
1555 2708 1568 2720 °
1603 2695 1698 2746 καὶ
1723 2693 1822 2764 δῆ-

245 2784 335 2838 λον
370 2785 476 2838 ἀπὸ
505 2783 600 2838 τοῦ
635 2785 890 2856 Λαζάρου
925 2785 1021 2838 καὶ
1053 2783 1148 2837 τοῦ
1191 2782 1450 2836 πλουσίου
1475 2797 1490 2813 ⁸
1527 2783 1623 2836 καὶ
1654 2782 1822 2837 ἀλλα-

245 2876 373 2946 χοῦ,
427 2876 698 2944 Σήμερον
743 2875 858 2943 τὴν
888 2874 1099 2944 ψυχήν
1143 2888 1260 2928 σου
1295 2871 1657 2928 ἀπαιτοῦσιν
1704 2873 1821 2928 ἀπὸ

243 2967 390 3020 σοῦ.
444 2970 554 3037 Οὐχ
600 2963 710 3020 οἷόν
739 2985 800 3021 τε
845 2963 937 3020 οῦν
988 2967 1168 3036 ψυχὴν
1219 2963 1540 3032 ἐξελθοῦσαν
1591 2965 1823 3018 ἐνταῦθα

247 3058 578 3122 πλανᾶσθαι,
613 3058 646 3130 ἢ
677 3059 736 3111 ὲν
775 3058 918 3130 ἀέρι,
962 3058 1036 3120 ὡς
1068 3057 1351 3124 λέγουσιν,
1411 3051 1570 3121 εἶναι,
1622 3055 1735 3110 ἀλλ’
1763 3060 1822 3110 ὲν

243 3144 580 3215 ὡρισμένοις
612 3147 817 3210 τόποις.

327 3237 344 3253 ⁸
364 3237 647 3306 Υπήκουσε
675 3237 803 3302 τοὺς
833 3236 1093 3307 δαίμονας
1117 3237 1143 3289 ὁ
1173 3235 1372 3308 Κύριος
1394 3241 1486 3294 καὶ
1509 3239 1586 3301 εἰς
1611 3237 1822 3308 χοίρους

245 3333 618 3403 ἀπεπέμψατο
668 3334 887 3399 αὐτοὺς,
929 3333 1144 3404 πρῶτον
1177 3333 1274 3403 μὲν
1304 3333 1391 3386 ἵνα
1425 3331 1573 3404 δείξῃ
1605 3330 1826 3385 amabas

250 3426 395 3481 κατὰ
420 3425 623 3496 χοίρων
647 3424 858 3492 ἔχουσιν
881 3424 1148 3489 ἐξουσίαν,
1173 3424 1248 3494 μή
1273 3441 1325 3476 τι
1354 3439 1416 3491 γε
1447 3424 1588 3475 κατὰ
1618 3418 1828 3490 ἀνθρώ-

252 3534 374 3570 πων
401 3534 414 3546 ·
451 3517 646 3569 ἔπειτα
672 3517 757 3568 ἱνα
788 3517 838 3568 oi
871 3515 996 3578 τοὺς
1035 3516 1234 3576 τόπους
1262 3513 1540 3576 οἰκοῦντες
1574 3511 1824 3584 μάθωσιν

251 3609 416 3663 αὑτὸν
449 3609 598 3670 ὅστις
656 3603 724 3678 ἦν
747 3623 760 3638 ο
812 3606 1034 3660 ἄπιστοι
1067 3605 1174 3676 γὰρ
1221 3600 1388 3676 ⁴ἦσαν·
1423 3603 1517 3658 καὶ
1558 3603 1828 3656 δείκνυται

252 3700 415 3755 τοῦτο
445 3703 510 3754 ὲκ
537 3699 630 3753 τοῦ
666 3699 848 3767 λέγειν
896 3699 1118 3761 αὐτοὺς,
1141 3697 1223 3750 ὅτι
1257 3697 1512 3750 Ἀπελθε
1544 3694 1662 3747 ἀπὸ
1710 3693 1830 3746 τῶν

253 3794 438 3861 ὁρίων
486 3791 679 3860 ἡμῶν.
742 3793 842 3843 Διὰ
871 3789 1030 3842 τοῦτο
1060 3788 1117 3842 δὲ
1146 3790 1273 3850 τοὺς
1303 3787 1518 3859 χοίρους
1550 3785 1757 3838 ἀνεῖλον
1778 3785 1830 3837 οἱ

147 3915 152 3920 ~
250 3883 527 3954 δαίμονες,
557 3883 642 3936 ἵνα
674 3883 796 3944 τοὺς
819 3879 1228 3950 ἀνθρώπουςείς
1246 3878 1484 3947 ἀθυμίαν
1514 3876 1791 3946 ἐμϐάλωσι
1810 3892 1825 3905 °

254 3972 534 4043 πανταχοῦ
567 3973 675 4042 γὰρ
709 3969 989 4042 χαίρουσιν
1028 3971 1118 4023 ἐπὶ
1148 3971 1266 4032 ταῖς
1307 3969 1613 4038 συμφοραῖς
1650 3967 1828 4037 ἡμῶν.

859 4093 1110 4150 ΚΕΦΑΛ.
1155 4093 1232 4150 Θ’.

337 4227 410 4280 'll
466 4227 564 4296 μὲν
608 4221 857 4294 Βηθλεὲμ
903 4220 1135 4294 ἤνεγκεν
1198 4220 1362 4274 αὑτὸν
1425 4218 1832 4291 παροδευὸντων

250 4319 363 4372 τῶν
438 4319 676 4386 γονέων·
730 4317 765 4386 ἡ
817 4315 874 4367 δὲ
945 4311 1200 4385 Ναζαρὲθ
1279 4310 1541 4383 ἔθρεψεν·
1621 4308 1832 4362 ίκεῖθεν

1913 793 2121 851 velans,
2155 784 2248 840 sed
2281 799 2350 840 ne
2384 785 2475 839 illa
2503 784 2820 840 caelestibus
2849 784 3161 839 anteferret.

1983 970 2147 1026 Vens.
2183 970 2272 1024 24.
2307 965 2619 1024 Dormiebat
2655 968 2914 1022 Dominus
2942 984 2969 1020 τι
2997 969 3274 1038 proposito
3305 970 3356 1024 in
3385 987 3483 1023 na-

1912 1063 2111 1126 vicula,
2166 1077 2272 1115 non
2313 1061 2571 1129 ignorans
2607 1059 2751 1128 quod
2803 1059 2916 1114 ﬁeri
2967 1061 3220 1126 debebat,
3270 1071 3325 1115 et
3374 1077 3481 1113 mm

1913 1151 2090 1220 impar
2120 1166 2306 1223 pacem
2336 1151 2716 1220 componendi.
2739 1148 2928 1208 Sciens
2959 1161 3138 1206 autem
3169 1153 3482 1222 agitandum

1912 1256 2036 1296 esse
2085 1256 2258 1304 mare,
2297 1241 2367 1295 ob
2397 1257 2595 1296 causas
2629 1243 2769 1298 duas
2798 1243 3125 1308 dormiebat,
3154 1255 3212 1298 ut
3237 1243 3487 1297 debilitas

1914 1333 2050 1388 levis
2079 1331 2475 1400 discipulorum
2518 1332 2640 1386 ﬁdei
2670 1333 2722 1386 itt
2754 1343 3074 1403 tempestate
3119 1333 3482 1388 confundere-

1913 1433 2034 1485 tur,
2082 1432 2136 1476 et
2177 1423 2420 1491 potentia
2483 1421 2783 1478 divinitatis
2836 1423 2956 1492 ejus
2996 1425 3172 1492 palam
3233 1425 3490 1479 ostende-

1917 1526 2088 1569 retur.

1991 1609 2154 1662 Vens.
2194 1609 2285 1663 25.
2324 1607 2599 1662 Timorem
2631 1623 2741 1662 non
2773 1605 3090 1675 magnitudo
3127 1606 3486 1660 tentationum

1919 1699 2068 1767 facit,
2093 1700 2186 1754 sed
2219 1699 2415 1754 mentis
2442 1699 2791 1753 imbecillitas
2825 1717 2836 1751 :
2867 1696 2988 1751 ideo
3014 1696 3268 1750 ﬂuctibus
3293 1697 3490 1767 agitari

1919 1806 1980 1847 se
2007 1789 2291 1860 permittit,
2324 1797 2383 1842 ut
2409 1803 2502 1844 eos
2527 1789 2813 1844 credentes
2844 1787 3015 1858 magis
3042 1803 3136 1856 per
3162 1787 3491 1841 miraculum

1917 1882 2153 1946 elliciat;
2204 1895 2309 1935 non
2351 1882 2496 1935 enim
2549 1889 2758 1934 tantum
2800 1887 3010 1948 patrata
3052 1879 3106 1931 in
3146 1879 3269 1932 aliis
3325 1877 3494 1930 mira-

1917 1974 2061 2036 cula,
2114 1980 2380 2042 quantum
2415 1971 2466 2024 in
2516 1971 2648 2039 ipsis
2702 1978 2854 2040 gesta
2909 1969 3008 2023 bos
3051 1969 3294 2024 excitare
3333 1975 3491 2037 pote-

1920 2071 2062 2116 τευ-ι.

1995 2153 2158 2208 Vens.
2201 2153 2294 2208 29.
2326 2151 2466 2220 Quid
2492 2162 2578 2209 est
2605 2152 2751 2224 quod
2777 2165 2808 2205 a
2837 2149 3122 2206 dmmoniis
3150 2149 3354 2204 dictum
3384 2158 3490 2218 est,

1931 2245 2130 2300 Venisti
2178 2254 2298 2299 ante
2332 2254 2531 2312 tempus
2579 2253 2816 2314 torquere
2849 2231 2981 2296 nos?
3029 2239 3380 2296 invisibiliter
3416 2255 3489 2295 ex

1921 2336 2044 2404 ejus
2073 2334 2363 2404 praesentia
2393 2333 2662 2387 daemonia
2693 2330 3078 2403 patiebantur;
3121 2339 3245 2384 ante
3277 2337 3492 2402 tempus

1921 2426 2128 2490 dicunt,
2187 2426 2369 2482 sciunt
2416 2440 2476 2480 se
2517 2423 2649 2477 olim
2707 2421 2962 2491 castigari
3014 2420 3230 2474 debere.
3285 2419 3494 2472 Animae

1917 2517 2192 2586 iustorum
2241 2517 2296 2571 in
2333 2530 2501 2570 manu
2548 2512 2664 2580 Dei,
2722 2513 3011 2581 impiorum
3063 2518 3246 2565 autem
3298 2507 3493 2563 animze

1921 2624 2032 2662 non
2076 2608 2130 2662 itt
2181 2607 2575 2672 monumentis,
2626 2613 2684 2658 ut
2727 2605 2909 2671 plures
2957 2602 3166 2668 dicunt,
3223 2601 3316 2656 sed
3369 2599 3494 2655 inde

1921 2697 2208 2754 confestim
2242 2697 2597 2761 auferuntur;
2631 2706 2685 2750 et
2713 2703 2856 2764 patet
2888 2692 2942 2746 in
2967 2690 3176 2746 Lazaro
3199 2699 3253 2746 et
3282 2691 3451 2744 divite
3475 2707 3491 2756 ;

1922 2797 1976 2844 et
2007 2789 2165 2852 alias,
2213 2785 2387 2842 Hodie
2439 2788 2677 2840 animam
2736 2795 2882 2838 tuam
2935 2794 3159 2853 repetent
3188 2801 3221 2837 a
3253 2793 3322 2837 te.
3370 2781 3489 2836 Non

1924 2881 2186 2955 possibile
2218 2890 2301 2936 est
2349 2879 2512 2950 igitur
2555 2878 2794 2932 animam
2833 2891 3105 2947 egressam
3147 2875 3234 2930 hic
3281 2889 3491 2937 errare,

1924 2984 2016 3029 aut
2048 2975 2102 3028 in
2141 2988 2288 3040 aere,
2325 2980 2384 3026 ut
2421 2971 2634 3035 dicunt,
2683 2983 2827 3033 esse,
2855 2967 2954 3022 sed
2989 2966 3043 3021 in
3074 2965 3209 3021 loris
3238 2965 3498 3020 determi-

1851 3091 1893 3147 ο
1927 3069 2094 3120 natis.

1999 3247 2164 3302 Vens.
2197 3242 2285 3298 59...
2316 3239 2607 3298 Exaudivit
2631 3237 2891 3294 Dominus
2917 3238 3192 3292 daemones
3213 3237 3341 3291 etin
3371 3252 3496 3306 por-

1927 3355 2025 3394 cos
2059 3336 2327 3402 immisit;
2364 3333 2542 3405 primo
2570 3331 2789 3401 quidem
2828 3344 2886 3386 ut
2915 3329 3224 3384 ostenderet
3258 3344 3352 3383 eos
3388 3342 3494 3382 non

1927 3432 1982 3486 in
2009 3443 2203 3501 porcos
2227 3435 2543 3496 potestatem
2574 3423 2797 3489 habere,
2831 3437 3005 3491 neque
3035 3421 3199 3474 ullam
3237 3422 3288 3473 in
3320 3421 3498 3472 homi-

1928 3537 2060 3586 nes;
2081 3519 2279 3574 deinde
2305 3517 2621 3571 utlncorunt
2656 3513 2848 3570 incola:
2875 3513 3148 3566 discerent
3171 3512 3293 3581 quis
3314 3521 3494 3574 esset;

1928 3627 2037 3665 non
2074 3613 2360 3664 credentes
2395 3607 2540 3661 enim
2571 3614 2750 3661 erant.
2790 3605 2861 3660 Et
2883 3598 3085 3658 indicat
3111 3603 3184 3666 id,
3227 3603 3377 3672 quod
3405 3602 3496 3655 isti

1928 3705 2138 3766 dicunt,
2168 3712 2228 3756 ut
2275 3700 2534 3756 transiret
2564 3715 2594 3753 a
2625 3698 2828 3753 ﬁnibus
2865 3711 3076 3751 eorum.
3134 3694 3260 3750 ideo
3305 3709 3497 3764 porcos

1927 3796 2272 3852 abstulerunt
2302 3794 2597 3855 ιίωιιιοιιθε,
2623 3800 2681 3845 ut
2712 3789 2958 3845 homines
2983 3789 3036 3843 in
3067 3787 3498 3857 desperationem

1932 3885 2268 3954 conjicerent
2296 3899 2311 3936 :
2339 3897 2461 3936 nam
2494 3896 2710 3952 semper
2741 3880 2795 3937 itt
2831 3880 3038 3934 nostris
3085 3878 3503 3933 adversitatibus

1932 3975 2188 4044 gaudent.
2533 3959 2538 3964 ’

2531 4092 2761 4150 CAPUT
2806 4093 2900 4149 lx.

1999 4225 2161 4281 Vens.
2199 4225 2250 4279 1.
2283 4221 2555 4277 Bethleem
2588 4223 2804 4292 quidem
2839 4221 3047 4290 peperit
3075 4233 3223 4285 eum,
3265 4219 3503 4288 parenti-

1933 4319 2036 4374 bus
2067 4319 2166 4371 iter
2198 4315 2552 4378 facientibus;
2579 4313 2845 4366 Naza‘retli
2875 4327 3003 4364 vero
3035 4311 3310 4375 educavit,
3375 4311 3500 4363 inde

253 4415 366 4483 γὰρ
414 4413 463 4463 οἱ
517 4411 731 4478 γονείςο
769 4409 803 4478 ἡ
843 4406 901 4459 δὲ
945 4405 1321 4476 Καπερναοῦμ
1380 4400 1523 4474 εἶχεν
1577 4402 1823 4455 οἰκοῦντα

1933 4412 2079 4463 enim
2108 4416 2263 4461 erant
2293 4413 2577 4477 parentes;
2605 4414 2657 4456 et
2689 4401 3070 4470 Capitarnaunt
3109 4401 3342 4455 incolant
3377 4401 3502 4454 eum

253 4503 540 4574 διηνεκῶς.

340 4598 402 4648 Ὀ
439 4595 536 4664 μὲν
567 4591 842 4653 Ματθαῖος
881 4589 1010 4658 περὶ
1051 4587 1142 4640 τοῦ
1173 4583 1543 4656 παραλυτικοῦ
1576 4585 1724 4652 λέγει
1749 4583 1831 4636 ὅτι

256 4688 601 4759 προσέφερον
661 4683 821 4736 αὐτόν
841 4698 854 4710 ·
890 4684 938 4734 οἱ
967 4681 1024 4734 δὲ
1055 4680 1204 4734 ἄλλοι
1251 4681 1334 4732 ὅτι
1366 4678 1461 4732 καὶ
1490 4677 1586 4747 τὴν
1634 4677 1832 4744 στέγην

257 4780 606 4844 διατεμόντες
647 4774 899 4843 καθῆκαν
955 4773 1136 4825 αὐτόν.
1197 4769 1394 4841 Ἀληθῆ
1446 4767 1538 4821 οῦν
1584 4768 1651 4821 τὰ
1701 4768 1830 4820 δύο⁶

256 4876 477 4942 πρῶτον
515 4873 611 4942 μὲν
646 4869 1053 4938 ἀπεστέγασαν,
1089 4861 1208 4919 εἶτα
1251 4863 1486 4934 πλήθους
1534 4861 1680 4922 ὖντος
1707 4859 1834 4930 περὶ

258 4968 449 5032 αὐτὸν,
477 4965 883 5036 προσήνεγκαν.

331 5058 631 5120 Είπόντων,
669 5057 764 5119 Τίς
801 5051 1049 5106 δύναται
1080 5047 1317 5118 ἀφιέναι
1350 5045 1637 5116 ἁμαρτίας
1665 5045 1716 5096 εὶ
1745 5043 1831 5111 μὴ

248 5151 444 5221 μόνος
474 5151 505 5202 ὀ
538 5149 713 5211 Θεός;
740 5144 901 5206 αὐτὸς
931 5142 1144 5204 δεικνὺς
1175 5138 1314 5192 κατὰ
1343 5137 1433 5190 τὸν
1463 5137 1617 5205 λόγον
1656 5136 1836 5188 αὐτῶν

253 5246 338 5296 ὅτι
362 5241 494 5304 Θεὸς
525 5243 662 5304 ἐστι,
691 5237 838 5305 λέγει
861 5253 874 5265 ·
906 5236 964 5290 Τί
986 5234 1156 5286 ἐστιν
1175 5228 1600 5296 εὐκολώτερον,
1623 5228 1834 5292 εἰπεῖν,

250 5334 596 5428 ΙἈφέωνταί
630 5347 768 5392 σου.
819 5328 858 5397 ἢ
887 5327 1097 5389 ειπεῐν,
1140 5319 1318 5392 Ἆρον
1356 5321 1464 5374 τὸν
1509 5322 1838 5389 κράϐαττόν

258 5444 385 5480 σου
419 5426 514 5478 καὶ
549 5421 896 5492 περιπάτει;
933 5421 999 5470 Ὃ
1026 5418 1083 5471 δὲ
1116 5417 1287 5483 λέγει,
1323 5412 1562 5468 τοιοῦτόν
1591 5414 1706 5464 ἐστι
1727 5429 1742 5444 ο
1771 5411 1836 5463 Τί

257 5521 411 5573 δοκεί
439 5517 657 5570 εῠκολον
687 5495 818 5584 ὑμῖν
844 5509 1004 5572 εῖναι,
1037 5511 1096 5561 τὸ
1126 5499 1347 5576 σφίγξαι
1371 5503 1832 5576 παραλελυμένον,

255 5611 292 5680 ἦ
329 5609 507 5679 ψυχῆς
553 5607 924 5678 ἁμαρτήματα
969 5602 1165 5666 λῦσαι;
1197 5595 1432 5668 Εῦδηλον
1472 5598 1552 5649 ὅτι
1586 5595 1839 5666 ἁμαρτή-

259 5715 413 5774 ματα
438 5701 616 5754 λῦσαι.
659 5697 799 5749 Ἀλλ’
835 5694 1021 5762 ἐπειδὴ
1046 5693 1108 5745 τὸ
1139 5693 1236 5762 μὲν
1254 5689 1475 5760 ἀφανὲς,
1501 5689 1560 5741 τὸ
1587 5689 1642 5741 δὲ
1669 5704 1836 5758 φανε-

581 5794 849 5855 ΡΑτιιοι..
895 5791 1013 5850 Gn.
1045 5786 1198 5849 CVI.

1935 4499 2124 4554 habuit
2153 4505 2436 4567 perpetuo.

2008 4590 2170 4644 Vsns.
2207 4589 2262 4643 2.
2297 4587 2583 4640 Mattbaeus
2614 4586 2678 4638 de
2723 4583 3022 4655 paralytico
3068 4581 3200 4636 dicit
3247 4582 3389 4651 quod
3423 4579 3509 4634 nl-

1935 4683 2181 4737 ferebant
2214 4697 2335 4733 eum
2365 4697 2378 4745 ;
2410 4680 2502 4733 alii
2536 4689 2715 4732 autem
2770 4676 2912 4745 quod
2953 4683 3151 4730 lectum
3193 4686 3507 4744 rumpentes

1936 4777 2084 4828 illum
2115 4770 2456 4842 proferrent;
2493 4785 2679 4822 verum
2737 4769 2898 4838 igitur
2931 4777 3012 4820 est
3044 4777 3368 4836 ntrutnque;
3402 4767 3509 4835 pri-

1937 4880 2084 4917 tnum
2118 4863 2336 4932 quidem
2380 4877 2476 4930 per
2507 4867 2706 4913 tectum
2746 4859 3104 4922 demiserunt,
3135 4858 3352 4920 deinde,
3383 4873 3507 4910 cum

1937 4955 2229 5010 multitudo
2255 4955 2408 5024 juxta
2443 4950 2629 5006 desunt
2670 4963 2836 5012 esset,
2887 4952 3221 5005 obtulerunt.

2011 5045 2174 5100 Vens.
2221 5047 2274 5098 5.
2308 5044 2622 5097 Dieentibns
2674 5043 2801 5103 illis,
2846 5041 2978 5106 Quis
3033 5049 3200 5110 potest
3251 5041 3511 5094 remittere

1936 5150 2149 5211 peccata
2181 5139 2281 5191 nisi
2313 5137 2457 5189 solus
2490 5135 2667 5188 Deus?
2702 5136 2814 5204 ipse
2848 5135 3141 5188 ostendens
3168 5139 3232 5188 ex
3270 5133 3507 5202 ipsorunt

1939 5247 2190 5288 sermone
2225 5247 2283 5285 se
2313 5227 2480 5282 Deum
2515 5243 2657 5291 esse,
2692 5225 2862 5280 dicit:
2899 5222 3040 5290 Quid
3067 5228 3144 5278 est
3175 5223 3390 5292 facilius
3421 5223 3509 5274 di-

1940 5341 2072 5388 cere,
2106 5322 2460 5375 Dimittuntur
2509 5318 2624 5383 tibi,
2667 5334 2735 5370 an
2770 5317 2964 5381 dicere,
3026 5313 3171 5369 Tolle
3225 5315 3509 5384 grabatum

1941 5423 2086 5466 tuum
2117 5423 2162 5464 et
2196 5410 2451 5462 ambula?
2484 5407 2638 5474 Quod
2672 5417 2851 5460 autem
2887 5405 3042 5470 dicit,
3072 5405 3178 5458 tale
3214 5413 3334 5458 est:
3367 5402 3512 5468 Ouid

1942 5505 2153 5557 videtur
2186 5501 2340 5554 vobis
2371 5499 2529 5554 facile
2558 5502 2700 5561 esse,
2737 5496 3096 5567 paralyticum
3124 5495 3417 5566 stringere,
3443 5511 3511 5550 an

1941 5596 2138 5650 animae
2165 5602 2384 5663 peccata
2413 5590 2662 5645 solvere?
2690 5589 3002 5659 Patetquod
3027 5598 3249 5660 peccata
3278 5591 3513 5644 solvere.

1945 5688 2050 5743 Sed
2082 5686 2341 5756 quoniam
2395 5688 2496 5740 hoc
2523 5682 2744 5752 quidem
2799 5681 3093 5746 invisibile,
3145 5680 3277 5736 illud
3334 5692 3515 5734 autem

3051 5777 3132 5842 35
