4026 6408
604 335 740 403 1099

1326 329 1713 410 ΟῌΗΞΕΗΙΑ
1761 324 2387 388 SCRIPTURISTICA
2425 325 2773 389 ΙΝΟΕΒΤιΈ
2807 327 3115 390 ΑΞΤΑΤΙΒ.

3693 339 3808 394 Πυυ

597 452 810 509 visibile
854 460 956 516 est,
994 448 1259 505 minorem
1292 463 1405 512 rem
1442 462 1676 516 expono,
1711 456 1769 500 ιιι
1804 446 1975 514 major
2002 453 2054 497 et
2090 444 2155 497 ini

2282 444 2397 515 ρδν,
2431 446 2765 515 προστίθημι
2784 446 2848 499 τὸ
2874 446 3323 517 καταδεέστερον,
3344 446 3429 500 ἵνα
3458 443 3516 498 τὸ
3541 444 3710 515 μεῖζον
3732 450 3812 502 καὶ

598 544 826 601 visibilis
852 542 1128 597 credatur.

666 633 833 690 Vens.
864 634 915 688 9.
952 631 1275 687 Insidiantes
1308 630 1522 694 evitans
1556 645 1664 684 non
1696 638 1941 683 moratur
1974 627 2167 682 iisdem

597 724 753 791 locis,
789 724 879 779 sed
915 722 1228 794 frequenter
1270 706 1564 789 immutat,
1613 722 1799 776 odium
1842 730 1901 775 ut
1951 718 2168 775 facilius

595 817 957 961 plaégtusfdl.
994 901 1281 957 Matthzrus
1317 901 1643 972 publicanus
1665 942 1680 967 ,
1722 900 1815 970 qui
1844 908 1898 954 et
1930 913 2165 969 evange-

593 998 738 1062 .ista,
772 996 1023 1063 ingressu
1051 994 1254 1048 Christi
1281 992 1608 1057 honoratus,
1630 1005 1824 1045 omnes
1843 989 2166 1060 publicanos

592 1085 932 1143 convocavit.

663 1176 831 1231 Vens.
866 1176 952 1229 l5.
992 1173 1119 1228 Ideo
1149 1172 1340 1227 dicunt
1383 1170 1644 1226 Pharisaei
1675 1169 1961 1239 discipulis
1994 1186 2009 1223 :
2043 1168 2164 1222 Ma-

591 1267 752 1335 gister
777 1273 943 1317 uester
974 1265 1174 1315 uitricus
1200 1261 1605 1329 publicanorum
1629 1269 1679 1315 et
1706 1269 2038 1330 peccatorum
2064 1267 2162 1325 est,

591 1358 832 1415 volentes
854 1364 1099 1412 avertere
1125 1355 1246 1409 illos
1268 1355 1337 1409 ab
1362 1368 1448 1408 eo.

660 1540 828 1595 Vens.
866 1539 952 1594 Η.
999 1538 1179 1604 Quare
1218 1535 1448 1592 Joannis
1493 1534 1797 1606 discipulos
1840 1535 2164 1605 objicientes

589 1634 732 1702 quod
762 1631 883 1702 ejus
922 1629 1177 1699 discipuli
1213 1641 1322 1681 non
1358 1626 1710 1697 jejunarent,
1751 1641 1859 1681 non
1895 1627 2165 1695 vituperat

592 1732 653 1778 ut
676 1738 815 1777 vane
845 1722 1137 1793 gloriosos,
1172 1719 1263 1774 sed
1288 1718 1474 1787 sponsi
1493 1717 1801 1785 exemplum
1835 1718 1945 1771 illis
1975 1717 2164 1771 aﬂert?

2276 536 2481 605 άφανές
2507 536 2794 606 πιστευθῇ.

2359 624 2653 680 Ἐκκλίνων
2681 628 2811 690 τοὺς
2840 624 3311 689 ἐπιϐουλεύοντας,
3336 624 3434 678 οὐκ
3459 624 3693 693 ἐπιμένει
3720 628 3813 689 τοῖς

2274 718 2483 781 τόποις,
2518 717 2655 771 ἀλλά
2689 716 2860 789 συχνὰ
2896 716 3306 789 μετανίσταται,
3337 714 3515 778 διδοὺς
3541 713 3815 787 ὑποχωρεῖν

2276 809 2368 864 τὸν
2394 809 2612 878 φθόνον.

2361 898 2419 951 Ὀ
2450 899 2729 961 Ματθαῖος
2754 896 2993 968 τελώνης
3016 936 3032 961 ,
3058 895 3119 959 δς
3166 894 3261 949 καὶ
3290 892 3676 962 εὐαγγελιστὴς
3702 895 3815 946 καλ-

2273 989 2646 1061 λωπιζόμενος
2663 992 2729 1061 τῇ
2752 989 2943 1059 εἰσόδῳ
2957 986 3217 1061 Χριστοῦ,
3238 987 3447 1048 πάντας
3461 985 3587 1046 τοὺς
3607 983 3817 1050 τελώνας

2275 1083 2653 1137 συνεκάλεσεν.

2342 1174 2441 1227 Διά
2484 1174 2643 1227 τοῦτο
2688 1173 2939 1242 λέγουσιν
2982 1173 3031 1228 oi
3076 1173 3359 1244 Φαρισαῖοι
3392 1173 3511 1236 τοῖς
3545 1171 3817 1243 μαθηταῖς,

2272 1264 2352 1317 ὅτι
2380 1264 2434 1316 '0
2455 1262 2826 1330 διδάσκαλος
2852 1263 3022 1332 ὑμῶν
3044 1264 3225 1333 φίλος
3243 1263 3517 1317 τελωνῶν
3536 1264 3633 1317 καὶ
3657 1266 3819 1333 ἁμαρ-

2272 1354 2475 1409 τωλῶν
2493 1355 2644 1421 ἐστι,
2672 1355 2987 1427 βουλόμενοι
3016 1355 3373 1425 ἀποχωρῆσαι
3402 1354 3599 1418 αὐτοὺς
3621 1356 3710 1408 ἀπ’
3737 1356 3819 1407 αὑ.

2271 1461 2385 1497 του.

2343 1532 2502 1597 Τίνος
2525 1533 2715 1588 ἕνεκεν
2741 1536 2867 1597 τοὺς
2910 1535 3157 1590 Ἰωάννου
3190 1533 3441 1606 μαθητὰς
3479 1534 3819 1603 ἐγκαλοῦντας

2269 1625 2351 1678 ὅτι
2387 1626 2627 1697 μαθηταὶ
2661 1625 2824 1679 αὑτοῦ
2857 1626 2918 1679 ού
2949 1626 3335 1698 νηστεύουσιν,
3374 1627 3473 1681 οὐκ
3511 1628 3732 1697 ἐπιτιμᾷ
3756 1627 3821 1688 ὡς

2272 1712 2601 1779 κενοδόξους,
2629 1713 2763 1766 ἀλλά
2791 1715 3029 1784 νυμφίου
3057 1717 3360 1787 μέμνηται;
3386 1716 3501 1769 Ούκ
3527 1716 3747 1786 ἐπιτιμᾷ
3764 1714 3821 1769 δι’

589 1813 709 1870 Non
739 1816 1012 1883 vituperat
1054 1827 1151 1881 per
1189 1808 1705 1874 mansuetudinem;
1739 1823 2001 1879 sponsum
2036 1823 2155 1864 vero

2268 1804 2609 1855 ἐπιείκειαν·
2663 1804 2900 1873 νυμφίου
2954 1803 3011 1857 δέ
3075 1806 3349 1875 μέμνηται
3411 1805 3823 1875 ἀναμιμνήσκων

589 1904 864 1975 proponit,
890 1902 997 1956 illis
1020 1901 1073 1955 in
1100 1900 1415 1955 memoriam
1440 1913 1705 1953 revocans
1721 1898 1952 1953 Joannis
1977 1900 2161 1966 verba,

586 2010 718 2051 cum
770 1993 909 2048 dixit
954 2007 967 2042 :
1007 1990 1111 2055 Qui
1145 2004 1392 2058 sponsam
1421 1988 1574 2041 habet
1608 2003 1833 2056 sponsus
1872 1998 1974 2043 est.
2006 1989 2163 2055 Quod

589 2094 767 2140 autem
800 2082 931 2138 dicit
965 2081 1071 2136 tale
1102 2090 1187 2136 est
1220 2098 1235 2135 :
1279 2078 1520 2147 Tempus
1556 2093 1734 2133 meum
1765 2088 1820 2133 et
1858 2095 1991 2134 meae
2040 2081 2164 2135 vitae

586 2184 825 2249 tempus,
875 2174 1078 2229 laetitia:
1107 2181 1192 2228 est
1242 2173 1351 2227 illis
1401 2170 1659 2237 occasio;
1714 2171 1931 2227 venient
1978 2183 2159 2228 autem

584 2268 704 2325 dies
740 2265 961 2337 quando
992 2266 1060 2319 ab
1092 2265 1198 2320 illis
1232 2263 1513 2318 auferetur
1546 2278 1804 2333 sponsus.

655 2357 826 2413 Vens.
878 2356 964 2412 iii.
1016 2355 1158 2422 Quid
1207 2354 1467 2424 estquod
1510 2355 1664 2422 dicit,
1714 2355 1881 2409 Nemo
1926 2358 2160 2411 immittit

585 2449 986 2502 commissuram
1031 2446 1195 2516 panni
1248 2445 1396 2498 rudis
1453 2444 1509 2496 in
1555 2444 1919 2497 vestimentum
1970 2448 2161 2501 vetus?

584 2539 837 2596 Ostendit
864 2554 973 2594 non
1008 2538 1186 2593 factos
1224 2551 1344 2592 esse
1380 2534 1587 2589 validos
1614 2536 1794 2592 adhuc
1822 2537 2157 2606 discipulos;

583 2641 641 2689 et
676 2632 749 2687 ita
800 2632 855 2686 in
909 2631 1201 2701 praesentia
1245 2628 1421 2684 obviis
1466 2640 1574 2680 non
1627 2636 1839 2697 oportet
1876 2629 2160 2700 imponere

582 2730 851 2793 praecepta
888 2734 1149 2775 onerosa.

652 2811 823 2868 Vens.
858 2811 943 2865 17.
975 2810 1139 2866 Utres
1172 2819 1227 2866 ct
1259 2811 1445 2866 vinum
1480 2810 1758 2883 proponit,
1798 2808 2059 2880 quoniam
2091 2808 2158 2864 de

584 2902 709 2973 gula
757 2916 938 2957 sermo
974 2910 1130 2969 erat;
1162 2901 1281 2955 ideo
1310 2901 1380 2955 ab
1428 2902 1619 2957 iisdem
1658 2901 1826 2957 sumit
1866 2900 2115 2971 exempla
2139 2937 2155 2964 ,

580 3003 637 3048 et
660 2992 807 3063 quod
832 2992 968 3045 nihil
988 3001 1270 3047 austerum
1295 2993 1587 3062 praecipere
1609 2998 1853 3062 oporteat
1875 3005 1975 3047 nec
1995 3005 2157 3061 grave

470 3080 481 3089 ’
581 3085 670 3141 his
699 3084 792 3158 qui
823 3084 1108 3156 incipiunt.

2266 1895 2461 1957 αὐτοὺς
2490 1894 2601 1947 τῶν
2641 1894 2889 1953 Ἰωάννου
2926 1896 3188 1966 ῥημάτων
3211 1937 3226 1958 ,
3272 1897 3338 1949 δι’
3385 1890 3461 1951 ὧν
3501 1896 3719 1965 ἐλεγεν’
3769 1896 3831 1949 '0

2264 1984 2421 2054 ἔχων
2444 1986 2558 2053 τὴν
2581 1986 2828 2055 νύμφην
2854 1987 3115 2055 νυμφίος
3142 1988 3335 2041 ἐστιν·
3364 1987 3393 2040 ὃ
3429 1987 3486 2041 δὲ
3514 1987 3664 2056 λέγει
3686 2027 3699 2051 ,
3728 2003 3823 2039 τοι·

2262 2076 2420 2131 οῦτόν
2461 2078 2630 2131 ἐστιν’
2672 2078 2730 2131 Ὀ
2758 2080 2949 2148 καιρὸς
2978 2080 3007 2133 ὀ
3052 2080 3185 2149 ἐμὸς
3211 2079 3306 2133 καὶ
3332 2080 3438 2150 τῆς
3473 2079 3614 2149 ἐμῆς
3642 2079 3822 2146 διαγω-

2262 2166 2385 2238 γῆς,
2424 2170 2599 2239 χαρᾶς
2647 2170 2797 2222 ἐστιν
2837 2170 3018 2233 αὐτοῖς
3069 2171 3328 2235 ὑπόθεσις
3354 2186 3371 2204 ⁸
3420 2172 3729 2225 ἐλεύσονται
3771 2169 3823 2223 δὲ

2262 2260 2464 2331 ἡμέραι
2509 2261 2636 2313 ὅταν
2665 2259 2762 2312 ἀπ’
2796 2261 2976 2315 αὐτῶν
3002 2262 3144 2333 ἀρθῇ
3178 2265 3206 2317 ό
3239 2264 3495 2334 νυμφίος.

2334 2354 2400 2406 Τί
2429 2353 2581 2407 ἐστιν
2602 2353 2631 2407 δ
2662 2354 2832 2423 λέγει,
2859 2354 2941 2407 ὅτι
2967 2354 3178 2421 οὐδεὶς
3208 2355 3519 2409 ἐπιϐάλλει
3541 2355 3821 2422 ἐπίϐλημα

2252 2443 2477 2512 ῥάκους
2514 2445 2789 2515 ἀγνάφου
2826 2445 2926 2499 ἐπὶ
2965 2445 3173 2515 ίματίῳ
3220 2444 3486 2511 auaui);
3520 2446 3709 2515 Δηλῶν
3749 2447 3819 2499 ὅτι

2260 2536 2414 2589 οῦπω
2463 2537 2753 2605 γεγόνασιν
2791 2536 3005 2607 ίσχυροὶ
3048 2538 3096 2590 οῖ
3135 2536 3396 2608 μαθηταί·
3430 2537 3574 2591 οὕτω
3614 2536 3669 2590 δὲ
3710 2537 3820 2607 άρτι

2259 2628 2639 2699 διακειμένους
2663 2669 2677 2695 ,
2712 2629 2773 2682 οὐ
2810 2627 2918 2700 χρὴ
2987 2628 3295 2683 ἐπιτιθέναι
3344 2630 3695 2699 ἐπιτάγματα
3736 2629 3819 2698 βαι

2264 2734 2479 2788 ρουντα.

2339 2808 2548 2862 ’Δσκῶν
2577 2808 2851 2881 μέμνηται
2881 2812 2979 2865 καὶ
3006 2810 3153 2865 οἴνου
3176 2848 3193 2875 ,
3230 2808 3417 2881 ἐπειδὴ
3444 2809 3573 2880 περὶ
3607 2827 3817 2879 γαστρι-

2261 2902 2501 2971 μαργίας
2532 2897 2599 2973 ἦν
2624 2903 2653 2955 δ
2681 2903 2859 2971 λόγος’
2893 2903 2983 2957 διά
3010 2902 3168 2955 τοῦτο
3198 2902 3306 2956 ἀπὸ
3340 2901 3449 2954 τῶν
3475 2902 3663 2955 αὐτῶν
3691 2902 3818 2970 λαμ-

2258 2990 2408 3045 ϐάνει
2446 2993 2515 3045 τά
2545 2992 2922 3063 ὑποδείγματα
2949 3007 2965 3023 '
2999 2994 3093 3046 καὶ
3124 2992 3206 3045 ὅτι
3246 2990 3400 3045 οὐδὲν
3424 2990 3695 3064 αὐστηρὸν
3719 2994 3818 3045 ἐπι·

2256 3083 2469 3136 τάττειν
2489 3084 2594 3154 χρὴ
2625 3085 2721 3137 καὶ
2749 3083 2915 3155 βάρος
2944 3083 3067 3157 ἔχον
3098 3068 3219 3150 τοΙξ
3249 3082 3599 3156 ἀρχομένοις.

658 3146 821 3234 νέας.
861 3146 952 3232 20.
1013 3176 1125 3232 Cur
1174 3192 1281 3232 non
1311 3175 1485 3247 palam
1523 3175 1946 3233 hazmorrhoissa
1970 3174 2155 3230 venit?

2333 3174 2434 3227 Διά
2583 3146 2664 3248 μὴ
2709 3146 3043 3249 φξιυὲρῶςᾟ
3080 3146 3453 3249 αἱμορροοῦσα
3482 3146 3691 3247 ἦλθεν;
3742 3176 3820 3239 Ὥς

577 3253 737 3341 Quod
783 3271 1054 3340 impuram
1096 3283 1215 3325 esse
1249 3286 1307 3324 se
1353 3270 1577 3340 putabat
1620 3268 1690 3323 ob
1728 3268 1966 3337 ﬂuxum;
1995 3277 2160 3339 atque

572 3362 743 3417 .etiam
762 3358 905 3430 quod
922 3359 1331 3413 convenientem
1350 3374 1455 3413 non
1478 3358 1715 3414 habebat
1734 3358 1801 3414 de
1819 3358 1911 3412 illo
1939 3359 2157 3428 opinio-

566 3466 726 3518 nem,
762 3464 886 3503 nam
921 3449 1089 3504 latere
1121 3464 1227 3504 non
1272 3458 1535 3519 putasset.
1560 3449 1653 3505 llle
1689 3459 1871 3505 autem
1900 3463 2012 3504 non
2037 3464 2158 3519 per-

569 3541 731 3597 misit
756 3556 876 3595 eam
901 3539 1090 3600 latere,
1115 3548 1169 3593 ut
1201 3538 1436 3608 primum
1460 3538 1714 3593 timorem
1740 3538 1858 3605 ejus
1888 3540 2153 3604 solveret;

561 3632 819 3689 secundo
850 3641 913 3685 ut
933 3630 1237 3699 corrigeret
1268 3644 1411 3696 eam,
1442 3629 1703 3699 quoniam
1738 3629 1906 3685 latere
1928 3639 2155 3699 putave-

564 3731 698 3789 rrat;
727 3721 886 3775 tertio
917 3728 976 3773 ut
999 3720 1164 3773 ﬁdem
1202 3718 1323 3789 ejus
1360 3719 1639 3788 publicam
1679 3717 1917 3786 faceret;
1957 3722 2154 3790 quarto

564 3824 783 3878 autem,
809 3820 867 3865 ut
889 3810 1381 3881 archisynagogum
1410 3809 1722 3866 credentem
1752 3808 1987 3865 ediceret
2006 3811 2152 3866 circa

575 3902 1037 3960 resurrectionem
1062 3901 1216 3968 lilia};
1253 3916 1380 3956 nam
1415 3909 1547 3957 tunc
1571 3900 1722 3956 illum
1749 3900 1855 3958 iste
1885 3901 2151 3972 implora-

574 3996 694 4050 bat.

644 4088 809 4143 Vens.
848 4086 939 4143 Ξῖ..
983 4085 1062 4142 Ne
1109 4085 1285 4143 latens
1326 4083 1761 4156 angustiaretur,
1800 4093 1855 4142 et
1884 4093 1942 4140 ut
1988 4083 2149 4140 ﬁdem

570 4179 850 4250 publicam
876 4179 1116 4245 iaceret;
1150 4186 1205 4234 et
1231 4177 1486 4234 morbum
1516 4177 1881 4247 comprimere
1905 4191 2013 4231 non
2043 4176 2150 4231 mi-

573 4280 678 4319 nus
711 4273 795 4319 est
822 4280 985 4334 quam
1010 4266 1356 4335 perspicere.

643 4354 810 4411 Vens.
842 4356 934 4411 25.
975 4355 1051 4411 De
1086 4356 1403 4413 tibicinibus
1434 4356 1489 4411 in
1520 4356 1684 4411 domo
1729 4356 2146 4427 arcbisynagogi

2263 3263 2573 3337 ἀκάθαρτος
2605 3263 2745 3320 εῖναι
2772 3267 3071 3337 νομίζουσα
3090 3265 3179 3322 διὰ
3202 3266 3302 3338 τὴν
3330 3264 3516 3339 ῥύσινο
3542 3265 3629 3319 ἐτι
3655 3265 3710 3319 δὲ
3736 3263 3819 3317 καὶ

2260 3356 2358 3426 τὴν
2394 3358 2777 3429 προσήκουσαν
2814 3359 2941 3429 περὶ
2973 3357 3140 3414 αὐτοῦ
3172 3358 3248 3430 μὴ
3273 3358 3470 3430 ἔχουσα
3498 3358 3680 3425 δόξαν,
3710 3355 3817 3411 ἐπεὶ

2257 3447 2358 3500 οὐκ
2386 3447 2452 3501 ἀν
2489 3448 2707 3518 ἐνόμισε
2736 3447 3024 3502 λανθάνειν
3046 3462 3062 3481 ο
3099 3448 3199 3502 οὐκ
3227 3448 3407 3517 ἀφῆκε
3435 3448 3489 3500 δὲ
3534 3448 3706 3516 αὐτὴν
3732 3445 3817 3505 λα-

2259 3537 2391 3604 θεῖν,
2420 3539 2507 3592 ῖνα
2530 3540 2748 3610 πρῶτον
2768 3539 2868 3610 μέν
2888 3539 3024 3611 λύσῃ
3053 3541 3223 3609 αὐτῆς
3252 3540 3343 3593 τὸν
3374 3538 3557 3607 φόϐονο
3579 3539 3815 3608 δεύτερον

2258 3629 2347 3683 ἵνα
2372 3629 2734 3703 διορθώσηται
2762 3631 2990 3702 ταύτην,
3022 3631 3215 3702 ἐπειδὴ
3253 3631 3472 3701 ἐνόμισε
3502 3630 3780 3684 λανθάνειν
3799 3643 3813 3660 ⁶

2256 3720 2440 3790 τρίτον
2481 3722 2569 3775 ἵνα
2601 3724 2701 3792 τὴν
2740 3724 2926 3777 πίστιν
2964 3723 3134 3793 αὐτῆς
3169 3722 3538 3794 δημοσιεύσῃ·
3571 3724 3815 3791 τέταρτον

2254 3810 2310 3863 δὲ
2348 3810 2435 3864 ἵνα
2464 3810 2559 3864 καὶ
2599 3811 2692 3864 τὸν
2736 3812 3192 3881 ἀρχισυνάγωγον
3242 3811 3435 3865 πιστὸν
3470 3812 3678 3883 ποιήσῃ
3703 3807 3813 3879 περὶ

2253 3904 2352 3978 τήν
2378 3906 2673 3961 ἀνάστασιν
2698 3906 2791 3960 τοῦ
2815 3906 3025 3969 παιδός·
3049 3906 3172 3960 τότε
3195 3906 3304 3978 γάρ
3324 3906 3489 3959 αὐτὸν
3513 3906 3718 3976 ἐζήτει.

2230 4069 2237 4087 τ
2324 4086 2442 4141 Ἵνα
2468 4086 2544 4158 μὴ
2576 4086 2789 4158 ἀγωνιᾷ
2839 4086 3170 4155 κεκλοφυῖα,
3204 4085 3298 4139 καὶ
3340 4084 3428 4138 ἵνα
3470 4082 3810 4155 δημιοσιεύσῃ

2248 4175 2347 4245 τὴν
2383 4176 2565 4229 πίστιν
2588 4192 2603 4208 ο
2642 4178 2736 4229 καλ⁸
2765 4176 2829 4229 τὺ
2866 4176 3061 4247 στῆσαι
3090 4176 3148 4229 δὲ
3191 4175 3291 4247 τὴν
3320 4176 3495 4242 νόσον,
3522 4174 3629 4227 οὐκ
3660 4174 3803 4227 ἐλατ-

2249 4286 2342 4321 τον
2368 4268 2461 4321 τοῦ
2488 4268 2681 4339 νοῆσαί
2702 4270 2873 4322 ἐστιν.

2333 4358 2611 4430 Ἐμνήσθη
2643 4359 2753 4412 τῶν
2785 4358 3039 4428 αὐλητῶν
3062 4358 3120 4412 ἐν
3148 4356 3226 4428 τῷ
3252 4356 3707 4429 ἀρχισυναγώγῳ,
3734 4356 3808 4407 ἴνα

571 4456 927 4513 memoratur,
960 4457 1018 4501 ut
1042 4448 1101 4500 in
1128 4446 1237 4501 hoc
1264 4462 1483 4517 quoque
1512 4448 1689 4519 palam
1712 4447 2035 4503 ostendatur
2059 4462 2147 4502 ar-

2258 4452 2347 4505 καὶ
2390 4454 2449 4505 ἐν
2490 4452 2668 4523 τούτῳ
2702 4450 3040 4522 δημοσιεύσῃ
3074 4451 3175 4522 τὴν
3207 4450 3316 4503 τῶν
3356 4449 3807 4520 ἀρχισυναγώγων

568 4539 1065 4609 chisynagogorum
1100 4537 1334 4593 insania.

642 4627 1031 4683 Lamentantcs
1063 4637 1116 4681 et
1148 4627 1401 4681 tibicines
1431 4641 1465 4682 a
1499 4632 1663 4683 domo
1692 4627 1920 4698 expulit.
1959 4636 2017 4684 ut
2057 4630 2145 4683 in-

569 4718 760 4787 dignos
802 4718 894 4788 qui
952 4718 1200 4773 miraculi
1238 4728 1412 4773 teStes
1460 4720 1670 4775 essent.
1740 4717 1800 4774 In
1864 4720 2029 4776 domo
2056 4736 2145 4775 ar-

569 4810 923 4880 chisynagogi
951 4808 1099 4864 foras
1122 4823 1317 4864 omnes
1350 4809 1555 4877 emisit,
1588 4822 1642 4866 et
1670 4812 1968 4882 discipulos
1998 4812 2144 4868 solos

568 4898 790 4953 admisit
839 4898 905 4952 ad
962 4897 1273 4968 prodigium
1308 4898 1643 4967 videndum;
1694 4901 1900 4957 docens
1937 4917 2037 4957 nos
2084 4910 2146 4956 ut

569 4988 795 5061 gloriam
826 5005 949 5059 quae
982 5006 1012 5045 a
1042 4990 1229 5046 multis
1272 4991 1422 5047 venit
1446 4992 1683 5048 vitemus
1706 5031 1723 5058 ,
1755 5001 1811 5048 et
1840 4991 2141 5063 discipulos

566 5082 752 5137 animo
791 5081 1061 5137 ﬁrmiores
1100 5081 1329 5139 faciens.

640 5173 804 5230 Vens.
840 5173 931 5229 24.
970 5173 1095 5229 Νοη
1141 5183 1351 5229 mortua
1405 5184 1482 5229 est
1522 5174 1735 5245 puella,
1784 5175 1875 5228 sed
1920 5175 2137 5229 dormit.

562 5266 871 5324 Ostendunt
910 5267 1027 5327 inec
1056 5268 1221 5324 verba
1270 5274 1501 5323 mortem
1533 5282 1641 5323 non
1681 5281 1804 5324 esse
1841 5282 1988 5323 nunc
2020 5282 2137 5323 me-

563 5362 843 5416 tuendam.

633 5453 938 5523 ldeojubet
984 5462 1044 5507 ut
1071 5452 1150 5508 illi
1195 5451 1355 5508 detur
1384 5451 1753 5519 manducare,
1787 5467 1853 5509 ne
1889 5452 2137 5507 videatur

563 5545 907 5613 phantasiam
931 5560 1051 5601 esse
1070 5545 1216 5617 quod
1249 5544 1454 5600 factum
1481 5553 1583 5601 est.
1610 5543 1869 5615 (Pertinet
1901 5544 1965 5600 ad
1991 5542 2134 5599 Mar-

562 5651 709 5702 cum,
737 5654 789 5703 v,
813 5638 900 5692 45.

633 5654 709 5702 m,
737 5654 789 5703 ν,
813 5638 900 5692 45.

630 5722 800 5781 Vens.
838 5638 930 5783 27).
985 5726 1174 5789 (ἔσεσθε
1221 5729 1449 5788 attrahit
1482 5729 1821 5797 clamantes,
1874 5743 1981 5785 non
2033 5744 2131 5799 per

2249 4542 2460 4597 ἄνοιαν.

2317 4634 2455 4697 Τοὺς
2503 4633 2837 4705 θρηνοῦντας
2895 4633 2990 4687 καὶ
3036 4633 3336 4697 αὐλοῦντας
3380 4632 3485 4697 ἔξω
3513 4632 3619 4703 τῆς
3646 4632 3805 4691 οἰκίας

2245 4722 2530 4790 ἐξέϐαλεν,
2564 4725 2640 4789 di;
2674 4725 2926 4791 ἀναξίους
2960 4724 3158 4787 αὐτοὺς
3184 4724 3278 4777 τοῦ
3312 4722 3591 4793 θαύματος
3621 4724 3804 4793 κρίνων

2244 4812 2405 4868 εἶναι.
2446 4816 2569 4869 Ἐπὶ
2600 4815 2696 4869 τοῦ
2718 4815 3175 4887 ἀρχισυναγώγου
3205 4816 3385 4869 πάντα
3412 4815 3667 4880 ἐξέϐαλεν
3689 4815 3801 4878 ἔξω,

2243 4905 2370 4968 τοὺς
2394 4905 2452 4958 δὲ
2489 4904 2741 4975 μαθητάς
2765 4905 2961 4976 μόνους
2992 4906 3310 4975 εἰσήνεγκεν
3341 4906 3473 4977 όρᾷν
3500 4905 3563 4957 τὸ
3599 4904 3800 4972 θαῦμα·

2242 4997 2508 5051 διδάσκων
2549 4998 2696 5067 ἡμᾶς
2726 4997 2826 5068 τὴν
2858 4998 3007 5068 παρά
3038 4996 3147 5050 τῶν
3178 4995 3389 5049 πολλῶν
3432 4994 3801 5065 διακρούεσθαι

2240 5087 2420 5153 δόξαν,
2451 5089 2578 5151 τοὺς
2613 5087 2861 5159 μαθητάς
2890 5088 2947 5141 δὲ
2978 5086 3418 5157 προθυμοτέρους
3446 5086 3640 5139 ποιῶν.

2318 5178 2413 5245 Τὸ,
2454 5181 2535 5233 Οὐ
2570 5178 2883 5248 τέθνηκεν,
2921 5178 3083 5233 ἀλλὰ
3117 5176 3391 5232 καθεύδει
3410 5218 3425 5241 ,
3456 5168 3636 5244 λέγειν
3660 5217 3674 5241 ,
3705 5174 3803 5228 δειο

2238 5271 2393 5326 κνύει
2422 5271 2504 5325 ὅτι
2538 5270 2601 5324 ού
2629 5270 2861 5342 φοϐερὸς
2898 5271 2927 5324 ό
2959 5270 3187 5333 θάνατος
3221 5269 3329 5324 ἀπὸ
3360 5267 3453 5321 τοῦ
3482 5267 3602 5325 νῦν.

2314 5456 2413 5509 Διά
2440 5455 2600 5509 τοῦτο
2644 5454 2858 5509 κελεύει
2897 5454 3034 5526 αὐτῇ
3066 5453 3285 5523 δοθῆναι
3330 5453 3559 5522 φαγεῖν,
3605 5452 3695 5507 ἵνα
3734 5447 3798 5520 μὴ

2236 5546 2367 5621 δόξῃ
2403 5548 2674 5619 φαντασία
2712 5543 2851 5603 εἶναι
2885 5549 2946 5601 τὸ
2978 5547 3365 5618 γεγενημένον.

2310 5732 2451 5795 Τοὺς
2478 5731 2713 5801 τυφλοὺς
2749 5730 3017 5802 παρέλκει
3047 5731 3375 5799 κράζοντας,
3407 5731 3468 5784 οὐ
3494 5721 3795 5790 κενοδοξῶ“¹›
