4026 6402
286 337 419 405 1101

1276 338 1599 400 SCHOLIA
1640 338 1936 401 VETERA
1978 338 2056 399 ΙΝ
2094 335 2564 398 ΜΑΤΤΗΛΞΗΜ.

3390 341 3528 408 1102

282 449 397 505 ἁλλ’
421 449 510 503 ἵνα
530 448 681 523 δείξῃ
702 450 762 504 τὸ
789 450 980 505 πιστὸν
1003 450 1204 507 αὐτῶν.
1230 453 1549 523 Κατηγορία
1585 454 1855 506 Ἰουδαίων

1978 466 2163 505 ranam
2192 450 2442 519 gloriam,
2477 451 2570 505 sed
2602 450 2666 503 ad
2700 449 3091 505 ostendendam
3121 466 3310 507 eorum
3343 454 3524 511 ﬁdem.

285 542 379 594 καὶ
412 539 571 594 τοῦτο
612 537 702 612 ἦν,
736 542 800 595 τὸ
844 543 904 609 ἐξ
936 542 1109 613 ἀκοῆς
1146 544 1314 613 μόνης
1346 544 1531 612 ζητεῖν
1566 544 1665 614 τὴν
1714 546 1857 597 ἴασιν

282 634 394 694 τοῖς
426 633 649 701 τυφλοῖς
671 650 685 663 ο
721 634 924 703 ἧκουον
954 635 1063 706 γὰρ
1109 634 1240 705 περὶ
1267 637 1363 688 τοῦ
1402 635 1637 705 Χριστοῦ
1679 634 1851 689 οὓτω·

283 725 482 778 ἐκεῖνοι
512 724 568 778 δὲ
603 726 697 780 καὶ
724 726 952 779 ἔϐλεπον
986 728 1081 782 καὶ
1108 728 1210 781 οὐκ
1238 727 1547 781 ἐπίστευον.

351 904 480 957 Υίὸν
513 904 678 959 Δαϐὶδ
706 907 755 959 οἱ
784 906 976 976 τυφλοὶ
1007 908 1255 974 ἐκάλουν,
1279 909 1415 965 διότι
1441 912 1608 984 τιμῆς
1633 909 1774 969 εἶναι
1800 917 1860 969 τὸ

283 992 455 1063 ὄνομα
489 995 687 1050 ἐδόκει.
807 993 814 998 ’

358 1086 628 1154 Δευτέραν
661 1086 929 1158 ἐρώτησιν
962 1093 1231 1160 προσάγει
1258 1093 1398 1163 πρὸς
1428 1093 1652 1159 αὐτοὺς,
1680 1095 1739 1148 ού
1769 1096 1858 1149 δο-

287 1177 558 1246 ξομανῶν,
613 1178 749 1233 ἀλλὰ
802 1183 1121 1247 σπουδάζων
1172 1185 1510 1240 ίκετεύεσθαι
1562 1188 1856 1252 πολλάκις·

288 1268 376 1319 ἵνα
406 1269 480 1337 μὴ
513 1269 711 1341 νομίσῃ
742 1288 824 1331 τις
856 1272 1046 1327 τοῦτον
1074 1274 1151 1337 ὡς
1180 1275 1465 1343 φιλότιμον
1500 1278 1631 1333 ὅντα
1657 1280 1859 1351 ἐπιπη-

285 1357 382 1428 δᾷν
414 1362 527 1423 τοῖς
558 1359 850 1430 θαύμασιν.

362 1451 492 1504 Ὅτε
522 1451 583 1505 τὸ
617 1452 802 1523 μεῖζον
833 1454 995 1511 αὐτὸν
1020 1455 1283 1511 ἐκάλεσαν
1309 1458 1480 1529 δνομα
1499 1459 1724 1530 ᾐτοῦντο
1748 1461 1861 1516 Κύ-

290 1559 428 1612 ριον,
456 1543 578 1597 τότε
620 1547 764 1599 ἰᾶται
794 1547 1014 1613 αὐτοὺς,
1073 1548 1434 1621 ἐφελκόμενος
1466 1551 1545 1616 είς
1581 1551 1737 1606 τοῦτο
1774 1571 1864 1609 πι-

286 1631 503 1687 στεύειν
531 1633 656 1696 τοὺς
690 1636 1007 1702 ἀκούοντας.

362 1724 738 1795 Παραγγέλλει
794 1728 985 1800 μηδενὶ
1036 1732 1213 1785 εἰπεῖν
1264 1729 1353 1787 διά
1397 1733 1459 1787 τὸ
1511 1734 1737 1805 ἄτυφον
1769 1738 1863 1791 καὶ

284 1814 620 1882 ἀκενόδοξον.

373 1908 437 1961 ἰι
485 1910 760 1979 κὼφευσις
798 1912 901 1966 οὐκ
942 1907 1011 1984 ἦν
1039 1916 1246 1987 φυσικὴ
1284 1915 1560 1986 ἀσθένεια,
1612 1919 1749 1975 ἀλλὰ
1799 1921 1863 1975 ἐκ

283 1998 543 2070 δαίμονος
574 2002 892 2074 ἐπιϐουλῆς.
1446 2004 1453 2015 ’

883 2131 1133 2189 ΚΕΦΑΛ.
1210 2134 1266 2186 1⁸.

360 2257 460 2311 Διὰ
491 2258 543 2311 τί
572 2258 790 2328 Σίμωνα
824 2258 972 2329 λέγει
1017 2261 1109 2315 τὸν
1156 2262 1450 2334 λεγόμενον
1499 2266 1739 2337 Πέτρονς
1772 2284 1867 2321 και

277 2349 379 2405 διὰ
420 2352 473 2405 τί
532 2351 789 2406 Ἰάκωϐον
834 2354 927 2407 τὸν
983 2355 1245 2427 ⁹Αλφέου;
1278 2358 1406 2412 Ὀτι
1446 2353 1517 2430 ἦν
1563 2362 1658 2414 καὶ
1706 2362 1867 2426 ἄλλος

282 2443 476 2513 Σίμων
511 2444 605 2498 καὶ
625 2444 783 2509 ἄλλος
828 2445 1103 2511 Ἰάκωϐος.

366 2536 485 2589 Ἵνα
519 2537 593 2607 μὴ
633 2537 949 2608 ὲπαρθῶσιν
996 2539 1102 2594 ὑπὸ
1133 2541 1244 2597 τῶν
1282 2543 1587 2614 γινομένων
1634 2546 1727 2601 ὑπ’
1768 2549 1867 2601 αὐ-

284 2625 401 2680 τῶν
430 2626 726 2698 θαυμάτων
745 2667 761 2694 ,
791 2624 946 2683 εἶπεν
971 2646 986 2663 ο
1030 2631 1264 2701 Δωρεὰν
1306 2634 1553 2689 ἐλάϐετε
1577 2674 1593 2700 ,
1644 2635 1873 2706 δωρεὰν

286 2721 452 2777 δότε.

366 2810 437 2867 Τί
461 2813 570 2884 γὰρ
595 2814 629 2885 ἡ
661 2814 854 2886 ῥάϐδος
882 2815 1085 2869 κωλύει
1111 2817 1250 2889 πρὸς
1278 2818 1338 2871 τὸ
1363 2820 1625 2891 κήρυγμα
1648 2838 1662 2887 ;
1685 2821 1718 2893 ἢ
1743 2824 1874 2878 ποία

290 2904 540 2977 ἁμαρτία
568 2900 636 2977 ἦν
662 2908 697 2977 ἡ
723 2905 825 2977 τῆς
855 2907 1051 2979 ῥάϐδου
1082 2908 1387 2981 κράτησις;
1430 2912 1592 2966 Ἀλλὰ
1616 2913 1675 2967 τὸ
1698 2916 1873 2985 τραχὺ

290 3000 397 3069 τῆς
448 2997 700 3061 παιδείας
746 3001 814 3070 τῇ
864 3000 1047 3072 ῥάϐδῳ
1099 3002 1488 3072 παρεικάζων,
1535 3005 1874 3077 ἀπαγορεύει

1960 542 2360 597 Condemnatio
2386 540 2699 595 Iudaeorum
2734 542 2782 595 id
2813 557 3031 612 quoque
3058 553 3174 597 erat
3198 585 3213 609 ,
3240 545 3381 614 quod
3409 548 3530 601 solo

1960 634 2150 687 auditu
2198 643 2504 703 qua'rcrent
2548 633 2885 687 Curationum
2935 636 3086 689 cmci.
3133 635 3225 691 Sic
3267 639 3412 692 enim
3462 640 3532 694 de

1960 724 2182 780 Christo
2214 725 2531 791 audierant;
2569 725 2645 778 illi
2672 733 2851 779 autem
2885 725 3141 780 videbant
3174 736 3227 782 et
3258 744 3367 784 non
3413 747 3532 786 cre-

1960 817 2179 873 dehant.

2032 908 2229 963 Filium
2256 908 2426 965 David
2448 908 2575 966 caeci
2597 908 2888 977 vocabant,
2912 911 3042 981 quia
3074 912 3302 969 honoris
3330 930 3529 971 nomen

1959 1014 2080 1053 esse
2109 999 2410 1053 videbatur.

2030 1086 2195 1143 Vsus.
2226 1089 2315 1143 28.
2350 1089 2656 1144 Secundam
2689 1090 3166 1162 interrogationem
3205 1093 3272 1148 ad
3317 1096 3418 1149 hos
3446 1094 3530 1149 di-

1964 1180 2108 1249 rigit,
2138 1195 2243 1233 non
2266 1182 2723 1250 periactantiam,
2749 1182 2841 1235 sed
2872 1182 3060 1238 volens
3082 1184 3283 1253 saepius
3315 1187 3530 1254 rogati;

1963 1288 2031 1327 ne
2056 1273 2181 1342 quis
2211 1283 2362 1342 putet
2399 1273 2553 1327 illum
2578 1273 2648 1328 ob
2677 1274 2857 1331 laudis
2885 1277 3237 1332 ambitionem
3270 1279 3533 1334 miracula

1966 1372 2207 1434 patrare.

2037 1455 2267 1522 Quando
2296 1455 2487 1525 majori
2511 1455 2665 1510 illum
2689 1465 2953 1513 vocarunt
2974 1461 3213 1526 nomine,
3246 1461 3534 1518 Dominum

1964 1547 2358 1617 supplicantes,
2394 1558 2525 1603 tunc
2546 1562 2643 1603 eos
2669 1558 2849 1617 curat,
2868 1549 3133 1607 adductus
3161 1552 3226 1606 ad
3256 1553 3307 1607 id
3330 1564 3389 1608 ut
3416 1569 3538 1609 cre-

1962 1641 2151 1696 derent
2172 1641 2478 1699 audientes.

2031 1732 2200 1787 Vsus.
2231 1733 2320 1788 '50.
2357 1733 2608 1804 Praecipit
2641 1735 2851 1791 nemini
2882 1736 3066 1793 dicant
3095 1754 3191 1809 per
3219 1740 3538 1795 modestiam

1897 1802 1939 1858 υ
1965 1829 2021 1876 et
2042 1837 2194 1876 vana:
2223 1822 2409 1892 gloriae
2441 1825 2806 1881 aversionem.

2042 1911 2206 1968 Vnus.
2239 1915 2327 1968 52.
2364 1914 2653 1972 Mutismus
2685 1933 2791 1973 non
2824 1917 3112 1977 inﬁrmitas
3140 1930 3258 1977 erat
3290 1921 3539 1992 physica,

1967 2006 2061 2061 scd
2094 2022 2125 2062 e
2156 2007 2421 2064 daemonis
2449 2009 2684 2065 artiﬁcio
2714 2009 3011 2066 oriebatur.

2584 2134 2816 2191 CAPUT
2852 2135 2915 2191 Χ.

2043 2259 2207 2314 Vens.
2237 2261 2293 2315 2.
2319 2260 2430 2334 Cur
2462 2260 2743 2317 Simonem
2769 2256 2945 2328 vecat,
2979 2264 3069 2333 qui
3089 2263 3290 2318 dicitur
3310 2263 3540 2321 Petrus?

1967 2361 2023 2407 et
2053 2368 2151 2407 cur
2178 2350 2438 2406 Iacobum
2474 2354 2718 2423 ΛίμΙιαιὶὶν
2751 2354 2888 2419 Quia
2923 2355 3061 2410 alter
3093 2363 3213 2411 erat
3254 2355 3442 2414 Simon
3486 2371 3541 2416 ct

1972 2443 2110 2498 alter
2133 2441 2394 2499 Jacobus.

2044 2532 2212 2590 Vens.
2260 2536 2315 2590 8.
2363 2534 2442 2590 Nc
2487 2534 2833 2592 lucrifaciant
2872 2552 2934 2592 ex
2985 2538 3265 2597 miraculis
3298 2540 3368 2597 ab
3411 2542 3546 2615 ipsis

1972 2632 2223 2701 patratis,
2254 2631 2389 2688 dicit
2417 2650 2432 2687 :
2469 2631 2650 2689 Gratis
2693 2635 2990 2705 accepistis,
3023 2639 3192 2708 gratis
3222 2639 3365 2694 date.

2052 2816 2214 2873 Vens.
2262 2818 2349 2872 10.
2393 2817 2533 2885 Quid
2584 2819 2729 2875 enim
2778 2820 2985 2891 virgam
3038 2832 3182 2877 vetat
3231 2822 3432 2879 habere
3479 2823 3549 2878 ad

1974 2907 2446 2977 praedicationem,
2466 2917 2561 2963 aut
2576 2924 2697 2979 quae
2715 2909 2873 2979 culpa
2893 2921 3036 2967 esset
3057 2912 3219 2984 virgae
3244 2914 3554 2984 possessio?

1978 2997 2201 3055 Scilicet
2254 3014 2501 3055 severam
2557 3001 2961 3057 institutionem
3006 3003 3172 3073 virgae
3227 3005 3550 3070 conferens.

289 3092 436 3154 τέως
473 3087 552 3160 τῷ
600 3088 821 3162 σκληρῷ
861 3090 960 3160 τῆς
1009 3092 1260 3158 παιδείας
1312 3093 1387 3165 μὴ
1432 3096 1670 3165 χρᾶσθαι
1722 3098 1875 3169 παρὰ

1978 3091 2230 3161 prohibet
2252 3106 2320 3147 ne
2344 3102 2561 3147 austera
2587 3093 2930 3150 institutione
2956 3103 3178 3150 utantur
3201 3095 3254 3150 in
3283 3096 3552 3167 principio

288 3182 396 3255 τὴν
425 3183 601 3256 ἀρχὴν
626 3185 727 3257 τῆς
760 3184 1132 3248 διδασκαλίαςο
1165 3185 1246 3238 ὃτι
1272 3185 1330 3239 δὲ
1361 3186 1458 3239 ἐπὶ
1488 3187 1686 3258 ῥάϐδου
1726 3188 1871 3259 λαμο

292 3274 522 3330 ϐάνεται
568 3274 629 3329 τὸ
669 3276 941 3346 αὐστηρὸν
980 3275 1080 3345 τῆς
1124 3275 1408 3343 παιδείας,
1466 3281 1873 3349 μαρτυρησάτω

292 3382 389 3437 μοι
423 3364 659 3430 Παῦλος*
692 3366 932 3428 ἀκούσας
967 3366 1077 3438 γὰρ
1114 3367 1173 3419 ἐν
1214 3367 1465 3439 Κορίνθῳ
1510 3371 1661 3432 τινὰς
1692 3372 1875 3443 ἁμαρ.

289 3459 609 3531 στήσαντας,
655 3459 860 3529 γράφει
907 3458 1083 3528 λέγων
1103 3474 1119 3492 ο
1174 3460 1237 3514 Τί
1278 3459 1519 3527 ﬂexere;
1563 3462 1634 3516 ἐν
1674 3462 1877 3531 ῥάϐδῳ

291 3552 459 3608 ἔλθω
484 3553 636 3621 πρὸς
661 3551 839 3622 ὑμᾶς,
877 3552 918 3620 ἢ
945 3552 1016 3607 ἐν
1041 3551 1249 3622 ἀγάπῃ
1280 3553 1576 3622 πνεύματί
1602 3570 1669 3608 τε
1693 3556 1877 3623 πραό-

291 3660 515 3713 τητος;
543 3644 643 3699 Διά
665 3644 825 3698 τοῦτο
850 3645 947 3698 καὶ
976 3646 1006 3698 ό
1027 3643 1233 3715 Κύριος
1254 3645 1382 3708 τοὺς
1413 3644 1610 3697 νεωστὶ
1639 3646 1877 3717 προσελ-

296 3738 499 3800 θόντας
549 3736 701 3808 αὐτῷ
752 3736 1115 3808 ἀνθρώπους,
1164 3736 1227 3790 οὗ
1278 3738 1545 3808 πρότερον
1597 3738 1880 3810 νηστεύειν

292 3827 624 3897 ιπιτρίπει,
661 3826 798 3881 ἀλλὰ
834 3826 1102 3898 πρότερον
1136 3826 1420 3881 πιστεύειν
1461 3827 1559 3880 καὶ
1607 3828 1732 3881 τότε
1778 3846 1877 3900 νη-

295 3918 538 3973 στεύεινο
582 3918 704 3972 ὅθεν
734 3917 1136 3988 ἐγκαλούμενος
1168 3918 1276 3972 ὑπὸ
1308 3917 1418 3972 τῶν
1445 3918 1760 3989 Φαρισαίων
1789 3918 1879 3973 διὰ

292 4010 350 4064 τί
375 4012 431 4065 οἱ
476 4009 723 4063 Ἰωάννου
757 4007 1002 4079 μαθηταὶ
1032 4009 1356 4079 νηστεύουσι
1376 4045 1393 4073 ,
1426 4008 1755 4079 προσφόρως
1785 4008 1881 4062 καὶ

296 4099 657 4172 ἁρμοζόντως
684 4098 1043 4170 ἀποκρίνεται
1072 4097 1250 4166 λέγων
1271 4113 1287 4129 ⁶
1325 4097 1540 4164 Οὐδείς
1566 4097 1881 4152 ἐπιϐάλλει

297 4193 610 4260 ἐπίϐλημα
625 4188 857 4258 ῥάκους
884 4186 1161 4258 ἀγνάφου
1187 4186 1287 4241 ἐπὶ
1309 4187 1519 4257 ίματίῳ
1549 4184 1805 4251 παλαιῷ·
1828 4188 1884 4239 sl

294 4284 371 4338 δὲ
390 4283 481 4355 μή
502 4299 589 4353 γε,
616 4282 830 4336 πλεῖον
851 4280 1085 4350 σχίσμα
1106 4280 1348 4350 γίνεται.
1366 4278 1605 4350 Ίμάτιον
1628 4277 1880 4345 παλαιὸν,

295 4377 397 4429 τὸν
420 4376 478 4427 ἐν
500 4377 568 4443 τῇ
593 4372 911 4443 παλαιότητι
935 4371 1305 4442 παραϐάσεως
1326 4371 1421 4425 τοῦ
1437 4370 1671 4443 ἀρχαίου
1709 4370 1881 4440 Ἀδὰμ

1980 3182 2405 3254 praedicationis.
2437 3182 2595 3249 Quod
2622 3193 2803 3238 autem
2837 3184 2890 3238 in
2924 3185 3075 3254 virga
3107 3186 3369 3242 severitas
3394 3186 3552 3241 insti-

1980 3273 2210 3328 tutionis
2241 3272 2635 3337 adumbretur,
2669 3274 2824 3328 testis
2874 3274 3009 3328 mihi
3056 3275 3128 3329 sit
3159 3273 3399 3342 Paulus;
3449 3293 3552 3330 au-

1979 3367 2136 3423 diens
2184 3366 2330 3421 enim
2382 3366 2648 3436 quosdam
2694 3365 2941 3421 Corinthi
2976 3367 3322 3438 peccavisse,
3359 3369 3554 3424 scribit

1980 3453 2169 3509 dicens
2203 3471 2217 3507 :
2253 3453 2393 3519 Quid
2419 3452 2579 3507 vultis
2598 3456 2624 3509 .9
2646 3455 2701 3507 in
2722 3454 2869 3524 virga
2896 3457 3102 3509 veniam
3136 3457 3205 3509 ad
3230 3474 3338 3523 vos,
3361 3468 3451 3511 aut
3499 3459 3554 3511 in

1981 3544 2242 3599 charitate
2264 3553 2313 3598 et
2340 3545 2532 3613 spiritu
2560 3546 3026 3600 mansuetudinis?
3049 3546 3130 3600 Ob
3154 3563 3272 3601 eam
3303 3563 3413 3599 rem
3448 3546 3554 3601 Do-

1981 3636 2168 3690 minus
2204 3635 2456 3692 homines
2483 3635 2658 3705 prima
2684 3637 2803 3691 vice
2836 3638 2903 3692 ad
2933 3637 3085 3692 illum
3130 3639 3413 3703 adeuntes,
3444 3655 3555 3693 non

1981 3728 2217 3798 primum
2236 3726 2485 3796 ieiunare
2507 3727 2778 3793 hortatur,
2794 3729 2887 3784 sed
2909 3730 3083 3799 primo
3105 3729 3345 3793 credere,
3365 3730 3560 3788 deinde

1979 3821 2250 3891 ieiunare.
2283 3819 2437 3876 Unde
2464 3819 2833 3891 interrogatus
2870 3836 2901 3876 a
2930 3821 3222 3878 Pharisaeis
3257 3838 3357 3878 cur
3387 3820 3556 3878 Joan-

1983 3913 2073 3967 nis
2106 3912 2358 3982 discipuli
2392 3913 2674 3984 ieiunent,
2710 3928 3007 3983 congruam
3046 3921 3101 3969 et
3145 3915 3558 3970 convenientem

1983 4005 2401 4071 responsionem
2432 4005 2774 4061 datdicendo
2803 4023 2817 4059 :
2841 4003 3008 4060 Nemo
3044 4006 3279 4060 inmittit
3308 4009 3558 4063 conatui:-

1983 4110 2167 4148 suram
2204 4096 2369 4165 panni
2402 4096 2552 4150 rudis
2575 4098 2631 4150 in
2665 4097 3024 4151 uestimentum
3050 4107 3192 4151 vetus
3214 4112 3233 4163 ;
3256 4099 3336 4151 sin
3361 4110 3560 4164 autem,

1983 4187 2134 4256 pejor
2165 4189 2400 4242 scissura
2421 4189 2502 4256 ﬁt.
2532 4186 2636 4244 Per
2663 4188 3044 4243 vestimentum
3072 4198 3247 4255 vetus,
3279 4190 3559 4245 hominem

1984 4278 2041 4333 in
2075 4285 2347 4334 vetustate
2374 4278 2833 4348 transgressionis
2863 4279 3069 4349 antiqui
3103 4280 3274 4335 Adam
3316 4281 3558 4350 genitum

1986 4368 2295 4439 signiﬁcat;
2332 4383 2427 4438 per
2460 4383 2660 4423 novum
2702 4377 2884 4423 autem
2917 4384 3158 4439 pannum
3180 4410 3197 4434 ,
3228 4386 3421 4425 recens
3455 4372 3559 4426 ista

294 4466 635 4538 γεννηθέντα
662 4464 949 4535 ἄνθρωπον
995 4463 1147 4531 λέγει
1173 4477 1189 4494 ο
1235 4462 1422 4516 καινὸν
1461 4460 1521 4515 δὲ
1564 4460 1767 4531 ῥάκος,
1820 4459 1876 4513 τὸ

1981 4461 2179 4533 ieiunii
2208 4461 2545 4530 praedicatio.
2578 4460 2635 4515 Si
2676 4461 2824 4516 enim
2871 4462 3114 4517 volueris
3144 4463 3263 4518 seni
3310 4463 3453 4518 facto
3505 4463 3559 4517 in

295 4558 501 4628 νεαρὸν
539 4559 799 4628 κήρυγμα
826 4555 927 4626 τῆς
961 4555 1251 4627 νηστείας⁶
1282 4553 1380 4607 ἐὰν
1408 4553 1518 4624 γὰρ
1548 4552 1781 4623 θελήσῃς
1802 4550 1884 4623 τῷ

297 4649 679 4704 παλαιωθέντι
704 4650 763 4702 ὲν
787 4650 853 4718 τῇ
888 4646 1134 4718 ἁμαρτίᾳ
1165 4644 1389 4715 Ἕλληνι
1409 4645 1628 4721 πρῶτον
1657 4640 1884 4696 ἐπιϐάλ-

298 4742 425 4795 λειν
460 4741 521 4794 τὸ
552 4740 746 4811 νεαρὸν
781 4740 1042 4810 κήρυγμα
1068 4739 1167 4809 τῆς
1199 4736 1475 4808 νηστείας,
1509 4735 1673 4789 πλέον
1702 4733 1884 4805 σχίζε-

297 4852 397 4888 ται
429 4834 575 4905 ἤπερ
607 4833 960 4899 συνάπτεται,
987 4831 1150 4885 πλέον
1181 4828 1477 4903 χωρίζεται
1509 4828 1612 4900 τῆς
1653 4826 1885 4898 Ἐκκλη-

300 4927 455 4990 σίας.

369 5019 470 5085 Τὺ,
512 5018 706 5085 Ἄξιος
754 5012 1009 5087 ἐργάτης
1056 5015 1165 5071 τοῦ
1197 5014 1420 5086 μισθοῦ
1463 5015 1682 5081 αὐτοῦ,
1712 5014 1887 5068 διὰτὸ

296 5110 369 5164 ἐκ
395 5109 505 5164 τῶν
535 5110 683 5163 ἰδίων
707 5107 969 5180 μαθητῶν
1006 5106 1326 5179 τρέφεσθαι·
1364 5104 1515 5173 λέγει
1541 5104 1651 5176 γὰρ
1686 5104 1887 5167 αὐτοὺς

296 5202 437 5264 τοὺς
474 5201 809 5263 ἀποστόλους
839 5198 1102 5269 δηλονότι.

388 5294 454 5348 [ὸ
501 5293 578 5363 μὴ
615 5292 793 5345 οίκίαν
841 5291 901 5358 ἐξ
941 5290 1121 5353 οἰκίας
1159 5287 1433 5359 ἀμείϐειν,
1470 5287 1635 5339 ἕνεκα
1675 5284 1769 5339 τοῦ
1811 5288 1885 5358 μὴ

293 5386 622 5452 ὣξομανείν
664 5386 911 5456 εἴρηται,
942 5382 975 5454 ἢ
1005 5380 1097 5435 τοῦ
1143 5379 1221 5452 μὴ
1249 5378 1540 5432 λυπεῖσθαι
1577 5377 1669 5430 τὸν
1714 5394 1886 5430 κατα-

297 5483 353 5532 λι
361 5476 736 5547 μπανόμενον.

391 5566 468 5619 Τὸ
497 5567 844 5619 ὲκτινάσσειν
893 5564 987 5617 τὸν
1026 5559 1303 5632 κονιορτὸν
1341 5556 1450 5611 τῶν
1486 5557 1662 5611 ποδῶν
1710 5556 1889 5611 αὐτῶν

300 5659 649 5713 ἐπετέτακτο
702 5658 798 5711 καὶ
837 5657 1138 5729 ἐπράττετο
1186 5650 1476 5721 αὑτοῖς,ἢ
1525 5650 1666 5704 ὣστε
1718 5650 1889 5717 δεῖξαι

303 5748 486 5822 μηδὲν
518 5749 706 5804 λαϐεῖν
736 5748 932 5812 αὐτοὺς
968 5748 1099 5817 παρ’
1129 5745 1308 5801 αὐτῶν
1339 5742 1474 5815 μηδὲ
1506 5740 1791 5811 βούλεσθαι
1810 5758 1826 5775 ο
1852 5740 1887 5811 ἢ

1989 4554 2226 4622 peccatis
2259 4552 2451 4608 Greco
2492 4554 2726 4623 primum
2776 4554 3000 4624 injicere
3047 4564 3323 4611 recentem
3364 4555 3561 4626 ieiunii

1986 4646 2455 4715 praedicationem,
2481 4645 2751 4702 scinditur
2780 4645 2955 4718 magis
2979 4660 3146 4717 quam
3177 4649 3562 4715 committitur,

1988 4733 2274 4803 magisque
2306 4734 2376 4789 ab
2411 4733 2653 4790 Ecclesia
2682 4742 2990 4793 amovctur.

2060 5011 2220 5077 Illud,
2244 5011 2445 5082 Dignus
2474 5021 2549 5065 est
2590 5010 2862 5079 operarius
2906 5009 3022 5063 cibo
3055 5026 3170 5075 suo,
3210 5024 3484 5080 quemque
3532 5027 3565 5066 a

1990 5104 2108 5159 suis
2139 5103 2424 5172 discipulis
2457 5101 2695 5171 propriis
2721 5100 2975 5155 alendum
3002 5115 3125 5155 esse
3160 5100 3402 5165 indicat;
3435 5101 3566 5154 dicit

1987 5195 2135 5249 enim
2169 5195 2271 5249 hos
2312 5194 2588 5263 apostolos
2623 5192 2822 5261 palam.

2064 5285 2228 5340 Vens.
2271 5285 2357 5339 12.
2402 5284 2481 5338 Ne
2506 5285 2728 5338 domum
2781 5283 2946 5337 domo
2982 5291 3190 5336 mutent
3240 5292 3444 5344 monet.
3503 5294 3563 5338 ut

1991 5393 2099 5432 non
2129 5376 2448 5447 iactantiam
2488 5374 2817 5438 exhibeant,
2847 5381 2940 5428 aut
2970 5390 3080 5428 non
3122 5374 3300 5428 doleat
3332 5376 3422 5444 qui
3470 5390 3560 5431 re-

1992 5470 2153 5525 lictus
2178 5476 2342 5524 esset.

2063 5557 2228 5613 Vens.
2262 5557 2349 5611 M.
2375 5556 2645 5611 Excutere
2673 5554 2950 5624 pulverem
2978 5551 3046 5607 de
3069 5552 3296 5624 pedibus
3320 5553 3561 5623 ipsorum

1991 5650 2328 5723 praecipitur,
2344 5658 2399 5704 et
2423 5655 2710 5703 exercetur
2730 5646 2797 5701 ab
2817 5646 2917 5710 eis,
2937 5645 3053 5700 sive
3079 5643 3146 5699 ad
3168 5644 3563 5700 osteitdendunt

1992 5760 2088 5801 eos
2111 5742 2246 5798 nihil
2272 5741 2377 5798 sibi
2410 5740 2659 5813 accipere
2687 5752 2752 5795 ex
2776 5738 2883 5796 illis
2902 5737 3057 5806 velle,
3083 5737 3198 5794 sive
3222 5742 3280 5793 ut
3311 5738 3383 5796 sit
3409 5737 3567 5796 testi-
