4026 6404
371 346 507 411 1105

1348 356 1669 418 SCIIOLIA
1704 360 2000 422 VETERA
2041 364 2123 425 IN
2164 365 2632 428 MATTHIEUM.

3471 365 3608 439 1.106

364 455 656 525 νενοσηκὸς
701 457 809 510 ἀπὸ
861 458 953 512 τοῦ
991 459 1349 529 ὑγιαίνοντος,
1397 466 1493 522 καὶ
1548 469 1609 522 τὸ
1640 470 1930 536 στασιάζον

2059 475 2188 541 ξιιοά
2233 480 2480 534 morbum
2514 480 2678 536 infert
2707 496 2804 551 pro
2829 491 3072 549 curante,
3099 483 3244 551 quod
3310 462 3612 540 rebellatio-

363 545 473 598 ἀπὸ
501 545 595 599 τοῦ
625 547 995 618 εἰρηνεύοντος
1018 551 1189 619 λέγει.

435 639 530 706 Τὸ,
573 641 636 694 '0
666 642 861 711 φιλῶν
888 646 1134 715 πατέρα,
1164 649 1348 704 καὶτὰ
1372 650 1521 722 ἑξῆς,
1560 651 1719 707 τοῦτο
1762 653 1932 722 λέγει·

366 732 495 785 ὅταν
531 734 694 788 πλέον
732 736 830 806 τῆς
872 737 1094 808 ἀγάπης
1142 740 1235 794 τοῦ
1300 742 1435 797 Θεοῦ
1475 745 1568 797 καὶ
1621 744 1730 797 τῶν
1767 744 1934 800 αὐτοῦ

365 821 615 877 ἐντολῶν.
639 825 853 888 Λουκᾶς
879 826 1048 895 λέγει,
1081 829 1163 882 δτι
1194 831 1266 885 Ei
1290 851 1380 899 τις
1407 835 1642 903 ἔρχεται
1674 838 1825 903 πρός
1837 855 1934 906 με,

366 913 464 965 καὶ
501 915 572 968 οὐ
611 916 786 984 μισεῖ
825 917 932 971 τὸν
986 922 1213 990 πατέρα
1253 926 1463 992 αὐτοῦ,
1518 927 1641 980 ἀντὶ
1683 929 1778 981 τοῦ
1811 931 1940 984 ἀπι-

367 1006 621 1070 στοῦντος
655 1007 748 1062 τοῦ
800 1013 1008 1083 πατρὸς
1051 1014 1236 1068 αὐτοῦ’
1282 1017 1315 1089 ἢ
1363 1019 1439 1089 μὴ
1468 1019 1701 1074 ἀπίστου
1751 1021 1926 1088 δντος,

365 1097 722 1165 ἀπαιτοῦντος
751 1102 808 1156 δὲ
851 1105 1012 1160 πλέον
1043 1109 1219 1178 φιλεῖν
1267 1111 1430 1164 αὑτὸν
1480 1112 1621 1185 ὑπὲρ
1677 1115 1934 1184 Χριστὸν,

364 1187 462 1251 δεῖ,
495 1191 653 1258 φησὶ,
689 1191 880 1247 τοῦτον
909 1197 1374 1267 ἀποστρέφεσθαι.

437 1280 530 1342 Τὸ,
561 1281 774 1350 Ὅστις
802 1287 874 1340 οὐ
890 1287 1178 1351 βαστάζει
1207 1290 1314 1344 τὸν
1345 1293 1612 1359 σταυρὸν
1635 1295 1818 1349 αὐτοῦ
1841 1296 1938 1349 καὶ

368 1368 695 1428 ἀκολουθεῖ
719 1393 844 1443 μοι,
877 1378 1036 1432 τοῦτο
1065 1380 1234 1450 δηλοῖ,
1283 1381 1344 1434 τὸ
1382 1383 1515 1452 πρὸς
1550 1383 1777 1438 θάνατον
1801 1382 1940 1440 εἶναι

371 1460 645 1530 ἑτοίμους
679 1466 754 1528 ὡς
779 1467 872 1543 ἐπὶ.
904 1470 1039 1523 πολὺ
1080 1472 1188 1543 γάρ
1217 1474 1245 1526 ὁ
1284 1473 1393 1526 τῶν
1423 1474 1670 1530 παλαιῶν
1708 1477 1939 1541 θάνατος

369 1549 454 1602 διὰ
484 1555 714 1624 σταυροῦ
757 1552 845 1627 ἦν,
871 1561 946 1623 ὼς
982 1560 1076 1614 νῦν
1094 1562 1182 1615 διὰ
1210 1562 1417 1632 ξίφους.

444 1643 534 1708 Τδ,
573 1646 627 1697 Ὀ
656 1649 847 1716 εὑρὼν
890 1649 1006 1718 τὴν
1037 1652 1250 1722 ψυχὴν
1296 1657 1506 1722 αὑτοῦ,
1542 1657 1663 1711 ἀντὶ
1719 1657 1837 1720 τοῦ,
1882 1659 1940 1711 '0

372 1734 544 1803 φιλῶν
582 1738 748 1808 αὐτὴν
779 1742 837 1791 ἐν
859 1742 1092 1812 ἡδοναῖς,
1133 1745 1304 1814 λέγει.

2039 582 2160 622 nem
2193 570 2396 624 excitat
2428 587 2524 640 pro
2553 574 2872 642 paciﬁcante
2902 575 3054 630 dicit.

2108 658 2267 715 Vens.
2306 662 2394 716 57.
2430 661 2588 729 Illud,
2631 663 2735 729 Qui
2788 676 2933 718 amat
2970 675 3194 733 patrem,
3242 675 3373 731 etc.,
3437 666 3610 719 inter-

2037 754 2320 815 pretamur
2367 750 2463 816 ita,
2515 751 2734 820 quando
2777 754 2952 822 magis
2981 765 3130 809 amat
3167 770 3330 822 quam
3362 754 3532 808 Deum
3557 763 3609 806 rt

2038 840 2158 912 ejus
2196 841 2469 896 mandata.
2514 842 2687 900 Lucas
2722 843 2872 907 dicit,
2917 847 3061 916 quod
3104 843 3166 900 Si
3206 847 3324 914 quis
3377 847 3512 899 venit
3543 843 3612 898 ad

2039 945 2120 983 me
2155 941 2203 984 et
2241 947 2345 985 non
2369 933 2475 986 odit
2503 943 2706 1002 patrem
2766 951 2941 1000 suum,
2971 935 3026 990 id
3059 943 3144 992 cst
3183 948 3389 1006 patrem
3445 952 3606 991 suum

2041 1020 2332 1077 inﬁdelem.
2361 1022 2418 1077 Si
2445 1039 2572 1079 vero
2601 1041 2706 1082 non
2735 1026 2969 1084 intitlelis
3003 1037 3108 1091 est,
3148 1036 3204 1082 et
3226 1027 3396 1096 exigit
3434 1028 3607 1080 amari

2040 1109 2213 1172 magis
2245 1124 2407 1179 quam
2440 1110 2740 1178 Christum,
2781 1122 3012 1184 oportet,
3053 1117 3251 1186 inquit,
3272 1117 3419 1170 illum
3453 1131 3611 1170 aver-

2042 1213 2173 1255 SBI‘I.

2115 1290 2278 1346 Vens.
2311 1292 2399 1347 58.
2435 1295 2540 1357 Qui
2569 1311 2670 1349 non
2699 1297 2886 1362 accipit
2935 1313 3139 1352 crucem
3161 1313 3313 1351 suam
3359 1306 3409 1351 et
3437 1299 3614 1367 sequi-

2043 1391 2130 1434 tur
2155 1398 2252 1446 me,
2307 1385 2544 1439 ostendit
2575 1386 2641 1438 ad
2689 1395 2917 1440 mortem
2969 1395 3193 1456 paratos
3244 1403 3368 1443 esse
3396 1389 3612 1443 debere.

2042 1471 2280 1528 Utenim
2344 1477 2659 1545 plerumque
2706 1476 3014 1546 priscorum
3067 1493 3216 1534 mors
3247 1494 3345 1547 per
3395 1494 3634 1535 crucem-

2041 1572 2178 1623 erat,
2215 1579 2358 1619 nunc
2387 1581 2481 1634 per
2503 1566 2762 1635 gladium.

2115 1652 2282 1708 Vens.
2313 1655 2401 1708 37.
2432 1655 2537 1720 Qui
2565 1657 2760 1712 invenit
2807 1657 3042 1710 animant
3082 1673 3253 1722 suam,
3285 1656 3426 1713 idem
3441 1667 3524 1713 est
3551 1672 3618 1713 ac

2042 1744 2134 1813 qui
2172 1754 2316 1800 amat
2347 1761 2465 1800 eam
2496 1745 2548 1800 in
2585 1748 2980 1816 voluptatibus.

443 1825 537 1888 Τὸ,
577 1827 916 1897 Ἀπολέσίις
939 1833 1055 1901 τὴν
1074 1835 1286 1904 ψυχὴν
1306 1837 1514 1903 αὐτοῦ,
1550 1839 1670 1893 ἀντὶ
1698 1839 1813 1904 106,
1843 1839 1941 1892 Διά

2117 1835 2221 1900 Qui
2257 1836 2542 1904 perdiderit
2592 1841 2825 1894 animam
2879 1856 3052 1905 suam,
3109 1841 3248 1895 idem
3279 1850 3365 1896 est
3395 1856 3462 1896 ac
3519 1843 3635 1909 qui-

372 1915 602 1971 θανάτου
642 1922 923 1992 στερηθεὶς
952 1925 1142 1995 αὐτῆς,
1181 1926 1350 1995 λέγει.

443 2009 535 2074 Τὸ,
578 2009 632 2062 Ὁ
655 2011 978 2082 δεχόμενος
1025 2018 1341 2087 προφήτην
1367 2023 1454 2088 εἰς
1485 2021 1671 2091 ὄνομα
1710 2023 1942 2092 προεισή-

371 2117 478 2153 του
503 2101 599 2154 καὶ
621 2103 874 2166 δικαίου,
897 2108 1116 2176 μισθὸν
1131 2111 1441 2180 προφήτου
1476 2113 1754 2182 λήψεται.
1779 2113 1936 2167 τοῦτο

370 2183 540 2250 λέγει,
567 2187 626 2239 τὸ
648 2189 721 2258 μὴ
747 2190 838 2243 διὰ
869 2191 1132 2265 βιωτικὴν
1187 2198 1525 2267 προστασίαν
1556 2199 1813 2262 δέξασθαι
1842 2201 1940 2253 αὐ-

371 2276 481 2332 τὸν.
532 2277 667 2332 ἀλλὰ
717 2281 852 2334 διότι
910 2287 1197 2357 προφήτης
1248 2288 1415 2354 ἐστὶν,
1461 2290 1492 2359 ἢ
1554 2290 1687 2344 διότι
1736 2291 1944 2354 δίκαιός

373 2369 512 2421 ἐστι·
547 2371 604 2423 τὸ
642 2372 719 2434 δὲ,
751 2375 988 2428 Ιιῖισθόν
1018 2377 1328 2446 προφήτου
1351 2381 1630 2450 λήψεται,
1657 2381 1750 2434 καὶ
1773 2382 1944 2446 ἄλλως

376 2459 491 2511 ἐστι
516 2461 728 2532 νοῆσαι·
763 2465 817 2535 ἢ,
849 2460 958 2519 οἷον
1003 2469 1165 2532 αὐτὸς
1204 2471 1232 2523 ό
1267 2472 1552 2542 προφήτης
1586 2473 1768 2541 μέλλοι
1799 2473 1939 2544 λαμ-

377 2549 560 2602 ϐάνειν
597 2554 810 2622 μισθόν·
836 2560 1122 2630 προφήτην
1153 2561 1208 2614 δὲ
1249 2563 1460 2633 νοήσεις
1499 2564 1593 2616 καὶ
1638 2564 1727 2617 τὸν
1753 2565 1942 2634 ψευδο-

377 2641 682 2712 προφήτην.

448 2735 522 2785 Τὸ
556 2738 814 2808 ποτήριον
842 2739 935 2792 τοῦ
978 2741 1167 2807 ὓδατος
1195 2744 1286 2796 106
1313 2746 1544 2817 ψυχροῦ,
1575 2747 1764 2800 τοῦτον
1787 2751 1945 2820 χάριν

376 2821 613 2891 δέχεται,
645 2828 731 2880 ἵνα
763 2831 985 2884 καὶτῶν
1027 2835 1276 2905 πενήτων
1307 2838 1407 2907 τὴν
1437 2839 1691 2911 ἀφορμὴν
1715 2841 1944 2910 ἐκκόψῃ,

377 2915 451 2977 ὡς
487 2917 706 2973 δύναται
747 2925 1029 2995 παρέχειν,
1063 2927 1154 2980 καὶ
1183 2928 1278 2998 τὴν
1313 2931 1633 3001 προαίρεσιν
1680 2933 1946 3006 γυμνώσῃ

378 3007 578 3066 αὐτῶν.

963 3144 1214 3200 ΚΕΦΑΛ.
1251 3145 1354 3204 lA’.

455 3261 553 3316 Διά
579 3264 755 3329 τοῦτο,
796 3267 932 3335 μετά
965 3267 1026 3320 τὸ
1067 3267 1275 3335 διδάξαι
1326 3269 1451 3333 τοὺς
1509 3271 1775 3342 μαθητὰς,
1827 3291 1956 3344 μετ-

383 3354 508 3422 έϐη,
569 3357 750 3426 φησὶν,
793 3359 1002 3412 ἐκεῖθεν
1055 3360 1231 3423 διδοὺς
1274 3361 1455 3430 χώραν
1499 3363 1682 3427 αὐτοῖς
1746 3365 1948 3418 ἰᾶσθαι·

385 3450 654 3519 παρόντος
691 3451 800 3522 γὰρ
843 3453 1028 3519 αὐτοῦ,
1091 3454 1265 3518 οὐδεὶς
1325 3455 1390 3509 ἂν
1443 3456 1672 3520 ἐκείνοις
1720 3457 1953 3528 ἠθέλησε

388 3543 706 3612 προσελθεῖν
738 3543 874 3614 πρὸς
901 3544 1220 3615 θεραπείαν.

460 3635 558 3686 Διά
587 3635 918 3704 ζηλοτυπίαν
964 3637 1213 3692 Ἰωάννου
1256 3638 1510 3710 μαθητῶν
1555 3639 1693 3710 πρὸς
1724 3639 1957 3711 Χριστὸν

387 3727 606 3793 ἐγένετο
627 3728 659 3798 ἡ
680 3728 950 3799 ἀποστολὴ
976 3731 1127 3799 παρά
1168 3730 1442 3784 Ἰωάννου⁹
1473 3731 1568 3784 καὶ
1592 3731 1654 3784 τὸ
1684 3732 1957 3800 ἐρωτῆσαι

390 3819 557 3874 αὑτὸν
578 3821 661 3882 τίς
697 3816 786 3891 ἦν’
822 3818 966 3892 εἶχον
996 3823 1106 3891 γὰρ
1142 3822 1233 3875 τὸν
1280 3821 1380 3892 μὲν
1410 3824 1648 3891 Χριστὸν
1679 3822 1833 3892 ψιλὸν
1866 3824 1959 3876 ἇν-

392 3911 630 3981 θρωπον,
658 3913 751 3966 τὸν
779 3913 836 3966 δέ
887 3913 1138 3981 Ἰωάννην
1173 3913 1458 3983 κρείττονα
1491 3915 1524 3986 ἢ
1573 3914 1714 3967 κατά
1742 3914 1957 3987 ἄνθρωο

393 4022 516 4057 πον·
542 4005 666 4058 ἐπεὶ
703 4007 804 4058 οὐκ
847 4005 1142 4073 ἐγίνωσκεν
1193 4006 1386 4060 ἑαυτὸν
1429 4006 1830 4076 παρεχόμενον,
1872 4007 1962 4059 ῖνα

393 4099 654 4171 ὠφελήσῃ
680 4097 898 4161 αὐτούς’
930 4097 1126 4150 ’τούτου
1175 4097 1336 4168 χάριν
1362 4096 1573 4168 πέμπει
1610 4097 1770 4168 δῆθεν
1802 4097 1964 4161 αὐτὸς

399 4192 612 4262 μαθεῖν,
656 4192 720 4244 ἵν’
775 4192 972 4243 ἐκεῖνοι
1006 4189 1269 4260 μάθωσιν
1304 4187 1427 4241 οὕτε
1479 4188 1588 4258 γάρ
1635 4189 1696 4241 τὸ
1743 4190 1965 4260 σιγῆσαι

411 4285 664 4353 Ἰωάννην
700 4283 828 4354 περὶ
855 4283 1045 4336 τούτου
1086 4281 1270 4344 καλὸν,
1321 4278 1446 4333 οὔτε
1472 4280 1533 4333 τὸ
1583 4283 1777 4345 εἰπεῖν,
1830 4281 1967 4334 Μει-

398 4376 510 4436 ζων
535 4377 653 4444 μού
696 4376 853 4440 ἐστι,
891 4373 1314 4435 δυσαποστάτως
1355 4371 1570 4440 ἔχοντες
1605 4375 1742 4443 πρὸς
1783 4374 1968 4426 ’ἰωάν-

1975 3156 2022 3216 C

2048 1935 2218 1980 morte
2256 1942 2318 1980 ea
2344 1929 2584 1996 privatus
2598 1942 2700 1985 est.

2118 2013 2282 2067 Vens.
2310 2014 2398 2068 41.
2433 2017 2537 2082 Qui
2587 2020 2770 2087 recipit
2821 2021 3126 2090 prophetam
3153 2023 3206 2075 in
3261 2022 3470 2076 nomine
3496 2037 3622 2090 pro-

2045 2107 2214 2174 pheta:
2239 2117 2286 2161 et
2307 2109 2465 2177 justi,
2502 2111 2786 2164 mercedem
2823 2112 3090 2180 propheta:
3137 2113 3382 2181 accipiet,
3414 2112 3468 2167 id
3509 2122 3624 2180 est,

2046 2214 2154 2253 non
2211 2211 2430 2272 propter
2494 2211 2805 2257 terrestrem
2869 2211 3174 2272 respectum
3261 2205 3477 2274 recipit,
3525 2205 3619 2260 sed

2045 2291 2172 2360 quia
2206 2293 2464 2361 propheta
2514 2302 2608 2348 ant
2643 2294 2828 2362 justus
2871 2305 2972 2361 cat;
3027 2295 3308 2351 mercedem
3359 2298 3625 2365 propheta:

2047 2383 2285 2453 accipiet,
2302 2393 2356 2438 et
2385 2385 2542 2440 aliter
2569 2386 2974 2456 intelligendum
2998 2397 3084 2443 est
3115 2397 3242 2442 :a-ut
3267 2389 3427 2443 talem
3451 2404 3617 2457 quam

2047 2473 2161 2542 ipse
2192 2474 2452 2545 propheta
2495 2478 2800 2534 mercedem
2823 2479 3070 2548 accipere
3102 2480 3355 2544 deberet;
3385 2481 3623 2549 prophe-

2049 2571 2156 2617 tam
2226 2575 2406 2619 autem
2438 2565 2716 2638 intelliges
2733 2578 2782 2622 et
2805 2569 3359 2639 pseudoprophetam.

2120 2649 2284 2706 \f'ens.
2311 2651 2401 2704 42.
2429 2652 2665 2708 Calicem
2695 2669 2850 2724 aquae
2888 2654 3102 2726 trigidae
3136 2657 3442 2711 mercedem
3468 2655 3622 2710 acci-

2048 2741 2146 2810 pit,
2216 2753 2276 2796 ut
2339 2759 2640 2815 pauperum
2686 2747 2964 2803 miseriam
3021 2749 3306 2818 exstirpet,
3359 2758 3626 2818 quantum

2050 2846 2304 2902 przestare
2361 2846 2556 2904 potest,
2576 2846 2642 2892 et
2658 2852 2848 2896 eorum
2877 2840 3206 2896 voluntatem
3245 2839 3556 2910 patefaciat.

2653 3151 2881 3208 CAPUT
2922 3153 3016 3208 XI.

2128 3275 2293 3332 Vens.
2320 3275 2368 3330 l.
2400 3275 2526 3332 Ideo
2557 3286 2842 3348 postquam
2878 3278 3175 3348 discipulos
3226 3295 3358 3334 suos
3413 3281 3634 3340 docuis-

2057 3374 2158 3432 set,
2185 3366 2380 3420 transit
2415 3365 2561 3429 inde,
2589 3367 2785 3436 inquit,
2818 3368 2924 3422 illis
2955 3368 3135 3423 locum
3169 3369 3368 3424 cedens
3393 3380 3630 3424 utcura-

2056 3467 2213 3525 rent;
2254 3465 2518 3528 praesente
2557 3457 2700 3514 enim
2733 3472 2818 3524 eo,
2851 3474 3010 3514 nemo
3046 3460 3168 3515 illos
3196 3460 3456 3517 voluisset
3484 3461 3635 3515 adire

2057 3551 2110 3606 in
2137 3551 2496 3605 curationem.

2129 3641 2295 3696 Vens.
2317 3642 2369 3696 Ξ.
2408 3641 2509 3698 Per
2539 3643 2859 3714 zelotypiam
2891 3642 3284 3712 discipulorum
3315 3640 3544 3698 Joannis
3569 3644 3634 3698 ad

2057 3732 2339 3788 Christum
2376 3731 2519 3788 facta
2546 3746 2628 3788 εει
2656 3748 2684 3786 a
2711 3731 2919 3787 .lomme
2947 3731 3154 3794 missio,
3197 3732 3261 3786 ad
3296 3733 3636 3802 interrogan-

2063 3829 2188 3881 dum
2214 3840 2334 3880 eum
2386 3825 2507 3894 quis
2536 3832 2710 3880 esset.
2760 3823 3044 3879 llabebant
3073 3823 3218 3878 enim
3280 3824 3554 3877 Christum
3579 3831 3640 3877 ut

2065 3929 2272 3970 merum
2319 3914 2619 3979 hominem,
2667 3913 2928 3969 Joannem
2979 3929 3110 3969 vero
3161 3913 3421 3981 majorem
3473 3929 3638 3982 quam

2063 4006 2364 4060 secundum
2397 4005 2697 4062 hominem.
2728 4004 2864 4060 Cum
2892 4021 3001 4059 non
3031 4022 3089 4061 se
3109 4012 3431 4076 cognoseret
3453 4013 3642 4074 aptum

2065 4095 2133 4150 ad
2162 4096 2451 4151 utilitatem
2497 4096 2629 4166 ipsis
2689 4097 3077 4166 praestandam,
3120 4095 3241 4150 ideo
3293 4095 3456 4149 mittit
3482 4095 3638 4165 quasi

2067 4194 2127 4240 ut
2149 4187 2265 4256 ipse
2291 4187 2486 4251 discat,
2521 4187 2700 4256 reipsa
2756 4196 2818 4241 ut
2868 4187 2972 4257 ipsi
3003 4187 3235 4241 discant.
3264 4185 3381 4241 Non
3404 4186 3550 4240 cnim
3594 4185 3641 4240 si

2064 4274 2302 4331 Joannes
2354 4276 2422 4330 de
2473 4277 2566 4330 illo
2612 4275 2825 4330 siluerit
2875 4276 3075 4330 bonum
3113 4275 3326 4340 fuisset,
3380 4289 3556 4344 neque
3595 4275 3642 4329 si

2067 4365 2284 4431 dixerit,
2302 4365 2682 4434 Maiormeest,
2703 4367 2756 4420 in
2801 4366 3070 4421 Joannem
3101 4365 3285 4420 ﬁdeles
3302 4381 3360 4420 se
3374 4364 3643 4420 ostendis—

397 4483 518 4537 νην·
550 4465 638 4519 διὰ
669 4465 830 4519 τοῦτο
873 4466 968 4518 καὶ
1012 4462 1278 4516 ἐλθόντων
1317 4461 1496 4514 αὐτῶν
1521 4462 1754 4516 ἐνώπιον
1782 4463 1953 4517 αὐτῶν

2075 4465 2213 4513 sent.
2235 4457 2358 4513 ldeo
2388 4458 2728 4514 venientibus
2758 4458 2887 4524 illis,
2926 4472 3112 4512 coram
3156 4456 3376 4512 morbos
3406 4457 3641 4512 sanavit.

399 4558 672 4628 ὲθεράπευ
682 4574 794 4610 σεν.

473 4648 570 4700 Διά
597 4647 692 4701 106
720 4649 912 4711 εἰπεῖν,
953 4649 1255 4715 Μακάριος
1303 4647 1370 4712 ὃς
1420 4648 1491 4701 οὺ
1547 4646 1970 4716 σκανδαλισθῇ

400 4745 472 4795 ἐν
507 4741 658 4810 ἐμοὶ,
689 4739 855 4804 ἔδειξε
883 4740 963 4792 ὅτι
997 4739 1092 4792 καὶ⁷
1122 4739 1190 4794 τά
1236 4739 1523 4810 ἀπόρρητα
1568 4733 1677 4791 οἶδε
1707 4737 1816 4792 τῶν
1842 4739 1970 4792 ἁπι-

405 4834 694 4887 στοῦντων.

481 4926 578 4979 Διά
614 4926 674 4978 τὸ
717 4925 790 4996 μὴ
815 4923 1156 4977 ὑποπτεῦσαι
1193 4923 1322 4985 τοὺς
1359 4921 1551 4993 ὖχλους
1580 4922 1661 4976 ὅτι
1708 4921 1973 4993 πρότερον

415 5015 707 5090 μαρτυρῶν
741 5019 769 5070 ὁ
812 5016 1059 5086 Ἰωάννης
1116 5017 1246 5086 περὶ
1290 5015 1384 5068 τοῦ
1442 5013 1704 5085 Χριστοῦ,
1744 5012 1974 5082 ὕστερον

408 5109 609 5179 ἐρωτᾷ,
635 5108 695 5161 Εἰ
726 5109 789 5162 σὺ
819 5102 868 5160 εἷ
887 5124 900 5137 ·
940 5106 1131 5159 τούτου
1171 5107 1331 5180 χάριν
1361 5106 1506 5174 λέγει
1539 5107 1845 5159 ἀκουόντων
1869 5106 1973 5159 τῶν

404 5201 600 5269 ὄχλωνο
642 5201 700 5252 Τί
720 5199 1002 5268 ἐξήλθετε
1028 5197 1276 5262 Ιδεῖνεὶς
1298 5197 1412 5265 τὴν
1431 5197 1655 5265 ἔρημον
1668 5215 1688 5262 ;
1709 5196 1979 5265 κάλαμον

409 5288 529 5343 ὑπὸ
549 5289 798 5357 ἀνέμους
829 5289 922 5340 καὶ⁵
946 5287 1013 5339 τὰ
1035 5287 1185 5354 ἑξῆς·
1209 5285 1368 5339 τοῦτο
1398 5286 1454 5340 δέ
1476 5286 1624 5354 λέγει
1650 5287 1730 5339 ὅτι
1762 5285 1979 5358 έδραῖός

411 5383 552 5445 ἐστι,
590 5380 685 5432 καὶ
717 5378 816 5432 οὐκ
838 5378 1153 5449 εὐρίπιστος
1181 5377 1254 5440 ὡς
1289 5377 1553 5448 κάλαμος.

486 5561 921 5629 Περισσότερόν
970 5559 1120 5613 ἐστιν
1168 5558 1502 5627 προφήτου,
1533 5557 1617 5610 ὅτι
1666 5556 1833 5625 ἐγγύς
1866 5556 1982 5610 ἐστι

417 5654 513 5708 τοῦ
541 5653 1020 5724 προφητευομένου
1049 5651 1142 5705 καὶ
1166 5651 1470 5720 πρόδρομος
1489 5649 1676 5703 αὐτοῦ.
1699 5649 1766 5702 υἱ
1800 5647 1986 5716 λέγον-

420 5761 514 5808 τες
529 5744 689 5798 αὐτὸν
717 5743 791 5813 μὴ
813 5742 1037 5814 μείζονα
1058 5737 1196 5797 εῖναι
1228 5739 1522 5812 προφητῶν
1549 5739 1624 5804 ὡς
1662 5739 1983 5808 ἀγνοοῦντα,

2145 4637 2310 4692 Vens.
2345 4638 2400 4694 6.
2435 4639 2689 4703 Dicendo,
2752 4639 2943 4692 Beatus
2969 4640 3058 4709 qui
3097 4656 3200 4692 non
3249 4637 3647 4692 scandalizatus

2077 4731 2233 4800 fuerit
2256 4732 2310 4784 in
2341 4749 2438 4798 me,
2461 4733 2697 4786 ostendit
2722 4747 2780 4787 se
2809 4748 3009 4786 arcana
3041 4746 3263 4803 quoque
3281 4746 3387 4785 non
3419 4730 3648 4785 creden-

2076 4823 2210 4876 tium
2236 4822 2396 4877 scire.

2149 4911 2313 4968 Vens.
2345 4913 2398 4966 7.
2433 4911 2508 4966 Ne
2536 4913 2591 4966 in
2635 4913 2999 4983 suspicionem
3035 4912 3208 4967 turbis
3243 4911 3466 4974 incidat,
3507 4909 3650 4980 quod

2078 5003 2317 5059 Joannes
2373 5004 2607 5075 primum
2658 5004 3028 5058 testimonium
3084 5003 3222 5057 dans
3293 5003 3359 5057 de
3405 5003 3649 5064 Christo,

2080 5105 2268 5164 postea
2323 5095 2670 5162 interrogat:
2737 5097 2819 5148 An
2872 5103 2927 5147 tu
2983 5109 3042 5148 es
3069 5094 3355 5149 Christus?
3404 5093 3522 5148 ideo
3556 5109 3654 5146 au-

2081 5185 2357 5240 dientibus
2426 5185 2602 5238 turbis
2653 5184 2807 5248 dicit,
2868 5183 3012 5249 Quid
3056 5184 3240 5238 existit
3293 5184 3347 5236 in
3391 5182 3653 5236 desertum

2083 5277 2283 5332 videre?
2316 5277 2629 5331 arundinem
2688 5285 2832 5331 vento
2861 5277 3144 5346 agitatam?
3182 5285 3236 5328 et
3268 5274 3498 5342 reliqua.
3545 5273 3656 5328 lloc

2084 5379 2265 5423 autem
2313 5368 2464 5434 dicit,
2514 5368 2641 5434 quia
2678 5367 2873 5422 firmus
2905 5375 3074 5422 est-el.
3121 5380 3226 5420 non
3261 5373 3424 5420 vento
3458 5365 3658 5421 cedens

2086 5471 2148 5516 ut
2175 5460 2384 5514 arundo

2161 5551 2323 5607 Vens.
2366 5553 2418 5605 7.
2461 5549 2586 5604 Plus
2649 5567 2807 5620 quam
2861 5549 3110 5619 propheta
3148 5559 3251 5616 est,
3289 5549 3415 5620 quia
3451 5549 3663 5606 vicinus

2088 5656 2172 5700 est
2219 5643 2577 5714 prophetizati
2622 5652 2676 5697 et
2745 5643 2890 5697 illius
2956 5656 3279 5712 pra-cursor.
3320 5642 3424 5708 Qui
3473 5641 3665 5697 dicunt

2091 5738 2246 5793 illum
2293 5752 2400 5792 non
2443 5735 2698 5804 majorem
2729 5750 2849 5791 esse
2892 5733 3169 5805 prophetis
3193 5741 3250 5788 ut
3293 5733 3662 5806 ignorantem,
