4026 6430
465 397 488 462 1
507 394 597 459 1οἹ

1181 398 1573 461 OPUSCULA
1609 399 2245 466 SCRIPTURISTICA
2282 403 2636 466 INCERTrE
2679 406 2988 468 rETATlS.

3569 397 3700 476 nos

465 505 718 560 nesciunt
756 504 902 575 quod
965 505 1170 562 dicunt.
1205 507 1321 562 Non
1378 509 1525 563 enim
1583 511 1893 578 ignorabat,
1949 514 2035 568 sed

2149 515 2248 568 οὐκ
2277 516 2452 569 οἴδασι
2501 517 2554 569 τί
2604 517 2872 585 λέγουσιν·
2915 517 2975 570 ού
3009 514 3118 586 γὰρ
3170 514 3376 585 ἠγνόει,
3436 515 3569 570 ἀλλα
3618 519 3702 572 δια

464 607 686 666 propter
715 598 1014 667 discipulos
1041 598 1144 655 hoc
1177 599 1349 654 tinxit.
1371 603 1634 657 Praeterea
1657 603 1830 657 multo
1870 605 2041 675 major

467 689 899 759 prophetizatum
928 689 1086 746 vidit.

527 781 1145 850 Cognoscebatioannes
1163 793 1412 854 oportere
1426 784 1700 841 Christum
1721 789 1851 855 pati;
1867 805 2042 858 quan-

467 872 538 923 do
557 873 700 924 cnim
729 872 855 926 dicit
873 888 993 926 eum
1015 873 1225 942 Agnum
1256 875 1348 943 qui
1371 875 1507 930 tollit
1529 888 1808 946 peccatum
1831 879 2040 944 mundi,

470 964 572 1016 hoc
599 979 691 1031 per
720 963 1042 1020 allusionem
1067 966 1329 1035 loquitur;
1348 979 1399 1022 et
1422 983 1546 1021 eum
1573 968 1726 1032 dicit,
1750 970 1801 1022 in
1834 968 2040 1038 Spiritu

466 1071 558 1108 vos
592 1054 902 1122 baptizabit,
942 1056 1133 1111 alludit
1172 1059 1238 1112 ad
1270 1074 1332 1112 ea
1373 1074 1496 1127 quas
1526 1068 1648 1128 post
1685 1046 2040 1117 resurrectio-

467 1163 588 1199 nem
615 1148 666 1200 in
690 1147 1012 1203 Pentecoste
1045 1150 1185 1204 facta
1225 1161 1373 1206 sunt.

537 1239 702 1294 Vens.
735 1242 821 1295 Η.
859 1241 979 1295 Non
1007 1245 1236 1296 surrexit
1271 1245 1444 1312 major
1463 1243 1672 1300 Joanne
1714 1247 1852 1299 inter
1887 1256 2039 1299 natos

464 1330 768 1396 mulierum,
789 1332 1063 1400 praeterito
1095 1332 1163 1386 de
1193 1340 1436 1401 tempore
1461 1342 1565 1399 est,
1584 1349 1692 1388 non
1727 1334 1942 1400 futuro;
1971 1350 2041 1390 ne

459 1424 586 1491 quis
613 1423 922 1492 suspicetur
954 1423 1037 1478 vel
1085 1424 1349 1492 apostolis
1375 1426 1466 1491 qui
1516 1424 1829 1490 succedent,
1865 1425 2040 1494 majo-

461 1528 550 1568 res
572 1525 694 1570 esse
725 1513 819 1584 qui
861 1513 1252 1584 praeterieram,
1286 1515 1354 1569 de
1399 1515 1492 1570 illo
1544 1525 1753 1571 tantum
1794 1532 2038 1586 pronun-

463 1605 580 1659 t’at.

532 1697 797 1752 Minorem
860 1699 1151 1769 quemdam
1201 1699 1432 1756 dicendo
1507 1701 1742 1771 aliquem
1806 1700 2034 1765 Joanne.

460 1789 702 1859 tsi-ipsum
763 1791 1030 1846 minorem
1085 1791 1329 1861 designat
1421 1794 1718 1848 secundum
1797 1804 2034 1862 tempus,

2146 606 2270 667 τοὺς
2306 605 2574 677 μαθητάς·
2628 607 2814 660 ἔπειτα
2850 605 2974 659 ttat”
2974 624 3050 660 ων
3076 607 3186 676 ὅσῳ
3227 606 3442 660 καὶτὸν
3495 623 3700 678 προφη·

2145 697 2436 767 τευόμενον
2466 694 2628 754 εἶδεν.
2692 758 2702 767 ,

2229 790 2559 856 Ἐγίνωσκεν
2599 791 2853 861 Ἰωάννης
2880 792 2962 844 ὅτι
2992 792 3075 845 δεῖ
3113 792 3307 845 παθεῖν
3329 791 3419 844 τὸν
3452 789 3698 861 Χριστόν·

2144 880 2274 932 ὅταν
2309 880 2419 952 γὰρ
2447 881 2583 954 λέγῃ
2621 883 2783 934 αὐτὸν
2820 881 3017 952 Ἀμνδν
3051 883 3272 953 αἴροντα
3305 883 3406 954 τὴν
3432 879 3705 952 ἁμαρτίαν

2143 970 2237 1024 τοῦ
2266 971 2498 1042 κόσμου,
2530 973 2688 1026 τοῦτο
2728 974 3102 1044 αἰνιττόμενος
3149 975 3319 1043 λέγει’
3371 974 3467 1028 καὶ
3493 973 3574 1038 τὸ,
3611 975 3706 1028 Ἑν

2144 1065 2441 1133 Πνεύματι
2459 1065 2746 1130 βαπτίσει
2774 1066 2945 1135 ὑμᾶς,
2980 1067 3047 1119 τα
3078 1065 3217 1135 μετά
3259 1065 3361 1120 τὴν
3416 1064 3707 1119 ἀνάστασιν

2142 1154 2228 1208 διὰ
2267 1156 2361 1226 τὴν
2401 1157 2782 1228 Πεντηκοστὴν
2809 1158 3129 1210 αἰνίττεται.

2213 1247 2307 1312 Τὸ,
2345 1250 2465 1302 Οὐκ
2497 1249 2806 1318 ἐγήγερται
2832 1248 3042 1317 μείζων
3077 1246 3362 1303 Ἰωάννου
3387 1245 3458 1300 ἐν
3497 1261 3704 1314 Tm.

2142 1337 2267 1405 τοῖς
2284 1340 2606 1408 γυναικῶν,
2638 1339 3073 1412 παρεληλυθότος
3100 1341 3218 1393 ἐστὶ
3245 1339 3461 1410 χρόνου,
3493 1338 3552 1390 οὐ
3586 1335 3710 1406 μέλα

2142 1431 2348 1494 λοντος·
2375 1433 2461 1485 ἵνα
2487 1433 2562 1502 μή
2605 1449 2690 1494 τις
2712 1431 3030 1506 ὑποπτεύσῃ
3062 1432 3156 1484 καὶ
3210 1431 3317 1484 τῶν
3347 1430 3484 1500 μετά
3539 1427 3710 1482 ταῦτα

2142 1521 2458 1575 ἀποστόλων
2508 1522 2824 1593 κρείττονας
2885 1517 3025 1577 εἶναι
3055 1523 3183 1587 τοὺς
3238 1521 3706 1594 παρεληλυθότας,

2141 1612 2421 1683 συγκρίνει
2453 1614 2612 1683 μόνον
2636 1615 2772 1684 πρὸς
2791 1614 2973 1671 αὐτόν.

2210 1709 2284 1760 Τό
2318 1709 2640 1781 μικρότερον
2662 1709 2843 1777 λέγειν
2865 1708 2987 1762 τινὰ
3031 1707 3299 1772 Ἰωάννου,
3335 1705 3526 1760 ἑαυτὸν
3561 1704 3710 1772 λέγει

2144 1799 2469 1870 μικρότερον
2497 1800 2640 1853 κατά
2675 1800 2765 1854 τὸν
2814 1801 3024 1870 χρόνον,
3069 1799 3389 1869 μικρότερον
3443 1797 3587 1849 κατά
3613 1795 3708 1865 τὴν

461 1878 732 1934 minorem
801 1880 1102 1937 secundum
1169 1881 1465 1936 multorum
1535 1883 1872 1952 opinionem.
1924 1882 2035 1937 Hoc

2147 1865 2258 1944 τῶν
2284 1865 2496 1944 πολλῶν
2531 1891 2707 1957 δόξαν·
2739 1865 2898 1944 τοῦτο
2924 1892 2978 1944 δὲ
3003 1865 3150 1958 λέγει
3174 1865 3318 1958 ⁷με.τά
3341 1889 3401 1940 τὸ
3428 1887 3708 1957 ἐγκωμιά-

460 1981 640 2025 autem
663 1971 794 2026 dicit
839 1979 1130 2041 postquam
1171 1972 1323 2026 illum
1379 1973 1700 2036 laudaverit,
1727 1989 1794 2027 ne
1825 1974 2036 2043 magni-

461 2061 597 2115 tudo
643 2071 698 2117 et
760 2062 978 2117 insolita
1029 2062 1248 2118 laudum
1321 2064 1620 2133 propositio
1691 2064 2040 2135 principalem

460 2153 614 2208 illum
643 2154 914 2216 ostendat,
949 2155 1030 2207 vel
1064 2154 1182 2224 ipso
1211 2155 1468 2210 laudante
1489 2156 1727 2213 Christo.

534 2241 697 2296 Vens.
743 2244 828 2300 12.
891 2243 1195 2310 Quodnam'
1231 2245 1362 2299 dicit
1413 2247 1665 2315 regnum?
1726 2245 1912 2303 Fidem
1985 2247 2040 2303 in

458 2332 611 2386 illum
640 2351 654 2387 :
681 2334 795 2400 ipse
819 2335 965 2387 enim
1001 2342 1122 2388 erat
1148 2334 1415 2389 caelorum
1454 2350 1571 2390 rex.

530 2423 778 2493 Regnum
833 2425 1097 2479 caelorum
1127 2441 1251 2481 esse
1299 2427 1468 2496 aliqui
1505 2427 1696 2482 dicunt
1749 2427 2036 2499 dignorum

458 2514 514 2569 in
548 2517 702 2572 ctelis
733 2519 1240 2582 conversationem;
1270 2518 1362 2572 alii
1384 2527 1564 2572 autem
1605 2519 1837 2574 similem
1871 2535 2040 2591 ange-

458 2604 528 2659 lis
582 2607 913 2660 salvatorum
966 2607 1350 2670 morationem;
1404 2605 1496 2660 alii
1529 2607 1796 2661 visionem
1867 2609 2039 2677 ipsam

457 2697 656 2750 divina:
682 2697 1124 2765 pulchritudinis,
1157 2697 1516 2752 similitudine
1540 2698 1782 2754 caelestis
1810 2697 2039 2752 indutis.

457 2789 983 2854 Consonant‘autem
1020 2804 1232 2855 revera,
1263 2798 1322 2844 ut
1353 2789 1485 2843 mihi
1507 2789 1742 2855 videtur,
1775 2797 1890 2844 tres
1921 2791 2041 2844 ista:

458 2881 527 2934 de
555 2880 658 2934 hoc
689 2880 1005 2948 opiniones;
1038 2881 1238 2948 cuique
1257 2881 1404 2935 enim
1432 2880 1499 2935 ad
1547 2881 1853 2950 analogiam
1892 2883 2040 2939 illius

460 2973 516 3027 in
555 2973 662 3026 illis
681 2982 762 3026 est
788 2971 969 3043 quoad
1019 2971 1181 3042 quale
1206 2982 1258 3027 et
1287 2981 1554 3043 quantum
1581 2972 1831 3043 justitize,
1854 2972 2038 3029 futura

457 3075 543 3119 est
573 3065 770 3132 gratia.

530 3255 694 3311 Vens.
732 3255 819 3311 H.
878 3255 1034 3322 Illud,
1063 3253 1182 3324 Ipse
1210 3264 1287 3309 est
1341 3255 1492 3309 Elias
1519 3256 1609 3324 qui
1634 3265 1880 3311 venturus
1931 3266 2031 3322 est,

459 3363 566 3402 non
600 3347 777 3402 solum
816 3346 1044 3416 intelligi
1071 3346 1230 3400 debet
1286 3346 1431 3416 quod
1468 3346 1558 3401 hic
1595 3348 1660 3401 de
1689 3363 1800 3418 quo
1827 3349 2032 3404 dictum

455 3449 538 3493 cst
569 3448 830 3494 venturus
862 3438 951 3502 sit,
974 3438 1068 3492 sed
1095 3437 1237 3506 quod
1267 3438 1408 3492 sicut
1437 3435 1676 3494 Joannes
1730 3456 2036 3510 prtecursor

457 3529 560 3584 fuit
582 3531 785 3600 prioris
824 3529 1027 3586 Christi
1060 3531 1350 3591 adventus,
1382 3531 1455 3585 ita
1508 3531 1654 3587 Elias
1713 3535 2034 3602 posterioris

455 3623 674 3685 iuturus
704 3623 796 3678 sit.

527 3713 692 3768 Vens.
719 3715 801 3769 15.
827 3713 932 3780 Qui
951 3715 1102 3773 habet
1129 3731 1281 3768 aures
1297 3714 1549 3770 audiendi
1572 3715 1780 3770 audiat.
1802 3715 1927 3772 Vult
1942 3733 2036 3787 per

457 3805 574 3859 lure
613 3804 774 3857 verba
810 3804 1051 3858 excitare
1077 3803 1411 3858 audientium
1444 3813 1706 3870 mentem,
1740 3815 1794 3861 et
1829 3807 2036 3864 ideirco

456 3911 555 3964 per
583 3895 873 3961 parabolas
908 3896 1171 3965 loquitur.

532 3985 693 4041 Vens.
731 3988 817 4042 16.
847 3987 1140 4046 Cecinimus
1173 4002 1221 4048 et
1255 4009 1357 4047 non
1381 3993 1661 4056 saltastis;
1702 3991 1845 4046 istud
1872 4005 2034 4045 nemo

458 4090 518 4133 ut
546 4079 902 4150 improprium
956 4083 1224 4155 accipiat;
1255 4101 1381 4144 nam
1433 4085 1500 4145 ad
1542 4084 1878 4155 assignatum
1910 4098 2037 4138 sen—

459 4187 578 4225 sum
609 4172 760 4226 dicit.

530 4262 695 4318 Vt-zns.
730 4264 811 4320 l8.
838 4264 1018 4344 Neque
1039 4267 1367 4326 mundumns
1392 4283 1551 4338 neque
1581 4267 1785 4332 bibens;
1816 4263 2036 4320 eviden-

458 4364 540 4407 ter
567 4370 784 4416 carnem
821 4372 920 4412 nec
985 4357 1202 4424 vinum;
1257 4359 1374 4416 sine
1406 4358 1615 4415 caeteris
1649 4358 1796 4418 enim
1854 4356 2038 4410 vivere

457 4462 565 4499 non
591 4447 875 4516 potuisset.

2152 1999 2242 2035 σαι
2277 1982 2460 2035 αὐτόν’
2494 1983 2579 2034 ἵνα
2611 1982 2687 2052 μὴ
2737 1983 2771 2052 ἡ
2793 1981 3071 2051 ύπερδολὴ
3118 1981 3211 2033 καὶ
3238 1981 3569 2048 ἀσύγκριτος
3606 1977 3710 2030 τῶν

2146 2073 2440 2142 ἐγκωμίων
2493 2074 2796 2144 παράθεσις
2851 2074 3131 2142 ἐξαίρετον
3177 2071 3340 2126 αὐτὸν
3392 2069 3566 2140 δείξῃ,
3621 2070 3711 2121 καὶ

2144 2165 2309 2218 αὐτοῦ
2340 2164 2434 2218 τοῦ
2465 2166 2814 2228 ἐπαινοῦντος
2837 2165 3095 2236 Χριστοῦ.

2214 2255 2348 2309 Τίνα
2370 2254 2545 2322 λέγων
2583 2255 2900 2323 βασιλείαν;
2934 2255 3044 2324 Τὴν
3063 2254 3246 2307 πίστιν
3275 2252 3373 2323 τὴν
3411 2253 3490 2316 εἰς
3522 2251 3707 2305 αὐτόν’

2142 2340 2298 2408 οὗτος
2327 2346 2434 2416 γάρ
2457 2349 2483 2398 ὁ
2510 2345 2761 2416 οὐράνιος
2799 2346 3074 2416 βασιλεύς.

2213 2438 2326 2509 Τὴν
2351 2437 2628 2508 βασιλείαν
2665 2438 2772 2489 τῶν
2830 2437 3078 2506 οὐρανῶν
3117 2431 3258 2490 εἷναί
3303 2453 3450 2497 τινες
3491 2434 3709 2502 λέγουσι

2140 2529 2240 2599 τὴν
2266 2529 2323 2581 ὲν
2347 2527 2592 2598 οὐρανοῖς
2621 2526 2730 2579 τῶν
2766 2525 2931 2590 ἀξίων
2968 2525 3264 2594 διαγωγήν·
3312 2525 3399 2576 ’ἐτε
3413 2540 3493 2591 ροι
3522 2522 3582 2575 δὲ
3613 2522 3708 2591 τὴν

2141 2619 2332 2688 ὁμοίαν
2359 2620 2471 2680 τοῖς
2504 2617 2757 2684 ἀγγέλοις
2807 2616 2918 2669 τῶν
2949 2615 3272 2684 σωζομένων
3338 2614 3674 2666 κατάστασιν
3693 2629 3708 2643 ο

2141 2710 2290 2766 ἄλλοι
2320 2710 2376 2764 δὲ
2405 2709 2466 2762 τὸ
2497 2705 2638 2772 εἰδος
2687 2708 2820 2761 αὐτὸ
2852 2707 2953 2776 τῆς
2973 2708 3162 2778 θεῖκῆς
3213 2706 3576 2777 ῶραιότητος,
3605 2706 3710 2758 τῶν

2142 2802 2490 2871 φορεσάντων
2524 2799 2620 2870 τὴν
2652 2799 2837 2852 εἰκόνα
2883 2797 2976 2850 τοῦ
3013 2797 3359 2864 ἐπουρανίου.
3411 2796 3711 2864 Συνάγουσι

2140 2894 2197 2947 δὲ
2224 2896 2287 2963 τῇ
2312 2891 2562 2962 ἀληθεία,
2601 2890 2743 2945 κατά
2773 2890 2834 2943 τὸ
2881 2889 3005 2960 ἐμοὶ
3054 2889 3266 2952 δοκοῦν,
3305 2889 3400 2942 καὶ
3455 2888 3510 2940 αἰ
3560 2889 3710 2958 τρεῖς

2143 2982 2272 3047 περὶ
2299 2982 2488 3034 τούτου
2517 2981 2667 3047 δόξαι
2693 2997 2706 3012 ·
2745 2979 2960 3049 ἑκάστῳ
2987 2978 3095 3048 γὰρ
3125 2977 3268 3031 κατὰ
3292 2979 3390 3047 τὴν
3415 2975 3709 3042 ἀναλογίαν

2139 3075 2236 3144 τῆς
2262 3075 2321 3126 ὲν
2352 3073 2535 3135 αὐτοῖς
2573 3071 2714 3125 κατά
2745 3071 2804 3125 τὸ
2841 3070 2994 3124 ποιόν
3040 3087 3100 3124 τε
3155 3071 3249 3123 καὶ
3283 3069 3447 3122 ποσὸν
3499 3068 3708 3121 δικαιο-

2064 3206 2106 3263 c
2143 3163 2329 3234 σύνης,
2362 3164 2394 3232 ἡ
2429 3162 2694 3231 μέλλουσα
2711 3163 2892 3232 χάρις.

2207 3258 2302 3319 Τὸ,
2355 3256 2546 3322 Αὐτός
2580 3256 2753 3309 ἐστιν
2798 3255 3003 3321 Ἠλίας
3042 3257 3074 3309 ό
3101 3254 3346 3324 μέλπων·
3401 3241 3707 3320 ἐρέεσθαι,

2135 3349 2196 3402 οὐ
2232 3349 2391 3419 μόνον
2422 3350 2596 3402 νοοῖτο
2627 3348 2710 3401 ὅτι
2753 3348 2782 3400 ό
2809 3345 3022 3416 λεχθεὶς
3067 3345 3408 3405 ἐλεύσεσθαι,
3443 3344 3559 3396 ἀλλ’
3605 3344 3708 3403 ὅτι,

2137 3441 2322 3510 φησὶν,
2385 3439 2573 3509 ῶσπερ
2659 3438 2914 3506 Ἰωάννης
2984 3437 3289 3508 πρόδρομος
3345 3436 3536 3503 γέγονε
3613 3432 3718 3502 τῆς,

2137 3531 2361 3602 πρώτης
2393 3531 2558 3584 αὐτοῦ
2588 3529 2909 3601 παρουσίας,
2958 3528 3131 3593 οὕτως
3178 3528 3387 3594 ,Ἠλίας
3437 3528 3537 3596 τῆς
3589 3524 3705 3577 δευ-

2134 3621 2300 3693 τέρας
2339 3621 2513 3674 ἔσται.

2207 3714 2302 3779 Τὸ,
2348 3713 2411 3766 '0
2433 3715 2590 3783 ἔχων
2609 3729 2731 3767 ωτα
2760 3725 3028 3774 ἀκουειν,
3060 3708 3344 3768 ἀκουέτω,
3384 3706 3709 3776 βουλομένου

2140 3808 2259 3861 ἐστί
2282 3788 2561 3876 διεγεῖραί
2581 3805 2680 3872 τὴν
2711 3803 2937 3872 γνώμην
2959 3801 3067 3854 τῶν
3097 3800 3406 3854 ἀκουόντων
3429 3816 3442 3830 ο
3483 3799 3584 3851 καὶ
3625 3797 3711 3850 διὰ

2137 3897 2298 3952 τοῦτο
2319 3894 2735 3966 αἰνιγματωδῶς
2761 3895 3034 3962 λέγοντος.

2209 3992 2302 4053 Τὸ,
2341 3990 2732 4057 Ηύλήσαμεν,
2787 3986 2884 4040 καὶ
2936 3989 3047 4040 οὐκ
3085 3984 3466 4053 ὠρχήσασθε,
3523 3980 3710 4052 μηδεὶς

2135 4084 2212 4148 ῶς
2264 4083 2621 4151 κακέμφατον
2673 4080 3002 4150 ἐπιλάϐηται
3032 4095 3044 4108 ·
3078 4078 3152 4141 ὡς
3186 4077 3320 4148 πρὸς
3372 4073 3561 4129 ἱδιῶτα
3605 4073 3710 4144 γὰρ

2137 4176 2285 4245 λέγει
2313 4175 2459 4230 νοῦν.

2208 4268 2371 4334 Μήτε
2401 4268 2641 4328 ἐσθίων,
2669 4264 2821 4334 μήτε
2854 4264 3065 4328 πίνων,
3111 4261 3311 4331 δηλαδη
3344 4263 3483 4330 κρέα
3515 4259 3612 4313 καὶ
3637 4252 3710 4310 οἷ-

2137 4373 2228 4411 νον
2254 4372 2267 4386 ·
2297 4356 2423 4409 ἄνευ
2455 4355 2564 4427 γὰρ
2595 4353 2704 4407 τῶν
2733 4354 2910 4408 ἄλλων
2942 4351 3042 4423 ζῇν
3071 4352 3172 4406 οὐκ
3202 4349 3453 4421 ἠδύνατο.

533 4537 676 4594 Vens
702 4541 785 4595 19.
814 4540 1122 4610 Justiﬁcata
1148 4551 1224 4596 est
1255 4542 1513 4610 sapientia
1534 4558 1565 4594 a
1592 4541 1717 4610 [iliis
1743 4540 1874 4605 suis;
1922 4539 2030 4594 hoc

2206 4541 2301 4606 Τὸ,
2332 4537 2673 4605 Ἐδικαιώθη
2692 4537 2729 4603 ἡ
2757 4536 2944 4606 σοφία
2971 4534 3088 4590 ἀπὸ
3108 4533 3226 4588 τῶν
3249 4533 3475 4588 τέκνων
3492 4532 3704 4599 αὐτῆς,

458 4629 611 4693 dicit,
644 4631 772 4699 quia
797 4631 844 4684 si
888 4646 996 4684 non
1026 4631 1359 4686 crediderint
1402 4631 1596 4696 Judaei,
1625 4645 1851 4701 arguere
1878 4631 2029 4684 illum

460 4731 569 4770 non
602 4718 680 4771 eis
703 4718 848 4772 licet.
896 4718 1107 4772 Etenim
1131 4720 1312 4773 omnia
1341 4735 1438 4790 pro
1465 4735 1563 4776 sua
1586 4728 1736 4786 parte
1767 4719 2028 4790 implevit,

459 4809 532 4860 ita
567 4816 625 4860 ut
670 4809 751 4862 vel
815 4808 1186 4878 imprudenter
1257 4825 1318 4864 se
1361 4824 1545 4878 gerere
1600 4809 1906 4865 volentibus
1965 4825 2032 4864 ne

462 4898 716 4951 umbram
782 4898 1002 4963 quidem
1089 4898 1394 4954 aversionis
1443 4898 1738 4969 reliquerit.
1801 4899 1932 4953 Nam
1983 4901 2030 4955 si

455 4987 630 5041 Judaei
668 5003 772 5041 non
797 4988 1123 5043 crediderint
1151 4989 1203 5043 in
1226 4989 1524 5053 Christum,
1563 5005 1666 5045 non
1693 4989 1792 5044 fuit
1815 5000 2030 5061 propter

453 5079 683 5133 Joannis
709 5079 978 5156 jejunium
1017 5089 1072 5138 et
1114 5081 1416 5143 silvestrem
1461 5083 1648 5147 vitam,
1681 5099 1856 5152 neque
1908 5100 2032 5153 pro-

457 5181 576 5239 pter
601 5171 914 5234 communis
943 5173 1069 5229 vitae
1113 5174 1564 5230 consuetudinem
1613 5185 1666 5229 et
1707 5174 2026 5234 familiarem

454 5266 926 5324 conversationrm
986 5264 1199 5320 Domini
1259 5268 1403 5321 illius
1444 5267 1644 5324 Christi
1678 5271 1808 5324 :scd
1867 5269 2033 5335 igitur

457 5359 545 5413 hic
565 5360 654 5427 qui
681 5358 865 5413 omnia
892 5359 1166 5429 sapienter
1193 5359 1520 5434 complebat,
1565 5360 1696 5414 nihil
1728 5362 2030 5415 omittendo

455 5465 644 5504 eorum
703 5467 824 5519 quae
885 5449 1242 5505 conferebant
1278 5450 1343 5505 ad
1400 5466 1588 5505 eorum
1653 5453 1938 5507 utilitatem
1976 5463 2032 5507 et

455 5541 704 5606 salutem,
738 5541 806 5595 ab
835 5541 917 5597 eis
966 5542 1362 5596 condemnatus
1390 5554 1505 5608 cst;
1531 5550 1586 5598 et
1640 5543 1774 5597 nihil
1807 5546 2030 5598 omnino

456 5629 654 5684 habent
677 5647 784 5698 quo
813 5633 961 5686 illum
1006 5642 1386 5702 arguant,nam
1429 5635 1609 5689 omnia
1639 5651 1733 5704 pro
1756 5653 1852 5692 sua
1883 5646 2033 5704 parte

458 5721 715 5784 Implevit,
738 5737 802 5776 ne
821 5724 1066 5780 umbram
1096 5727 1311 5795 quidem
1329 5727 1408 5782 eis
1432 5727 1748 5796 ignorantia:
1778 5739 1830 5782 et
1853 5729 2032 5800 ingra-

460 5807 702 5863 titudinis
741 5812 1070 5881 relinquens.

2135 4630 2296 4685 τοῦτο
2347 4629 2517 4697 λέγει,
2568 4629 2649 4684 ὅτι
2709 4628 2757 4680 εἰ
2794 4627 2887 4678 καὶ
2926 4625 3026 4679 οὐκ
3057 4625 3384 4678 ἐπίστευσαν
3441 4624 3705 4684 Ἰουδαῖοι,

2135 4717 2389 4786 ἐγκαλεῖν
2443 4716 2541 4768 οὐκ
2579 4715 2794 4786 ἔχουσιν
2827 4714 2974 4784 αὐτῷ
3006 4729 3019 4744 ⁸
3076 4714 3170 4768 καὶ
3233 4713 3342 4783 γὰρ
3411 4714 3482 4766 τὰ
3533 4711 3704 4765 αὐτοῦ

2137 4810 2314 4863 πάντα
2349 4810 2484 4877 ἐπλή
2498 4825 2687 4878 ρωσενο
2725 4806 2863 4860 ῶστε
2899 4809 3011 4870 τοῖς
3042 4807 3417 4875 ἀναισχυντεῖν
3449 4805 3706 4875 βουλομὲο

2135 4918 2265 4964 νοις,
2299 4900 2420 4952 οὐδὲ
2450 4899 2607 4951 σκιὰν
2641 4898 2959 4952 καταλιπεῖν
2979 4897 3254 4967 ἀφορμῆς
3291 4897 3384 4950 καὶ
3410 4896 3517 4967 γὰρ
3545 4897 3592 4948 εἰ
3618 4895 3706 4947 καί

2138 4992 2213 5062 μὴ
2258 4992 2501 5044 Ἰουδαῖοι
2535 4991 2859 5046 ἐπίστευσαν
2909 4991 2988 5052 εἰς
3028 4990 3118 5042 τὸν
3153 4988 3407 5059 Χριστὸν,
3448 4989 3584 5058 μήτε
3620 4987 3705 5039 διὰ

2134 5086 2232 5154 τῆς
2285 5081 2531 5137 Ἰωάννου
2565 5083 2820 5150 νηστείας
2846 5082 2941 5134 καὶ
2964 5080 3058 5134 τοῦ
3089 5080 3356 5150 ὲρημικοῦ
3389 5079 3526 5148 βίου,
3571 5078 3703 5146 μηδὲ

2133 5177 2222 5231 διὰ
2278 5178 2376 5245 τῆς
2411 5175 2890 5246 συγκαταϐατικῆς
2949 5173 3158 5243 διαίτης
3224 5173 3318 5224 καὶ
3359 5171 3701 5240 οἰκονομικῆς

2135 5267 2411 5328 πολιτείας
2464 5266 2626 5320 αὐτοῦ
2669 5265 2763 5320 τοῦ
2808 5265 3077 5316 Δεσπότου
3121 5261 3381 5333 Χριστοῦ·
3445 5262 3560 5316 ἀλλ’
3611 5260 3702 5312 οὖν

2136 5359 2298 5421 αὐτός
2330 5359 2356 5410 ό
2396 5358 2575 5411 πάντα
2611 5357 2788 5425 σοφῶς
2857 5355 3090 5407 ἐκτελῶν
3139 5354 3217 5422 τῷ
3249 5354 3414 5423 μηδὲν
3477 5353 3702 5423 παραλι-

2137 5453 2259 5503 πεῖν
2319 5449 2429 5502 τῶν
2485 5449 2882 5502 συντελούντων
2933 5447 3012 5510 εἰς
3062 5446 3247 5514 ὄνησιν
3291 5447 3383 5499 καὶ
3431 5447 3698 5512 σωτηρίαν

2135 5543 2335 5605 αὐτῶν,
2381 5540 2672 5609 ἐδικαιώοη
2723 5539 2816 5592 ἀπ’
2870 5539 3070 5592 αὐτῶνθ
3129 5538 3224 5594 καὶ
3258 5538 3440 5590 οὐκέτι
3522 5535 3700 5588 λοιπὸν

2134 5634 2348 5703 ἔχουσιν
2378 5630 2525 5700 αὐτῷ
2559 5648 2609 5681 τι
2639 5630 2911 5697 ἐγκαλεῖνο
2947 5629 3122 5682 πάντα
3182 5628 3290 5697 γὰρ
3327 5626 3699 5696 ὲξεπλήρωσεν

2135 5728 2201 5779 τὰ
2233 5724 2422 5787 αὑτοῦ,
2469 5723 2602 5793 μηδὲ
2642 5724 2800 5780 σκιὰν
2833 5724 3012 5786 αὐτοῖς
3061 5720 3458 5790 ἀννωιιοσύνης
3498 5719 3528 5789 ἦ
3561 5719 3692 5790 ἀχαο

2141 5818 2349 5889 ρισῖὶας
2373 5813 2701 5870 καταλιπών.
