4026 6426
271 1230 285 1360 ’1

326 412 468 480 1109

1307 411 1631 474 SCHOLIA
1668 411 1973 477 VETERA
2004 411 2087 474 IN
2121 408 2593 473 MATTHEUM.

3448 402 3589 466 mo

398 524 493 591 Τὸ,
554 520 1055 594 Ἐξομολογοῦμαί
1129 535 1251 589 σοι,
1305 525 1520 593 Πάτερ,
1583 526 1708 580 ἀντὶ
1778 524 1897 591 τοῦ,

2073 526 2240 582 Vens.
2277 528 2368 582 25.
2403 526 2671 594 Conﬁteor
2702 522 2821 587 tibi,
2857 520 3041 583 Pater,
3073 533 3194 588 pro.
3235 516 3453 572 Gratias
3484 532 3588 588 ago

326 615 653 688 Εὐχαριστῶ
715 635 819 680 σοι,
855 619 1055 670 κεῖταιο
1116 616 1199 670 ὅτι
1238 618 1327 681 Ἀ,
1383 617 1542 688 φησι,
1594 618 1751 686 σοφοὶ
1802 618 1905 672 οὐκ

2017 620 2124 683 tibi,
2160 618 2468 684 adhibetur,
2512 618 2637 686 quia
2679 631 2802 685 qua:
2845 613 3122 682 sapientes
3159 625 3269 665 non
3317 624 3594 678 cognove-

328 711 594 780 ἔγνωσαν,
624 710 801 779 νήπιοι
821 709 994 763 ταῦτα
1015 708 1281 777 ἔγνωσαν,
1314 709 1485 778 ἧγουν
1510 712 1561 763 oi
1585 709 1901 765 ἀπόστολοι.

401 800 494 865 Τὸ,
564 799 835 864 Ἐγένετο
896 798 1142 853 εὐδοκία
1198 797 1546 866 ἔμπροσθέν
1590 814 1731 866 σου,
1784 797 1906 851 ἀντὶ

328 890 448 955 τοῦ,
491 888 695 959 Ἠρεσέ
733 905 841 954 σοι,
872 890 1074 943 κεῖται.

403 980 609 1034 Πάντα
639 997 737 1049 μοι
766 979 1064 1049 παρεδόθη
1089 981 1211 1037 ὑπὸ
1236 981 1346 1037 τοῦ
1377 982 1627 1051 Πατρός,
1656 980 1903 1050 λέγεται,

330 1071 420 1125 ἵνα
457 1070 533 1142 μὴ
562 1070 806 1133 ἀντίθεος
836 1069 1091 1142 νομισθῇ.

934 1214 1187 1271 ΚΕΦΑΛ.
1217 1214 1321 1270 IB’.

403 1340 653 1412 Οὐδαμοῦ
678 1340 925 1409 φαίνεται
950 1339 1091 1393 λύων
1122 1338 1184 1392 τὸ
1205 1339 1483 1393 Σάσόατον
1506 1339 1678 1409 χωρὶς
1701 1336 1908 1402 αἰτίας,

335 1435 423 1489 ἵνα
451 1434 547 1488 καὶ
568 1433 658 1487 τὸν
684 1433 849 1502 νόμον
877 1431 1189 1501 ἀναπαύσῃ,
1222 1431 1318 1484 καὶ
1336 1432 1463 1494 τοὺς
1508 1429 1797 1491 Ἰουδαίους
1832 1428 1910 1498 μὴ

333 1525 516 1595 πλήξῃ
536 1566 549 1587 ,
580 1523 675 1576 καὶ
704 1524 771 1576 τὰ
805 1520 1059 1593 θαύματα
1092 1520 1304 1591 τελέσῃ.

406 1616 575 1667 Ὅταν
612 1613 686 1684 μὴ
727 1612 1024 1681 ὲγκαλῆται
1047 1612 1074 1665 ὁ
1116 1608 1455 1681 πεποιηκὼς,
1488 1610 1652 1680 νόμος
1700 1610 1913 1679 γίνεται

333 1704 369 1771 ἡ
423 1701 690 1770 ἀπολογία
740 1700 835 1754 τοῦ
880 1698 1249 1770 τολμήματος·
1309 1700 1469 1752 τοῦτο
1497 1699 1555 1753 δὲ
1608 1700 1742 1770 πρὸς
1787 1701 1915 1762 τοὺς

334 1798 532 1866 ἄρτους
556 1796 653 1863 τῆς
677 1792 987 1863 προθέσεως
1012 1794 1210 1847 νοεῖται
1234 1790 1330 1855 οὓς
1354 1791 1526 1861 ἔφαγε
1550 1790 1736 1846 Δαϐίδ.

2006 720 2156 771 runt,
2187 710 2393 780 parvuli
2416 716 2807 777 cognoverunt,
2849 705 2900 758 id
2921 711 3007 758 est
3034 700 3288 771 apostoli.

2077 802 2243 857 Vens.
2267 801 2359 855 26.
2394 802 2549 864 Illud,
2608 798 2731 852 Fuit
2761 797 3019 866 placitum
3045 803 3166 848 ante
3196 804 3265 857 te,
3308 807 3428 862 pro,
3461 790 3581 861 pla-

2008 894 2123 951 cuit
2149 894 2271 955 tibi,
2306 892 2623 962 apponitur.

2079 983 2243 1038 Vens.
2267 983 2355 1037 27.
2393 982 2586 1037 Omnia
2612 980 2740 1033 mihi
2771 978 2973 1033 tradita
3002 978 3143 1043 sunt;
3178 992 3212 1029 a
3234 972 3418 1041 Patre,
3447 971 3588 1028 dici-

2009 1086 2121 1143 tur,
2163 1091 2228 1131 ne
2260 1074 2353 1130 Dei
2374 1072 2721 1129 adversarius
2742 1079 3046 1140 reputetur.

2604 1212 2832 1271 CAPUT
2868 1212 2987 1267 XII.

2008 1344 2044 1415 ε
2083 1343 2247 1398 Vens.
2282 1343 2334 1396 l.
2360 1339 2561 1394 Nullibi
2614 1339 2858 1394 cernitur
2879 1336 3180 1393 Sabbatum
3226 1334 3446 1390 solvens
3466 1332 3585 1389 sine

2011 1451 2201 1501 causa,
2232 1442 2292 1489 ut
2314 1435 2485 1503 legem
2514 1446 2729 1487 cessare
2752 1429 2935 1496 faciat,
2959 1427 3251 1484 ctiudreos
3273 1442 3381 1481 non
3400 1427 3583 1492 lzetlat,

2013 1535 2067 1582 et
2099 1524 2358 1580 miracula
2395 1524 2662 1593 perﬁciat.

2083 1614 2246 1670 Vens.
2285 1616 2338 1668 4.
2377 1614 2607 1682 Quando
2665 1610 3081 1681 reprehenditur
3110 1610 3192 1666 sic
3236 1612 3438 1681 egisse,
3497 1610 3581 1663 lex

2014 1708 2075 1763 lit
2109 1707 2354 1777 apologia
2402 1705 2522 1775 ejus
2577 1703 2851 1770 audaciae;
2896 1704 2999 1757 hoc
3040 1711 3220 1757 autem
3269 1700 3588 1770 intelligitur

2014 1801 2081 1856 de
2113 1799 2342 1870 panibus
2361 1797 2755 1869 propositionis
2780 1809 2921 1865 quos
2958 1793 3125 1849 David
3151 1791 3412 1848 comedit.

420 1886 508 1938 Ἐν
548 1885 656 1954 γὰρ
699 1885 809 1946 τοῖς
845 1883 1086 1935 Σάϐὄασι
1119 1883 1320 1945 παντὸς
1353 1882 1517 1952 ἔργου
1545 1883 1912 1953 χειροκμήτου

2085 1892 2253 1949 Vens.
2282 1892 2337 1949 5.
2372 1890 2508 1946 Nam
2548 1892 2603 1945 in
2628 1888 3074 1954 Sabbatis,omni
3123 1901 3385 1941 manuum
3427 1898 3592 1955 opere

335 1976 753 2045 κεκωλυμένου,
797 1974 953 2027 αὐτοὶ
984 1976 1041 2027 ἐν
1072 1972 1149 2044 τῷ
1178 1973 1310 2044 ίερῷ
1339 1975 1390 2026 oi
1447 1974 1613 2044 ἱερεῖς
1661 1973 1914 2038 ὲξυλοκό-

335 2087 502 2134 πουν,
538 2068 633 2121 καὶ
666 2066 776 2137 πῦρ
808 2063 984 2140 ἦτὲτον
1018 2066 1113 2119 καὶ
1134 2065 1523 2136 ἐκρεανόμουν.

408 2160 508 2213 Διά
534 2159 724 2212 τούτου
778 2158 876 2230 τὴν
923 2157 1090 2211 αὑτοῦ
1118 2159 1273 2227 ίσχὺν
1302 2157 1396 2211 καὶ
1448 2157 1758 2228 πραότητα,
1818 2158 1914 2212 καὶ

333 2252 447 2305 τῶν
488 2252 756 2305 Ἰουδαίων
787 2251 849 2304 τὸ
884 2251 1109 2314 ἀσθενὲς
1142 2249 1478 2320 ὑπογράφει,
1523 2250 1606 2302 ὅτι
1638 2249 1715 2314 ὡς
1737 2250 1913 2304 κάλα-

337 2344 441 2415 μός
470 2346 585 2397 ἐστι
627 2343 1085 2414 συντετριμμένος
1123 2339 1353 2395 ἐνώπιον
1383 2339 1571 2407 αὑτοῦ,
1606 2340 1660 2392 et
1693 2357 1756 2409 γε
1791 2338 1916 2411 βού-

333 2434 484 2488 λοιτο
512 2435 709 2497 αὐτοὺς
745 2434 1041 2500 ἀφανίσαιο
1077 2430 1213 2484 ἀλλά
1264 2431 1401 2494 τέως
1431 2432 1490 2484 οὐ
1524 2430 1759 2499 κατάγει
1817 2430 1915 2484 αύ-

334 2526 464 2590 τούς
482 2543 497 2558 ο
535 2528 630 2579 καὶ
661 2527 804 2589 λίνος
824 2527 881 2580 δὲ
912 2526 1211 2596 τυφόμενος
1241 2524 1455 2594 ὁθυμδς
1483 2522 1661 2578 αὐτῶν
1692 2524 1721 2577 ὁ
1747 2524 1915 2578 ἀκατ-

335 2619 563 2689 άσχετος
582 2618 844 2688 δηλωθείη
876 2617 960 2672 ἄν.

424 2710 482 2763 ’0
509 2709 710 2777 τυφλὸς
742 2710 836 2763 καὶ
875 2709 1057 2780 κωφὸς
1088 2709 1153 2761 ὲκ
1186 2705 1281 2761 τοῦ
1311 2707 1562 2779 δαίμονος
1593 2707 1751 2763 τοῦτο
1775 2708 1913 2762 επα-

333 2801 435 2855 θον
455 2817 469 2831 ο
499 2800 614 2853 ἀλλ’
640 2804 666 2854 ὁ
698 2801 934 2872 Χριστὸς
985 2802 1064 2864 είς
1106 2801 1169 2853 τὸ
1193 2799 1358 2853 αὐτὸν
1393 2800 1546 2866 ἰδεῖν,
1571 2801 1667 2854 καὶ
1692 2801 1763 2854 τά
1788 2800 1917 2854 ἐαυ-

339 2890 442 2944 τοῦ
477 2891 731 2956 ἀκοῦσαι,
755 2891 1055 2961 ὀμμάτωσε
1082 2889 1178 2944 καὶ
1200 2887 1437 2943 ἀκοῦσαι
1464 2888 1911 2960 παρεσκεύασεν’

332 2982 372 3053 ἢ
407 2983 486 3045 εἰς
512 2982 572 3034 τὸ
588 2982 910 3053 δοξασθῆναι
937 2981 1196 3052 Χριστόν.

412 3080 475 3131 Οί
501 3079 788 3132 ἀπόστολοι
815 3079 1081 3149 δηλονότι.

2012 1984 2310 2056 prohibito,
2366 1982 2470 2053 ipsi
2522 1983 2575 2035 in
2622 1981 2827 2050 templo
2877 1978 3191 2035 sacerdotes
3238 1978 3444 2047 lignum
3496 1989 3588 2030 se-

2014 2084 2163 2139 cant,
2213 2076 2392 2146 ignem
2453 2073 2771 2136 incendunt,
2813 2079 2868 2127 et
2914 2084 3108 2125 carnes
3140 2069 3409 2124 dividunt.
3580 2068 3581 2071 “

2083 2166 2251 2221 Vens.
2310 2166 2402 2220 20.
2435 2166 2540 2221 Per
2579 2164 2682 2219 hoc
2734 2163 2903 2217 robur
2934 2161 3083 2215 illius
3099 2168 3155 2215 et
3196 2159 3587 2226 mansuetudo,

2013 2267 2067 2315 et
2098 2255 2406 2312 Judaaorum
2437 2255 2688 2311 debilitas
2727 2253 3109 2319 adumbratur,
3146 2251 3289 2319 quia
3327 2260 3386 2305 ut
3415 2266 3588 2304 aruu—

2013 2351 2085 2406 do
2133 2360 2389 2421 quassata
2438 2363 2624 2405 coram
2690 2348 2784 2401 illo
2848 2354 2997 2411 sunt,
3066 2344 3112 2399 si
3167 2344 3409 2397 voluerit
3463 2342 3591 2397 illos

2014 2443 2311 2505 destruere,
2375 2440 2471 2495 sed
2532 2439 2694 2495 modo
2752 2454 2861 2493 nou
2920 2437 3044 2493 illos
3106 2436 3313 2507 dejicit.
3391 2434 3587 2489 Linum

2015 2543 2195 2588 autem
2264 2530 2569 2602 fumigans,
2645 2544 2740 2586 cor
2801 2544 2992 2585 eorum
3054 2528 3290 2584 indocile
3356 2526 3587 2598 intelligi

2052 2631 2225 2678 osset.

2052 2638 2225 2678 esset.

2014 2638 2049 2693 Ρ
2087 2712 2255 2768 Vens.
2312 2710 2405 2767 22.
2470 2692 2662 2767 Caecus
2726 2719 2782 2765 et
2838 2718 3025 2765 mutus
3082 2724 3113 2764 a
3172 2710 3419 2764 daemone
3478 2709 3594 2762 haec

2014 2807 2358 2876 patiebatur;
2403 2805 2497 2861 scd
2528 2804 2805 2869 Christus,
2860 2812 2919 2859 ut
2967 2802 3247 2858 videretur
3276 2811 3329 2856 et
3375 2799 3596 2854 audire-

2018 2904 2106 2950 tur
2133 2896 2203 2951 ab
2246 2910 2336 2962 eo,
2384 2896 2562 2950 visum
2619 2904 2672 2950 et
2716 2894 2967 2950 auditum
3018 2894 3067 2949 ei
3121 2892 3393 2964 praestitit,
3422 2889 3596 2945 velut

2014 2988 2292 3045 Christum
2333 2989 2747 3059 gloriﬁcaretur.

2087 3080 2254 3139 Vens.
2304 3082 2394 3136 27.
2450 3082 2698 3153 Apostoli
2729 3079 3036 3137 evidenter.

424 3166 771 3238 Ἐλέγχοντες
837 3168 989 3239 ὑμῶν
1056 3169 1158 3240 τὴν
1215 3169 1477 3224 ἀπιστίαν
1539 3168 1634 3226 καὶ
1708 3169 1911 3241 θριαμ-

2087 3172 2537 3230 Condemnanles
2595 3180 2839 3228 vestram
2900 3169 3341 3226 incredulitatem
3396 3174 3453 3222 et
3522 3164 3594 3221 de

332 3256 615 3320 δεύοντες.

412 3344 524 3414 Οὐχ
551 3345 584 3414 ἡ
614 3344 860 3415 δευτέρα,
890 3345 1006 3399 ἀλλ’
1042 3345 1075 3417 ἡ
1111 3343 1324 3418 πρώτη,
1364 3348 1451 3416 ἐφ’
1549 3348 1762 3420 χαίρειν
1791 3348 1914 3404 δέον

334 3438 439 3490 καὶ
465 3439 744 3507 ἀνυμνεῖν,
775 3438 933 3508 ὑμεῖς
961 3437 1247 3508 ὀργίζεσθε
1277 3439 1370 3492 καὶ
1392 3439 1734 3497 διαδάλλετε.

412 3618 509 3684 Τὸ,
556 3618 691 3673 Ἐὰν
717 3617 804 3687 μὴ
860 3618 1025 3688 δήσῃ
1058 3621 1167 3674 τὸν
1196 3620 1472 3689 ἰσχυρὸν,
1535 3620 1628 3675 τὸν
1693 3622 1916 3693 ίσχυρδν

332 3709 491 3779 λέγει
519 3710 610 3763 τὸν
644 3710 907 3777 διάϐολον,
937 3711 1035 3764 οὐκ
1085 3712 1151 3765 ὲκ
1173 3712 1274 3783 τῆς
1322 3711 1487 3767 αὑτοῦ
1523 3713 1762 3783 φύσεως,
1798 3714 1913 3769 ἀλλ’

336 3806 410 3859 ἑκ
438 3806 539 3875 τῆς
566 3805 840 3876 ἡμετέρας
869 3805 1151 3876 ἀμελείας.

431 3896 494 3949 Ὀ
520 3896 605 3965 μὴ
646 3896 729 3949 ὢν
748 3896 877 3965 μετ’
913 3897 1081 3965 ἐμοῦ,
1124 3898 1253 3951 κατ’
1283 3897 1430 3967 ἐμοῦ
1476 3897 1669 3962 ἐστιν,
1712 3900 1916 3955 σκοπὸν

338 3988 457 4059 ἔχει
486 3987 746 4053 τοιοῦτον,
776 3988 858 4042 ὅτι
902 3987 1043 4055 Ἐγὼ
1092 3988 1192 4057 μὲν
1223 3990 1424 4058 ἀρετὴν
1461 3988 1723 4056 διδάσκω,
1777 3991 1828 4043 oi
1859 3991 1917 4045 δὲ

336 4082 598 4150 δαίμονες
627 4080 695 4133 τά
738 4078 956 4152 ἐναντία
1003 4080 1233 4144 τούτοις.
1280 4079 1404 4142 Πῶς
1458 4074 1552 4133 οὖν
1595 4081 1623 4134 ὁ
1679 4081 1756 4151 μὴ
1797 4083 1915 4152 μετ’

337 4171 480 4241 ἐμοῦ
511 4172 609 4234 ὢν,
639 4170 763 4240 ἐμοὶ
781 4150 1162 4241 ⁸σνμινθράεινιτειν
1188 4170 1408 4239 ἔμελλεν
1432 4184 1447 4233 ;

428 4262 901 4332 ’Λπροφασίστωςο
934 4260 1093 4316 τοῦτο
1138 4261 1295 4330 δῆλον
1319 4261 1705 4332 ἀμετανοήτων
1730 4260 1917 4331 μενόν-

337 4369 452 4410 των
482 4355 790 4423 ὲκατέρωνυ
834 4356 882 4407 εἰ
916 4353 980 4423 δή
1011 4370 1075 4421 γε
1108 4353 1266 4417 ἀξίαν
1287 4353 1389 4424 τῆς
1421 4354 1695 4424 ἁμαρτίας
1744 4354 1917 4424 μετά-

337 4462 495 4499 νοιαν
524 4445 903 4509 ὲπιδείξαιντο,
942 4444 1309 4515 ἀφεθήσεται’
1365 4447 1392 4498 ὁ
1439 4445 1538 4514 μὲν
1563 4444 1661 4517 τὴν
1694 4445 1917 4516 ἐκείνην

2019 3264 2172 3319 vobis
2203 3264 2624 3333 triumphantes.

2090 3353 2257 3411 Vens.
2314 3354 2406 3408 28.
2456 3351 2572 3407 Non
2602 3352 2923 3419 secundum,
2951 3351 3047 3408 sed
3096 3351 3331 3421 primum
3363 3361 3593 3419 regnum

2018 3448 2073 3502 in
2118 3461 2229 3516 quo
2276 3445 2447 3500 laetari
2495 3452 2709 3514 oportet
2752 3454 2808 3499 et
2856 3451 3096 3507 cantare,
3148 3456 3243 3496 vos
3291 3437 3593 3495 irascimini

2017 3548 2071 3594 et
2091 3538 2321 3608 rejicitis

2089 3627 2253 3684 Vens.
2309 3628 2400 3682 29.
2453 3626 2571 3681 Nisi
2610 3628 2759 3697 prius
2795 3626 3097 3697 altigaverit
3140 3626 3358 3695 fortem;
3396 3623 3591 3693 fortem

2016 3718 2294 3775 diabolum
2324 3717 2547 3783 indicat,
2580 3732 2688 3773 non
2715 3731 2781 3771 ex
2809 3716 2929 3788 ejus
2945 3725 3166 3782 natura,
3185 3715 3279 3771 sed
3306 3729 3371 3769 ex
3407 3720 3593 3768 nostra

2019 3809 2371 3879 negligentia.

2091 3899 2256 3957 Vens.
2318 3902 2409 3957 30.
2462 3900 2568 3966 Qui
2625 3916 2727 3955 non
2782 3910 2856 3954 est
2890 3914 3093 3954 mecum
3138 3907 3323 3952 contra
3365 3911 3448 3949 me
3491 3904 3596 3957 est,

2021 3990 2182 4046 talem
2210 3990 2373 4045 habet
2400 3990 2858 4061 signiﬁcationem
2893 4006 2908 4042 :
2942 3989 3053 4058 Ego
3086 3987 3303 4056 quidem
3337 3986 3595 4040 virtutem

2019 4080 2208 4144 doceo,
2258 4082 2536 4135 daemones
2563 4095 2691 4135 vero
2714 4079 3018 4135 contraria.
3071 4077 3361 4143 Quomolo
3430 4076 3597 4143 igitur

2018 4173 2110 4242 qui
2143 4187 2250 4225 non
2281 4181 2365 4226 est
2393 4186 2632 4235 mecum,
2693 4185 2908 4226 mecum
2944 4169 3158 4239 operari
3193 4167 3453 4221 deberet?

2091 4264 2257 4319 Vens.
2316 4262 2647 4333 5|.Absque
2701 4260 3260 4327 excusatione;illud
3311 4260 3597 4314 evidenter

2018 4356 2149 4412 dum
2181 4365 2473 4425 utrumque
2509 4355 2631 4409 sine
2655 4353 2979 4425 poenitentia
3012 4351 3361 4416 remanserit;
3393 4351 3437 4405 si
3464 4364 3597 4404 vero

2018 4446 2237 4515 dignam
2259 4447 2465 4515 peccati
2486 4444 2860 4517 paenitentiam
2874 4444 3242 4507 exhibueriut,
3269 4445 3599 4503 remittetur;-

334 4536 501 4606 δίκην
542 4538 606 4607 ἣν
637 4537 729 4589 καὶ
762 4536 1010 4589 ύπέτεινε
1048 4535 1218 4607 μόνην
1241 4550 1255 4566 ·
1287 4538 1315 4589 ὁ
1342 4535 1400 4589 δὲ
1455 4534 1521 4599 ἃς
1554 4530 1754 4604 ὦφλεν,
1815 4539 1915 4607 τήν

2020 4537 2097 4593 illi
2130 4536 2350 4607 quidem
2401 4551 2618 4606 ptenam
2655 4536 2707 4591 in
2737 4551 2900 4606 quam
2938 4536 3112 4592 solam
3151 4535 3413 4601 incurrit;
3469 4534 3597 4589 huic

338 4645 406 4681 τε
439 4627 673 4682 ἐνταῦθα
699 4630 793 4681 καὶ
815 4628 914 4697 τὴν
943 4626 1179 4682 ἐκεῖθεν.

429 4812 791 4884 Ἀφεθήσεται
844 4815 958 4876 τοῖς
986 4811 1353 4884 ἀνθρώποιςὴ
1393 4816 1474 4878 εἰς
1501 4814 1594 4867 τὸν
1644 4814 1771 4867 Υίὸν
1820 4814 1918 4869 τοῦ

342 4905 638 4976 ἀνθρώπου
670 4904 916 4975 ἁμαρτία
942 4907 1002 4958 ὲν
1036 4904 1116 4977 τῷ
1143 4905 1239 4959 νῦν
1277 4906 1436 4960 αἰῶνι
1462 4921 1476 4937 °
1512 4908 1607 4960 καὶ
1634 4908 1696 4960 οὐ
1733 4907 1920 4961 τίσου-

344 5016 434 5054 σιν
474 4998 612 5071 ὑπὲρ
641 4998 812 5069 αὐτῆς
846 4998 1081 5053 ἐνταῦθα
1118 5000 1298 5069 δίκην,
1334 5001 1399 5053 ἐν
1426 5000 1611 5070 μέντοι
1672 5000 1750 5071 τῷ
1790 5000 1922 5069 μὲλ-

343 5085 494 5140 λοντι
535 5086 885 5140 ἀποτίσουσιν
905 5101 921 5117 ο
974 5088 1007 5157 ἡ
1036 5086 1080 5139 δ’
1114 5089 1193 5151 εἰς
1226 5087 1287 5140 τὸ
1318 5087 1543 5158 Πνεῦμα
1574 5089 1918 5160 βλασφημία,

345 5177 470 5233 οὔτε
498 5180 557 5232 ὲν
586 5178 666 5245 τῷ
695 5180 790 5233 νῦν
823 5178 947 5232 οὔτε
1001 5182 1059 5232 ὲν
1111 5179 1189 5250 τῷ
1243 5179 1488 5250 μέλλοντι
1544 5180 1879 5252 ἀφεθήσεται
1904 5196 1919 5211 ·

346 5271 570 5341 καὶγὰρ
596 5271 692 5341 ὅλη
722 5270 870 5324 ἐστὶν
902 5272 935 5340 ή
967 5270 1192 5340 τοιαύτη
1229 5269 1499 5340 ἁμαρτία.

419 5362 512 5433 Τῷ
542 5362 953 5433 βλασφημοῦντι
1014 5362 1096 5425 είς
1157 5363 1219 5415 τὸ
1250 5362 1473 5431 Πνεῦμα
1518 5361 1619 5415 οὐκ
1652 5361 1925 5434 ἀφεθήσε-

345 5469 441 5507 ται
465 5470 479 5482 °
511 5452 670 5505 τοῦτο
694 5452 751 5505 δὲ
781 5452 928 5520 λέγει
977 5450 1108 5520 περὶ
1136 5450 1232 5504 τοῦ
1265 5451 1424 5519 ἁγίου
1451 5450 1772 5521 Πνεύματος
1826 5452 1925 5505 καὶ

346 5545 457 5598 τῶν
491 5544 732 5614 σημείων
777 5537 851 5597 ὧν
879 5542 1093 5597 ἐποίει·
1154 5544 1216 5596 τὸ
1272 5544 1350 5608 δὲ,
1404 5545 1525 5597 Οὐκ
1555 5544 1926 5613 ἀφεθήσεται

346 5636 487 5690 οὕτε
511 5635 580 5688 ἐν
606 5634 687 5700 τῷ
718 5636 835 5690 νῦν
867 5635 1004 5689 οὔτε
1053 5635 1123 5688 ἐν
1178 5632 1256 5699 τῷ
1303 5634 1612 5704 μέλλοντι,
1672 5637 1787 5699 τοῖς
1850 5635 1925 5707 μὴ

350 5728 692 5800 μετανοοῦσι,
729 5728 899 5796 λέγει.

425 5817 519 5879 Τὸ.
553 5820 627 5874 Ἣ
651 5818 943 5888 ποιήσατε
995 5818 1063 5874 τὸ
1095 5817 1347 5891 δένδρον
1371 5821 1629 5889 σαπρὸν,
1665 5820 1761 5875 καὶ
1818 5821 1923 5876 τὸν

2021 4637 2203 4684 autem
2239 4644 2377 4699 quas
2405 4629 2655 4695 debebat,
2681 4642 2899 4700 ptenam
2932 4628 2985 4683 in
3017 4629 3123 4684 hoc
3160 4627 3384 4694 saeculo,
3405 4633 3459 4682 et
3481 4640 3598 4696 pte-

2020 4734 2146 4774 nam
2184 4719 2239 4773 in
2273 4719 2477 4776 futuro.

2095 4810 2421 4866 Remittetur
2443 4811 2755 4869 hominibus
2775 4812 2827 4866 in
2844 4811 3041 4867 Filium
3061 4809 3300 4865 hominis
3314 4818 3595 4880 peccatum

2021 4902 2076 4956 in
2108 4902 2214 4958 hoc
2248 4904 2504 4972 prmsenti
2539 4905 2775 4971 saeculo;
2807 4913 2863 4959 et
2894 4920 3001 4960 non
3031 4919 3223 4974 poenas
3261 4902 3329 4957 de
3374 4903 3466 4956 illo
3497 4903 3590 4957 hic

2022 4992 2196 5059 luent,
2225 4995 2279 5049 in
2317 4993 2502 5050 futuro
2535 5011 2670 5051 vero
2717 4997 2963 5063 solvent;
3017 4995 3355 5066 blasphemia
3408 5003 3590 5049 autem

2024 5085 2079 5140 iu
2132 5085 2417 5156 Spiritum,
2455 5102 2635 5157 neque
2684 5087 2736 5141 in
2785 5088 3040 5156 prmseuti
3087 5104 3263 5158 neque
3299 5088 3350 5141 itt
3403 5085 3592 5141 futuro

2022 5179 2347 5243 remittetur;
2401 5178 2599 5233 etenim
2662 5178 2976 5233 universum
3013 5187 3099 5234 est
3147 5178 3254 5233 tale
3285 5185 3591 5249 peccatum.

2095 5362 2495 5433 Blasphemanti
2528 5362 2581 5416 in
2644 5356 2909 5432 Spiritum
2949 5376 3059 5416 non
3106 5360 3445 5416 remittetur.
3480 5356 3593 5416 Hoc

2024 5463 2204 5510 autem
2235 5454 2365 5510 dicit
2404 5454 2470 5509 de
2500 5463 2693 5510 sancto
2724 5453 2931 5525 Spiritu
2967 5463 3021 5509 et
3058 5453 3232 5524 signis
3266 5468 3389 5523 qua:
3422 5452 3592 5507 facicc

2025 5544 2133 5600 bat.
2207 5544 2441 5599 Dicendo
2496 5560 2667 5599 vero:
2709 5542 2832 5598 Non
2888 5544 3184 5598 remittetur
3212 5559 3375 5610 neque
3401 5543 3456 5598 in
3495 5542 3595 5598 hoc

2024 5638 2217 5691 swculo
2264 5654 2424 5707 neque
2462 5639 2515 5691 iu
2556 5638 2757 5707 futuro,
2807 5636 2876 5692 de
2928 5652 3035 5693 non
3077 5635 3467 5707 pmnitentibus
3515 5636 3591 5693 lo-

2026 5728 2231 5799 quitur.

2099 5818 2261 5877 Vens.
2298 5819 2385 5876 55.
2440 5818 2596 5892 Illud,
2636 5822 2735 5875 Aut
2786 5823 2944 5890 facile
2998 5823 3484 5887 arboremimalam.
3542 5830 3603 5880 ει·
