4026 6406
337 379 370 444 ’1
383 377 407 440 'i
422 376 485 452 13

1333 374 1655 434 SCllOLIA
1693 372 1992 433 VETEBA
2030 371 2112 431 IN
2151 373 2622 437 MATTI'L‘EUM.

3452 376 3591 442 ιιιι

345 495 438 548 καὶ
463 489 699 560 ρᾁυμοι
717 504 732 518 ⁸
767 489 878 541 sisi.
905 487 961 540 δὲ
983 488 1040 540 ὲν
1067 489 1134 556 τῇ
1167 487 1342 556 πέτρᾳ
1393 485 1444 537 oi
1502 483 1907 552 ἀσθενέστεροι,

2028 498 2203 553 iegnes
2233 494 2396 548 sunt;
2433 487 2487 540 in
2525 494 2676 555 petra
2725 495 2906 542 autem
2953 486 3358 547 imlu-cilliorcs.
3392 492 3565 545 solum

347 582 508 650 μόνον
533 579 788 643 λαϐόντες
817 580 912 631 καὶ
946 578 1020 646 μὴ
1053 576 1520 646 ἀναμοχλεῦοντες
1546 578 1624 638 εἰς
1658 575 1718 626 τὸ
1748 574 1912 637 δέξα-

341 671 500 722 σθαι⁹
547 670 598 721 οἱ
620 669 663 722 δ’
697 672 754 720 ὲν
781 672 899 730 ταῖς
923 668 1205 730 ἀκάνθαις,
1242 669 1290 719 οἱ
1315 670 1371 720 ὲν
1417 668 1734 736 μερίμναις.

419 761 514 824 Τίς
540 764 568 815 ὁ
590 761 955 832 καρποφορῶν
985 761 1053 814 τὰ
1074 759 1302 826 έκατόν;
1328 759 1410 822 τίς
1434 761 1462 812 ὁ
1487 759 1558 812 τὰ
1607 759 1911 828 ἐξῆκον-,τας

347 851 431 914 τίς
465 851 492 902 ό
542 851 868 920 τρ;άκοντα;
921 849 1077 902 Ἐστι
1123 850 1180 902 δὲ
1222 849 1438 912 ἑκατὸν,
1486 849 1786 918 παρθενία’
1847 847 1915 900 τὰ

347 943 638 1008 ἑξήκοντα,
670 940 846 1010 γάμος
873 939 1068 1008 σεμνὸς
1107 940 1203 992 καὶ
1253 939 1507 1010 σώφρων,
1559 937 1916 1008 μεριζόμενος

349 1031 489 1100 μετά
548 1029 788 1102 Χριστοῦ
844 1029 911 1083 τά
951 1031 1304 1103 ὑπάρχοντα’
1358 1031 1426 1083 τὰ
1481 1030 1538 1082 δὲ
1581 1029 1913 1099 τριάκοντα,

348 1122 552 1192 ὁμοίως
575 1121 754 1191 γάμος
791 1122 990 1191 σεμνὸς
1030 1121 1126 1174 καὶ
1153 1121 1383 1191 σώφρων
1413 1121 1509 1191 τὴν
1529 1121 1720 1192 τρίτην
1738 1119 1916 1182 διδοὺς

351 1215 568 1283 μοῖραν,
620 1212 904 1282 προδήλως
954 1213 1373 1282 φυλαττομένων
1420 1213 1514 1266 καὶ
1562 1212 1670 1265 τῶν
1711 1211 1917 1264 λοιπῶν

349 1303 582 1373 ἀρετῶν.

421 1395 518 1446 Διά
542 1393 595 1446 τί
629 1393 724 1446 νῦν
763 1393 859 1464 μὲν
881 1393 940 1446 ὲν
983 1393 1319 1464 παραϐολαῖς
1341 1393 1673 1462 διαλέγεται,
1724 1394 1813 1446 ὅτε
1855 1393 1914 1446 δὲ

348 1487 443 1537 ἐπὶ
469 1485 562 1536 τοῦ
602 1483 761 1554 ὅρους
802 1485 1081 1538 ἐδίδασκεν
1113 1486 1210 1553 οὐχ
1243 1485 1446 1550 οῦτως;
1478 1485 1602 1538 ’Ότι
1651 1485 1773 1537 τότε
1816 1487 1918 1554 μὲν

352 1575 510 1648 ὄχλος
547 1576 755 1639 ἄκακος
774 1570 864 1646 ἦν,
892 1575 986 1629 νῦν
1011 1575 1071 1628 δὲ
1093 1577 1446 1646 Γραμματεῖς
1476 1579 1572 1630 καὶ
1601 1577 1916 1647 Φαρισαῖοι.

421 1755 514 1816 Τὸ,
563 1756 768 1822 Ὅστις
812 1755 959 1824 ἔχει,
1013 1754 1333 1821 δοθήσεται
1362 1756 1523 1820 αὐτῷ
1571 1756 1670 1809 καὶ
1708 1770 1916 1823 περισ-

2017 575 2177 628 modo
2204 577 2525 644 recipientes
2555 587 2610 630 et
2636 592 2743 631 non
2776 579 3127 632 connitentrs
3156 580 3221 632 al
3254 595 3595 634 censet-Van.

2017 665 2177 733 dum;
2213 669 2304 737 qui
2337 682 2462 722 vero
2496 669 2549 722 in
2581 669 2777 738 spinis,
2824 671 2974 724 curis
3017 672 3251 723 arixiati.

2088 756 2253 812 Vens.
2334 758 2387 812 8.
2465 758 2600 825 Quis
2667 759 2904 814 fructum
2965 761 3115 814 dedit
3180 763 3596 815 centesimum?

2016 848 2141 918 quis
2186 850 2627 920 sexagesimum?
2673 850 2806 916 Quis
2867 851 3242 906 tricesimum?
3298 851 3400 916 Qui
3466 868 3597 908 eon-

2019 940 2295 1004 tesimum,
2339 940 2652 1008 virginitas;
2685 942 2777 1010 qui
2835 943 3262 1011 sexagesimum,
3314 943 3596 996 matrimo-

2019 1029 2168 1081 nium
2186 1029 2501 1083 honorabile
2520 1039 2573 1084 et
2591 1042 2802 1084 castum
2821 1031 3070 1085 dividens
3090 1047 3212 1085 eum
3231 1031 3450 1085 Christo
3475 1048 3594 1098 quae

2019 1117 2285 1188 possidet;
2319 1120 2408 1188 qui
2442 1121 2798 1185 tricesimum,
2831 1123 2992 1175 etiam
3056 1122 3465 1176 matrimonium
3493 1124 3592 1176 ho-

2019 1211 2263 1264 norabile
2305 1222 2358 1265 et
2404 1222 2612 1266 castum
2674 1212 2887 1265 tertiam
2944 1213 3081 1267 dans
3137 1222 3364 1280 partem,
3432 1213 3595 1266 modo

2019 1300 2122 1354 rite
2153 1301 2511 1355 observentur
2543 1302 2766 1370 reliquae
2797 1304 3046 1356 virtutes.

2092 1387 2254 1442 Vens.
2291 1391 2377 1442 10.
2412 1389 2523 1443 Cur
2556 1404 2702 1441 nunc
2735 1389 2957 1456 quidem
3006 1389 3058 1441 in
3095 1389 3368 1455 parabolis
3415 1387 3596 1455 loqui-

2021 1493 2130 1544 tur,
2162 1498 2285 1536 cum
2316 1482 2368 1534 in
2395 1489 2578 1536 monte
2623 1496 2730 1535 non
2781 1482 2876 1535 tali
2923 1482 3084 1536 modo
3128 1481 3422 1536 docuerit?
3459 1479 3592 1546 Quia

2023 1584 2152 1630 tunc
2177 1576 2332 1628 turba
2367 1573 2630 1628 innocens
2653 1581 2792 1638 erat,
2835 1588 2979 1627 nunc
3005 1587 3133 1626 vero
3153 1573 3356 1626 Scriba:
3386 1581 3515 1626 sunt
3543 1580 3596 1624 et

2021 1663 2304 1718 Pharisaei.

2101 1755 2261 1809 Vens.
2305 1753 2392 1808 12.
2423 1754 2578 1818 lllnd,
2611 1754 2715 1816 Qui
2771 1753 2948 1818 liabet,
2999 1753 3220 1805 dabitur
3252 1754 3299 1805 ei
3338 1763 3387 1806 et
3431 1752 3598 1804 abun-

349 1842 738 1908 σευθιὶσεται,
783 1845 876 1896 καὶ
921 1845 987 1897 τὰ
1014 1842 1162 1912 ἑξῆς,
1191 1843 1374 1914 δηλοῖ·
1403 1844 1572 1898 Ὅταν
1614 1862 1698 1906 τις
1723 1845 1922 1916 προθυ-

2028 1847 2192 1910 dabit,
2251 1855 2306 1899 et
2352 1845 2588 1912 reliqua;
2638 1845 2880 1898 ostendit
2933 1843 3118 1908 alicui,
3169 1845 3298 1897 dum
3360 1843 3596 1896 favorem

351 1937 483 2004 μίαν
524 1934 646 2006 ἔχῃ,
691 1935 977 2005 δοθήσεται
1001 1933 1148 2004 αὐτῷ
1194 1935 1286 1988 καὶ
1330 1935 1398 1988 τά
1443 1935 1595 2005 παρὰ
1633 1933 1728 1988 τοῦ
1782 1935 1919 1990 Θεοῦ

350 2024 588 2082 ἅπαντα.

425 2113 573 2184 Λῦτη
621 2115 655 2185 ὴ
700 2114 987 2186 παραϐολὴ
1038 2114 1166 2184 περὶ
1207 2115 1318 2169 τῶν
1373 2117 1641 2188 αἱρέσεων
1685 2117 1919 2188 διαλαμ-

350 2205 525 2258 δάνει.

435 2298 497 2350 Ἠ
516 2298 765 2368 περὶτῶν
789 2297 1042 2364 ζιζανίων
1068 2299 1354 2370 παραϐολὴ
1372 2302 1405 2368 ἡ
1431 2301 1686 2368 λέγουσα,
1711 2301 1792 2354 ὅτι
1828 2302 1924 2356 Ἐν

348 2386 432 2452 τῷ
457 2390 767 2444 καθεύδειν
795 2390 930 2454 τοὺς
949 2390 1299 2458 ἀνθρώπους
1326 2387 1513 2461 ἦλθεν
1545 2391 1733 2448 αὑτοῦ
1770 2395 1802 2445 ό
1829 2392 1925 2460 ἐχ-

351 2476 492 2544 θρὸς
548 2478 646 2532 καὶ
696 2478 936 2546 ἔσπειρε
977 2476 1192 2540 ζιζάνια
1241 2479 1359 2534 ἀνὰ
1389 2478 1587 2548 μέσον
1622 2478 1727 2532 τοῦ
1748 2479 1924 2534 σίτου

351 2569 453 2622 καὶ
480 2568 732 2635 ἀπῆλθε,
763 2570 979 2635 ζιζάνια
996 2571 1146 2638 λέγει
1171 2572 1299 2634 τοὺς
1331 2570 1640 2642 αἱρετικούς
1665 2588 1679 2601 ο
1710 2573 1834 2633 τοὺς
1867 2570 1924 2623 δὲ

351 2656 677 2722 ὑπνοῦντας,
702 2660 826 2722 τοὺς
865 2661 1048 2733 ἱερεῖς·
1073 2661 1228 2714 suae
1251 2661 1440 2729 ὥσπερ
1461 2661 1522 2712 τὸ
1543 2659 1789 2724 ζιζάνιον
1826 2659 1926 2712 ἔοι-

351 2765 446 2801 κεν
467 2747 542 2818 τῷ
566 2751 720 2819 σῖτῳ,
745 2748 917 2813 οὕτως
943 2751 1037 2804 καὶ
1062 2752 1094 2821 ἡ
1116 2751 1326 2818 αἵρεσις
1363 2754 1430 2822 τῇ
1475 2751 1702 2820 ἀληθείᾳ
1721 2767 1734 2780 ·
1782 2749 1923 2803 ὥστε

349 2841 617 2910 διηνεκῶς
641 2841 885 2912 φυλακῆς
908 2843 1014 2896 δεῖ’
1049 2842 1199 2897 ἄλλοι
1223 2843 1280 2896 δὲ
1319 2843 1417 2914 τὴν
1443 2841 1760 2914 παραϐολὴν
1793 2841 1926 2894 ταύ-

348 2949 450 3002 την
479 2933 557 2995 εἰς
586 2934 683 2997 τὰς
715 2933 1007 2998 ἐπιϐουλὰς
1035 2933 1146 2988 τῶν
1183 2934 1458 3004 δαιμόνων
1502 2933 1815 3002 ὲνενόησαν.

425 3023 565 3076 Ὅτε
593 3023 662 3076 δὲ
691 3024 1073 3092 ἐϐλάστησεν
1106 3028 1138 3079 ὁ
1171 3027 1403 3094 χόρτος,
1438 3025 1572 3078 τότε
1603 3023 1796 3092 ἐφάνη
1825 3021 1922 3076 και

345 3113 426 3170 τὰ
479 3111 718 3174 ᾇζὰνια.
773 3115 932 3186 Παρὰ
985 3116 1085 3184 μὲν
1129 3119 1194 3186 τῇ
1247 3116 1389 3186 ἀρχῇ
1438 3115 1816 3177 συσκιάςουσιν
1872 3113 1922 3164 οἱ

347 3206 624 3277 αἱρετικοὶ
661 3175 886 3271 ἑαυτούς
909 3223 923 3237 ·
961 3175 1050 3260 ἐπ’
1098 3175 1260 3262 aias
1286 3175 1496 3277 ’πολλὴν
1527 3175 1735 3260 λάϐωσι
1777 3208 1920 3279 παρ-
1948 3175 1996 3238 c

349 3297 574 3370 ρησξαν,
609 3298 729 3350 τότε
761 3297 850 3352 τὸν
887 3299 963 3353 ἰὸν
987 3298 1288 3369 ἐκχέουσιν.

422 3389 694 3462 Θερισμὸν
733 3389 827 3443 νῦν
867 3389 964 3461 τὴν
1011 3389 1322 3444 συντέλειαν
1359 3389 1548 3459 λέγει’
1602 3389 1820 3454 ζιζάνια
1866 3390 1924 3444 δὲ

344 3482 477 3544 τοὺς
504 3482 835 3551 αἱρετικοῦς,
869 3482 960 3544 οὒς
987 3483 1081 3536 καὶ
1113 3481 1312 3536 κωλύει
1332 3481 1687 3552 ἀναιρεῖσθαιο
1709 3481 1768 3533 οὐ
1792 3481 1923 3552 μέν-ι

344 3591 436 3628 τοι
467 3592 530 3642 γε
572 3575 647 3645 μὴ
684 3574 1108 3646 περικόπτεσθαι
1141 3574 1320 3628 αὐτῶν
1354 3573 1453 3646 τὴν
1485 3574 1799 3648 παρρησίαν
1832 3572 1924 3626 καὶ

346 3665 452 3728 τὰς
492 3665 773 3728 oui/6609;“
817 3666 912 3720 καὶ
951 3664 1182 3735 ἀλλαχοῦ
1237 3664 1495 3736 θερισμὸν
1528 3665 1626 3736 τὴν
1676 3664 1923 3734 ὑπακοὴν

347 3758 462 3810 τῶν
505 3756 876 3824 ἀκουσάντων,
912 3757 986 3820 ὡς
1017 3757 1115 3826 μὲν
1144 3757 1400 3827 θερισμὸς
1436 3757 1624 3820 πολὺς,
1655 3757 1702 3810 οἱ
1735 3756 1792 3809 δὲ
1829 3758 1924 3828 ὲρ⁹

349 3851 543 3917 γάται,
575 3850 692 3918 ἦτοι
719 3850 770 3901 οἱ
795 3849 1127 3914 διδάσκαλοι,
1167 3848 1368 3917 ὀλίγοιο
1397 3848 1606 3902 δώδεκα
1643 3847 1750 3918 γὰρ
1782 3843 1924 3920 ἦσαν

348 3943 402 3994 oi
437 3939 698 4010 μαθηταί.

426 4033 488 4084 Οἱ
519 4032 761 4101 θερισταὶ
802 4033 1024 4102 ἄγγελοί
1051 4032 1192 4085 εἰσιν
1224 4033 1273 4085 οἱ
1315 4032 1601 4102 μισοῦντες
1644 4032 1740 4096 τὰς
1767 4033 1923 4104 αἱρέ-

351 4140 492 4188 σεις,
531 4124 626 4176 καὶ
653 4123 882 4194 ἐκκόψαι
925 4122 1092 4186 αὑτὰς
1138 4122 1449 4193 βουλόμενοι
1481 4139 1493 4151 ο
1546 4122 1608 4174 τὸ
1651 4123 1731 4187 δὲ,
1770 4123 1927 4175 ἐκκό-

348 4214 473 4282 ψαι,
511 4214 662 4282 δηλοί
693 4214 792 4284 τὴν
833 4212 1011 4268 αὐτῶν
1044 4214 1259 4284 σφαγήν
1286 4229 1299 4244 ·
1337 4213 1437 4266 οὐκ
1477 4213 1764 4284 ἐπιτρέπει
1808 4213 1864 4266 δὲ
1898 4215 1927 4268 ὁ

349 4307 510 4374 Θεὸς,
541 4307 630 4360 ἵνα
657 4306 733 4376 μὴ
751 4305 1004 4374 πολέμων
1033 4303 1389 4374 κινηθέντων,
1417 4305 1474 4357 ἐν
1502 4303 1580 4373 τῷ
1609 4305 1927 4374 κατασφάτο

351 4400 545 4453 τεσθαι
593 4399 790 4460 αὐτοὺς
827 4397 1040 4466 ἀνάγκη
1089 4395 1260 4466 πολλὴ
1300 4397 1398 4450 καὶ
1446 4396 1572 4458 τοὺς
1599 4396 1694 4448 τοῦ
1751 4395 1920 4462 σίτου,

2022 1935 2244 2000 habeat,
2279 1934 2458 1988 danda
2487 1949 2606 1988 esse
2633 1950 2661 1987 ιι
2691 1934 2796 1987 Deo
2825 1949 3043 2002 quoque
3090 1934 3298 1986 omnia.

2099 2115 2258 2170 Vens.
2295 2114 2378 2169 £8.
2414 2113 2533 2184 Ipsa
2565 2114 2824 2183 parabola
2852 2115 2920 2170 de
2942 2114 3239 2170 hzeresibus
3273 2123 3490 2170 tractat.

2094 2298 2263 2356 Vens.
2293 2300 2384 2353 25.
2415 2298 2680 2354 Parabola
2729 2298 2796 2354 de
2836 2299 3063 2353 zizaniis
3109 2298 3250 2352 dicta
3311 2305 3416 2362 est,
3467 2298 3596 2368 quia

2022 2405 2146 2446 eum
2187 2390 2490 2445 dormirent
2525 2391 2794 2455 homines,
2826 2390 2972 2444 venit
3023 2390 3279 2445 inimicus
3322 2399 3379 2442 et
3425 2391 3597 2444 semi-

2023 2482 2174 2536 navit
2220 2481 2426 2535 zizauia
2474 2481 2526 2535 in
2581 2482 2761 2536 medio
2814 2482 2978 2534 tritici
3035 2493 3089 2536 et
3165 2481 3330 2534 abiit.
3370 2479 3597 2534 Zizaoia

2025 2573 2312 2628 hazreticos
2362 2571 2680 2643 designant;
2726 2571 2973 2625 homines
3003 2570 3357 2630 dormientes.
3417 2585 3600 2624 sacer-

2024 2665 2210 2729 dotes;
2253 2664 2346 2718 sed
2375 2671 2434 2718 ut
2462 2662 2670 2716 zizauia
2701 2661 2898 2716 similia
2926 2670 3056 2716 sunt
3081 2661 3287 2722 tritico,
3323 2661 3406 2715 sic
3431 2661 3602 2714 luere-

2026 2757 2105 2812 εἰς
2159 2755 2400 2820 veritati,
2454 2756 2528 2808 ita
2560 2763 2620 2808 ut
2676 2768 2900 2808 necesse
2935 2753 3007 2806 sit
3039 2761 3296 2821 perpetuo
3350 2751 3596 2821 vigilare.

2025 2847 2132 2901 Alii
2183 2855 2362 2900 autem
2397 2848 2539 2900 hanc
2571 2843 2886 2914 parabolam
2923 2843 2991 2898 de
3033 2843 3245 2897 insidiis
3289 2842 3602 2896 daemonum

2025 2941 2430 2996 intellexerunt.

2100 3032 2260 3086 Vens.
2294 3030 2384 3086 ’26.
2417 3029 2545 3085 Cum
2571 3039 2746 3084 autem
2777 3030 3019 3085 crevisset
3050 3027 3233 3087 herba,
3268 3038 3392 3081 tunc
3439 3041 3605 3095 appa-

2026 3132 2247 3178 ruerunt
2276 3132 2326 3177 et
2373 3123 2609 3178 zizania.
2636 3120 2693 3176 lu
2743 3120 3013 3191 principio
3063 3120 3284 3190 quidem
3328 3117 3607 3171 occubant

2025 3229 2084 3268 se
2115 3211 2372 3276 haeretici,
2407 3211 2502 3268 sed
2543 3225 2667 3265 cum
2712 3210 2936 3264 multam
2987 3208 3294 3262 libertatem
3319 3205 3593 3275 ceperint,

2025 3315 2155 3360 tunc
2178 3317 2442 3358 venenum
2472 3301 2804 3356 dill'undunt.

2097 3398 2258 3453 Vens.
2300 3398 2389 3452 '50.
2438 3395 2664 3451 Messen)
2721 3395 2808 3450 hic
2858 3390 3387 3448 consummationem
3437 3388 3602 3453 dicit;

2025 3492 2235 3546 zizania
2265 3489 2570 3553 hmretieos,
2589 3502 2726 3557 quos
2753 3485 3002 3555 prohibet
3025 3482 3254 3546 destrui,
3288 3497 3396 3537 non
3421 3495 3603 3536 autem

2024 3582 2251 3652 reprimi
2282 3596 2473 3635 eorum
2502 3580 2807 3634 libertatem
2839 3586 2894 3632 et
2927 3574 3340 3639 conventicula;
3385 3581 3438 3627 et
3474 3571 3605 3628 alibi

2027 3688 2262 3728 messem
2309 3673 2444 3727 dicit
2483 3671 2829 3728 audientium
2879 3666 3229 3734 obsequium,
3283 3675 3364 3727 ut,
3416 3661 3604 3716 Messi:

2025 3764 2233 3832 quidem
2265 3761 2454 3825 multa,
2491 3761 2717 3828 operarii
2749 3768 2954 3822 autem,
2989 3757 3040 3809 id
3085 3765 3168 3810 est
3199 3755 3604 3824 praedicatores,

2027 3855 2184 3923 pauci
2217 3869 2235 3906 :
2266 3852 2554 3908 duodecim
2585 3851 2731 3906 enim
2759 3857 2915 3905 erant
2935 3847 3212 3916 discipuli.

2099 4036 2369 4092 Messores
2406 4034 2582 4105 angeli
2619 4041 2747 4089 sunt
2785 4030 3037 4087 odientes
3062 4031 3318 4090 haereses.
3343 4039 3393 4084 et
3427 4028 3609 4081 volen-

2030 4139 2109 4184 tes
2153 4129 2277 4184 illas
2328 4125 2948 4192 succidere;5nccidere
2985 4132 3166 4178 autem
3226 4121 3606 4176 hatretieorum

2028 4218 2450 4274 destructionem
2469 4216 2761 4286 signiﬁcat.
2787 4213 2904 4268 Non
2945 4223 3130 4269 autem
3154 4211 3416 4282 permittit
3440 4210 3605 4268 Dens.

2029 4327 2097 4366 ne
2154 4309 2524 4379 iurbellornm
2575 4307 2978 4361 turbationibus
3028 4306 3094 4360 ad
3157 4318 3253 4358 eos
3273 4303 3607 4358 occidendos

2028 4417 2222 4476 magna
2253 4401 2503 4470 angustia
2539 4399 2592 4452 in
2635 4398 2900 4465 triticum,
2928 4398 3102 4463 idest,
3129 4396 3184 4450 in
3211 4410 3306 4450 eos
3329 4395 3422 4465 qui
3445 4395 3604 4448 [idem

352 4494 525 4562 ἧγουν
567 4493 695 4554 τοὺς
731 4490 831 4561 τῆς
866 4485 1148 4562 ὀρθοδόξου
1187 4489 1442 4553 πίστεως,
1469 4491 1533 4560 τῇ
1571 4492 1752 4559 σφαγῇ
1793 4490 1924 4542 ὑπο-ο

2032 4502 2215 4550 tenent
2243 4492 2621 4554 orthodoxam,
2657 4491 2898 4557 recidat;
2935 4498 2994 4544 nt
3017 4505 3146 4558 ergo
3181 4489 3306 4543 talia
3338 4504 3445 4542 non
3475 4502 3606 4541 con-

355 4583 600 4637 τλπτειν.
643 4581 762 4634 Ἵνα
800 4579 891 4634 οὖν
921 4578 1076 4633 τοῦτο
1109 4577 1184 4649 μὴ
1223 4576 1484 4648 γένηται,
1517 4575 1597 4630 ἔτι
1633 4577 1687 4629 δὲ
1720 4577 1812 4631 καὶ
1840 4578 1926 4632 διὰ

352 4675 419 4727 τό
453 4671 776 4742 ἐπιστρέψαι
820 4673 946 4734 τοὺς
977 4670 1320 4741 αἱρετικοὺς,
1360 4669 1507 4722 ἔστιν
1545 4669 1633 4722 ὅτε
1676 4668 1805 4730 ἴσως
1833 4670 1926 4737 γέ-

354 4783 514 4836 νηται
546 4768 689 4828 σῖτος
711 4764 778 4816 τὰ
809 4761 1043 4828 ζιζάνια,
1069 4761 1347 4825 παντελῶς
1375 4761 1617 4814 ἐκώλυσε
1646 4761 1744 4832 τὴν
1775 4760 1928 4814 ἀναί-

359 4873 510 4927 ρεσιν
535 4856 736 4910 αὐτῶν.
765 4855 860 4919 Τὸ,
896 4855 1294 4922 Ἀναϐλέψ-ατε
1311 4853 1400 4906 ὅτι
1419 4855 1478 4906 αἱ
1505 4851 1689 4921 χῶραι
1710 4853 1929 4907 λευκαί

355 4952 537 5014 εἰσιν,
560 4951 659 5018 τὴν
679 4946 889 5002 τελείαν
912 4945 1158 5018 ὑπακοὴν
1175 4946 1284 4999 τῶν
1310 4944 1715 4999 πιστευσάντων
1744 4946 1891 5013 λέγει
1909 4986 1925 5004 .

357 5040 476 5094 εστι
517 5041 574 5094 δὲ
612 5043 701 5096 ὅτε
742 5039 999 5111 θερισμὸν
1035 5037 1136 5110 τὴν
1175 5035 1523 5090 συντέλειανο
1564 5036 1767 5090 ἔστιδὲ
1790 5039 1926 5091 ὅπου

360 5134 456 5185 καὶ
484 5131 744 5202 θερισμὸν
767 5131 862 5183 καὶ
889 5129 1089 5200 σπόρον
1123 5127 1256 5182 αὐτὸ
1289 5127 1473 5194 καλεῖ,
1515 5129 1652 5198 πρὸς
1678 5129 1805 5184 ἄλλο
1834 5129 1928 5182 καὶ

356 5227 488 5282 ἄλλο
515 5225 944 5294 λαμϐανόμενον.

433 5319 646 5373 Κόκκον
678 5317 950 5380 σινάπεως
973 5316 1072 5385 τὴν
1107 5313 1386 5384 βασιλείαν
1414 5311 1523 5365 τῶν
1557 5311 1803 5383 οὐρανῶν
1835 5312 1926 5365 ὶέ..

358 5425 467 5477 γει,
498 5407 594 5478 τὴν
622 5406 710 5461 διὰ
735 5407 830 5460 τοῦ
867 5405 1222 5476 κηρύγματος
1263 5403 1669 5474 φανερωθεῖσαν
1689 5419 1702 5434 ο
1739 5403 1928 5475 ἐπειδὴ

360 5501 563 5570 σπόρον
597 5499 708 5569 ἔχει
757 5498 820 5551 τὸ
862 5498 1123 5566 λάχανον,
1165 5494 1326 5550 τοῦτο
1373 5493 1607 5565 αὑξηθὲν
1645 5495 1704 5548 δὲ
1744 5496 1928 5565 μεῖζον

360 5589 568 5658 γίνεται
603 5589 710 5641 τῶν
740 5587 993 5658 λαχάνων
1015 5605 1029 5621 ο
1062 5587 1236 5650 οὕτως
1268 5588 1362 5640 καὶ
1394 5586 1488 5640 ἐπὶ
1516 5587 1610 5640 τοῦ
1638 5586 1928 5658 κηρύγμα-

358 5698 450 5742 τος
480 5682 696 5736 πάντων
725 5682 775 5735 οἱ
823 5680 1106 5734 ἀπόστολοι
1143 5679 1522 5751 ἀσθενέστεροι
1583 5680 1768 5743 ὄντες,
1842 5680 1928 5746 ἐξ·

357 5769 619 5833 ήπλωσαν
651 5769 716 5824 τὸ
745 5771 1004 5841 κήρυγμα
1029 5768 1322 5840 πανταχοῦ.

2036 4586 2266 4652 tingant,
2323 4582 2461 4638 adde
2515 4591 2697 4636 autem
2761 4580 2980 4650 quando
3039 4596 3136 4650 per
3191 4577 3606 4634 conversionem

2035 4675 2415 4732 hereticorum
2499 4673 2556 4727 Iit
2602 4683 2657 4727 ut
2688 4673 2892 4742 pariter
2932 4671 3140 4726 zizania
3179 4670 3419 4726 triticum
3452 4669 3604 4731 ﬁant.

2035 4765 2280 4819 absolute
2356 4764 2637 4836 prohibuit
2681 4777 2873 4818 eorum
2925 4761 3376 4817 destructionem.
3425 4759 3604 4826 Illud,

2034 4859 2262 4927 Aspicite
2291 4858 2540 4928 quoniam
2569 4857 2743 4926 campi
2777 4856 2888 4909 albi
2928 4865 3071 4920 sunt,
3103 4853 3401 4924 perfectum
3447 4853 3608 4908 obse-

2036 4949 2223 5018 quium
2285 4947 2626 5002 credentium
2677 4945 2952 5009 ostendit;
3017 4953 3102 4998 est
3153 4950 3337 4998 autem
3388 4943 3608 5011 quando

2035 5041 2231 5098 messis
2280 5037 2706 5100 consummatio,
2738 5045 2794 5088 et
2827 5035 2918 5089 ubi
2951 5035 3146 5089 messis
3187 5048 3374 5090 semen
3429 5033 3606 5102 ipsum

2033 5140 2255 5184 vocetur
2281 5139 2330 5183 et
2355 5143 2454 5198 pro
2487 5127 2595 5180 alio
2622 5135 2677 5181 et
2723 5127 2832 5181 al'o
2856 5134 3126 5180 sumatur.

2107 5311 2269 5368 Vens.
2335 5312 2422 5366 51.
2479 5308 2721 5364 Granum
2789 5307 3000 5378 sinapis
3051 5321 3278 5377 regnum
3332 5306 3600 5361 caelorum

2033 5407 2340 5470 adumbrat,
2371 5402 2514 5473 quod
2553 5416 2648 5470 per
2678 5399 3125 5471 pra-.dieationem
3164 5398 3460 5453 revelatum
3492 5408 3600 5453 est.

2033 5494 2300 5562 Quoniam
2359 5491 2778 5548 seminationem
2818 5490 2983 5545 habet
3035 5489 3192 5554 olus,
3253 5503 3376 5542 cum
3433 5488 3606 5542 crevit

2035 5589 2214 5658 majus
2249 5587 2307 5641 ﬁt
2333 5585 2612 5650 oleribus;
2647 5585 2721 5640 ita
2757 5592 2813 5638 et
2842 5583 2894 5637 in
2929 5581 3314 5653 pradicatione
3345 5581 3604 5640 omnibus

2033 5679 2262 5748 apostoli
2304 5676 2597 5732 debiliores
2623 5691 2748 5731 cum
2779 5674 3003 5742 fuerint,
3036 5687 3371 5745 quocunque
3398 5674 3593 5744 praedi-

2031 5770 2301 5826 cationem
2337 5763 2718 5824 extenderunt.
