4026 6414
529 381 668 448 1115

1238 381 1630 445 OPUSCULA
1665 368 2303 446 SCRIPTUBISTICA
2343 383 2697 446 INCERTAE
2735 385 3049 448 lETATIS.

3640 385 3767 456 1116

597 497 767 553 Vens.
810 496 901 552 55.
945 495 1131 573 Simile
1156 504 1232 550 est
1271 514 1488 567 regnum
1522 497 1616 551 Dei
1648 499 1926 568 fermento,
1965 499 2097 569 quod

2281 498 2384 562 Τὸ,
2427 500 2626 569 Ὁμοία
2666 499 2843 554 ἐστίν
2871 500 2910 568 ἠ
2950 499 3245 566 βασιλεία
3288 500 3395 557 τοῦ
3425 502 3574 558 Θεοῦ
3610 506 3769 577 ζύμῃ,

527 591 789 657 accipiens
837 589 1028 641 mulier
1077 589 1351 641 abscondit
1393 590 1447 641 in
1483 589 1678 657 farina:
1725 592 1861 645 satis
1892 593 2097 657 tribus,

528 684 691 735 donec
722 681 1092 749 fermentatum
1127 690 1202 731 est
1235 688 1428 732 totum.
1470 677 1819 735 Fermentum
1853 679 2099 736 divinum

526 775 753 825 verbum
803 774 855 825 in
888 772 1149 840 apostolis
1184 780 1288 834 est,
1323 771 1467 839 quod
1518 780 1767 840 penetrat
1801 787 1898 841 per
1941 788 2097 827 suam

526 866 778 918 virtutem
834 863 1148 918 universum
1201 864 1500 927 mundum,
1565 865 1711 917 velut
1767 864 2097 919 fermentum

527 976 619 1029 per
667 976 821 1015 suam
856 960 965 1014 vim
1003 960 1260 1014 farinam.
1296 960 1424 1014 Tria
1469 969 1609 1026 sata,
1658 976 1757 1030 pro
1792 961 1981 1017 multis
2014 962 2100 1015 di-

524 1061 765 1116 cuntur;
798 1066 895 1121 pro
931 1050 1281 1105 multitudine
1314 1053 1457 1105 enim
1494 1052 1639 1107 hunc
1668 1067 1958 1107 numerum
2006 1068 2099 1108 su-

523 1156 672 1193 mere
706 1139 987 1209 Seriptura
1019 1140 1234 1208 suevit;
1265 1142 1357 1195 sed
1389 1142 1554 1196 etiam
1583 1143 1777 1207 ex1eri,
1815 1152 1909 1197 ut:
1949 1163 1967 1196 ι
1994 1142 2101 1198 Ter

524 1229 664 1283 beati
700 1228 889 1281 Danai.
929 1250 947 1281 ι

601 1319 759 1375 Vens.
809 1321 899 1374 56.
956 1320 1093 1375 Cum
1152 1320 1209 1375 in
1273 1322 1553 1391 parabolis
1604 1323 1933 1394 loquebatur
1984 1326 2097 1393 eis,

522 1410 878 1481 interrogans
907 1410 973 1466 ad
1026 1427 1122 1466 eos
1174 1428 1233 1467 se
1276 1414 1589 1481 dirigebat;
1620 1430 1744 1469 cum
1783 1416 1968 1470 nullus
2012 1417 2098 1469 in-

523 1511 853 1570 terrogaret,
887 1503 1172 1557 dimittens
1201 1517 1296 1558 eos
1329 1504 1479 1557 abiit.

595 1594 708 1648 Cur
752 1594 818 1648 ad
869 1594 1022 1648 illum
1069 1594 1274 1648 adeunt
1323 1609 1445 1649 cum
1493 1595 1741 1650 libertate
1796 1607 2100 1665 quaerentes

522 1684 946 1751 explicationem
1010 1684 1285 1752 parabolaa
1352 1686 1731 1739 zizaniorum?
1786 1688 1925 1752 Quia
1983 1689 2096 1759 jam

525 1774 813 1828 audierant
847 1792 860 1828 :
907 1773 1062 1827 Vobis
1089 1776 1272 1827 datum
1310 1785 1387 1829 est
1430 1778 1613 1830 audire
1648 1780 1898 1848 mysteria
1932 1783 2097 1849 regni.

2204 590 2286 659 ἣν
2330 592 2606 647 λαϐοῦσα
2664 594 2822 663 γυνὴ
2877 593 3150 663 ἔκρυψεν
3189 596 3277 661 είς
3322 597 3580 665 ἀλεύρου
3625 600 3771 655 σάτα

2204 686 2356 752 τρία,
2384 685 2493 751 ἕως
2521 682 2593 741 οὗ
2627 685 2891 755 ἐζυμώθη
2930 687 3100 741 ὅλον.
3140 686 3297 757 Ζύμη
3329 688 3358 739 6
3395 687 3535 752 θεῖος
3569 689 3722 759 λόγος
3747 695 3773 746 6

2204 776 2265 829 ἐν
2292 777 2405 837 τοῖς
2444 774 2785 838 ἀποστόλοις,
2817 777 2846 828 6
2887 776 3233 845 μεταστήσας
3282 776 3422 845 πρὸς
3454 776 3550 847 τὴν
3583 779 3773 832 ἑαυτοῦ

2206 866 2436 937 δύναμιν
2476 866 2567 919 τὸν
2612 868 2790 920 πάντα
2840 866 3083 935 κόσμον·
3127 865 3319 937 ῶσπερ
3372 870 3406 938 ἡ
3448 868 3594 940 ζύμη
3646 870 3776 939 πρὸς

2204 960 2304 1031 τὴν
2344 961 2545 1030 ἑαυτῆς
2587 960 2740 1029 ἰσχὺν
2789 958 2851 1011 τὸ
2888 958 3152 1029 ἄλευρον·
3203 959 3333 1031 τρία
3381 959 3438 1012 δὲ
3483 960 3659 1026 σάτα,
3711 961 3775 1015 τὰ

2207 1049 2379 1103 πολλὰ
2411 1049 2598 1118 λέγει’
2649 1050 2743 1103 ἐπὶ
2781 1048 3019 1120 πλήθους
3069 1049 3179 1120 γὰρ
3226 1050 3318 1103 τὸν
3358 1050 3587 1121 ἀριθμὸν
3631 1051 3776 1104 τόνδε

2204 1140 2502 1211 λαμϐάνειν
2551 1142 2584 1211 ἡ
2620 1140 2810 1211 Γραφὴ
2859 1141 3107 1211 πέφυκε·
3152 1140 3289 1195 ἀλλά
3319 1142 3414 1196 καὶ
3446 1144 3494 1194 οί
3538 1141 3666 1207 ἔξω,
3707 1140 3777 1205 ῶς

2205 1233 2286 1299 τὸ,
2323 1252 2341 1284 ι
2378 1233 2769 1304 Τρισμάκαρες
2800 1232 3015 1287 Δαναοί.
3059 1251 3078 1286 ι

2277 1324 2402 1376 ’Ότι
2441 1326 2497 1376 ἐν
2540 1321 2875 1393 παραϐολαῖς
2914 1321 3094 1375 ἐλάλει
3132 1321 3350 1384 αὐτοῖς,
3385 1323 3465 1385 είς
3511 1323 3777 1392 ἐρώτησιν

2206 1415 2404 1479 αὐτοὺς
2437 1415 2881 1485 προτρεπόμενος
2900 1430 2914 1445 ο
2942 1413 3132 1484 ἐπειδὴ
3164 1413 3222 1467 δὲ
3260 1412 3436 1477 οὐδεὶς
3465 1412 3771 1485 ⁴ἠρώτησεν,

2204 1507 2366 1577 ἀφεὶς
2400 1506 2599 1570 αὐτοὺς
2628 1505 2891 1577 ἀπῆλθεν.

2272 1597 2370 1651 Διά
2400 1598 2452 1650 τί
2478 1596 2789 1669 προσῆλθον
2812 1595 2963 1666 αὐτῷ
2991 1598 3129 1668 μετά
3151 1597 3462 1671 παρρησίας
3490 1597 3776 1669 ζητοῦντες

2204 1687 2305 1759 τὴν
2342 1687 2495 1741 λύσιν
2528 1689 2628 1758 τῆς
2676 1687 2993 1760 παραϐολῆς
3031 1688 3141 1741 τῶν
3180 1687 3475 1755 ζιζανίωνς
3522 1691 3643 1744 Ὀτι
3678 1691 3775 1760 ἤδη

2209 1780 2471 1849 ἡκουσανο
2512 1778 2686 1850 ’Υμῗν
2716 1778 2951 1833 δέδοται
2974 1780 3221 1834 ἀκούειν
3251 1780 3322 1834 τὰ
3344 1780 3651 1849 μυστήρια
3672 1780 3777 1849 τῆς

526 1866 593 1919 Ει
616 1882 714 1920 cur
746 1866 797 1920 in
830 1867 1146 1934 particulari
1184 1868 1569 1937 interrogant?
1594 1869 1710 1924 Non
1737 1873 1882 1942 quod
1913 1874 2097 1927 multi-

2203 1870 2527 1935 βασιλείας
2552 1884 2565 1897 ’
2600 1869 2693 1922 καὶ
2721 1869 2809 1923 διά
2837 1868 2890 1922 τί
2920 1869 3043 1922 κατ’
3082 1868 3218 1922 ίδίαν
3247 1868 3524 1939 ἐρωτῶσιν
3548 1886 3562 1933 ;
3599 1868 3673 1922 06
3702 1869 3776 1935 τῷ

526 1956 701 2011 tudini
753 1956 1066 2021 inviderint,
1106 1958 1199 2012 sed
1251 1967 1309 2011 ut
1351 1959 1557 2014 Christi
1602 1961 1775 2030 legem
1821 1974 2103 2019 servarent

525 2049 761 2102 dicentis
798 2049 921 2103 aliis
957 2064 1064 2102 non
1096 2065 1218 2104 esse
1256 2050 1465 2106 datum.
1503 2051 1789 2123 Tanquam
1829 2055 1897 2109 de
1923 2064 2104 2110 extra-

528 2154 630 2193 nea
674 2139 847 2208 magis
882 2139 1218 2194 zizaniorum
1259 2143 1521 2211 parabola
1556 2144 1919 2216 interrogant,
1947 2162 2104 2215 para-

525 2230 684 2284 bolas
708 2244 837 2282 vero
863 2229 1068 2299 sinapis
1095 2242 1149 2285 et
1170 2230 1420 2286 fermenti
1455 2237 1896 2303 praatermittunt.
1928 2237 2104 2308 Opor-

526 2330 604 2374 tet
653 2321 794 2374 scire
830 2322 973 2390 quod
1015 2323 1458 2391 quandoquidem
1507 2327 1762 2391 seminat,
1795 2342 1891 2396 per
1929 2345 1988 2383 se
2020 2345 2103 2384 se-

524 2415 735 2479 minat;
769 2415 902 2467 dicit
929 2414 1109 2469 enim:
1140 2414 1245 2479 Qui
1272 2417 1496 2469 seruiunt
1525 2417 1899 2473 bonumsemen
1926 2418 2103 2475 Filius

525 2515 603 2559 est
638 2505 901 2566 hominis;
943 2505 1166 2574 quando
1215 2514 1399 2559 autem
1445 2509 1712 2576 castigat,
1749 2523 1843 2578 per
1884 2510 2104 2581 angelos

526 2594 663 2649 illud
692 2595 842 2649 facit.
870 2594 1122 2650 Ostendit
1148 2595 1227 2650 sic
1256 2596 1643 2666 benignitatem
1670 2599 1723 2652 in
1757 2600 2101 2668 seminando,

528 2688 581 2741 id
621 2697 704 2741 cst
748 2687 801 2740 in
834 2688 1214 2756 praedicando,
1252 2697 1306 2742 et
1347 2703 1376 2742 a
1412 2690 1589 2757 poenis
1635 2690 1917 2748 sumendis
1950 2708 2105 2748 aver-

526 2779 761 2834 sionem.

602 2867 767 2923 Vens.
818 2869 908 2923 57.
942 2870 1077 2934 Cur,
1118 2872 1318 2927 amotis
1363 2871 1560 2936 turbis,
1580 2872 1880 2943 discipulos
1913 2876 1966 2930 in
2008 2892 2107 2947 pa-

528 2962 735 3017 rabolis
778 2963 1118 3033 alloquitur?
1167 2963 1440 3030 Quoniam
1490 2967 1850 3036 sapientiores
1892 2984 1957 3024 ex
1990 2969 2103 3041 jam

527 3051 690 3107 dictis
720 3054 992 3121 parabolis
1024 3054 1152 3109 facti
1182 3064 1361 3110 erant.

600 3141 765 3197 Vens.
794 3144 887 3198 42.
918 3146 972 3199 In
1000 3146 1270 3217 supplicio
1301 3148 1586 3204 sumendo.
1613 3148 1886 3206 Memento
1917 3160 2099 3207 autem

527 3232 675 3303 quod
705 3234 758 3287 in
790 3234 1065 3289 Abraham
1098 3246 1152 3290 et
1184 3235 1487 3293 Sodomitis
1514 3238 1655 3293 idem
1686 3239 1894 3295 fecerit.

600 3323 767 3379 Vens.
812 3325 904 3379 45.
954 3325 1136 3392 Quare
1178 3328 1315 3383 alias
1359 3328 1492 3395 justi
1538 3330 1885 3386 adducuntur
1919 3331 2102 3402 primi.

524 3415 615 3469 hic
677 3424 859 3470 autem
907 3426 1194 3488 postquam
1246 3420 1567 3489 praecipitati
1618 3429 1748 3476 sunt
1786 3432 2105 3492 peccatores

524 3505 578 3559 in
620 3507 1157 3577 condemnationem,
1209 3519 1340 3567 tunc
1389 3512 1521 3580 iusti
1571 3512 1889 3583 fulgebunt?
1921 3516 2104 3571 Addu-

522 3607 727 3650 cuntur
768 3599 930 3668 primi
980 3601 1115 3669 justi
1160 3602 1399 3657 venienti
1434 3604 1655 3659 Christo
1685 3605 1902 3659 obviam
1936 3606 2101 3674 ituri;

523 3695 741 3742 astante
796 3700 977 3744 autem
1014 3692 1109 3745 illo
1146 3700 1202 3746 et
1238 3694 1455 3747 traditis
1498 3694 1565 3749 ad
1615 3696 1943 3765 supplicium
1977 3712 2105 3767 pec-

521 3778 824 3844 catoribus,
859 3790 989 3837 tunc
1015 3784 1069 3836 lu
1092 3798 1319 3854 regnum
1348 3785 1615 3841 caelorum
1646 3787 1853 3842 intrant
1874 3788 2031 3858 justi.

606 3968 769 4021 Vens.
801 3966 891 4021 45.
930 3966 1215 4039 Margarita
1246 3970 1485 4039 pretiosa
1524 3986 1554 4026 a
1596 3973 1733 4027 mari
1764 3980 1868 4038 est,
1898 3981 1954 4029 et
1982 3988 2101 4029 ma-

527 4061 617 4130 gni
654 4058 812 4130 pretii
863 4058 1168 4115 aestimatur
1222 4060 1295 4116 ob
1349 4060 1725 4119 difﬁcultatem
1763 4065 2098 4122 inveniendi.

526 4149 644 4203 Non
697 4162 879 4204 escam
936 4148 1160 4217 praebet,
1214 4149 1307 4205 sed
1349 4150 1711 4221 jactantiam;
1769 4171 1878 4211 non
1939 4164 2101 4225 potus

522 4240 919 4311 iucunditatem
973 4239 1212 4309 praebet,
1276 4241 1372 4295 sed
1433 4243 1726 4298 multarum
1786 4245 2098 4301 divitiarum

526 4331 753 4396 famam,
794 4331 1106 4400 superbiam
1147 4332 1554 4399 producentem.
1594 4333 1792 4390 Eadem
1838 4336 1973 4392 levis
2017 4346 2102 4393 est

524 4423 817 4492 ponderis;
880 4438 1155 4493 parvaque.
1202 4439 1327 4479 cum
1387 4425 1494 4490 sit,
1548 4441 1743 4495 magna
1780 4436 1995 4497 potest,
2046 4439 2103 4484 et

2205 1961 2401 2032 πλήθει
2438 1960 2857 2031 βασκαίνοντες,
2904 1961 3040 2015 ἀλλά
3069 1962 3160 2013 τὸν
3201 1960 3363 2031 νόμον
3406 1958 3648 2030 Χριστοῦ
3677 1977 3776 2029 φυ-

2202 2055 2489 2117 λάττοντες
2537 2054 2629 2107 τὸν
2683 2053 2930 2122 λέγοντα,
2973 2053 3264 2116 ὅτιαὺτοῖς
3300 2052 3363 2105 οὐ
3396 2052 3628 2106 δέδοται.
3694 2053 3777 2116 Ὧς

2203 2146 2511 2215 δεινοτέρας
2538 2144 2705 2210 οὔσης
2726 2147 2828 2215 τῆς
2857 2145 2963 2198 τῶν
2994 2143 3251 2209 ζιζανίων
3282 2144 3624 2216 παραϐολῆς,
3652 2144 3778 2199 ταύ-

2202 2253 2305 2307 την
2333 2235 2616 2307 ἐρωτῶσι·
2649 2236 2750 2305 τὴν
2780 2236 2837 2289 δὲ
2871 2234 2967 2288 τοῦ
3006 2236 3281 2298 σινάπεως
3326 2236 3421 2287 καὶ
3465 2235 3566 2305 τῆς
3603 2233 3777 2304 ζύμης

2205 2332 2483 2402 παρῆκαν.
2522 2329 2643 2400 Χρὴ
2674 2330 2895 2394 ειδέναι,
2943 2329 3026 2381 ὅτι
3058 2328 3145 2380 ὅτε
3165 2329 3262 2396 μὲν
3283 2326 3520 2396 σπείρει,
3551 2326 3621 2379 δι’
3660 2325 3779 2378 ἐαυ-

2202 2419 2298 2474 τοῦ
2353 2420 2607 2490 σπείρειο
2662 2419 2810 2487 λέγει
2852 2420 2960 2489 γάρ
2990 2435 3005 2451 θ
3066 2418 3130 2471 '0
3175 2418 3439 2485 σπείρων
3478 2418 3544 2471 τὸ
3590 2417 3778 2470 καλὸν

2205 2510 2465 2579 σπέρμα,
2499 2510 2678 2564 ἐστιν
2717 2512 2750 2563 ό
2792 2510 2928 2574 Υἱὸς
2959 2508 3066 2562 τοῦ
3101 2507 3419 2575 ἀνθρώπου
3446 2525 3459 2539 ·
3486 2508 3573 2560 ὅτε
3598 2506 3656 2560 δέ
3690 2523 3778 2559 κου

2205 2601 2380 2667 λάξει,
2412 2599 2499 2655 διὰ
2532 2600 2639 2652 τῶν
2673 2599 2924 2667 ἀγγέλων
2948 2597 3107 2651 τοῦτο
3142 2600 3313 2650 ποιεῖ·
3343 2596 3516 2655 οὕτως
3541 2596 3776 2649 δείκνυσι

2207 2691 2302 2745 καὶ⁵
2357 2692 2457 2762 τὴν
2505 2688 2917 2760 φιλανθρωπίαν
2958 2689 3015 2742 ἐν
3050 2687 3129 2757 τῷ
3184 2687 3450 2758 σπείρειν,
3490 2686 3661 2757 ἦγουν
3701 2684 3776 2756 τῷ

2206 2781 2503 2843 διδάσκειν,
2533 2782 2627 2834 καὶ
2652 2780 2713 2832 τὸ
2746 2780 2882 2851 πρὸς
2908 2778 3181 2849 τιμωρίαν
3215 2777 3673 2847 ἠλλοτριωμένον.

2284 2870 2385 2924 Διά
2403 2871 2476 2937 τί,
2507 2869 2984 2941 ἀναχωρησάντων
3017 2869 3125 2922 τῶν
3156 2868 3347 2938 ὄχλων,
3368 2868 3478 2929 τοῖς
3510 2866 3777 2936 μαθηταῖς

2207 2965 2265 3017 ἐν
2301 2963 2637 3033 παραϐολαῖς
2664 2962 2969 3029 διαλέγεται
2990 2979 3003 3027 ;
3028 2960 3248 3030 Ἐπειδὴ
3267 2960 3562 3031 σοφώτεροι
3586 2961 3651 3012 ἐκ
3676 2957 3777 3010 τῶν

2207 3057 2515 3127 εἰρημένων
2556 3056 2656 3125 ήδη
2696 3053 3020 3125 παραϐολῶν
3054 3053 3325 3121 ἐγένοντο.

2239 3145 2257 3165 ⁸
2291 3149 2379 3200 Ἐν
2436 3148 2514 3216 τῷ
2564 3145 2814 3210 κολάζειν
2840 3162 2854 3176 ο
2894 3145 3166 3216 μνήσθητι
3209 3144 3267 3197 δέ
3297 3144 3379 3195 ὅτι
3428 3141 3524 3195 καὶ
3562 3141 3658 3194 ἐπὶ
3687 3137 3776 3192 τοῦ

2218 3239 2470 3309 Ἀϐραὰμ
2503 3237 2599 3292 καὶ
2630 3238 2738 3291 τῶν
2768 3235 3074 3306 Σοδομιτῶν
3101 3234 3260 3287 τοῦτο
3296 3235 3459 3287 ποιεῖ.

2277 3332 2435 3394 Τίνος
2461 3331 2620 3401 χάριν
2654 3329 2885 3398 ἀλλαχοῦ
2919 3330 2968 3382 οἱ
3004 3327 3201 3381 δίκαιοι
3241 3326 3578 3398 ἀρπάζονται
3627 3322 3775 3394 πρῶ-

2203 3442 2308 3490 τοι,
2334 3423 2430 3476 νῦν
2457 3423 2513 3475 δὲ
2537 3423 2619 3475 ὅτι
2656 3421 2797 3491 μετά
2819 3420 2881 3474 τὺ
2912 3418 3251 3489 ἐμϐληθῆναι
3277 3417 3403 3479 τοὺς
3425 3414 3776 3485 ἁμαρτωλοὺς

2206 3514 2287 3577 είς
2327 3512 2550 3567 κόλασιν
2574 3550 2589 3576 ,
2626 3511 2748 3565 τότε
2795 3510 2845 3563 oi.
2878 3510 3081 3563 δίκαιοι
3116 3505 3522 3577 ἐκλάμψουσινς
3574 3505 3776 3577 Ἀρπά-

2205 3607 2387 3671 ζονται
2424 3604 2522 3674 μὲν
2561 3603 2768 3673 πρῶτοι
2799 3605 2848 3656 οἱ
2878 3602 3077 3656 δίκαιοι
3108 3599 3405 3672 ἐρχομένου
3435 3598 3673 3669 Χριστοῦ
3701 3598 3775 3662 εἰς

2204 3698 2509 3767 ἀπάντησιν
2528 3708 2542 3724 ο
2577 3693 3024 3764 παραγενομένου
3054 3692 3110 3745 δὲ
3137 3690 3301 3745 αὑτοῦ
3326 3690 3420 3744 καὶ
3446 3690 3775 3760 παραδοθέν-

2204 3804 2313 3841 των
2342 3788 2423 3849 εῑς
2446 3786 2668 3840 κόλασιν
2694 3784 2802 3839 τῶν
2833 3783 3198 3855 ἁμαρτωλῶν,
3229 3782 3352 3836 τότε
3387 3783 3466 3846 εἰς
3502 3781 3773 3852 βασιλείαν

2203 3877 2448 3948 οὐρανῶν
2477 3877 2809 3947 ἀπέρχονται
2840 3878 2891 3929 οἱ
2921 3875 3142 3930 δίκαιοι.

2290 3970 2349 4022 '0
2379 3969 2725 4041 μαργαρίτης
2754 3969 2783 4021 6
2820 3966 3000 4038 τίμιος
3029 3967 3177 4021 ἐστιν
3205 3968 3313 4022 ἀπὸ
3342 3965 3643 4033 θαλάσσης,
3680 3961 3771 4017 καὶ

2203 4058 2406 4123 πολλῆς
2456 4061 2625 4129 τιμῆς
2670 4057 2820 4122 ἄξιός
2872 4058 3018 4111 ἐστιν
3058 4057 3147 4111 διὰ
3186 4058 3248 4111 τὸ
3298 4056 3644 4126 δυσεύρετον.
3697 4054 3766 4107 Οὐ

2202 4152 2433 4223 παρέχει
2474 4151 2697 4221 βρῶσιν,
2733 4150 2869 4203 ἀλλὰ
2906 4148 3203 4219 καύχημα⁶
3252 4150 3314 4203 οὐ
3343 4150 3568 4220 παρέχει
3610 4144 3767 4201 ποτοῦ

2202 4244 2523 4307 ἀπόλαυσιν,
2572 4241 2686 4296 ἀλλ’
2735 4241 2979 4307 εὐδοξίαν
3014 4240 3224 4293 πολλῶν
3254 4240 3551 4310 χρημάτων
3586 4236 3767 4291 ποιοῦ·

2204 4352 2305 4388 σαν
2346 4334 2509 4401 δγκον
2534 4348 2548 4363 ο
2593 4326 2747 4395 οὗτος
2775 4332 2819 4385 δ’
2851 4332 3198 4399 ἐπικουφίζει
3227 4331 3289 4383 τὸ
3334 4331 3521 4401 βάρος.
3557 4329 3769 4400 Βραχίις

2203 4426 2278 4480 ῶν
2320 4427 2531 4496 μεγάλα
2564 4425 2825 4479 δύναται·
2857 4425 2952 4478 καὶ
2981 4423 3245 4492 σύντομος
3277 4424 3356 4486 εἰς
3385 4422 3444 4475 τὸ
3470 4420 3768 4492 βασταχθῆ-

523 4515 748 4581 praecisa
782 4514 848 4569 ad
882 4515 1391 4583 transportandum,
1433 4525 1486 4570 et
1527 4518 1746 4572 mobilis
1778 4519 1845 4573 ad
1880 4531 2091 4574 restau-

2203 4535 2324 4581 ναι,
2383 4517 2478 4571 καὶ
2524 4516 2888 4588 εὐμετάθετος
2933 4516 3015 4578 είς
3059 4514 3531 4578 ἀποκατάστασιν,
3574 4511 3766 4584 ῥᾳδίως

521 4605 754 4659 randum
814 4605 867 4658 in
908 4604 1089 4659 locum
1146 4621 1331 4669 suum,
1387 4606 1548 4663 facile
1599 4609 1989 4675 absconditur,
2042 4621 2097 4667 et

522 4695 738 4750 diﬂicile
793 4696 1092 4750 invenitur.
1143 4695 1219 4751 lta
1266 4706 1350 4751 est
1388 4714 1615 4767 regnum
1665 4701 1968 4766 caelorum;
2021 4702 2095 4758 ita

520 4795 606 4838 est
646 4784 787 4839 Deus
839 4784 1073 4839 Verbum
1124 4786 1179 4839 in
1221 4802 1390 4856 parvo
1423 4804 1672 4858 magnam
1713 4790 1967 4845 virtutem
2012 4792 2097 4846 in-

521 4875 687 4929 dubie
746 4876 1066 4945 possidens;
1125 4890 1233 4930 non
1292 4877 1564 4946 profertur
1609 4880 1675 4934 ad
1727 4896 1949 4947 escam,
1986 4897 2093 4935 non

521 4965 668 5019 enim
708 4974 794 5020 est
839 4975 1318 5033 momentaneum;
1375 4983 1483 5022 non
1523 4978 1607 5024 est
1656 4970 1986 5040 pauperibus
2022 4972 2093 5025 -in

522 5071 716 5120 usum,
771 5055 864 5110 sed
915 5057 967 5109 in
1014 5058 1328 5127 cognitione
1372 5059 1635 5116 divitibus
1690 5062 1741 5116 in
1793 5061 2097 5130 possessio-

522 5162 687 5212 nem;
746 5146 928 5202 nullus
964 5162 1086 5202 eum
1133 5149 1336 5205 habere
1388 5159 1569 5220 potest
1614 5151 1817 5205 virtute
1848 5152 2095 5222 indigen-

522 5241 693 5304 tium;
771 5239 1136 5309 perfectorum
1191 5257 1323 5297 vero
1378 5243 1673 5312 acquisitio
1732 5243 1808 5299 fit.
1869 5243 1938 5296 Et
1979 5252 2093 5312 post

520 5348 713 5401 pauca.
765 5333 1056 5403 Margarita
1112 5335 1252 5404 lapis
1289 5345 1375 5390 est
1416 5350 1446 5390 e
1489 5337 1748 5391 carnibus
1782 5346 1960 5401 ortus,
2000 5336 2095 5405 qui

524 5439 718 5492 nempe
780 5439 846 5479 ex
904 5426 1102 5480 ostreis
1159 5426 1405 5495 provenit
1456 5446 1468 5480 :
1510 5429 1633 5496 quis
1680 5442 1806 5498 ergo
1852 5429 2096 5482 crederet

525 5514 695 5568 Deum
726 5530 945 5585 quoque
974 5532 1004 5571 c
1030 5533 1195 5571 carne
1227 5519 1502 5572 hominem
1542 5532 1728 5574 natum
1758 5520 1916 5575 esse?
1940 5520 2092 5574 Illam

524 5619 631 5658 non
673 5605 1004 5659 concharum
1058 5608 1237 5661 coitus
1289 5608 1570 5676 producit,
1619 5608 1713 5661 sed
1763 5607 1995 5675 fulguris
2041 5614 2095 5661 et

526 5708 680 5762 aqua:
706 5697 1051 5761 commistio;
1089 5696 1162 5751 ita
1201 5706 1255 5751 et
1292 5698 1547 5753 Christus
1581 5708 1878 5767 conceptus
1912 5708 1997 5751 est
2037 5698 2091 5751 in

529 5781 771 5855 Virgine,
817 5800 880 5840 ex
919 5787 1236 5857 operatione
1275 5787 1513 5858 Spiritus
1554 5788 1748 5852 sancti,
1791 5790 2093 5858 producen-

2199 4607 2525 4680 κρύπτεται,
2566 4606 2661 4660 καὶ
2692 4604 2965 4667 δυσκόλως
3010 4604 3344 4673 εὑρίσκεται.
3401 4601 3590 4663 Οὕτως
3622 4600 3764 4654 ἐστὶν

2197 4701 2231 4769 ἡ
2261 4698 2508 4769 βασιλεία
2560 4698 2670 4750 τῶν
2716 4695 2966 4766 οὐρανῶν
2992 4712 3007 4729 ·
3040 4694 3214 4757 οὕτως
3257 4692 3406 4747 ἐστὶν
3442 4697 3470 4745 6
3506 4692 3640 4755 Θεὸς
3669 4689 3765 4744 A6-

2197 4803 2314 4854 γος,
2363 4788 2421 4839 ἐν
2462 4786 2656 4856 βραχεῖ
2706 4785 2908 4855 πολλὴν
2952 4784 3182 4853 δύναμιν
3236 4783 3507 4855 περιέχων
3560 4780 3764 4850 σαφῶς.

2198 4878 2273 4930 Οὐ
2300 4875 2588 4946 πρόκειται
2619 4878 2698 4938 είς
2725 4875 2927 4945 βρῶσιν
2946 4890 2961 4906 ’
2988 4875 3049 4928 ού
3076 4876 3184 4945 γάρ
3216 4877 3363 4927 ἐστιν
3394 4873 3725 4943 πρόσκαιρος
3746 4884 3760 4901 ⁸

2197 4969 2298 5022 οὐκ
2333 4968 2479 5020 ἐστιν
2515 4968 2762 5037 πενήτων
2814 4967 3031 5037 χρῆσις,
3076 4966 3210 5020 ἀλλά
3241 4967 3351 5021 τῶν
3394 4965 3763 5019 πλουτούντων

2197 5060 2256 5111 ἐν
2283 5057 2482 5126 γνώσει
2516 5060 2550 5126 ἡ
2582 5056 2889 5127 κατάληψις
2912 5074 2926 5088 ·
2953 5057 3128 5119 οὐδεὶς
3160 5055 3321 5110 αὑτὸν
3358 5054 3503 5126 ἔχειν
3542 5056 3763 5109 δύναται

2197 5149 2305 5201 τῶν
2354 5148 2585 5218 πτωχῶν
2620 5150 2677 5201 ἐν
2715 5149 2917 5219 ἀρετῇ⁹
2960 5148 3181 5200 τελείων
3218 5147 3275 5200 δὲ
3306 5148 3496 5217 κτῆμα
3532 5145 3756 5214 γίνεται.

2199 5240 2309 5295 Καὶ
2328 5241 2455 5309 μετ’
2484 5241 2691 5309 όλίταο
2729 5238 2786 5293 '0
2819 5239 3166 5309 μαργαρίτης
3189 5239 3335 5301 λίθος
3364 5238 3511 5291 ἐστὶν
3543 5237 3607 5289 ἐκ
3637 5251 3762 5303 σαρ-

2197 5330 2310 5385 κῶν
2338 5331 2647 5401 γενόμενος,
2678 5331 2761 5383 ὅτι
2793 5331 2858 5384 ἐκ
2890 5330 2998 5383 τῶν
3024 5330 3261 5400 ὀστρέων
3294 5329 3637 5399 προέρχεται.
3670 5326 3760 5387 Τίς

2196 5418 2289 5475 οὗν
2340 5422 2414 5492 μὴ
2472 5421 2816 5474 πιστεύσειεν
2870 5423 2953 5475 ὅτι
2993 5422 3087 5474 καὶ
3116 5420 3247 5482 Θεὸς
3284 5422 3347 5473 ἐκ
3390 5419 3638 5488 σώματος
3668 5418 3760 5471 ἀν-

2199 5514 2415 5583 θρωπος
2471 5514 2826 5583 γεγέννηταις
2875 5516 3082 5567 ἐκεῖνον
3137 5514 3235 5581 οὺχ
3280 5514 3312 5582 ἡ
3359 5510 3615 5564 συνουσία
3658 5507 3759 5562 τῶν

2198 5606 2409 5675 κόγχων
2443 5606 2688 5675 συνιστᾷ,
2721 5605 2835 5658 ἀλλ’
2868 5607 2900 5674 ὴ
2931 5604 3031 5673 τῆς
3060 5604 3348 5674 ἀστραπῆς
3390 5606 3483 5656 καὶ
3510 5603 3603 5655 τοῦ
3634 5600 3759 5654 ὓδα-

2197 5713 2288 5759 τος
2328 5696 2663 5767 σύγκρασις·
2700 5696 2870 5758 οὖτως
2900 5698 2993 5749 καὶ
3030 5696 3059 5748 6
3102 5694 3335 5766 Χριστὸς
3368 5693 3673 5762 συνελήφθη
3702 5691 3758 5742 ἐν

2197 5790 2265 5859 τῇ
2318 5788 2575 5859 Παρθένῳ
2625 5789 2688 5842 ἐκ
2717 5788 2814 5858 τῆς
2865 5788 3057 5859 ἡδονῆς
3091 5787 3185 5841 τοῦ
3229 5785 3384 5855 ἁγίου
3420 5784 3757 5855 «Πνεύματος.
