4026 6404
225 385 362 462 ιιιτ

1213 383 1536 446 SCHOLIA
1572 385 1872 448 VETEBA
1911 383 1995 445 IN
2030 383 2503 446 MATTHEUM.

3321 379 3468 445 1118

224 504 292 558 ἐκ
315 498 410 554 τοῦ
457 497 778 570 φυράματος
808 494 977 567 αὐτῆς
1013 497 1380 569 συστήσαντος
1423 497 1504 566 τῷ
1551 497 1671 567 Θεῷ
1699 497 1797 566 τὴν
1827 551 1828 557 η

1929 495 1974 549 is
2025 512 2090 550 ex
2157 497 2306 553 illius
2371 511 2538 552 carne
2603 509 2924 566 corpoream
2991 493 3102 548 Deo
3149 493 3478 561 assumptio-

226 590 552 662 πρόσληψιν.

306 681 430 734 Ἐὰν
463 680 538 750 μὴ
570 681 847 752 πωλήσῃς,
873 678 984 733 οὔτ’
1015 680 1082 734 ἃν
1107 679 1322 752 πράξῃς
1348 679 1530 733 πίστιν
1553 695 1570 710 ο
1606 679 1795 750 ἤγουν,

228 771 290 826 Ei
318 771 391 842 μὴ
414 770 544 844 ἔχῃς
569 770 960 841 ἐλεημοσύνην,
985 770 1106 823 οὐδὲ
1134 769 1318 834 πίστις
1343 787 1402 823 σε
1428 767 1724 839 ὠφελήσει.

300 947 422 1019 Χρὴ
450 945 739 1015 γινώσκειν
767 947 849 998 ὅτι
878 944 1162 1016 διέστηκεν
1182 945 1216 1014 ἡ
1249 942 1536 1015 παραϐολὴ
1569 941 1670 1011 τῆς
1699 957 1798 993 σα-

231 1041 404 1112 τήνης
444 1043 510 1110 τῇ
540 1040 648 1092 τῶν
677 1040 935 1104 ζιζανίων
953 1055 968 1070 ο
1004 1041 1120 1092 ἐκεῖ
1149 1039 1260 1108 γὰρ
1285 1039 1374 1090 διὰ
1399 1037 1610 1104 αἵρεσιν
1641 1033 1802 1087 ἀπόλ-

229 1134 448 1188 λυνταιο
482 1132 576 1184 καὶ
590 1132 637 1184 oi
667 1131 774 1201 πρὸ
801 1131 1001 1199 ταύτης
1027 1129 1128 1200 τῆς
1161 1127 1500 1199 παραϐολῆς,
1533 1126 1680 1192 λέγω
1704 1124 1796 1194 δὴ,

231 1227 281 1279 oi
321 1226 401 1288 είς
422 1224 516 1276 τδν
547 1224 770 1292 σπόρον,
792 1222 880 1275 διὰ
903 1222 966 1274 τδ
998 1223 1074 1292 μὴ
1109 1219 1402 1289 προσέχειν
1429 1221 1542 1280 τοῖς
1571 1215 1804 1284 λεγομὲ-

232 1335 342 1380 νοις
365 1331 380 1348 ⁸
415 1311 561 1370 οὗτοι
607 1313 666 1368 δὲ
706 1313 796 1367 διὰ
847 1313 961 1384 βίου
1002 1311 1269 1380 πονηρίαν
1294 1326 1309 1340 ·
1351 1309 1548 1372 οἵτινες
1589 1307 1806 1361 πάντων

235 1409 371 1462 εῑσὶν
405 1407 748 1476 ἀθλιώτεροι,
773 1405 874 1474 τῆς
915 1403 1014 1474 μὲν
1047 1400 1303 1472 γνώσεως
1340 1397 1710 1470 ἐπιτυχόντες,
1743 1398 1804 1451 οὒ

233 1499 548 1570 δυνηθέντες
571 1485 630 1551 δὲ
651 1497 878 1560 δεόντως
911 1494 1172 1565 σωθῆναι.

303 1683 396 1736 Δεῖ
432 1681 630 1737 εἰδέναι
672 1681 756 1734 ὅτι
783 1678 1045 1734 τοσαῦταί
1072 1679 1212 1732 εἰσιν
1239 1676 1348 1730 ὁδοὶ
1379 1677 1478 1745 τῆς
1508 1673 1805 1740 ἀπωλείας,

236 1775 272 1846 ἢ
313 1774 404 1828 διὰ
433 1777 534 1840 τῆς
572 1773 781 1844 πέτρης
818 1771 852 1842 ἢ
902 1770 994 1826 διά
1047 1769 1157 1822 τῶν
1203 1768 1477 1831 ἀκανθῶν,
1525 1766 1560 1836 ἢ
1592 1765 1681 1819 διὰ
1711 1765 1810 1833 τῆς

1905 603 2052 644 nem.

1980 678 2144 734 Vens.
2196 680 2286 735 46.
2330 680 2442 736 Νἰεί
2483 679 2828 741 vendideris,
2883 692 2990 732 non
3038 691 3220 730 eumre
3275 675 3482 744 poteris

1907 779 2104 838 ildinu;
2149 774 2202 828 id
2243 783 2347 837 est,
2391 773 2499 828 nisi
2538 773 2943 842 cleemosynam
2989 768 3202 832 feceris,
3239 783 3344 820 non
3387 766 3482 818 tibi

1906 871 2150 942 proderit
2181 868 2330 920 lides.

1982 957 2146 1011 Vsus.
2179 955 2263 1010 47.
2312 954 2538 1024 Oportet
2581 967 2914 1022 cognoscere
2947 952 3092 1021 quod
3135 949 3348 1004 diﬂ'erat
3382 963 3480 1016 pa-

1909 1051 2096 1106 rabola
2129 1061 2342 1118 sugente
2396 1061 2426 1100 a
2479 1045 2812 1098 zizaniorum
2860 1045 3136 1113 parabola.
3181 1041 3292 1094 Illic
3335 1041 3478 1094 enim

1909 1139 1982 1193 ob
2021 1137 2271 1190 lueresim
2325 1135 2750 1203 disperduntur,
2783 1143 2836 1186 et
2883 1132 2936 1184 hi
2979 1145 3196 1200 quoque
3231 1131 3324 1199 qui
3355 1137 3482 1182 ante

1910 1231 2157 1284 eamdem
2199 1226 2535 1296 parabolam,
2569 1226 2668 1278 hos
2697 1225 2818 1277 dico
2847 1225 2942 1293 qui
2973 1230 3104 1278 sunt
3147 1223 3200 1275 in
3246 1221 3482 1276 semina-

1915 1319 2080 1372 tionis
2131 1316 2412 1384 parabola,
2441 1329 2508 1368 co
2544 1315 2687 1382 quod
2723 1329 2832 1367 non
2874 1314 3037 1368 dictis
3064 1313 3477 1379 obtemperent:

1913 1411 2007 1465 Sed
2061 1408 2151 1462 hic
2204 1407 2277 1461 ob
2331 1405 2454 1460 vitae
2507 1406 2838 1474 nequitiam,
2884 1405 2978 1473 qui
3027 1417 3220 1472 nempe
3271 1401 3482 1470 pejores

1913 1499 2172 1552 omnibus
2207 1507 2354 1555 sunt.
2381 1494 2748 1563 cognitionem
2771 1493 2990 1563 quidem
3021 1491 3223 1560 adepti,
3249 1490 3342 1545 sed
3374 1503 3482 1542 non

1913 1590 2158 1646 valentes
2186 1597 2330 1642 recte
2359 1585 2578 1642 salvari.

1989 1680 2157 1736 Vens.
2194 1680 2279 1736 50.
2319 1679 2613 1734 Sciendum
2645 1685 2729 1732 est
2765 1685 2873 1730 tam
2923 1673 3121 1730 multas
3151 1688 3274 1728 esse
3309 1670 3488 1741 pcrdi-

1919 1773 2082 1828 tionis
2116 1771 2255 1834 vias,
2297 1771 2412 1825 sive
2440 1785 2538 1839 per
2567 1779 2797 1837 petram,
2831 1777 2924 1820 aut
2953 1767 3162 1835 spinas,
3197 1773 3292 1817 aut
3319 1762 3486 1824 viam,

234 1843 380 1932 ὸδοῦ,
411 1867 444 1936 ἢ
471 1868 560 1920 διὰ
593 1867 700 1920 τῶν
735 1843 1012 1930 ζιζανίων,
1040 1862 1074 1932 ἢ
1103 1863 1195 1916 διὰ
1222 1861 1323 1930 τῆς
1353 1859 1600 1930 σαγήνης
1621 1873 1636 1888 ο
1679 1855 1812 1924 ἀλη-

1927 1864 2027 1918 ιίνο
2055 1879 2152 1932 per
2185 1863 2418 1925 zizania,
2447 1861 2562 1915 sive
2589 1875 2684 1928 per
2711 1873 3006 1929 sagenam;
3047 1871 3176 1911 vere
3205 1855 3373 1925 igitur
3407 1858 3492 1904 est

238 1959 347 2022 θῶς
387 1957 497 2030 ἀρα
543 1957 774 2011 πλατεῖά
806 1955 1002 2024 ἐστινὴ
1043 1951 1158 2015 ὁδὸς
1189 1951 1224 2022 ἡ
1271 1949 1558 2018 ἀπάγουσα
1599 1947 1678 2009 είς
1709 1945 1812 2015 τὴν

235 2051 536 2108 ἀπώλειαν.

303 2144 406 2211 Τδ,
459 2141 586 2208 Πᾶς
633 2137 1044 2209 Γραμματεὺς,
1085 2136 1269 2205 φησὶν,
1301 2126 1696 2202 μαθητευθεὶς
1738 2123 1814 2195 τῇ

233 2233 526 2299 βασιλείᾳ
579 2229 700 2284 τῶν
742 2227 1036 2297 οὐρανῶν,
1062 2224 1266 2294 ὅμοιός
1311 2222 1484 2276 ἐστιν
1527 2215 1818 2287 ἀνθρώπῳ

235 2323 643 2391 οἰκοδεσπότῃ
665 2363 680 2387 ,
716 2315 886 2386 ὅστις
931 2316 1214 2372 ἐκϐάλλει
1257 2315 1328 2368 ἐκ
1363 2311 1470 2367 τοῦ
1506 2307 1816 2378 θησαυροῦ

235 2417 428 2472 αὐτοῦ
475 2414 654 2469 καινὰ
699 2413 794 2467 καί
840 2407 1090 2465 παλαιά.
1153 2405 1497 2480 Γραμματέα
1539 2403 1688 2471 λέγει
1724 2401 1818 2456 τὸν

236 2509 422 2563 εἰδότα
457 2509 551 2562 τὸν
591 2507 777 2576 νόμον,
811 2504 870 2558 δν
903 2502 1194 2571 ἐπιγνόντα
1235 2501 1331 2554 καὶ
1362 2497 1432 2550 τὰ
1463 2497 1564 2567 τῆς
1594 2495 1818 2566 χάριτος

236 2599 454 2662 εἰκάζει
477 2595 732 2649 πλούσιον
757 2593 1054 2660 δυνάμενον
1073 2589 1216 2660 ἔχειν
1247 2587 1418 2640 πολλά
1434 2604 1448 2618 ·
1478 2583 1540 2637 τὸ
1563 2584 1620 2638 δὲ.
1655 2581 1819 2636 καινά

241 2695 332 2746 καὶ
375 2689 580 2743 παλαιά
604 2685 910 2748 ἐκϐάλλειν,
929 2684 1052 2737 ἀντὶ
1068 2681 1186 2748 τοῦ,
1218 2681 1330 2734 ἀπὸ
1357 2678 1458 2748 τῆς
1492 2676 1700 2744 Καινῆς
1726 2673 1822 2728 καὶ

241 2783 491 2844 Παλαιᾶς
520 2779 747 2851 Γραφῆς
763 2776 1131 2843 διαλέγεσθαι,
1153 2771 1400 2825 δύναται.

315 2877 418 2927 Διά
443 2873 496 2926 τί
519 2874 576 2926 ὲν
608 2871 708 2940 μὲν
733 2870 800 2939 τῇ
829 2864 1205 2937 Καπερναοὺμ
1229 2861 1486 2930 ἐποίησεν
1511 2857 1732 2928 σημεῖα,
1763 2855 1824 2908 ὲν

249 2967 304 3021 δὲ
341 2969 413 3036 τῇ
461 2963 701 3032 πατρίδι,
748 2961 848 3030 τὴν
887 2957 1142 3028 Ναζαρὲο
1172 2955 1339 3023 λέγω.
1388 2953 1490 3006 οὐκ
1528 2949 1823 3019 ἐποίησεν;

251 3059 346 3113 Διά
387 3057 488 3127 τὴν
514 3053 774 3110 ἀπιστίαν
807 3051 1012 3112 αὐτῶν,
1049 3049 1144 3102 καὶ
1183 3047 1274 3100 διὰ
1305 3043 1368 3097 τὺ
1396 3043 1579 3110 λέγειν
1605 3036 1823 3099 αὐτούς·

1914 1955 2020 2008 lata
2050 1956 2136 2008 via
2167 1968 2291 2023 quae
2317 1951 2470 2006 ducit
2501 1950 2570 2005 ad
2601 1949 2980 2020 perditionem.

1984 2135 2148 2193 Vens.
2196 2133 2287 2189 52.
2321 2133 2506 2189 Omnis
2537 2131 2763 2196 Scriba,
2809 2129 2980 2194 dicit,
3016 2128 3203 2183 doctus
3245 2129 3300 2180 in
3335 2141 3492 2197 regno

1916 2227 2186 2292 calorum,
2219 2225 2410 2280 similis
2451 2235 2526 2278 est
2555 2224 2752 2277 homini
2789 2221 3192 2290 patrifamilias,
3232 2219 3322 2288 qui
3363 2235 3490 2287 pro-

1918 2321 2022 2390 fert
2068 2321 2134 2374 de
2167 2318 2416 2372 thesauro
2444 2331 2540 2369 suo
2575 2331 2704 2368 nova
2745 2324 2794 2366 et
2839 2325 3030 2367 cetera.
3067 2310 3315 2364 Scribam
3361 2309 3494 2360 dicit

1919 2411 2054 2482 legis
2085 2411 2342 2481 peritum,
2375 2423 2540 2478 quem
2585 2407 2848 2460 scientem
2879 2413 2932 2458 et
2967 2402 3156 2474 gratia:
3188 2402 3328 2454 dona
3367 2415 3496 2468 pos-

1921 2502 2188 2558 sidentem
2235 2500 2402 2554 multa
2461 2498 2664 2552 habere
2714 2511 2874 2566 posse
2925 2493 3202 2562 supponit.
3247 2489 3396 2544 Nova
3440 2499 3496 2543 et

1921 2603 2100 2647 vetera
2142 2589 2406 2660 proferre,
2455 2589 2596 2643 idem
2628 2596 2790 2641 sonut
2821 2601 2885 2640 ae
2929 2599 3090 2654 posse
3119 2583 3188 2638 de
3225 2581 3403 2637 Veteri
3441 2587 3498 2634 et

1921 2682 2073 2739 Nova
2107 2681 2390 2738 Seriotura
2419 2681 2713 2736 disserere.

2001 2871 2164 2926 Vens.
2196 2869 2286 2924 58.
2315 2867 2426 2923 Cur
2463 2867 2518 2922 in
2559 2863 2940 2934 Capharnaum
2981 2861 3110 2916 fecit
3141 2860 3318 2931 signa,
3350 2865 3406 2912 et
3442 2858 3499 2910 iu

1925 2965 2125 3037 patria,
2147 2963 2196 3018 id
2221 2961 2382 3017 estin
2413 2957 2705 3020 Nazarcth,
2735 2971 2842 3008 non
2871 2951 3034 3006 fecit?
3061 2950 3288 3018 Propter
3311 2961 3502 3001 eorum

1929 3035 2404 3114 incredulitatem,
2443 3058 2499 3104 et
2542 3063 2608 3103 eo
2639 3045 2783 3116 quod
2817 3043 3076 3098 dicebant
3125 3057 3140 3094 :
3187 3037 3376 3092 Nonne
3414 3035 3506 3090 hic

255 3153 376 3219 Οὐκ
409 3125 588 3213 οὗτός
635 3146 808 3200 ἐστιν
851 3146 884 3198 ὁ
917 3141 1200 3204 τέκτονος
1235 3135 1396 3201 vide;
1432 3131 1524 3198 Ἐξ
1564 3125 1640 3186 ὧν
1669 3131 1764 3184 καὶ
1798 3129 1828 3181 ὁ

1929 3155 2013 3202 est
2037 3143 2176 3200 fabri
2203 3141 2388 3196 lilius?
2427 3139 2506 3193 Ex
2539 3153 2648 3208 quo
2675 3135 2934 3190 Christus
2957 3131 3093 3186 dicit
3120 3143 3337 3183 omnem
3379 3140 3506 3195 pro-

251 3213 488 3313 Χριστὸς
529 3239 710 3308 λέγει,
753 3237 836 3290 ὅτι
883 3231 1010 3299 Πᾶς
1057 3227 1371 3300 προφήτης
1413 3226 1485 3279 ἐν·
1525 3222 1602 3291 τῇ
1639 3221 1828 3288 οἰκείᾳ

1929 3237 2148 3308 phelam
2203 3233 2256 3286 in
2315 3229 2533 3299 propria
2581 3226 2752 3296 patria
2799 3239 2920 3278 esse
2951 3222 3072 3276 sine
3111 3219 3340 3272 honore.
3383 3213 3506 3268 Non

253 3311 492 3400 πατρίδι
521 3329 749 3397 ἄτιμος.
785 3327 858 3379 οὐ
887 3325 970 3378 δεῖ
996 3322 1056 3376 δὲ
1083 3320 1192 3374 ἀπὸ
1221 3319 1330 3374 τῶν
1361 3313 1598 3369 εὐτελῶν
1624 3311 1830 3381 γονέων

255 3423 503 3488 κακίζειν
559 3420 716 3484 τινάς
743 3435 758 3450 ·
800 3417 924 3470 ἐπεὶ
964 3415 1059 3470 καὶ
1101 3412 1290 3478 Δαόὶδ,
1347 3409 1441 3463 κα)⁸
1496 3404 1702 3476 Ἀμώς,
1735 3401 1831 3456 καὶ

324 3613 429 3664 Διά
453 3609 504 3662 τί
537 3608 792 3676 ἐποίησεν
827 3603 926 3674 μὲν
959 3601 1179 3670 σημεῖα,
1214 3596 1372 3664 ὀλίγα
1415 3592 1474 3646 δὲ
1506 3591 1649 3644 πάνυ
1679 3590 1737 3641 ἐν
1766 3587 1832 3654 τῇ

259 3701 482 3773 πατρίδι
511 3698 718 3764 absab;
771 3697 891 3750 Ἵνα
942 3693 1018 3762 μὴ
1067 3691 1193 3760 δόξῃ
1229 3685 1504 3773 ὑπερορᾷν
1535 3681 1730 3742 αὐτοὺς
1759 3677 1835 3740 ὡς

259 3770 522 3863 πολέμιος
558 3789 653 3842 καὶ
683 3785 876 3856 ἐχθρός
900 3801 915 3814 ·
963 3781 1138 3836 πολλά
1168 3779 1226 3833 δὲ
1258 3777 1360 3832 οὐκ
1386 3771 1641 3843 ἐποίησεν
1673 3770 1749 3833 ώς
1779 3770 1837 3821 ἐν

259 3881 420 3934 Καπε
431 3877 659 3948 ρναοῦμ,
685 3874 774 3928 ἵνα
809 3869 884 3942 μὴ
917 3869 1114 3933 αὐτοὺς
1137 3863 1502 3926 ἀπιστοῦντας
1529 3858 1840 3930 κατακρίνει

265 3969 553 4044 μειζόνως.

857 4088 1110 4144 ΚΕΦΑΔ.
1147 4084 1247 4141 ῘΔ’.

347 4222 738 4285 Ἀποθανόντος
777 4216 874 4274 τοῦ
914 4214 1164 4269 Ἰωάννου
1195 4212 1228 4283 ἢ
1263 4209 1359 4266 καὶ
1383 4206 1838 4281 παραδιδομένου,

265 4322 356 4376 ὅτε
389 4318 632 4388 ἥκουσαν
670 4312 720 4365 οί
758 4308 1000 4363 Ἰουδαῖοι
1041 4305 1126 4359 ὃτι
1154 4303 1405 4364 πλείονας
1436 4301 1547 4370 ἔχει
1591 4298 1842 4370 μαθητὰς

265 4415 297 4466 ὁ
323 4408 581 4480 Χριστὸς,
613 4403 702 4459 διὰ
734 4400 787 4456 τί
813 4397 1058 4454 κατιδίαν
1086 4395 1432 4466 ἀνεχώρησεν
1456 4410 1471 4458 ;
1504 4393 1630 4445 Ὅτι
1655 4389 1843 4460 καιρὸς

1935 3307 2150 3396 Oportet
2178 3331 2356 3376 autem
2407 3319 2478 3373 ob
2521 3323 2810 3386 parentum
2856 3307 3286 3365 mediocritatem
3337 3317 3508 3372 quos-

1938 3417 2064 3472 dam
2113 3411 2469 3483 exprobrare,
2520 3421 2642 3460 cum
2683 3401 2872 3465 David,
2931 3401 3120 3461 Amos,
3164 3396 3400 3465 Moyses.
3447 3400 3506 3448 et

1791 3512 1830 3548 ι·
1932 3522 2126 3565 omnes
2155 3503 2431 3575 prophetat
2461 3499 2703 3554 intimam
2734 3495 3004 3565 originem
3035 3490 3344 3546 habuerint.

2004 3599 2116 3654 Cur
2145 3595 2272 3650 fecit
2316 3592 2533 3663 quidem
2583 3589 2776 3658 signa,
2825 3585 3118 3638 admodum
3157 3595 3286 3633 vero
3331 3589 3508 3646 pauca

1934 3691 1988 3746 in
2023 3688 2196 3760 patria
2235 3685 2378 3742 sua?
2410 3681 2488 3737 Ne
2518 3681 2798 3736 videretur
2831 3677 2954 3731 illos
2999 3673 3278 3741 despicere
3309 3679 3368 3722 ut
3410 3667 3509 3722 ini-

1938 3758 2115 3838 micus
2136 3788 2190 3835 et
2216 3777 2466 3833 infensus
2491 3792 2506 3842 ;
2533 3773 2701 3828 multa
2727 3779 2910 3825 autem
2941 3783 3048 3822 non
3078 3764 3206 3818 fecit
3235 3770 3294 3816 ut
3328 3761 3380 3814 in
3405 3758 3509 3814 Ca-

1938 3875 2266 3946 pharnaum.
2297 3883 2366 3924 ne
2397 3867 2520 3922 illos
2547 3861 2858 3919 incredulos
2889 3857 3065 3928 magis
3093 3855 3507 3910 condemnaret.

2523 4075 2751 4136 CAPUT
2789 4071 2932 4130 XIV.

2012 4217 2176 4272 Vens.
2213 4213 2266 4268 l.
2319 4211 2534 4266 Mortuo
2563 4205 2774 4262 Joanne
2807 4211 2902 4256 aut
2933 4199 2998 4254 ad
3029 4195 3358 4268 supplicium
3399 4201 3513 4248 tra-

1943 4311 2086 4371 dito,
2121 4321 2248 4361 cum
2303 4301 2598 4357 audierunt
2647 4295 2818 4351 Judaei
2866 4294 3054 4362 plures
3107 4289 3306 4342 habere
3333 4285 3516 4348 ;disei-

1944 4400 2106 4470 pulos
2161 4395 2442 4451 Christum
2467 4430 2484 4457 ,
2534 4403 2634 4442 cur
2685 4399 2934 4442 seorsum
2977 4397 3036 4436 se
3077 4375 3339 4435 contulit?
3377 4373 3517 4440 Quia

269 4501 363 4556 τοῦ
394 4499 599 4560 πάθους
626 4496 728 4549 οὐκ
762 4487 852 4562 ἦν,
883 4490 978 4543 καὶ
1003 4489 1085 4542 ὅτι
1111 4483 1606 4556 ἀνθρωπικώτερον
1629 4481 1828 4546 διοικεῖ,

1949 4500 2161 4559 tempus
2185 4483 2462 4558 passionis
2503 4495 2614 4534 non
2652 4489 2790 4540 erat,
2819 4484 2872 4529 ct
2899 4470 3207 4526 humaniori
3255 4466 3416 4520 modo
3459 4479 3520 4518 se

274 4595 350 4666 μὴ
401 4591 722 4664 βουλόμενος
750 4583 1061 4654 γνωσθῆναι
1095 4583 1177 4634 ὅτι
1213 4581 1241 4632 ὁ
1287 4578 1526 4648 Χριστός
1563 4577 1716 4629 ἐστι’
1763 4575 1844 4628 διὸ

270 4689 368 4741 καὶ
395 4685 510 4746 τοῖς
547 4681 818 4753 μαθηταῖς
851 4676 1036 4744 ἔλεγεν
1069 4671 1258 4744 μηδενὶ
1289 4672 1484 4730 εἰπεῖν.
1523 4670 1606 4722 ὅτι
1633 4669 1782 4722 ἐστιν
1817 4667 1846 4720 ό

271 4777 508 4850 Χριστός
530 4792 564 4806 ·ν
599 4772 738 4844 μετά
779 4770 890 4840 γάρ
918 4768 1016 4840 τὴν
1066 4766 1364 4821 ἀνάστασιν
1405 4763 1656 4818 ἐϐούλετο
1685 4760 1847 4816 τοῦτο

274 4869 532 4940 γενέσθαι
559 4863 1002 4936 γνωριμώτερον.

349 4963 450 5017 Διά
475 4959 546 5014 ’τί
594 4958 681 5012 ἀεὶ
721 4955 824 5009 οὐκ
855 4955 913 5006 ἐν
942 4950 1189 5022 πολιτείᾳ
1235 4952 1269 5019 ἢ
1303 4948 1393 5002 ἀεὶ
1425 4949 1526 5002 οὐκ
1555 4949 1613 5001 ἐν
1643 4949 1852 5019 ἐρημίᾳ

275 5055 436 5126 διῆγε
460 5070 476 5121 ;
504 5051 616 5106 Καὶ
645 5049 733 5103 ἀεὶ
766 5045 867 5117 μὲν
909 5047 968 5098 ἐν
998 5042 1246 5112 πολιτεία
1292 5041 1352 5094 οὐ
1395 5040 1582 5111 διῆγεν
1612 5039 1645 5111 ἢ
1673 5041 1850 5093 ἐδίδα-

281 5165 412 5202 σκεν
436 5185 452 5209 ,
483 5145 570 5196 ἵνα
619 5141 692 5212 μὴ
736 5135 1091 5208 κατηγορηθῇ
1124 5133 1198 5196 ὡς
1235 5131 1538 5202 μαχόμενος
1578 5131 1678 5201 τὴν
1706 5132 1856 5184 πολι..

277 5239 453 5302 τείαν,
481 5237 576 5289 καὶ
601 5230 911 5302 ἀποσχίζων
940 5227 1146 5281 ἐκεῖθεν
1167 5226 1292 5286 τοὺς
1321 5222 1572 5286 πολλοὺς.

348 5331 449 5383 Διὰ
499 5328 570 5388 τί,
596 5327 696 5379 οὐκ
740 5323 960 5377 ἀπαιτεῖ
994 5319 1178 5372 πίστιν
1212 5318 1322 5376 τοῖς
1371 5313 1590 5384 δχλοις;
1643 5313 1764 5366 Ὀτι
1798 5312 1858 5366 τὸ

281 5419 718 5492 παρακολουθεῖν
749 5413 846 5468 καὶ
888 5413 952 5466 τὸ
979 5412 1038 5462 ὲν
1079 5407 1338 5478 ἐρημίαις
1365 5405 1621 5475 ἔρχεσθαι
1661 5406 1758 5458 καὶ
1798 5403 1860 5456 τὸ

285 5509 724 5583 προσκαρτερεῖν
752 5506 844 5560 καὶ
873 5503 1034 5574 δίψης
1061 5499 1381 5570 ἀνέχεσθαι,
1413 5497 1512 5566 τὴν
1543 5495 1728 5548 πίστιν
1767 5495 1862 5548 αὐ-

285 5604 446 5658 τόθεν
478 5601 753 5672 γνώριμον
786 5597 920 5668 ἔχει.

359 5693 464 5748 Διὰ
501 5693 553 5746 τί
599 5694 700 5745 οὐκ
748 5689 924 5751 εἶπεν,
973 5687 1176 5754 Δίδωμι
1223 5681 1406 5744 αὐτοῖς
1439 5679 1654 5748 φαγεῖν,
1693 5677 1862 5743 ἀλλὰ,

1949 4555 2108 4652 gerit,
2157 4555 2349 4632 nolens
2383 4571 2643 4644 cognosci
2688 4580 2750 4622 ut
2789 4567 3064 4619 Christus.
3095 4561 3224 4615 ideo
3258 4569 3314 4612 et
3353 4555 3522 4611 disci-

1947 4651 2088 4742 pulis
2113 4669 2341 4740 iubebat
2371 4662 2575 4719 nemini
2619 4660 2865 4716 dicerent
2899 4653 3043 4725 quod
3074 4651 3326 4706 Christus
3357 4656 3521 4702 esset.

1949 4741 2086 4817 Nam
2137 4770 2257 4830 post
2305 4754 2766 4812 resurrectionem
2810 4747 3024 4802 volebat
3067 4744 3122 4798 id
3161 4743 3276 4797 ﬁeri
3313 4741 3527 4795 illustre

1951 4854 2146 4924 magis.

2027 4945 2192 4999 Vsus.
2225 4942 2313 4995 l5.
2365 4937 2546 5004 Quare
2594 4947 2810 5002 semper
2851 4937 2946 4984 aut
2981 4927 3036 4980 in
3086 4925 3382 4986 societate,
3433 4926 3529 4972 aut

1957 5051 2172 5107 semper
2209 5035 2262 5088 in
2309 5028 2608 5086 solitudine
2637 5039 2746 5078 non
2779 5020 2961 5088 degit?
3005 5017 3232 5085 Semper
3263 5016 3314 5066 in
3351 5011 3528 5066 socie-

1957 5099 2206 5186 tate-non
2245 5122 2392 5193 degit
2425 5119 2512 5173 vel
2543 5115 2752 5175 docuit,
2793 5127 2863 5166 ne
2895 5117 3251 5164 accusaretur
3281 5099 3528 5158 societati

1958 5220 2207 5277 infensus
2235 5213 2428 5274 fuisse,
2463 5217 2517 5262 et
2551 5206 2620 5260 ab
2646 5221 2708 5258 ea
2741 5202 2942 5255 multos
2970 5207 3238 5250 avertere.

2031 5311 2195 5364 Vens.
2235 5305 2321 5358 M.
2358 5302 2466 5356 Cur
2497 5311 2604 5350 non
2637 5295 2795 5348 Iidem
2825 5307 2854 5344 a
2896 5289 3074 5342 turbis
3114 5283 3363 5354 expetit?
3389 5279 3528 5346 Quia

1962 5403 2116 5473 sequi
2149 5399 2326 5458 illum,
2361 5394 2413 5446 in
2446 5388 2677 5444 desertis
2716 5385 2817 5438 iter
2849 5382 3048 5443 facere,
3081 5388 3136 5434 et
3161 5387 3530 5445 perseverare,

1963 5507 2020 5552 et
2041 5465 2206 5548 Isitim
2246 5487 2542 5548 sustinere,
2585 5479 2743 5534 tidem
2792 5491 2886 5546 per
2925 5488 2984 5528 se
3014 5471 3320 5526 evidentem
3371 5465 3532 5520 iacie-

1964 5589 2202 5730 mel'tens.
2237 5671 2320 5726 l6.
2351 5669 2460 5722 Cur
2482 5679 2587 5719 non
2615 5661 2774 5723 dixit,
2801 5658 2877 5712 Do
2903 5656 3012 5711 illis
3039 5652 3392 5716 manducare,
3415 5647 3536 5714 sed,

303 5785 508 5856 ’Υμεῐς
559 5785 695 5840 δότε
737 5781 976 5848 αὐτοῑς;
1031 5743 1470 5848 Είρωνικώτερὸν
1521 5743 1636 5834 πως
1690 5767 1828 5837 λέγω

1971 5767 2104 5836 Date
2143 5779 2230 5818 vos
2258 5759 2411 5816 illis?
2439 5754 2712 5812 lronicum
2741 5747 3018 5821 quoddam
3054 5746 3134 5803 eis
3161 5743 3376 5808 dicens,
3405 5755 3534 5809 quo-
