4026 6412
529 360 668 424 1H9

1234 358 1625 419 OPUSCULA
1658 359 2287 422 SCRIPTURISTICA
2324 359 2676 423 ΙΝΕΕΗΤΕ
2713 358 3023 419 ᾸΞΤΛΤΙΞ.

3630 358 3656 425 1
3672 362 3764 426 ιὲθ

528 474 674 526 niam
736 479 799 525 ut
840 468 1051 523 homini
1094 467 1274 522 adhuc
1307 470 1385 522 illi
1424 468 1802 534 adha‘rehaut;
1848 471 1967 525 ideo
2018 487 2098 526 re-

2207 471 2335 540 πρδς
2376 471 2596 532 αὐτοὺς,
2630 468 2818 539 ἐπειδὴ
2855 468 2931 529 ὡς
2975 464 3244 538 ἀνθρώπῳ
3292 472 3570 540 προσεῖχον
3622 475 3766 544 αὑτῷ

529 563 799 630 spondent
830 581 842 617 :
877 560 1000 613 Non
1037 560 1283 612 habemus
1310 560 1413 611 nisi
1438 561 1663 628 quinque
1696 575 1854 627 panes
1885 570 1935 613 et
1968 562 2099 614 duos

526 657 712 720 pisces.

606 745 771 797 Vsns.
806 744 890 797 19.
934 741 1080 803 Ηαξο,
1109 757 1273 811 super
1298 741 1485 796 fenum
1513 757 1707 797 omnes
1728 742 2099 809 discumbere,

530 848 584 891 et
626 849 852 888 securos
911 848 1055 893 esse,
1094 830 1240 900 quod
1294 832 1423 883 nihil
1463 832 1634 899 magis
1687 846 1886 897 panum
1919 842 1971 884 ct
2018 832 2101 899 pi-

530 926 705 981 srium
738 923 928 977 datum
954 924 1078 985 erit,
1116 932 1169 976 et
1202 936 1476 990 apponere
1511 922 1599 973 illa
1638 922 1974 982 communia,
1998 921 2103 973 hu-

532 1018 838 1077 militatem.
874 1015 1262 1084 aequalitatem,
1306 1025 1361 1068 et
1406 1014 1815 1077 abstinentiam,
1847 1014 1950 1068 hoc
1983 1013 2101 1067 solo

529 1106 673 1176 quod
706 1107 888 1161 omnia
922 1114 1050 1160 sunt
1082 1106 1390 1161 communia
1426 1104 1744 1158 edocebaut.

601 1199 709 1252 Cur
757 1198 969 1267 aspexit
1022 1198 1074 1249 in
1108 1198 1305 1252 malum
1354 1207 1407 1251 et
1453 1196 1766 1251 benedixit?
1813 1194 1885 1250 Ut
1922 1204 2107 1250 ostena

530 1289 684 1344 deret
731 1304 847 1343 sea
888 1288 1045 1343 Patre
1079 1305 1221 1354 esse,
1268 1298 1316 1344 et
1369 1288 1434 1342 ad
1493 1304 1739 1341 mensam
1791 1288 2105 1343 accedeudo

530 1392 788 1449 oportere
820 1398 1008 1450 preces
1037 1392 1089 1436 et
1122 1381 1420 1451 gratiarum
1457 1382 1702 1435 actiones
1735 1381 1801 1434 ad
1833 1381 1982 1435 illum
2009 1384 2101 1451 qui

531 1485 713 1523 eseam
742 1471 945 1538 praebet
975 1470 1232 1538 dirigere.

604 1556 718 1611 Non
754 1559 883 1612 facit
920 1575 951 1612 e
995 1576 1101 1611 non
1137 1558 1554 1623 exsistentibus,
1595 1559 1687 1613 sed
1732 1574 1796 1613 ex
1833 1559 2105 1614 exsisten-

534 1649 679 1704 libus
702 1651 954 1719 panibus,
1004 1651 1298 1705 occludens
1338 1650 1633 1704 Marcionis
1677 1658 1731 1703 ct
1781 1651 2105 1707 Manichac-

535 1758 656 1796 rum
705 1760 769 1800 os
806 1746 1134 1800 creationem
1179 1746 1253 1798 illi
1297 1748 1651 1800 ahnuentium
1692 1764 1706 1799 :
1767 1748 1930 1801 simul
1976 1750 2104 1817 quia

2204 560 2314 612 ἔτι·
2359 560 2439 612 διὸ
2500 561 2595 613 καὶ
2649 558 2930 626 λέγουσιν·
2991 559 3113 611 Οὐκ
3148 558 3367 628 ἔχομεν
3394 562 3444 613 εὶ
3472 563 3556 630 μὴ
3593 562 3767 617 πέντε

2200 650 2418 719 ἄρτους
2449 648 2545 700 καὶ
2568 648 2677 700 δύο
2703 650 2721 699 ί
2725 648 2933 714 χθὺας.

2274 739 2348 790 Τὸ
2388 739 2481 791 ἐπὶ
2537 737 2782 799 στιϐάδος
2846 738 3043 799 αὐτοὺς
3094 736 3400 803 ἀνακλῖναι,
3459 738 3645 792 καὶτὸ
3692 743 3768 804 εἰς

2203 830 2385 883 ἄδειαν
2416 825 2578 890 εἶναι,
2614 828 2781 898 μηδὲν
2814 829 2974 880 πλέον
3005 828 3183 895 ἄρτων
3212 828 3394 881 δοῦναι
3424 831 3517 883 καὶ
3546 832 3605 883 τὸ
3636 848 3767 901 προσ

2205 922 2375 975 θεῖναι
2414 920 2554 973 αὐτὰ
2608 920 2791 982 κοινὰ,
2844 920 3347 990 ταπεινοφροσύνην
3377 923 3553 974 καὶτὸ
3590 924 3770 991 ὅμοιον

2205 1013 2298 1066 καὶ
2329 1011 2442 1064 ἴσον
2466 1013 2559 1063 καὶ
2589 1013 2932 1080 ἐγκράτειαν,
2958 1012 3034 1081 τῷ
3060 1013 3216 1066 κοινὰ
3239 1009 3377 1066 εἶναι
3411 1015 3586 1069 πάντα
3618 1014 3773 1069 ἐπαί-

2203 1102 2373 1158 δευεν.

2276 1194 2431 1257 Τίνος
2465 1195 2623 1264 χάριν
2657 1194 2948 1264 ἀνέϐλεψεν
2993 1197 3075 1259 είς
3111 1197 3203 1250 τὸν
3237 1198 3468 1269 οὐρανὸν
3502 1198 3594 1253 καὶ
3628 1199 3777 1252 εύλό-

2205 1302 2374 1355 γησεν
2397 1308 2411 1353 ;
2437 1290 2552 1340 Ἵνα
2578 1287 2726 1358 δείξῃ
2756 1290 2838 1341 ὅτι
2869 1289 2976 1340 ἀπὸ
3002 1290 3096 1342 τοῦ
3124 1291 3333 1359 Πατρός
3358 1293 3543 1353 ἐστιν·
3574 1293 3671 1343 καὶ
3696 1293 3775 1345 ὅτι

2208 1376 2511 1446 ἁπτόμενος
2536 1379 2812 1447 τραπέζης
2843 1381 2946 1448 χρὴ
2984 1381 3401 1451 προσεύχεσθαι,
3424 1381 3502 1450 τῷ
3528 1383 3628 1451 τὴν
3650 1399 3776 1453 τρο·

2208 1466 2314 1535 φὴν
2341 1466 2629 1535 παρέχοντι
2654 1467 3119 1539 εὐχαριστοῦντες.
3448 1470 3461 1481 ’

2279 1558 2353 1609 Οὐ
2388 1560 2532 1609 ποιεῖ
2557 1560 2618 1610 ἐκ
2649 1559 2722 1627 μὴ
2748 1560 2917 1611 ὄντων
2946 1559 3062 1611 ἀλλ’
3090 1560 3148 1623 ἐξ
3177 1560 3344 1614 ὄντων
3375 1560 3501 1624 τοὺς
3543 1562 3776 1631 ἄρτους,

2210 1649 2535 1719 ἐμφράττων
2562 1649 2620 1701 τὸ
2647 1650 2972 1721 Μαρκίωνος
2995 1652 3091 1704 καὶ
3119 1651 3436 1720 Μανιχαίων
3473 1650 3650 1720 στόμα
3671 1651 3777 1703 τῶν

2209 1739 2305 1809 τὴν
2352 1741 2529 1794 κτίσιν
2576 1740 3000 1811 ἀλλοτριούντων
3045 1741 3240 1794 αὑτοῦ·
3298 1742 3415 1811 ἅμα
3468 1743 3549 1795 ὅτι
3589 1743 3684 1794 καὶ
3712 1742 3779 1795 τά

536 1851 657 1901 quae
692 1834 941 1890 videntur
968 1852 1132 1905 opera
1161 1837 1306 1893 illius
1334 1847 1481 1902 sunt,
1508 1846 1563 1892 et
1597 1838 1709 1907 ipse
1728 1814 2100 1909 quiloqniiur:

2208 1830 2461 1901 ὁρώμενα
2511 1831 2648 1901 ἔργα
2710 1832 2872 1885 αὐτοῦ
2923 1835 3107 1886 ἐστιν·
3157 1833 3250 1887 καὶ
3301 1834 3461 1897 αὐτὸς
3500 1834 3528 1887 ὁ
3578 1832 3776 1886 εἰπών’

536 1923 744 1978 Educat
772 1943 937 1995 aquas
962 1927 1261 1995 inferiores.

606 2014 772 2069 Vens.
807 2017 896 2071 20.
933 2016 1045 2071 Cur
1069 2019 1232 2087 jussit
1266 2034 1555 2088 superesse
1596 2036 1764 2089 panes
1811 2031 1864 2077 et
1900 2037 2101 2092 panum

534 2105 879 2176 fragmenta?
926 2107 1004 2162 Ne
1060 2119 1345 2179 putaretur
1391 2112 1733 2178 phantasiam
1788 2129 1910 2169 esse
1958 2115 2105 2184 quod

533 2196 737 2250 factum
788 2207 928 2259 erat.
960 2200 1053 2254 sed
1100 2201 1421 2269 probaretur
1447 2218 1540 2271 per
1586 2205 1900 2271 superantia
1930 2214 1984 2259 et
2020 2204 2108 2259 die

528 2287 769 2342 crastino
794 2287 1023 2344 videnda
1051 2300 1105 2344 et
1134 2292 1486 2358 comedenda,
1516 2292 1646 2346 illud
1679 2310 1863 2348 rerum
1891 2309 2033 2349 esse.

607 2472 767 2528 Vens.
798 2472 887 2528 2|.
920 2472 975 2526 In
1012 2472 1227 2528 deserto
1258 2474 1387 2529 facit
1419 2491 1622 2545 panum
1656 2478 2005 2543 mirarulum,
2038 2494 2108 2534 ne

530 2565 820 2617 videantur
840 2582 868 2619 e
900 2581 1037 2634 pago
1062 2582 1229 2634 panes
1254 2570 1553 2627 sumpsisse
1576 2587 1591 2634 ;
1623 2579 1675 2622 et
1702 2571 1835 2622 hora
1861 2570 2106 2639 ejusdem

533 2671 698 2709 causa
732 2656 969 2710 indicata
998 2656 1101 2711 fuit
1132 2676 1146 2711 :
1181 2657 1313 2712 Sero
1339 2659 1451 2727 jam
1482 2669 1622 2720 erat.
1654 2660 1865 2715 dicunt.

608 2746 767 2802 Vens.
832 2747 923 2803 22.
966 2748 1093 2802 Post
1132 2749 1456 2801 miraculum
1519 2751 1807 2804 confestim
1856 2754 1907 2805 in
1958 2754 2109 2805 navi-

534 2837 718 2891 culam
773 2837 1043 2899 ascendit.
1096 2837 1298 2891 docens
1347 2854 1454 2891 non
1508 2840 1579 2893 ob
1630 2856 1823 2893 vanam
1879 2843 2107 2913 gloriam

536 2928 723 2981 turbas
755 2930 971 2981 trahere
994 2937 1117 2997 post
1146 2944 1226 2991 se,
1257 2931 1382 2983 vani
1407 2930 1642 2984 nominis
1674 2932 1868 2998 gratia.

608 3017 838 3072 Tantum
877 3019 1144 3074 admirata
1193 3029 1277 3074 est
1307 3022 1490 3086 turba,
1532 3032 1592 3075 ut
1624 3038 1801 3091 regem
1838 3023 2111 3078 voluerint

2221 1924 2581 1993 Ἑξαγαγέτω
2609 1925 2679 1978 τὰ
2708 1925 2892 1978 ὕδατα
2922 1923 3159 1992 ἑρπετά.

2279 2014 2377 2066 Διὰ
2426 2014 2478 2066 τί
2523 2015 2803 2067 ἐκέλευσεν
2854 2015 3208 2087 περισσεῦσαι
3238 2015 3435 2086 ἄρτους
3474 2015 3567 2068 καὶ
3599 2017 3780 2086 ἄρτων

2209 2106 2526 2177 κλάσματα;
2565 2107 2681 2160 Ἶνα
2730 2108 2804 2178 μὴ
2838 2110 3064 2178 νομισθῇ
3111 2108 3382 2177 φαντασία
3428 2108 3485 2159 τδ
3520 2105 3777 2175 γεγονὸς,

2208 2198 2323 2252 ἀλλ’
2370 2199 2601 2270 ἐλεγχθῇ
2653 2202 2717 2253 ἐκ
2769 2201 2877 2255 τῶν
2914 2202 3184 2271 περιττῶν
3230 2202 3323 2255 καὶ
3371 2202 3667 2270 ὁρωμένων
3702 2202 3780 2263 είς

2206 2292 2307 2360 τὴν
2364 2289 2552 2359 αὔριον
2609 2291 2703 2344 καὶ
2770 2292 3123 2362 ἐσθιομένων,
3197 2293 3279 2345 ὅτι
3331 2293 3557 2344 κάκεῖνα
3606 2289 3779 2360 άληθῆ

2206 2378 2369 2452 ἦσαν.

2290 2475 2380 2528 'Ev
2429 2477 2621 2546 ἐρήμῳ
2670 2479 2815 2529 ποιεῖ
2861 2476 2922 2529 τὸ
2972 2477 3080 2530 τῶν
3129 2477 3309 2547 ἄρτων
3348 2475 3551 2545 θαῦμα,
3588 2476 3675 2528 ἵνα
3708 2474 3779 2545 μὴ

2208 2565 2429 2630 δόξωσιν
2477 2568 2583 2619 ἀπὸ
2630 2569 2823 2637 κώμης
2872 2568 3053 2621 λαϐεῖν
3091 2570 3323 2639 ἄρτουςο
3374 2570 3467 2622 καὶ
3512 2569 3546 2639 ἡ
3576 2568 3697 2638 ὥρα
3726 2568 3780 2620 δὲ

2209 2658 2297 2713 διά
2328 2658 2483 2711 τοῦτο
2519 2660 2782 2729 ἐδηλώθη.
2826 2661 2951 2729 ’0ψέ
2978 2662 3083 2729 γάρ
3113 2657 3201 2730 ἦν,
3232 2661 3415 2729 φησίν.

2280 2749 2435 2801 Μετὰ
2477 2750 2536 2802 τ’)
2575 2750 2757 2817 θαῦμα
2796 2750 2956 2812 εὐθυς
2985 2749 3232 2817 ἐμϐαίνει
3260 2751 3340 2811 είς
3367 2748 3427 2800 τὸ
3462 2748 3666 2811 πλοῖον,
3701 2745 3778 2798 δι-

2209 2839 2425 2893 δάσκων
2459 2840 2533 2910 μὴ
2569 2844 2633 2893 ἐκ
2677 2841 2986 2907 κενοδοξίας
3017 2840 3298 2911 ἐπισύρειν
3336 2839 3547 2909 ὄχλους,
3579 2839 3779 2907 ὀνόμα-

2208 2945 2299 2992 τος
2330 2930 2512 2985 ἕνεκεν
2546 2932 2725 2986 κενοῦ.

2281 3021 2546 3075 Τοσοῦτον
2576 3023 2885 3092 ἐθαύμασεν
2913 3024 2941 3076 ὁ
2971 3024 3145 3095 δχλος,
3180 3024 3262 3076 δτι
3293 3022 3387 3076 καὶ
3414 3020 3639 3090 βασιλέα
3669 3019 3779 3073 eos.

536 3110 690 3164 illum
742 3111 959 3177 facere;
1011 3120 1249 3166 attamen
1310 3112 1364 3167 in
1423 3114 1546 3168 aliis
1588 3114 1868 3169 miraculis
1915 3115 2105 3170 nullibi

2213 3111 2383 3180 λησαν
2415 3114 2633 3183 ποιῆσαι
2674 3114 2861 3168 αὐτόν·
2898 3115 3073 3168 καίτοι
3101 3131 3165 3182 γε
3194 3114 3287 3168 ἐπὶ
3314 3113 3421 3166 τῶν
3452 3113 3627 3167 ἄλλων
3655 3112 3780 3166 θαυ-

535 3202 679 3259 idem
711 3203 955 3272 contigit.

612 3293 775 3349 Vens.
807 3295 893 3349 24.
927 3295 1110 3351 Primo
1152 3295 1317 3351 ﬂuctu
1340 3295 1561 3365 jactatis
1595 3296 1889 3351 auxiliatur
1920 3313 1950 3351 a
1984 3312 2111 3367 pro-

534 3388 744 3457 posito;
787 3402 910 3440 mox
956 3396 1137 3441 autem
1173 3386 1301 3441 sinit
1346 3386 1545 3455 jactari
1592 3386 1644 3440 in
1687 3387 1855 3441 maris
1905 3388 2105 3454 medio,

536 3480 811 3533 sustinere
837 3479 960 3533 illos
982 3477 1227 3535 docens:
1262 3495 1369 3532 non
1410 3478 1695 3533 confestim
1733 3487 1913 3531 autem
1957 3480 2111 3535 θάνε·

538 3571 640 3636 uit,
697 3587 961 3627 exercens
994 3586 1088 3626 eos
1123 3572 1189 3625 ad
1225 3571 1487 3642 majorem
1541 3570 1714 3640 ipsius
1748 3570 2107 3636 desiderium,

533 3668 591 3712 et
646 3674 875 3714 monens
941 3674 1010 3712 ne
1062 3659 1312 3714 celeriter
1368 3669 1687 3730 exspectent
1740 3660 2107 3731 periculorum

533 3749 939 3803 liberationem.

617 3838 781 3894 Vens.
814 3839 905 3893 28.
939 3840 1050 3893 Cur
1090 3855 1196 3893 non
1223 3839 1357 3895 dixit
1387 3839 1597 3903 Petrus,
1629 3838 1765 3895 Jube
1798 3855 1885 3894 me
1917 3842 2111 3893 ambu-

535 3928 650 3984 lare
676 3945 838 3999 super
866 3945 1057 3999 aquas.
1101 3931 1216 3993 sed,
1250 3930 1385 3983 Jube
1416 3948 1496 3984 me
1532 3932 1599 3983 ad
1633 3943 1680 3983 te
1729 3932 1943 3983 venire?
1971 3931 2110 3995 Quia

537 4020 691 4090 prius
721 4036 786 4075 ex
820 4020 1207 4086 ostentatione,
1238 4022 1514 4090 posterius
1561 4030 1742 4075 autem
1779 4036 1810 4076 e
1843 4020 2110 4075 charitate

534 4122 642 4169 CSI.

610 4205 774 4262 Vens.
826 4207 913 4261 3t).
966 4206 1077 4262 Cur
1123 4222 1245 4261 cum
1300 4206 1641 4277 permisisset
1676 4205 1860 4260 venire
1894 4204 1961 4259 ad
2014 4219 2106 4268 se,

538 4312 681 4367 aqua
738 4298 907 4367 mergi
944 4297 1185 4352 dimisit?
1219 4296 1296 4349 Eo
1328 4297 1473 4367 quod
1501 4296 1704 4351 ardens
1729 4306 1846 4351 erat
1873 4304 1927 4349 et
1954 4293 2110 4348 adni-

535 4398 678 4450 tens,
708 4404 813 4442 non
847 4389 1160 4458 prohibuit;
1188 4388 1280 4443 sed
1306 4389 1468 4443 rebus
1497 4388 1827 4456 persuadere
1854 4384 2106 4454 suscipit,

2216 3202 2403 3272 μάτων
2432 3204 2669 3272 οὐδαμοῦ
2697 3205 2855 3259 τοῦτο
2883 3208 3224 3275 ποιήσαντες.

2283 3296 2355 3347 Τὸ
2412 3296 2625 3365 πρῶτον
2678 3298 3162 3368 κλυδωνιζομένοις
3214 3299 3401 3369 βοηθεῖ
3450 3298 3509 3363 ἐξ
3537 3296 3777 3366 ἐτοίμου,

2210 3383 2336 3453 ἄρτι
2384 3385 2443 3439 δὲ
2496 3387 2559 3456 ἐᾷ
2610 3386 3031 3452 κλυδωνίζεσθαι
3098 3391 3263 3457 μέσον
3319 3388 3417 3457 τῆς
3470 3386 3780 3453 θαλάσσης.

2212 3477 2502 3547 ὑπομένειν
2545 3479 2808 3533 διδάσκων
2837 3479 3033 3543 αὐτούς
3053 3497 3066 3513 ·
3101 3480 3202 3533 οὐκ
3233 3479 3395 3541 εὐθὺς
3434 3477 3489 3530 δέ
3520 3477 3780 3546 παρίστα-

2208 3581 2321 3628 ται,
2351 3566 2649 3635 γυμνάζων
2677 3568 2874 3631 αὐτοὺς
2908 3570 2984 3631 εἰς
3026 3568 3323 3637 ἐπιθυμίαν
3351 3566 3514 3621 αὐτοῦ
3540 3566 3779 3635 μείζονα,

2210 3658 2307 3710 καὶ
2331 3659 2599 3712 παιδεύων
2624 3659 2699 3731 μὴ
2726 3662 2935 3730 ταχέως
2958 3660 3109 3714 λύσιν
3132 3662 3409 3730 ἐπιζητεῖν
3439 3659 3545 3712 τῶν
3573 3657 3777 3712 δεινῶν.

2281 3842 2379 3894 Διὰ
2426 3844 2478 3894 τί
2525 3848 2624 3894 οὐκ
2665 3844 2820 3896 εἶπεν
2880 3844 3104 3914 Πέτρος,
3138 3844 3407 3897 Κὲὶ.ευσόν
3440 3860 3529 3912 μοι
3566 3842 3779 3912 βαδίσαι

2209 3933 2303 3985 ἐπὶ
2348 3933 2417 3985 τὰ
2440 3933 2628 3994 ὕδατα.
2656 3935 2811 3997 ἀλλὰ,
2861 3935 3098 3989 Ἐνῑθεῖν
3146 3936 3297 4001 πρὸς
3330 3933 3433 3998 σέ;
3475 3935 3696 4007 Ἐπειδὴ
3726 3935 3780 3987 τὸ

2212 4024 2314 4095 μὲν
2347 4025 2656 4090 ἐπιδείξεως
2685 4023 2775 4098 ἦν,
2805 4026 2962 4081 τοῦτο
2991 4027 3048 4080 δέ
3084 4027 3320 4096 ἀγάπης.

2281 4229 2377 4266 uta
2420 4230 2471 4264 τ.
2506 4213 2805 4283 ἐπιτρέψας
2855 4213 3028 4267 ἐλθεῖν
3064 4214 3198 4284 πρὸς
3231 4213 3412 4279 αὐτὸν,
3441 4213 3655 4282 ἀφῆκεν
3683 4230 3779 4265 κα-

2208 4305 2652 4370 ταποντίζεσθαι;
2702 4305 2800 4357 Διά
2827 4304 2884 4358 δέ
2912 4306 3019 4357 τῶν
3058 4305 3398 4375 πραγμάτων
3428 4304 3634 4358 πείθειν
3660 4306 3776 4357 ἐπι-

2213 4402 2385 4470 χειρεῖ
2412 4399 2487 4460 ὡς
2528 4400 2588 4450 οὐ
2616 4398 2839 4451 δυνατὸν
2870 4397 3042 4459 οὕτως
3075 4398 3226 4451 οὐδέν
3254 4399 3401 4452 ἐστιν
3431 4397 3492 4450 τὸ
3518 4392 3657 4451 εἶναι
3690 4400 3776 4466 ἐγ-

536 4496 644 4535 non
675 4482 745 4535 ita
776 4481 1034 4551 possibile
1057 4497 1180 4536 esse
1209 4496 1377 4551 prope
1403 4481 1682 4535 Christum
1714 4494 1854 4544 esse,
1886 4477 2105 4547 quando

2214 4492 2314 4560 γὺς
2339 4490 2433 4545 τοῦ
2462 4489 2698 4559 Χριστοῦ
2727 4490 2864 4543 ὅπου
2896 4489 2996 4541 οὐκ
3020 4489 3102 4542 ἐνι
3131 4489 3333 4552 πίστις.

536 4588 642 4626 non
679 4575 829 4628 adest
859 4574 1012 4629 ﬁdes.

606 4665 773 4719 Vens.
807 4666 896 4717 51.
931 4664 1062 4729 Cur,
1088 4674 1378 4733 antequam
1401 4674 1588 4719 ventos
1617 4662 1852 4728 sedaret,
1883 4673 2103 4715 manum

533 4756 926 4825 apprehendit?
971 4756 1041 4812 Ut
1070 4758 1385 4811 ostenderet
1429 4757 1578 4809 illum
1615 4772 1721 4809 non
1751 4770 1781 4808 a
1810 4753 2106 4822 tranquillo

533 4849 800 4903 salvatum
827 4862 970 4913 esse,
1000 4847 1092 4901 sed
1122 4862 1149 4900 a
1184 4847 1401 4901 Christo
1428 4847 1569 4917 ipso.

602 4938 854 4994 Ostendit
907 4941 1052 5009 quod
1103 4937 1217 4994 Nisi
1277 4953 1385 4993 non
1443 4940 1771 4995 credidisses
1822 4942 2099 5007 dubitans,

533 5043 641 5082 non
669 5044 890 5085 eversus
920 5045 1073 5085 esses
1100 5046 1114 5083 :
1157 5030 1279 5084 ideo
1309 5040 1467 5085 vento
1498 5029 1681 5095 ﬂante,
1724 5032 1874 5086 illum
1905 5047 2103 5102 appre-

534 5120 724 5175 hendit
750 5131 803 5176 et
831 5124 1112 5177 ambulare
1137 5121 1286 5178 fecit.

1124 5268 1350 5325 CAPUT
1387 5268 1503 5326 XV.

602 5396 769 5453 Vens.
802 5399 853 5453 1.
884 5397 1064 5464 Quare
1098 5398 1247 5451 illum
1274 5398 1625 5467 alloquuntur
1652 5396 1859 5452 Scriba:
1883 5407 1937 5453 et
1960 5396 2104 5453 Pha-

530 5491 674 5547 risaei
705 5492 774 5546 ab
808 5490 1239 5562 Hierosolymis?
1261 5490 1341 5545 Ad
1374 5492 1509 5545 iram
1540 5492 1690 5546 illum
1727 5492 1968 5547 excitare
2002 5506 2102 5547 vo-

532 5579 725 5643 lentes,
766 5581 894 5635 utsi
943 5582 1191 5637 seniores
1232 5582 1639 5650 contempserit,
1686 5582 1839 5636 illum
1873 5597 2101 5638 accusa-

532 5682 673 5725 rent.

606 5761 769 5817 \‘sns.
800 5763 854 5819 Ξ.
893 5764 1006 5820 Cur
1037 5765 1443 5822 manducabant
1478 5766 1643 5823 illotis
1675 5766 1925 5824 manibus
1958 5782 2090 5839 apo-

2280 4674 2379 4729 Διά
2404 4675 2457 4729 τί
2484 4675 2612 4745 πρὶν
2645 4675 2769 4738 τοὺς
2794 4673 3027 4743 ἀνέμους
3057 4673 3284 4738 παῦσαι,
3316 4672 3414 4744 τῆς
3442 4673 3625 4744 χειρὸς
3655 4673 3776 4728 ἐλά·

2206 4768 2364 4833 6ετο;
2426 4768 2543 4821 Ἵνα
2584 4768 2731 4839 δείξῃ
2782 4769 2866 4821 ὅτι
2910 4768 3008 4837 οὐχ
3057 4769 3089 4836 ἠ
3147 4766 3355 4837 γαλήνη
3406 4767 3628 4828 ἔσωσεν,
3662 4763 3773 4820 ἀλλ’

2207 4861 2391 4923 αὐτός.

2278 4950 2557 5003 Δείκνυσιν
2599 4950 2674 5012 ὡς
2718 4951 2802 5003 ὅτι
2828 4952 2877 5002 εἰ
2932 4950 3005 5021 μὴ
3052 4950 3361 5018 ἠπίστησας
3408 4949 3687 5012 διστάσας,
3717 4947 3774 4999 οὐ

2204 5040 2581 5112 περιετράπης
2608 5041 2702 5094 ἄν·
2727 5040 2817 5094 διὰ
2843 5040 3002 5094 τοῦτο
3030 5041 3241 5095 καὶτοῦ
3268 5040 3473 5111 ἀνέμου
3504 5040 3772 5104 πνέοντος,

2206 5131 2501 5184 ἐπελάϐετο
2532 5130 2699 5185 αὐτοῦ
2731 5132 2824 5184 καὶ
2853 5132 3078 5201 ἐποίησε
3108 5132 3448 5186 πεοιπατεῖν.

2800 5276 3048 5329 ΚΕΦᾹΛ.
3088 5274 3166 5327 IE'

2276 5401 2431 5465 Τίνος
2462 5401 2647 5454 ἐνεκεν
2681 5400 3021 5467 διαλέγονται
3054 5397 3203 5468 αὐτῷ
3233 5399 3285 5451 οἱ
3332 5398 3439 5451 ἀπὸ
3484 5396 3773 5469 Ἱεροσολύ-

2207 5509 2324 5565 μων
2355 5494 2708 5564 Γραμματεῖς
2755 5492 2850 5546 καὶ¹
2898 5492 3216 5560 Φαρισαῖοι;
3274 5491 3369 5553 Εἰς
3410 5491 3580 5561 ὀργὴν
3614 5491 3772 5543 αὑτὸν

2205 5584 2428 5653 κινῆσαι
2459 5584 2789 5654 βουλόμενοι,
2827 5584 2913 5635 ἵνα
2934 5582 3091 5654 εἴπερ
3117 5581 3461 5646 ἐξουδενὼσει
3492 5583 3617 5645 τοὺς
3642 5598 3771 5653 πρε-

2208 5674 2499 5743 σϐυτέρους
2520 5713 2535 5737 ,
2574 5674 3023 5744 κατηγορήσωσιν
3057 5670 3224 5727 αὐτοῦ

2279 5767 2376 5821 Διά
2402 5766 2455 5821 τί
2487 5766 2671 5835 ἤσθιον
2721 5765 2965 5829 ἀνίπτοις
3013 5765 3202 5838 χερσὶν
3230 5767 3279 5819 οἱ
3313 5764 3628 5831 άπόστολοι;
3660 5762 3771 5819 Οὐκ
