4026 6404
279 382 413 452 1121

1267 380 1590 440 SCHOLIA
1627 379 1924 440 VETERA
1969 379 2051 440 IN
2090 377 2555 441 MATTIL’EUM.

3391 383 3530 448 1122

274 495 684 568 ἐπιτηδεύοντες
739 497 830 548 καὶ
869 494 943 557 ῶς
997 494 1161 563 νόμον
1219 490 1432 563 ἔχοντες
1476 493 1656 556 τοῦτο,
1710 492 1846 544 ἀλλά

1964 492 2117 546 stoli?
2150 492 2262 544 Non
2293 492 2655 545 observabant
2685 506 2861 560 neque
2889 503 2948 547 ut
2986 493 3156 563 legem
3189 494 3332 547 istud
3365 495 3532 551 babe-

278 588 624 660 παρορῶντες
650 604 662 616 ·
695 587 822 640 οὔτε
865 587 926 638 τὸ
959 586 1035 656 μὴ
1062 585 1346 639 νίπτεσθαί
1379 603 1432 639 τι
1465 585 1702 656 ἔχοντες,
1731 584 1848 638 ἀλλ’

273 685 351 745 ὼς
378 680 587 748 ἔτυχεν,
621 679 880 748 ἑκάτερον
913 677 1194 742 ποιοῦντες

358 882 416 933 Ὀ
452 879 688 949 Χριστὸς
715 880 774 930 ού
804 877 950 946 λέγει
985 877 1064 930 ὅτι
1101 876 1280 938 καλῶς
1315 874 1559 928 ποιοῦσιν
1585 874 1616 945 ἢ
1642 871 1846 934 κακῶς

273 973 432 1026 τοῦτο
469 971 568 1041 μὲν
594 972 680 1023 ἵνα
716 973 792 1039 μὴ
824 971 949 1031 τοὺς
993 968 1320 1030 ἀποστόλους
1343 968 1402 1018 τὸ
1433 967 1655 1019 ἄνιπτον
1686 982 1846 1033 νομο-

275 1064 478 1133 θετὴσῃ
512 1062 604 1114 καὶ
651 1061 869 1128 θρασεῖς
923 1062 1155 1129 ποιήσῃ·
1219 1059 1378 1111 τοῦτο
1427 1057 1481 1110 δὲ
1523 1058 1610 1108 ἵνα
1647 1057 1721 1126 μὴ
1764 1058 1852 1108 τὸν

273 1153 385 1206 τῶν
411 1150 794 1222 πρεσϐυτέρων
823 1151 985 1219 νόμον
1019 1147 1314 1219 βεϐαιώσῃ,
1348 1149 1473 1209 τοὺς
1508 1149 1852 1216 βαπτισμοὺς

273 1245 422 1311 λέγω
466 1243 559 1296 καὶ
591 1243 689 1306 τὰς
720 1242 927 1311 νίῲεις·
963 1242 1082 1295 οὐδὲ
1126 1243 1424 1310 κατηγορεῖ
1473 1241 1578 1292 τῶν
1618 1239 1855 1309 πρεσϐυ-

275 1337 451 1404 τέρων
472 1334 543 1394 ὡς
570 1332 923 1402 παρανόμων,
949 1331 1061 1383 ἀλλ’
1083 1331 1168 1400 ἐφ’
1196 1329 1380 1400 ἕτερον
1403 1328 1664 1400 ἐρώτημα
1689 1346 1856 1398 μετα-

276 1427 478 1479 ϐαίνει.
605 1483 622 1498 ⁸

351 1519 416 1569 Τί
459 1519 626 1579 ἐστιν,
690 1515 794 1580 Ὃς
838 1515 913 1567 ἂν
967 1513 1105 1578 εἴπῃ
1133 1511 1210 1576 τῷ
1247 1511 1422 1579 πατρὶ
1459 1510 1495 1580 ἣ
1544 1510 1618 1578 τῇ
1641 1511 1846 1579 μητρὶ,

285 1608 541 1677 Δῶρονὸ
587 1609 664 1662 ἂν
713 1608 780 1672 ἐξ
832 1608 978 1676 ἐμοῦ
1027 1604 1362 1674 ὠφεληθῇς,
1410 1606 1482 1657 οὺ
1515 1607 1600 1672 μὴ
1636 1604 1854 1672 τιμήσῃ

275 1703 386 1756 τὸν
413 1701 638 1768 πατέρα
669 1699 854 1754 αὑτοῦ
880 1699 916 1766 ἢ
951 1696 1067 1765 τὴν
1094 1697 1318 1766 μητέρα
1349 1695 1575 1752 (taret);
1604 1694 1855 1746 Τοιοῦτόν

275 1793 461 1844 ἐστιν·
512 1793 866 1844 Ἐπαίδευσαν
915 1789 1041 1852 τοὺς
1079 1787 1232 1851 νέους
1284 1787 1566 1848 εὐσεϐείας
1615 1787 1853 1855 σχήματι
1883 1824 1928 1883 Β

276 1883 644 1951 κατατρονεῖν
683 1879 790 1932 τῶν
834 1879 1033 1946 γονέων
1058 1893 1070 1905 °
1107 1873 1217 1929 οἷον
1248 1875 1404 1938 εἴτις
1433 1871 1583 1928 εἶπεν
1613 1876 1689 1945 τῷ
1715 1876 1815 1944 υίῴ
1835 1916 1849 1938 ,

275 1977 379 2036 Δός
432 1991 520 2044 μοι
567 1972 627 2024 τὸ
656 1971 924 2044 πρόϐατον
951 1968 1110 2022 τοῦτο
1139 1969 1165 2021 ὂ
1196 1967 1361 2037 ἔχεις,
1390 1967 1422 2036 ἦ
1451 1967 1542 2019 τὸν
1578 1971 1793 2037 μόσχον,
1821 1966 1852 2036 ἢ

276 2067 410 2120 ἄλλο
441 2082 514 2127 τι,
541 2064 724 2131 ἔλεγεν
755 2063 891 2131 πρὸς
923 2061 1010 2112 τὸν
1033 2059 1248 2128 πατέρα
1269 2059 1296 2109 ὁ
1320 2057 1431 2118 υἱός
1453 2073 1468 2088 ο
1504 2056 1684 2126 Δῶρόν
1710 2058 1855 2108 ἐστιν

275 2155 358 2226 τῷ
391 2155 508 2224 Θεῷ
550 2152 706 2206 τοῦτο
734 2152 761 2204 ὃ
807 2151 979 2213 Θέλεις
1013 2150 1070 2215 ἐξ
1101 2147 1233 2217 ἐμοῦ
1267 2146 1641 2214 ὠφεληθῆναι,
1675 2146 1764 2196 καὶ
1793 2144 1854 2196 ού

277 2246 516 2315 δύναμαι
545 2242 724 2297 δοῦναί
753 2259 835 2294 σοι
858 2241 991 2294 αὐτό
1010 2256 1023 2270 ο
1058 2239 1153 2290 καὶ
1181 2236 1398 2289 διπλοῦν
1427 2238 1633 2304 ἐγίνετο
1665 2234 1855 2286 κακόν⁶

277 2339 407 2391 οὔτε
439 2339 547 2408 γὰρ
594 2335 673 2406 τῷ
714 2334 833 2404 Θεῷ
889 2333 1186 2401 προσῆγον,
1243 2331 1336 2382 καὶ
1383 2331 1508 2390 τοὺς
1540 2329 1730 2395 γονέας
1761 2326 1856 2378 τού

281 2429 614 2498 ζητουμένου
639 2427 863 2496 ὀνόματι
891 2426 990 2494 τῆς
1024 2423 1340 2494 προσφορᾶς
1373 2421 1732 2488 ἀπεστέρουν,
1765 2417 1858 2472 ἄλ-

279 2524 375 2577 λον
404 2524 467 2576 δι’
500 2522 660 2576 ἀλλου
711 2519 1046 2589 ὑϐρίζοντες,
1091 2517 1223 2570 Θεὸν
1274 2516 1363 2568 διὰ
1401 2518 1597 2584 γονεῖς,
1633 2516 1728 2566 καὶ
1769 2531 1861 2582 γοα

280 2619 397 2678 νεῖς
445 2614 530 2667 διὰ
578 2612 744 2665 Θεόνο
790 2610 960 2672 οὕτως
1008 2607 1273 2678 ἐντρέψας
1307 2607 1534 2670 αὐτοὺς,
1598 2606 1730 2675 πρὸς
1767 2606 1858 2659 τὸν

283 2708 444 2778 δχλον
477 2707 713 2759 ποιεῖται
744 2704 834 2755 τὸν
868 2702 1048 2769 λόγον.

358 2798 456 2851 Διά
504 2798 553 2850 τί
584 2795 693 2848 τῶν
723 2793 1037 2847 ἀποστόλων
1085 2790 1347 2844 εἰπόντων
1378 2789 1458 2842 ὅτι
1501 2790 1547 2843 oi
1579 2789 1861 2858 Φαρισαῖοι

286 2887 810 2956 ἐσκανδαλίσθησαν,
841 2881 995 2937 εἶπεν
1024 2884 1205 2945 αὐτὸς,
1242 2883 1447 2949 Ἅφετε
1476 2882 1730 2945 αὐτούς·
1763 2882 1860 2934 ἀλ·-

285 2981 453 3052 λαχοῦ
499 2981 555 3034 δὲ
605 2980 851 3048 φαίνεται
905 2976 1093 3029 είπών·
1130 2975 1262 3028 Ἵνα
1297 2972 1364 3025 δὲ
1402 2972 1487 3041 μὴ
1531 2971 1862 3026 σκανδαλί-

288 3088 490 3139 σωμεν
518 3069 776 3134 αὐτοὺς;
817 3068 943 3119 Ὅτι
987 3065 1102 3118 ἐστι
1133 3063 1322 3133 καιρός
1345 3079 1360 3094 ·
1395 3063 1486 3114 xal.
1521 3059 1658 3114 οἶδεν
1700 3063 1864 3126 αὐτὸς

290 3164 421 3219 πότε
478 3162 552 3234 μὴ
593 3161 983 3232 καταφρονεῖν·
1023 3157 1126 3230 χρὴ
1175 3157 1358 3229 μέντοι
1401 3156 1552 3226 ὁρᾷν,
1598 3154 1693 3209 καὶ
1737 3155 1934 3232 atavo

290 3254 524 3322 εὐλόγως
558 3249 1054 3313 σκανδαλίζωνται,
1100 3249 1307 3317 ταχέως
1349 3247 1544 3307 αὐτοὺς
1579 3244 1860 3314 διορθοῦνο

289 3347 419 3399 ὅταν
448 3344 503 3396 δὲ
531 3344 760 3412 ἀλόγως,
796 3343 875 3404 είς
903 3339 1054 3393 οὐδὲν
1084 3337 1243 3391 τοῦτο
1267 3335 1600 3404 λογίζεσθαι.

361 3452 461 3506 Διά
486 3452 537 3504 τί
562 3453 642 3514 είς
685 3450 801 3503 ὁδὸν
835 3447 1002 3502 ἐθνῶν
1041 3445 1166 3509 τοὺς
1195 3443 1443 3516 μαθητὰς
1483 3443 1558 3513 μὴ
1587 3440 1863 3506 ἀπελθεῖν,

291 3548 454 3612 αὐτὸς
519 3547 770 3616 φαίνεται
809 3547 888 3607 είς
926 3543 993 3596 τὰ
1060 3543 1202 3612 μέρη
1253 3539 1432 3610 Τύρου
1489 3539 1584 3591 καὶ
1631 3538 1858 3601 Σιδῶνος

291 3637 500 3703 nam;
538 3635 635 3688 Διὰ
653 3635 778 3698 τοὺς
825 3633 1111 3695 Ἰουδαίους
1145 3631 1493 3699 διδαχθέντας
1522 3630 1616 3682 καὶ
1651 3628 1724 3700 μὴ
1773 3646 1869 3682 πε-

291 3727 674 3792 πιστευκότας,
701 3728 813 3785 τοῖς
854 3724 1062 3778 ἔθνεσιν
1086 3723 1294 3789 ἀνοῖξαι
1322 3721 1492 3793 θύραν
1510 3720 1614 3791 ὀδῷ
1639 3720 1867 3792 προΰαί-

292 3839 429 3875 νων.
515 3862 522 3868 -

368 3915 410 3965 Τ
418 3915 524 3976 ίνος
538 3913 724 3965 ἕνεκεν
738 3909 930 3973 εἰπὼν,
947 3908 1148 3980 κραζού
1157 3927 1253 3978 σης
1267 3909 1362 3976 τῆς
1378 3904 1710 3966 Χαναναίας,
1727 3902 1873 3974 πρῶο

253 4061 256 4064 .
292 4024 386 4060 τον
407 4006 508 4075 μὲν
534 4005 632 4058 οὐκ
653 4001 927 4072 ἀπεκρίθη
939 4003 1076 4068 αὐτῇ
1089 4001 1267 4067 λόγον,
1287 4001 1374 4052 ὅτε
1390 3999 1444 4051 δὲ
1460 3999 1552 4051 καὶ
1572 3997 1868 4066 ἀπεκρίθη,

293 4095 501 4165 ἄπορόν
543 4113 596 4148 τι
643 4092 914 4163 ἀπεκρίθη
961 4092 1130 4161 αὐτῇς
1162 4091 1262 4143 Διά
1293 4091 1390 4159 τῆς
1431 4089 1590 4156 σιγῆς
1619 4090 1714 4140 καὶ
1761 4087 1871 4138 τῶν

294 4187 554 4240 τοιούτων
616 4185 789 4252 λόγων
839 4181 1186 4236 ἐκκαλεῖσθαι
1231 4181 1323 4233 καὶ
1379 4178 1549 4244 δεῖξαι
1623 4178 1701 4248 τῷ
1757 4175 1873 4246 λαῷ

292 4280 358 4332 τὸ
403 4277 682 4347 πρόθυμον
727 4275 898 4344 αὐτῆς
927 4272 1229 4345 βουληθεὶς,
1257 4271 1330 4334 ὡς
1363 4268 1754 4340 προγινώσκων
1783 4267 1873 4321 τὸν

295 4371 498 4439 θερμὸν
523 4369 691 4437 θυμὸν
713 4367 905 4436 αὐτῆς.

372 4466 470 4518 Διά
517 4464 590 4528 τί,
636 4461 944 4534 κραζούσης
975 4459 1168 4527 αὐτῆς,
1204 4459 1249 4510 οἱ
1281 4454 1570 4508 ἀπόστολοι
1597 4454 1869 4517 εἰπόντες,

309 4557 658 4611 Ἀπόλυσον
700 4552 918 4619 αὐτὴν,
967 4551 1067 4620 οὐχ
1115 4548 1561 4619 ὐπηκούσθησαν,
1615 4545 1730 4598 ἀλλ’
1782 4545 1872 4598 ὅτε

297 4647 438 4717 αὐτὴ
470 4646 640 4699 πολλὰ
681 4643 910 4713 ἑδεήθης
943 4644 1066 4694 ’Ὁτι
1108 4641 1354 4712 βούλεται
1383 4642 1509 4701 τοὺς
1540 4637 1872 4700 ὑπευθύνους

298 4736 499 4798 αὐτοὺς
540 4733 681 4806 ὑπὲρ
711 4732 915 4797 αὐτῶν,
950 4731 1066 4784 ἀλλ’
1103 4732 1200 4800 οὐχ
1247 4729 1464 4799 ἐτέρους
1502 4727 1703 4799 μᾶλλον
1735 4725 1871 4794 ὑπὲρ

299 4828 525 4883 ἐκείνων
554 4826 789 4880 δέεσθαι.

371 4938 471 4990 Διὰ
499 4936 552 4988 τί
579 4938 644 5005 τῇ
680 4935 777 5004 μὲν
812 4933 1097 5003 Χαναναία
1141 4932 1423 5003 κραζούσῃ
1458 4931 1607 4999 μόλις
1633 4930 1879 4999 ὑπήκου-

301 5047 415 5093 σεν,
462 5031 574 5092 τοῖς
601 5029 658 5081 δὲ
706 5025 1020 5080 ἀνελθοῦσιν
1047 5027 1126 5087 είς
1167 5025 1230 5077 τὸ
1265 5024 1391 5093 δρος
1424 5022 1624 5084 εὐθέως
1654 5020 1729 5089 μὴ
1757 5019 1878 5088 δεη-

300 5120 504 5183 θείσιν;
543 5118 655 5187 Οὐχ
697 5117 780 5169 ὅτι
816 5115 1110 5186 κρείσσονα
1136 5113 1317 5166 πίστιν
1342 5109 1509 5181 εἶχον,
1532 5109 1646 5163 ἀλλ’
1674 5109 1761 5162 ἴνα
1789 5111 1879 5161 ὲκ-

301 5209 444 5282 κόψῃ
466 5214 564 5280 τὴν
605 5209 910 5277 πρόφασιν·
955 5207 1065 5275 ὅσῳ
1093 5206 1202 5273 γὰρ
1229 5205 1293 5258 ἀν
1329 5221 1415 5266 τις
1447 5202 1631 5273 μεῖζον
1653 5199 1877 5270 εὐεργε-

297 5295 480 5371 τῆταιῗ
517 5297 772 5352 τοσοῦτον
825 5295 1152 5360 ὑπεύθυνος,
1214 5294 1288 5365 μὴ
1339 5293 1572 5364 θελήσας
1623 5291 1878 5359 γενέσθαι

304 5394 530 5465 βελτίων
560 5391 778 5445 ἑαυτοῦ.

377 5501 444 5554 Τί
501 5501 700 5570 δήποτε
759 5501 960 5571 ἀρτίως
1021 5498 1122 5550 οὐκ
1173 5490 1346 5554 εἷπον,
1411 5491 1705 5545 ’Δπόλυσον
1755 5487 1880 5552 τοὺς

304 5595 514 5667 δχλους,
549 5595 598 5646 οἱ
630 5592 943 5650 ἀπόστολοι,
976 5587 1270 5645 καὶταῦτα
1297 5583 1464 5656 τριῶν
1494 5581 1882 5654 παρελθουσῶν

306 5688 562 5760 ἡμερῶν;
601 5686 821 5756 Ἐπειδὴ
860 5687 925 5738 ὲκ
969 5684 1077 5736 τῶν
1116 5681 1398 5750 προτέρων
1425 5678 1605 5746 ἄρτιον
1651 5675 1746 5728 καὶ
1787 5671 1882 5727 τοῦ

305 5780 517 5838 ἐκεῖθεν
559 5779 834 5850 θαύματος
877 5777 1115 5847 βελτίους
1147 5774 1415 5842 ἐγένοντο,
1451 5769 1539 5824 διὰ
1570 5768 1730 5822 τοῦτο
1763 5766 1884 5819 οὐδὲ

1955 586 2105 649 bant,
2143 583 2234 638 sed
2279 599 2468 653 parum
2502 585 2807 648 curabant;
2852 601 3026 653 neque
3052 600 3158 639 non
3215 587 3379 639 lavari
3425 586 3528 638 ali-

1953 675 2082 744 quid
2133 674 2434 740 habebant,
2485 675 2578 730 sed
2609 686 2668 729 ut
2719 676 3066 746 contingebat
3114 685 3405 745 utrumque
3445 677 3526 729 fa-

1954 767 2189 822 ciebant.

2029 874 2190 930 \'sns.
2231 877 2282 929 5.
2327 875 2577 931 Christus
2627 891 2734 930 non
2777 875 2909 930 dicit
2947 891 3042 930 eos
3091 876 3227 930 bene
3259 884 3351 929 aut
3382 877 3523 928 male

1954 981 2146 1033 agere;
2178 966 2327 1034 prius
2358 968 2597 1034 quidem,
2633 982 2698 1019 ne
2729 966 2988 1035 apostolis
3022 967 3190 1033 legem
3224 965 3387 1021 faciat
3416 983 3524 1018 non

1957 1055 2125 1108 lavari
2173 1064 2225 1109 et
2258 1057 2490 1110 audaces
2533 1057 2758 1122 clliciat;
2805 1058 3078 1126 posterius
3110 1066 3313 1119 autem,
3351 1072 3418 1111 ne
3445 1074 3531 1110 sc-

1957 1148 2173 1200 niorum
2223 1147 2394 1216 legem
2444 1151 2752 1214 conﬁrmet,
2799 1151 3106 1206 ablutiones
3141 1151 3264 1205 dico
3291 1161 3346 1204 et
3382 1151 3530 1203 lava-

1957 1236 2153 1291 tioncs.
2198 1238 2313 1291 Non
2363 1247 2585 1294 accusat
2639 1241 2882 1295 seniores
2934 1249 2995 1294 ut
3038 1240 3172 1310 legis
3215 1240 3530 1305 violatores,

1956 1328 2052 1383 sed
2077 1329 2145 1383 ad
2175 1329 2334 1382 aliam
2367 1330 2849 1398 interrogationem
2878 1332 3093 1386 transit.

2033 1511 2195 1567 Vatis.
2232 1512 2284 1566 5.
2323 1513 2461 1578 Quid
2494 1523 2576 1567 est
2607 1512 2774 1580 illud,
2815 1513 3120 1584 Quicunque
3158 1513 3350 1566 dixerit
3394 1515 3536 1581 patri

1958 1613 2044 1653 aut
2071 1600 2231 1652 matri
2262 1617 2281 1655 :
2313 1600 2505 1652 Munus
2551 1601 2690 1668 quod
2722 1611 2799 1654 est
2834 1617 2897 1653 ea;
2929 1616 3028 1661 me,
3067 1601 3159 1652 tibi
3188 1600 3452 1668 proderit;
3485 1611 3532 1652 et

1960 1704 2063 1740 non
2119 1687 2488 1754 houoriﬁcabit
2532 1699 2730 1754 patrem
2775 1704 2925 1740 suam
2968 1696 3059 1739 aut
3097 1698 3313 1739 matrem
3343 1686 3536 1738 suam?

1959 1780 2036 1831 Ita
2071 1779 2431 1847 intelligitur:
2476 1778 2818 1833 lnstruebant
2845 1779 3071 1846 juvenes
3103 1779 3322 1847 pietatis
3360 1778 3539 1846 Specie

1957 1880 2306 1924 contemnere
2357 1878 2640 1938 parentes;
2673 1869 2743 1921 ita
2787 1877 2864 1932 ut,
2894 1869 2938 1921 si
2964 1870 3088 1938 quis
3138 1869 3343 1923 diceret
3381 1867 3490 1920 tilio
3521 1887 3533 1922 :

1956 1960 2030 2013 Da
2065 1961 2195 2012 mibi
2239 1961 2378 2014 banc
2424 1976 2578 2014 ovem
2614 1975 2775 2028 quam
2823 1959 2992 2011 babes
3044 1966 3138 2010 aut
3170 1957 3394 2010 vitulum
3443 1967 3537 2011 aut

1956 2049 2102 2101 aliud
2137 2048 2288 2118 quid,
2323 2048 2675 2116 responderet
2708 2049 2846 2116 patri
2877 2047 3044 2102 ﬁlius:
3088 2046 3284 2100 Munus
3313 2054 3395 2100 est
3427 2045 3537 2098 Deo

1957 2139 2089 2193 illud
2125 2138 2269 2208 quod
2307 2140 2388 2192 vis
2421 2146 2479 2191 ut
2514 2154 2580 2192 ex
2613 2154 2697 2191 me
2738 2138 2833 2191 tibi
2867 2137 3056 2206 prosit,
3087 2145 3142 2191 et
3173 2152 3277 2190 non
3311 2151 3532 2204 possunt

1957 2231 2092 2283 illud
2121 2231 2254 2283 dare
2283 2230 2408 2294 tibi,
2442 2237 2495 2282 et
2527 2228 2722 2297 duplex
2762 2227 2966 2281 malum
2997 2237 3180 2296 ageret
3209 2247 3222 2280 :
3266 2242 3390 2280 nam
3423 2242 3534 2280 non

1959 2319 2068 2374 Deo
2098 2321 2420 2384 oder-ebant,
2444 2330 2496 2373 et
2526 2328 2776 2388 parentes
2808 2319 3082 2387 postulato
3121 2317 3411 2373 oblationis
3437 2332 3536 2370 no-

1958 2408 2104 2462 mine
2131 2409 2438 2478 privabant,
2467 2425 2634 2462 unum
2664 2424 2757 2477 per
2779 2408 2944 2461 alium
2977 2407 3334 2470 offendentes,
3367 2407 3532 2458 Deum

1957 2519 2054 2572 per
2094 2511 2370 2572 parentes,
2401 2510 2456 2555 et
2506 2509 2759 2570 parentes
2795 2515 2889 2569 per
2920 2499 3112 2554 Deum.
3147 2498 3239 2556 Sic
3281 2499 3536 2570 linquens

1959 2609 2073 2659 eos,
2101 2597 2166 2647 ad
2202 2593 2414 2647 turbam
2447 2606 2758 2647 sermonem
2789 2590 2996 2661 dirigit.

2034 2771 2200 2828 Vens.
2240 2772 2328 2827 l2.
2368 2771 2477 2826 Cur
2512 2771 2774 2839 apostolis
2824 2772 3129 2828 dicentibus
3165 2775 3306 2843 quod
3345 2774 3536 2831 Pbart~

1963 2864 2056 2917 sati
2088 2863 2439 2918 scandalizati
2475 2863 2604 2925 sint,
2642 2863 2817 2930 inquit
2848 2863 2937 2915 ille
2970 2881 2980 2916 :
3021 2861 3187 2916 Sinite
3221 2864 3376 2927 illos;
3407 2867 3538 2921 alibi

1964 2966 2144 3008 autem
2195 2955 2470 3008 invenitur
2519 2954 2708 3008 dicens
2760 2973 2772 3006 :
2829 2952 2912 3006 Ne
2941 2953 3058 3007 illos
3083 2956 3540 3010 scandalizemus?

1965 3046 2100 3112 Quia
2147 3055 2525 3114 opportunitas
2579 3045 2842 3113 postulat,
2893 3058 2948 3099 et
2992 3047 3095 3100 scit
3127 3047 3217 3101 ille
3261 3064 3540 3118 nunquam

1967 3148 2334 3194 contemnere.
2375 3135 2597 3208 Oportet
2634 3149 2811 3192 tamen
2850 3140 3056 3205 videre,
3102 3148 3156 3193 et
3179 3144 3396 3208 quando
3431 3158 3540 3193 me-

1968 3231 2070 3282 rito
2113 3229 2570 3293 scandalizentur,
2603 3227 2853 3282 celeriter
2893 3244 2987 3282 eos
3029 3230 3286 3295 relevare,
3321 3233 3540 3300 quando

1967 3329 2146 3374 autem
2174 3319 2467 3382 immerito,
2504 3333 2598 3388 pro
2627 3319 2800 3372 nihilo
2830 3319 2881 3372 id
2914 3329 3184 3388 reputare.

2040 3428 2205 3484 Vens.
2239 3429 2328 3482 2|.
2366 3427 2496 3495 Cur,
2543 3443 2668 3482 cum
2711 3427 2911 3482 dixerit
2954 3428 3242 3497 discipulis
3273 3443 3379 3483 non
3413 3439 3542 3484 cant

1967 3523 2032 3577 ad
2065 3522 2205 3576 viam
2238 3521 2500 3591 gentium,
2531 3521 2645 3589 ipse
2678 3521 2888 3573 videtur
2916 3520 2970 3573 in
3000 3529 3182 3588 partes
3213 3519 3338 3592 Tyri
3367 3530 3421 3574 et
3454 3521 3540 3574 Si-

1967 3614 2125 3669 donis
2175 3613 2288 3667 irc?
2323 3610 2552 3681 Propter
2579 3611 2792 3664 Judaees
2821 3610 3046 3666 edoctus
3087 3622 3140 3664 et
3169 3626 3278 3664 non
3314 3612 3542 3666 creden-

1971 3716 2072 3770 tes,
2105 3705 2360 3777 gentibus
2382 3704 2607 3774 januam
2643 3702 2858 3772 aperire
2890 3701 2995 3756 hoc
3029 3701 3228 3757 itinere
3261 3703 3470 3772 incipit.

2046 3891 2211 3947 Vsus.
2278 3892 2368 3946 2'5.
2435 3890 2606 3959 Cujus
2652 3903 2841 3950 causa,
2895 3887 3164 3942 clamante
3196 3884 3542 3951 Chananaea,

1971 3984 2148 4054 primo
2176 3984 2393 4053 quidem
2427 3997 2534 4034 non
2570 3979 2847 4048 respondit
2878 3979 2953 4031 illi
2981 3979 3247 4040 verbum;
3279 3991 3402 4030 cuin
3443 3993 3542 4029 au-

1973 4082 2079 4127 tem
2116 4073 2414 4142 respondit,
2445 4073 2642 4125 durum
2687 4069 2960 4138 quoddam
2993 4065 3546 4136 illi'respondit?Per

1973 4165 2250 4220 silentiqu
2301 4172 2358 4218 et
2401 4163 2528 4216 talia
2579 4162 2745 4215 verba
2773 4160 3010 4214 excitare
3041 4170 3096 4212 et
3135 4159 3332 4228 popqu
3359 4167 3546 4211 osten-

1973 4261 2103 4313 dere
2129 4256 2249 4324 ejus
2277 4253 2528 4308 ardorem
2565 4251 2798 4313 volebat,
2835 4259 2894 4303 ut
2933 4263 3277 4317 pmtwscens
3324 4247 3540 4301 ferven-

1976 4360 2081 4404 tem
2110 4347 2230 4412 ejus
2265 4345 2531 4398 animum.
2810 4368 2822 4396 -.

2044 4440 2174 4501 Cur,
2231 4438 2500 4491 clamante
2557 4433 2670 4496 illa,
2719 4431 2953 4502 apostoli
3004 4431 3268 4490 dicentes.
3329 4429 3546 4481 Dimitte

1906 4506 1950 4562 D
1972 4547 2108 4596 earn,
2137 4545 2244 4584 non
2263 4527 2508 4584 exauditi
2539 4535 2687 4592 sunt,
2707 4526 2800 4582 sed
2830 4525 3046 4595 quando
3069 4523 3160 4576 illa
3195 4523 3421 4576 undtuin
3454 4537 3542 4572 ro-

1975 4625 2159 4694 gavit?
2208 4623 2346 4688 Quia
2404 4622 2519 4676 vult
2567 4620 2688 4673 illos
2713 4619 2783 4672 de
2809 4633 2869 4671 se
2895 4618 3124 4670 invicem
3161 4615 3296 4668 bene
3325 4613 3546 4675 mereri,

1975 4716 2067 4772 sed
2092 4732 2200 4770 non
2223 4715 2359 4771 alios
2390 4714 2563 4784 magis
2591 4727 2688 4783 pro
2729 4711 2851 4765 aliis
2875 4723 3087 4778 rogare.

2047 4921 2158 4977 Cur
2207 4927 2532 4975 clamantem
2573 4914 2935 4971 Cbananaeam
2984 4922 3124 4978 aegre
3165 4907 3456 4964 exaudivit.
3498 4915 3552 4958 et

1981 5016 2079 5069 bos
2114 5013 2205 5083 qui
2232 5013 2284 5066 in
2312 5021 2549 5064 montem
2577 5005 2937 5060 ascenderant
2962 4999 3250 5054 ronfeStim
3277 4995 3553 5052 exaudivit

1978 5106 2062 5160 vel
2093 5120 2200 5158 non
2249 5098 2539 5172 rogantes?
2575 5097 2692 5148 Non
2737 5093 2862 5162 quia
2896 5090 3155 5160 majorem
3193 5087 3352 5141 tidem
3386 5087 3552 5137 babe-

1982 5199 2137 5261 bant,
2169 5195 2259 5251 sed
2293 5203 2350 5248 ut
2399 5189 2804 5246 excusationem
2855 5184 3140 5238 adimeret.
3170 5180 3303 5235 Nam
3345 5185 3552 5247 quanto

1982 5288 2160 5357 majus
2210 5285 2407 5354 aliquis
2449 5281 2772 5337 benellcium
2817 5274 3034 5344 accipit,
3071 5280 3219 5326 tanto
3248 5269 3306 5322 ﬁt
3331 5268 3556 5337 majoris

1981 5380 2216 5437 debitor.

2053 5491 2224 5545 Vens.
2265 5487 2354 5544 32.
2392 5484 2530 5553 Quid
2559 5480 2845 5540 confestim
2881 5494 2986 5533 non
3013 5476 3268 5532 dixerunt
3299 5471 3552 5542 apostoli,

1984 5584 2206 5639 Dimitte
2238 5580 2447 5641 turbas,
2483 5577 2574 5632 sed
2607 5589 2730 5630 cum
2759 5573 2872 5643 jam
2908 5569 3241 5626 eﬂluxissent
3271 5566 3383 5620 dies
3411 5564 3558 5617 tres?

1985 5675 2125 5742 Quia
2172 5689 2235 5728 ex
2283 5685 2483 5741 panum
2535 5667 2728 5740 priori,
2756 5674 2809 5720 et
2841 5679 2906 5718 ex
2930 5663 3032 5717 isto
3076 5657 3360 5731 posmriori
3394 5655 3559 5708 mira-

1987 5766 2112 5821 culo
2140 5763 2396 5820 meliores
2444 5758 2568 5814 lacti
2623 5763 2815 5819 erant;
2875 5753 2996 5807 ideo
3040 5764 3146 5804 non
3195 5747 3385 5803 dicunt
3415 5742 3558 5811 quod
