4026 6436
550 349 690 418 1123

1258 339 1644 406 OPUSCULA
1688 336 2323 398 SCRIPTURISTICA
2364 336 2714 399 ΙΝΟΕΗΤίΕ
2738 340 3059 419 ολΕΤΑΤΙΞ.

3671 340 3804 408 illi

546 463 603 517 in
645 474 887 532 quinque
939 457 1192 530 panibus,
1250 455 1391 536 Quid
1451 455 1568 511 haec
1622 460 1752 508 sunt
1805 449 1944 507 inter
2002 460 2125 507 tan-

2246 448 2481 516 λέγουσιν
2525 449 2661 521 ὅπερ
2714 452 2810 505 ἐπὶ
2863 451 2974 506 τῶν
3024 449 3185 504 πέντε
3240 450 3441 522 ἄρτων,
3486 454 3565 506 ὅτι
3606 456 3716 508 ιιίιὶ
3749 458 3804 511 τί

548 564 635 612 tos
650 553 675 608 2

625 646 791 701 Vens.
813 644 904 700 34.
926 640 1311 712 Apostolorum
1329 636 1686 708 temperantia
1707 653 1772 691 ex
1799 636 1903 689 hoc
1923 634 2123 699 elucet,

548 736 693 806 quod
740 743 846 788 tam
880 731 1035 787 multi
1077 731 1181 785 viri
1226 746 1351 785 cum
1383 738 1587 794 essent,
1626 729 1679 782 in
1709 728 1888 782 aliena
1932 734 1987 781 et
2028 726 2125 781 de-

550 836 691 882 serta
723 834 889 887 terra,
920 822 1163 892 quinque
1190 836 1358 890 panes
1390 821 1569 875 solum
1592 818 1889 873 habebant.

618 913 786 968 Vens.
837 914 926 968 37.
985 913 1095 967 Cur
1152 915 1206 967 in
1256 911 1501 981 quinque
1558 909 1803 964 millibus
1862 907 2124 971 virorum,

548 1017 745 1077 przeter
794 1007 1052 1061 mulieres
1082 1013 1136 1059 et
1180 1020 1401 1076 pueros,
1451 1004 1741 1059 duodecim
1769 1002 1988 1072 cophini
2032 1016 2128 1055 su-

550 1110 877 1167 peraverunt
919 1102 983 1152 ex
1024 1097 1267 1167 quinque
1296 1097 1548 1167 panibus,
1595 1096 1683 1149 hic
1727 1110 1858 1149 vero
1905 1095 1958 1147 in
1997 1108 2131 1162 qua-

551 1201 677 1243 tuor
713 1189 977 1254 millibus,
1010 1205 1042 1244 e
1087 1198 1296 1258 septem
1344 1189 1579 1257 panibus
1633 1194 1840 1255 septem
1894 1184 2133 1253 sportze?

550 1279 847 1334 Dicendum
895 1295 1031 1335 sane
1084 1290 1172 1335 est
1229 1289 1446 1350 sportas
1499 1278 1669 1332 fuisse
1723 1278 1973 1346 cophinis
2017 1291 2132 1329 ma—

549 1368 732 1438 jores;
778 1386 843 1423 ne
869 1370 1157 1437 aequalitas
1200 1371 1254 1424 in
1297 1369 1464 1425 simili
1500 1368 1770 1423 miraculo
1800 1368 1854 1420 in
1898 1366 2132 1419 oblivio-

553 1476 676 1514 nem
725 1476 817 1514 eos
866 1461 1093 1516 inducat
1127 1464 1312 1526 unius,
1364 1460 1622 1515 dilferens
1669 1459 1846 1513 factus
1893 1465 1977 1513 est
2031 1473 2135 1511 nu-

553 1567 739 1606 merus
768 1566 957 1605 eorum
983 1567 1104 1621 qua:
1140 1560 1552 1622 superaverant.

630 1642 796 1697 Vens.
832 1643 923 1699 59.
953 1642 1035 1699 Ob
1060 1644 1112 1698 id
1139 1643 1420 1697 dimittens
1448 1658 1564 1705 eos,
1590 1643 1641 1695 in
1668 1641 1972 1696 naviculam
2003 1655 2136 1694 con-

553 1721 785 1800 scendit,
819 1751 885 1790 ne
907 1737 1057 1789 illum
1092 1744 1458 1805 sequerentur
1493 1751 1507 1789 :
1539 1735 1740 1789 etenim
1767 1734 2020 1788 volebant
2049 1747 2133 1786 re-

2232 540 2419 595 ταῦτά
2442 541 2615 595 ἐστιν
2640 544 2730 607 εις
2756 543 3117 609 τοσούτους-ς

2299 633 2376 687 Τὸ
2423 634 2690 705 ἐγκρατὲς
2736 635 2845 689 τῶν
2879 636 3197 690 ἀποστόλων
3227 637 3320 690 καὶ
3355 638 3421 690 ἐκ
3457 639 3645 690 τούτου
3695 637 3805 691 δεί-

2230 742 2447 791 κνυται,
2491 728 2573 780 ὅτι
2617 729 2887 782 τοσούτων
2917 728 3088 783 ὄντων
3139 728 3348 800 ἀνδρῶν
3384 732 3475 783 ἐπὶ
3518 729 3676 802 ξένης
3715 732 3808 785 καὶ

2228 818 2488 888 ἐρημίας,
2518 818 2677 872 πέντε
2702 822 2899 891 ἄρτους
2931 822 3091 890 μόνον
3119 816 3282 891 εἶχον.

2300 907 2398 960 Διά
2423 909 2475 961 τί
2502 909 2594 962 ἐπὶ
2632 911 2730 979 μὲν
2754 911 2866 965 τῶν
2893 911 3350 981 πεντακισχιλίων
3375 912 3602 983 ἀνδρῶν,
3634 912 3809 984 χωρὶς

2227 998 2371 1067 λέγω
2396 1001 2676 1067 γυναικῶν
2709 1004 2804 1055 καὶ
2832 1003 3081 1069 παιδίων,
3106 1001 3311 1056 δώδεκα
3341 1003 3550 1071 κόφινοι
3586 1003 3810 1074 περιέσ-

2232 1107 2431 1144 σευσαν
2464 1092 2625 1145 πέντε
2666 1092 2843 1158 ἄρτων
2873 1093 3066 1155 ὄντων,
3094 1093 3327 1147 ἐνταῦθα
3365 1093 3422 1146 δὲ
3454 1110 3809 1163 τετρακισχι-

2230 1179 2359 1233 λίων
2405 1182 2594 1249 ὄντων,
2648 1184 2743 1237 καὶ
2789 1183 2928 1237 ἑπτὰ
2975 1184 3158 1254 ἀρτων
3204 1183 3346 1238 ἐπτά
3400 1186 3692 1256 σπυρίδες;
3740 1184 3809 1239 ἸΙ

2231 1275 2409 1328 τοίνυν
2453 1276 2601 1331 ἔστιν
2653 1279 2830 1331 εἰπεῖν
2881 1279 2963 1332 ὅτι
3012 1279 3068 1333 αἱ
3106 1280 3361 1350 σπυρίδες
3410 1280 3519 1333 τῶν
3571 1279 3811 1348 κοφίνων

2236 1364 2452 1434 μείζους
2473 1362 2636 1437 ἦσαν,
2668 1368 2757 1421 ἵνα
2780 1368 2856 1438 μὴ
2879 1370 2911 1438 ἡ
2943 1368 3128 1438 ἰσότης
3155 1368 3250 1421 τοῦ
3277 1370 3505 1438 σημείου
3533 1370 3611 1431 είς
3640 1368 3813 1439 λήθην

2233 1456 2431 1521 αὐτοὺς
2461 1458 2676 1532 ἐμϐάλῃ
2703 1457 2796 1511 τοῦ
2832 1460 2950 1522 ἐνὸς
2981 1458 3235 1530 διάφορος
3265 1459 3487 1529 γέγονεν
3518 1460 3546 1511 ό
3578 1458 3813 1529 ἀριθμὶς

2233 1553 2736 1622 περισσευσάντων.

2304 1644 2405 1697 Διά
2448 1643 2605 1697 τοῦτο
2647 1645 2807 1713 ἀφεὶς
2838 1645 3062 1709 αὐτοὺς,
3091 1646 3171 1712 είς
3212 1644 3392 1697 πλοῖον
3422 1642 3691 1714 εἰσῆλθεν,
3730 1642 3815 1697 ἵνα

2238 1738 2313 1809 μὴ
2344 1738 2789 1809 ἁκολουθήσωσιν
2813 1738 2961 1810 αὐτῷ
2982 1756 2996 1770 ·
3025 1738 3121 1791 καὶ
3164 1737 3273 1809 γὰρ
3302 1737 3491 1808 ῆθελον
3523 1736 3691 1790 αὑτὸν
3719 1737 3817 1806 βα-

558 1842 680 1895 gem
706 1842 829 1881 eum
863 1826 1072 1893 facere;
1103 1826 1316 1897 fugiens
1347 1826 1510 1897 igitur
1537 1826 1926 1881 dominationis
1956 1824 2132 1880 ambi-

2246 1828 2390 1882 σιλέα
2424 1829 2669 1899 ποιῆσαι.
2707 1827 2931 1895 Φεύγων
2969 1824 3062 1884 οὖν
3102 1829 3198 1882 καὶ
3236 1828 3334 1899 τῆς
3367 1827 3682 1898 τυραννίδος
3720 1827 3818 1899 τὴν

558 1919 782 1983 tionem,
818 1918 939 1974 illos
964 1918 1195 1973 dimisit.

1134 2056 1363 2116 CAPUT
1414 2057 1551 2114 XVI.

628 2184 795 2241 Vens.
838 2184 888 2239 1.
921 2182 1093 2250 Quale
1138 2184 1354 2255 signum
1400 2199 1431 2238 e
1469 2182 1611 2239 caelo
1642 2192 1831 2253 petunt
1857 2199 1887 2238 a
1921 2183 2139 2239 Christo

554 2272 862 2329 Pharisaei?
893 2273 965 2329 Ut
1003 2275 1174 2329 solem
1216 2273 1478 2338 detineat,
1518 2283 1612 2327 aut
1648 2274 1832 2327 lunam
1878 2274 2137 2340 refrenet,

555 2373 651 2417 aut
710 2362 941 2417 fulmina
991 2363 1227 2427 emittat,
1265 2373 1361 2417 aut
1408 2378 1590 2417 aerem
1628 2365 1929 2431 perturbet,
1988 2365 2133 2435 quod

555 2454 723 2508 etiam
754 2455 944 2507 datum
970 2463 1091 2521 est;
1135 2452 1285 2507 aliud
1314 2452 1460 2506 enim
1507 2467 1749 2521 praesens
1782 2463 1864 2508 est
1898 2466 2139 2524 tempus,

560 2549 709 2603 aliud
742 2549 941 2604 futura:
970 2550 1079 2604 diei
1113 2557 1348 2618 tempus,
1402 2549 1625 2618 quando
1679 2549 1784 2604 ista
1842 2549 1993 2604 ﬁent.
2027 2550 2141 2621 Ego

563 2648 749 2694 autem
791 2640 916 2696 dico
950 2640 1101 2694 illum
1138 2637 1390 2709 quamvis
1433 2654 1541 2693 non
1587 2639 2043 2710 obtemperaverit
2076 2642 2141 2698 iis

568 2737 833 2801 tanquam
903 2714 1373 2801 praecipientibus,
1426 2740 1705 2800 postremo
1731 2733 2038 2787 ostendisse
2081 2747 2141 2788 se

557 2816 743 2875 facere
776 2821 862 2875 illa
896 2836 1075 2891 posse.
1103 2821 1197 2874 Sol
1222 2820 1367 2875 enim
1390 2831 1443 2875 et
1476 2820 1605 2875 luna
1629 2822 1969 2876 oblcnebrati
1990 2833 2139 2887 sunt,

562 2922 620 2966 et
648 2921 853 2967 tremor
897 2921 1059 2967 terra;
1116 2911 1298 2967 factus
1347 2920 1452 2979 est,
1498 2920 1550 2967 et
1602 2913 1656 2967 in
1718 2914 1921 2983 templo
1962 2914 2141 2967 Vclum

565 3002 802 3058 scissum
836 3011 940 3057 est.
972 3002 1189 3056 Accidit
1222 3010 1406 3057 autem
1437 3003 1569 3059 solis
1604 3002 1849 3058 defectus
1904 3019 2013 3057 non
2045 3010 2147 3057 ra-‘

567 3094 719 3147 tione
744 3093 1014 3148 naturalis
1042 3095 1284 3164 eclipsis,
1314 3094 1409 3149 sed
1440 3094 1648 3149 ratione
1669 3093 1945 3163 potentiae.

636 3182 804 3238 Vens.
840 3185 893 3239 5.
929 3183 1252 3255 Hypocritas
1282 3199 1377 3240 eos
1425 3191 1604 3249 vocat,
1637 3183 1767 3253 quia
1794 3183 1899 3237 alia
1923 3183 2142 3253 quidem

563 3276 960 3345 loquebantur)
991 3277 1098 3330 alia
1124 3290 1255 3330 vero
1286 3276 1595 3331 sentiebant
1620 3291 1635 3328 :
1656 3274 1729 3329 ob
1761 3274 1901 3329 hanc
1921 3291 2143 3329 causam

562 3384 672 3421 non
704 3366 919 3436 signum
952 3368 1136 3433 dedit;
1171 3382 1279 3421 non
1303 3368 1451 3422 enim
1499 3366 1567 3421 ad
1614 3366 1948 3421 credendum
2005 3375 2146 3436 pete-

562 3458 715 3524 bant,
736 3460 830 3513 sed
848 3458 916 3513 ad
946 3459 1097 3514 illum
1124 3457 1448 3529 capiendum
1474 3474 1489 3524 ;
1521 3472 1648 3513 cum
1677 3458 1830 3512 nullo
1856 3460 2018 3511 modo
2048 3459 2145 3513 de-

563 3551 707 3606 derit
736 3565 862 3604 cum
896 3560 1099 3621 potest,
1128 3553 1220 3621 qui
1243 3551 1380 3605 dicit
1399 3550 1728 3606 Chananaea:
1760 3569 1775 3605 :
1811 3549 1932 3604 Non
1962 3561 2037 3604 est
2063 3551 2148 3603 bo-

567 3657 696 3695 num
725 3658 930 3696 sumere
978 3658 1169 3711 panem
1219 3643 1478 3711 ﬁliorum,
1538 3650 1590 3695 et
1649 3642 1859 3694 mittere
1897 3642 2146 3706 canibus;

561 3745 775 3790 etcum
823 3734 916 3788 illo
938 3734 1175 3795 dicente,
1212 3732 1440 3802 Signum
1483 3730 1640 3785 Iona:
1690 3733 1953 3801 prophetae
2005 3733 2146 3785 vobis

565 3825 803 3888 dabitur,
836 3838 942 3878 non
976 3824 1311 3893 interrogent
1339 3822 1623 3894 quodnam
1656 3822 1796 3877 forte
1823 3833 1988 3877 esset.
2020 3824 2145 3879 ldco

567 3913 660 3967 ille
688 3912 891 3966 relictis
923 3913 1030 3968 illis
1062 3913 1218 3966 abiit.

643 4000 814 4056 Vens.
838 4001 892 4055 6.
926 3999 1116 4056 Cavete
1160 4018 1193 4055 a
1224 4001 1479 4071 fermento
1508 3999 1928 4069 Pharisaeorum,
1961 4002 2014 4055 id
2041 4010 2144 4071 est,

568 4091 638 4147 ab
671 4107 862 4146 eorum
892 4092 1166 4148 doctrina.

644 4181 811 4237 Vens.
838 4180 892 4235 8.
921 4180 1065 4247 Quid
1109 4182 1346 4237 intendit
1368 4181 1561 4236 dicens
1596 4180 1883 4249 apostolis,
1921 4179 2147 4233 Modica:

566 4274 691 4343 fidei
709 4275 735 4329 7
758 4274 885 4328 Illos
914 4274 1189 4346 objurgat,
1217 4289 1328 4330 non
1355 4275 1503 4330 enim
1549 4272 1753 4343 ubique
1781 4271 2145 4327 mansuetudo

571 4365 774 4418 bonum
807 4372 913 4420 est.

2239 1917 2496 1987 ὑποψίαν,
2521 1917 2732 1988 ἀφῆκεν
2754 1917 2974 1981 αὐτούς.

2808 2062 3063 2116 nens.
3115 2062 3234 2129 ις’.

2315 2190 2475 2244 Ποῖον
2527 2190 2752 2259 σημεῖον
2805 2189 2865 2254 ἐξ
2897 2187 3129 2260 οὐρανοῦ
3165 2186 3419 2257 ζητοῦσιν
3460 2186 3509 2240 οἱ
3534 2188 3821 2258 Φαρισαῖοι

2240 2278 2330 2331 τὸν
2361 2278 2630 2349 Χριστὸν;
2664 2278 2782 2331 Ἵνα
2816 2278 2991 2347 στήσῃ
3031 2276 3121 2327 τὸν
3166 2276 3338 2344 ἥλιον,
3371 2274 3404 2342 ἢ
3448 2274 3545 2343 τὴν
3590 2274 3820 2343 σελήνην

2241 2366 2539 2438 χαλινὼση,
2572 2366 2605 2435 ἢ
2640 2364 2946 2435 κεραυνοὺς
2988 2363 3319 2433 κατενέγκῃ,
3351 2362 3384 2432 ἢ
3415 2362 3507 2414 τὸν
3547 2363 3689 2431 ἀέρα
3721 2378 3818 2431 με·

2244 2458 2481 2531 ταὸἀλη.
2506 2459 2535 2511 ὂ
2557 2459 2651 2510 καὶ
2688 2457 2899 2511 δέδοται
2919 2469 2933 2484 °
2968 2454 3126 2517 ἀλλος
3151 2455 3257 2526 γὰρ
3289 2456 3317 2507 ὁ
3357 2453 3449 2506 νῦν
3478 2453 3691 2522 καιρὸς,
3728 2452 3819 2505 κιὶ

2241 2551 2398 2613 ἄλλος
2424 2552 2452 2602 ό
2474 2552 2574 2621 τῆς
2599 2546 2900 2619 μελλούσης
2926 2546 3161 2616 ἡμέρας,
3190 2545 3278 2597 ὅτε
3298 2543 3470 2597 ταῦτα
3498 2544 3816 2613 γενήσεται·

2241 2641 2354 2711 ἐγὼ
2391 2641 2447 2693 δέ
2498 2656 2641 2710 φημι
2689 2638 2770 2691 ὅτι
2803 2636 2906 2692 κᾶν
2951 2635 3027 2708 μὴ
3075 2635 3239 2698 εὐθὺς
3289 2635 3595 2705 ὑπήκουσεν
3644 2633 3819 2686 αὐτῶν

2243 2731 2434 2802 ὥσπερ
2472 2728 2945 2802 προστασσόντων,
2982 2727 3209 2797 ὕστερον
3252 2726 3451 2791 ἔδειξεν
3479 2726 3562 2779 ὃτι
3594 2726 3818 2780 δύναται

2244 2825 2446 2877 ποιεῖν·
2474 2821 2627 2891 ἥλιος
2651 2819 2758 2889 γὰρ
2780 2818 2877 2873 καὶ
2905 2818 3102 2889 σελήνη
3133 2816 3445 2887 ἐσκοτίσθη,
3474 2817 3566 2869 καὶ
3600 2817 3818 2885 σεισμὸς

2244 2914 2457 2982 γέγονε·
2490 2913 2585 2965 καὶ
2622 2912 2681 2965 es
2711 2914 2768 2965 ἐν
2814 2909 2895 2980 τῷ
2924 2910 3055 2981 ἱερῷ
3085 2910 3487 2980 καταπέτασμα
3513 2908 3813 2978 διεσχίσθη·

2242 3005 2439 3072 γέγονε
2484 3003 2542 3055 δὲ
2585 3003 2645 3055 τὸ
2674 3001 2769 3055 τοῦ
2820 3001 2972 3073 ἡλίου
3023 3001 3197 3064 πάθος
3234 3001 3297 3053 οὐ
3341 3000 3484 3070 λόγῳ
3526 2999 3817 3067 ἐκλείψεως

2171 3144 2216 3205 C
2249 3094 2509 3164 φυσικῆς,
2545 3092 2682 3147 ἀλλὰ
2708 3092 2853 3162 λόγῳ
2882 3090 3182 3161 δυνάμεως.

2331 3184 2663 3255 ’Υποκριτὰς
2705 3184 2762 3236 δὲ
2808 3183 3006 3246 αὐτοὺς
3039 3182 3196 3236 καλεῖ
3226 3182 3308 3235 δτι
3357 3182 3518 3252 ἕτερα
3564 3181 3667 3252 μέν
3699 3180 3816 3234 tioi-

2243 3276 2389 3343 λουν,
2420 3277 2582 3347 ἕτερα
2608 3276 2667 3329 δὲ
2701 3275 2983 3348 ἐφρόνουν·
3020 3275 3108 3328 διὰ
3142 3275 3301 3329 τοῦτο
3331 3275 3450 3328 οὐδὲ
3480 3274 3685 3327 δέδωκε
3724 3291 3817 3342 σηο

2248 3370 2417 3440 μεῖον·
2450 3368 2511 3421 οὐ
2550 3367 2661 3439 γὰρ
2699 3366 2788 3421 διὰ
2814 3368 2876 3421 τὸ
2908 3366 3200 3421 πιστεῦσαι
3238 3366 3488 3437 ἐζήτουν,
3524 3366 3641 3418 ἀλλ’
3683 3365 3815 3419 ὥστε

2244 3460 2599 3515 ἐπιλαϐέσθαι
2628 3459 2819 3514 αὐτοῦ·
2850 3460 2973 3514 ἐπεὶ
3004 3459 3122 3522 πῶς
3153 3460 3219 3512 ἂν
3251 3460 3351 3512 οὐκ
3375 3459 3577 3512 ἔδωκεν
3606 3462 3636 3512 ό
3666 3459 3816 3511 δυνά-

2248 3569 2428 3624 μενος,
2457 3553 2487 3606 ὁ
2519 3554 2586 3622 τῇ
2614 3552 2898 3623 Χαναναία
2924 3551 3122 3619 λέγων,
3159 3553 3280 3605 Οὐκ
3307 3551 3440 3605 ἔστι
3473 3552 3669 3604 καλὸν
3711 3554 3813 3604 λα-

2245 3644 2371 3697 ϐεῖν
2406 3642 2526 3697 τῶν
2553 3642 2781 3697 τέκνων
2808 3644 2917 3697 τὸν
2952 3643 3138 3711 ἄρτον
3172 3644 3269 3696 καὶ
3323 3643 3533 3697 δοῦναι
3564 3644 3690 3709 τοῖς
3718 3661 3815 3696 κυ-

2244 3736 2501 3803 ναρίοιςς
2530 3736 2624 3787 καὶ
2655 3736 2734 3787 ὅτι
2762 3736 3007 3799 εἰσιόντος
3040 3735 3227 3799 αὐτοῦ,
3268 3736 3339 3790 Τὸ
3365 3735 3621 3804 σημεῖον
3657 3731 3815 3790 Ἰωνᾶ

2245 3824 2355 3878 τοῦ
2398 3823 2708 3892 προφήτου
2751 3824 3071 3893 δοθήσεται
3102 3826 3267 3894 ὑμῖν,
3314 3827 3413 3877 οὐκ
3460 3824 3737 3894 ἐρωτῶσι]
3767 3821 3815 3873 τί

2247 3934 2379 3971 ποτε
2412 3913 2503 3987 ἦν·
2531 3917 2619 3971 διὰ
2646 3915 2809 3970 τοῦτο
2834 3918 2930 3972 καὶ
2946 3918 3108 3980 αὐτὸς
3135 3919 3295 3987 ἀφεὶς
3324 3918 3521 3978 αὐτοὺς
3552 3918 3810 3987 ἀπῆλθεν.

2316 4008 2409 4073 Τὸ,
2447 4009 2783 4078 Προσέχετε
2818 4008 2938 4063 ἀπὸ
2968 4008 3080 4077 τῆς
3104 4008 3287 4077 ζύμης
3323 4008 3442 4062 τῶν
3466 4011 3812 4078 Φαρισαίων,

2244 4098 2356 4153 ἀπὸ
2386 4099 2486 4167 τῆς
2515 4099 2869 4163 διδασκαλίας
2906 4099 3087 4152 αὐτῶν
3123 4100 3291 4167 λέγει.

2316 4189 2382 4241 Τί
2413 4190 2692 4260 οἰκονομεῖ
2720 4191 2779 4242 ἐν
2807 4188 2887 4260 τῷ
2915 4189 3101 4257 λέγειν
3144 4192 3255 4253 τοῖς
3285 4191 3625 4255 ἀποστόλοις,
3676 4193 3813 4245 Ὀλι-

2246 4283 2560 4355 φόπιστοι;
2628 4283 2890 4353 Ἐπιτιμᾷ
2933 4280 3151 4345 αὐτούς·
3210 4283 3270 4335 οὐ
3319 4284 3733 4355 γὰρπανταχοῦ
3781 4283 3810 4350 ἠ

2247 4374 2491 4444 πραότης
2518 4372 2703 4427 καλόν.

649 4452 812 4507 Vens.
843 4452 932 4508 15.
955 4452 1067 4509 Cur
1094 4454 1401 4510 (lassaream
1438 4451 1676 4523 Philippi
1723 4453 2020 4509 deveniens
2067 4452 2143 4506 in-

2320 4464 2421 4519 Διὰ
2466 4466 2519 4517 τί
2566 4467 2645 4530 είς
2694 4465 3035 4537 Καισάρειαν
3067 4466 3164 4537 τὴν
3212 4465 3477 4520 Φιλίππου
3530 4465 3812 4535 ἐπαγαγὼν

568 4554 813 4615 terrogat
836 4559 935 4600 eos
967 4562 981 4598 :
1016 4544 1187 4610 Quem
1213 4562 1295 4599 me
1325 4546 1507 4599 dicunt
1551 4545 1786 4598 Imminet
1832 4545 1980 4597 esse?
2010 4541 2148 4608 Quia

568 4638 758 4704 procul
783 4645 941 4691 erant
971 4635 1101 4689 illia
1126 4634 1329 4690 Judaais
1363 4644 1420 4689 et
1455 4649 1647 4690 eorum
1687 4634 2148 4706 aggressionibus.

570 4726 667 4780 Est
687 4734 868 4780 autem
891 4726 998 4780 alia
1020 4726 1265 4780 Caesarea
1290 4723 1585 4781 Stratonis.
1615 4724 1747 4780 Post
1764 4725 1933 4779 multa
1972 4733 2151 4779 autem

571 4818 837 4873 miracula
877 4818 1206 4886 interrogat;
1248 4826 1304 4871 et
1350 4832 1457 4870 non
1500 4818 1826 4886 interrogat,
1863 4814 2034 4881 Quem
2063 4829 2153 4869 me

570 4907 759 4961 dicunt
789 4905 1035 4960 Scriba?
1079 4907 1171 4961 sed
1204 4907 1409 4961 innoxii
1430 4908 1610 4977 populi
1628 4907 1952 4962 sententiam
1976 4916 2152 4975 rogat.

572 4996 774 5051 Filium
798 5006 979 5051 autem
1010 4997 1247 5052 hominis
1284 5013 1424 5065 saepe
1463 5014 1522 5054 se
1552 4998 1708 5059 dicit.
1745 4997 1933 5051 volens
1968 4996 2152 5049 incar-

575 5087 853 5142 nationem
885 5096 1132 5156 patcnter
1157 5088 1438 5156 cognosci.

657 5269 816 5326 Vens.
856 5270 943 5324 16.
968 5270 1268 5335 Attendite,
1314 5284 1522 5339 quaeso,
1567 5269 1635 5323 ad
1678 5270 1787 5325 vim
1839 5270 2153 5325 verborum.

575 5361 681 5418 Ubi
718 5365 861 5417 enim
890 5364 1126 5417 aliorum
1162 5364 1479 5418 sciscitatus
1514 5372 1599 5417 est
1643 5362 1951 5431 Opiniones,
1998 5366 2155 5419 adhi-

574 5456 694 5510 buit
736 5455 856 5509 Filii
905 5456 1144 5509 heminis
1180 5470 1418 5508 nomen:
1447 5454 1614 5520 Quem
1649 5455 1817 5522 enim,
1849 5456 2043 5525 inquit,
2070 5457 2157 5509 di-

576 5558 699 5600 cunt
731 5547 967 5600 homines
996 5564 1106 5601 esse
1129 5547 1331 5600 Filium
1360 5547 1588 5600 hominis
1609 5548 1634 5600 ?
1669 5547 1769 5602 Ubi
1800 5560 1981 5603 autem
2037 5551 2159 5603 illn-

577 5657 698 5695 rum
730 5642 1058 5697 sententiam
1080 5644 1350 5712 exposcit,
1383 5659 1489 5697 non
1517 5642 1741 5698 adhibet
1766 5644 1889 5700 Filii
1919 5646 2160 5701 hominis

577 5744 797 5784 nomen.
822 5729 963 5797 Quid
983 5732 1152 5787 vero?
1182 5731 1285 5788 Vos
1318 5743 1518 5800 autem,
1541 5748 1690 5802 quem
1720 5750 1797 5788 me
1817 5751 1926 5791 esse
1955 5735 2161 5791 dicitis?

2253 4557 2449 4620 αὐτοὺς
2486 4557 2687 4627 ἐρωτᾷ.
2724 4556 2864 4610 Τίνα
2899 4573 2976 4624 με
3005 4555 3298 4627 λέγουσιν
3333 4561 3387 4612 οι
3419 4557 3715 4627 ἄνθρωποι
3742 4558 3811 4610 εῖ-

2252 4665 2389 4712 ναι;
2445 4649 2534 4711 Ὧς
2575 4647 2794 4719 μακρὰν
2837 4647 3017 4701 αὐτῶν
3050 4649 3221 4704 ὄντων
3264 4649 3371 4703 τῶν
3422 4650 3692 4705 Ἰουδαίων
3731 4649 3812 4703 καὶ

2253 4740 2353 4811 τῆς
2383 4739 2641 4808 ἀγωνίας·
2690 4740 2808 4793 ἐστι
2842 4740 2899 4793 δὲ
2944 4740 3040 4793 καὶ
3068 4740 3203 4809 ἄλλη
3240 4741 3552 4811 Καισάρεια
3584 4744 3617 4813 ὴ
3648 4740 3811 4811 Στρά-

2254 4848 2443 4895 τωνος·
2508 4832 2645 4901 μετά
2684 4830 2856 4885 πολλὰ
2909 4831 2966 4883 δὲ
3014 4830 3272 4902 θαύματα
3319 4833 3519 4903 ἐρωτᾷ·
3580 4834 3676 4886 καὶ
3726 4830 3813 4883 οὐκ

2256 4924 2459 4993 ἐρωτᾷν
2481 4922 2617 4977 Τίνα
2630 4938 2698 4992 με
2719 4922 2969 4991 λέγουσιν
2988 4923 3036 4975 οἱ
3060 4924 3433 4994 Γραμματείς,
3453 4923 3586 4977 ἀλλά
3600 4924 3692 4977 τοῦ
3706 4923 3813 4976 ἀδε-

2254 5015 2459 5074 κάστου
2481 5014 2720 5084 πλήθους
2740 5016 2842 5086 τὴν
2868 5014 3116 5086 γνώμην·
3147 5018 3275 5071 Υίὸν
3303 5016 3362 5069 δὲ
3386 5016 3673 5089 ἀνθρώπου
3698 5020 3813 5069 ἐαυ-

2255 5106 2348 5156 τὸν
2388 5104 2649 5168 πολλάκις
2679 5104 2847 5175 λέγει,
2880 5105 3206 5177 βουλόμενος
3235 5107 3334 5172 τὴν
3366 5108 3676 5177 οἰκονομίαν
3698 5111 3813 5177 ὁμου

2257 5196 2558 5264 λογεῑσθαι.

2330 5289 2658 5359 Προσέχετε,
2705 5288 3027 5359 παρακαλῶ,
3084 5292 3150 5362 τῇ
3180 5290 3408 5361 δυνάμει
3458 5292 3568 5347 τῶν
3608 5293 3811 5357 λέξεων·

2257 5378 2393 5431 ὅπου
2428 5378 2527 5448 μὲν
2555 5379 2664 5447 γὰρ
2710 5379 2808 5441 τὰς
2844 5379 3045 5450 ἐτέρων
3073 5380 3386 5450 ἀπήντησεν
3430 5382 3608 5449 δόξας,
3656 5396 3812 5453 προσυ

2260 5468 2425 5537 έθηκε
2456 5469 2546 5522 τὸν
2591 5467 2719 5520 Υἱὸν
2749 5467 2842 5519 τοῦ
2875 5467 3186 5538 ἀνθρώπου.
3225 5469 3364 5525 Τίνα
3394 5470 3502 5541 γάρ
3519 5488 3615 5539 με,
3644 5470 3811 5539 φησιν,

2258 5558 2547 5627 ,λέγουσιν
2576 5561 2629 5612 οὶ
2668 5559 2964 5627 ἄνθρωποι
2998 5555 3151 5613 εἶναι
3175 5560 3281 5613 τὸν
3316 5563 3451 5615 Υίὸν
3481 5546 3588 5614 τοῦ
3612 5559 3808 5627 ἀνθρώ·

2262 5664 2413 5715 που;
2468 5650 2642 5702 Ὅπου
2691 5650 2748 5702 δὲ
2796 5649 2895 5720 τὴν
2933 5650 3114 5705 αὐτῶν
3162 5653 3345 5721 κρίσιν
3396 5653 3612 5721 ἐζήτει,
3648 5653 3811 5705 οὐκέτι

2267 5738 2608 5810 προσέθηκεν
2645 5739 2734 5791 τὸν
2756 5739 2882 5794 re»;
2909 5740 3003 5794 τοῦ
3027 5740 3337 5810 ἀνθρώπου·
3367 5743 3500 5797 ἀλλὰ
3526 5743 3599 5812 τί;
3637 5737 3809 5808 Ὑμεῖς
