4026 6404
337 342 478 408 1125

1330 338 1648 400 SCHOLIA
1696 339 1996 402 VETERA
2027 340 2112 404 IN
2150 341 2624 406 MATTHEUM.

3443 354 3583 423 1126

328 453 398 508 δὲ
413 453 548 507 τινα
569 469 647 522 με
666 451 872 523 λέγετε
899 447 1088 516 sirm;
1121 452 1183 504 Οἱ
1221 454 1319 522 μὲν
1349 452 1460 522 γὰρ
1501 450 1674 517 ἄλλοι,
1713 454 1900 524 φησὶν,

2007 454 2110 510 Alii
2137 456 2305 523 enim,
2331 458 2486 525 dicit,
2518 459 2771 517 homines
2793 460 2964 517 ﬁlium
2984 461 3185 536 Ioseph
3215 482 3302 523 me
3330 482 3453 526 esse
3479 488 3582 542 pu-

328 545 608 616 ἄνθρωποι
647 542 761 596 υἱόν
821 560 887 612 με
948 541 1266 612 νομίζουσιν
1319 536 1464 595 εἶναι
1517 540 1610 594 τοῦ
1680 542 1901 613 Ἰωσὴφ,

329 635 446 690 υίὸν
476 632 790 704 ἀνθρώπου,
825 634 920 687 καὶ
951 632 1112 686 πλέον
1140 631 1312 685 οὐδέν·
1341 631 1403 684 οὺ
1433 631 1544 702 γάρ
1577 630 1772 685 ἔλαϐόν
1801 649 1904 702 μου

327 733 522 802 πεῖραν
551 727 821 798 τοσαύτην
845 729 943 798 τῆς
967 727 1152 798 θεῖκῆς
1180 744 1279 796 μου
1303 726 1574 793 ἐξουσίας·
1603 725 1718 781 ἀλλ’
1746 727 1906 796 ὑμεῖς

326 824 376 875 οί
397 821 674 886 λαϐόντες,
703 819 826 872 τίνα
861 835 927 889 με
959 819 1145 886 λέγετε
1175 815 1345 882 εἷναις
1385 817 1447 870 οὐ
1476 817 1623 884 λέγω
1656 817 1747 870 τὸν
1775 817 1905 870 Υίδν

325 911 422 966 τοῦ
449 910 761 982 ἀνθρώπου,
795 909 882 963 ίνα
909 908 984 980 μὴ
1012 909 1149 978 πρὸς
1175 907 1276 978 τὴν
1306 907 1447 977 ἐμὴν
1474 907 1753 976 ἀπόφασιν
1779 907 1908 978 δρά-

330 1017 490 1073 μητε·
523 1003 583 1054 οὐ
614 1002 757 1070 λέγω
789 1001 952 1054 πάλιν
983 1000 1076 1053 τὸν
1109 999 1238 1051 Υίὸν
1269 997 1364 1051 τοῦ
1393 997 1552 1063 Θεοῦ,
1583 997 1669 1051 ἵνα
1698 1000 1772 1068 μὴ
1805 997 1906 1069 τὴν

328 1095 483 1162 ὑμῶν
508 1094 687 1163 ψῆφον
711 1092 963 1163 άρπάσω·
1013 1090 1167 1144 οὐδὲν
1212 1089 1452 1159 ἐμαυτὸν
1485 1088 1581 1143 νῦν
1628 1105 1693 1157 γε
1730 1089 1903 1142 καλῶ·

326 1185 399 1237 τὰ
442 1185 744 1256 πράγματα
783 1182 944 1254 μόνον
978 1181 1108 1252 ὑμῖν
1153 1179 1476 1252 χειραγωγά
1519 1180 1620 1250 τῆς
1670 1179 1904 1250 ἀποκρί-

327 1293 466 1340 σεως
491 1277 720 1333 δέδωκα.

398 1367 520 1421 Ὅτι
555 1365 639 1421 Σὺ
667 1361 724 1420 εἶ
751 1369 784 1420 ό
807 1364 1063 1435 Χριστὸς
1086 1366 1122 1418 δ
1145 1363 1281 1430 Υἱὸς
1311 1361 1419 1418 τοῦ
1445 1362 1594 1418 Θεοῦ
1632 1362 1741 1418 τοῦ
1767 1362 1905 1425 ζῶν-

321 1475 450 1524 τος,
497 1458 645 1527 λέγει
691 1457 916 1529 Πέτρος·
953 1458 1082 1511 Υίὸν
1128 1457 1266 1509 Θεοῦ
1307 1455 1481 1524 λέγων
1517 1455 1772 1527 καθαρῶς
1809 1455 1906 1509 καὶ

323 1549 391 1601 ἐκ
418 1547 516 1618 τῆς
542 1545 704 1600 αὐτοῦ
730 1547 942 1611 οὐσίας,
979 1546 1095 1600 ἀλλ’
1125 1546 1250 1615 οὐχὶ
1299 1545 1375 1614 ᾡς
1419 1545 1468 1598 οί
1503 1545 1561 1598 ἐν
1583 1545 1662 1614 τῷ
1708 1545 1901 1615 πλοίῳ,

322 1639 447 1693 οὐδὲ
475 1638 550 1702 ὡς
576 1639 604 1692 ὁ
634 1637 928 1708 Ναθαναὴλ
955 1638 1053 1691 ἕνα
1076 1637 1186 1690 τῶν
1213 1635 1445 1702 πολλῶν,
1477 1636 1614 1690 ἀλλὰ
1640 1636 1901 1707 γνησίως·

301 1729 413 1783 ’διὰ
439 1729 598 1782 τοῦτο
641 1729 732 1782 καὶ
766 1729 848 1792 τὸ,
883 1731 1008 1796 Βὰρ
1065 1725 1255 1793 Ἰωνᾶ,
1283 1726 1458 1794 λέγει,
1489 1727 1610 1779 ἀντὶ
1641 1725 1760 1792 τοῦ,
1794 1725 1900 1778 υἱέ·

2011 555 2148 610 tant.
2176 547 2347 603 ﬁlium
2381 550 2623 606 hominis
2675 561 2731 608 et
2769 555 2906 626 nihil
2957 559 3225 625 amplius;
3267 576 3377 615 non
3434 564 3580 618 enim

2008 646 2216 692 tantam
2247 653 2278 694 a
2327 655 2414 694 me
2449 651 2778 712 receperunt
2811 645 3189 714 probationem
3225 650 3422 705 divinae
3448 668 3584 708 mea;

2006 732 2314 798 potestatis.
2336 729 2440 787 Sed
2460 749 2556 789 vos
2580 735 2676 805 qui
2703 737 3008 806 recepistis,
3036 754 3198 808 quem
3224 757 3309 794 me
3335 757 3460 797 esse
3484 745 3572 797 di—

2008 821 2161 876 citis?
2199 820 2318 876 Non
2357 823 2482 879 dico
2505 825 2675 880 ﬁlium
2703 825 2961 893 hominis,
2985 843 3053 882 ne
3087 830 3154 882 ad
3203 845 3382 884 meam
3413 848 3580 900 appa-

2008 914 2241 966 rentiam
2265 916 2592 982 recurratis;
2619 932 2728 972 non
2750 918 2875 972 dico
2894 934 3116 973 rursum
3144 919 3340 974 Filium
3373 921 3488 986 Dei,
3511 937 3580 977 ne

2006 1012 2251 1058 vestrum
2305 1004 2625 1076 suﬁ‘ragium
2679 1011 3032 1078 prazveniam.
3088 1011 3235 1065 Nihil
3293 1027 3380 1066 me
3435 1029 3582 1068 ιιιιιιε

2006 1109 2178 1160 voco;
2219 1112 2306 1152 res
2353 1107 2562 1153 tantum
2612 1099 2768 1155 vobis
2811 1102 3144 1156 sententiam
3196 1117 3580 1172 promoventcs

2007 1185 2150 1240 dedi.

2073 1369 2228 1438 Quod
2262 1370 2455 1428 Petrus
2504 1373 2656 1440 dicit,
2709 1373 2788 1427 Tu
2840 1391 2893 1429 es
2936 1375 3200 1442 Christus,
3258 1375 3432 1430 Filius
3485 1377 3580 1431 Dei

2007 1464 2145 1529 rivi;
2178 1463 2376 1518 Filium
2411 1465 2506 1520 Dei
2558 1475 2718 1520 vocat
2767 1467 2981 1536 proprie
3025 1476 3080 1522 et
3123 1483 3187 1521 ex
3229 1484 3325 1522 sua
3361 1478 3578 1532 natura,

2007 1553 2102 1609 sed
2130 1568 2237 1607 non
2272 1554 2430 1608 utilli
2466 1555 2559 1624 qui
2591 1565 2750 1610 erant
2781 1557 2834 1609 in
2877 1555 3115 1624 navigio,
3152 1572 3327 1625 neque
3371 1569 3429 1611 ut
3474 1555 3583 1610 Na-

2008 1645 2224 1699 thanael
2267 1661 2435 1700 unum
2459 1660 2488 1698 e
2519 1646 2728 1712 multis,
2758 1646 2851 1699 sed
2882 1646 3180 1716 legitimum
3211 1647 3426 1700 Filium.
3455 1645 3582 1701 Ideo

2007 1745 2061 1790 et
2084 1736 2338 1792 Christus
2366 1736 2499 1790 dicit
2535 1753 2550 1790 :
2583 1737 2694 1790 Bar
2734 1738 2899 1802 Iona,
2939 1747 2990 1792 et
3030 1754 3136 1790 non
3176 1737 3326 1792 Jonas
3357 1738 3454 1802 ﬁli,
3485 1754 3578 1792 os-

321 1819 525 1890 δηλῶν,
552 1821 635 1875 ὃτι
670 1821 758 1884 Ὦς
789 1820 852 1874 σὺ
909 1819 1003 1874 τοῦ
1050 1820 1206 1874 Ἰωνᾶ
1236 1818 1420 1890 φύσει,
1462 1818 1632 1882 οὕτως
1662 1817 1774 1888 ἐγὼ
1809 1815 1902 1872 τοῦ

2009 1828 2236 1883 tendens
2257 1828 2426 1897 quod,
2453 1827 2609 1881 Sicut
2636 1836 2693 1881 ιιι
2743 1825 2896 1881 Jona:
2941 1837 3135 1882 natura
3183 1843 3242 1882 es
3280 1827 3444 1894 ﬁlius,
3493 1828 3577 1882 sic

322 1910 460 1964 Θεοῦ
489 1914 602 1982 είμι
633 1913 781 1976 Υἱός.

409 2003 782 2074 Ἀπορούντων
841 2003 951 2058 τῶν
1012 2003 1273 2075 μαθητῶν
1331 2004 1605 2074 καὶπρὸς
1677 2002 1906 2066 ἑαυτοὺς

319 2095 468 2160 είκδς
499 2097 673 2151 ταῦτα
711 2097 980 2164 λεγόντων
1000 2113 1013 2127 ·
1050 2096 1180 2149 Υἱὸν
1225 2097 1390 2150 αὐτὸν
1420 2095 1556 2148 Θεοῦ
1589 2095 1793 2166 Πέτρος
1823 2096 1904 2148 εί-

321 2185 463 2253 πὼν,
515 2187 901 2259 μακαρίζεται.
951 2186 1155 2256 Μάρθα
1193 2187 1358 2239 πάλιν
1400 2186 1500 2255 οὐχ
1549 2185 1682 2238 Υἰὸν
1738 2184 1904 2238 αὐτὸν

320 2272 478 2328 εἷπεν
507 2276 676 2341 Θεοῦ;
728 2277 834 2331 Ναὶ
881 2277 1012 2348 γάρ,
1069 2279 1265 2345 Κύριε,
1315 2279 1502 2347 φησιν,
1554 2277 1670 2346 ἐγὼ
1725 2278 1904 2330 πεπί-

318 2382 548 2422 στευκα
585 2367 672 2421 ὅτι
703 2368 784 2422 σὺ
809 2366 866 2422 εἷ
909 2371 942 2422 ό
987 2370 1240 2437 Χριστὸς
1269 2373 1302 2422 ό
1351 2370 1480 2436 Υἱὸς
1519 2370 1623 2423 τοῦ
1656 2370 1824 2433 Θεοῦ,
1872 2372 1906 2424 ό

317 2463 409 2526 εις
444 2462 550 2515 τὸν
574 2462 806 2530 κόσμον
830 2461 1172 2530 ἐρχόμενος.
1213 2462 1278 2512 Τί
1309 2460 1401 2514 οῦν
1443 2461 1628 2531 ἐκείνη
1661 2479 1904 2531 μακαρι-

322 2552 480 2620 σμῶν
507 2551 606 2604 οὐκ
637 2550 842 2621 ἠξιώθη
881 2551 1064 2616 τινῶν,
1109 2551 1246 2604 ἀλλά
1276 2552 1480 2621 Πέτρος
1513 2552 1590 2616 ὡς
1630 2569 1684 2604 τι
1715 2553 1903 2606 καινὸν

321 2638 497 2694 είπὼν
528 2643 930 2712 μακαρίζεταις
963 2643 1125 2710 ἡμεῖς
1167 2643 1334 2695 πάλιν
1374 2642 1680 2713 συμφώνως
1714 2645 1800 2696 ὅτε
1835 2647 1900 2714 τῇ

323 2731 571 2806 θαλάσσῃ
599 2737 696 2787 καὶ
735 2736 847 2797 τοῖς
887 2733 1110 2803 ἀνέμοις
1145 2733 1505 2806 ἐπετίμησεν,
1535 2735 1634 2805 οὐχ
1661 2734 1737 2798 ὡς
1774 2736 1904 2789 Τὶδν

320 2824 459 2879 Θεοῦ
491 2826 653 2878 αὐτὸν
683 2828 1174 2897 προσεκυνήσαμεν
1209 2827 1305 2878 καὶ
1343 2827 1483 2896 μετὰ
1527 2829 1710 2896 φωνῆς
1743 2828 1903 2898 ἐϐοή-

322 2934 520 2986 σαμεν,
564 2915 830 2984 Ἀληθῶς
876 2916 1023 2970 Θεοῦ
1072 2918 1207 2981 Υἱὸς
1239 2915 1332 2981 ei;
1369 2917 1458 2969 διὰ
1504 2918 1555 2970 τί
1598 2917 1903 2988 μακαρίους

321 3011 472 3080 ἡμᾶς
492 3009 591 3062 οὐκ
617 3009 878 3062 ἐκάλεσεν
903 3011 1025 3062 τότε
1049 3025 1065 3078 ;
1102 3009 1288 3062 Ταῦτα
1315 3010 1426 3061 τῶν
1460 3009 1716 3079 μαθητῶν
1751 3010 1905 3062 ἐνθυ-

323 3099 631 3169 μουμένων,
671 3103 700 3153 ὁ
739 3101 1016 3172 Δεσπότης
1066 3102 1262 3168 ἐπάγει
1294 3115 1309 3130 ⁸
1342 3102 1464 3169 Bap
1505 3098 1694 3164 Ἰωνᾶ,
1747 3117 1904 3152 τουτ-

326 3191 499 3256 έστιν,
527 3191 622 3243 Υίέ
655 3191 749 3244 τοῦ
788 3192 962 3246 Ἰωνᾶ.
1013 3193 1098 3254 Ὡς
1121 3191 1392 3264 ἐκήρυξας
1415 3193 1522 3262 γάρ
1569 3208 1694 3261 μου,
1737 3191 1894 3262 φησὶ,

316 3283 412 3334 τὸν
445 3283 687 3352 Πατέρα,
719 3281 862 3335 οὕτω
901 3281 1056 3350 κάγὼ
1087 3283 1342 3352 κηρύττω
1375 3300 1468 3334 σου
1514 3281 1607 3333 τὸν
1658 3282 1894 3352 πατέρα·

321 3375 400 3446 μὴ
427 3376 645 3446 Χρθξων
675 3375 774 3444 μὲν
807 3375 900 3427 τοῦ
929 3373 1022 3426 σοῦ
1053 3373 1429 3444 μνημονεῦσαι
1461 3375 1688 3444 πατρὸς,
1728 3373 1897 3437 δεῖξαι

316 3467 379 3519 δέ
403 3467 729 3536 βουλόμενος
752 3467 813 3519 τὸ
840 3466 1140 3536 ταυτοφυὲς
1166 3465 1302 3534 ἐμοῦ
1326 3467 1421 3519 καὶ
1447 3466 1681 3534 Πατρός·
1712 3467 1898 3518 εἰκόνα

323 3556 404 3621 σὲ,
425 3558 519 3609 καὶ
548 3558 638 3609 τὸν
665 3559 756 3610 σὺν
789 3560 1022 3627 πατέρα,
1049 3557 1183 3626 ἐμοῦ
1205 3557 1408 3609 καὶτοῦ
1438 3559 1481 3610 Π
1491 3558 1645 3627 ατρὸς
1672 3557 1898 3627 προστί-

322 3648 460 3716 θημι
490 3647 608 3700 νῦν
647 3651 710 3702 ὲκ
737 3648 842 3701 τῶν
877 3649 998 3702 καθ’
1028 3649 1174 3717 ὑμᾶς
1205 3649 1628 3718 μανθανέτωσαν
1659 3649 1898 3713 ἅπαντες

322 3739 456 3792 Υίοῦ
499 3741 592 3792 καὶ
639 3741 850 3811 Πατρὸς
884 3743 982 3810 τὴν
1030 3741 1358 3809 ταυτότητα.
1420 3743 1517 3792 ’ον
1559 3741 1666 3809 γὰρ
1698 3739 1898 3809 τρόπον

319 3831 505 3901 ὅμοιος
532 3832 597 3883 σὺ
627 3831 704 3900 τῷ
768 3833 923 3901 Ἰωνᾷ
952 3831 1093 3884 κατὰ
1138 3831 1320 3900 φύσιν,
1358 3829 1532 3892 οὕτως
1573 3831 1758 3900 ὅμοιος
1788 3829 1899 3900 ἐγὼ

320 3922 402 3994 τῷ
436 3925 607 3993 Πατρὶ
629 3923 751 3976 κατ’
779 3923 988 3977 οὐσίαν·
1025 3924 1100 3985 ὡς
1125 3924 1225 3976 οὐκ
1267 3920 1317 3976 εἷ
1355 3925 1416 3977 σὺ
1453 3925 1658 3993 κτίσμα
1688 3923 1782 3976 τοῦ
1821 3927 1900 3977 οἱ-

321 4013 474 4068 γιίου
507 4015 736 4084 πατρὸς,
765 4013 899 4066 ἀλλὰ
925 4013 1192 4083 γέννημα,
1214 4012 1385 4074 οὕτως
1411 4013 1534 4066 οὐδὲ
1559 4013 1671 4081 ἐγὼ
1692 4013 1900 4084 κτίσμα

323 4104 423 4158 τοῦ
461 4091 694 4177 Πατρὸς,
731 4105 863 4158 ἀλλὰ
897 4104 1166 4174 γέννημα·
1195 4105 1259 4157 σὺ
1278 4103 1590 4175 ἀνθρώπου,
1626 4105 1737 4175 ἐγὼ
1766 4106 1899 4170 Θεὸς

322 4199 390 4250 ἐκ
414 4197 572 4250 Θεοῦ·
605 4198 669 4250 σὺ
711 4198 1039 4268 γεγέννησαι
1093 4197 1158 4250 ἐκ
1204 4198 1472 4262 τοιούτου,
1527 4195 1641 4265 ἐγὼ
1669 4197 1786 4265 φῶς
1834 4198 1900 4250 ἐκ

324 4290 523 4361 φωτός·
554 4291 618 4344 σὺ
651 4292 836 4360 ὅμοιος
865 4290 925 4354 ἐξ
952 4291 1160 4359 ὁμοίου,
1194 4289 1349 4357 κάγὼ
1377 4289 1561 4360 ὅμοιος
1595 4289 1653 4355 ἐξ
1688 4289 1895 4359 ὁμοίου·

322 4380 414 4433 διὰ
436 4380 596 4433 τοῦτο
627 4377 922 4450 μακαρίζω
942 4381 1036 4432 τὸν
1073 4380 1298 4448 Πέτρον,
1329 4379 1411 4432 ὃτι
1443 4395 1548 4449 περ
1581 4380 1678 4448 οὐχ
1709 4377 1898 4450 ὥσπερ

2003 1935 2106 1990 ego
2141 1919 2234 1973 Dei
2257 1935 2378 1973 sum
2412 1918 2606 1972 Filius.

2081 2007 2251 2062 Vens.
2306 2009 2395 2061 ΓΙ.
2449 2007 2843 2063 llazsitantibus
2907 2006 3214 2076 discipulis,
3255 2015 3310 2060 et
3351 2005 3492 2058 intra
3521 2020 3582 2060 se

2005 2101 2378 2156 verisimiliter
2413 2099 2542 2154 talia
2581 2099 2891 2154 dicentibus
2931 2099 3168 2153 :Petrus
3204 2098 3354 2152 illum
3381 2097 3578 2151 Filium

2007 2195 2102 2248 Dei
2145 2207 2348 2247 vocans
2396 2192 2592 2246 beatus
2636 2189 2868 2243 dicitur.
2911 2187 3120 2243 Martha
3162 2188 3360 2242 iterum
3397 2203 3580 2242 nonne

2006 2285 2202 2340 Filium
2241 2282 2333 2337 Dei
2351 2283 2501 2336 illum
2531 2296 2653 2335 esse
2678 2279 2852 2334 dixit?
2881 2277 2979 2346 lla;
3012 2294 3135 2333 nam
3161 2279 3314 2344 dicit,
3337 2278 3576 2344 Domine,

2004 2394 2098 2447 ego
2128 2374 2331 2431 credidi
2361 2375 2485 2444 quia
2521 2383 2575 2425 tu
2615 2388 2667 2425 es
2697 2370 2966 2434 Christus,
3016 2369 3184 2424 Filius
3235 2369 3350 2435 Dei,
3395 2371 3484 2438 qui
3522 2370 3578 2422 in

2005 2469 2142 2521 hunc
2175 2467 2427 2520 mundum
2457 2465 2668 2528 renisti,
2698 2462 2828 2533 quid
2865 2478 2992 2531 ergo
3018 2462 3108 2515 illa
3141 2476 3248 2514 non
3287 2462 3443 2515 beata
3467 2462 3578 2514 dici

2006 2562 2166 2631 digna
2199 2560 2418 2613 inventa
2472 2568 2576 2619 est,
2636 2571 2760 2610 cum
2814 2555 3032 2618 Petrus,
3065 2569 3162 2608 ceu
3209 2553 3412 2622 aliquid
3452 2552 3579 2607 novi

2005 2654 2214 2719 dicens,
2243 2653 2434 2706 beatus
2461 2649 2826 2721 praedicatur?
2858 2647 2968 2702 Nos
3001 2662 3216 2717 quoque
3247 2647 3581 2699 unanimiter

2009 2744 2233 2816 quando
2261 2743 2399 2796 mari
2431 2751 2486 2794 ει
2527 2741 2703 2793 ventis
2736 2738 3043 2807 imperarit,
3075 2751 3259 2789 nonne
3292 2743 3352 2788 ut
3378 2733 3578 2787 Filium

2005 2835 2100 2889 Dei
2133 2835 2282 2888 illum
2313 2829 2667 2886 adoravimus
2697 2838 2750 2882 et
2775 2842 2906 2882 voce
2939 2841 3135 2894 magna
3171 2824 3529 2878 clamavimus
3561 2837 3577 2874 :

2019 2926 2144 2982 Vere
2180 2925 2355 2979 Filius
2387 2924 2480 2976 Dei
2504 2940 2557 2976 es
2578 2925 2601 2978 Σ)
2625 2921 2736 2976 Cur
2774 2921 2964 2974 beatos
2991 2935 3091 2972 nos
3122 2933 3231 2971 non
3258 2925 3386 2970 tunc
3409 2929 3578 2968 voca-

2003 3019 2115 3073 vit?
2143 3017 2296 3071 Talia
2321 3015 2606 3083 discipulis
2629 3012 3019 3080 cogitantibus,
3057 3010 3319 3062 Dominus
3351 3007 3536 3076 adjicit
3564 3023 3580 3059 :

2007 3109 2116 3162 Bar
2148 3107 2311 3172 Jona,
2345 3106 2396 3158 id
2426 3113 2531 3166 est,
2583 3103 2655 3155 liii
2692 3101 2867 3167 Jona',
2921 3110 2982 3153 ut
3008 3100 3334 3169 przedicasti,
3384 3097 3581 3166 inquit,

2007 3216 2187 3254 meum
2223 3195 2460 3259 Patrem,
2507 3195 2585 3248 sic
2631 3207 2733 3261 ego
2772 3206 2993 3259 quoque
3036 3189 3272 3258 praedico
3307 3197 3457 3241 tuum
3485 3203 3582 3256 pa-

2005 3299 2179 3354 trem;
2233 3303 2338 3342 non
2390 3285 2607 3355 quidem
2665 3297 2885 3337 necesse
2925 3281 3130 3335 habens
3188 3290 3339 3333 tuum
3369 3293 3577 3347 patrem

2006 3393 2334 3440 memorare,
2367 3377 2459 3432 sed
2491 3376 2682 3430 volens
2706 3374 2996 3430 ostendere
3025 3385 3370 3426 communem
3401 3369 3502 3423 mei
3526 3378 3582 3423 et

2005 3471 2182 3525 Patris
2215 3478 2488 3529 naturam,
2518 3482 2662 3521 nunc
2690 3477 2742 3521 ει
2778 3474 2985 3534 patrem
3017 3473 3169 3517 tuum
3201 3469 3259 3515 ut
3285 3461 3576 3530 imaginem

2007 3561 2110 3615 mei
2136 3570 2190 3613 ει
2230 3557 2405 3612 Patris
2423 3559 2525 3611 mei
2554 3571 2796 3625 pr0pono
2822 3571 2836 3616 ;
2864 3569 2895 3608 e
2919 3554 3118 3621 quibus
3145 3550 3445 3604 secundum
3478 3563 3581 3602 vos

2005 3652 2217 3706 discant
2245 3665 2436 3703 omnes
2463 3647 2640 3701 Patris
2668 3655 2718 3699 ct
2755 3644 2873 3698 Filii
2895 3656 3101 3697 natura:
3133 3641 3579 3696 similitudinrm.

2003 3741 2137 3796 Nam
2151 3758 2258 3811 quo
2278 3757 2366 3795 mo
2385 3742 2438 3794 lo
2457 3739 2650 3792 similis
2664 3747 2718 3790 ιιι
2735 3735 2954 3789 Jomecs
2971 3734 3272 3789 secundum
3298 3741 3576 3792 naturam,

2008 3838 2088 3890 sic
2120 3851 2220 3904 ego
2254 3834 2451 3888 similis
2485 3849 2603 3887 sum
2621 3829 2766 3883 Patri
2787 3828 3086 3883 secundum
3107 3825 3582 3886 substantiam;ut

2007 3936 2062 3981 tu
2078 3941 2186 3979 non
2217 3940 2276 3979 es
2288 3932 2527 3988 creatus,
2553 3921 2645 3976 sed
2671 3921 2924 3990 genitusa
2945 3921 3162 3989 proprio
3183 3929 3358 3988 patre,
3386 3920 3457 3973 ita
3479 3933 3582 3989 ego

2007 4035 2113 4074 non
2141 4027 2361 4073 creatus
2390 4031 2510 4069 sum
2541 4030 2570 4068 a
2601 4013 2786 4080 Patre,
2813 4013 2906 4067 sed
2950 4011 3198 4080 genitus;
3239 4021 3294 4063 tu
3325 4011 3487 4064 homo
3514 4013 3582 4063 de

2007 4110 2244 4173 homine,
2267 4123 2368 4179 ego
2399 4105 2542 4160 Deus
2571 4106 2639 4159 de
2668 4103 2815 4170 Deo;
2841 4115 2894 4156 tu
2925 4102 3140 4172 genitus
3162 4116 3222 4155 es
3249 4101 3314 4155 de
3337 4101 3450 4163 tali,
3476 4115 3580 4170 ego

2004 4199 2186 4252 lumen
2209 4197 2274 4249 ile
2302 4196 2541 4258 lumine;
2567 4203 2622 4245 tu
2641 4191 2835 4245 similis
2850 4189 2918 4243 de
2939 4188 3126 4253 simili,
3151 4203 3250 4258 ego
3272 4203 3489 4257 quoque
3504 4188 3580 4242 si-

2007 4289 2150 4345 milis
2165 4289 2231 4343 de
2248 4285 2434 4341 simili.
2449 4284 2532 4337 Ub
2549 4283 2690 4337 hanc
2709 4296 2934 4335 causam
2952 4281 3170 4334 beatum
3189 4279 3316 4333 dico
3338 4278 3578 4343 Petrum,

2005 4381 2134 4450 quia
2171 4393 2276 4432 non
2307 4385 2364 4430 ut
2387 4374 2568 4429 caeteri
2599 4374 2848 4427 homines
2887 4371 3085 4424 Filium
3130 4370 3219 4425 Dei
3251 4387 3337 4424 me
3361 4369 3578 4440 procla-

322 4475 374 4526 οἱ
395 4472 574 4526 λοιποὶ
596 4472 705 4525 τῶν
728 4472 1031 4542 ἀνθρώπων
1059 4472 1186 4524 Υἱὸν
1203 4487 1270 4540 με
1289 4470 1423 4523 Θεοῦ
1449 4470 1896 4541 προσηγόρευσαν

2008 4478 2295 4526 maverunt
2325 4470 2624 4523 secundum
2647 4465 2992 4536 gratiam,ita
3015 4461 3233 4529 Petrus,
3261 4463 3355 4518 sed
3381 4474 3438 4516 ut
3463 4464 3581 4531 ipse

323 4566 466 4619 κατὰ
480 4565 661 4637 χάριν,
681 4565 823 4618 οὕτω
843 4567 871 4618 ὁ
895 4565 1120 4636 Πέτρος·
1138 4562 1253 4617 ἀλλ’
1278 4563 1354 4626 ὡς
1378 4563 1540 4625 αὐτὸς
1553 4563 1768 4632 άληθῶς
1787 4564 1903 4627 υίὸς

321 4659 420 4712 τοῦ
434 4658 636 4712 οἰκείου
661 4659 867 4730 πατρὸς
882 4657 1055 4721 οὕτως
1076 4658 1201 4710 Υίόν
1223 4674 1289 4727 με
1301 4656 1478 4726 ἀληθῆ
1501 4659 1793 4727 προσεῖπεν
1805 4656 1901 4710 τοῦ

322 4751 484 4805 Θεοῦ·
499 4751 574 4813 ὼς
596 4751 938 4822 αὐτὸςάρχὴν
967 4750 1107 4821 έχων
1118 4749 1176 4816 ἐξ
1194 4749 1364 4821 ἀρχὴν
1385 4750 1597 4819 ἔχοντος
1612 4748 1905 4819 ἐγεννήθη,

323 4844 497 4908 οὕτως
522 4844 759 4914 ἄναρχον
790 4861 858 4914 με
889 4843 1018 4896 Υίον
1044 4844 1282 4914 ἀνάρχου
1308 4842 1518 4912 Πατρος
1547 4841 1903 4913 ἀνεκήρυξενθ

324 4937 402 4998 ὡς
431 4936 590 4999 αὐτὸς
611 4935 804 5008 θνητὸς
831 4937 896 4990 ἐκ
921 4936 1116 5006 θνητοῦ
1135 4978 1151 5002 ,
1175 4935 1348 4997 οὕτως
1382 4935 1652 4989 ἀθάνατόν
1682 4950 1747 5004 με
1776 4932 1905 4985 Υίὺν

326 5028 386 5094 ἐξ
417 5028 686 5082 ἀθανάτου
735 5029 947 5100 Πατρὸς
973 5027 1346 5099 ὡμολόγησεν·
1377 5028 1466 5082 διὰ
1501 5027 1659 5080 τοῦτο
1692 5030 1800 5097 γάρ
1837 5042 1904 5096 με

325 5117 452 5171 Υίδν
480 5118 574 5170 τοῦ
597 5117 732 5171 Θεοῦ
762 5117 856 5170 τοῦ
884 5118 1083 5183 ζῶντος
1117 5119 1581 5190 προσηγόρευσεν·
1615 5119 1642 5170 ὁ
1671 5119 1780 5187 γὰρ
1808 5115 1902 5169 τοῦ

325 5209 527 5272 ζῶντος
560 5209 680 5272 Υἱὸς
707 5208 816 5272 ζῶν
846 5211 934 5262 καὶ
968 5210 1154 5273 αὐτὸς,
1185 5210 1456 5278 ἀτρέπτου
1499 5208 1709 5275 Πατρὸς
1740 5207 1906 5277 ἄτρεα

326 5316 461 5362 πτος
506 5300 724 5362 πάντως
763 5297 910 5362 Υἱός·
943 5299 1122 5351 ἔοικεν
1155 5300 1242 5350 ἀεὶ
1285 5301 1427 5352 κατὰ
1483 5299 1664 5349 πάντα
1693 5297 1770 5366 τῷ
1812 5313 1907 5363 γε-

325 5389 612 5458 γεννηκότι
640 5388 700 5441 τὸ
732 5389 1000 5458 γέννημα·
1034 5389 1129 5440 καὶ
1157 5386 1330 5450 οὕτως
1359 5387 1629 5440 ἀθάνατόν
1671 5403 1738 5457 με
1771 5385 1906 5438 Θεὸν

325 5479 599 5534 ἀθανάτου
649 5482 742 5533 καὶ
783 5480 982 5544 ζῶντος
1027 5480 1156 5532 Υίὸν
1201 5479 1666 5550 προσηγόρευσεν·
1715 5477 1906 5547 ὅτιπερ

329 5573 470 5643 μετὰ
502 5572 695 5642 μικρὸν
729 5574 794 5624 ἂν
822 5573 1032 5644 ἀκούσῃ
1062 5571 1292 5624 θάνατον
1321 5575 1416 5624 καὶ
1447 5570 1704 5639 σταυρὸν,
1742 5569 1907 5632 εὐθὺς

323 5667 606 5734 ναρκήσας
635 5663 807 5735 βοῆς-ῃ
847 5663 1041 5732 λέγων·
1072 5662 1272 5729 Ἵλεώς
1318 5679 1437 5728 σοι,
1483 5663 1680 5730 Κύριε,
1717 5663 1790 5716 οὺ
1819 5661 1904 5731 μὴ

323 5757 498 5810 ἔσται
533 5769 631 5813 σοι
660 5755 854 5810 τοῦτο.
893 5754 1062 5810 Οῡπω
1107 5755 1216 5824 γὰρ
1244 5755 1384 5824 ἔγνω
1415 5756 1513 5824 τῆς
1552 5756 1755 5822 σαρκός
1794 5771 1900 5823 μου

2004 4579 2130 4618 vere
2162 4563 2307 4616 tilius
2342 4567 2425 4614 est
2450 4557 2655 4628 proprii
2693 4555 2890 4626 patris,
2919 4556 2994 4608 ita
3038 4553 3232 4607 Filium
3272 4570 3356 4606 tne
3387 4569 3576 4606 verum

2006 4655 2320 4728 praedicavit
2360 4652 2490 4718 Dei;
2534 4658 2598 4705 ιιι
2630 4649 2748 4718 ipse
2769 4647 2985 4700 initium
3022 4646 3229 4699 habens
3255 4659 3320 4697 ex
3350 4644 3581 4698 habente

2004 4749 2222 4806 initium
2256 4745 2473 4816 genitus
2496 4751 2600 4807 est,
2636 4741 2710 4796 ita
2756 4751 3022 4795 aeternum
3048 4753 3133 4792 me
3161 4734 3360 4790 Filium
3391 4735 3579 4790 aeterni

2006 4841 2186 4896 Patris
2217 4837 2608 4910 proclamavit;
2640 4842 2701 4889 ut
2736 4834 2854 4903 ipse
2879 4830 3124 4886 mortalis
3147 4831 3213 4883 de
3243 4829 3479 4890 mortali,
3506 4829 3579 4882 ita
3655 4827 3666 4841 ‘

2009 4928 2377 4986 immortalem
2404 4941 2490 4980 me
2506 4922 2703 4977 Filium
2723 4923 2790 4976 de
2815 4921 3108 4975 immortali
3124 4917 3581 4973 Patreconfessus

2007 5031 2120 5087 est;
2159 5025 2279 5073 ideo
2301 5018 2446 5071 enim
2473 5031 2558 5069 me
2582 5012 2780 5068 Filium
2802 5009 2896 5066 Dei
2919 5012 3023 5064 vivi
3047 5009 3423 5080 proclamavit.
3442 5006 3578 5062 Nam

2008 5115 2118 5168 vivi
2145 5111 2322 5166 Patris
2358 5111 2529 5164 Filius
2570 5108 2726 5160 vivus
2750 5113 2807 5159 et
2837 5105 2977 5170 ipse,
3005 5103 3369 5156 immutabilis
3400 5102 3578 5153 Patris

2007 5203 2364 5258 immutabilis
2389 5199 2616 5253 omnino
2667 5196 2858 5250 Filius.
2915 5195 3124 5249 Similis
3171 5208 3384 5261 semper
3409 5192 3576 5244 estin

2007 5295 2264 5351 erunibus
2307 5291 2543 5362 genitori
2576 5289 2834 5360 genitus;
2883 5296 2937 5340 et
2969 5287 3041 5339 ita
3090 5284 3454 5338 immortalem
3493 5298 3580 5336 me

2009 5391 2177 5441 Deum
2210 5383 2538 5439 immortalis
2553 5380 2728 5435 etvivi
2756 5377 2953 5432 Filium
2987 5376 3323 5446 prmdicavit.
3355 5373 3509 5440 Quod
3531 5375 3576 5429 si

2008 5480 2157 5534 brevi
2189 5475 2420 5530 audierit
2449 5481 2679 5526 mortem
2707 5479 2760 5524 et
2781 5466 3323 5533 crucem,conl‘estim
3350 5476 3578 5533 stupens

2008 5567 2264 5625 clamabit
2283 5565 2471 5619 dicens
2491 5579 2505 5616 :
2528 5561 2674 5615 Absit
2695 5570 2810 5624 ate,
2842 5559 3082 5620 Domine,
3106 5573 3210 5610 rum
3222 5557 3321 5610 erit
3347 5556 3442 5608 tibi
3458 5555 3577 5611 hac.

2009 5659 2260 5714 Nondum
2294 5655 2443 5711 enim
2467 5653 2832 5722 cognoscebat
2857 5651 3041 5706 carnis
3077 5664 3207 5703 meae
3237 5649 3577 5718 passionem,

2011 5761 2065 5809 et
2091 5759 2312 5820 propter
2345 5748 2451 5804 hoc
2490 5744 2918 5816 increpationem
2963 5757 2992 5796 a
3032 5756 3117 5797 me
3147 5740 3404 5810 recipiet;
3440 5754 3581 5794 non-
