4026 6414
534 332 667 396 1127

1252 320 1645 383 OPUSCULA
1686 312 2319 377 SCRIPTURISTICA
2359 308 2712 371 ΙΝΟΕῐὶΤίΕ
2740 307 3052 370 ΛΞΤΑΤΙΞ.

3655 308 3781 374 1128

535 448 666 498 dum
703 437 994 496 consilium
1023 433 1201 488 Patris
1233 429 1614 501 cognoscebat,
1651 425 1744 480 sed
1775 425 1850 478 ita
1880 423 2108 476 immor-

2225 419 2272 474 τὸ
2301 417 2492 480 πάθος·
2529 415 2624 469 καὶ
2646 414 2735 468 διὰ
2759 414 2916 467 τοῦτο
2942 417 3042 482 τὴν
3071 412 3388 483 ὲπιτίμησίν
3415 430 3518 483 μου
3548 415 3762 486 δέξηται

537 536 700 591 talem
761 530 933 585 Deum
986 541 1071 581 me
1121 521 1425 592 cognoscit.
1463 519 1587 574 ldeo
1639 517 1706 570 de
1766 529 1932 570 carne
1984 527 2106 568 mea

536 625 845 695 passionem
895 618 1204 686 ambiguam
1233 613 1416 676 habet,
1443 626 1547 665 non
1575 608 1721 664 enim
1765 615 1921 678 putat
1950 605 2109 658 indu-

539 727 782 770 mentum
809 711 974 765 vitam
1013 709 1250 764 induens
1293 719 1454 774 posse
1507 717 1534 756 a
1588 709 1763 755 morte
1816 697 2107 768 possideri.

538 805 621 858 0b
649 819 766 858 eam
801 816 912 855 rem
945 799 1019 852 illi
1049 813 1179 866 ergo
1215 796 1324 849 dixi
1363 813 1376 848 :
1410 793 1602 846 Beatus
1648 807 1726 853 es,
1797 788 1982 844 Simon
2008 786 2116 839 Βαι-

536 896 716 959 Jona;
754 891 1137 961 cogitationem
1171 887 1317 942 Petri
1361 885 1660 954 explicans,
1714 883 1821 934 vim
1877 889 2116 948 paterna:

540 984 888 1041 revelationis
916 996 1199 1051 eitpnnens
1241 979 1406 1032 :ldco
1458 976 1650 1030 beatus
1675 989 1758 1037 es,
1790 973 1917 1042 quia
1969 971 2117 1026 sicut

538 1088 598 1134 tu
620 1078 768 1132 [ilius
792 1073 967 1137 Jonaa,
991 1075 1066 1126 ita
1090 1083 1144 1126 et
1170 1086 1256 1125 me
1283 1068 1478 1123 Filium
1513 1065 1818 1137 praedicasti
1840 1063 2040 1128 Patris,
2062 1069 2118 1117 et

535 1171 747 1240 primus
776 1164 1165 1236 evangelizasti
1198 1178 1374 1217 meam
1405 1161 1700 1229 originem,
1746 1156 1890 1225 quod
1922 1168 2117 1222 nempe

535 1261 734 1316 Filium
773 1257 932 1312 Pater
966 1256 1201 1311 similem
1253 1253 1357 1307 sibi
1409 1250 1708 1306 secundum
1754 1245 2116 1301 substantiam

535 1347 744 1419 genuit.
768 1343 886 1398 Non
906 1337 1595 1409 dixitsiiiipliciter,;Patcr,
1620 1344 1736 1396 aut,
1761 1332 1864 1398 Qui
1883 1331 1935 1385 in
1963 1331 2117 1386 caelis

538 1417 644 1498 est,
677 1435 798 1500 sed,
833 1434 998 1486 Pater
1053 1446 1222 1496 meus,
1265 1443 1354 1481 me
1383 1442 1410 1480 ο
1438 1425 1718 1480 creatione
1751 1422 2018 1476 eximens.
2055 1417 2118 1470 Et

538 1528 926 1598 particularem
956 1523 1057 1576 mei
1090 1520 1279 1575 dicens
1302 1517 1540 1577 Patrem,
1577 1516 1831 1578 Patrem;
1855 1510 2114 1580 quoniam

539 1619 687 1674 enim
717 1627 771 1672 et
800 1615 1084 1670 hominum
1122 1610 1284 1664 Pater
1309 1611 1450 1664 Deus
1490 1605 1806 1659 nominatus
1830 1609 1952 1655 est:
1984 1600 2117 1654 dicit

541 1711 688 1766 enim
739 1708 998 1778 propheta
1044 1720 1059 1758 :
1111 1701 1300 1754 Nonne
1367 1698 1528 1751 Pater
1586 1695 1820 1748 omnium
1879 1702 2116 1745 nostrum

2216 509 2372 564 οὔπω
2430 509 2528 576 τὴν
2588 507 2898 578 οἰκονομίαν
2947 505 3091 574 ἔγνω
3147 506 3248 575 τὴν
3309 505 3624 577 πατρικὴν,
3680 509 3786 562 ἀλλ’

2214 601 2392 664 οὕτως
2453 598 2724 654 ἀθάνατόν
2781 613 2851 668 με
2920 595 3180 664 γινώσκει
3240 596 3392 649 Θεόν·
3448 599 3637 669 ὅτιπερ
3702 603 3786 653 καὶ

2216 696 2347 763 περὶ
2378 692 2477 762 τῆς
2506 689 2710 759 σαρκὸς
2739 689 2840 758 τῆς
2873 689 3014 758 ἐμῆς
3041 688 3344 756 ἀμφίϐολον
3371 688 3483 758 ἕχει
3513 690 3571 741 τὸ
3601 689 3785 752 πάθος·

2215 786 2277 838 οὐ
2309 786 2415 855 γὰρ
2472 783 2684 852 νομίζει
2748 783 2846 848 τὴν
2897 780 3004 832 ὑπὸ
3051 779 3198 849 ζωῆς
3251 781 3556 851 φερομένην
3606 782 3790 849 στολὴν

2216 876 2478 930 δύνασθαι
2517 875 2731 944 Θανάτῳ
2763 872 3100 943 κρατεῖσθαι·
3133 872 3221 924 διὰ
3267 872 3428 924 τοῦτο
3456 872 3590 942 πρὸς
3641 874 3792 926 αὑτὸν

2216 966 2370 1024 εἷπον
2401 971 2546 1039 ἐγώ·
2576 967 2880 1036 Μακάριος
2928 963 3000 1031 εἷ,
3053 968 3253 1035 Σίμων
3287 967 3408 1034 βάρ
3465 966 3653 1022 Ἰωνᾶ·
3707 967 3795 1038 τὴν

2217 1063 2429 1116 ἔννοιαν
2461 1061 2827 1130 ἐξηγούμενος
2868 1058 3098 1128 Πέτρου,
3150 1057 3248 1128 τὴν
3295 1058 3525 1129 δύναμιν
3566 1062 3668 1126 τῆς
3701 1075 3795 1111 πα-

2215 1154 2411 1224 τρικῆς
2445 1149 2844 1220 ἀποκαλύψεως
2871 1148 3116 1219 φράζων”
3147 1148 3233 1200 διὰ
3261 1148 3416 1203 τοῦτο
3439 1147 3705 1218 μακάριος
3733 1145 3796 1213 εί,

2216 1249 2408 1316 ὅτιπερ
2447 1246 2521 1305 ὡς
2581 1246 2645 1297 σὺ
2697 1243 2809 1305 υίὸς
2861 1239 2956 1294 τοῦ
3021 1241 3212 1305 Ἰωνᾶ,
3266 1231 3440 1303 οὕτως
3475 1242 3622 1311 κάμὲ
3672 1243 3796 1296 Υἱὸν

2218 1335 2667 1407 προσηγόρευσας
2689 1331 2783 1384 τοῦ
2818 1331 3052 1401 Πατρὸς,
3083 1331 3180 1384 καὶ
3212 1330 3426 1400 πρῶτος
3465 1331 3800 1400 εὐηγγελίσω

2215 1431 2317 1498 τὴν
2345 1427 2545 1480 κτίσιν·
2582 1426 2774 1494 ὅτιπερ
2807 1423 2938 1476 Υίὸν
2966 1426 2994 1476 6
3027 1423 3213 1493 Πατὴρ
3256 1425 3443 1492 ὅμοιον
3482 1423 3633 1493 αὐτῷ
3682 1423 3797 1476 κατ’

2217 1521 2408 1573 οὐσίαν
2437 1519 2717 1586 ἐγέννησε.
2757 1518 2872 1569 Οὐκ
2916 1511 3069 1568 εἶπεν
3098 1515 3284 1578 ἁπλῶς
3312 1532 3326 1545 ·
3369 1515 3427 1568 '0
3469 1517 3662 1587 Πατὴρ
3690 1517 3718 1568 6
3747 1517 3798 1567 ὲν

2215 1615 2327 1675 τοῖς
2352 1612 2622 1680 οὐρανοῖς,
2650 1609 2788 1674 ἀλλ’,
2837 1608 2888 1660 Ὀ
2915 1607 3113 1674 Πατήρ
3133 1626 3274 1678 μου,
3303 1608 3613 1678 ὑπεξαίρων
3643 1609 3803 1678 ἐμαυο

2219 1704 2309 1755 τὸν
2339 1703 2436 1772 τῆς
2469 1703 2722 1762 κτίσεως·
2759 1700 2852 1753 καὶ
2908 1699 3040 1752 ἴδιόν
3082 1715 3184 1768 μου
3217 1699 3393 1766 λέγων
3429 1699 3677 1768 Πατέρα,
3714 1703 3800 1750 τὸν

544 1795 732 1848 Deus?
762 1793 889 1847 ideo
923 1789 1306 1860 particular-ein
1358 1785 1464 1839 mei
1507 1783 1722 1838 Patrem
1767 1780 2111 1866 compellari,

2225 1796 2460 1864 Πατέρα.
2507 1794 2728 1864 Ἐπειδὴ
2755 1793 2862 1862 γὰρ
2901 1792 2997 1846 καὶ
3045 1791 3349 1861 ἀνθρώπων
3381 1793 3574 1861 Πατὴρ
3615 1793 3645 1844 6
3677 1792 3800 1853 Θεὸς

543 1892 799 1950 tanquam
850 1880 1063 1934 Patrem
1115 1894 1222 1932 non
1269 1876 1570 1932 secundum
1627 1873 1878 1945 gratiam,
1912 1871 2004 1926 sed
2033 1887 2119 1926 se-

543 1975 784 2029 cundum
823 1982 1096 2028 ruituram.

619 2239 779 2296 \‘ans.
838 2239 926 2294 18.
973 2238 1274 2309 Resipisco,
1337 2237 1486 2302 Aric,
1522 2247 1577 2292 et
1641 2237 1804 2307 paulo
1847 2252 1878 2291 a
1937 2236 2119 2291 furore

545 2333 770 2404 quiesce
804 2350 817 2386 :
847 2331 1138 2402 cognoscis
1175 2329 1348 2382 Patris
1382 2328 1706 2398 potentiam,
1740 2329 1861 2382 vide
1899 2337 1952 2380 et
1995 2325 2118 2380 Filii

543 2425 930 2481 auctoritatem
969 2462 985 2486 ,
1025 2422 1090 2475 Et
1142 2439 1234 2491 ego
1281 2421 1399 2474 dico
1445 2421 1562 2474 tibi.
1604 2422 1670 2474 Et
1712 2435 1814 2491 ego
1849 2438 1862 2473 :
1892 2429 1950 2473 ut
1993 2435 2118 2472 cum

543 2516 876 2571 auctoritate
899 2513 1161 2568 revelavit
1191 2513 1375 2580 Pater,
1409 2514 1483 2566 ita
1514 2521 1569 2566 et
1601 2527 1701 2578 ego
1734 2527 1859 2566 cum
1883 2514 2122 2565 auctori-

545 2617 659 2662 tate
694 2606 880 2660 revelo
920 2605 1218 2673 meipsum.
1253 2602 1320 2658 Et
1352 2621 1444 2673 ego
1473 2604 1591 2656 dico
1645 2604 1763 2668 tibi,
1809 2604 1912 2657 iste
1963 2603 2120 2666 dixit,

549 2713 660 2752 non
695 2696 850 2750 illud.
890 2694 958 2748 Et
987 2710 1088 2763 ego
1119 2695 1244 2748 dico
1279 2695 1373 2748 tibi
1406 2695 1535 2748 illud
1563 2695 1690 2762 quia
1720 2702 1775 2747 tu
1800 2709 1858 2747 es
1889 2693 2121 2746 Petrus:

544 2797 608 2843 ut
647 2786 958 2857 praedicasti
995 2787 1063 2840 de
1103 2801 1191 2839 me
1221 2786 1499 2855 propriam
1535 2795 1588 2840 ct
1621 2785 1834 2838 ﬁrmam
1867 2785 2124 2839 divinita-

544 2887 682 2945 tem,
734 2879 814 2932 ita
857 2888 912 2932 et
948 2891 1049 2946 ego
1082 2877 1317 2945 praedico
1357 2886 1460 2930 tua:
1502 2875 1867 2931 confessionis
1900 2876 2126 2928 ﬁrmita-

547 2979 682 3026 tem.
725 2969 803 3024 Ex
831 2970 916 3024 his
942 2985 1062 3039 quae
1092 2969 1304 3035 dixisti,
1338 2969 1760 3039 appellationem
1804 2966 2013 3038 accipe.

621 3150 792 3221 Super
843 3162 978 3207 hanc
1029 3163 1233 3222 petram
1282 3154 1554 3222 aediﬁcabo
1612 3152 1904 3207 Ecclesium
1933 3169 2122 3215 meam,

549 3246 604 3300 in
631 3244 977 3299 confessione
997 3245 1130 3299 dicit
1151 3263 1164 3298 :
1189 3253 1393 3314 petram
1419 3254 1600 3299 autem
1636 3245 1771 3299 dicit
1806 3247 1935 3314 quia
1970 3227 2129 3296 ﬁrma

550 3345 636 3390 est
662 3335 788 3388 talis
823 3334 990 3400 ﬁdes;
1046 3334 1345 3390 Ecclesium
1393 3349 1523 3390 vero
1565 3343 1724 3390 vocat
1777 3335 1906 3403 quia
1969 3333 2126 3387 multi

550 3425 776 3479 credere
805 3423 1027 3478 debent.

621 3515 764 3580 Quid
799 3515 965 3578 dicis,
1013 3515 1183 3569 Arie?
1213 3515 1342 3585 quid
1373 3515 1533 3582 dicis,
1573 3513 1882 3568 Eunomie?
1925 3512 2126 3583 zEdiﬁ-

549 3607 679 3662 cubo
724 3606 1020 3660 Ecclesium
1060 3623 1251 3670 ineant,
1289 3608 1468 3676 inquit
1501 3607 1802 3672 Christus;
1829 3621 1936 3660 non
1959 3607 2124 3672 dixit,

552 3697 861 3753 Eiliﬁcabo
899 3699 1080 3752 Patris
1117 3698 1447 3754 Ecclesiam.
1500 3697 1699 3754 Noscis
1747 3701 2127 3752 auctoritatem

553 3787 700 3850 Filii,
739 3788 923 3842 noscis
951 3797 1281 3857 potestatem
1313 3788 1551 3856 Domini,
1582 3803 1711 3842 ecce
1745 3788 1913 3842 Filius
1944 3788 2130 3842 Eccle-

553 3880 690 3932 siain
735 3876 982 3946 possidet
1034 3878 1207 3932 solus.
1260 3877 1335 3931 Da
1379 3877 1517 3932 mihi
1570 3877 1748 3932 Patris
1786 3875 2125 3943 Ecclesiam;

554 3984 746 4026 exsors
768 3978 851 4024 est
871 3969 1129 4023 Ecclesiae
1153 3967 1337 4033 Pater,
1365 3970 1624 4025 exclusus
1651 3975 1718 4023 ab
1745 3969 1984 4023 Ecclesia
2024 3969 2127 4023 Pa-

557 4074 671 4129 ter;
707 4063 810 4118 nisi
837 4079 942 4116 una
981 4062 1052 4117 sit
1077 4063 1384 4117 substantia
1411 4062 1589 4118 Patris
1619 4074 1673 4118 et
1699 4063 1856 4130 Filii;
1881 4079 1989 4117 non
2031 4061 2130 4117 Ec-

555 4156 722 4212 clesia
765 4171 870 4209 una
909 4153 1092 4209 Patris
1119 4163 1173 4208 et
1201 4155 1322 4208 Filii
1353 4163 1456 4222 est,
1490 4156 1764 4225 quomodo
1792 4154 1912 4210 Filii
1941 4156 2130 4209 Eccle-

555 4248 652 4302 sia:
678 4246 1030 4317 participabit
1081 4244 1282 4300 Pater?
1338 4246 1616 4314 Attamen,
1660 4248 1704 4301 si
1743 4247 1970 4300 inferior
1999 4249 2130 4301 sub-

521 4326 754 4392 'stantia
804 4348 950 4392 esset
980 4337 1154 4392 Filius
1193 4347 1248 4391 et
1290 4338 1626 4392 auctoritate
1649 4339 1919 4407 privatus,
1949 4352 2130 4390 nonne

556 4429 746 4484 debuit
783 4430 1008 4483 dicere:
1044 4426 1353 4483 Ediﬁcabo
1387 4429 1569 4485 Patris
1602 4430 1938 4485 Ecclesiam?
1966 4429 2130 4484 Vides

557 4531 638 4584 ut,
672 4521 716 4575 si
749 4523 873 4590 quis
908 4523 1092 4575 verbis
1144 4523 1366 4586 haereat,
1403 4537 1578 4591 neque
1619 4537 1748 4577 suas
1778 4523 2134 4592 cegitatioues

557 4622 841 4682 sequatur,
875 4612 928 4664 in
957 4610 1284 4680 prwcipitia,
1306 4611 1542 4677 sicuttu,
1566 4621 1618 4664 et
1648 4613 1697 4663 in
1720 4612 1945 4681 abyssos
1967 4613 2131 4664 cadit.

630 4792 810 4848 Porta:
837 4795 997 4864 inferi
1040 4812 1140 4849 non
1176 4797 1531 4864 prtevalebunt
1584 4799 1832 4852 adversus
1877 4814 2016 4864 eam,
2067 4797 2135 4851 de

559 4887 853 4950 mortibus,
880 4896 940 4940 ut
959 4888 1181 4957 opinor,
1201 4889 1334 4942 dicit
1362 4891 1526 4943 illatis
1551 4891 1618 4943 ab
1653 4890 1919 4942 haereticis
1942 4899 1993 4940 et
2020 4888 2136 4939 ido-

559 4978 776 5033 lolatria
834 4980 1178 5034 credentium
1208 4982 1555 5049 corporibus,
1608 4996 1783 5050 neque
1831 4978 2134 5034 valentibus

558 5071 766 5126 aliauid
803 5070 1008 5139 facere,
1051 5082 1145 5126 aut
1174 5074 1439 5128 adversus
1479 5088 1573 5128 eos
1601 5072 2038 5143 prmi-alentibus.

629 5253 798 5312 Vens.
828 5255 914 5310 l9.
944 5255 1058 5311 Cur
1086 5257 1242 5324 dicit,
1275 5255 1344 5310 Et
1375 5273 1468 5326 ego
1512 5257 1605 5309 tibi
1633 5255 1770 5308 dabo
1795 5254 1961 5310 claues
1990 5258 2134 5326 regni

558 5341 853 5400 caelorum?
887 5345 1132 5401 Similem
1166 5364 1225 5402 se
1263 5347 1411 5401 Patri
1452 5347 1766 5401 ostendens.
1795 5344 1864 5399 Ut
1898 5348 2016 5412 iste,
2046 5347 2132 5398 di-

559 5437 652 5499 cit,
685 5436 836 5490 dedit
873 5437 1076 5492 donum
1121 5438 1494 5495 confessionis
1539 5440 1726 5505 istius,
1757 5441 1837 5494 sic
1874 5455 1973 5509 ego
2018 5440 2132 5492 sol-

566 5529 725 5582 vendi
757 5540 810 5584 et
843 5529 1046 5602 ligandi
1078 5532 1284 5588 donum
1323 5549 1336 5586 :
1382 5548 1491 5587 non
1540 5533 1686 5588 enim
1720 5533 1854 5587 dixit
1895 5550 1909 5586 :
1948 5532 2134 5586 Advo-

562 5633 692 5674 cans
722 5621 884 5675 dabo.

639 5709 800 5768 Vsus.
828 5713 918 5768 2|.
951 5714 1158 5772 Exinde
1184 5719 1339 5773 comit
1369 5718 1527 5774 Iesus
1561 5720 1833 5775 ostendere
1857 5721 1970 5775 illis
1999 5719 2127 5778 auia

2219 1885 2532 1955 ὠνομάζετο
2564 1885 2748 1954 (λέγει
2812 1887 2911 1953 γὰρ
2968 1883 2996 1933 6
3042 1884 3348 1952 προφήτης·
3403 1885 3547 1950 οὐχὶ
3608 1882 3803 1949 Πατὴρ

2222 1979 2464 2030 πάντων
2504 1975 2674 2044 ἡμῶν
2709 1979 2741 2029 ό
2771 1973 2999 2043 Θεός;),
3054 1975 3141 2028 διὰ
3191 1973 3350 2026 τοῦτο
3384 1974 3516 2026 ἴδιόν
3566 1991 3670 2042 μου
3701 1975 3804 2026 Ila-

2225 2070 2362 2137 τέρα
2395 2069 2694 2138 προσεῖπον
2740 2066 2830 2118 τὸν
2867 2064 3022 2127 Θεὸν,
3055 2065 3129 2126 ὡς
3155 2064 3286 2116 ὄντα
3320 2064 3562 2136 Πατέρα,
3600 2066 3702 2134 οὐχ
3733 2064 3803 2128 ὡς

2223 2158 2367 2212 κατὰ
2395 2159 2554 2227 χάριν
2592 2156 2833 2224 Πατέρα,
2863 2155 2978 2208 ἀλλ’
3002 2156 3076 2218 ὼς
3107 2155 3248 2207 κατὰ
3283 2155 3468 2224 φύσιν.

2325 2250 2536 2319 Νῆψον,
2567 2251 2775 2319 Ἀρειε,
2810 2249 2906 2300 καὶ
2932 2249 3127 2318 μικρὸν
3159 2251 3258 2318 τῆς
3284 2249 3482 2316 μανίας
3513 2246 3800 2316 ἀπόστηθι·

2223 2338 2360 2405 εἶδες
2401 2341 2610 2411 Πατρδς
2664 2339 2933 2406 ἐξουσίαν·
2969 2338 3135 2407 βλέπε
3167 2339 3264 2392 καὶ
3311 2337 3441 2391 Υίοῦ
3494 2339 3799 2392 αύθεντίαν.

2222 2434 2394 2502 Κάγὼ
2437 2433 2502 2486 δέ
2542 2448 2643 2484 σοι
2701 2432 2877 2499 λέγω.
2947 2431 3137 2498 Κάγώ.
3195 2431 3282 2492 Ὠς
3349 2429 3488 2498 μετὰ
3522 2430 3803 2491 αὐθεντίας

2223 2523 2575 2588 ἀπεκάλυψεν
2607 2523 2634 2574 6
2673 2521 2884 2592 Πατὴρ,
2939 2519 3115 2584 οὕτως
3166 2520 3323 2588 κάγὼ
3357 2523 3476 2588 μετ’
3512 2519 3798 2582 αὐθεντίας

2225 2613 2596 2669 ἀποκαλύπτω
2634 2612 2692 2663 τὸ
2731 2616 2832 2682 μέ·
2891 2611 3063 2680 Κάγὼ
3101 2611 3170 2664 δέ
3224 2626 3325 2665 σοι
3375 2610 3553 2682 λέγω,
3605 2613 3803 2672 ἐκεῖνος

2225 2703 2398 2772 εἶπεν,
2427 2707 2488 2758 ού
2528 2704 2707 2758 τοῦτο·
2746 2703 2902 2770 κάγὼ
2931 2704 2988 2756 δέ
3029 2720 3112 2757 σοι
3157 2703 3304 2770 λέγω
3335 2702 3510 2767 τοῦτο,
3545 2703 3629 2756 ὅτι
3665 2704 3728 2755 σὺ
3758 2705 3806 2764 εἴ

2225 2797 2452 2864 Πέτρος·
2487 2793 2561 2856 ὡς
2614 2791 2888 2862 ὲκὴρυξάς
2937 2809 3039 2862 μου
3090 2792 3151 2846 τὸ
3207 2791 3337 2845 ἴδιον
3386 2793 3482 2846 καὶ
3511 2793 3803 2846 ἀσάλευτον

2225 2890 2321 2954 τῆς
2370 2886 2644 2955 θεότητος,
2697 2882 2869 2947 οὕτως
2921 2884 3078 2952 κάγὼ
3136 2883 3394 2954 κηρύττω
3442 2901 3537 2936 σου
3597 2884 3659 2937 τὸ
3711 2883 3802 2952 τῆς

2225 2978 2513 3047 ὁμολογίας
2539 2976 2855 3030 ἀσάλευτον·
2893 2976 2951 3041 ἐξ
2973 2969 3048 3029 ὧν
3074 2972 3255 3040 εἴπας,
3301 2975 3400 3048 τὴν
3429 2976 3802 3046 προσηγορίαν

2232 3071 2480 3139 κομίζου.

2311 3162 2383 3212 T6
2427 3160 2557 3213 Ἐπὶ
2593 3162 2777 3226 ταύτῃ
2799 3163 2984 3226 πέτρᾳ
3005 3159 3378 3228 οἰκοδομήσω
3394 3177 3514 3228 μου
3540 3160 3660 3226 τὴν
3692 3159 3804 3211 Ἐκ-

2236 3254 2727 3325 κ.1ησι”αν,ὲπὶτῇ
2762 3251 3021 3325 ὁμολογία
3037 3253 3206 3319 λέγει·
3241 3253 3448 3320 πέτραν
3465 3252 3522 3304 δὲ
3559 3253 3711 3318 λέγει
3726 3252 3805 3304 διὰ

2234 3345 2295 3396 τὸ
2324 3346 2557 3416 στερρὰν
2605 3341 2748 3399 εἶναι
2778 3348 2876 3416 τὴν
2918 3345 3174 3415 τοιαύτην
3207 3342 3410 3396 πίστιν·
3476 3341 3800 3412 Ἐκκλησίαν

2234 3435 2290 3486 δὲ
2321 3431 2473 3488 εἶπεν
2501 3437 2585 3488 ὅτι
2616 3437 2801 3490 πολλοὶ
2834 3436 3122 3506 μέλλουσιν
3154 3433 3403 3487 πιστεύει

2307 3527 2371 3578 Τί
2418 3527 2618 3594 λέγεις,
2651 3527 2877 3598 ’Δρειε;
2922 3527 2974 3579 τί
3012 3525 3214 3593 λέγεις,
3261 3524 3528 3593 Εὑνὸμιε;
3565 3523 3798 3577 Οἰκοδο-

2229 3615 2406 3686 mimo
2425 3633 2544 3687 μου
2587 3618 2700 3685 τὴν
2755 3617 3147 3686 Ἐκκλησίαν,
3174 3611 3326 3669 εἶπεν
3358 3617 3385 3667 6
3416 3616 3673 3685 Χριστός·
3706 3615 3798 3666 οὐκ

2235 3705 2408 3762 εἶπεν·
2467 3709 2819 3780 Οἰκοδομήσω
2855 3711 2954 3778 τὴν
3002 3709 3098 3762 τοῦ
3161 3708 3375 3776 Πατρὸς
3454 3707 3797 3776 Ἐκκλησίαν.

2236 3794 2391 3859 Εἶδες
2449 3798 2740 3851 αύθεντίαν
2799 3798 2952 3862 Υίοῦ,
3014 3794 3155 3861 εἶδες
3212 3795 3460 3861 ἐξουσίαν
3512 3797 3800 3849 Δεσπότου·

2239 3889 2348 3943 ἰδοὺ
2377 3893 2404 3944 6
2433 3890 2560 3953 Υἱὸς
2602 3890 2930 3961 Ἐκκλησίαν
2961 3891 3224 3960 κέκτηται
3261 3891 3440 3960 μόνος·
3473 3888 3558 3950 δός
3597 3907 3688 3959 μοι
3714 3888 3802 3958 τὴν

2235 3982 2330 4035 τοῦ
2345 3983 2552 4052 Πατρὺς
2570 3982 2913 4053 Ἐκκλησίαν·
2937 3981 3159 4051 ἄμοιρος
3181 3982 3209 4034 6
3234 3980 3422 4050 Πατὴρ
3459 3977 3800 4049 Ἐκκλησίας⁶

2235 4074 2503 4145 ἀκτήμων
2555 4076 2583 4126 ὁ
2627 4074 2816 4144 Πατὴρ
2874 4072 3221 4141 Ἐκκλησίας·
3271 4072 3320 4123 εί
3381 4073 3455 4141 μὴ
3507 4070 3608 4140 μία
3656 4069 3800 4122 οὐσία

2239 4165 2449 4234 Πατρὸς
2483 4166 2578 4218 καὶ
2620 4163 2772 4229 Υίοῦ,
2824 4164 2945 4216 οὐδὲ
2987 4163 3292 4233 Ἐκκλησία
3329 4162 3430 4232 μία
3462 4163 3676 4232 ﬂat-:96;
3715 4161 3801 4214 καὶ

2242 4255 2394 4319 Υἰοῢ,
2430 4258 2545 4318 πῶς
2579 4254 2709 4308 Υίοῦ
2757 4257 3078 4324 κοινωνήσει
3118 4255 3186 4323 τῇ
3232 4251 3528 4324 Ἐκκλησία
3577 4254 3798 4321 Πατήρ;

2240 4345 2432 4399 Καίτοι
2455 4348 2502 4398 εί
2527 4345 2843 4410 ὑπεξούσιος
2866 4339 2932 4415 ἦν
2956 4347 2983 4396 6
3009 4343 3134 4406 Υἱὸς
3158 4344 3251 4396 καὶ
3275 4345 3482 4412 γυμνὸς
3501 4345 3798 4404 αὑθεντίας.

2163 4466 2208 4520 D
2237 4437 2337 4490 οὐκ
2390 4436 2619 4506 ὤφειλεν
2657 4438 2829 4488 εἰπεῖν
2860 4453 2873 4466 ·
2915 4436 3266 4506 Οἰκοδομήσω
3310 4436 3410 4506 τὴν
3454 4436 3548 4488 τοῦ
3602 4436 3800 4504 Πατῴ,

2249 4526 2606 4596 Ἐκκλησίαν;
2654 4527 2816 4597 Ὁρᾷς
2844 4526 2918 4589 ὡς
2956 4524 3009 4577 εἴ
3045 4542 3127 4589 τις
3156 4525 3398 4578 δουλεύει
3422 4527 3540 4590 ταῖς
3582 4526 3799 4590 λέξεσιν,

2236 4620 2327 4671 καὶ
2372 4621 2448 4689 μὴ
2478 4623 2588 4682 τοῖς
2642 4620 3021 4688 ἐνθυμήμασιν
3070 4619 3283 4682 ἕπεται,
3337 4618 3473 4688 πρὸς
3507 4619 3799 4690 κρημνοὺς,

2236 4711 2486 4780 καθάπερ
2518 4711 2606 4775 σὺ,
2638 4712 2830 4762 πίπτει
2861 4709 2955 4761 καὶ
2986 4708 3254 4780 βάραθρα.

2319 4803 2412 4868 Τὸ,
2445 4803 2637 4855 Πύλαι
2672 4800 2820 4869 ᾅδου
2863 4803 2932 4855 οὐ
2982 4802 3467 4869 κατισχύσουσιν
3495 4800 3703 4869 αὐτῆς,
3734 4798 3800 4862 ὡς

2237 4891 2502 4961 ἠγοῦμαι,
2532 4892 2658 4955 τοὺς
2692 4890 2957 4950 Θανάτους
2986 4887 3133 4956 λέγει
3155 4891 3280 4951 τοὺς
3311 4890 3398 4942 διὰ
3417 4891 3524 4942 τῶν
3548 4893 3801 4960 αἱρέσεων

2238 4986 2330 5037 καὶ
2364 4983 2764 5054 εἰδωλολατρῶν
2801 4983 3232 5052 ἐπιφερομένους
3263 4985 3356 5036 ἐπὶ
3383 4983 3492 5037 τῶν
3530 4983 3798 5036 πιστευόνη

2236 5091 2343 5127 των
2392 5075 2460 5127 τὰ
2507 5074 2756 5143 σώματα,
2785 5073 2880 5126 καὶ
2919 5073 2997 5142 μὴ
3047 5073 3382 5144 ἰσχυσάντων
3414 5090 3466 5126 τι
3511 5073 3733 5143 ποιῆσαι
3770 5068 3797 5137 ἢ

2238 5169 2560 5239 κατισχῦσαι
2591 5170 2787 5224 αὐτῶν.

2324 5261 2424 5313 Διὰ
2469 5263 2520 5313 τί
2571 5261 2742 5328 λέγει,
2783 5263 2892 5316 Καὶ
2937 5261 3053 5331 ἐγὼ
3101 5259 3169 5313 δέ
3214 5276 3314 5314 σοι
3352 5259 3459 5324 τὰς
3504 5256 3672 5322 κλεῖς
3703 5254 3797 5308 τοῦ

2235 5353 2538 5421 οὐρανοῦ;
2579 5355 2803 5423 ’Ὅμοιον
2843 5355 3035 5409 ἑαυτὸν
3082 5353 3296 5415 δεικνὺς
3335 5351 3413 5422 τῷ
3459 5351 3652 5422 Πατρί.
3719 5348 3796 5407 Ὠς

2237 5447 2463 5506 ἐκεῖνος,
2497 5446 2682 5512 φησὶν.
2707 5445 2876 5497 ἔδωκε
2903 5445 2964 5498 τὸ
3002 5445 3247 5514 χάρισμα
3276 5443 3374 5512 τῆς
3397 5441 3649 5510 γνώσεως
3682 5437 3798 5491 τιιύ⁴

2237 5555 2353 5606 της,
2376 5537 2545 5599 οὕτως
2577 5536 2686 5604 ἐγὼ
2712 5538 2770 5590 τὸ
2800 5537 2945 5591 λύειν
2974 5540 3067 5592 καὶ
3090 5537 3329 5606 δεσμεῖν·
3361 5538 3463 5589 οὐκ
3492 5532 3644 5588 εἶπεν
3675 5534 3793 5604 γάρ·

2235 5630 2317 5681 Ila
2329 5629 2631 5700 ρακαλέσας
2659 5630 2834 5684 δώσω.

2323 5720 2463 5772 Ἀπὸ
2492 5721 2622 5774 τότε
2652 5721 2874 5787 ἤρξατο
2905 5725 2937 5776 ό
2981 5721 3222 5791 Ἰησοῦς
3263 5721 3563 5777 δεικνύειν
3604 5717 3793 5778 αὐτοῖς
