4026 6404
329 357 348 424 l
369 359 464 422 129
1321 353 1644 416 SCIIOLIA
1689 353 1919 414 YE'l‘EF

2033 354 2108 414 lN
2153 354 2620 416 ΜΛΤΤΙΗΞΗΜ.
3451 349 3469 412 l
3489 349 3583 414 130

326 476 413 528 ὅτι
448 470 542 524 δεῖ
583 468 770 522 αὐτὸν
806 467 1007 522 πολλὰ
1056 465 1288 520 παθεῖν.
1351 466 1486 518 Ἀπὸ
1533 463 1677 528 τότε,
1739 463 1904 526 urire;

2013 475 2214 533 oportet
2249 481 2366 519 eum
2395 464 2566 518 multa
2596 463 2712 533 pati
2745 476 2764 516 :
2793 460 3038 532 quando,
3081 459 3320 516 exinde?
3351 459 3585 526 Quando

327 566 457 619 Ὅτε
490 560 692 632 ἔπηξεν
728 562 785 614 ἒν
820 561 1006 624 αὐτοῖς
1031 559 1091 612 τὸ
1132 559 1307 628 δόγμα
1339 558 1399 611 τὸ
1429 557 1610 626 ὀρθόν·
1659 555 1910 624 ἐνόμιζον

2013 559 2129 612 lixit
2163 559 2214 611 in
2247 557 2328 612 eis
2359 557 2558 627 dogma
2598 565 2848 622 rectum;
2885 553 3150 624 putabant
3205 555 3354 608 enim
3412 555 3585 610 multo

327 655 434 726 γὰρ
466 652 646 722 πολλῷ
679 651 887 722 βέλτιον
912 651 974 704 τὸ
1007 651 1082 722 μὴ
1114 651 1407 704 ἀποθανεῖν
1436 649 1622 702 αὐτόν.

1287 653 1407 702 ινεϊν
1436 649 1622 702 αὐτόν.
2013 649 2210 703 melius
2235 663 2358 702 esse
2391 648 2546 702 illum
2575 663 2685 703 non
2715 648 2877 702 mori.

419 749 514 812 Τὸ,
587 743 1056 814 Ἂπαρνησάσθω
1121 741 1360 807 ἑαυτὸν,
1423 740 1666 794 τοιοῦτον
1736 740 1905 792 ἐστιν·

2087 738 2256 796 Vens.
2290 741 2362 794 24
2417 737 2579 802 Illud,
2631 740 2866 810 Abneget
2913 739 3270 808 semetipsum,
3309 739 3416 792 tale
3457 747 3536 792 est
3570 753 3585 790 :

326 842 562 911 Ὥσπερ.
590 839 776 910 φησὶν,
813 837 1002 905 ἑτέρου
1035 835 1398 906 τυπτομένου,
1433 833 1465 904 ἦ
1501 833 1600 904 τὴν
1665 833 1760 884 ἐπὶ
1803 832 1903 885 θα-

2015 831 2188 898 Sicut,
2213 831 2409 901 inquit,
2431 830 2584 886 alteri
2609 845 2896 900 percusso,
2931 831 3110 886 autad
3129 839 3365 886 mortem
3397 831 3587 893 ductu,

325 937 474 1004 vita)
519 934 792 1004 ἀγομένου
839 934 874 1004 ἢ
913 929 1330 1002 μαστιζομένου,
1388 929 1488 981 οὐκ
1532 928 1618 980 ἀεὶ
1639 926 1910 996 παρίσταο

2013 935 2105 978 aut
2137 923 2430 994 ﬂagellato,
2459 937 2568 978 non
2601 938 2818 991 semper
2841 921 3240 985 succurrimus,
3269 938 3378 975 non
3409 922 3589 988 anitu-

331 1031 492 1100 μεθα,
519 1028 580 1080 οὐ
618 1021 946 1096 βοηθοῦμεν,
991 1024 1052 1076 οὐ
1088 1021 1285 1092 πάσχει
1331 1039 1385 1076 τι
1419 1019 1558 1092 πρὸς
1589 1019 1752 1072 αὑτὸν
1783 1035 1912 1070 τοσ-

2013 1017 2213 1080 lamur,
2261 1030 2372 1070 non
2419 1013 2601 1069 omnis
2641 1015 2736 1084 qui
2773 1014 2920 1068 videt
2955 1013 3082 1068 talia
3113 1013 3318 1082 patitur
3348 1027 3446 1082 pro
3474 1012 3587 1074 illo,

327 1121 486 1174 οὖτον
534 1120 564 1173 ό
591 1118 758 1190 ὁρῶν,
784 1116 928 1171 οὕτω
955 1116 1078 1170 οὐδὲ
1123 1117 1210 1184 ἐφ’
1244 1113 1478 1176 ἑαυτῶν,
1532 1110 1636 1164 κᾶν
1667 1107 1907 1163 ὲλαυνώ-

2013 1109 2096 1164 sic
2114 1123 2288 1179 neque
2318 1123 2422 1163 nos
2451 1107 2505 1162 in
2541 1107 2722 1172 nobis,
2751 1108 2878 1163 licet
2907 1107 3270 1175 expellamur,
3306 1105 3432 1160 licet
3469 1119 3589 1159 mo-

331 1213 496 1284 μεθα,
524 1211 626 1265 κᾶν
655 1210 1004 1281 θνήσκωμεν,
1031 1207 1112 1261 δεῖ
1145 1207 1292 1278 ἡμᾶς
1326 1202 1522 1262 πολλοῦ
1550 1202 1710 1270 λόγον
1739 1202 1910 1254 ποιεῖ-

1494 1202 1522 1256 ὗ
1550 1202 1710 1270 λόγον
1739 1202 1910 1254 ποιεῖ-
2015 1201 2246 1265 riamur,
2279 1206 2498 1270 oportet
2528 1198 2684 1254 multi
2720 1197 2900 1254 facere
2934 1199 3084 1252 talia.

329 1306 455 1360 σθαι
479 1305 709 1360 τούτων.

399 1399 494 1464 Τδ,
556 1395 768 1464 Ἆριίτω
814 1393 922 1450 τὸν
972 1392 1243 1461 σταυρὸν
1271 1389 1460 1445 αὑτοῦ
1505 1389 1604 1442 καί
1651 1389 1912 1442 ἀκολου-

2093 1385 2264 1440 Τοίίαι
2295 1401 2506 1440 crucem
2529 1401 2685 1440 suam
2719 1397 2769 1439 et
2800 1395 3056 1454 sequatur
3089 1402 3188 1451 me,
3237 1395 3469 1441 mortem
3507 1386 3593 1440 in-

329 1491 500 1544 θείτω
527 1507 652 1559 μοι,
692 1488 784 1540 τὸν
811 1487 1040 1542 θάνατον
1069 1485 1241 1553 λέγει,
1275 1485 1368 1537 καὶ
1400 1481 1632 1536 θάνατον
1667 1479 1758 1534 τὸν
1813 1480 1910 1530 ἐπ-

1511 1497 1632 1534 ατον
1667 1479 1758 1534 τὸν
1813 1480 1910 1530 ἐπ·
2016 1477 2231 1548 telligit,
2260 1485 2316 1532 et
2345 1485 2580 1532 mortem
2618 1477 3101 1532 contumeliosam.

329 1599 415 1636 ονε
427 1582 646 1635 ίδιστον.

416 1673 512 1738 Τὸ,
564 1675 671 1739 ’ος
720 1671 796 1726 ἂν
829 1671 977 1738 θέλῃ
1032 1669 1148 1736 τὴν
1196 1667 1412 1737 ψυχὴν
1462 1665 1649 1720 αὐτοῦ
1691 1665 1906 1730 σῶσαι,

2093 1661 2262 1718 Vens.
2303 1661 2394 1717 25.
2434 1661 2538 1726 Qui
2577 1661 2804 1716 voluerit
2835 1665 3070 1716 animant
3095 1679 3246 1718 suam
3281 1662 3480 1717 soleant
3508 1665 3595 1730 [a-

329 1765 629 1820 dJthEO'et
664 1763 884 1831 αὐτὴν,
915 1762 1044 1832 περὶ
1072 1761 1170 1830 τῆς
1200 1759 1352 1832 παρὰ
1382 1759 1443 1812 τδ
1487 1758 1602 1812 δέον
1635 1757 1910 1828 σωτηρίας

2017 1771 2155 1819 cere,
2190 1755 2526 1824 perdeteam,
2565 1753 2632 1810 de.
2663 1755 2839 1810 salute
2867 1756 2922 1808 in
2947 1754 3128 1810 ollicio
3162 1756 3490 1824 complenda
3511 1757 3593 1810 di-

329 1858 502 1926 λέγει,
524 1855 622 1928 τὴν
655 1857 719 1908 ὲκ
755 1823 1162 1910 των-κινδύνων
1191 1823 1463 1924 διαφυγὴν
1502 1823 1910 1907 ἀπώλειαν-κα-

2016 1846 2112 1910 cit,
2153 1846 2521 1916 periculorum
2559 1845 2740 1916 fugam
2779 1847 3142 1917 perditionem
3175 1863 3418 1914 vocans;
3469 1857 3528 1900 ut
3567 1863 3597 1902 e

329 1949 461 2002 λῶν·
488 1949 679 2019 ὥσπερ
706 1948 800 2002 καὶ
828 1946 1137 2002 τούναντίον
1174 1943 1471 2016 σωτηρίαν,
1507 1946 1610 2012 τὴν
1649 1940 1914 1996 δοκοῦσαν

1863 1958 1914 1994 ιν
2015 1938 2296 1994 contrario
2320 1938 2550 1995 salutem
2581 1939 2730 2005 dicit,
2762 1940 2907 2010 quod
2951 1939 3164 1994 videtur
3196 1941 3453 2010 perditio.

327 2039 632 2094 ἀπώλειαν.

409 2133 508 2198 Τὸ,
542 2131 680 2186 Εἰσί
731 2147 892 2194 τινες
935 2129 1054 2183 τῶν
1085 2123 1201 2182 ὧδε
1234 2126 1579 2196 ἑστηκότων
1612 2125 1670 2181 οἳ
1713 2129 1785 2182 οὐ
1826 2127 1913 2196 μὴ

2096 2121 2258 2178 Vens.
2292 2123 2381 2179 ‘28.
2413 2123 2550 2180 Sunt
2584 2125 2804 2195 quidam
2835 2126 2898 2180 de
2945 2128 3030 2182 Itic
3073 2128 3340 2182 stantibus
3371 2131 3463 2200 qui
3493 2147 3599 2184 non

331 2227 664 2296 γεύσωνται
691 2224 956 2278 θανάτου
985 2221 1098 2287 ἕως
1121 2221 1198 2276 ἂν
1241 2220 1456 2273 ίδωσιν
1481 2219 1590 2273 τὸν
1643 2219 1781 2273 Υἱὲ-ν
1809 2218 1914 2273 τοῦ

2015 2217 2302 2286 gustabunt
2332 2228 2574 2286 mortem,
2595 2217 2758 2272 donec
2784 2219 2991 2273 uacant
3017 2219 3220 2274 Filium
3251 2222 3480 2276 hominis
3511 2239 3599 2276 ve-

328 2316 649 2386 άνθρώπου
683 2315 1012 2386 ἐρχόμενον
1039 2315 1109 2368 ἐν
1149 2311 1225 2382 τῇ
1253 2312 1544 2382 ,βασιλείᾳ
1575 2311 1782 2377 αὑτοῦ,
1817 2312 1912 2383 βα-

2019 2305 2323 2360 nicn:emin
2356 2321 2514 2375 regno
2567 2322 2703 2372 suo;
2751 2322 2978 2378 regnum
3035 2325 3198 2364 suum
3249 2310 3383 2365 dicit
3440 2327 3595 2366 suam

330 2410 536 2466 σιλείαν
586 2408 754 2464 αὑτοῦ
805 2407 982 2476 λέγων
1029 2407 1129 2478 τὴν
1200 2406 1646 2478 μεταμόρφωσιν,
1701 2404 1764 2457 οὐ
1818 2403 1916 2475 τὴν

2020 2400 2578 2470 transliguratiouem,
2641 2415 2748 2454 non
2801 2401 3205 2467 ascensionem,
3263 2409 3324 2456 ut
3359 2403 3595 2473 opinor;

329 2500 624 2572 ἀνάληψιν,
657 2499 732 2562 ὡς
756 2499 1019 2571 ἠγοῦμαι·
1049 2493 1152 2554 ὧδε
1191 2497 1320 2568 γὰρ,
1357 2496 1521 2560 τινὲς,
1551 2497 1667 2549 ἐκεῖ
1694 2495 1750 2548 δὲ
1783 2495 1917 2548 πάν-

2017 2507 2142 2547 nam
2167 2493 2314 2546 illam
2342 2492 2566 2562 quidam
2599 2492 2881 2559 videbunt,
2919 2494 3060 2548 hanc
3081 2510 3209 2550 vero
3239 2511 3452 2552 omnes.
3479 2499 3599 2551 Ali-

329 2612 448 2659 τες.
493 2595 602 2651 Kal
642 2595 846 2662 ἄλλως
873 2609 887 2624 ·
912 2593 1090 2648 Εἱσίν
1142 2607 1300 2658 τινες
1356 2589 1476 2644 τῶν
1508 2588 1622 2644 ὦδε
1666 2588 1915 2657 eamad;

2020 2594 2100 2640 ter
2129 2603 2142 2638 :
2173 2583 2308 2640 Sunt
2341 2586 2560 2654 quidam
2593 2584 2656 2639 de
2691 2584 2774 2638 hic
2805 2589 3086 2653 stantibus,
3139 2597 3272 2655 etc.;
3307 2589 3375 2644 de
3411 2591 3597 2656 Petro,

329 2702 473 2753 των,
504 2685 599 2740 καὶ
647 2684 795 2757 ἑξῆς·
835 2684 926 2738 διὰ
973 2685 1064 2738 τὸν
1119 2683 1326 2756 Πέτρον
1359 2683 1456 2736 καὶ
1518 2683 1773 2736 Ἰάκωϐον
1825 2682 1916 2735 καὶ

2017 2677 2222 2733 Jaeoho
2250 2687 2304 2732 et
2323 2675 2532 2732 Joanne
2565 2679 2846 2748 loquitur;
2874 2679 2928 2734 hi
2968 2681 3113 2736 enim
3155 2681 3209 2736 in
3248 2683 3602 2756 transﬁgura-

339 2777 600 2847 Ἰωάννην
631 2776 816 2848 φησίν·
851 2769 996 2832 οὗτοι
1021 2775 1129 2848 γὰρ
1154 2776 1211 2828 ἐν
1235 2778 1299 2844 τῇ
1329 2772 1753 2844 μεταμορφώσει
1780 2790 1915 2840 συμ-

2023 2771 2168 2825 tione
2193 2785 2318 2825 cum
2347 2769 2440 2825 illo
2481 2771 2754 2839 assumpti
2791 2781 2942 2837 sunt,
2978 2788 3144 2843 quam
3175 2785 3333 2830 vocat
3369 2791 3597 2848 regnum

329 2869 788 2940 παρελήφθησαν,
822 2870 888 2941 ἢν
919 2869 1074 2924 καλεί
1098 2867 1378 2940 βασιλείαν
1405 2865 1596 2920 αὑτοῦ·
1643 2865 1716 2930 ὡς
1743 2865 1917 2935 ἐκφή-

2021 2879 2219 2930 suum;
2254 2861 2414 2932 quasi
2441 2861 2885 2919 maniiestantem
2914 2868 3220 2935 potentiam
3249 2868 3372 2938 ejus
3403 2868 3599 2924 iuell'a-

329 2978 506 3016 νασαν
552 2961 652 3031 τῆς
699 2961 950 3028 ἐξουσίας
994 2960 1058 3014 τὸ
1102 2961 1331 3028 ἄφατον,
1373 2957 1470 3011 καὶ
1509 2960 1608 3027 τῆς
1654 2957 1789 3028 πρὸς
1825 2957 1918 3009 τὸν

2023 2953 2204 3018 bilem,
2242 2962 2296 3010 et
2319 2953 2578 3008 unionem
2607 2968 2733 3010 cum
2762 2953 2927 3010 Patre
2960 2955 3270 3013 mirabilem
3311 2967 3365 3012 et
3389 2958 3603 3014 incom-

331 3050 556 3122 Πατέρα
591 3049 950 3120 γνησιότητος
991 3050 1053 3104 τὸ
1082 3049 1309 3121 σφοδρὸν
1340 3049 1434 3102 καὶ
1471 3048 1914 3118 ἀπαράλλακτον·

2022 3045 2343 3116 parabilem.
2377 3045 2434 3100 lu
2483 3045 2574 3100 illa
2599 3045 2746 3100 enim
2773 3046 3002 3102 secundi
3029 3047 3114 3102 sui
3143 3049 3408 3106 adventus
3435 3053 3558 3122 majt
3579 3083 3603 3096 -

329 3145 393 3198 tu
420 3145 558 3216 αὐτῇ
586 3145 694 3216 γὰρ
719 3145 815 3200 καὶ
844 3145 944 3215 τῆς
979 3144 1243 3216 δευτέρας
1291 3142 1461 3197 αὑτοῦ
1507 3143 1813 3212 παρουσίας
1857 3141 1918 3194 τὸ

2029 3148 2227 3194 statem
2257 3148 2314 3193 et
2339 3146 2609 3194 terrorem
2663 3139 3052 3208 subosteudit;
3089 3143 3416 3212 pratludium
3451 3144 3601 3200 illam

329 3235 554 3306 ἀξίωμα
581 3237 674 3290 καί⁵
716 3237 778 3290 τὺ
809 3236 1037 3308 φρικτὸν
1077 3235 1417 3308 ὑπεδήλωσε·
1457 3235 1744 3306 προοίμιον
1781 3234 1914 3288 ταύ-

1781 3234 1914 3288 ταὺ-
2023 3231 2212 3302 hujus,
2240 3239 2293 3286 et
2325 3232 2485 3302 quasi
2516 3231 2992 3289 continuationem
3023 3249 3361 3306 prrpouens.

331 3347 438 3400 την
466 3329 705 3399 ἐκείνης,
731 3331 824 3382 καὶ
849 3325 960 3383 οἷον
990 3327 1280 3399 βεϐαίωσιν
1309 3327 1704 3398 ἐνδειξάμενος.

907 3440 1159 3497 ΚΕΦΑΛ.
1214 3442 1314 3496 IZ'.

2602 3439 2834 3496 CAPUT
2856 3440 3018 3497 XVII.

413 3553 520 3608 Kal
548 3555 680 3622 μεθ’
729 3553 950 3623 ἡμέρας
993 3553 1063 3619 ἐξ
1095 3554 1544 3624 παραλαμϐάνει
1597 3557 1630 3609 d
1679 3553 1920 3624 Ἰησοῦς

2095 3549 2257 3605 Vens.
2299 3551 2350 3606 l.
2387 3549 2454 3604 Et
2503 3561 2619 3622 post
2658 3553 2770 3607 dies
2797 3569 2888 3608 sea:
2923 3557 3144 3607 assumit
3173 3552 3329 3610 Jesus
3356 3553 3601 3623 Petrum,

331 3647 448 3700 τὸν
481 3647 705 3714 Πέτρον
735 3645 833 3700 καί
871 3645 979 3700 τὸν
1015 3645 1294 3702 Ἰάκωϐον
1325 3649 1425 3702 καὶ
1473 3645 1781 3714 Ἰωάννην,
1824 3645 1920 3700 καὶ

2021 3653 2068 3697 et
2094 3641 2374 3710 Jacobum,
2393 3655 2439 3698 et
2467 3643 2751 3709 Joannem,
2771 3657 2822 3700 et
2846 3647 3078 3717 reliqua,
3102 3655 3156 3701 et
3182 3649 3605 3720 transﬁguratus

331 3745 404 3794 τὰ
439 3740 586 3811 ἑξῆς,
631 3739 690 3793 ὲν
724 3739 802 3810 τῷ
832 3737 1352 3810 μεταμορφοῦσθαι·
1399 3739 1557 3802 ἄλλος
1582 3737 1640 3792 δὲ
1683 3737 1918 3808 εὐαγγε-

2021 3746 2128 3792 est.
2158 3735 2313 3792 Alius
2340 3745 2522 3792 autem
2553 3739 2891 3808 evangelista
2924 3747 3050 3809 post
3105 3739 3222 3796 dies
3269 3750 3396 3796 octo
3446 3741 3604 3807 dicit,

333 3830 524 3901 λιστὴς
563 3830 685 3902 μεθ’
715 3831 927 3903 ἡμέρας
953 3829 1098 3884 ὀκτὼ
1127 3831 1302 3900 λέγει,
1334 3831 1432 3885 οὐκ
1481 3829 1920 3900 ἐναντιούμενος,

2024 3843 2130 3882 non
2168 3828 2445 3884 contraria
2476 3828 2692 3896 dicens,
2723 3829 2819 3886 sed
2848 3831 2990 3885 diem
3033 3847 3144 3902 quo
3170 3831 3389 3890 locutus
3411 3843 3516 3898 est,
3549 3845 3606 3890 et

334 3923 602 4005 ἀλλὰπὴν
629 3924 718 3976 ὅτε
753 3921 1076 3991 ἐφθέγξατο,
1118 3927 1211 3977 καὶ
1257 3924 1357 3996 τὴν
1397 3926 1486 3978 ὅτε
1531 3925 1810 3994 ἀνήγαγεν
1843 3924 1920 3976 εί-

2021 3921 2165 3976 diem
2221 3935 2334 3991 quo
2382 3921 2550 3977 subiit
2593 3923 2647 3977 in
2684 3931 2924 3978 montem
2959 3923 3267 3996 adjiciens;
3321 3923 3425 3981 iste
3477 3942 3607 3982 vero

333 4014 479 4067 πῶν·
506 4015 533 4068 ό
559 4013 616 4067 δὲ
645 4013 744 4076 τὰς
773 4013 862 4068 διὰ
895 4015 1064 4084 μέσου
1096 4017 1266 4085 μόνας
1305 4013 1549 4086 εἴρηκεν.

1305 4013 1549 4086 εἴρηκεν.
2023 4012 2172 4068 Solos
2202 4011 2320 4068 dies
2350 4012 2706 4070 intermedios
2737 4015 2891 4070 dixit.

405 4107 506 4158 Διὰ
550 4107 603 4159 τί
643 4107 769 4170 τοὺς
809 4107 957 4178 τρεῖς
995 4107 1192 4177 μόνους
1237 4106 1507 4178 λαμϐάνει
1553 4106 1632 4170 είς
1677 4105 1737 4160 τὸ
1770 4105 1915 4176 δροςς

2093 4103 2204 4158 Cur
2233 4113 2345 4160 tres
2371 4105 2521 4162 solos
2570 4107 2739 4161 sumit
2787 4109 2841 4162 in
2882 4119 3127 4164 montem
3169 4111 3500 4168 subiturus?
3538 4113 3608 4169 Ut

346 4197 437 4260 Ὠς
479 4198 810 4269 ἀξιωτέρους
855 4197 952 4250 καὶ
1000 4197 1206 4268 σφόδρα
1245 4197 1557 4267 φιλοῦντας·
1601 4197 1696 4251 καί
1738 4196 1844 4270 γὰρ
1889 4197 1920 4250 ό

2023 4195 2303 4267 digniores
2333 4209 2387 4254 et
2415 4198 2575 4255 valde
2608 4201 2761 4254 illum
2818 4210 3090 4257 amantes.
3146 4201 3360 4258 Etenim
3408 4207 3606 4261 Petrus

335 4293 544 4361 Πέτρος
593 4291 797 4362 σφόδρα
845 4291 1020 4360 ἐφίλει
1062 4289 1246 4343 αὐτόν·
1310 4291 1562 4362 Ἰωάννης
1606 4289 1663 4344 δὲ
1711 4291 1775 4344 ἐκ
1823 4289 1918 4343 τοῦ

2024 4289 2257 4342 multum
2299 4289 2453 4344 illum
2488 4289 2783 4361 diligebat;
2817 4290 3059 4348 Joannes
3111 4295 3342 4350 multum
3387 4297 3456 4352 ab
3511 4299 3605 4352 illo

337 4379 550 4453 σφόδρα
577 4381 874 4452 φιλεῖσθαι·
902 4381 1159 4446 Ἰάκωϐος
1203 4381 1260 4436 δὲ
1303 4384 1410 4436 άπδ
1441 4383 1540 4453 τῆς
1570 4381 1920 4452 ἀποκρίσεως

2023 4381 2386 4451 diligebatur;
2435 4381 2675 4438 Jacobus
2709 4393 2914 4446 autem,
2967 4387 3038 4441 ob
3076 4403 3400 4455 responsum
3453 4393 3600 4460 quod

333 4475 439 4544 τῆς
469 4475 606 4544 μετὰ
635 4474 731 4527 τοῦ
774 4473 1004 4544 ἀδελφοῦ
1036 4468 1102 4548 ἧς
1149 4474 1448 4547 ἀπεκρίθη,
1492 4475 1576 4528 ὅτι
1605 4474 1918 4543 Δυνάμεθα

2024 4488 2145 4529 cum
2179 4473 2347 4530 l'ratre
2385 4475 2764 4546 responderat,
2803 4474 3096 4534 Possumus
3136 4479 3309 4536 bibere
3355 4484 3599 4540 calicem.

334 4567 500 4620 πιεῖν
527 4567 593 4620 τὸ
635 4567 943 4634 ποτήριον.

409 4659 482 4711 Τὸ
513 4659 838 4728 φαινόμενον
877 4658 992 4727 φῶς
1030 4658 1172 4730 ὑπὲρ
1199 4659 1350 4729 ἥλιον
1378 4653 1468 4730 ἦν·
1501 4655 1653 4712 εἶπεν
1688 4659 1745 4712 δὲ
1772 4661 1800 4713 ό
1829 4661 1919 4713 εὖ·

2092 4661 2260 4720 Vt-zas.
2289 4664 2345 4720 2.
2381 4665 2741 4736 Resplenduit
2769 4666 3304 4742 faciesmagisquam
3339 4674 3603 4740 sol;dicit

334 4751 668 4824 αγγελιστὴς
695 4751 770 4814 ὡς
793 4752 822 4804 ό
848 4749 1020 4821 ἥλιος,
1045 4751 1232 4822 ἐπειδὴ
1259 4751 1320 4805 τὺ
1350 4752 1550 4823 ἄστρον
1570 4753 1728 4806 τοῦτο
1759 4753 1920 4823 μόνον

2021 4766 2202 4811 autem
2236 4760 2569 4827 evangelista
2596 4759 2740 4815 sicut
2763 4760 2867 4826 sol,
2887 4763 3146 4832 quoniam
3165 4765 3317 4820 sidus
3341 4767 3484 4823 istud
3507 4785 3602 4823 so-

333 4845 614 4916 γνὼρῳάν
649 4845 797 4896 ἐστιν
829 4844 899 4896 ’ἐν
937 4843 1211 4915 ὑπερϐολῇ
1249 4843 1452 4912 φωτός.
1487 4843 1696 4907 Λευκὸς
1735 4839 1802 4915 ἦν
1843 4844 1919 4908 ὡς

2023 4849 2136 4904 lum
2158 4851 2471 4922 exemplum
2519 4863 2598 4908 eSI
2635 4853 3268 4923 splemlidissimzelucis.
3303 4859 3436 4914 Alba
3461 4863 3603 4916 sicut

335 4935 494 5010 χιών·
523 4937 624 4990 οὑκ
646 4935 754 5007 ἔχω
781 4936 948 5006 ἄλλην
975 4935 1106 5006 ὓλην
1131 4936 1616 5008 λευκοτέραν.”οτι
1645 4939 1752 5008 γὰρ
1781 4939 1918 5010 ὑπὲρ

2023 4944 2156 5010 nix;
2188 4959 2295 5000 non
2319 4961 2490 5000 nosco
2521 4945 2682 5000 aliam
2712 4948 2999 5002 materiam
3027 4949 3207 5004 albam
3229 4954 3422 5022 magis.
3442 4954 3599 5020 Quod

333 5031 491 5102 ἥλιον
528 5029 802 5100 ἔλαμψεν,
838 5029 944 5083 ἀπὸ
977 5027 1070 5083 τοῦ
1101 5029 1226 5100 ἑξῆς
1247 5031 1521 5085 δείκνυται
1541 5070 1555 5094 ,
1590 5031 1700 5087 Καὶ
1725 5033 1922 5086 ἔπεσον

2022 5045 2206 5091 autem
2227 5037 2402 5106 magis
2418 5052 2582 5108 quam
2609 5037 2690 5092 sol
2727 5039 3082 5107 resplenduit,
3102 5045 3384 5111 sequentia
3411 5056 3601 5100 osten-

333 5123 516 5193 χαμαὶ
554 5123 604 5174 oi.
649 5119 926 5192 μαθηταί·
956 5123 1004 5182 εί
1051 5121 1107 5176 δὲ
1148 5123 1224 5186 ὡς
1252 5123 1280 5174 ό
1325 5123 1477 5193 ἥλιος
1528 5121 1790 5194 ἔλαμψεν,
1819 5125 1921 5178 οὐκ

2023 5125 2162 5180 dunt
2193 5144 2206 5179 :
2242 5126 2557 5179 ceciderunt
2597 5125 2649 5178 in
2679 5136 2877 5180 terram
2907 5127 3180 5197 discipuli.
3216 5132 3272 5184 Si
3301 5147 3428 5186 vero
3455 5137 3600 5188 sicut

336 5214 570 5268 ἔπιπτον
615 5213 667 5267 οἱ
716 5213 990 5284 μαθηταί·
1023 5213 1174 5284 ἥλιον
1219 5215 1339 5284 γὰρξ
1373 5215 1600 5267 ἔϐλεπον
1631 5213 1754 5268 καθ’
1787 5215 1921 5283 ὴμέ-

2024 5215 2107 5272 sol
2138 5215 2592 5286 resplenduissel,
2625 5231 2733 5270 non
2766 5217 3392 5290 cecidissentdiscipuli;
3423 5225 3595 5278 solem

341 5323 444 5378 ραν
487 5304 581 5357 καὶ
625 5305 726 5356 οὐκ
772 5303 1036 5358 ἔπιπτον·
1081 5303 1198 5357 ἀλλ’
1230 5303 1421 5376 ἐπειδὴ
1449 5305 1591 5374 ὑπὲρ
1634 5304 1725 5358 τὸν
1766 5305 1918 5376 ἥλιον

2021 5310 2168 5363 enim
2197 5309 2430 5378 singulis
2459 5309 2654 5364 diebus
2681 5309 2938 5364 videbant
2963 5321 3146 5366 etnon
3171 5315 3468 5382 cadebant;
3501 5321 3595 5372 sed

337 5399 604 5470 ἔλαμψεν,
635 5398 730 5451 καὶ
761 5397 904 5467 ὑπὲρ
935 5396 1030 5467 τὴν
1051 5395 1228 5466 χιόνα,
1257 5395 1346 5450 διὰ
1374 5395 1533 5449 τοῦτο
1562 5395 1638 5468 μὴ
1659 5397 1919 5468 φέροντες

2021 5400 2283 5468 quoniam
2310 5400 2485 5468 magis
2510 5414 2673 5467 quam
2699 5397 2778 5452 sol
2796 5399 3220 5469 resplenduit,et
3240 5403 3413 5472 magis
3430 5419 3597 5473 quam

335 5491 438 5560 τὴν
483 5490 807 5560 λαμπηδόνα
846 5490 1169 5543 κατέπεσον.
1215 5485 1353 5539 Εἰπέ
1399 5503 1487 5557 μοι
1531 5482 1653 5554 οὖν,
1682 5489 1916 5557 εὐαγγε-

2023 5491 2284 5556 nix,iulco
2321 5506 2430 5544 non
2465 5491 2804 5546 sustinentes
2840 5492 3193 5562 splendorem
3261 5497 3595 5552 crcideruut.

339 5585 520 5651 λιστα,
557 5585 698 5655 ὑπὲρ
737 5584 830 5636 τὸν
857 5583 1008 5654 ἥλιον
1054 5579 1284 5650 ἔλαμψε,
1313 5579 1407 5633 καὶ
1451 5581 1514 5634 σὺ
1551 5579 1730 5650 λέγεις
1773 5582 1849 5645 ὡς
1891 5583 1920 5634 ὀ

2023 5583 2119 5636 Dic
2143 5582 2273 5634 mihi
2297 5583 2484 5650 igitur,
2502 5579 2858 5652 evangelista,
2880 5584 3052 5654 magis
3065 5600 3226 5654 quam
3249 5587 3330 5640 sol
3351 5587 3599 5656 resplen-

339 5679 492 5749 ἥλιος
519 5694 534 5741 ;
559 5677 687 5730 Ναί·
711 5675 990 5746 γνὼριμόν
1017 5692 1098 5727 σοι
1129 5673 1268 5726 θέλω
1297 5671 1524 5742 ποιῆσαι
1557 5674 1618 5725 τὸ
1649 5673 1786 5742 φῶς·
1818 5674 1919 5726 οὐκ

2023 5677 2142 5731 duit
2171 5693 2270 5731 cur
2302 5685 2357 5731 tu
2386 5677 2530 5730 dicis
2557 5677 2698 5732 sicut
2721 5675 3170 5745 sol?Exemplum
3205 5677 3298 5732 tibi
3321 5677 3440 5732 volo
3468 5677 3599 5734 dare

343 5768 452 5842 ἔχω
483 5769 609 5822 ἄλλο
638 5769 864 5838 ἄστρον·
904 5769 1003 5820 οὑκ
1037 5765 1145 5836 ἔχω
1177 5763 1343 5836 ἄλλην
1370 5763 1576 5834 εἰκόνα,
1601 5766 1696 5838 τὴν
1724 5769 1780 5820 ὲν
1806 5769 1918 5831 τοῖς

2023 5771 2180 5836 luris,
2227 5786 2334 5824 non
2373 5771 2546 5824 habeo
2575 5769 2724 5824 sidus
2757 5770 2930 5836 aliud,
2983 5783 3088 5824 non
3123 5771 3296 5826 habeo
3320 5769 3482 5826 aliam
3520 5773 3597 5826 si-

663 5865 928 5926 PATROL.
977 5865 1090 5924 Gn.
1139 5865 1290 5926 CVI.
3167 5868 3244 5926 36
