4026 6420
492 356 622 420 1131

1200 352 1593 415 OPUSCULA
1635 352 2271 414 SCRIPTURISTICA
2315 353 2665 415 INCERTAZ
2699 357 3008 419 IETATIS.

3621 358 3749 423 1132

493 474 860 531 militudiuem
917 486 1041 542 quae
1086 470 1139 524 in
1177 469 1451 525 sideribus
1504 467 1869 538 principatum
1930 469 2072 523 obti-

2191 468 2401 540 ἰστροις
2443 470 2856 541 βασιλεύουσαν·
2891 473 3098 543 ταύτην
3130 466 3283 525 εἷπον
3315 470 3399 524 ἵνα
3434 471 3509 543 μὴ
3553 476 3619 544 τῇ
3666 476 3749 528 εύ-

490 577 635 629 ueat,
669 570 770 620 hac
801 578 932 618 usus
961 578 1106 623 sum,
1166 576 1234 615 ne
1282 559 1433 613 verbi
1476 568 1718 629 egestate
1751 558 2071 614 detinearis.

564 660 727 712 Vens.
762 656 814 709 5.
869 652 977 708 Cur
1012 651 1159 707 Elias
1190 658 1244 705 et
1277 648 1493 721 Moyses
1522 649 1579 703 in
1626 649 1865 704 medium
1901 648 2073 704 addu-

488 746 724 804 cuntur?
754 743 961 807 Primo,
995 751 1052 796 ut
1081 741 1467 798 ostenderetur
1495 740 1624 811 quia
1651 754 1762 795 non
1795 739 1940 795 Elias
1966 748 2071 807 cst,

490 854 549 895 ut
576 839 711 898 dixi.
738 851 918 906 neque
936 834 1186 905 Moyses;
1210 833 1475 898 secundo,
1499 848 1568 888 ne
1584 832 1638 887 in
1663 832 1770 888 illis
1785 835 1851 887 de
1871 833 2074 903 quibus

490 933 641 987 illum
674 929 980 1000 arguebant
1025 937 1085 982 ut
1126 927 1260 998 legis
1298 926 1615 981 violatorem
1644 965 1658 989 ,
1690 926 2075 982 ostenderetur

489 1024 617 1093 quia
668 1022 899 1077 mendax
938 1029 1023 1077 est
1065 1038 1079 1074 :
1116 1034 1226 1075 non
1270 1020 1417 1075 enim
1458 1034 1584 1073 cum
1630 1018 1725 1073 illo
1764 1018 2074 1072 conversati

494 1113 734 1170 fuissent
758 1129 773 1179 ;
810 1112 991 1179 tertio,
1024 1120 1086 1166 ut
1110 1112 1327 1167 discant
1358 1125 1483 1165 eum
1522 1110 1718 1165 mortis
1745 1118 1798 1164 et
1827 1109 1951 1164 vitae
1979 1123 2076 1179 po-

490 1215 739 1261 testatcm
778 1205 1012 1271 habere,
1039 1203 1131 1275 qui
1164 1217 1360 1273 nempe
1392 1202 1543 1256 illum
1579 1201 1809 1272 profert,
1841 1209 1896 1256 et
1930 1202 2076 1255 hunc

491 1300 742 1355 suscitat.
775 1298 916 1366 Quid
943 1311 1075 1353 vero
1098 1296 1351 1351 dicebant
1376 1294 1607 1365 gloriam
1633 1309 1800 1364 quam
1833 1292 2076 1363 comple-

489 1404 650 1449 turus
684 1401 802 1447 erat
834 1392 888 1446 in
916 1388 1261 1445 Jerusalem?
1285 1387 1340 1442 Id
1364 1395 1469 1453 est,
1498 1384 1814 1457 passionem
1848 1384 1991 1454 ejus,
2021 1389 2075 1435 et

490 1502 734 1552 crucem,
765 1494 819 1540 et
851 1482 1337 1549 resurrectionem,
1370 1488 1423 1536 et
1448 1479 1671 1535 similia.

558 1581 724 1635 Vens.
759 1581 811 1634 .l.
845 1577 956 1633 Cur
978 1577 1109 1632 dicit
1140 1575 1359 1639 Petrus,
1382 1573 1591 1627 Bonum
1621 1580 1696 1626 est
1730 1587 1824 1625 nos
1855 1570 1940 1623 hic
1964 1583 2076 1623 esse

488 1678 543 1729 in
589 1673 918 1728 solitudine?
952 1670 1091 1736 Quia
1140 1667 1397 1723 audiebat
1457 1664 1781 1719 tradendum
1830 1676 1953 1717 esse
2006 1660 2073 1715 ad

490 1776 726 1822 mortem
764 1764 1047 1820 Christum
1078 1779 1093 1815 :
1129 1769 1182 1816 et
1209 1757 1339 1815 illud
1375 1757 1554 1813 Lucas
1586 1755 1883 1812 ostendens
1918 1752 2070 1818 dicit,

496 1858 747 1914 Nescierat
776 1857 901 1927 quid
932 1854 1150 1908 diceret.

561 1950 727 2006 Vens.
767 1949 819 2004 5.
864 1947 978 2002 Vox
1012 1948 1075 2000 de
1112 1946 1279 2011 nube,
1310 1945 1437 2016 quia
1470 1943 1551 2000 sic
1590 1941 1737 1998 Deus
1771 1954 2074 2011 cognosce--

488 2047 681 2111 batur;
718 2040 891 2097 lucida
921 2050 1101 2095 autem
1143 2037 1317 2093 nubes
1340 2079 1355 2104 ,
1390 2037 1519 2107 quia
1547 2036 1727 2091 timeri
1761 2051 1871 2090 non
1922 2034 2073 2089 vole-

488 2139 598 2192 bat.
636 2135 737 2190 Ubi
764 2134 910 2189 enim
938 2141 1138 2196 metus,
1164 2132 1238 2187 ibi
1275 2132 1568 2186 tenebrosa
1597 2139 1680 2186 est
1709 2130 1908 2196 nubes,
1934 2136 1993 2182 ut
2019 2127 2075 2181 in

486 2239 675 2286 monte
709 2228 860 2283 Sina.
889 2227 1016 2283 Ideo
1043 2233 1334 2297 postquam
1363 2225 1765 2291 disparuissent
1783 2224 2001 2294 Moyses
2021 2229 2077 2277 et

490 2323 670 2387 Elias,
705 2330 834 2377 tunc
868 2319 927 2374 lit
959 2333 1085 2382 vox,
1126 2331 1196 2372 ne
1236 2315 1305 2371 de
1350 2315 1569 2371 illorum
1622 2314 1842 2384 aliquo,
1880 2310 1976 2369 sed
2007 2310 2076 2365 de

489 2413 716 2470 Christo
742 2410 1077 2481 intelligatur
1110 2424 1214 2464 vox
1247 2421 1370 2477 quae
1398 2406 1585 2461 audita
1611 2415 1716 2460 est.

558 2506 678 2561 Non
708 2503 988 2559 Christum
1025 2501 1204 2558 solum
1245 2499 1463 2570 Operuit
1513 2497 1724 2563 nubes,
1761 2496 1855 2552 sed
1903 2495 2074 2551 etiam

487 2596 810 2670 discipulos,
841 2612 909 2652 ne
952 2601 1243 2667 putaretur
1272 2591 1531 2649 Christus
1575 2604 1766 2647 vocem
1799 2588 2072 2645 emisisse.

558 2779 725 2846 Illud,
762 2777 826 2833 In
856 2793 959 2848 quo
992 2773 1289 2844 complacui
1310 2815 1325 2839 ,
1357 2772 1503 2828 idem
1551 2779 1713 2827 sonat
1743 2784 1828 2835 ac,
1864 2767 1922 2822 In
1967 2782 2077 2838 quo

489 2876 738 2947 quiesco.
768 2873 1026 2927 Additum
1055 2877 1139 2925 est
1164 2878 1369 2934 autem,
1401 2864 1568 2919 Illum
1596 2864 1799 2929 audite,
1832 2878 1922 2931 ne,
1950 2862 2077 2918 licet

489 2968 844 3036 cruciligatur
864 3005 880 3031 ,
907 2961 1167 3018 deﬁciant
1200 2959 1405 3015 animo.

563 3060 733 3114 Vsus.
770 3058 821 3113 6.
860 3056 992 3119 Cur,
1037 3052 1259 3124 quando
1299 3051 1354 3106 in
1407 3049 1736 3120 baptismate
1792 3063 1892 3102 vox
1933 3047 2075 3101 facta

492 3162 600 3218 est,
637 3166 744 3204 non
771 3146 1112 3207 ceciderunt,
1150 3143 1238 3199 hic
1268 3149 1452 3197 autem
1485 3140 1630 3195 istud
1661 3137 1907 3194 accidit?
1935 3136 2076 3203 Quia

490 3248 542 3299 in
571 3243 900 3315 baptismate
932 3239 1094 3293 turba
1119 3244 1259 3301 erat,
1288 3235 1379 3291 hic
1406 3248 1535 3290 vero
1565 3236 1845 3289 desertum
1871 3240 1925 3286 et
1956 3230 2077 3284 alti-

488 3337 640 3401 tudo,
667 3333 879 3404 solique
909 3339 1068 3386 erant
1095 3344 1190 3399 per
1226 3327 1605 3393 solitudinem,
1633 3333 1689 3381 et
1728 3333 1856 3379 ante
1884 3322 2077 3378 oculos

488 3430 784 3501 splendens
810 3426 1117 3497 prodigium
1149 3422 1287 3478 lucis
1317 3420 1630 3492 purissima:
1659 3427 1713 3475 et
1751 3418 1927 3474 nubes
1976 3416 2078 3471 hos

489 3523 595 3576 tale
624 3517 861 3590 experiri
895 3516 1047 3573 facit.

564 3613 726 3668 Vens.
767 3611 822 3667 '7.
867 3609 1009 3679 Quid
1060 3618 1178 3673 est,
1216 3606 1435 3664 Gravati
1483 3615 1637 3660 erant
1678 3603 1899 3658 somno?
1939 3602 2077 3669 Quia

488 3720 688 3774 magno
723 3701 1151 3773 possidebantur
1181 3709 1435 3770 stupore;
1470 3697 1573 3751 hoc
1595 3704 1778 3750 autem
1808 3710 1836 3749 a
1866 3694 2080 3749 visione

488 3798 580 3851 illa
609 3794 942 3849 miraculosa
981 3791 1282 3846 oriebatur.

561 3886 732 3942 Vens.
766 3886 819 3940 9.
857 3884 967 3939 Cur
1006 3883 1142 3938 dicit
1201 3881 1406 3936 nemini
1444 3880 1631 3936 dicant
1660 3879 1835 3935 donec
1867 3894 1898 3934 a
1933 3894 2079 3934 mor-

491 3979 598 4034 tuis
628 3974 922 4047 resurgal?
963 3973 1105 4041 Quia
1141 3982 1347 4044 quanto
1389 3971 1599 4041 majora
1648 3970 1793 4025 dicta
1824 3969 2078 4035 fuissent,

496 4081 646 4128 tanto
684 4067 888 4124 invidia
928 4076 982 4122 et
1008 4064 1391 4120 incredulitate
1447 4063 1762 4117 laborantes
1811 4061 1902 4115 illa
1938 4075 2081 4133 aegre

493 4163 668 4233 magis
689 4170 909 4231 accepta
934 4158 1295 4222 habuissent;
1321 4156 1414 4211 sed
1447 4164 1565 4227 post
1592 4154 2080 4220 resurrectionem,

488 4272 520 4311 e
555 4255 734 4310 medio
769 4254 951 4307 ablato
980 4252 1074 4306 illo
1106 4265 1268 4322 quem
1296 4249 1553 4315 oderint,
1590 4258 1643 4303 et
1673 4246 1937 4319 apostolis
1967 4247 2081 4316 jam

492 4348 865 4410 credentibus,
898 4344 1073 4399 turbae
1096 4343 1471 4415 apostolorum
1502 4339 1769 4396 miracula
1792 4347 2082 4395 cernentes

492 4444 717 4500 credere
748 4449 1022 4511 poterunt.

562 4535 732 4592 Vens.
768 4534 855 4589 10.
889 4534 1373 4601 luterrogaverunt
1415 4545 1540 4585 eum
1574 4528 1829 4599 discipuli
1868 4547 1881 4583 :
1936 4527 2077 4595 Quid
2105 4532 2159 4592 1)

493 4628 696 4683 Scriba!
724 4627 931 4689 dicunt,
956 4624 1094 4693 quod
1126 4620 1303 4675 Etiam
1336 4630 1572 4690 oporteat
1604 4622 1834 4688 priurum
1866 4619 2082 4674 venire?

492 4730 546 4773 et
579 4717 722 4784 unde
751 4716 853 4769 hoc
880 4712 1175 4768 dicebant?
1203 4709 1499 4767 Obtinebat
1532 4711 1621 4765 hic
1651 4726 1835 4765 sermo
1866 4722 1921 4764 et
1952 4724 2081 4779 pro-

494 4810 772 4864 ferebatur
808 4808 951 4860 male
997 4804 1309 4859 intellectus
1348 4818 1377 4856 a
1428 4802 1658 4865 Scribis,
1711 4810 1770 4855 ut
1799 4811 1851 4855 et
1887 4801 1978 4870 qui
2014 4800 2083 4854 de

494 4900 717 4953 Christo
754 4904 932 4952 erant.
962 4893 1179 4949 Veritas
1214 4904 1394 4948 autem
1425 4908 1483 4949 se
1518 4893 1592 4947 ita
1630 4892 1896 4958 habebat;
1931 4890 2080 4947 Scri-

497 5001 674 5061 ptura:
713 4989 934 5059 quidem
987 4992 1128 5042 duos
1177 4994 1483 5043 memorant
1533 4983 2078 5049 Christiadventus,

496 5086 716 5146 hzmcet
745 5081 1007 5145 futuram,
1042 5092 1096 5135 et
1130 5080 1408 5150 prophetae
1453 5079 1745 5146 utriusque
1773 5092 2081 5149 praecurso-

496 5192 609 5231 rem
644 5176 815 5230 filiam
844 5174 1089 5230 futurum
1116 5190 1237 5230 esse
1260 5175 1469 5231 dicunt.
1496 5172 1632 5228 Nam
1659 5174 1823 5228 unius
1843 5171 2083 5228 Joannes

497 5272 598 5326 fuit
646 5285 975 5340 praecursor,
1011 5285 1173 5339 quem
1223 5269 1398 5323 Eliam
1452 5277 1613 5323 vocat
1659 5266 1934 5332 Christus,
1972 5281 2081 5321 non

495 5364 642 5433 quod
674 5364 744 5417 sit
766 5362 935 5427 Elias,
968 5363 1061 5417 sed
1088 5362 1238 5431 quod
1269 5360 1637 5416 ministerium
1665 5359 1793 5414 Elite
1814 5359 2079 5429 implevit.

498 5456 707 5511 Scriba:
758 5455 924 5524 igitur
976 5455 1092 5511 haec
1142 5454 1577 5517 confundentes,
1635 5452 1860 5508 secundi
1913 5452 2084 5505 solius

498 5550 834 5603 mentionem
876 5548 1186 5613 faciebant;
1224 5547 1315 5601 ille
1354 5556 1536 5601 autem
1575 5546 1707 5602 dicit
1737 5547 1801 5601 ad
1842 5547 2086 5615 discipu-

500 5642 582 5696 los
611 5659 625 5695 :
660 5638 807 5693 Elius
836 5641 1044 5709 quidem
1075 5641 1211 5693 venit
1242 5650 1287 5693 et
1322 5639 1560 5694 restituet
1588 5640 1786 5692 omnia.
1821 5636 1953 5706 Quae
1977 5654 2086 5692 0m-

504 5732 629 5783 nia'l
652 5736 783 5797 Quae
807 5732 1071 5801 propheta
1102 5731 1319 5785 dicebat
1347 5733 1649 5801 praesertim
1684 5748 1697 5785 :
1738 5729 1975 5794 Mittam,
2003 5730 2084 5783 in-

502 5824 641 5889 quit,
675 5823 920 5891 angelum
954 5839 1149 5888 meum,
1174 5830 1228 5877 et
1260 5824 1484 5894 reliqua.
1519 5825 1581 5878 Et
1612 5823 1716 5878 hoc
1747 5824 1837 5877 fiet
1865 5822 2084 5893 quando

2103 1818 2150 1877 Β

2174 561 2359 633 τελείᾳ
2388 561 2489 632 τῆς
2515 562 2715 629 λέξεως
2744 564 3130 637 ἐναπομείνῃς.

2246 655 2345 708 Διά
2373 654 2425 708 τί
2470 655 2656 719 Ἠλίας
2685 658 2780 710 καὶ
2813 656 3023 728 Μωσῆς
3051 660 3130 723 τίς
3158 659 3323 729 μέσον
3349 662 3572 730 ἄγεται;
3600 662 3753 731 Πρῶ-

2174 764 2266 801 τον
2295 746 2396 817 μὲν
2431 746 2520 801 ἵνα
2552 748 2701 820 δείξῃ
2738 748 2820 802 ὅτι
2855 748 2984 803 οὔτε
3024 750 3215 814 Ἠλίας
3252 754 3402 807 ἐστὶν
3433 753 3507 811 ὡς
3537 753 3751 821 ἔλεγον,

2175 839 2299 893 οὔτε
2343 838 2586 909 Μωσῆς·
2620 840 2877 910 δεύτερον
2900 881 2914 904 ,
2944 841 3031 894 ἵνα
3083 844 3160 913 μὴ
3202 843 3332 915 περὶ
3362 836 3437 898 ὧν
3471 843 3755 897 ἐνεκάλουν

2176 930 2326 1002 αὐτῷ
2363 931 2438 994 ὡς
2468 932 2794 1004 παρανόμῳ,
2830 932 2979 1005 δείξῃ
3010 935 3091 987 ὅτι
3131 934 3324 1004 ψεῦδός
3358 937 3527 988 ἐστιν·
3558 935 3625 987 οὗ
3654 939 3757 1005 γάρ

2175 1022 2242 1077 ἂν
2273 1023 2610 1092 συνωμίλουν
2632 1041 2645 1055 ’
2672 1024 2858 1096 τρίτον
2881 1026 2968 1080 ἵνα
2998 1026 3246 1096 μάθωσιν
3276 1028 3360 1079 ὅτι
3397 1026 3492 1080 καὶ
3523 1025 3755 1080 Θανάτου

2176 1113 2271 1169 καὶ
2301 1113 2449 1185 ζωῆς
2479 1114 2726 1179 ἐξουσίαν
2756 1116 2889 1186 ἔχει,
2915 1116 3008 1170 τδν
3037 1117 3135 1188 μὲν
3157 1117 3420 1186 ἐνεγκὼν,
3442 1118 3534 1172 τὸν
3556 1118 3613 1170 δὲ
3635 1118 3760 1170 ἀνα-

2179 1206 2402 1278 στήσας
2438 1207 2491 1259 τί
2532 1206 2590 1261 δὲ
2625 1207 2947 1265 συνελάλουν
2974 1211 3074 1278 τὴν
3104 1209 3262 1276 δόξαν
3293 1211 3359 1281 ἢν
3396 1208 3592 1280 ἔμελλε
3629 1207 3759 1277 πλη-

2180 1298 2311 1369 ροῦν
2348 1300 2405 1353 ἐν
2446 1299 2839 1372 Ἰερουσαλήμ;
2893 1302 3188 1356 Τουτέστιν
3233 1302 3295 1357 τὸ
3328 1301 3500 1366 πάθος
3530 1303 3628 1356 καὶ
3671 1300 3759 1353 τὸν

2180 1390 2432 1462 σταυρὸν,
2464 1394 2560 1447 καὶ
2581 1391 2678 1464 τὴν
2705 1393 3023 1461 ἀνάστασιν,
3050 1396 3145 1450 καὶ
3171 1393 3239 1448 τὰ
3273 1396 3455 1466 ὃμοια.

2248 1579 2346 1631 Διά
2376 1577 2428 1631 τί
2452 1577 2599 1647 λέγει
2633 1580 2662 1631 ὁ
2693 1579 2897 1650 Πέτρος
2921 1621 2935 1644 ,
2958 1578 3160 1633 Καλὸν
3189 1576 3348 1648 ἡμᾶς
3366 1571 3482 1632 ὦδε
3502 1574 3657 1633 εἶναι
3677 1581 3761 1646 εἷς

2178 1672 2429 1743 ἐρημίαν
2446 1690 2465 1738 ;
2513 1672 2613 1726 Διά
2671 1672 2730 1727 τὸ
2776 1672 3007 1726 ἀκοῦσαι
3061 1673 3141 1726 ὄτι
3194 1672 3637 1743 παραδοθήσεται
3686 1676 3760 1736 εἰς

2179 1762 2409 1818 θάνατον
2433 1765 2461 1817 ὁ
2494 1763 2727 1835 Χριστός
2749 1780 2764 1795 ⁸
2791 1762 2887 1818 καὶ
2916 1761 3075 1817 τοῦτο
3106 1763 3322 1826 Λουκᾶς
3372 1762 3549 1833 δηλῶν
3577 1762 3759 1831 ἔλεγεν

2181 1857 2286 1924 ὅτι,
2311 1859 2376 1911 Et
2408 1857 2507 1911 καὶ
2525 1857 2612 1927 μὴ
2636 1857 2767 1927 ᾔδει
2786 1857 2843 1910 τί
2858 1856 3089 1911 ἐλάλει.

2263 1949 2401 2005 Ἀπὸ
2424 1950 2688 2019 νεφέλης
2712 1949 2772 2003 δέ
2817 1950 2857 2018 ἡ
2880 1948 3051 2020 φωνή
3072 1989 3085 2015 ,
3113 1950 3194 2003 δτι
3223 1949 3397 2012 οὕτως
3431 1948 3699 2003 ὀπτάνετο
3718 1938 3762 2001 ’δ

2179 2039 2310 2104 Θεός
2329 2058 2342 2071 ο
2374 2038 2611 2111 φωτεινὴ
2635 2039 2690 2091 δὲ
2720 2038 2802 2093 ὅτι
2831 2041 2892 2092 ού
2922 2038 3158 2110 φοϐῆσαι
3181 2037 3452 2093 ἐϐούλετο·
3485 2039 3625 2093 ὅπου
3655 2038 3761 2109 γάρ

2179 2133 2401 2205 ἀπειλὴ,
2432 2134 2553 2187 ἐκεῖ
2576 2130 2848 2204 σκοτεινὴ,
2881 2131 3071 2202 ὥσπερ
3097 2134 3153 2186 ἐν
3180 2133 3309 2203 Σινᾷ
3327 2134 3465 2202 ὄρει·
3489 2131 3580 2186 διὰ
3610 2130 3763 2185 τοῦτο

2183 2226 2323 2299 μετά
2345 2227 2406 2281 τὸ
2433 2228 2661 2296 ἀφανεῖς
2688 2224 2945 2296 γενέσθαι
2977 2225 3067 2282 τόν
3098 2226 3157 2280 τε
3190 2225 3396 2280 Μωσέα
3421 2225 3515 2278 καὶ
3553 2224 3759 2285 Ἠλίαν.

2178 2321 2301 2375 τότε
2339 2320 2551 2389 γίνεται
2585 2322 2617 2392 ἡ
2654 2319 2827 2391 φωνὴ,
2859 2320 2946 2373 ἵνα
2984 2319 3059 2391 μὴ
3094 2318 3181 2373 ἐπ’
3225 2317 3410 2373 αὐτῶν
3439 2334 3609 2382 τινος,
3652 2317 3763 2372 ἀλλ’

2179 2414 2273 2466 ἐπὶ
2310 2413 2546 2486 Χριστὸν
2573 2414 2798 2485 λογισθῇ
2834 2415 2868 2485 ἡ
2903 2413 3055 2484 φωνὴ
3089 2415 3121 2483 ἡ
3151 2412 3444 2483 ἐρχομένη.

2252 2506 2329 2559 Ού
2379 2506 2472 2559 τὸν
2499 2506 2736 2577 Χριστὸν
2774 2505 2935 2577 μόνον
2967 2502 3238 2558 ὑπέλαϐεν
3285 2505 3316 2573 ἡ
3361 2502 3600 2573 νεφέλη,
3635 2500 3766 2555 ἀλλά

2180 2597 2278 2651 καὶ
2323 2596 2450 2660 τοὺς
2507 2576 2779 2666 μαθητάς,
2836 2576 2925 2649 (vt;
2978 2595 3055 2666 μὴ
3107 2594 3341 2666 νομισθῇ
3388 2595 3473 2649 ὅτι
3527 2592 3765 2663 Χριστὸς

2180 2690 2395 2762 ἀφῆκεν
2422 2691 2523 2762 τὴν
2560 2690 2768 2761 φωνήν.

2252 2785 2357 2851 Τὸ,
2405 2784 2508 2839 Ἐν
2538 2779 2587 2855 ᾧ
2619 2784 2943 2853 εὐδόκησα,
2970 2785 3091 2839 ἀντὶ
3122 2782 3240 2853 τοῦ,
3287 2784 3378 2837 Ἐν
3417 2776 3462 2853 ᾧ
3487 2783 3764 2839 ἀναπαύο-

2186 2895 2308 2948 μαι,
2347 2878 2517 2948 δηλοῖο
2553 2876 2850 2949 προσέθετο
2896 2878 2952 2931 δέ
2995 2877 3091 2944 τὸ,
3123 2876 3321 2933 Αὐτοῦ
3353 2876 3642 2943 ἀκούετε,
3682 2876 3762 2928 ἵνα

2182 2970 2287 3024 κᾶν
2318 2968 2629 3041 σταυρωθῇ,
2662 2969 2739 3041 μὴ
2774 2969 3191 3043 ρᾳθυμήσωσιν.

2252 3064 2351 3118 Διά
2376 3063 2430 3116 τί
2461 3063 2553 3115 ἐπὶ
2584 3062 2674 3116 τοῦ
2712 3062 3090 3134 βαπτίσματος
3114 3063 3216 3134 τῆς
3248 3064 3438 3136 φωνῆς
3464 3064 3765 3134 γενομένης

2181 3153 2242 3206 οὐ
2291 3154 2625 3219 κατέπεσον,
2677 3146 2780 3206 ὧδε
2830 3152 2887 3205 δὲ
2925 3152 3087 3206 τοῦτο
3141 3153 3485 3224 πάσχουσιν;
3548 3152 3764 3221 Ἐπειδὴ

2182 3245 2299 3296 ἐκεῖ
2333 3243 2432 3312 μὲν
2472 3242 2661 3313 ὄχλος,
2694 3236 2796 3298 ὧδε
2825 3243 2882 3296 δὲ
2912 3243 3118 3316 ἕρημος
3159 3243 3254 3297 καὶ
3298 3242 3428 3313 ὕψος
3453 3284 3466 3309 ,
3495 3245 3593 3299 καὶ
3621 3245 3765 3316 μόνοι

2184 3334 2302 3406 μεθ’
2330 3334 2586 3405 ἡσυχίας,
2614 3333 2708 3388 καὶ
2738 3332 2799 3387 τὺ
2831 3334 3116 3405 γινόμενον
3154 3333 3273 3387 κατ’
3294 3334 3614 3403 ὀφθαλμοὺς
3646 3350 3765 3404 φρι-

2181 3428 2311 3484 κτὸν
2345 3426 2462 3497 φῶς
2494 3425 2734 3499 ἄκρατον
2777 3427 2873 3482 καὶ
2903 3426 3100 3499 νεφέλη
3122 3470 3137 3495 ,
3179 3426 3326 3499 amp
3374 3427 3536 3480 τοῦτο
3576 3427 3764 3480 παθεῖν

2181 3520 2379 3575 ἐποίει.

2252 3611 2319 3663 Τί
2367 3612 2517 3665 ἐστιν
2565 3611 2657 3678 τὸ,
2721 3610 3121 3682 Βεϐαρημένοι
3171 3607 3334 3682 ἦσαν
3387 3612 3592 3678 {im-qu;
3647 3612 3765 3666 ’Ότι

2183 3704 2363 3777 πολλῷ
2414 3706 2733 3776 κατείχοντο
2773 3706 2962 3777 κάρῳο
2997 3704 3156 3759 τοῦτο
3200 3706 3257 3759 δὲ
3289 3706 3397 3761 ἀπὸ
3443 3706 3544 3777 τῆς
3589 3707 3765 3777 ὅψεως

2182 3795 2398 3867 ἐκείνης
2427 3796 2523 3867 τῆς
2548 3794 2869 3867 θαυμαστῆς
2895 3790 2962 3866 ὴν
2987 3796 3374 3866 γεγενημένον.

2255 3889 2355 3942 Διά
2393 3888 2447 3942 τί
2497 3888 2648 3956 λέγει
2704 3888 2895 3958 μηδενὶ
2948 3889 3123 3943 εἰπεῖν
3180 3890 3284 3952 ἕως
3328 3888 3395 3943 ἂν
3438 3891 3502 3942 ἐκ
3557 3890 3764 3961 νεκρῶν

2183 3980 2389 4051 ἀναστῇ
2414 3996 2428 4045 ;
2475 3978 2696 4049 Ἐπειδὴ
2730 3978 2840 4047 ὅσῳ
2868 3977 3090 4051 μείζονα
3116 3979 3335 4046 ἐλέγετο
3360 4021 3376 4047 ,
3409 3979 3667 4033 τοσοῦτον
3693 3981 3763 4043 εἰς

2185 4071 2382 4143 φθόνον
2406 4071 2499 4124 καὶ
2521 4070 2780 4124 ἀπιστίαν
2802 4070 2975 4137 ὄντες,
2993 4070 3412 4140 δυσπαράδεκτα
3436 4066 3583 4141 εἶχον
3606 4072 3759 4125 αὑτά·

2188 4166 2328 4237 μετά
2358 4166 2414 4218 δὲ
2441 4164 2541 4235 τὴν
2565 4165 2885 4227 ἀνάστασιν,
2906 4163 2970 4216 ἐκ
3000 4163 3168 4233 μέσου
3199 4164 3296 4233 μὲν
3319 4164 3346 4216 ό
3379 4162 3743 4234 φθονούμενος

2185 4261 2282 4315 καὶ
2332 4261 2380 4312 οἱ
2416 4259 2515 4329 μὲν
2559 4258 2848 4311 ἀπόστολοι
2878 4257 2977 4329 ἤδη
3007 4256 3389 4323 πιστεύοντες,
3426 4258 3473 4309 οἱ
3515 4256 3573 4309 δὲ
3624 4256 3762 4327 ὄχλοι

2185 4353 2254 4407 τὰ
2304 4351 2452 4423 παρά
2491 4350 2602 4404 τῶν
2642 4350 2957 4405 ἀποστόλων
2987 4349 3242 4421 θαύματα
3280 4349 3517 4421 δρῶντες
3550 4348 3764 4403 πιστεύ-

2187 4463 2335 4499 σειαν
2361 4444 2447 4499 ἄν.

2269 4535 2665 4607 Ἐπηρώτησαν
2686 4534 2851 4589 αὐτὸν
2869 4535 2919 4587 οἱ
2946 4534 3208 4606 μαθηταὶ,
3231 4535 3312 4588 ὅτι
3332 4537 3398 4589 οι
3416 4550 3763 4605 maturatur

2186 4628 2478 4699 λέγουσιν
2538 4630 2749 4685 Ἠλίαν
2800 4628 2894 4682 δεῖ
2930 4628 3127 4683 ἐλθεῖν
3170 4627 3426 4697 πρῶτον·
3465 4632 3562 4683 καὶ
3606 4629 3761 4682 πόθεν

2188 4721 2347 4776 τοῦτο
2375 4721 2593 4791 ἕλεγονς
2629 4722 2885 4793 Ἐκράτει
2914 4721 3014 4792 μὲν
3041 4722 3069 4773 ὁ
3099 4720 3258 4790 λόγος
3288 4722 3383 4774 καὶ
3411 4721 3761 4793 περιεφέρετο

2189 4814 2376 4877 κακῶς
2398 4812 2687 4884 νοούμενος
2721 4813 2875 4885 παρὰ
2891 4811 3000 4866 τῶν
3026 4814 3431 4887 Γραμματέων·
3462 4813 3653 4885 ὥσπερ
3676 4813 3762 4865 καὶ

2189 4908 2237 4958 οἱ
2270 4906 2399 4976 περὶ
2430 4905 2522 4957 τοῦ
2558 4904 2816 4975 Χριστοῦ·
2860 4907 2894 4976 ὴ
2944 4905 3001 4957 δὲ
3035 4905 3266 4974 ἀλήθεια
3296 4905 3409 4976 ἔχει
3458 4904 3631 4968 οὕτως
3658 4922 3671 4935 ·
3702 4904 3761 4958 Δί

2194 4999 2293 5071 μὲν
2343 4998 2578 5068 Γραφαὶ,
2603 4998 2696 5053 δύο
2739 4999 2958 5068 λέγουσι
3009 4999 3316 5070 παρουσίας
3366 4997 3457 5052 τοῦ
3500 4995 3763 5069 Χριστοῦ,

2190 5091 2398 5165 ταύτην
2418 5094 2513 5146 καὶ
2532 5094 2632 5163 τὴν
2662 5094 2986 5163 μέλλουσανο
3016 5093 3111 5147 καὶ
3132 5096 3180 5147 οἱ
3202 5093 3480 5165 προφῆται
3504 5094 3759 5163 ἑκατέρας

2192 5184 2501 5255 πρόδρομον
2540 5185 2631 5237 τὸν
2683 5185 2871 5239 Ἠλίαν
2920 5186 3143 5239 ἔσεσθαι
3187 5186 3470 5254 λέγουσιν’
3522 5176 3621 5256 τῆς
3661 5184 3761 5254 γάρ

2190 5275 2356 5345 ἄλλης
2395 5279 2424 5329 ό
2466 5277 2720 5347 Ἰωάννης
2755 5278 2997 5346 ἐγίνετο,
3028 5278 3085 5331 ὃν
3120 5280 3213 5332 καὶ
3259 5278 3445 5331 Ἠλίαν
3478 5281 3504 5331 ὁ
3536 5276 3759 5348 Χριστὸς

2192 5368 2369 5432 καλεῖ,
2398 5369 2498 5421 οὐκ
2521 5371 2707 5440 ἐπειδὴ
2749 5371 2937 5435 Ἦλίας
2963 5367 3055 5443 ἦν,
3085 5370 3200 5425 ἀλλ’
3234 5372 3426 5442 ἐπειδὴ
3452 5372 3552 5442 τὴν
3585 5370 3759 5423 διακο-

2192 5459 2313 5511 νίαν
2335 5460 2656 5532 ἐπλήρωσεν
2694 5462 2901 5516 Ἡλίου·
2931 5466 2981 5517 οἱ
3009 5466 3364 5535 Γραμματεῖς
3394 5464 3486 5519 οὖν
3521 5464 3761 5533 συγχέον-

2190 5568 2282 5615 τες
2310 5551 2482 5605 ταῦτα
2502 5596 2517 5620 ,
2547 5555 2646 5624 τῆς
2684 5554 2942 5626 δευτέρας
2978 5559 3349 5626 ἐμνημόνευον
3384 5558 3552 5627 μόνης
3570 5573 3585 5588 ·
3612 5554 3761 5615 αὐτὸς

2191 5642 2249 5694 δέ
2284 5659 2417 5712 φησι
2468 5645 2601 5716 πρὸς
2643 5646 2770 5708 τοὺς
2810 5646 3082 5716 μαθητάς-ο
3146 5646 3348 5713 Ἠλίας
3392 5646 3509 5716 μὲν
3540 5647 3761 5713 ἔρχεται

2193 5736 2288 5787 καὶ
2322 5736 2817 5805 ἀποκαταστήσει
2850 5739 3070 5795 πάντα.
3114 5740 3247 5792 Ποῖα
3293 5740 3500 5805 natura;
3539 5740 3710 5807 ’Ἂπερ
3736 5736 3761 5787 ό

2194 5829 2480 5901 προφήτης
2509 5830 2659 5899 ἔλεγε
2689 5832 2855 5902 μάλα·
2904 5833 3268 5901 Ἀποστελῶ,
3303 5833 3455 5903 φησὶ,
3487 5832 3591 5885 τὸν
3610 5831 3759 5898 drya-
