4026 6402
321 381 460 447 1133

1310 382 1628 443 SCHOLIA
1676 382 1969 443 VETERA
2015 381 2088 440 IN
2135 381 2603 440 ΜΛΤΤΗᾸΞΗΜ.

3432 386 3567 445 ιιδι

323 499 431 550 1dr
448 514 588 564 μου,
630 497 722 549 καὶ
772 498 839 550 τά
890 496 1037 567 ἑξῆς·
1084 497 1173 549 καὶ
1205 496 1362 549 τοῦτο
1392 499 1683 568 γενήσεται
1716 499 1792 552 ὅτ’
1823 499 1888 553 ἂν

1997 498 2252 568 reliquias
2290 496 2452 552 Israel
2498 494 2696 550 salvari
2724 495 2987 559 voluerit,
3020 511 3087 550 ne
3116 497 3331 565 penitus
3356 496 3569 565 disper-

326 594 385 641 ςα
416 588 957 659 ἐγκαταλελειμμένα
982 588 1076 642 τοῦ
1112 587 1327 658 Ἰσραὴλ
1358 587 1604 658 βούλεται
1629 591 1888 660 σωθῆναι,

320 677 405 731 ῖνα
453 677 527 745 μὴ
561 678 731 747 ἄρδην
780 679 1091 731 ἀπόλωνται
1146 680 1227 749 είς
1274 679 1373 747 τὴν
1412 679 1671 749 δευτέραν
1725 680 1889 734 αὑτοῦ

320 769 621 838 παρουσίαν
646 784 660 798 ·
687 770 812 822 ὅταν
851 767 944 823 οὖν
991 768 1145 839 λέγῃ,
1178 770 1259 820 ὅτι
1296 768 1504 834 Ἠλίας
1534 770 1768 838 ἔρχεται
1790 770 1889 824 καὶ

319 857 830 924 ἀποκαταστήσει,
858 858 984 927 περὶ
1023 857 1118 911 τοῦ
1157 859 1215 909 ἐν
1247 860 1312 928 τῇ
1348 859 1574 929 δευτέρᾳ
1620 861 1891 931 παρουσίᾳ

319 950 486 1016 λέγει·
519 950 596 1001 ὅτ’
638 948 703 1002 ἂν
745 950 801 1002 δέ
855 950 989 1021 λέγῃ
1025 951 1053 1002 6
1094 950 1302 1018 μέλλων
1351 949 1606 1018 ἔρχεσθαι
1665 951 1887 1014 Ἠλίας,

320 1034 511 1102 Οὗτός
552 1038 743 1100 ἐστιν,
790 1038 927 1091 κατά
972 1038 1064 1092 τὸν
1103 1040 1305 1109 τρόπον
1348 1039 1448 1109 τῆς
1490 1038 1765 1104 διακονίας
1800 1040 1893 1094 τὸν

330 1129 581 1196 Ἰωάννην
614 1129 802 1181 Ἠλίαν
822 1130 997 1184 καλεῖ.

388 1221 495 1273 Τοῦ
528 1221 989 1291 σεληνιαζομένου
1022 1226 1049 1276 6
1082 1226 1269 1296 πατὴρ
1307 1226 1512 1297 σφόδρα
1544 1222 1614 1297 ἦν
1641 1227 1888 1291 ἄπιστος·

317 1314 593 1366 ἐδείκνυτο
615 1313 671 1367 δὲ
700 1315 856 1367 τοῦτο
880 1314 943 1368 ἐκ
963 1332 1020 1368 τε
1039 1315 1133 1369 τοῦ
1160 1318 1334 1371 εἰπεῖν
1364 1320 1501 1389 πρὸς
1522 1319 1613 1373 τὸν
1631 1320 1889 1392 Χριστόν·

323 1405 389 1459 Ei
409 1406 689 1469 δύνασαι,
709 1406 1049 1473 βοήθησον.

391 1516 488 1568 Διά
516 1516 566 1567 τί
593 1515 874 1585 μέμφεται
904 1520 1019 1580 τοῖς
1047 1517 1387 1585 ἀποστόλοις,
1416 1520 1464 1571 εί
1492 1518 1718 1585 ἄπιστός
1744 1521 1890 1575 ἐστιν

318 1608 396 1659 ὅτι
425 1606 517 1658 τὸν
542 1607 655 1659 υἱὸν
683 1608 848 1660 αὐτού
870 1609 930 1661 ού
961 1607 1464 1676 τεθεραπεύκασιν;
1501 1610 1726 1674 Δεικνὺς
1749 1612 1832 1663 ὅτι
1857 1612 1891 1682 ἡ

322 1700 533 1770 μεγάλη
584 1701 769 1765 πίστις
817 1703 915 1754 καὶ
959 1701 1142 1755 τελεία
1186 1702 1355 1773 ἀρετὴ
1392 1703 1501 1755 τῶν
1544 1702 1888 1774 θαυματουρ-

321 1790 559 1859 γούντων
595 1791 822 1846 δύναται
858 1793 951 1845 καὶ
989 1794 1161 1863 χωρὶς
1196 1794 1431 1857 πίστεως
1456 1793 1563 1848 τῶν
1590 1794 1890 1864 θεραπευο-

323 1886 503 1954 μένων
555 1884 818 1956 ἐνεργεῖν.
848 1885 1056 1953 Ὠσπερ
1084 1884 1191 1954 γάρ
1221 1885 1254 1953 ἡ
1290 1885 1470 1946 πίστις
1514 1884 1621 1937 τῶν
1654 1900 1891 1955 προσερ-

316 1977 559 2047 χομένων
612 1978 704 2029 καὶ
738 1978 866 2047 παρ’
918 1976 1217 2031 ἐλαττόνων
1262 1977 1532 2047 λαμϐάνει
1578 1977 1677 2050 τὴν
1712 1978 1888 2041 ἴασιν,

315 2066 393 2129 ὡς
422 2067 513 2120 ἐπὶ
540 2068 633 2120 τοῦ
666 2066 965 2141 Κορνηλίου
990 2086 1003 2096 ·
1037 2066 1346 2150 οὓτωςπῶν
1376 2056 1674 2123 ποιούντων
1704 2068 1770 2121 τά
1796 2084 1893 2139 ση-

320 2162 452 2230 μεῖα
489 2160 725 2230 ἡρκεσεν
763 2161 795 2231 ἡ
831 2160 1063 2231 δύναμις
1092 2161 1187 2215 καὶ
1241 2161 1314 2231 μὴ
1340 2163 1702 2215 πιστευόντων
1730 2161 1893 2215 τινῶν

312 2251 392 2315 ὡς
431 2253 523 2305 ἐπὶ
558 2252 651 2305 τοῦ
709 2252 1045 2305 Ἐλισσαίου·
1080 2253 1163 2306 ὅτι
1207 2253 1420 2317 οὐδενὸς
1467 2255 1890 2319 πιστεύσαντος,

315 2344 509 2415 νεκρὸς
536 2345 757 2415 ἀνέστη·
787 2344 892 2417 χρὴ
917 2345 973 2398 δέ
1004 2346 1204 2400 εἰδέναι
1234 2347 1384 2417 ὅμως
1410 2346 1492 2399 ὅτι
1522 2346 1582 2399 οὐ
1613 2346 1814 2409 πάντες
1841 2346 1892 2398 oi

319 2437 560 2506 μαθηταὶ
609 2436 917 2508 ὴσθένησαν
960 2440 1028 2511 τῇ
1061 2438 1281 2492 πίστει·
1309 2438 1358 2491 oi
1404 2438 1511 2508 γὰρ
1565 2437 1747 2491 στύλοι
1791 2438 1893 2492 οὐκ

314 2524 457 2598 ἦσαν
485 2529 618 2581 ἐκεῖ.

393 2620 491 2672 Διά
519 2620 572 2672 τί
614 2614 792 2687 εἶπεν,
832 2617 911 2675 Ὠ
945 2620 1121 2689 γενεὰ
1154 2620 1409 2687 ἄπιστος
1442 2621 1542 2675 καὶ
1580 2622 1892 2693 διεστραμ-

311 2713 467 2783 μένη
487 2713 508 2765 .'
552 2713 767 2783 Ἐπειδὴ
802 2713 831 2765 6
860 2712 1091 2775 ἄπιστος
1121 2712 1259 2784 ἀνὴρ
1295 2707 1449 2776 οὗτος
1481 2713 1574 2766 ἐπὶ
1606 2713 1700 2768 τοῦ
1735 2714 1893 2785 ὄχλου

316 2801 635 2872 ἐντυγχάνει
682 2803 824 2856 κατά
876 2802 987 2856 τῶν
1050 2802 1350 2873 μαθητῶν·
1417 2803 1740 2875 βουλόμενος
1801 2806 1895 2859 οὖν

315 2893 623 2959 ἀπαλλάξαι
674 2894 918 2958 ἐκείνους
976 2894 1077 2964 μὲν
1134 2894 1518 2964 ἐγκλήματος,
1578 2898 1787 2951 ἐκεῖνον
1837 2897 1894 2953 δὲ

317 2988 550 3058 ὕϐρεως,
582 2987 667 3040 ἵνα
700 2988 774 3057 μὴ
805 2986 1121 3057 ἐξαπορήσῃ
1147 3028 1161 3051 ,
1193 2988 1577 3040 κοινοποιεῖται
1616 2987 1707 3041 τὸν
1740 2988 1897 3057 λόγον

314 3077 598 3147 ἀληθεύων
619 3077 713 3129 καὶ
737 3078 866 3147 περὶ
897 3076 1007 3129 τῶν
1036 3077 1234 3131 ἄλλων·
1267 3078 1414 3140 είκδς
1443 3076 1551 3148 γὰρ
1574 3073 1642 3150 ἦν
1668 3079 1896 3143 πολλοὺς

314 3168 425 3221 τῶν
450 3169 733 3239 παρόντων
759 3167 1237 3239 σκανδαλισθῆναι.

390 3278 483 3344 T6,
515 3279 663 3343 Ἕως
706 3279 850 3332 πότε
879 3276 1093 3347 ἔσομαι
1118 3276 1250 3348 μεθ’
1271 3277 1470 3347 ὑμῶν;
1500 3277 1769 3333 δείκνυσιν
1812 3280 1893 3334 ὅτι

310 3370 596 3441 ἠσπάζετο
634 3370 725 3423 τὸν
757 3371 1013 3435 θάνατον,
1046 3369 1142 3423 καὶ
1174 3369 1339 3440 βάρος
1378 3365 1519 3423 εἶναι
1551 3368 1611 3422 τὸ
1646 3370 1766 3441 μετ’
1798 3373 1893 3424 αύ-

306 3464 423 3517 τῶν
453 3463 747 3531 ἐλογίζετο.

400 3576 485 3637 Ὡς
514 3574 713 3627 κόκκον
738 3572 1011 3637 σινάπεως
1039 3572 1138 3645 τὴν
1171 3572 1356 3626 πίστιν
1385 3571 1555 3641 λέγει,
1580 3572 1791 3637 δεικνὺς
1812 3575 1893 3627 ὅτι

307 3667 378 3720 τὸ
417 3665 697 3735 ἐλάχιστον
725 3664 822 3735 τῆς
850 3666 1081 3735 γνησίας
1129 3664 1366 3727 πίστεως
1400 3664 1496 3717 καὶ
1538 3664 1640 3734 ὅρη
1673 3664 1894 3719 δύναται

311 3758 671 3831 μεταθεῖναι·
724 3760 772 3811 εί
820 3757 877 3812 δέ
930 3760 1027 3812 καὶ
1077 3755 1316 3826 οὐδαμοῦ
1356 3755 1458 3827 ὅρη
1496 3755 1795 3828 μετετέθη,
1834 3756 1895 3811 τὸ

307 3852 530 3920 ἐγεῖραι
564 3851 789 3921 νεκροὺς
818 3849 919 3930 οὐκ
948 3847 1190 3900 ἔλαττον.

390 3958 563 4013 ῐιόθεν
597 3957 667 4011 τά
698 3957 969 4029 δίδραχμα
1003 3955 1279 4021 ἐτελεῖτος
1319 3955 1449 4010 Ὅτε
1474 3957 1544 4011 τὰ
1572 3957 1895 4027 πρωτότοκα

309 4051 428 4105 τῶν
475 4050 789 4117 Αἰγυπτίων
832 4048 1154 4103 ἀπέκτεινεν
1198 4049 1225 4100 ὁ
1255 4046 1421 4112 Θεὸς,
1457 4048 1581 4102 τότε
1620 4048 1719 4118 τὴν
1761 4049 1894 4103 Λευῒ

311 4144 493 4215 φυλὴν
524 4145 639 4196 ἀντ’
676 4143 855 4196 αὐτῶν
886 4141 1099 4195 ἐλαϐεν.
1136 4135 1270 4194 Εἶτα
1292 4140 1477 4209 ἐπειδὴ
1508 4140 1615 4194 τῶν
1640 4157 1753 4212 παρ
1780 4144 1891 4196 ’Δί-

311 4234 572 4304 γυπτίοις
596 4232 959 4304 πρωτοτόκων
987 4233 1226 4288 ἐλάττων
1250 4227 1317 4301 ἦν
1347 4233 1375 4285 6
1404 4232 1503 4301 τῆς
1537 4233 1707 4305 φυλῆς
1735 4234 1893 4305 ἀριθ-

317 4324 422 4394 μὸς
453 4364 466 4387 ,
497 4323 621 4377 ἀντὶ
650 4322 758 4376 τῶν
801 4322 1096 4376 λειπόντων
1140 4322 1217 4385 εἰς
1251 4321 1342 4374 τὸν
1391 4321 1660 4392 ἀριθμὸν,
1708 4324 1895 4379 σίκλον

311 4416 609 4470 ἐκέλευσεν
641 4413 1020 4483 εἰσενεχθῆναι
1046 4428 1058 4441 ·
1093 4412 1152 4479 ἐξ
1199 4411 1409 4465 ἐκείνου
1445 4408 1538 4467 οὖν
1579 4412 1699 4475 ἔθος
1730 4414 1894 4484 ἐκρά-

1992 590 2194 643 dantur
2248 589 2300 643 in
2346 588 2587 643 secundo
2624 588 2746 657 ejus
2787 586 3045 643 adventu.
3077 586 3214 642 Cum
3258 603 3388 657 ergo
3437 589 3569 643 dicit

1993 682 2120 751 quia
2155 680 2305 734 Elius
2337 682 2472 735 venit
2499 688 2548 734 et
2574 681 2923 747 restituet,dc
2942 681 3045 736 hoc
3066 680 3209 750 quod
3238 681 3291 734 in
3326 682 3570 736 secundo

1993 770 2226 824 adventu
2260 769 2349 824 liet
2371 770 2634 840 loquitur.
2659 769 2795 823 Cum
2825 778 3004 824 autem
3030 770 3165 823 dicit
3191 769 3282 839 qui
3308 778 3568 823 venturus

1992 870 2077 915 est
2109 861 2257 917 Elias
2291 878 2306 916 :
2353 860 2460 917 Iste
2484 872 2593 929 eu,
2636 862 2936 918 secundum
2970 862 3238 917 rationem
3276 860 3569 916 ministerii

1993 952 2256 1009 Joannem
2286 953 2458 1008 Eliam
2489 961 2667 1012 vocat.

2056 1226 2218 1282 Vens.
2267 1227 2349 1281 M.
2402 1226 2651 1281 Lunatici
2689 1236 2840 1297 pater
2884 1228 3036 1283 valde
3067 1228 3382 1284 incredulus
3413 1238 3563 1295 erat;

1993 1320 2140 1392 quod
2166 1321 2491 1375 ostendebat
2517 1321 2749 1375 dicendo
2778 1321 2997 1376 Christo
3053 1340 3064 1375 :
3100 1322 3161 1377 Si
3202 1332 3345 1390 pom
3367 1365 3380 1389 ,
3420 1339 3567 1392 opem

1994 1414 2094 1483 fer.

2066 1521 2233 1579 Vens.
2262 1524 2347 1578 15.
2373 1523 2483 1579 Cur
2511 1524 2690 1594 arguit
2721 1523 3016 1594 apostolos,
3044 1523 3087 1578 si
3116 1523 3426 1578 incredulus
3457 1532 3562 1590 est,

1993 1615 2137 1685 quod
2170 1615 2340 1669 tilium
2371 1630 2532 1669 suum
2571 1630 2681 1669 non
2726 1615 3072 1670 curaverint?
3102 1614 3407 1671 Ostendens
3444 1632 3565 1669 ma-

1993 1722 2154 1776 gnam
2187 1705 2343 1760 ﬁdem
2392 1714 2445 1760 et
2480 1704 2771 1775 perfectam
2812 1706 3067 1761 virtutem
3122 1705 3387 1759 ntiracula
3433 1721 3566 1774 0pc-

1995 1797 2232 1851 rautium
2267 1811 2424 1866 posse
2453 1796 2536 1849 vel
2578 1796 2784 1866 absque
2813 1796 2917 1851 ﬁde
2945 1812 3135 1851 eorum
3168 1796 3261 1867 qui
3303 1808 3570 1851 curantur

1993 1889 2195 1943 valere.
2223 1889 2374 1943 Sicut
2396 1889 2539 1943 enim
2572 1889 2703 1944 lides
2731 1888 3104 1944 accedentium
3132 1890 3215 1943 vel
3242 1891 3311 1944 ab
3341 1890 3569 1945 infcrio-

1995 1976 2146 2033 ribus
2166 1978 2364 2047 accipit
2393 1978 2757 2045 curationem,
2798 1989 2858 2033 ut
2902 1980 2957 2033 in
2989 1979 3247 2035 Cornelio
3272 2022 3287 2047 ,
3322 1981 3397 2035 ita
3439 1997 3570 2052 ope-

1992 2069 2228 2123 rantium
2261 2068 2413 2138 signa
2453 2067 2653 2138 profuit
2696 2068 2780 2124 vis
2820 2069 2902 2124 vel
2948 2070 3277 2139 quibusdam
3308 2086 3413 2125 non
3444 2087 3570 2127 cre-

1995 2158 2266 2225 dentibus,
2302 2169 2361 2214 ut
2395 2160 2449 2213 in
2479 2158 2698 2226 Elisaao,
2729 2159 2878 2230 quia,
2920 2161 3070 2215 nullo
3102 2160 3378 2225 credente,
3416 2176 3569 2217 mor-

1994 2256 2121 2303 tuus
2152 2250 2421 2305 excitatus
2455 2259 2559 2305 est.
2590 2248 2815 2321 Oportet
2836 2262 3017 2306 autem
3043 2252 3185 2307 scire
3209 2252 3569 2310 nihilominus

1995 2356 2102 2395 non
2142 2355 2333 2396 omnes
2359 2341 2661 2411 discipulos
2703 2342 2947 2399 inﬁrmos
2991 2342 3162 2399 fuisse
3204 2343 3258 2397 in
3297 2342 3435 2411 ﬁde;
3481 2360 3570 2400 co-

1996 2432 2195 2487 lamna:
2225 2433 2371 2490 enim
2398 2448 2503 2489 non
2530 2433 2603 2488 ibi
2642 2442 2817 2489 erant.

2064 2618 2233 2673 Vens.
2264 2618 2353 2674 16.
2379 2619 2492 2674 Cur
2523 2619 2681 2686 dixit,
2715 2617 3045 2691 Ogeneratia
3071 2620 3344 2674 incredula
3369 2630 3416 2676 et
3447 2638 3568 2691 per-

1997 2712 2185 2765 uersa!
2218 2710 2353 2776 Quia
2393 2710 2705 2767 incredulus
2734 2712 2817 2766 vir
2848 2712 2949 2767 iste
2972 2713 3026 2767 in
3058 2712 3215 2767 turba
3249 2714 3572 2769 versabatur

1997 2811 2186 2857 contra
2210 2802 2533 2871 discipulos.
2557 2801 2760 2859 Volens
2783 2819 2913 2875 ergo
2934 2807 3173 2860 eximere
3198 2805 3317 2860 illos
3340 2821 3369 2859 a
3386 2806 3569 2875 culpa,

2000 2894 2142 2946 hunc
2164 2900 2347 2946 autem
2384 2907 2414 2946 a
2444 2892 2774 2946 contumelia
2797 2934 2811 2958 ,
2844 2907 2912 2947 ne
2944 2893 3287 2962 desperaret,
3318 2906 3572 2946 commuo

1999 3000 2121 3037 nem
2150 2982 2280 3037 facit
2309 2998 2642 3048 sermonem,
2670 2998 2797 3038 vera
2832 2999 3051 3055 quoque
3081 2984 3267 3039 dicens
3299 2984 3363 3038 de
3399 2984 3523 3039 aliis
3554 3001 3569 3039 :

1996 3072 2295 3128 verisimile
2322 3073 2469 3127 enim
2506 3080 2626 3128 erat
2670 3074 2873 3129 multos
2918 3075 3269 3144 prmscntium
3302 3076 3575 3130 scandali-

1918 3190 1962 3248 ο
1998 3174 2149 3220 zatos
2181 3178 2325 3220 esse.

2068 3271 2222 3340 Illud,
2253 3272 2536 3342 Quousque
2557 3288 2644 3326 era
2674 3273 2938 3325 vobiscum
2961 3273 2986 3326 7
3009 3273 3247 3327 ostendit
3277 3289 3400 3328 eum
3434 3292 3574 3330 mor-

1996 3374 2101 3418 tem
2132 3364 2443 3434 amplexum
2478 3378 2620 3428 esse,
2658 3372 2710 3419 ct
2742 3364 2978 3434 graviter
3008 3363 3149 3418 ferre
3179 3366 3323 3434 quod
3359 3382 3482 3420 cum
3514 3368 3571 3421 il-

1995 3457 2063 3512 lis
2094 3464 2234 3510 erat.

2069 3562 2233 3619 Vens.
2267 3564 2353 3620 i9.
2395 3562 2459 3618 Ut
2490 3577 2722 3633 granum
2755 3561 2963 3632 sinapis
3005 3562 3162 3617 (idem
3195 3563 3360 3629 dicit,
3389 3577 3575 3621 05tcu-

1994 3656 2133 3712 dens
2165 3656 2248 3710 vel
2282 3656 2568 3711 minimum
2602 3673 2745 3711 vera:
2777 3657 2898 3711 tidei
2946 3667 3162 3712 montes
3208 3673 3369 3728 posse
3405 3668 3577 3716 traus~

1998 3747 2171 3814 ferre;
2208 3749 2255 3804 si
2284 3764 2413 3803 vero
2446 3764 2715 3819 nusquam
2748 3758 2960 3805 montes
2994 3750 3333 3805 transtulerit
3356 3791 3371 3817 ,
3408 3754 3576 3807 susci-

1997 3849 2114 3894 tare
2137 3848 2381 3899 mortuos
2407 3854 2517 3894 non
2550 3838 2781 3895 inferius
2807 3849 2913 3895 est.

2064 3947 2230 4005 Vens.
2278 3948 2369 4005 25.
2402 3947 2585 4015 Quare
2616 3949 2932 4017 didrachma
2973 3950 3323 4007 solvebatur?
3349 3950 3578 4018 Quando

1995 4038 2352 4108 primogenita
2389 4037 2768 4109 Egyptiorum
2809 4042 3065 4096 mactavit
3091 4041 3247 4109 Deus
3270 4083 3283 4106 ,
3316 4051 3446 4099 tunc
3476 4046 3574 4098 tri-

1997 4131 2123 4185 bum
2154 4130 2281 4184 Levi
2316 4144 2416 4199 pro
2450 4131 2557 4186 illis
2588 4133 2914 4201 assumpsit.
2944 4134 3145 4189 Deinde
3179 4135 3439 4205 quoniam
3465 4139 3576 4206 prio

1997 4222 2284 4292 tuogenitis
2328 4221 2703 4292 Egyptiorum
2758 4223 2985 4280 inferior
3023 4237 3140 4280 erat
3176 4228 3351 4283 tribus
3384 4245 3577 4283 nume-

1996 4328 2124 4377 rus,
2160 4328 2255 4382 pro
2295 4314 2674 4370 deﬁcientibus
2705 4330 2733 4368 a
2773 4330 3035 4380 numero,
3091 4317 3284 4371 sietum
3319 4321 3577 4388 praecepit

1996 4402 2234 4458 conferri
2265 4421 2277 4457 :
2309 4419 2375 4457 ex
2423 4404 2528 4459 hoc
2560 4404 2724 4475 igitur
2756 4422 2874 4459 mos
2903 4406 3140 4461 obtinuit
3180 4410 3576 4479 primogenin

309 4528 483 4582 τησεν
515 4510 585 4564 τά
614 4509 939 4581 πρωτότοκα
969 4507 1061 4561 τὸν
1101 4507 1265 4578 φόρον
1287 4507 1477 4560 τοῦτον
1500 4508 1792 4579 εἰσφέρειν.
1829 4510 1890 4562 Οἱ

1999 4495 2145 4550 hunc
2181 4497 2446 4551 tributum
2477 4496 2711 4553 solvere.
2743 4496 2847 4564 Qui
2871 4499 3190 4554 didrachma
3218 4500 3479 4572 colligunt
3506 4504 3574 4558 ad

307 4601 384 4655 τά
421 4601 691 4672 δίδραχμα
722 4599 1093 4670 λαμϐάνοντες
1127 4596 1203 4668 τῷ
1240 4597 1433 4669 Πέτρῳ
1459 4601 1891 4669 προσέρχονται·

310 4691 578 4755 ἐπιεικῶς
612 4692 668 4744 δέ
695 4690 886 4761 ἐπειδὴ
916 4691 1193 4760 ἀπένεμον
1216 4688 1365 4759 αὑτῷ
1391 4691 1514 4744 τινά
1542 4691 1675 4744 αἱδὼ
1705 4693 1791 4748 διὰ
1828 4694 1895 4747 τά

311 4787 541 4854 σημεῖα.

402 4874 482 4944 Γῷ
537 4874 761 4944 Χριστῷ
811 4875 904 4927 καὶ
960 4876 1154 4945 Πέτρῳ
1207 4871 1282 4935 ὡς
1329 4874 1694 4944 πρωτοτόκοις
1746 4874 1896 4931 οὖσιν

309 4967 632 5019 ἀπαιτείται
651 4967 711 5017 τὸ
741 4965 1057 5038 δίδραχμον.

391 5077 464 5129 Τὸ
494 5075 675 5144 λέγειν
708 5077 798 5130 τὸν
834 5077 1090 5147 Χριστὸν,
1149 5080 1210 5134 Τί
1246 5095 1347 5134 σοι
1375 5078 1559 5145 δοκεῖ,
1592 5079 1798 5148 Σίμωνς
1839 5081 1894 5132 oi

303 5168 597 5233 ,βασιλεῖς
634 5167 747 5235 τῆς
778 5167 891 5237 γῆς
926 5170 1049 5224 ἀπὸ
1090 5171 1271 5223 τίνων
1298 5170 1723 5238 λαμϐάνουσιν
1748 5169 1893 5237 τέλη

310 5260 354 5327 ἢ
393 5260 665 5329 κῆνσον;
695 5261 940 5315 τοιοῦτον
968 5262 1081 5333 ἔχει
1119 5262 1211 5315 τὸν
1240 5261 1385 5314 νοῦν·
1432 5261 1771 5331 Ἐλεύθερος,
1791 5278 1896 5330 φη-

314 5355 426 5419 σὶν,
460 5356 578 5424 εἰμὶ
602 5354 696 5407 τοῦ
724 5354 909 5408 δοῦναι
936 5355 1154 5423 κῆνσον·
1190 5355 1238 5406 εἰ
1265 5354 1373 5425 γὰρ
1400 5353 1640 5424 βασιλεῖς
1668 5354 1763 5425 τῆς
1791 5354 1895 5422 γῆς

308 5448 376 5500 ού
405 5448 556 5517 παρά
602 5447 710 5499 τῶν
742 5447 876 5499 υἱῶν
906 5446 1086 5500 αὐτῶν
1118 5445 1492 5515 λαμϐάνουσιν
1513 5487 1526 5510 ,
1563 5444 1699 5498 ἀλλά
1745 5444 1896 5516 παρά

307 5541 422 5594 τῶν
451 5540 773 5611 ἀρχομένων
799 5555 813 5568 ·
844 5540 907 5593 ού
931 5539 1109 5603 δώσω,
1141 5538 1330 5607 φησιν,
1360 5537 1488 5605 ἐγὼ,
1522 5537 1622 5590 οὐκ
1651 5536 1894 5603 ἐπιγείου

314 5634 583 5704 βασιλέως
607 5672 622 5696 ,
650 5632 786 5686 ἀλλά
809 5632 905 5687 τοῦ
936 5632 1044 5686 τῶν
1069 5630 1317 5702 οὐρανῶν
1343 5628 1419 5684 ὢν
1463 5630 1576 5691 υίὸς
1606 5628 1891 5699 βασιλέως.

387 5723 463 5778 Τὸ
486 5726 791 5794 προειπεῖν,
811 5724 893 5777 ὅτι
916 5722 1215 5790 Εὐρήσεις
1234 5720 1505 5789 στατῆρα
1528 5720 1598 5773 ἐν
1613 5719 1691 5784 τῷ
1712 5720 1891 5786 ιχθύτ,

315 5817 412 5869 καὶ
445 5815 508 5869 τὸ
546 5814 779 5883 πρώτως
813 5814 905 5869 τὸν
937 5814 1088 5883 ἰχθὺν
1128 5814 1419 5885 ἐμπεσεῖν,
1455 5813 1545 5866 καί
1577 5810 1764 5880 ὥσπερ
1795 5809 1893 5877 ἄγε

1997 4586 2218 4642 Petrum
2268 4589 2571 4655 accedunt;
2613 4590 2987 4646 verisintiliter
3038 4604 3222 4646 autem
3264 4593 3578 4650 tribuebant

2001 4679 2078 4734 illi
2110 4679 2387 4749 quoddam
2414 4681 2738 4751 obsequium
2772 4693 2989 4751 propter
3021 4683 3198 4754 signa.

2070 4864 2115 4918 Α
2141 4865 2363 4921 Christo
2394 4875 2446 4918 et
2480 4864 2678 4929 Petro,
2711 4874 2969 4935 tanquam
3005 4864 3413 4937 pritnugznitis,
3449 4871 3579 4940 peti-

1999 4965 2087 5011 tur
2116 4956 2205 5012 did
2216 4958 2456 5013 rachma.

2068 5065 2233 5123 Vens.
2266 5067 2357 5121 24.
2382 5066 2539 5133 Quod
2567 5067 2700 5122 dicit
2736 5067 3015 5136 Christus,
3046 5071 3189 5138 Quid
3222 5073 3319 5126 tibi
3347 5070 3574 5133 videtur.

2000 5158 2232 5213 Simon?
2263 5175 2406 5227 reges
2437 5170 2590 5213 terra:
2627 5177 2659 5213 ιι
2690 5159 2877 5229 quibus
2905 5163 3171 5231 accipiunt
3213 5162 3466 5215 tributum
3499 5162 3576 5215 vel

1998 5252 2250 5305 censum?
2298 5256 2371 5305 ita
2410 5250 2635 5322 intelligi
2670 5250 2832 5307 debet
2884 5269 2898 5304 :
2944 5250 3104 5307 Liber
3148 5267 3293 5315 sum,
3342 5251 3497 5317 dicit,
3542 5266 3575 5305 a

1998 5343 2181 5398 dando
2206 5358 2373 5399 censu
2401 5360 2417 5408 ;
2444 5343 2488 5397 si
2525 5343 2670 5397 enim
2708 5358 2862 5412 reges
2900 5352 3060 5399 terra:
3093 5359 3124 5399 a
3159 5343 3285 5399 [iliis
3312 5343 3429 5399 suis
3466 5359 3574 5398 non

1997 5438 2309 5508 accipiunt,
2343 5437 2436 5494 sed
2464 5452 2493 5490 a
2539 5436 2808 5502 subditis,
2838 5452 2955 5493 non
2992 5451 3096 5509 ego
3119 5477 3135 5500 ,
3166 5435 3371 5506 inquit,
3402 5435 3573 5498 dabo,

1999 5546 2122 5584 rtnu
2148 5545 2254 5584 non
2284 5528 2562 5585 terrestris
2596 5532 2742 5598 regis
2765 5570 2779 5595 ,
2811 5530 2905 5585 sed
2935 5530 3197 5585 calorum
3237 5530 3381 5601 regis
3408 5529 3577 5586 Filius

1998 5625 2123 5677 sim.

2077 5713 2241 5768 Vnus.
2282 5713 2372 5767 26.
2416 5708 2715 5769 Praetlieere
2756 5714 2898 5783 quod
2941 5714 3175 5769 Invenies
3224 5723 3481 5769 stateram
3522 5715 3573 5766 in

1996 5809 2158 5877 pisce,
2195 5817 2249 5861 et
2294 5806 2471 5877 primo
2520 5805 2571 5859 in
2608 5806 2806 5877 piscem
2860 5806 3117 5874 incidere,
3150 5816 3206 5863 ct
3253 5817 3312 5862 ut
3356 5807 3577 5863 hamum
