4026 6406
542 352 604 418 Ἠ
617 357 687 421 35

1240 352 1637 414 OPUSCULA
1678 350 2311 412 SCRIPTURISTICA
2359 351 2709 412 INCERTAE
2750 353 3058 433 JETATIS.

3660 356 3783 419 1136

541 489 726 529 vocem
757 488 908 529 suam
956 471 1009 527 in
1057 470 1310 541 abyssum
1356 467 1597 532 mittere,
1636 480 1845 536 magna!
1880 464 2119 519 admira-

2226 482 2447 535 κιστρον
2493 466 2587 518 τὸν
2622 465 2779 534 λόγον
2825 466 3009 518 αὐτοῦ
3048 467 3126 529 είς
3167 466 3269 538 τὴν
3319 464 3551 521 ἄϐυσσον
3594 467 3783 535 ἐλθεῖν,

542 567 706 623 tionis
733 567 949 636 dignum
982 575 1087 620 est.

1116 702 1345 760 CAPUT
1377 702 1561 758 XVIII.

613 839 773 894 Vens.
815 838 860 890 Ι.
906 836 1018 890 Cur
1074 833 1292 896 dicitur,
1340 831 1404 885 In
1454 832 1550 886 illa
1600 832 1731 886 liora
1790 843 2117 887 accesserunt

537 929 783 998 discipuli
809 928 877 980 ad
901 924 1090 980 Jesum
1114 925 1345 977 dicentes
1373 940 1391 978 :
1421 923 1575 990 Quis,
1599 933 1777 992 putas,
1806 924 1980 993 major
2003 925 2119 979 est.’

537 1021 676 1088 Quia
715 1021 1006 1075 humanum
1041 1016 1379 1082 sentiebam;
1413 1030 1536 1070 nam
1582 1018 1995 1085 prmhonoratus
2036 1026 2118 1071 est

535 1113 728 1167 Petrus
768 1121 827 1165 ut
874 1108 1293 1179 primogenitus;
1339 1107 1540 1161 etenim
1594 1121 1737 1161 unus
1786 1122 1816 1160 e
1864 1106 2114 1169 duobus,

533 1204 799 1261 Jarobutn
844 1212 899 1257 et
931 1199 1195 1256 Joannem
1246 1201 1391 1263 dico,
1441 1199 1834 1269 primogenitus
1878 1206 2028 1264 erat;
2063 1204 2116 1251 et

535 1297 687 1350 nullo
723 1295 886 1349 modo
915 1293 1022 1348 tale
1069 1291 1273 1363 aliquid
1317 1291 1441 1345 fecit
1474 1291 1527 1345 in
1560 1290 1689 1346 illis.
1725 1291 2117 1345 Erubesccntes

533 1402 665 1456 ergo
699 1384 855 1439 fateri
904 1383 1047 1453 quod
1088 1381 1419 1445 sentiebant,
1467 1396 1572 1434 non
1620 1380 1809 1434 dicunt
1859 1381 2111 1451 quidem,

532 1480 645 1534 Cur
679 1479 829 1531 illum
885 1473 1276 1548 praeltonoras?
1323 1473 1415 1527 sed
1460 1473 1896 1535 indi-terminate,
1945 1471 2113 1525 inter-

532 1582 750 1641 rogant,
789 1567 920 1634 Quis
964 1568 1136 1634 major
1186 1568 1306 1621 est?
1340 1565 1790 1634 Quandoquidem
1852 1574 1961 1618 tres
1992 1564 2114 1619 illos

534 1663 793 1719 videbant
814 1658 1210 1730 praahouorari,
1244 1657 1377 1710 nihil
1409 1664 1735 1722 senserunt;
1764 1658 1979 1726 quando
2012 1672 2109 1710 au-

534 1763 646 1809 tem
678 1754 828 1808 illum
859 1753 1059 1816 solum,
1087 1751 1405 1816 doluerunt;
1440 1764 1544 1803 non
1575 1750 1749 1803 solum
1779 1760 1956 1803 autem
1985 1764 2113 1819 pro-

535 1857 655 1917 pter
686 1848 822 1910 hoc,
873 1845 965 1900 sed
994 1844 1157 1899 etiam
1198 1841 1322 1913 quia
1354 1842 1540 1896 claves
1580 1841 1809 1911 accepit,
1845 1850 1897 1895 et
1922 1841 2113 1896 beatus
2142 1830 2188 1889 B

532 1940 712 1993 dictus
739 1945 843 1991 est.
889 1935 1178 1989 Parvulum
1216 1934 1427 1995 statuit,
1461 1932 1755 1987 ostendens
1793 1932 1939 2002 quod
1975 1923 2115 1986 iuvi-

533 2032 702 2094 diatn,
744 2044 940 2083 vanam
990 2027 1244 2096 gloriam,
1287 2033 1343 2079 et
1377 2024 1622 2095 primum
1665 2026 1845 2078 locum
1892 2024 2111 2091 sectari,

530 2125 617 2179 isti
662 2122 977 2178 indili’erens
1006 2120 1095 2185 sit,
1124 2130 1176 2175 et
1206 2118 1481 2174 contraria
1509 2128 1559 2173 et
1593 2124 1827 2173 honores
1860 2118 2114 2195 similiter

530 2216 630 2269 ista
640 2231 691 2269 m
725 2225 996 2284 reputare.

604 2307 773 2365 Vsus.
805 2307 857 2362 5.
921 2306 1027 2373 Qui
1069 2307 1355 2377 susceperit
1397 2305 1681 2375 parvulum
1713 2305 1872 2360 talem
1919 2305 1971 2361 in
2015 2321 2113 2359 uo-

529 2401 671 2454 mine
698 2415 833 2465 meo,
866 2415 947 2452 me
970 2398 1213 2469 suscipit,
1259 2396 1532 2466 significat
1560 2412 1653 2451 eos
1687 2411 1796 2451 non
1826 2396 2000 2451 solum
2033 2396 2115 2449 iu-

532 2494 728 2547 nnx'os
774 2505 897 2546 esse
934 2489 1152 2555 debere,
1206 2490 1298 2543 sed
1347 2489 1511 2542 etiam
1564 2487 1698 2542 tales
1744 2502 1869 2542 cum
1907 2487 2115 2541 honore

529 2585 835 2655 suscipere,
866 2582 1100 2645 scilicet,
1131 2581 1231 2635 hns
1263 2578 1357 2649 qui
1389 2579 1541 2650 parvi
1576 2579 1902 2649 pendentur,
1939 2577 2114 2651 negli-

530 2689 737 2749 guntur
758 2686 812 2732 et
834 2681 1280 2731 contemnuntur.

607 2764 776 2823 Vens.
813 2766 864 2821 7.
906 2763 1130 2818 Necesse
1154 2771 1232 2816 est
1278 2771 1335 2815 ut
1369 2762 1579 2816 veniant
1609 2760 1899 2826 scandala,-
1935 2760 1985 2814 id
2029 2759 2112 2813 di-

532 2859 710 2913 cendo
743 2872 851 2912 non
886 2856 1190 2911 libertatem
1246 2853 1537 2908 voluntatis
1576 2852 1844 2923 cujusque
1888 2852 2111 2917 ademit,

534 2950 631 3006 sed
672 2948 817 3018 quod
861 2961 1076 3016 semper
1099 2945 1168 3000 ab
1203 2944 1514 2999 hominibus
1547 2959 1781 3014 nequam
1831 2944 2115 3015 continget

533 3041 796 3113 praedicit.

605 3135 771 3192 Vens.
804 3134 857 3189 8.
897 3132 1160 3197 Dieendo,
1212 3131 1272 3187 Si
1313 3148 1503 3186 manus
1556 3141 1670 3198 tua,
1702 3131 1780 3186 vel
1827 3148 1916 3201 pes
1968 3140 2109 3192 tuus,

532 3240 625 3284 ant
677 3228 859 3283 oculus
896 3236 1019 3281 tuus
1067 3226 1404 3280 scandalizat
1447 3234 1513 3293 te,
1543 3224 1743 3295 projice
1770 3240 1889 3278 eum
1920 3224 2015 3277 abs
2042 3234 2109 3292 te,

530 3321 767 3375 amicum
829 3316 1008 3372 innuit
1045 3315 1138 3386 qui
1184 3317 1553 3370 membrorum
1609 3314 1785 3369 instar
1818 3314 1889 3369 ob
1920 3313 2113 3368 amici-

530 3411 663 3465 tiam
693 3417 775 3463 est
803 3407 1047 3478 quidem,
1085 3404 1182 3462 sed
1213 3405 1305 3476 qui
1334 3405 1402 3460 ad
1430 3403 1772 3475 spiritualem
1821 3404 2111 3459 utilitatem

532 3519 639 3557 non
671 3501 903 3557 confert.

602 3594 767 3650 Vens.
800 3594 888 3650 IO.
920 3592 1025 3661 Qui
1056 3599 1182 3648 sunt
1208 3590 1418 3661 pusilli,
1455 3605 1595 3660 quos
1627 3605 1735 3645 non
1764 3600 2115 3646 contemnere

529 3687 816 3760 praecipit?
850 3685 1145 3756 Panperes,
1178 3684 1465 3754 incogniti,
1498 3684 1803 3753 simplices.

608 3781 825 3845 Diceus,
894 3778 1068 3849 angeli
1116 3793 1340 3840 eorum,
1376 3776 1617 3831 ostendit
1676 3790 1868 3829 omnes
1916 3774 2116 3829 habere

533 3870 757 3943 angelos
788 3886 802 3924 :
831 3868 1085 3934 dicendo,
1128 3867 1314 3922 Vident
1342 3867 1532 3938 faciem
1558 3865 1742 3921 Patris
1768 3867 1867 3920 mei
1897 3875 2117 3937 propter

534 3978 790 4032 magnam
823 3962 1126 4017 libertatem
1161 3969 1215 4015 et
1261 3963 1526 4015 honorem
1564 3975 1674 4031 quo
1723 3957 2004 4027 fruuntur,
2037 3959 2117 4035 sic

533 4055 797 4124 loquitur.

604 4148 777 4203 Vens.
839 4144 927 4203 I6.
966 4144 1079 4201 Cur
1115 4144 1277 4211 dicit,
1332 4143 1393 4201 Si
1425 4143 1713 4214 peccaverit
1756 4144 1811 4198 in
1862 4152 1910 4197 te
1948 4144 2117 4212 frater

536 4251 683 4304 tuus,
715 4246 769 4294 et
793 4237 1041 4309 reliqua?
1091 4236 1240 4292 Inter
1269 4236 1408 4291 duos
1434 4234 1528 4289 fiat
1558 4233 1856 4304 correptio,
1889 4248 1956 4287 nc
1984 4248 2116 4288 eru-

533 4334 725 4390 bescat
753 4342 1067 4402 correptus,
1094 4337 1150 4387 et
1176 4327 1596 4385 inemendalibis
1629 4326 1739 4381 fiat.

605 4512 724 4568 Non
755 4512 909 4567 ducit
936 4509 1257 4581 aﬂligentem
1282 4508 1349 4563 ad
1369 4507 1649 4571 amictum,
1680 4505 1773 4562 sed
1799 4505 1917 4561 vice
1934 4519 2113 4569 versa,
2141 4491 2197 4552 D

534 4607 805 4677 quoniam
843 4604 936 4657 ille
983 4604 1078 4673 qui
1129 4600 1458 4671 iniustitiam
1495 4598 1622 4654 feeit
1670 4614 1777 4653 non
1811 4597 1972 4652 facile
2021 4611 2117 4652 ve-

538 4700 684 4753 niret
734 4705 957 4768 propter
1009 4694 1305 4760 ruborem;
1360 4693 1484 4750 ideo
1517 4694 1585 4749 ad
1619 4692 1767 4747 hunc
1814 4692 1969 4747 illum
2016 4690 2117 4747 ad-

537 4790 780 4931 dualis.
820 4875 908 4932 l9.
941 4873 1084 4941 Quid
1112 4882 1195 4930 est
1221 4873 1366 4945 quod
1413 4872 1638 4939 dicitur,
1670 4872 1730 4929 Si
1756 4874 1859 4929 duo
1887 4890 1953 4928 ex
1976 4873 2117 4929 vobis

540 4968 899 5022 consenserint
927 4982 1084 5035 super
1109 4972 1327 5032 terram,
1351 4966 1413 5019 de
1433 4966 1575 5019 omni
1594 4981 1649 5018 re
1671 4981 1829 5035 quam
1849 4966 2116 5036 petierint.

537 5062 630 5131 ﬁet
687 5059 838 5115 illis?
882 5062 956 5115 De
1001 5059 1329 5132 quibusnam
1381 5058 1515 5113 dicit
1577 5059 1724 5113 duo?
1766 5057 1841 5114 Dc
1890 5058 1974 5113 bis
2022 5057 2115 5127 qui

539 5152 840 5223 angelicam
899 5151 1065 5207 vitam
1125 5150 1365 5217 ducunt;
1418 5160 1624 5220 quanta
1672 5152 1818 5205 enim
1854 5151 1939 5205 isti
1991 5166 2117 5205 eum

539 5244 901 5300 unanimitate
963 5242 1225 5315 petierint
1293 5256 1421 5313 erga
1479 5242 1835 5313 proximum,
1905 5243 2119 5299 obtine-

536 5338 694 5393 bunt.

608 5429 773 5485 Vens.
817 5428 910 5484 2‘1.
956 5427 1265 5499 Septuagies
1316 5429 1528 5498 septies,
1583 5443 1690 5483 non
1740 5443 1841 5499 pro
1892 5444 2120 5484 numero

540 5524 801 5589 sumitur,
833 5522 927 5579 sed
959 5537 1058 5591 pro
1082 5523 1373 5576 innumero
1407 5539 1420 5576 :
1453 5531 1513 5575 ut
1546 5521 1749 5576 dicitur
1781 5522 1970 5578 decem
1997 5523 2119 5577 mil-

538 5613 631 5675 lia,
665 5624 725 5668 ut
757 5613 965 5669 sterilis
998 5612 1207 5683 peperit
1239 5621 1466 5683 septem,
1502 5610 1554 5666 id
1589 5621 1692 5679 est,
1729 5613 1953 5669 multos.

614 5707 777 5760 Vsus.
808 5704 900 5760 24.
940 5703 1131 5759 Decem
1166 5703 1337 5758 millia
1374 5704 1576 5758 talenta
1633 5719 1756 5773 quae
1787 5703 1932 5760 Deus
1958 5704 2123 5760 remi-

540 5794 634 5861 sit,
664 5804 718 5851 et
748 5804 970 5851 centum
1009 5810 1132 5864 qua:
1180 5811 1371 5851 servus
1402 5811 1512 5850 non
1547 5796 1777 5862 remisit,
1809 5794 1903 5852 Dei
1939 5797 2122 5853 indul-

2222 556 2463 625 μεγάλου
2500 556 2779 627 θαύματος
2803 554 2973 621 ἄξιον.

2804 707 3056 761 ΚΕΦᾹΛ.
3114 708 3217 763 IH'.

2292 832 2392 886 Διὰ
2423 833 2475 886 τί
2508 833 2764 900 λέγεται,
2813 835 2917 888 Ἐν
2949 832 3022 901 τῇ
3052 833 3171 901 ὥρᾳ
3217 832 3421 901 ἐκείνῃ
3451 832 3795 901 προσῆλθεν

2220 926 2273 977 οΙ
2295 927 2554 992 μαθηταί
2598 924 2676 989 τῷ
2730 924 2934 990 Ἰησοῦ
2965 926 3250 994 λέγοντες
3272 965 3286 987 ,
3326 925 3419 989 Τίς
3458 924 3569 991 ἄρα
3589 926 3792 993 μείζων

2218 1015 2432 1081 early;
2495 1016 2712 1087 Ἐπειδὴ
2746 1016 2947 1069 ἔπαθον
2990 1014 3369 1086 ἀνθρώπινον,
3411 1016 3532 1068 ἐπεὶ
3581 1034 3791 1087 προετι-

2223 1106 2373 1175 μήθη
2409 1108 2436 1158 6
2473 1106 2679 1177 Πέτρος
2713 1107 2788 1171 ὼς
2824 1107 3170 1178 πρωτότοκος
3194 1124 3207 1138 ·
3259 1108 3357 1161 καὶ
3405 1109 3513 1178 γὰρ
3570 1091 3653 1171 εἷς
3690 1109 3792 1160 τῶν

2219 1199 2333 1265 δύο,
2380 1199 2638 1264 Ἰάκωϐος
2680 1200 2777 1253 καὶ
2819 1199 3091 1270 Ἰωάννης,
3120 1203 3284 1271 λέγω,
3329 1204 3675 1274 πρωτότοκος
3706 1199 3789 1274 ἦν·

2221 1293 2316 1345 καὶ
2365 1292 2619 1362 οὐδαμῶς
2670 1310 2722 1345 τι
2769 1294 3013 1346 τοιοῦτον
3071 1296 3330 1367 ἐποίησεν
3380 1296 3520 1365 ὑπὲρ
3575 1296 3788 1351 αὐτῶν.

2219 1384 2612 1454 Αίσχυνόμενοι
2660 1381 2753 1437 οὖν
2796 1385 2934 1457 ὅπερ
2965 1385 3167 1440 ἔπαθον
3204 1386 3569 1458 ὁμολογῆσαι,
3616 1388 3677 1441 οὐ
3707 1388 3790 1441 λέ-

2218 1492 2375 1544 γουσι
2415 1476 2537 1546 μὲν,
2565 1477 2645 1529 ὃτι
2673 1476 2771 1530 Διὰ
2800 1477 2854 1529 τί
2884 1478 3074 1531 τοῦτον
3103 1482 3408 1552 προτιμᾷς;
3444 1481 3711 1552 ἀορίστως
3739 1482 3792 1533 δὲ

2218 1566 2464 1637 ἐρωτῶσι
2491 1585 2503 1597 ·
2550 1567 2642 1633 Τίς
2692 1567 2906 1636 μείζων
2950 1569 3151 1637 ἐστίν;
3188 1571 3317 1625 Ὅτε
3368 1571 3467 1641 μὲν
3513 1573 3624 1642 γὰρ
3673 1573 3791 1635 τοὺς

2216 1662 2368 1729 τρεῖς
2414 1654 2554 1713 εἶδον
2603 1661 3058 1732 προτιμωμένους
3085 1704 3098 1729 ,
3134 1663 3287 1716 οὐδὲν
3339 1663 3539 1719 ἔπαθον
3562 1680 3574 1693 ·
3611 1665 3699 1717 ὅτε
3737 1665 3789 1717 δὲ

2220 1751 2409 1805 τοῦτον
2445 1752 2628 1822 μόνον,
2660 1752 2926 1823 ἤλγησαν·
2953 1754 3047 1807 καὶ
3074 1755 3134 1807 οὐ
3167 1755 3326 1825 μόνον
3359 1756 3446 1809 διὰ
3468 1756 3651 1822 τοῦτο,
3682 1756 3790 1809 ἀλλ’

2216 1843 2297 1895 ὅτι
2325 1842 2418 1896 καὶ
2445 1844 2542 1903 τὰς
2571 1840 2719 1905 κλεῖς
2751 1842 2933 1905 ἔλαϐε,
2968 1843 3058 1896 xui.
3092 1843 3460 1914 ἐμακαρίσθη’
3496 1843 3556 1895 τὺ
3585 1842 3642 1895 δὲ
3677 1861 3791 1895 παι-

2214 1934 2324 1986 δίον
2347 1932 2645 1998 ὑπέδειξεν,
2671 1934 2887 1997 δεικνὺς
2909 1936 2989 1988 ὅτι
3016 1934 3213 2002 φθόνου
3247 1935 3341 1988 καὶ
3367 1934 3676 1999 κενοδοξίας
3702 1933 3790 1987 καὶ

2214 2022 2421 2075 τούτων
2448 2023 2746 2093 ’πρωτείων
2798 2024 2973 2099 ὲρᾷνκ
3003 2023 3345 2094 ἀναισθήτως
3398 2023 3512 2096 ἔχει
3537 2067 3552 2088 ,
3591 2026 3685 2079 καὶ
3726 2025 3789 2077 τὰ

2214 2114 2435 2168 ἐναντία
2465 2115 2561 2166 καὶ
2589 2112 2656 2166 τὰ
2683 2113 2841 2185 τίμια
2866 2114 3067 2184 ὁμοίως
3094 2113 3389 2184 λογίζεται.

2285 2299 2379 2365 Τὸ,
2420 2300 2525 2363 ’ος
2553 2299 2662 2353 ἐὰν
2709 2298 2952 2367 δέξηται
2993 2299 3240 2354 παιδίον
3288 2299 3523 2354 τοιοῦτο
3567 2299 3669 2353 ἐπὶ
3714 2300 3789 2365 τῷ

2215 2391 2463 2460 ὀνόματί
2503 2408 2645 2460 μου,
2683 2391 2789 2461 ἐμὲ
2818 2391 3075 2461 δέχεται,
3133 2393 3391 2464 σημαίνει
3424 2394 3505 2447 ὅτι
3536 2394 3599 2447 οὐ
3636 2395 3789 2465 μόνον

2214 2482 2460 2545 ἀκάκους
2507 2482 2588 2535 δεῖ
2638 2478 2798 2547 εἶναι,
2833 2484 2968 2537 ἀλλὰ
2999 2484 3094 2537 καὶ
3143 2484 3421 2549 τοιούτους
3462 2487 3631 2556 τιμᾷν
3662 2486 3791 2551 δέει,

2215 2574 2577 2645 ἀμερίμνους,
2630 2576 2784 2646 φησὶ,
2836 2577 2930 2630 καὶ
2967 2575 3191 2647 ἀμελεῖς
3240 2577 3336 2631 καὶ
3382 2578 3790 2649 εὐκαταφρονή-

2212 2684 2362 2731 τους.

2285 2763 2378 2829 T6,
2429 2762 2690 2832 Ἀνάγκη
2720 2763 2923 2819 ἐλθεῖν
2947 2766 3019 2819 τὰ
3050 2764 3390 2832 σκάνδαλα,
3427 2766 3631 2835 λέγειν,
3650 2765 3711 2818 οὐ
3733 2763 3789 2817 τδ

2214 2855 2537 2926 αὐθαίρετον
2565 2857 2667 2925 τῆς
2717 2856 3033 2928 ἐλευθερίας
3081 2858 3313 2912 ἑκάστου
3370 2860 3603 2923 ἀνεῖλεν,
3660 2858 3787 2912 ἀλλὰ

2213 2948 2275 3001 τδ
2309 2949 2528 3012 πάντως
2566 2949 2825 3020 ἐσόμενον
2866 2950 2971 3003 ὑπὸ
3019 2951 3273 3021 πονηρῶν
3323 2951 3629 3024 ἀνθρώπων
3663 2968 3789 3023 προ-

2215 3039 2386 3108 λέγει.

2288 3130 2508 3197 Είπὼν,
2583 3132 2720 3186 Ἐὰν
2766 3134 2803 3201 ἡ
2852 3137 2981 3202 χείρ
3042 3148 3160 3189 σου
3206 3135 3242 3205 ἢ
3286 3138 3319 3190 δ
3362 3135 3517 3201 ποῦς
3584 3152 3704 3189 σου
3752 3135 3787 3202 ἦ

2217 3226 2249 3278 d
2282 3224 2590 3293 ὀφθαλμός
2611 3240 2728 3279 σου
2756 3225 3140 3295 σπονδαὶ-’σῃ
3172 3242 3264 3289 σε,
3291 3226 3451 3291 ,βάλε
3472 3226 3661 3281 αὐτὸν
3676 3226 3790 3280 ἀπὸ

2215 3315 2355 3383 σοῦ,
2399 3315 2551 3385 φίλον
2596 3316 2745 3385 λέγει
2794 3317 2885 3371 τὸν
2929 3319 2987 3370 ὲν
3030 3319 3181 3386 τάξει
3231 3318 3425 3390 μέλους
3475 3317 3563 3372 διὰ
3613 3317 3790 3387 φιλίαν

2215 3406 2344 3460 ὄντα
2379 3407 2500 3479 μὲν,
2541 3410 2621 3471 είς
2649 3408 2705 3461 δὲ
2739 3407 2978 3480 ψυχικὴν
3011 3409 3281 3481 ὠφέλειαν
3320 3411 3417 3481 οὐχ
3457 3409 3789 3481 ὑπάρχοντα.

2288 3591 2443 3653 Τίνες
2468 3590 2606 3644 είσὶν
2632 3591 2681 3643 oi
2706 3591 2911 3663 μικροί,
2937 3588 3019 3656 οἷς
3042 3592 3117 3665 μὴ
3139 3596 3500 3665 καταφρονεῖν
3522 3596 3793 3665 προστάσ-

2220 3701 2302 3737 σει
2332 3702 2346 3751 ;
2386 3685 2450 3736 Ol
2485 3685 2713 3754 πτωχοὶ,
2743 3685 2793 3737 oi
2832 3684 3124 3754 ἄγνωστοι,
3154 3688 3201 3739 οἱ
3230 3686 3487 3751 εὐτελεῖς.

2289 3775 2497 3841 Εἰπὼν,
2548 3778 2613 3830 Ol
2642 3775 2885 3846 ἄγγελοι
2935 3776 3155 3843 αὐτῶν,
3203 3777 3402 3844 ἔδειξεν
3455 3780 3538 3832 ὅτι
3597 3780 3792 3843 πάντες

2218 3866 2489 3936 ἀγγέλους
2536 3866 2753 3937 ἔχουσιν
2776 3885 2791 3900 ·
2825 3868 2885 3921 τὸ
2912 3868 2968 3921 δὲ
3002 3868 3202 3937 λέγειν,
3233 3870 3317 3923 ὅτι
3343 3870 3693 3925 Βλέπουσιν
3730 3872 3793 3925 τὸ

2217 3959 2545 4027 πρόσωπον
2570 3957 2679 4012 τοῦ
2698 3961 2931 4028 Πατρός
2948 3977 3091 4029 μου,
3120 3961 3208 4015 διὰ
3227 3962 3325 4034 τὴν
3352 3963 3554 4035 πολλὴν
3583 3966 3793 4037 παρρη-

2220 4050 2343 4105 σίαν
2377 4050 2473 4104 καὶ
2501 4050 2668 4121 τιμὴν
2699 4052 2767 4123 ἢν
2795 4051 3008 4122 ἔχουσιν
3033 4053 3203 4121 λέγει.

2290 4143 2391 4197 Διὰ
2420 4143 2474 4195 τί
2505 4142 2676 4212 λέγει,
2708 4144 2790 4197 ὅτι
2829 4143 2963 4197 Ἐὰν
2993 4143 3311 4214 ἁμαρτήσῃ
3338 4148 3426 4213 είς
3470 4145 3546 4200 σὲ
3568 4150 3601 4201 ὀ
3626 4148 3794 4201 ἀδελ-

2219 4236 2334 4304 φός
2367 4250 2507 4300 σου,
2555 4236 2651 4289 καὶ
2685 4235 2753 4288 τὰ
2790 4235 2954 4306 ἐξῆς;
3001 4238 3222 4302 Μεταξὺ
3258 4238 3350 4291 δύο
3404 4238 3661 4307 γενέσθαι
3709 4239 3793 4291 τὸν

2220 4328 2464 4398 ἔλεγχον,
2492 4327 2578 4380 ἴνα
2610 4328 2685 4399 μὴ
2701 4329 2967 4400 αἰσχυνθῇ
2993 4331 3021 4381 6
3044 4328 3419 4400 ἐλεγχόμενος,
3439 4331 3533 4384 καὶ
3555 4331 3794 4402 δυσδιόρ-

2222 4420 2393 4484 θωτος
2427 4420 2674 4490 γένηται.
3172 4424 3179 4430 ’

2296 4513 2411 4565 Οὐκ
2427 4512 2550 4581 ἄγει
2579 4512 2669 4566 τὸν
2698 4513 3016 4585 λυπήσαντα
3046 4514 3181 4587 πρὸς
3202 4515 3294 4569 τὸν
3309 4514 3644 4587 λυπηθέντα,
3664 4517 3793 4571 ἀλλὰ

2218 4605 2409 4660 τοῦτον
2440 4606 2578 4677 πρὸς
2611 4607 2841 4673 ἐκεῖνον,
2867 4607 3057 4679 ἐπειδὴ
3079 4611 3107 4662 6
3130 4607 3407 4678 ἠδικηκὼς
3433 4610 3533 4663 οὐκ
3560 4610 3791 4671 εὐκόλως

2220 4698 2287 4753 ἂν
2317 4697 2460 4751 ἔλθοι
2488 4698 2875 4769 αἰσχυνόμενος
2895 4716 2911 4732 ο
2944 4700 3033 4754 διὰ
3058 4703 3216 4757 τοῦτο
3244 4703 3380 4774 πρὸς
3412 4705 3641 4771 ἐκεῖνον,
3674 4705 3792 4759 τοῦ·

2219 4805 2313 4842 τον
2344 4787 2515 4843 ἕλκει.

2290 4883 2356 4936 Τί
2384 4883 2530 4936 ἐστιν
2567 4883 2628 4936 τὺ
2661 4883 2974 4955 λεγόμενον,
3007 4886 3089 4941 ὅτι
3116 4888 3233 4941 Δύο
3286 4888 3447 4959 ὑμῶν
3477 4890 3588 4944 ἐὰν
3643 4904 3792 4959 συμ·

2220 4975 2593 5046 φωνήσωσιν
2627 4976 2727 5029 ἐπὶ
2785 4976 2893 5046 τῆς
2945 4977 3076 5048 γῆς,
3118 4979 3251 5049 περὶ
3284 4983 3509 5046 παντὸς
3536 4982 3791 5053 πράγμα-

2221 5085 2324 5135 τος
2352 5064 2423 5124 οὗ
2452 5066 2530 5122 ἂν
2572 5068 2958 5137 αἰτήσωνται,
3011 5072 3331 5142 γενήσεται
3377 5075 3617 5142 αὐτοῖς;
3667 5076 3793 5144 Περὶ

2224 5161 2393 5213 ποίων
2438 5160 2589 5229 λέγει
2638 5160 2765 5228 δύος
2818 5163 2952 5234 Περὶ
3001 5165 3111 5218 τῶν
3160 5166 3458 5238 ἀγγελικὴν
3525 5167 3792 5221 πολιτείαν

2222 5250 2485 5321 ἑχόντων·
2521 5252 2624 5307 ὅσα
2656 5252 2764 5325 γὰρ
2790 5254 2856 5307 ἂν
2888 5249 3036 5310 οὗτοι
3070 5256 3209 5326 μετὰ
3238 5260 3492 5327 ὁμονοίας
3530 5260 3791 5329 αἰτήσων-

2222 5360 2310 5397 ται
2344 5343 2473 5413 περὶ
2509 5342 2602 5397 τοῦ
2640 5345 2890 5415 πλησίον,
2920 5346 3323 5413 ὲπιτεύξονται.

2298 5434 2390 5498 Τὸ,
2431 5431 2878 5503 Ἑϐδομήκοντα
2898 5436 2997 5491 καὶ
3025 5438 3176 5492 ἑπτὰ
3197 5479 3211 5503 ,
3242 5440 3344 5492 οὐκ
3373 5438 3604 5511 ἀριθμὸν
3631 5438 3791 5510 δηλοῖ,

2223 5524 2361 5577 ἀλλὰ
2386 5525 2446 5578 τὸ
2479 5527 2711 5597 ἄπειρον
2733 5544 2746 5557 ·
2781 5528 2971 5602 ὥσπερ
3003 5531 3083 5595 τὸ,
3136 5532 3325 5603 μυρία,
3366 5535 3458 5586 κοιλ⁵
3486 5531 3670 5604 ὥσπερ
3716 5530 3791 5595 τὸ,

2225 5618 2436 5687 Στεῖρα
2490 5619 2696 5675 ἔτεκεν
2734 5622 2906 5686 ἑπτὰ,
2944 5624 3066 5676 ἀντὶ
3102 5624 3217 5690 τοῦ,
3255 5625 3444 5681 πολλά.

2300 5710 2381 5762 Τὰ
2417 5712 2585 5782 μυρία
2630 5711 2869 5767 τάλαντα
2900 5712 2936 5766 ἂ
2961 5715 2988 5767 6
3013 5713 3146 5778 Θεὸς
3178 5715 3411 5787 ἀφῆκεν,
3446 5716 3541 5770 καὶ
3570 5716 3636 5770 τὰ
3667 5717 3790 5769 ἐκα-

2226 5803 2315 5856 τδν
2344 5801 2379 5856 ἃ
2408 5804 2436 5855 6
2460 5803 2644 5868 δοῦλος
2672 5806 2773 5859 οὐκ
2816 5805 3049 5877 ἀφῆκεν,
3082 5808 3180 5878 τὴν
3228 5808 3673 5880 ὑπερῆάλλουσαν
3703 5804 3791 5861 τοῦ
