4026 6406
500 366 641 434 1199

1215 368 1607 428 OPUSCULA
1650 368 2289 430 SCRIPTURISTICA
2332 370 2685 431 INCERTIE
2723 370 3036 434 ETATIS.

3624 370 3748 437 1150

498 499 631 541 sane
659 482 725 537 de
756 483 938 554 seipso
971 496 1209 554 quoque.
1250 482 1388 536 Illud
1420 492 1625 547 autem,
1674 482 1797 548 Vos,
1820 484 1941 537 licet
1966 485 2083 539 sitis

2199 484 2422 538 ἑαυτοῦ·
2464 487 2675 540 τοιοῦτο
2710 486 2766 543 δὲ
2802 487 2915 552 καὶ,
2966 487 3037 540 Εἰ
3074 484 3244 555 ὑμεῖς
3295 486 3542 556 πονηροὶ
3592 487 3746 556 ὄντες

500 575 664 641 mali,
720 578 887 630 nostis
948 576 1082 629 bona
1136 576 1295 639 dare,
1343 590 1451 629 non
1506 576 1755 630 omnium
1814 576 2082 632 malitiam

500 670 702 740 arguit,
735 670 827 724 sed
862 670 1145 723 hominum
1198 669 1502 724 bonitatem
1540 685 1665 725 cum
1700 668 1795 725 Dei
1838 670 2085 727 bonitate

503 759 735 815 (Oufert.

571 852 735 907 Vens.
773 852 865 905 2'5.
899 851 1009 905 Cur
1038 853 1103 907 ad
1138 852 1439 922 discipulos
1467 853 1721 922 loquens,
1753 869 1879 909 cum
1918 854 2086 908 abiis-

499 956 578 1001 set
612 945 704 1012 qui
738 945 1190 1016 interrogaverat,
1243 947 1497 1001 Christus
1529 948 1660 1001 dicit
1688 948 1769 1002 eis
1798 963 1907 1001 non
1938 957 2086 1002 certe

498 1039 781 1104 divitibus,
840 1039 969 1109 quia
1019 1039 1172 1095 dives
1208 1038 1428 1096 diﬂicile
1486 1040 1712 1095 intrabit
1750 1040 1805 1095 in
1858 1055 2083 1111 regnum

502 1131 635 1185 Dei?
694 1130 761 1184 Ut
813 1141 1063 1186 moneret
1114 1146 1211 1187 eos
1279 1147 1390 1186 non
1455 1141 1831 1203 paupertatem
1886 1134 2084 1188 erube-

499 1239 673 1277 δραι-ο.

574 1331 737 1387 Vens.
768 1333 859 1388 25.
891 1336 1029 1389 Cum
1087 1350 1361 1406 pauperes
1410 1345 1618 1399 essent,
1678 1336 1955 1405 quomodo
2005 1336 2086 1389 di-

500 1437 655 1491 cunt,
704 1426 839 1492 Qui;
895 1444 1019 1499 ergo
1070 1433 1263 1498 poterit
1314 1430 1491 1483 salvas
1540 1429 1708 1483 esse?
1759 1427 1896 1499 Erga
1949 1430 2087 1484 alios

502 1516 776 1583 homines,
854 1534 1051 1588 nempe
1113 1519 1363 1576 dolentes
1404 1530 1666 1590 tanquam
1723 1530 1850 1590 erga
1888 1529 2087 1575 semet-

501 1610 673 1675 ipsos.

575 1701 741 1758 Vens.
776 1703 865 1757 28.
904 1702 1165 1759 Sedebilis
1215 1720 1373 1772 super
1405 1703 1549 1757 sedes
1583 1704 1880 1769 duodecim,
1941 1704 2083 1759 idem

501 1802 586 1846 est
638 1808 702 1846 ac
754 1791 1360 1862 Congloriiieahimini;
1396 1792 1729 1861 judicantes,
1798 1807 1897 1861 pro
1947 1808 2082 1847 con-

502 1885 843 1940 demnantes.
894 1883 1011 1939 Non
1062 1885 1208 1939 enim
1247 1894 1394 1940 certe
1435 1884 1651 1955 judices
1690 1900 1815 1941 esse
1846 1886 2080 1954 debent;

502 1992 631 2029 nam
698 1977 750 2030 in
806 1976 1323 2031 condemnationem
1395 1977 1708 2033 concivium
1758 1987 1941 2041 erunt,
1991 1979 2085 2048 qui

499 2069 876 2124 crediderunt.

570 2180 729 2237 Vens.
766 2182 855 2235 29.
907 2180 1015 2248 Qui
1044 2182 1317 2253 reliquerit
1369 2197 1614 2251 uxorem,
1672 2194 1804 2251 etc.,
1842 2202 1950 2240 nun
2001 2186 2086 2241 di-

499 2274 740 2327 vortium
771 2276 841 2330 ab
865 2275 1131 2329 uxoribus
1186 2275 1419 2342 inducit,
1463 2277 1557 2333 sed
1595 2278 1774 2333 simile
1804 2287 1887 2333 est
1935 2279 2086 2345 huic,

497 2368 606 2432 Qui
659 2370 829 2437 perdit
883 2369 1119 2423 animum
1160 2385 1336 2435 suam,
1380 2371 1605 2424 inveniet
1645 2386 1799 2437 eant,-
1830 2377 1888 2426 ul
1916 2372 1968 2425 in
2002 2368 2088 2427 his

495 2474 619 2528 qua:
669 2462 1053 2531 persequimur
1106 2462 1425 2532 religionem
1468 2476 1579 2532 pra:
1615 2477 1810 2529 uxore,
1840 2465 2007 2518 domo
2032 2472 2087 2518 et

496 2552 694 2607 amicis
725 2553 1117 2622 perieramus;
1159 2555 1243 2609 vel
1288 2553 1511 2624 quando
1540 2566 1680 2608 uxor
1707 2554 1943 2611 infidelis
1979 2565 2085 2623 est,

495 2651 594 2697 aut
640 2644 738 2707 vir,
791 2651 922 2700 tunc
951 2644 1022 2700 ob
1057 2646 1379 2711 religionem
1437 2644 1736 2699 divortium
1773 2646 1852 2712 fit,
1897 2647 1942 2703 si
1978 2664 2085 2702 non

498 2748 679 2807 potest
716 2736 804 2792 illa
833 2736 1141 2795 emendari.
1181 2739 1260 2795 ita
1295 2738 1494 2794 Paulus
1540 2739 1675 2794 dixit
1704 2758 1718 2793 :
1752 2739 1812 2795 Si
1851 2741 2087 2811 inﬁdelis

496 2841 801 2899 separatur.
838 2843 1137 2901 separetur.

572 3020 739 3075 Vnns.
770 3021 859 3077 50.
894 3022 1053 3076 Multi
1083 3034 1237 3077 erunt
1268 3025 1558 3088 novissimi,
1602 3024 1801 3092 primi;
1830 3030 1877 3077 et
1902 3023 2085 3094 primi,

500 3114 794 3180 novissimi,
832 3115 898 3169 de
926 3113 1130 3171 ludatis
1159 3125 1213 3170 et
1238 3116 1476 3171 ethnicis
1510 3115 1729 3169 dicitur.

1102 3265 1333 3321 CAPUT
1382 3266 1496 3322 ΧΧ.

571 3408 737 3465 Vens.
766 3409 817 3463 ‘I.
852 3408 925 3465 De
956 3410 1223 3481 operariis
1257 3410 1558 3480 intelligere
1584 3419 1824 3481 oportet,
1866 3410 2083 3466 vineam

498 3517 622 3557 esse
679 3503 898 3557 virtutis
950 3505 1368 3569 operationem;
1430 3514 1649 3574 tempus
1724 3503 2082 3573 operationis,

500 3596 643 3650 hanc
676 3603 1000 3664 praesentem
1033 3596 1196 3650 vitam
1224 3613 1239 3662 ;
1290 3597 1575 3666 operarios
1605 3605 1787 3650 autem
1814 3596 2083 3661 diversos,

502 3684 754 3738 homines
799 3684 1141 3738 diversarum
1184 3694 1426 3739 aetatum.
1472 3684 1625 3749 Quod
1682 3694 1863 3739 autem
1915 3683 2083 3754 aliqui

502 3786 912 3830 murmurantes
969 3776 1318 3840 inducantur,
1383 3791 1494 3830 non
1551 3785 1810 3845 putemus
1864 3787 2086 3832 sanctos

501 3868 760 3924 invidiam
793 3869 903 3923 illic
950 3870 1274 3937 concipere;
1314 3885 1437 3923 nam
1492 3869 1600 3923 illic
1647 3870 1828 3923 omnia
1883 3870 2084 3924 invidia

502 3973 712 4019 carent.
760 3961 863 4018 Sed
918 3978 1026 4017 non
1070 3978 1262 4017 omnes
1306 3963 1578 4032 parabolm
1615 3973 1799 4032 partes
1826 3964 2085 4033 explirari

501 4056 722 4117 debent,
777 4055 1032 4125 parabola
1072 4056 1219 4109 cnim
1260 4064 1373 4121 est;
1413 4056 1504 4111 sed
1559 4070 1682 4125 quae
1746 4054 1974 4109 tendunt
2020 4056 2085 4109 ad

501 4150 796 4214 aptandum
823 4149 1105 4219 proposito
1135 4148 1394 4203 invidiam
1437 4148 1516 4202 vel
1554 4158 1936 4219 exaggeratam
1969 4150 2089 4219 ejus

503 4241 596 4311 qui
630 4241 954 4295 beneiicinm
993 4242 1226 4312 accepit,
1257 4241 1606 4296 solummodo
1646 4240 1855 4295 inducit
1886 4256 2085 4297 sermo.

578 4349 803 4406 Vineam
827 4350 923 4405 Dei
950 4362 1219 4421 przecepta
1263 4362 1315 4407 et
1341 4367 1440 4406 sua
1467 4354 1724 4407 mandata
1755 4352 1921 4419 dicit;
1948 4362 2091 4409 tem-

502 4462 605 4515 pus
623 4447 977 4516 Operatiouis,
992 4456 1315 4518 prmsentem
1340 4447 1528 4513 vitam;
1546 4447 1833 4517 operarios
1847 4448 2092 4502 diversos

505 4549 730 4595 vocatos
752 4539 819 4593 ad
844 4539 1097 4593 mandata
1126 4538 1397 4605 implenda
1423 4538 1569 4592 circa
1591 4537 1830 4603 tertiam,
1855 4546 2090 4596 sextam,

512 4648 711 4684 nouam
753 4639 808 4685 et
853 4632 1197 4685 undecimam
1232 4630 1445 4692 horam,
1482 4628 1733 4683 homines
1770 4629 1823 4683 in
1859 4629 2095 4685 diversis

508 4722 758 4775 atatihus
789 4721 1111 4775 accedentes
1146 4730 1195 4772 et
1225 4720 1508 4789 praemium
1545 4718 1909 4786 acquirentcs.

588 4903 755 4960 Vens.
795 4905 846 4957 5.
899 4902 1054 4968 Quod
1112 4911 1373 4955 vocentur
1413 4901 1596 4963 tertia,
1637 4912 1813 4964 sexta,
1856 4913 1908 4956 ct
1954 4918 2094 4957 nona

512 5000 668 5060 hora,
721 5012 828 5051 non
880 4994 1292 5067 praejudicautis
1344 5004 1428 5049 est
1482 4995 1705 5065 injuste,
1744 4995 1836 5050 sed
1893 5010 2097 5065 cogno-

512 5093 717 5146 scentis
770 5089 915 5158 quod
945 5089 999 5144 hi
1037 5088 1269 5143 debeant
1323 5087 1424 5158 ipsi
1470 5090 1872 5159 obtemperare.
1909 5088 2001 5144 Sic
2042 5100 2097 5145 et

512 5184 715 5238 Paulus
746 5199 852 5237 non
898 5182 952 5236 in
997 5180 1166 5235 initiis
1198 5180 1300 5234 fuit
1328 5191 1574 5237 vocatus.
1602 5183 1695 5235 sed
1743 5182 1965 5251 quando
1997 5183 2090 5237 dc-

512 5276 629 5329 huit
664 5274 907 5327 obedire.
949 5271 1106 5338 Quod
1162 5279 1343 5326 autem
1406 5271 1639 5326 voluerit
1702 5271 1754 5325 in
1829 5273 2095 5343 principio

512 5366 842 5430 conducere.
875 5365 1006 5420 dicit
1037 5366 1201 5420 etiam
1233 5363 1513 5433 parabola,
1540 5364 1669 5433 quia
1709 5363 1846 5419 exiit
1883 5365 2096 5419 comin-

511 5477 671 5525 cere;
706 5470 759 5514 et
793 5462 935 5529 quod
987 5458 1091 5513 iste
1130 5458 1361 5512 voluerit
1414 5459 1645 5513 conduci
1670 5500 1686 5522 ,
1743 5457 1897 5523 dicit,
1938 5473 2098 5514 nemo

514 5568 614 5607 nos
641 5551 928 5607 conduxit.

582 5658 747 5713 Vens.
789 5658 869 5712 16.
922 5657 1077 5722 Quod
1106 5656 1392 5712 ceufcstim
1444 5665 1568 5726 post
1606 5657 1924 5726 parabolaui
1956 5656 2093 5711 dici-

513 5758 624 5810 tur,
651 5749 732 5803 sic
752 5758 913 5802 erunt
935 5748 1219 5811 novissimi
1246 5749 1431 5818 primi,
1459 5762 1565 5803 non
1597 5748 1856 5803 admirari
1880 5758 2099 5818 oportet

514 5848 771 5911 tanquam
799 5854 907 5892 non
950 5856 1014 5894 ex
1044 5838 1303 5908 parabola
1330 5852 1707 5910 consequens,
1760 5840 1853 5895 scd
1898 5840 2096 5895 intelli-

2187 577 2702 641 οἴδατεςδιδόναι,
2744 578 2805 631 οὐ
2856 580 3073 632 πάντων
3128 577 3396 648 πονηρίαν
3445 582 3752 650 κατηγορεῖ,

2186 670 2321 723 ἀλλὰ
2353 671 2450 740 τὴν
2480 671 2537 723 ὲν
2564 668 2874 740 ἀνθρώποις
2899 670 3217 741 άγαθότητα
3247 672 3313 741 τῇ
3336 668 3437 722 τοῦ
3459 668 3597 724 Θεοῦ
3618 671 3753 739 ἀγα-

2189 759 2374 831 θότητι
2407 761 2791 831 παραόάλλων.

2258 852 2357 905 Διὰ
2385 852 2438 905 τί
2463 851 2599 922 πρὸς
2630 852 2757 914 τοὺς
2808 850 3078 922 μαθητὰς,
3127 851 3457 917 ἀπελθόντος
3480 851 3573 906 τοῦ
3611 854 3755 924 {pura

2186 944 2473 1014 τήσαντος,
2510 945 2537 997 ό
2566 943 2801 1015 Χριστὸς
2844 943 2993 1011 λέγει
3039 943 3316 1007 πλουσίοις
3363 944 3438 1016 μὴ
3465 945 3605 1006 οὖσι,
3645 943 3757 1009 πῶς

2187 1033 2463 1099 δυσκόλως
2513 1035 2768 1099 πλούσιος
2817 1034 3187 1089 εἰσελεύσεται
3216 1036 3297 1099 εἰς
3344 1037 3444 1106 τὴν
3487 1033 3759 1105 βασιλείαν

2187 1126 2283 1181 τοῦ
2339 1128 2514 1194 Θεοῦ;
2588 1127 2866 1182 Παιδεύων
2934 1128 3133 1192 αὐτοὺς
3184 1128 3259 1198 μὴ
3295 1128 3660 1198 ,αἰσχύνεσθαι
3694 1131 3758 1199 τῇ

2189 1218 2371 1290 πενίᾳ.

2272 1328 2423 1383 Ἐπεί
2457 1331 2688 1400 πένητες
2727 1324 2892 1401 ἦσαν,
2921 1330 3040 1395 πῶς
3069 1330 3341 1400 λέγουσιν,
3398 1330 3493 1398 Τίς
3524 1332 3641 1401 ἄρα
3664 1330 3759 1384 δύο

2187 1436 2361 1476 ναται
2399 1423 2709 1491 aurarium;
2760 1424 2934 1495 ’Υπὲρ
2983 1423 3092 1478 τῶν
3120 1422 3295 1479 ἄλλων
3340 1422 3645 1496 ἀνθρώπων
3671 1425 3761 1478 άλ-

2188 1512 2413 1582 γοῦντες
2442 1508 2518 1579 ῶς
2541 1514 2684 1585 ὑπὲρ
2714 1514 2919 1569 αὐτῶν.

2257 1698 2353 1764 Τὸ,
2384 1697 2739 1765 Καθήσεσθε
2769 1698 2867 1752 ἐπὶ
2913 1697 3142 1753 δώδεκα
3181 1701 3431 1768 θρόνων,
3481 1700 3605 1754 ἀντὶ
3648 1701 3762 1766 τοῦ,

2188 1789 2691 1861 Συνδοξασθήσεσθε
2723 1804 2737 1821 ⁶
2786 1790 2848 1844 τὸ
2889 1791 2985 1857 δὲ,
3054 1794 3410 1860 ψ’νοντες,
3463 1793 3584 1845 ἀντί
3632 1792 3762 1859 τοῦ,

2188 1884 2611 1955 κατακρίνοντες
2637 1902 2651 1915 ·
2684 1885 2744 1938 οὗ
2768 1885 2877 1956 γὰρ
2908 1886 2974 1956 δὴ
2996 1885 3251 1939 δικασταί⁸
3284 1885 3575 1956 μέλλουσιν
3599 1883 3762 1941 εἶναι’

2191 1972 2272 2038 εἰς
2305 1974 2413 2047 γὰρ
2464 1978 2793 2049 κατάκρισιν
2822 1976 2931 2031 τῶν
2978 1976 3265 2047 ὁμοφύλων
3292 1979 3342 2029 οί
3372 1976 3765 2041 πιστεύσαντες

2189 2068 2422 2121 ισονται.

2260 2180 2353 2244 Τὸ,
2392 2180 2604 2247 Ὅστις
2657 2181 2896 2252 ἀφῆκεν
2938 2183 3211 2254 γυναῖκα,
3248 2183 3281 2257 ἢ
3318 2188 3434 2240 τόδε
3470 2189 3503 2261 ἢ
3538 2188 3677 2254 τόδε,
3710 2187 3767 2240 οὐ

2189 2271 2464 2338 διάζευξιν
2510 2275 2722 2343 εἰσάγει
2751 2276 2860 2328 τῶν
2895 2278 3196 2344 γυναικῶν,
3231 2278 3345 2331 ἀλλ’
3396 2280 3581 2347 ὅμοιόν
3626 2282 3768 2332 ἐστιν

2188 2360 2286 2431 τῷ,
2330 2362 2393 2414 '0
2422 2361 2730 2429 ἀπολέσας
2767 2364 2878 2430 τὴν
2909 2364 3123 2434 ψυχὴν
3147 2366 3357 2431 αὐτοῦ,
3389 2367 3637 2435 εὑρήσει
3666 2369 3768 2421 ac.

2189 2452 2341 2520 τήν·
2386 2452 2471 2507 ἵνα
2507 2457 2866 2526 προτιμῶμεν
2914 2458 2971 2511 ὲν
3015 2457 3129 2522 τοῖς
3171 2458 3432 2529 διωγμοῖς
3478 2455 3579 2530 τὴν
3620 2459 3768 2512 εὐσέ-

2190 2544 2366 2607 ϐειαν,
2418 2546 2559 2617 ὑπὲρ
2598 2550 2835 2615 γυναῖκα
2866 2549 2960 2602 καὶ
2994 2549 3173 2614 οἰκίας
3209 2550 3304 2602 καὶ
3343 2550 3529 2620 φίλους
3556 2567 3570 2580 ·
3597 2550 3769 2621 ἢὸταν

2190 2634 2329 2708 γυνὴ
2354 2635 2581 2702 ἄπιστός
2609 2640 2757 2693 ἐστιν
2778 2640 2811 2710 ἧ
2831 2639 2991 2712 ἀνὴρ,
3018 2641 3138 2695 τότε
3163 2640 3232 2694 δι’
3256 2640 3541 2695 εὐσέϐειαν
3565 2640 3769 2707 διαζεύ-

2190 2742 2403 2796 γνυται,
2436 2724 2484 2779 εἰ
2515 2729 2591 2798 μὴ
2619 2727 2846 2783 δύναται
2875 2729 3167 2802 διορθῶσαι
3198 2732 3295 2784 καὶ
3343 2731 3514 2801 αὐτὴν
3534 2746 3549 2760 °
3594 2729 3769 2793 καθὼς

2192 2820 2286 2873 καὶ
2307 2816 2519 2885 Παῦλος
2548 2818 2736 2892 ἔλεγεν
2764 2840 2776 2852 ·
2807 2823 2855 2875 εἰ
2886 2822 2941 2875 δὲ
2966 2823 2993 2875 ὁ
3019 2824 3247 2888 ἄπιστος
3273 2823 3589 2895 χωρίζεται,
3615 2839 3771 2895 χωριο

2193 2911 2388 2976 ζέσθω.

2260 3004 2356 3069 Τὸ,
2392 3006 2613 3059 Πολλοὶ
2647 3004 2891 3060 ἔσονται
2918 3007 3190 3076 ἔσχατοι,
3218 3007 3435 3077 πρῶτοι
3456 3023 3471 3039 υ
3498 3006 3601 3063 καί
3630 3006 3771 3077 πρῶ-

2192 3114 2303 3165 τοι,
2337 3099 2609 3167 ἔσχατοι,
2661 3096 2949 3164 Ἰουδαίους
2984 3102 3077 3155 καί
3119 3102 3364 3166 ὲθνικοὺς
3392 3101 3564 3171 λέγει.

2798 3246 3053 3300 ΚΕΦΑΛ.
3086 3245 3170 3301 ις’.

2265 3393 2403 3465 Περὶ
2458 3392 2567 3447 τῶν
2615 3390 2865 3466 ἐργατῶν
2922 3393 3030 3465 χρὴ
3084 3396 3260 3458 νοεῖν,
3307 3392 3619 3463 ἀμπελῶνα
3678 3393 3774 3463 τὴν

2192 3486 2459 3557 ἐργασίαν
2502 3484 2602 3557 τῆς
2654 3486 2897 3559 ἀρετῆςο
2956 3485 3150 3557 χρόνον
3204 3486 3301 3557 τῆς
3344 3488 3632 3555 ἐργασίας,
3687 3486 3773 3539 τὸν

2193 3576 2439 3647 παρόντα
2474 3577 2590 3648 βίον
2615 3595 2628 3609 ·
2659 3577 2899 3647 ἐργάτας
2926 3576 2979 3629 δὲ
3007 3574 3322 3647 διαφόρους,
3348 3579 3475 3641 τοὺς
3507 3580 3565 3630 ὲν
3588 3578 3774 3646 διαφὸ-

2194 3685 2309 3740 ροις
2335 3668 2578 3738 ἡλικίαις
2601 3684 2614 3698 ο
2648 3667 2710 3721 τὸ
2740 3665 2796 3722 δὲ
2827 3666 3069 3737 εἰσάγειν
3108 3667 3482 3736 γογγύζοντάς
3512 3686 3692 3733 τινας,
3714 3669 3775 3721 οὐ

2192 3761 2493 3831 νομίσομεν
2538 3760 2726 3829 ἁγίους
2774 3760 2990 3830 φθονεῖν
3017 3760 3262 3814 ἐκεῖθεν·
3303 3760 3520 3829 καθαρὰ
3564 3763 3676 3833 γὰρ
3713 3762 3775 3814 τὰ

2194 3854 2404 3906 ἐκεῖθεν
2458 3852 2688 3921 φθόνων
2740 3851 2876 3905 ἀλλὰ
2923 3854 2991 3906 τὰ
3046 3854 3145 3922 τῆς
3197 3850 3514 3924 παραϐολῆς
3561 3853 3619 3905 οὐ
3676 3852 3777 3923 χρὴ

2195 3948 2376 4001 πάντα
2415 3946 2628 4016 ζητεῖν·
2682 3945 2969 4016 παραδολὴ
3022 3946 3130 4017 γάρ
3161 3946 3339 3999 ἐστιν·
3394 3945 3461 3999 τὰ
3485 3945 3539 3998 δὲ
3570 3946 3774 3997 συντεί-

2194 4058 2352 4093 νοντα
2412 4040 2550 4108 πρὸς
2603 4040 2807 4092 σκοπὸν
2864 4039 3025 4109 μόνον
3092 4036 3391 4109 δρέπεσθαι
3445 4038 3537 4090 τὸν
3584 4038 3775 4107 φθόνον

2196 4133 2291 4186 καὶ
2333 4134 2411 4195 εἰς
2471 4130 2781 4203 ὑπερϐολὴν
2832 4129 2924 4183 τοῦ
2982 4129 3439 4201 εὐεργετηθέντος
3512 4130 3775 4198 εἰσάγειό

2195 4226 2375 4295 λόγος.

2281 4336 2607 4407 Ἀμπελῶνα
2644 4336 2713 4389 τὰ
2766 4336 3119 4405 ἐπιτάγματα
3166 4334 3260 4388 τοῦ
3301 4334 3438 4388 Θεοῦ
3491 4334 3644 4401 λέγει
3688 4350 3774 4386 και

2196 4429 2296 4492 τὰς
2344 4428 2566 4493 ἐντολὰς
2616 4426 2819 4481 αὐτοῦ·
2864 4428 3057 4499 χρόνον
3100 4428 3156 4481 δὲ
3200 4427 3296 4495 τῆς
3346 4426 3634 4497 ἐργασίας,
3691 4424 3776 4476 τὸν

2201 4521 2445 4592 παρόντα
2483 4520 2627 4591 βίονο
2678 4519 2919 4591 ἐργάτας
2968 4519 3023 4571 δὲ
3074 4519 3367 4590 διαφόρους
3415 4517 3773 4586 καλουμένους

2200 4614 2293 4666 ἐπὶ
2323 4614 2392 4667 τὰ
2425 4613 2824 4684 προστάγματα
2852 4613 2976 4683 περὶ
3000 4614 3189 4684 τρίτην
3214 4614 3305 4664 καὶ
3327 4611 3493 4681 ἕκτην
3518 4609 3610 4663 καὶ
3628 4608 3775 4663 ἐννά-

2201 4725 2299 4778 την
2325 4706 2474 4777 ὤραν
2501 4707 2594 4759 καὶ
2629 4707 2945 4776 ἑνδεκάτην,
2981 4709 3107 4769 τοὺς
3138 4706 3193 4758 ὲν
3221 4704 3501 4776 διαφόροις
3540 4702 3775 4774 ἡλικίαις

2202 4800 2602 4871 προσελθόντας
2631 4800 3126 4871 εὐδοκιμήσαντας.

2257 4890 2330 4943 Τὸ
2361 4890 2789 4962 προσκαλεῖσθαι
2822 4894 2913 4942 τὸν
2956 4890 3054 4960 μὲν
3098 4888 3313 4959 τρίτην,
3350 4888 3445 4940 τὸν
3480 4886 3537 4939 δὲ
3591 4886 3775 4953 ἕκτην,

2199 4984 2289 5039 τδν
2321 4984 2378 5037 δὲ
2408 4984 2657 5053 ὲννάτην,
2682 4985 2743 5036 οὐ
2764 4983 3151 5055 προκρίνοντός
3179 4984 3328 5035 ἐστιν
3360 4980 3584 5043 ἀδίκως,
3622 4977 3757 5033 ἀλλὰ

2201 5076 2561 5144 γινώσκοντος
2603 5077 2690 5128 ὅτε
2721 5072 2946 5145 ἔμελλον
2981 5070 3292 5126 ὑπακοῦσαι
3351 5067 3500 5137 αὑτῷ
3530 5084 3543 5097 ·
3607 5065 3775 5125 οὕτως

2203 5172 2297 5224 καὶ
2348 5170 2377 5223 ό
2434 5168 2646 5232 Παῦλος
2701 5168 2802 5220 οὐκ
2850 5170 2914 5220 ἐκ
2972 5164 3276 5237 προοιμίων
3326 5160 3612 5228 ἐκέκλητο.
3664 5155 3774 5209 ἀλλ’

2200 5266 2286 5319 ὅτε
2307 5262 2530 5333 ἔμελλεν
2552 5260 2973 5331 πεισθήσεσθαι·
3006 5260 3089 5313 ὅτι
3166 5257 3223 5310 δὲ
3258 5256 3465 5318 πάντας
3497 5250 3685 5323 ἢθελεν
3723 5247 3774 5312 ἐξ

2201 5359 2375 5429 ἀρχῆς
2422 5354 2821 5427 μισθώσασθαι,
2902 5351 3050 5421 λέγει
3115 5350 3210 5403 καὶ
3257 5349 3289 5418 ἠ
3362 5342 3666 5415 παραϐολὴ,
3702 5339 3774 5391 ὅτι

2213 5450 2509 5518 Ἐξῆλθεν
2548 5447 2653 5502 τοῦ
2670 5444 3118 5517 μισθώσασθαι.
3141 5442 3232 5496 καὶ
3258 5442 3340 5495 ὅτι
3361 5442 3565 5499 ἐκεῖνος
3592 5432 3775 5505 ἢθελεν

2206 5542 2547 5614 μισθωθῆναι
2609 5541 2795 5609 λέγει·
2840 5536 3050 5603 Οὐδεὶς
3069 5534 3228 5605 ἡμᾶς
3252 5529 3646 5603 ἐμισθώσατο.

2258 5652 2333 5708 Τὸ
2380 5651 2542 5713 εὐθὺς
2592 5648 2730 5719 μετὰ
2777 5647 2879 5719 τὴν
2955 5644 3273 5717 παραϐολὴν
3334 5642 3649 5711 λεγόμενον,
3697 5640 3773 5692 ὅτι

2206 5746 2403 5812 Οὕτως
2420 5745 2665 5799 ἔσονται
2692 5746 2747 5797 οὶ
2764 5743 3013 5812 ἔσχατοι
3041 5738 3283 5809 πρῶτοι,
3305 5738 3364 5790 οὐ
3383 5737 3463 5788 δεῖ
3483 5732 3774 5804 θαυμάζειν

2203 5840 2277 5904 ὡς
2308 5838 2383 5908 μὴ
2410 5836 2775 5909 συναγόμενον
2796 5836 2861 5890 ὲκ
2882 5836 2976 5907 τῆς
3014 5829 3347 5904 παραϐολῆς,
3377 5827 3509 5883 ἀλλὰ
3543 5826 3623 5882 δεῖ
3644 5824 3773 5879 νοεῖν
