4026 6408
347 386 481 451 1141

1341 393 1660 454 SCl-IOLIA
1701 397 1998 458 VETERA
2043 398 2120 457 [Ν
2163 395 2632 456 ΜΑΤΤΙΙίΕΠΜ.

3472 395 3608 461 lii!

343 504 425 556 ὅτι
446 501 638 572 ὥσπερ
658 501 810 556 τοῦτο
841 502 1059 576 συνέϐη,
1079 504 1282 574 φησὶν,
1309 505 1478 570 οὕτως
1507 509 1732 562 κάκεῖνο
1765 511 1922 578 γενή-

2056 523 2154 572 ;ere
2205 506 2354 576 quia,
2389 506 2532 562 sicut
2565 504 2698 560 illud
2730 504 2950 570 accidit,
2999 505 3080 560 sic
3131 513 3186 561 et
3231 506 3334 560 hoc
3392 521 3611 577 quoque

345 610 520 648 σεται.

411 685 532 755 Χρὴ
564 685 765 740 ειδέναι
827 687 910 740 ὅτι
935 688 992 741 αἱ
1041 688 1348 760 παραϐολαὶ
1383 681 1544 744 αὗται
1599 687 1712 746 οἷον
1745 694 1780 764 ἡ
1814 692 1924 746 τῶν

345 774 655 844 παρθένων,
684 778 717 848 ή
748 777 846 848 τῆς
871 779 1134 850 σαγήνης,
1192 782 1225 850 ή
1275 782 1384 835 τῶν
1439 783 1716 851 ἀκανθῶν,
1762 787 1795 855 ή
1827 783 1924 840 τοῦ

344 865 563 935 δένδρου
609 867 706 920 τοῦ
746 868 1022 940 ἀκάρπου,
1053 871 1153 943 τὴν
1183 874 1292 927 ἀπὸ
1337 873 1446 930 τῶν
1489 875 1668 946 ἔργων
1722 878 1926 950 ἀρετὴν

345 957 717 1029 ἐπιζητοῦσιν.

415 1073 514 1126 Διὰ
539 1073 594 1126 τί
631 1074 773 1144 μετὰ
800 1076 1072 1148 τοσαύτης
1129 1083 1449 1149 περιουσίας
1501 1083 1596 1136 νῦν
1655 1084 1928 1138 ἐπιϐαίνει

347 1166 458 1227 τοῖς
496 1163 924 1237 Ἰεροσολύμοις;
970 1169 1124 1223 Ἐπεὶ
1166 1169 1290 1224 τότε
1355 1174 1453 1242 μὲν
1531 1175 1799 1245 προοίμια
1855 1169 1926 1247 ἦν

348 1256 682 1327 οίκονομίας,
706 1257 802 1312 νῦν
849 1260 906 1313 δὲ
927 1261 1018 1314 ὅτε
1045 1261 1146 1332 τῆς
1171 1261 1338 1317 αὑτοῦ
1384 1265 1670 1336 δυνάμεως
1730 1271 1930 1340 πεῖραν

349 1347 540 1412 ἔδωκε,
568 1351 706 1419 μετά
735 1351 980 1416 πλείονος
1003 1357 1362 1424 περιφανείας
1391 1357 1644 1427 ἔρχεται·
1680 1359 1806 1413 ἐπεὶ
1835 1361 1932 1414 καὶ

347 1445 378 1494 ὀ
407 1444 638 1513 σταυρὸς
665 1446 722 1496 ἐν
751 1443 946 1515 θύραις
978 1441 1068 1518 ἦν,
1099 1447 1170 1501 τά
1195 1448 1462 1518 μέλλοντα
1511 1452 1693 1518 αὐτοῖς
1745 1453 1931 1509 ἐκϐαί-

347 1549 461 1586 νειν
511 1535 982 1607 ἐπιδεικνύμενος.

409 1623 508 1676 Διά
531 1624 582 1676 τί
599 1626 648 1678 οι
666 1626 772 1679 υἱοὶ
803 1627 1090 1683 Ζεϐεδαίου
1115 1631 1418 1702 προσῆλθον
1446 1631 1598 1704 αὐτῷ
1643 1649 1710 1688 πε
1721 1635 1774 1704 pi.
1801 1651 1934 1704 προσ

349 1713 536 1786 εδρίας
569 1715 980 1787 διαλεγόμενοι;
1017 1719 1259 1793 Ἐπειδὴ,
1283 1723 1467 1787 καθώς
1521 1741 1691 1794 φησιν
1741 1725 1932 1797 ἔτερος

347 1807 762 1880 εὐαγγελιστὴς,
797 1811 886 1864 διά
913 1813 974 1866 τὸ
1003 1813 1172 1882 ἐγγὺς
1227 1809 1368 1871 εἶναι
1409 1817 1510 1889 τὴν
1552 1817 1926 1890 Ἰερουσαλὴμ,

345 1901 496 1954 δοκεῖ
521 1904 602 1956 ὅτι
633 1903 728 1957 καὶ
759 1905 792 1974 ή
827 1903 1074 1975 βασιλεία
1102 1908 1270 1961 αὐτοῦ
1295 1909 1459 1978 ἐγγύς
1497 1911 1680 1964 ἐστιν’
1735 1913 1784 1965 εί
1812 1911 1870 1965 δὲ
1903 1913 1930 1964 ὁ

347 1992 742 2064 εὐαγγελιστὴς
765 1989 920 2059 οὗτος
943 1997 1072 2066 περὶ
1103 1997 1204 2068 τῆς
1235 1999 1443 2072 μητρὸς
1467 2001 1648 2055 αὐτῶν
1668 2002 1818 2072 λέγει
1848 2003 1930 2057 ὅτι

347 2085 484 2154 αὐτὴ
512 2087 774 2156 ᾐτήσατο,
817 2087 894 2152 ὡς
942 2085 1004 2152 ἐξ
1055 2089 1386 2162 ἀμφοτέρων
1425 2093 1720 2162 γενόμενον
1775 2092 1933 2148 τοῦτο

347 2171 523 2242 εἶπεν,
559 2179 646 2232 ἵνα
671 2180 834 2233 πλέον
889 2181 1224 2253 δυσωπηθῇ·
1275 2184 1572 2255 ᾐσχύνοντο
1622 2187 1731 2258 γὰρ
1781 2187 1932 2259 μόνοι

351 2268 508 2322 τοῦτο
530 2272 732 2340 λέγειν.

412 2379 486 2433 Τὸ
517 2383 691 2436 είπεῖν
724 2384 907 2450 αὑτὸν,
962 2389 1083 2443 Οὐκ
1127 2390 1327 2445 οἴδατε
1354 2391 1410 2444 τί
1468 2391 1748 2456 αἰτεῖσθε,
1812 2391 1934 2445 ἀντὶ

349 2471 467 2541 τοῦ,
499 2473 652 2526 οὐδὲν
693 2479 1084 2548 πνευματικὸν,
1127 2481 1310 2551 φησίν.
1343 2483 1408 2536 Ei
1454 2483 1512 2536 δὲ
1555 2485 1650 2537 καὶ
1675 2483 1803 2554 περὶ
1835 2482 1934 2553 τῆς

351 2566 466 2620 ἀνω
496 2565 656 2638 δόξης
694 2569 879 2639 ᾔτουν,
917 2571 1036 2626 οὐδὲ
1065 2572 1236 2638 οὕτως
1273 2571 1455 2638 καλῶς
1503 2575 1686 2646 ᾔτουν.
1737 2575 1850 2646 Τὴν
1879 2575 1936 2628 δὲ

351 2659 644 2732 προεδρίαν
671 2665 896 2734 ἐζήτουν
921 2666 1028 2718 τῶν
1049 2667 1245 2735 ἄλλων,
1269 2669 1455 2738 ἐπειδὴ
1481 2666 1654 2736 εἶπεν,
1680 2671 1760 2723 ὅτι
1789 2671 1937 2724 Καθ-

351 2751 540 2805 ιεῗσθε
589 2752 689 2806 ἐπὶ
718 2753 946 2808 δώδεκα
974 2757 1251 2824 θρόνους,
1279 2757 1354 2829 μὴ
1382 2759 1704 2829 νομίσαντες
1724 2759 1806 2824 τὸ,
1841 2761 1937 2813 Δο-

354 2845 713 2915 ξασθήσεσθε,
741 2847 808 2900 δι’
836 2848 1061 2920 ἀρετὴν,
1090 2849 1227 2902 ἀλλὰ
1251 2851 1335 2916 τὺ,
1367 2849 1608 2904 Καθίσαι
1630 2868 1642 2880 ·
1676 2851 1772 2904 καὶ
1811 2851 1934 2922 κρί-

352 2953 557 3001 νοντες,
585 2939 660 3010 μὴ
687 2940 978 3010 νοήσαντες
1023 2943 1102 3007 τδ,
1164 2943 1623 3014 Κατακρίνοντες,
1660 2944 1798 2998 ἀλλὰ
1853 2943 1934 3010 τὸ,

354 3028 700 3095 Δικάζοντες.

2023 603 2137 658 ﬂet.

2095 695 2324 766 Oportet
2355 697 2498 752 scire
2549 693 2648 750 has
2697 696 3008 765 parabolas,
3049 695 3244 766 quales
3277 705 3408 750 sunt
3447 695 3615 764 virgi-

2025 803 2181 848 num,
2213 802 2450 857 sagenaa,
2503 786 2806 856 spinarum,
2844 795 2940 841 aut
2971 786 3186 842 arboris
3223 785 3430 842 sterilis
3456 823 3470 849 ,
3501 785 3617 839 vir-

2027 886 2197 934 tutem
2231 878 2300 933 ab
2326 877 2588 948 operibus
2617 877 2856 948 exigere.

2101 1079 2270 1138 Vsus.
2308 1083 2393 1137 l7.
2421 1083 2532 1139 Cur
2562 1098 2683 1139 cum
2721 1091 2873 1138 tanto
2901 1086 3164 1138 comitatu
3194 1097 3342 1138 nunc
3365 1081 3616 1136 ascendit

2031 1173 2504 1248 Hierosolymam?
2553 1175 2690 1231 Cum
2761 1185 2892 1232 tunc
2953 1176 3175 1247 quidem
3237 1175 3392 1230 initia
3449 1182 3612 1229 erant

2031 1269 2470 1338 praedicationis,
2516 1285 2662 1324 nunc
2710 1279 2930 1333 autem,
2991 1283 3116 1323 cum
3161 1283 3274 1322 suae
3327 1267 3614 1336 potestatis

2033 1359 2388 1429 probationes
2429 1359 2596 1425 dedit,
2656 1375 2780 1414 cum
2841 1362 3048 1430 majore
3097 1359 3387 1428 splendore
3439 1359 3612 1412 venit.

2036 1451 2169 1505 Nam
2199 1459 2254 1504 et
2284 1463 2417 1504 crux
2461 1449 2708 1519 proxima
2738 1460 2877 1514 erat,
2912 1465 3034 1521 qtae
3067 1451 3173 1505 illis
3198 1451 3416 1505 evenire
3447 1449 3614 1504 debe—

2034 1542 2168 1596 bant
2197 1540 2513 1594 ostendens.

2107 1631 2266 1688 Vsus.
2293 1631 2384 1686 20.
2422 1631 2535 1686 Cur
2567 1631 2662 1687 tilii
2690 1633 2941 1688 Zebedmi
2977 1633 3043 1688 ad
3067 1633 3220 1688 illum
3256 1641 3618 1688 accesserunt

2035 1727 2103 1781 de
2134 1727 2542 1796 prmeminenlia
2571 1727 2914 1797 alloquentes
2943 1725 2967 1780 ?
3005 1725 3167 1792 Quia,
3200 1735 3259 1780 ut
3307 1724 3442 1780 dicit
3474 1725 3616 1778 alius

2038 1819 2396 1888 evangelista,
2439 1819 2918 1890 apprOpinquabat
2943 1815 3364 1888 Hierosolymis,
3402 1815 3618 1870 videtur

2037 1911 2164 1980 quia
2187 1925 2412 1982 regnum
2439 1911 2560 1981 ejus
2617 1925 2786 1980 prope
2825 1917 2908 1964 est
2946 1926 2958 1961 :
3012 1909 3057 1963 si
3117 1922 3244 1962 vero
3287 1905 3625 1976 evangelista

2034 2003 2137 2057 iste
2159 2003 2226 2057 de
2263 2012 2434 2057 matre
2469 2009 2659 2057 eorum
2687 2001 2820 2056 dicit
2859 1999 3006 2068 quod
3044 2000 3159 2070 ipsa
3189 1997 3428 2069 petierit,
3461 1997 3620 2066 quasi

2032 2109 2099 2148 ex
2131 2095 2389 2166 utrinque
2435 2093 2632 2149 factam
2657 2109 2779 2150 esse
2797 2093 3114 2163 petitionem
3145 2089 3342 2154 innuit,
3365 2099 3423 2144 ut
3449 2085 3625 2158 magis

2036 2185 2212 2256 turpis
2269 2183 2564 2251 videatur;
2629 2185 2866 2254 pudebat
2920 2183 3068 2238 enim
3135 2181 3258 2238 illos
3285 2179 3434 2237 solos
3489 2181 3618 2234 talia

2035 2281 2244 2336 dicere.

2111 2391 2275 2448 Vsus.
2301 2391 2392 2446 22.
2423 2390 2550 2448 [late
2581 2392 2768 2457 verba,
2829 2389 3059 2445 Nescitis
3089 2388 3216 2460 quid
3247 2388 3466 2458 petatis,
3501 2401 3624 2455 pro,

2039 2483 2177 2539 nihil
2208 2485 2498 2554 spirituale
2519 2483 2724 2554 petitis,
2772 2481 3019 2540 adhibet.
3059 2483 3119 2536 Si
3171 2496 3300 2538 vero
3325 2481 3392 2538 de
3443 2480 3620 2552 gloria

2038 2577 2252 2632 cmlcsti
2301 2575 2645 2647 petivissent,
2711 2593 2818 2631 non
2873 2576 3099 2646 pulchre
3143 2575 3216 2630 ita
3279 2574 3622 2645 petivissent;

2039 2664 2506 2736 prweminentiam
2547 2677 2728 2720 autem
2795 2666 3120 2735 expetebant
3159 2680 3268 2734 pra:
3304 2661 3448 2728 aliis,
3490 2679 3630 2734 quo-

2041 2757 2188 2811 niam
2212 2755 2350 2809 dixit
2373 2773 2386 2809 :
2412 2751 2670 2810 Sedebilis
2703 2772 2860 2824 super
2887 2755 3032 2810 sedes
3067 2754 3365 2820 duodecim,
3395 2769 3504 2808 non
3541 2753 3629 2808 in-

2043 2849 2344 2919 lelligentes
2387 2847 2543 2916 illud,
2595 2847 3055 2920 gloriﬁcabimini,
3086 2848 3158 2902 ob
3181 2847 3468 2910 virtutem,
3531 2845 3626 2900 sed

2042 2941 2112 2996 ob
2144 2940 2308 2996 altam
2341 2939 2522 2996 sedem
2553 2958 2567 3008 ;
2600 2949 2674 3014 et,
2697 2941 2852 3004 iliud,
2887 2939 3218 3010 judicantes,
3277 2953 3384 2993 non
3427 2936 3632 2992 intelli-

2043 3042 2234 3105 gentes
2271 3042 2328 3088 ut
2360 3033 2810 3099 condemnantes,
2839 3033 2933 3088 sed
2967 3041 3026 3086 ut
3053 3030 3327 3102 judicium
3363 3045 3630 3086 exercen-

2046 3131 2151 3178 tcs.

431 3235 524 3300 Τὸ,
564 3235 834 3289 Δύνασθε
883 3236 952 3290 τὸ
1012 3236 1322 3304 ποτήριον,
1358 3239 1526 3308 ὃὲγὼ
1569 3240 1724 3294 πίνω
1754 3240 1936 3306 πιεῖν,

2121 3231 2352 3288 Potestis
2377 3235 2548 3288 bibere
2577 3233 2794 3288 calicem
2845 3249 3000 3303 quem
3045 3248 3136 3302 ego
3169 3232 3432 3286 bibiturus
3477 3229 3634 3284 sunt!

355 3324 456 3387 τὰς
499 3324 714 3394 σφαγὰς
748 3324 842 3378 καὶ
862 3325 958 3388 τὰς
997 3325 1265 3396 βασάνους
1322 3327 1588 3396 λέγεικαὶ
1635 3330 1696 3382 τὸ
1732 3329 1944 3402 μαρτύ-

359 3431 508 3485 ριον·
550 3415 816 3486 ποτήριον
849 3417 908 3470 δὲ
937 3412 1092 3470 εἶπεν
1126 3419 1282 3482 αὐτὸ,
1345 3420 1434 3474 ἵνα
1487 3421 1944 3494 προθυμοτέρους

355 3505 562 3578 ποιήσῃ
590 3505 670 3576 τῷ
685 3505 890 3577 εὐκόλῳ
908 3505 999 3560 τοῦ
1030 3507 1211 3576 λόγου,
1231 3509 1320 3562 καὶ
1346 3511 1481 3580 πρὸς
1504 3512 1694 3568 ἑαυτὸν
1714 3513 1944 3584 ἐφελκύ-

358 3609 521 3666 σηται
553 3613 567 3627 ·
597 3597 692 3650 καὶ
719 3597 1003 3670 βάπτισμα
1036 3600 1092 3653 δὲ
1116 3601 1248 3654 αὒτὸ
1298 3603 1476 3671 καλεῖ,
1515 3604 1592 3669 ὡς
1642 3606 1944 3678 καθάρσιον

357 3690 456 3754 τῆς
495 3689 845 3761 οἰκουμένης.

413 3781 524 3834 Καὶ
553 3783 668 3848 πῶς
695 3784 863 3854 λέγει,
889 3789 1010 3841 Οὐκ
1035 3791 1210 3843 ἐστιν
1231 3789 1380 3860 ἐμὸν
1395 3791 1646 3857 δοῦν-αις
1681 3795 1944 3869 Ἐπείπερ

357 3870 460 3924 οὐκ
487 3869 633 3924 ἐστιν
656 3873 779 3926 οὔτε
805 3877 1014 3930 ἐκεῖθεν
1042 3877 1265 3950 τοιαύτη
1301 3881 1540 3954 καθέδρα
1567 3899 1580 3912 °
1612 3885 1645 3956 ἢ
1673 3884 1836 3955 δῆλον
1861 3888 1945 3941 ὅτι

362 3964 500 4034 πρὸς
528 3965 625 4037 τὴν
647 3968 904 4023 ὑπόνοιαν
928 3969 1078 4038 λέγει
1107 3975 1578 4040 συγκαταϐαίνων.
1604 3979 1678 4030 Τὸ
1719 3979 1800 4044 δὲ,
1844 3976 1945 4047 Οἷς

361 4055 741 4126 ἡτοίμασται,
775 4063 838 4113 ἐκ
869 4062 978 4115 τῶν
1004 4063 1185 4116 πόνων
1211 4066 1304 4117 καὶ
1337 4067 1445 4119 τῶν
1473 4068 1715 4138 ἱδρώτων
1737 4089 1750 4102 ·
1787 4072 1946 4127 τοῦτο

361 4150 418 4202 δὲ
459 4151 560 4206 οὐκ
613 4152 866 4207 ἐκϐάλλει
896 4155 1001 4218 ἔξω
1029 4156 1128 4225 τὴν
1152 4157 1422 4224 ἐξουσίαν,
1464 4159 1599 4214 ἀλλά
1633 4161 1694 4214 τὸ
1737 4163 1946 4218 δίκαιον

361 4243 530 4296 αὑτοῦ
572 4245 866 4300 δείκνυσιν.
899 4248 1020 4300 Ὅτι
1053 4249 1110 4301 δὲ
1157 4249 1408 4316 ἐξουσίαν
1465 4253 1599 4322 ἔχει,
1661 4255 1896 4310 ἄκουσον
1928 4273 1942 4288 ·

375 4336 525 4403 Ἐγὼ
560 4336 627 4391 δέ
665 4354 764 4391 σοι
803 4339 975 4393 δώσω
1005 4341 1110 4408 τὰς
1163 4343 1330 4410 κλεῖς
1361 4343 1480 4398 τῶν
1506 4346 1782 4413 οὐρανῶν
1802 4363 1815 4376 ·
1851 4348 1946 4402 καὶ

361 4431 390 4480 ὁ
423 4427 635 4491 Παῦλος
683 4431 741 4483 δὲ
770 4431 910 4485 οὕτω
932 4433 1110 4502 δηλῶν
1139 4433 1355 4503 ἔλεγεν·
1387 4437 1948 4512 Λοιπὸναπόκειταί

355 4535 460 4587 μοι
497 4523 531 4573 ό
566 4520 676 4599 τῆς
724 4521 1115 4592 δικαιοσύνης
1164 4525 1492 4595 στέφανος,
1529 4528 1604 4583 ὃν
1641 4529 1942 4584 ἀποδώσει

2051 3324 2362 3389 violentias,
2393 3334 2447 3380 et
2479 3325 2789 3390 cruciatus,
2845 3336 2902 3380 et
2951 3323 3280 3396 martyrium
3337 3322 3630 3394 signiﬁcat.

2050 3421 2289 3476 Calicem
2320 3430 2504 3476 autem
2533 3430 2692 3475 vocat
2735 3419 2904 3486 istud,
2962 3426 3022 3472 ut
3077 3417 3296 3473 animos
3351 3415 3525 3486 magis
3553 3415 3634 3470 eis

2052 3513 2216 3570 addat
2249 3513 2520 3570 sermonis
2545 3513 2788 3578 lenitate,
2823 3521 2880 3568 et
2933 3511 3000 3566 ad
3040 3528 3100 3568 se
3129 3525 3227 3566 eos
3265 3509 3550 3577 attrahat;
3579 3516 3634 3564 et

2051 3607 2324 3678 baptisma
2357 3607 2492 3662 illud
2528 3617 2706 3672 v0cat,
2735 3606 2890 3678 quasi
2921 3605 3070 3662 orbis
3101 3603 3348 3661 lustrale.

2125 3795 2291 3850 Vens.
2311 3794 2404 3849 ‘23.
2438 3793 2502 3848 Et
2525 3793 2800 3864 quomodo
2837 3792 3007 3859 dicit;
3039 3808 3138 3847 non
3166 3801 3242 3846 est
3273 3806 3442 3845 meum
3467 3789 3638 3844 dare?

2055 3886 2320 3956 siquidem
2357 3899 2463 3938 non
2497 3892 2581 3939 est
2617 3899 2687 3938 ne
2713 3884 2823 3938 illic
2857 3881 3076 3953 quidem
3111 3881 3235 3936 talis
3285 3879 3444 3936 sedes
3474 3896 3488 3945 ;
3547 3887 3640 3934 aut

2055 3988 2204 4050 patet
2237 3979 2392 4033 illum
2444 3977 2511 4032 ad
2567 3976 2882 4046 allegoriam
2944 3974 3219 4045 loquendo
3269 3972 3640 4029 descendisse.

2055 4069 2192 4124 Illud
2254 4079 2460 4134 autem,
2503 4067 2708 4134 Quibus
2772 4075 3024 4136 paratum
3070 4077 3169 4132 est,
3228 4081 3324 4135 per
3395 4065 3638 4128 labores,

2054 4171 2207 4231 puta,
2239 4169 2295 4216 et
2323 4159 2550 4214 sudores
2579 4175 2592 4210 :
2628 4159 2733 4212 hoc
2763 4173 2892 4211 vero
2929 4172 3034 4210 non
3099 4155 3219 4224 ejus
3249 4156 3444 4210 adimit
3485 4165 3640 4227 pote-

2054 4262 2272 4318 statem,
2291 4251 2382 4308 sed
2405 4249 2808 4321 ejusjustitiam
2834 4247 3054 4304 exhibet
3079 4264 3094 4312 ;
3127 4245 3270 4317 quod
3293 4246 3440 4300 enim
3483 4255 3640 4316 pote-

2055 4353 2249 4400 statem
2287 4341 2502 4406 habeat,
2547 4338 2670 4394 audi
2710 4355 2724 4392 :
2759 4335 2872 4408 Ego
2924 4346 3101 4391 autem
3155 4335 3248 4389 tibi
3287 4337 3427 4390 dabo
3468 4335 3636 4390 ctare:

2057 4435 2199 4504 regni
2219 4431 2466 4486 caelorum
2490 4447 2508 4496 ;
2535 4441 2584 4484 et
2611 4427 2816 4483 Paulus
2839 4427 2980 4482 idem
3007 4427 3256 4480 indicans
3275 4424 3431 4478 dixit:
3461 4421 3528 4476 In
3554 4440 3638 4476 re-

2058 4527 2200 4596 liquo
2227 4524 2456 4593 reposita
2481 4531 2558 4577 est
2580 4521 2708 4574 mihi
2729 4535 2926 4574 corona
2947 4518 3199 4588 justitiaz,
3249 4533 3410 4587 quam
3461 4515 3638 4568 reddet

361 4629 462 4680 μοι
513 4615 752 4682 Κύριος,
809 4617 906 4672 καὶ
965 4615 1157 4674 πᾶσιν
1213 4619 1332 4686 τοῖς
1382 4621 1766 4690 ἠγαπηκόσιν
1832 4621 1938 4688 τὴν

2056 4619 2183 4672 mihi
2247 4616 2523 4680 Dominus,
2571 4625 2620 4669 et
2665 4615 2905 4668 omnibus
2941 4613 3030 4682 qui
3075 4611 3313 4681 diligunt
3358 4611 3640 4664 adventum

359 4705 720 4774 ἐπιφάνειαν
760 4709 968 4766 αὐτοῦ.

425 4823 488 4875 Et
527 4823 578 4874 οί
628 4823 722 4876 δύο
761 4825 870 4876 τῶν
903 4825 1036 4878 δέκα
1078 4825 1554 4892 κατεξανξσταντο,
1601 4828 1695 4881 καὶ
1733 4829 1784 4881 oi
1816 4827 1949 4882 δέκα

363 4915 626 4984 ἐφθόνουν
669 4920 781 4980 τοῖς
810 4918 983 4984 δυσὶν,
1031 4921 1092 4973 οὐ
1123 4919 1230 4993 χρὴ
1257 4920 1314 4974 δὲ
1343 4920 1501 4974 τοῦτο
1538 4923 1781 4987 σκοπεῖν,
1813 4920 1948 4975 ἀλλά

363 5009 432 5061 τὰ
461 5008 746 5062 τελευταῖα
775 5009 976 5066 αὐτῶν.

429 5101 531 5154 Διά
563 5101 616 5154 τί
671 5101 966 5173 συνεχώρει
1019 5104 1254 5175 Χριστὸς
1315 5104 1767 5175 ἐπιστομίζεσθαι
1823 5108 1950 5172 τοὺς

362 5192 598 5260 τυφλοὺς
627 5193 732 5246 ὑπὸ
759 5194 852 5247 τοῦ
879 5195 1036 5266 ὄχλου
1062 5213 1077 5261 ;
1107 5197 1225 5249 Ἵνα
1248 5197 1514 5267 μειζόνως
1537 5196 1716 5251 αὐτῶν
1740 5200 1772 5268 ἡ
1809 5215 1945 5269 προε-

366 5285 536 5354 θυμία
619 5286 926 5357 φαίνηται·
961 5288 1050 5342 διὰ
1133 5287 1290 5342 τοῦτο
1365 5288 1486 5342 οὐδὲ
1547 5291 1730 5360 ἐρωτᾷ
1773 5331 1790 5356 ,
1849 5291 1950 5344 Πι-

367 5393 588 5430 στευετε
623 5393 642 5444 ;

426 5490 525 5544 Διά
549 5490 602 5544 τί
641 5492 844 5564 ἐρωτᾷ,
887 5491 946 5546 Τί
980 5493 1184 5547 θέλετε
1233 5489 1467 5557 ποιήσω
1489 5493 1670 5561 ὐμῖνς
1715 5493 1831 5550 Ἶνα
1873 5497 1948 5566 μή

361 5601 449 5646 τις
469 5583 688 5654 νομίσῃ,
721 5585 802 5638 ὅτι
829 5583 998 5637 ’Ἃλλα
1023 5583 1368 5653 βουλομένοις
1386 5583 1584 5648 λαλεῖς,
1607 5585 1744 5639 ἄλλα
1768 5586 1947 5650 δίδως·

365 5677 464 5729 καὶ
481 5677 568 5730 ἵνα
591 5679 715 5740 τοὺς
735 5677 930 5740 ἄλλους
953 5677 1034 5739 είς
1052 5675 1274 5746 μείζονα
1297 5675 1462 5746 ζῆλον
1489 5677 1694 5750 ἀγάγῃ.
1717 5677 1948 5748 ’Ἕτερον

363 5771 422 5822 δὲ
453 5769 538 5822 ἵνα
563 5769 712 5840 δείξῃ
734 5769 829 5838 τῆς
849 5771 1058 5841 δωρεᾶς
1087 5769 1314 5834 δικαίως
1345 5770 1740 5834 ἀπολαύοντας*
1757 5772 1950 5844 ὥσπερ

365 5861 460 5914 ἐπὶ
490 5865 586 5932 τῆς
619 5862 934 5928 Χαναναίας
987 5862 1080 5918 καὶ
1125 5861 1218 5916 τοῦ
1281 5864 1684 5936 ἑκατοντάρχου
1729 5867 1824 5920 καὶ
1855 5867 1950 5935 τῆς

2049 4711 2184 4780 ejus.

2125 4819 2289 4875 Vsus.
2318 4819 2410 4874 25.
2445 4818 2501 4873 Si
2535 4818 2644 4874 duo
2674 4817 2863 4873 decem
2891 4815 3014 4870 aliis
3035 4813 3348 4884 insurgunt,
3377 4823 3428 4868 et
3449 4813 3640 4868 decem

2053 4915 2144 4970 alii
2179 4917 2318 4972 duos
2351 4915 2612 4980 oderunt,
2655 4927 2764 4966 non
2795 4918 3012 4980 oportet
3064 4908 3132 4964 ad
3162 4907 3294 4962 illud
3324 4908 3632 4972 attendere,

2053 5023 2114 5064 se
2135 5008 2144 5058 Ι
2165 5008 2230 5061 ad
2265 5021 2456 5062 eorum
2487 5015 2756 5060 extrema.

2131 5096 2296 5152 Vsus.
2396 5095 2485 5152 5|.
2543 5094 2654 5148 Cur
2708 5095 2984 5152 consentit
3037 5093 3292 5150 Christus
3365 5089 3636 5164 increpari

2054 5207 2230 5246 caecos
2259 5206 2288 5245 a
2321 5189 2492 5244 turba.
2520 5188 2542 5241 ?
2573 5197 2633 5243 ut
2671 5187 2848 5258 magis
2884 5201 3078 5242 eorum
3136 5188 3624 5256 ardoryappareat.

2053 5283 2182 5338 Ideo
2212 5297 2320 5337 non
2365 5282 2687 5350 interrogat,
2715 5279 2986 5336 creditis?

2120 5487 2388 5543 Vsas.52.
2419 5485 2533 5541 Cur
2573 5485 2913 5554 interrogat:
2957 5479 3100 5548 Quid
3135 5480 3296 5536 vultis
3333 5491 3392 5535 ut
3437 5481 3636 5551 faciam

2053 5585 2196 5638 vobis
2223 5584 2248 5637 .9
2277 5599 2347 5637 ne
2369 5579 2496 5650 quis
2521 5587 2672 5651 putet
2703 5582 2833 5648 quia
2864 5575 2970 5632 alia
3005 5577 3313 5632 volentibus
3361 5577 3634 5646 loqueris,

2054 5677 2158 5731 alia
2187 5677 2288 5732 das
2317 5689 2332 5741 ;
2367 5681 2422 5727 et
2454 5679 2514 5726 ut
2539 5669 2676 5726 alios
2701 5669 2754 5724 in
2779 5667 3044 5737 majorem
3079 5667 3336 5722 invidiam
3361 5667 3585 5722 inducat
3613 5685 3632 5731 ,-

2055 5775 2212 5830 aliter
2239 5781 2424 5826 autem
2465 5775 2526 5822 ut
2581 5763 2838 5820 ostendat
2895 5763 2996 5820 hos
3052 5763 3200 5834 juste
3251 5763 3630 5819 benevolentia

2059 5865 2320 5926 fruentes,
2353 5867 2406 5913 ut
2429 5857 2488 5911 in
2513 5854 2848 5920 .Chanarma,
2875 5863 2930 5908 et
2957 5853 3294 5920 centurione,
3326 5863 3379 5911 et
3405 5854 3636 5910 baiular-
