4026 6410
514 362 652 428 1H3

1237 379 1605 442 JPUSCULA
1645 383 2273 451 SCRIPTUHISTICA
2320 394 2665 458 INCERTE
2704 401 3013 464 .ETATIS.

3636 406 3757 473 1144

507 478 749 536 rboissa.
772 480 943 555 Magis
996 496 1180 544 autem
1210 490 1367 545 istam
1400 495 1482 548 vel
1512 497 1856 552 sanationem
1905 499 2061 554 furan

652 572 896 592 ,πέφνῃ
1290 582 1335 592 .-
1558 585 1576 592 -
1645 587 1656 592 -

2194 507 2621 580 αἷμορῤοούοης⁸
2657 513 2856 583 μᾶλλον
2886 515 2943 568 δέ
2969 516 3141 588 αὐτὴν
3172 516 3266 571 καὶ
3305 517 3639 573 κλέπτουσαν
3669 525 3756 592 τὴν

508 578 613 624 t-m
650 572 900 628 Christus
935 575 1125 631 ultimo
1158 582 1502 638 manifestam
1552 585 1704 641 facit.

571 661 770 719 Curita
795 666 1115 739 interrogat,
1136 670 1275 737 Quid
1304 676 1502 731 vultis?
1526 694 1635 733 non
1664 682 1810 750 quod
1842 683 2077 753 ignoret,

504 753 597 805 sed
631 764 686 808 ut
719 768 872 827 cogat
904 759 1026 814 illus
1056 762 1361 830 patefacere
1402 769 1652 824 morbum
1690 782 1743 827 et
1779 777 2078 832 remedium

503 842 775 898 adhibeat.

1062 998 1291 1055 CAPUT
1324 1002 1460 1056 XXI.

577 1117 743 1176 Vens.
780 1121 832 1177 2.
865 1123 1028 1180 Multa
1063 1128 1115 1182 in
1140 1131 1291 1199 pullo
1315 1133 1740 1191 considerantur
1769 1158 1781 1193 :
1835 1142 2079 1209 praedicit

498 1212 643 1280 quod
694 1214 993 1283 iuvenient,
1045 1222 1188 1290 quod
1248 1239 1353 1278 non
1410 1230 1778 1284 murmurabit
1821 1233 2079 1289 dominus

496 1301 638 1369 ejus,
668 1308 926 1374 quamvis
944 1326 1155 1381 pauper
1180 1314 1366 1383 fuerit,
1394 1319 1687 1374 terminum
1715 1322 1911 1394 jurgiis
1938 1340 2079 1395 prce-

499 1393 631 1451 bens
682 1406 735 1451 et
765 1414 872 1453 non
933 1403 1208 1471 audaciae;
1272 1407 1324 1461 in
1401 1410 1612 1465 asinam
1651 1393 1984 1479 conscendit,
2025 1426 2078 1471 et

500 1484 836 1553 prophetiam
873 1490 1138 1559 implevit,
1172 1495 1300 1564 quia
1324 1512 1433 1551 non
1492 1501 1653 1556 modo
1693 1503 1852 1558 docet
1872 1506 2073 1571 divina,

496 1575 591 1628 sed
627 1577 792 1631 etiam
828 1596 951 1649 qua:
986 1582 1225 1654 dirigere
1273 1599 1505 1657 possunt
1551 1592 1836 1649 hominum
1884 1597 2072 1650 vitam.

497 1664 601 1719 Per
632 1669 942 1725 modestiam
970 1676 1120 1729 asino
1153 1679 1323 1733 utitur
1346 1683 1437 1751 qui
1470 1684 1641 1737 solum
1668 1687 1737 1739 ad
1786 1688 2074 1743 utilitatem

490 1768 590 1821 est,
618 1759 691 1814 ita
721 1760 994 1820 debilibus
1024 1766 1227 1824 docens
1278 1786 1378 1827 nos
1428 1784 1715 1832 contentos
1764 1794 1925 1844 esse;
1978 1783 2071 1835 sed

2191 600 2430 670 ἰατρείαν
2459 603 2693 671 Χριστὸς
2727 604 2895 676 δήλην
2943 606 3175 675 ἔσχατον
3209 611 3375 660 ποιεῖ.

2255 694 2355 746 Διὰ
2377 694 2429 747 τί
2476 694 2650 760 οὕτως
2705 698 2905 769 ἐρωτᾷ,
2951 700 3014 752 Τί
3061 698 3298 764 delete;
3356 701 3472 754 Οὐκ
3530 703 3753 771 ἀγνοῶν,

2184 782 2311 835 ἀλλ’
2334 784 2420 837 ἵνα
2467 786 2753 860 ἀναγκάσῃ
2804 789 3001 854 αὐτοὺς
3055 792 3372 863 φανερῶσαι
3399 792 3459 846 τὸ
3488 792 3644 858 ἕλκος
3669 798 3756 850 καὶ

2184 875 2346 946 ἐπιθῇ
2381 877 2441 930 τὸ
2480 878 2801 949 φάρμακον.

2770 1023 3017 1079 ΚΕΦΛΛ.
3067 1028 3199 1083 KA'.

2242 1148 2416 1201 nam
2440 1151 2530 1202 καὶ
2570 1150 2662 1203 ἐπὶ
2694 1150 2793 1219 τῆς
2822 1150 3005 1206 πώλου
3032 1154 3343 1223 θεωρεῖταυ
3374 1156 3436 1208 τὸ
3472 1157 3757 1228 προειπεῖν

2180 1237 2623 1308 ὃτιεύρήσουσινο
2655 1241 2716 1293 τὸ
2748 1242 2912 1295 ὅτιού
2944 1242 3208 1311 γογγύσει
3248 1246 3276 1298 δ
3318 1245 3509 1316 κύριος
3564 1246 3750 1307 αὐτοῦ,

2182 1326 2283 1380 κᾶν
2322 1329 2490 1397 πένης
2521 1332 2687 1393 ἐστὶν,
2723 1334 2923 1402 μέτρον
2973 1334 3310 1403 φιλονεικίας
3361 1339 3621 1407 παρέχων
3666 1340 3755 1392 καὶ

2180 1418 2239 1471 οὐ
2267 1418 2622 1489 θρασύτητος.
2654 1422 2743 1485 Εἰς
2775 1422 2895 1476 δνον
2941 1425 3234 1496 ἐκαθέσθη,
3269 1428 3366 1481 καὶ
3418 1430 3753 1501 προφητείαν

2181 1511 2442 1582 ἐπλήρου,
2470 1513 2628 1566 ὅτιού
2665 1515 2824 1585 μενον
2846 1516 3084 1569 διδάσκει
3109 1520 3176 1570 τά
3198 1519 3339 1584 θεῖα,
3357 1519 3491 1571 ἀλλὰ
3533 1520 3629 1571 καὶ
3657 1520 3743 1571 τὸν

2179 1601 2286 1654 τῶν
2307 1601 2609 1674 ἀνθρώπων
2643 1604 2756 1674 βίον
2794 1605 3124 1677 διορθοῦται.
3158 1608 3257 1659 Διὰ
3278 1609 3377 1676 τῆς
3427 1609 3703 1671 εὐτελείας
3735 1648 3751 1671 .

2183 1692 2360 1745 Ὄνον
2379 1692 2446 1757 ὃς
2461 1694 2656 1762 μόνον
2683 1697 2771 1761 είς
2788 1697 3018 1764 χρείαν,
3048 1697 3193 1751 ἐστιν
3215 1698 3303 1751 ὅτε
3330 1698 3439 1752 τῶν
3463 1699 3751 1753 ἀσθενούν-

2179 1797 2286 1834 των
2346 1782 2587 1836 διδάσκει
2646 1785 2932 1854 εὐπορεῖν*
2968 1786 3084 1840 ἀλλ’
3106 1788 3203 1856 οὐχ
3232 1787 3436 1850 ἵππους
3468 1789 3565 1841 καὶ
3592 1790 3749 1858 ήμιὸ-

492 1859 601 1900 non
626 1861 795 1917 equos
829 1860 883 1906 et
906 1853 1208 1919 hemiones,
1238 1859 1329 1929 qui
1360 1860 1426 1915 ad
1473 1861 1613 1916 bella
1643 1874 1806 1932 sunt;
1846 1877 1901 1921 ct
1941 1883 2062 1937 pau-

2178 1890 2322 1937 νους,
2364 1875 2421 1940 ἐξ
2455 1867 2530 1928 ὧν
2557 1853 2806 1947 πόλεμοι.
2835 1878 2944 1930 Καὶ
2975 1853 3203 1948 πτωχὴν.
3232 1879 3443 1949 μητέρα
3465 1853 3649 1950 ἔσχεν,
3667 1880 3756 1933 καὶ

492 1952 676 2007 perem
708 1951 935 1997 matrem
967 1943 1176 2013 habuit,
1201 1957 1254 2003 et
1288 1950 1339 2003 in
1367 1952 1628 2022 spelunca
1654 1956 1888 2024 paritur,
1922 1970 1994 2014 et
2022 1960 2076 2014 in

2183 1962 2240 2014 ἐν
2274 1964 2524 2034 σπηλαίῳ
2549 1964 2815 2032 τίκτεται,
2844 1966 2943 2019 καὶ
2962 1967 3020 2021 ἐν
3048 1966 3224 2037 φάτνῃ
3254 1967 3488 2033 τίθεται,
3519 1970 3616 2022 καὶ
3636 1985 3754 2039 κρι-

488 2031 753 2102 praasepio
782 2034 1025 2103 ponitur,
1060 2046 1114 2092 et
1166 2038 1499 2099 hordeaceus
1531 2059 1699 2114 panes
1744 2050 1988 2119 apponit,
2023 2063 2062 2108 et

2181 2031 2755 2129 θίνουςνπαρατίθησιν
2791 2058 3012 2129 ἄρτους,
3061 2031 3158 2113 καὶ
3198 2031 3259 2124 ἐξ
3306 2031 3513 2131 ἀγοράς
3567 2031 3754 2124 ἐσθίει,

487 2123 724 2177 comedit
756 2140 823 2179 ex
856 2125 1000 2194 foro,
1034 2139 1087 2185 et
1124 2146 1225 2199 pro
1256 2133 1396 2189 lecto
1434 2135 1642 2192 faenum
1670 2138 1852 2205 habet,
1885 2150 1941 2195 et
1986 2159 2074 2197 ve-

485 2214 661 2271 stibus
686 2217 1028 2287 simplicibus
1052 2222 1295 2279 induitur
1322 2242 1336 2291 ;
1371 2216 1595 2283 domum
1624 2239 1806 2285 autem
1839 2246 1946 2287 non
1972 2234 2070 2288 ha-

488 2305 627 2372 buit,
659 2323 838 2378 neque
866 2326 1069 2381 equum
1129 2316 1423 2386 possidens
1459 2319 1654 2374 itinere
1699 2321 1936 2380 lassatus
1964 2335 2069 2388 est,

481 2410 538 2457 ct
566 2402 841 2459 dormiens
893 2404 947 2458 in
1006 2414 1150 2461 terra
1217 2408 1457 2476 jacebat,
1487 2420 1542 2467 et
1586 2412 1761 2469 dolori
1810 2418 2071 2475 terminus

482 2511 694 2565 ponens
726 2512 836 2553 non
866 2499 1203 2569 querebatur
1241 2519 1256 2569 ;
1291 2503 1373 2558 sic
1428 2505 1613 2561 omnia
1645 2522 1768 2563 esse
1820 2524 2070 2566 commu-

482 2592 574 2646 nia
630 2594 873 2663 regulam
904 2596 1180 2664 ponebat;
1207 2605 1260 2652 ct
1292 2598 1455 2655 talem
1489 2600 1610 2656 vita:
1661 2620 1834 2672 genus
1888 2608 2067 2677 sequi,

481 2683 701 2752 qualem
740 2683 857 2754 ipse
887 2686 1207 2754 exhibebat,
1250 2688 1558 2746 doctrinam
1584 2694 1923 2751 instituebat.

545 2774 707 2830 Vens.
746 2774 837 2834 12.
894 2775 970 2832 De
1025 2778 1316 2847 ejectione,
1371 2796 1537 2851 quam
1594 2782 1721 2840 fecit
1781 2787 2065 2855 Dominus,

479 2868 729 2922 omnium
790 2868 986 2924 horum
1017 2871 1112 2941 qui
1144 2872 1451 2928 vendebant
1483 2875 1535 2928 in
1570 2876 1795 2948 templo,
1827 2876 2068 2935 Joannes

478 2974 701 3030 quoque
727 2959 870 3015 idem
904 2960 1103 3018 fecisse
1161 2974 1385 3034 narrat;
1435 2968 1528 3021 sed
1575 2968 1666 3023 ille
1698 2969 1749 3023 in
1787 2970 2065 3043 Evangelii

479 3052 659 3117 initio,
696 3052 983 3109 Matthzens
1011 3067 1195 3110 autem
1228 3056 1373 3112 circa
1432 3057 1624 3124 finem,
1676 3061 1821 3116 unde
1869 3064 2066 3117 verisi-

477 3145 609 3200 mile
643 3155 727 3201 est
768 3147 1012 3202 secundo
1068 3148 1206 3203 ﬁeri.
1234 3150 1299 3203 Et.
1346 3158 1496 3220 patet
1524 3168 1555 3207 c
1617 3163 1863 3225 tempore
1919 3168 1974 3211 et
1996 3173 2061 3212 ex

475 3238 599 3308 ejus
628 3241 898 3295 sententia
933 3257 947 3295 :
993 3238 1080 3295 hic
1109 3241 1254 3296 enim
1308 3242 1625 3311 speluncam
1665 3245 1941 3302 latronum
1974 3249 2062 3303 di-

476 3334 571 3397 cit,
606 3332 717 3387 illic
742 3344 923 3388 autem
955 3333 1180 3388 domum
1219 3336 1630 3406 negotiationis.

550 3425 716 3480 Vens.
752 3425 968 3480 16.Cur
994 3426 1186 3483 dicunt
1211 3429 1525 3484 sacerdotes
1562 3428 1720 3484 :Non
1752 3432 1908 3487 audis
1934 3435 2062 3503 quid

473 3522 567 3575 isti
588 3522 769 3575 dicunt
797 3521 823 3575 ?
853 3521 1058 3576 invidia
1098 3522 1310 3577 scilicet
1337 3522 1612 3578 suﬂ‘ocati.
1642 3523 1764 3579 Ideo
1791 3535 1845 3579 et
1874 3526 2063 3595 objur-

473 3626 609 3679 gans
640 3610 762 3665 illos
806 3610 1093 3679 respondet
1122 3628 1135 3662 :
1174 3608 1401 3680 Utique:
1440 3628 1707 3682 nunquam
1737 3613 1983 3683 legistis?
2010 3626 2061 3668 et

474 3703 703 3772 reliqua.

549 3794 714 3849 Vens.
751 3795 835 3849 18.
864 3794 1152 3862 Quomodo
1184 3809 1342 3850 mane
1370 3795 1593 3851 esurit?
1621 3792 1763 3863 Quia
1804 3802 2060 3855 concedit

473 3888 623 3941 carni
660 3888 764 3941 hoc
813 3890 945 3958 pati.

571 3984 735 4041 Vens.
779 3986 859 4043 l9.
893 3988 1006 4042 Cur
1033 3989 1315 4044 maledixit
1346 3989 1474 4045 lieui
1510 4001 1564 4046 et
1588 3990 1817 4046 siccavit
1864 3991 2057 4045 illam?

476 4077 543 4132 Ut
567 4079 811 4134 animum
866 4080 1150 4151 discipulis
1193 4081 1369 4150 daret,
1419 4090 1474 4138 et
1524 4084 1654 4154 quia
1710 4100 1817 4140 non
1879 4085 2055 4140 solum

473 4173 795 4229 benefacere
839 4191 1086 4246 possunt,
1156 4179 1249 4234 sed
1290 4189 1345 4235 et
1412 4196 1604 4250 poenas
1659 4196 1898 4237 sumere.
1945 4184 2057 4237 Cur

474 4266 634 4321 ficum
668 4268 914 4333 siccavit,
948 4278 1002 4323 et
1031 4284 1137 4323 non
1173 4271 1336 4325 aliam
1391 4273 1679 4343 plantam?
1709 4273 1848 4340 Quia
1877 4274 2055 4328 humi-

470 4357 697 4412 dissima
733 4367 819 4413 est
847 4376 910 4413 ex
938 4360 1193 4416 onmibns
1226 4360 1371 4428 aliis,
1401 4371 1460 4417 ut
1495 4364 1671 4435 magis
1705 4363 2051 4420 admiraren-

471 4464 560 4503 tur
602 4450 933 4520 prodigium.

2177 2147 2270 2201 καὶ
2301 2148 2407 2203 άπὸ
2436 2150 2632 2220 χόρτου
2675 2150 2905 2204 στιϐάδα
2952 2151 3120 2216 ποιεῖ,
3156 2151 3252 2203 καὶ
3304 2150 3500 2221 ίμάτισ.
3559 2151 3751 2221 εὐτελῆ

2176 2240 2561 2309 ἀμφιέννυται,
2604 2239 2783 2294 οίκίαν
2827 2239 2885 2293 δὲ
2928 2241 3030 2293 οὐκ
3100 2239 3280 2310 ἔσχεν,
3324 2244 3420 2295 καὶ
3473 2240 3642 2294 ἵππον
3683 2242 3753 2312 μὴ

2175 2332 2335 2402 ἔχων,
2399 2333 2463 2385 ἐκ
2522 2333 2622 2403 τῆς
2674 2331 2983 2401 ὁδοιπορίας
3011 2333 3243 2386 ἐκοπίαο
3310 2334 3405 2387 καὶ
3482 2332 3752 2386 καθεύδων

2174 2423 2269 2477 ἐπὶ
2305 2424 2409 2495 γῆς
2439 2424 2637 2477 ἔκειτο’
2658 2425 2753 2478 καὶ
2779 2423 2953 2493 λύπης
2989 2424 3161 2495 μέτρα
3186 2424 3355 2489 τιθεὶς
3379 2424 3480 2478 οὐκ
3517 2425 3749 2497 ἐθρήνει.
3782 2487 3792 2495 _

2173 2512 2363 2579 Οὕτως
2386 2514 2445 2568 τὸ
2476 2515 2652 2569 πάντα
2697 2514 2855 2569 κοινὰ
2915 2510 3078 2581 εἶναι,
3144 2518 3376 2580 κανόνας
3425 2518 3615 2571 ἐτίθει·
3662 2519 3750 2570 καὶ

2172 2606 2414 2659 τοιοῦτον
2460 2608 2662 2678 τρόπον
2712 2607 2951 2673 διώκειν,
3005 2602 3117 2662 οἷον
3160 2608 3323 2672 αὐτὸς
3374 2609 3745 2678 ἐπεδείκνυτο,

2171 2700 2523 2755 διδασκαλίαν
2552 2704 2812 2757 ἐποιεῖτο.

2231 2794 2366 2863 Περὶ
2384 2793 2477 2848 τοῦ
2500 2794 2783 2850 ἐκϐάλλειν
2804 2795 2895 2850 τὸν
2910 2794 3115 2866 Κύριον
3132 2796 3341 2860 πάντας
3360 2796 3487 2860 τοὺς
3505 2794 3743 2850 πωλοῦν-

2170 2905 2271 2953 τας
2308 2889 2368 2942 ἐν
2420 2889 2497 2958 τῷ
2528 2888 2677 2961 ίερῷ,
2740 2890 2833 2943 καὶ
2875 2890 3128 2962 Ἰωάννης
3182 2890 3345 2944 αὑτὸν
3385 2891 3549 2944 τοῦτο
3603 2889 3746 2957 λέγει

2173 2978 2554 3050 πεποιηκέναι·
2590 2980 2840 3043 κάκεῖνος
2867 2980 2966 3051 μὲν
2987 2983 3046 3033 ἐν
3081 2982 3221 3052 ἀρχῇ
3249 2979 3343 3033 τοῦ
3374 2980 3705 3049 Εὐαγγελίου
3729 2996 3742 3008 ⁸

2170 3065 2324 3137 οὗτος
2347 3072 2402 3126 δὲ
2433 3072 2568 3143 πρὸς
2597 3071 2674 3142 τῷ
2699 3073 2863 3128 τέλει.
2899 3073 3061 3128 Ὅθεν
3103 3073 3249 3137 είκὺς
3295 3072 3553 3143 δεύτερον
3601 3072 3745 3141 γενέ-

2172 3165 2317 3219 σθαι·
2346 3164 2440 3219 καὶ
2466 3165 2626 3236 δῆλον
2652 3165 2758 3220 ἀπὸ
2777 3166 2872 3220 τοῦ
2894 3168 3111 3239 χρόνου,
3133 3168 3226 3220 καὶ
3243 3168 3350 3221 ἀπὸ
3375 3168 3478 3236 τῆς
3507 3164 3739 3237 ἀποκρί-

2169 3274 2329 3320 σεως·
2366 3259 2483 3311 ἐκεῖ
2506 3258 2607 3327 μὲν
2636 3257 2745 3329 γὰρ
2781 3260 3048 3331 σπήλαιον
3072 3258 3224 3329 λέγει
3245 3259 3482 3333 λῃστῶν,
3518 3258 3742 3313 ἐνταῦθα

2166 3346 2222 3401 δὲ
2254 3345 2403 3400 οἷκον
2424 3348 2717 3420 ἐμπορίου.

2237 3441 2337 3493 Διὰ
2379 3441 2701 3509 τίλέγουσιν
2730 3440 2781 3494 οί
2830 3442 3160 3511 ίερεῖς·οὐκ
3191 3440 3435 3507 ἀκούεις
3479 3440 3540 3495 τί
3582 3437 3743 3498 οὗτοι

2163 3530 2484 3600 λέγουσιν;
2507 3531 2597 3603 Τῷ
2624 3531 2806 3602 φθόνῳ
2830 3533 3147 3602 πνιγόμενοι
3184 3547 3196 3561 ·
3227 3531 3307 3584 διὸ
3338 3533 3430 3583 καὶ
3471 3532 3741 3604 ἐπιπλήτ-

2164 3640 2272 3679 των
2297 3624 2493 3687 αὐτοὺς
2529 3623 2908 3695 ἀποκρίνεταιο
2944 3624 3078 3679 Nat“
3104 3623 3394 3678 οὐδέποτε
3413 3622 3743 3696 ἀνέγνωτε

2164 3716 2257 3770 καὶ
2290 3717 2358 3770 τὰ
2404 3714 2552 3786 ἑξῆς.

2235 3808 2359 3873 Πῶς
2386 3810 2597 3880 πρωίας
2642 3810 2833 3883 πεινᾷ;
2880 3810 3005 3865 Ὀτι
3058 3811 3408 3884 συνεχώρησε
3451 3811 3518 3885 τῇ
3582 3809 3742 3883 σαρκὶ

2163 3899 2322 3953 τοῦτο
2352 3901 2569 3956 παθεῖν.

2220 3995 2320 4049 Διὰ
2338 3994 2391 4048 τί
2417 3995 2770 4067 κατηράσατο
2797 3996 2890 4050 καὶ
2909 3997 3105 4068 ἔψυξεν
3133 3997 3233 4069 τὴν
3272 3997 3476 4068 συκῆνς
3506 3996 3742 4069 Θαρῤεῖν

2163 4086 2335 4141 ποιῶν
2357 4090 2483 4153 τοὺς
2540 4089 2811 4159 μαθητὰς,
2848 4091 2943 4142 καὶ
2992 4090 3076 4144 ὅτι
3134 4092 3206 4143 Οὐ
3244 4090 3405 4159 μόνον
3432 4089 3740 4160 εὐεργετεῖν

2162 4180 2423 4249 δύναμαι,
2464 4180 2599 4235 ἀλλὰ
2638 4184 2732 4237 καὶ
2758 4181 3031 4253 τιμωρίαν
3086 4183 3422 4250 ἐπενεγκεῖν.
3446 4182 3547 4234 Διέι
3569 4180 3622 4234 τί
3648 4180 3740 4250 τὴν

2165 4274 2335 4344 συκῆν
2362 4273 2578 4343 ἔψυξεν,
2613 4277 2707 4328 καὶ
2742 4277 2842 4329 οὐκ
2871 4274 2999 4328 ἄλλο
3022 4274 3221 4344 φυτόνς
3258 4272 3478 4344 Ἐπειδὴ
3504 4273 3739 4343 ὑγρότα-

2161 4382 2253 4417 τον
2273 4364 2381 4418 τῶν
2412 4365 2586 4420 ἄλλων
2616 4368 2782 4429 ἐστὶν,
2814 4367 2899 4420 ἴνα
2929 4363 3295 4436 θαυμαστωθῇ
3327 4361 3527 4435 μᾶλλον
3561 4362 3622 4416 τὸ
3652 4378 3734 4432 γι-

2163 4457 2410 4527 νόμενον.

552 4539 720 4596 νειιε.
756 4542 847 4596 2'5.
891 4542 953 4597 In
994 4561 1097 4614 qua
1120 4555 1381 4614 potestate
1411 4548 1520 4600 hazc
1545 4547 1717 4617 facis?
1746 4549 1817 4603 ita
1853 4550 2051 4604 intelli-

2228 4552 2322 4615 Τὸ,
2367 4553 2463 4605 Ἐν
2488 4553 2625 4619 ποίᾳ
2669 4552 2923 4619 ἐξουσίᾳ
2979 4549 3167 4605 ταῦτα
3218 4548 3450 4613 ποιεῗς;
3497 4546 3735 4601 τοιοῦτον

470 4633 705 4700 gendum
736 4642 820 4690 cst
851 4653 863 4688 :
906 4638 1193 4705 rogabant,
1224 4638 1482 4693 sacerdos
1533 4655 1657 4694 cum
1694 4657 1800 4695 non
1830 4643 1928 4702 sis.
1961 4661 2055 4698 ne-

470 4740 577 4793 que
636 4726 853 4791 doctor,
916 4742 1095 4797 neque
1161 4729 1468 4793 ordinatus,
1527 4733 1805 4801 quomodo
1848 4743 2052 4789 tantam

470 4820 802 4885 potestatem:
834 4818 1160 4872 ostendisti?

522 4909 795 4980 Vensﬁl.
824 4910 965 4977 Quid
1002 4912 1163 4967 habet
1181 4912 1385 4968 Christi
1417 4916 2051 4988 responsum?lllagnum

469 5002 687 5071 quidem
740 5011 916 5059 estet
969 5005 1239 5061 mirabile.
1294 5006 1596 5078 Interrogat
1652 5009 1796 5064 enim
1835 5025 1931 5067 eos
1987 5011 2055 5065 de

469 5092 738 5161 loannne,
772 5097 916 5154 unde
944 5109 1062 5153 erat
1091 5099 1211 5167 ejus
1257 5100 1566 5170 baptismus
1598 5101 1859 5158 ?.Etenim
1897 5104 1941 5159 si
1966 5103 2050 5158 di-

470 5188 699 5256 xissent,
727 5205 791 5245 cx
816 5189 950 5258 Deo,
987 5191 1222 5248 dixisset
1252 5193 1360 5258 eis,
1389 5210 1560 5259 quare
1579 5209 1689 5248 non
1717 5195 1940 5251 creditis
1962 5195 2055 5249 ei?

469 5280 513 5336 si
551 5296 677 5337 vero
708 5282 1058 5339 dixissentex
1087 5285 1424 5352 hominibus,
1448 5288 1665 5342 turbam
1694 5287 1962 5344 timebant
1986 5303 2053 5342 ne

468 5374 536 5427 ab
596 5373 687 5428 illa
728 5374 1139 5444 lapidarentur;
1181 5393 1419 5449 magnus
1464 5380 1609 5435 enim
1640 5380 1946 5436 habebatur
1975 5380 2049 5433 illi

468 5463 724 5521 Joannes.

538 5554 829 5613 Vens..28.
872 5559 1013 5624 Quid
1052 5560 1365 5629 significant
1394 5561 1449 5617 hi
1474 5562 1584 5617 duo
1611 5562 1705 5619 lilii
1742 5564 1811 5620 de
1842 5564 2048 5636 quibus

471 5650 715 5716 loquitur
737 5648 1038 5707 Christus?
1067 5653 1335 5723 Populum
1397 5653 1641 5724 gentium
1674 5664 1729 5709 et
1782 5657 2048 5727 populum

470 5738 809 5806 ludaeorum,
837 5758 903 5796 eo
950 5745 1094 5812 quod
1132 5746 1183 5800 bi
1218 5748 1438 5816 quidem
1470 5746 1643 5813 legem
1677 5749 1969 5805 audierunt
1996 5758 2051 5806 et

470 5847 575 5885 non
596 5831 849 5887 abierunt
873 5836 923 5889 in
944 5837 1151 5893 vincam
1177 5856 1189 5905 ;
1220 5840 1293 5894 illi
1314 5848 1496 5895 autem
1531 5857 1638 5896 non
1664 5840 1833 5909 legem
1863 5841 2049 5899 audie-

2161 4643 2274 4714 ἔχει
2305 4645 2396 4698 τὸν
2424 4645 2565 4698 νοῦν*
2596 4646 2779 4716 ητουν,
2798 4644 2999 4714 Ἰερευς
3020 4644 3093 4713 μὴ
3122 4641 3218 4706 ὢν,
3246 4641 3279 4711 ἣ
3306 4640 3625 4702 διδάσκαλος
3664 4638 3734 4710 μὴ

2159 4738 2584 4808 χειροτονηθεὶς,
2627 4736 2744 4801 πῶς
2804 4737 3074 4807 τοσαύτην
3131 4734 3381 4801 ἐξουσίαν
3434 4733 3730 4798 ἐπεδείξω;

2219 4926 2286 4980 Τί
2310 4926 2420 4997 ἔχει
2508 4924 2744 4996 Χριστοῦ
2765 4925 3057 4995 ἀπόκρισις
3079 4941 3092 4991 ;
3111 4923 3451 4995 Θαυμαστῶς
3476 4924 3611 4978 πολὺ
3644 4922 3733 4976 καὶ

2162 5022 2305 5091 μέγα
2339 5020 2508 5073 ποιῶν
2547 5036 2560 5049 ο
2591 5021 2772 5091 ἐρωτᾷ
2796 5018 2906 5090 γὰρ
2936 5018 3135 5081 αὐτοὺς
3192 5020 3322 5086 περὶ
3353 5018 3624 5081 Ἰωάννου,
3657 5016 3731 5068 ὅτι

2159 5110 2331 5165 Πόθεν
2358 5111 2523 5164 αὑτοῦ
2551 5110 2612 5163 τὸ
2666 5111 2951 5181 βάπτισμα
2989 5128 3003 5175 ;
3036 5111 3147 5164 Καὶ
3175 5109 3283 5181 γὰρ
3313 5112 3361 5162 εί
3405 5111 3503 5180 μὲν
3559 5105 3726 5169 εἷπον,

2170 5203 2264 5257 Ἐκ
2302 5205 2460 5269 Θεοῦ,
2485 5199 2639 5258 εἶπεν
2669 5205 2734 5257 ἄν
2759 5221 2770 5237 ·
2803 5205 2913 5258 Καὶ
2934 5204 3022 5257 διὰ
3057 5204 3109 5255 τί
3150 5203 3211 5256 οὐ
3242 5201 3530 5256 πιστεύετε
3563 5200 3727 5270 αὐτῷ’

2156 5295 2290 5348 είδέ
2322 5293 2498 5362 εἷπον,
2536 5295 2627 5361 Ἐξ
2656 5296 2982 5367 ἀνθρώπων,
3033 5294 3327 5363 ἐφοϐοῦντο
3374 5295 3500 5355 τοὺς
3546 5294 3727 5363 ὄχλους

2159 5382 2234 5452 μὴ
2281 5382 2703 5455 λιθοῦολήσωσιν
2754 5383 2973 5449 αὐτούς·
3037 5385 3211 5455 μέγαν
3269 5383 3379 5456 γὰρ
3439 5379 3584 5453 εἶχον
3643 5383 3727 5435 τὸν

2169 5473 2446 5545 Ἰωάννην.

2212 5568 2276 5620 Τί
2311 5568 2636 5638 σημαίνουσι
2685 5570 2752 5624 τὰ
2775 5570 2939 5624 τέκνα
2965 5570 3032 5624 τὰ
3063 5570 3155 5625 δύο
3205 5572 3333 5640 περὶ
3384 5563 3459 5624 ὧν
3518 5569 3724 5639 φησινό

2155 5659 2425 5730 Χριστός;
2455 5661 2559 5713 Τὸν
2578 5661 2707 5715 λαὸν
2745 5661 2853 5715 τῶν
2910 5664 3083 5717 ἐθνῶν
3132 5663 3229 5716 καὶ
3282 5663 3392 5715 τῶν
3439 5660 3721 5718 Ἰουδαίων.

2152 5752 2233 5803 ὅτι
2265 5752 2313 5804 οί
2350 5752 2450 5822 μὲν
2484 5754 2799 5825 ὑπήκουσαν
2831 5755 2923 5808 τὸν
2964 5758 3128 5823 νόμον
3170 5754 3265 5808 καὶ
3312 5754 3412 5807 οὐκ
3466 5751 3719 5821 ἀπῆλθον·

2154 5846 2202 5898 οἱ
2248 5844 2302 5898 δὲ
2347 5848 2445 5900 οὐκ
2479 5847 2717 5918 ἥκουσαν
2751 5849 2842 5903 καὶ
2884 5848 3145 5920 ἀπῆλθον·
3181 5848 3304 5902 ὅθεν
3346 5844 3402 5900 τὸ
3458 5860 3716 5900 συνεσκα-
