4026 6448
340 415 477 480 lllb

1325 421 1645 481 SCIIOLIA
1689 423 1984 482 ιιγἘΤΕΗΑ
2029 425 2110 486 1N
2147 425 2620 486 MATTILEUM.

3453 425 3593 491 1146

329 530 527 600 σμένον
555 527 671 582 λύει
699 529 896 596 λέγων,
941 529 1025 584 ὄτι
1059 533 1122 584 Ol
1153 531 1407 585 τελῶναι
1443 534 1542 585 καὶ
1596 537 1655 586 al
1687 533 1893 602 πόρναι

2012 545 2140 589 runt
2175 546 2230 589 ct
2277 535 2533 588 abierunt
2557 535 2611 588 in
2669 533 2906 590 vincam.
2940 532 3095 590 Unde
3143 533 3290 604 quod
3335 545 3588 604 opertum

324 615 703 685 προάγουσιν
739 617 896 688 ὑμᾶς
923 620 1011 683 εις
1048 618 1162 686 τήν
1195 619 1526 684 ,βασιλειαν
1571 621 1691 675 τῶν
1727 623 1905 690 οὐρα-

328 726 454 764 νων
460 749 473 763 ο

393 800 717 872 ’Ἄνθρωπον
738 801 1122 873 οἰκοδεσπότην
1142 802 1234 856 τὸν
1249 803 1382 856 Θεὸν
1409 803 1580 872 λέγει,
1604 805 1904 876 ἀμπελῶνα

319 894 379 947 δὲ
404 893 496 946 καὶ
519 892 678 963 ληνὸν
722 892 818 946 καὶ
861 892 1072 962 πύργον
1107 895 1201 948 τὸν
1231 894 1396 964 νόμον
1430 895 1490 948 ὃν
1513 896 1766 963 δέδωκεν,
1807 897 1904 950 καὶ

320 986 422 1055 τὴν
453 984 606 1038 πόλιν
641 984 708 1053 ἢν
752 985 1069 1056 ἀνέστησεν,
1123 985 1219 1039 καὶ
1243 986 1334 1038 τὸν
1369 985 1496 1039 ναὸν
1554 987 1614 1040 ὃν
1658 988 1900 1058 ἤγειρεν·

319 1074 602 1144 γεωργοὺς
621 1073 700 1139 δὲ,
727 1073 852 1138 τοὺς
883 1075 1190 1137 Ἰουδαίουςο
1221 1075 1389 1129 ἔδωκε
1415 1076 1472 1129 δὲ
1498 1077 1678 1141 αὐτοῖς
1703 1077 1901 1146 φυλάσ-

321 1184 436 1220 σειν
474 1167 541 1219 τά
578 1166 822 1220 δοθέντα.
866 1167 939 1220 Τὸ
973 1167 1052 1232 δὲ,
1090 1169 1503 1237 ἀπεδήμησεν,
1561 1169 1661 1238 τὴν
1703 1168 1902 1238 πολλὴν

321 1258 706 1328 μακροθυμίαν
737 1258 1016 1328 σημαίνει·
1047 1259 1240 1328 ὅτιπερ
1285 1259 1386 1312 οὐκ
1421 1259 1508 1312 ἀεὶ
1548 1258 1701 1330 παρά
1729 1259 1896 1321 πόδας

323 1351 521 1419 ἐπάγει
567 1349 667 1412 τὰς
711 1350 1001 1420 τιμωρίας.
1045 1352 1109 1403 Οί
1152 1351 1207 1404 δὲ
1254 1350 1650 1414 ἀποσταλέντες
1699 1349 1898 1415 δοῦλοι,

202 1488 212 1494 .
320 1444 372 1496 οἱ
407 1443 682 1512 προφῆταί
712 1445 871 1496 εἰσιν·
915 1445 1128 1514 καρπὸς
1161 1444 1280 1514 δὲή
1321 1425 1537 1514 ὑπακοὴ
1587 1442 1680 1496 τοῦ
1734 1444 1898 1513 νόμου

319 1534 490 1586 ἐστίν·
545 1532 712 1596 τὸδὲ,
768 1534 952 1598 Ἴσως
1030 1532 1515 1601 ἐντραπήσονται
1591 1531 1698 1586 τὸν
1742 1533 1896 1598 υἱὸν,

317 1620 478 1679 εἶπεν
502 1628 602 1696 οὐχ
631 1625 707 1689 ὡς
729 1625 963 1693 ἀγνοῶν,
983 1625 1119 1680 ἀλλά
1143 1626 1282 1695 μέγα
1311 1624 1478 1689 δεῖξαι
1510 1624 1569 1679 rb
1591 1625 1898 1696 ἁμάρτημα

316 1720 644 1790 βουλόμενος
676 1735 690 1749 '
728 1719 833 1786 ἔξω
882 1718 942 1771 δὲ
987 1714 1142 1772 εἶπεν
1200 1718 1283 1772 ὅτι
1344 1717 1673 1773 ἀπέκτειναν
1735 1719 1897 1772 αὑτὸν

310 1810 410 1862 τού
443 1808 783 1878 ἀμπελῶνος,
819 1807 1006 1881 ἐπειδὴ
1028 1807 1135 1875 ἔξω
1175 1807 1274 1877 τῆς
1300 1806 1506 1882 πόλεως
1539 1804 1895 1878 ἐσταύρωσαν

309 1903 406 1956 τὸν
433 1901 636 1972 Κύριον
667 1902 853 1973 ἡμῶν.

386 2013 546 2069 Λίθον
581 2012 773 2067 ἑαυτὸν
807 2011 981 2078 καλεῖ,
1023 2009 1339 2080 οἰκοδόμους
1365 2009 1424 2063 δὲ
1459 2009 1590 2073 τοὺς
1634 2007 1894 2063 διδασκά-

306 2105 439 2171 λους
480 2106 588 2161 τῶν
629 2105 896 2159 ’ῐουδαῖων
926 2122 943 2139 ο
989 2104 1451 2173 ἀπεδοκίμασαν
1483 2103 1560 2169 δὲ,
1612 2102 1783 2172 λέγει,
1835 2104 1893 2155 ἐν

305 2199 391 2268 τῷ
423 2197 606 2264 λέγειν
631 2196 847 2260 αὐτούς’
885 2198 1006 2265 Οὐκ
1039 2195 1212 2249 ἐστιν
1259 2195 1329 2248 ἐκ
1360 2194 1468 2249 τοῦ
1503 2193 1672 2259 Θεοῦ,
1713 2190 1896 2260 οὗτος

302 2289 516 2357 πλανᾷ
574 2288 684 2342 τὸν
733 2288 968 2358 κόσμον
993 2302 1006 2317 ·
1068 2287 1209 2352 καὶ,
1247 2285 1615 2354 Σαμαρείτης
1681 2285 1889 2339 ἐστίν*

302 2380 374 2433 τὸ
400 2380 479 2444 δὲ,
537 2378 826 2449 Ἐγ-ενήθη
853 2381 941 2443 είς
970 2377 1248 2447 κεφαλὴν
1295 2379 1534 2446 γωνίας,
1574 2376 1656 2429 ὅτι
1688 2375 1758 2429 τά
1813 2375 1891 2428 δι-

301 2469 522 2522 εστῶτα
549 2468 677 2539 ἔθνη
713 2469 809 2522 καὶ⁵
871 2467 1163 2531 Ἰουδαίους
1201 2467 1330 2529 τοὺς
1367 2465 1766 2528 πιστεύσαντας
1811 2465 1891 2528 εἰς

305 2559 375 2612 ἒν
409 2561 648 2630 συνῆψεν
667 2577 682 2591 ο
711 2561 770 2614 τὸ
790 2560 869 2626 δὲ,
899 2562 1064 2629 Παρὰ
1090 2561 1314 2628 Κυρίου
1341 2557 1576 2628 ἐγένετο
1604 2557 1756 2625 αὕτη
1791 2557 1890 2611 καὶ

298 2653 482 2706 ἔστιν
507 2654 822 2724 θαυμαστὴ
858 2654 928 2707 ἐν
950 2651 1279 2722 ὀφθαλμοῖς
1306 2650 1494 2721 ἡμῶν,
1535 2652 1617 2704 ὅτι
1638 2649 1890 2720 οὐδαμῶς

299 2743 457 2796 ἐστιν
492 2741 633 2812 α’ύτη
670 2743 705 2812 ή
757 2741 928 2810 γωνία
969 2742 1190 2796 ἐναντία
1240 2741 1398 2805 Θεοῦ,
1425 2741 1564 2794 ἀλλά
1613 2742 1708 2795 καὶ
1760 2741 1890 2794 θαυ-

305 2834 493 2904 μαστὴ
516 2835 646 2904 ἡμῖν
667 2849 681 2864 ·
705 2833 766 2887 τὸ
796 2834 854 2887 δὲ
875 2835 1073 2900 εἰπεῖν,
1105 2833 1189 2886 ὅτι
1221 2834 1284 2886 '0
1308 2831 1517 2885 πεσὼν
1544 2833 1644 2885 ἐπὶ
1671 2833 1778 2886 τὸν
1805 2831 1892 2886 λι-

305 2929 418 2981 θον
449 2926 682 2990 τοῦτον,
701 2925 1238 2992 συνθλασθήσεται
1259 2941 1274 2955 ο
1310 2924 1402 2994 ἐφ’
1434 2924 1507 2978 ὃν
1533 2923 1585 2977 δ’
1618 2924 1695 2980 ἂν
1727 2925 1888 2994 πέσῃ

302 3015 592 3086 λικμήσει
635 3017 842 3096 αὑτὸν,
873 3017 967 3070 δύο
1015 3017 1237 3089 ᾐνίξατο
1281 3016 1580 3081 ἀπωλείας,
1616 3015 1748 3087 μίαν
1792 3017 1888 3070 τοῦ

306 3108 789 3178 σκανδαλισθῆναι,
822 3109 851 3163 ὃ
890 3111 1038 3163 ἐστιν
1061 3109 1402 3180 προσκόψαι·
1425 3109 1583 3162 τοῦτο
1608 3109 1715 3179 γὰρ
1741 3108 1892 3178 δηλοῖ

303 3197 364 3249 τι)
398 3199 584 3249 πεσεῖν
605 3197 698 3250 ἐπὶ
716 3197 810 3250 τὸν
830 3198 977 3252 λίθον
1005 3216 1019 3230 ·
1050 3200 1245 3270 ἑτέραν
1273 3200 1330 3253 δὲ
1360 3199 1460 3270 τὴν
1487 3199 1594 3253 ἀπὸ
1619 3199 1721 3270 τῆς
1743 3199 1888 3254 ἀλώ-

307 3305 450 3351 σεως
511 3287 692 3343 αὐτῶν
720 3289 819 3344 καὶ
867 3293 1156 3362 συμφορᾶς
1181 3309 1194 3323 ·
1221 3291 1308 3345 διὰ
1353 3292 1512 3345 τοῦτο
1555 3290 1612 3344 δὲ
1650 3291 1746 3345 καὶ
1790 3291 1891 3361 τὴν

303 3377 605 3432 ἀνάστασιν
629 3377 849 3448 ᾐνίξατο
882 3381 982 3450 τὴν
1011 3379 1231 3434 ἑαυτοῦ.

885 3505 1140 3562 ΚΕΦΑΛ.
1174 3507 1306 3563 KB’.

386 3633 456 3689 Ἥ
519 3633 618 3704 μὲν
656 3634 752 3688 τοῦ
801 3633 1128 3705 ἀμπελῶνος
1174 3633 1482 3706 παραϐολὴ,
1517 3636 1584 3690 τὰ
1628 3636 1736 3709 πρὸ
1794 3637 1888 3692 τοῦ

308 3725 546 3798 σταυροῦ
577 3725 833 3798 ᾐνίξατοο
865 3725 1003 3797 α’ύτη
1051 3726 1108 3778 δὲ
1157 3725 1227 3780 τὰ
1269 3726 1408 3795 μετά
1448 3726 1548 3798 τὴν
1595 3728 1891 3782 ἀνάστασιν

304 3818 478 3887 λέγει.
508 3818 690 3887 tunc;
723 3818 757 3887 ἡ
795 3815 1230 3887 ὲνανθρώπησις,
1264 3816 1352 3870 διὰ
1385 3816 1447 3870 τὸ
1487 3819 1662 3889 χαρᾶς
1696 3817 1892 3889 γέμειν

305 3909 720 3978 πνευματικῆς’
763 3908 886 3960 ἐπεὶ
911 3910 1005 3960 καὶ
1046 3907 1282 3978 νυμφίον
1339 3906 1504 3961 αὐτὸν
1549 3909 1578 3961 ὁ
1637 3907 1892 3980 Ἰωάννης

307 4001 467 4055 καλεῖ
491 4016 506 4032 ⁸
532 4000 908 4071 κεκλημένους
937 3997 994 4052 δὲ
1029 3997 1200 4066 λέγει,
1227 3997 1352 4051 ἐπεὶ
1381 3997 1488 4070 πρὸ
1511 3997 1707 4052 πολλοῦ
1728 4000 1890 4067 ἐκλή-

308 4092 520 4163 θησαν·
559 4091 870 4163 ἐκλήθησαν
914 4090 971 4143 δὲ
1019 4089 1111 4143 διὰ
1136 4090 1245 4142 τῶν
1271 4089 1596 4162 προφητῶν.
1635 4090 1889 4160 ’Ἄριστος

306 4182 385 4249 δὲ,
415 4183 516 4255 τὴν
563 4182 764 4254 πολλὴν
801 4181 1146 4252 εὐφροσύνην
1195 4181 1304 4234 τῶν
1345 4181 1642 4251 θαυμάτων
1700 4181 1888 4249 λέγει’

307 4275 425 4329 ἀλλ’
460 4275 584 4328 οὐδὲ
616 4273 789 4337 οὕτως
820 4274 1019 4338 αὐτοὺς
1055 4273 1369 4343 ὲνέτρεψεν,
1394 4272 1511 4327 ἀλλ’
1550 4273 1758 4344 ἀγροὺς
1795 4273 1890 4326 καὶ

306 4367 379 4421 τὰ
428 4365 674 4436 παρόντα
710 4367 810 4435 τῆς
853 4363 1193 4436 εὐφροσύνης
1246 4364 1451 4435 ταύτης
1487 4364 1887 4435 προετίμησαν.

309 4460 506 4523 Ποίους
545 4459 602 4512 δὲ
636 4459 854 4521 δούλους
900 4458 1165 4528 ὓϐρισανς
1196 4459 1336 4522 Τοὺς
1364 4457 1694 4520 ἀποστόλους
1736 4474 1749 4488 ο
1795 4459 1894 4511 αὺ-

310 4555 394 4605 τοὶ
433 4552 542 4622 γὰρ
571 4551 771 4614 αὐτοὺς
805 4550 945 4621 μετά
970 4553 1067 4622 τὴν
1096 4551 1393 4605 ἀνάστασιν
1429 4551 1850 4621 εὐηγγελίζοντο
1869 4566 1886 4582 ⁹

308 4645 369 4698 τὸ
416 4644 474 4698 δὲ
521 4644 733 4715 πέμψαι
773 4643 842 4697 τά
895 4643 1234 4714 στρατόπεδα
1268 4643 1433 4697 αὐτοῦ
1484 4645 1578 4698 καὶ
1629 4644 1890 4698 ἀπολέσαι

308 4739 437 4803 τοὺς
497 4740 700 4808 φονεῖς,
735 4739 829 4791 καὶ
883 4737 983 4808 τὴν
1032 4737 1187 4790 πόλιν
1231 4736 1412 4790 αὒτῶν
1467 4737 1774 4808 ἐμπρῆσαι,
1822 4736 1891 4790 τὰ

309 4831 580 4902 γενόμενα
610 4831 705 4884 ἐπὶ
734 4829 1148 4884 Οὐεσπασιανοῦ
1185 4828 1358 4898 λέγει.

380 4942 445 4995 Τί
501 4943 651 4996 ἐστιν
687 4941 769 5005 τὸ,
807 4942 929 4995 Οὐκ
964 4934 1130 5011 ἦσαν
1179 4939 1335 5004 ἄξιοι
1389 4941 1446 4994 oi
1490 4941 1894 5008 κεκλημένοι;

313 5034 486 5099 Ἔδει,
514 5035 698 5104 φησὶν,
733 5032 929 5094 αὐτοὺς
983 5031 1120 5102 μηδὲ
1155 5029 1466 5101 κληθῆναι·
1512 5031 1626 5084 ἀλλ’
1673 5033 1761 5084 ἴνα
1812 5033 1888 5104 μὴ

309 5127 588 5198 καταλίπῃ
635 5127 817 5188 αὐτοῖς
851 5124 1148 5197 πρόφασιν,
1181 5121 1388 5193 καίπερ
1417 5120 1574 5187 εἰδὼς
1619 5123 1716 5194 τὴν
1754 5124 1889 5178 ἀπι-

312 5219 463 5273 στίαν
485 5219 686 5285 αὐτῶν,
723 5217 821 5271 ἕπε
831 5217 992 5287 μψεν.

383 5313 448 5364 Τί
493 5314 644 5365 ἐστιν
676 5310 758 5376 τὸ,
806 5308 1115 5374 Ἐξέλθετε
1163 5313 1252 5371 εις
1299 5307 1408 5374 τὰς
1448 5307 1740 5373 πλατείας
1790 5308 1890 5362 καὶ

311 5406 414 5470 τὰς
443 5403 754 5468 διεξόδους
789 5403 973 5473 ;Περ“ι
1016 5401 1126 5457 τῶν
1179 5401 1350 5456 ἐθνῶν
1405 5401 1552 5470 λέγει
1581 5415 1595 5430 ·
1631 5401 1726 5455 καὶ
1783 5401 1892 5470 γὰρ

312 5497 414 5550 οὐκ
447 5497 504 5549 ὲν
554 5495 661 5565 ὁδῷ
697 5488 810 5548 οἷον
842 5495 901 5548 ἐν
956 5494 1126 5564 νόμῳ,
1167 5493 1282 5546 ἀλλ’
1319 5493 1520 5558 ἔξωθεν
1577 5494 1677 5562 τῆς
1714 5493 1887 5564 ὀρθῆς

317 5585 560 5657 ὑπῆρχον
587 5585 708 5640 ὁδοῦ
734 5602 748 5616 ο
781 5585 986 5654 ἔνδυμα
1020 5584 1078 5637 δὲ
1103 5584 1283 5654 γάμου
1313 5584 1462 5636 ἐστὶν
1499 5582 1611 5654 βίος
1633 5583 1814 5652 ὀρθός.

383 5679 478 5740 Τὸ,
523 5679 579 5733 Ὀ
631 5679 938 5743 κλαυθμὸς
967 5676 1065 5730 καὶ
1103 5677 1377 5745 ,βρυγμὸς
1429 5675 1550 5728 τῶν
1605 5675 1887 5741 ὀδόντων,

317 5769 486 5824 ἐκεῖνό
517 5773 687 5838 ἐστιν,
717 5773 778 5824 rb
807 5771 888 5834 εἰς
923 5770 1332 5839 ἀκαρτερήτους
1372 5767 1567 5830 ὀδύνας
1596 5768 1901 5823 εἰσελθεῖν..

401 5863 617 5935 Ἐπειδὴ
671 5863 962 5933 ἐφοϐοῦντο
995 5862 1114 5925 τοὺς
1148 5861 1362 5931 ὄχλους,
1385 5860 1658 5931 δημοσίων
1701 5860 1888 5930 ἀδεκη-

2007 637 2126 682 erat
2180 627 2356 696 aperit
2415 626 2646 688 dicens,
2695 627 2821 696 quia
2867 626 3143 696 publicani
3191 635 3242 680 et
3296 626 3591 679 meretrices

2008 719 2300 788 precedent
2331 734 2419 771 vos
2447 717 2500 771 in
2532 733 2747 786 regnum
2775 718 3048 773 caelorum.

2085 811 2250 867 Vens.
2280 811 2370 865 53.
2395 807 2683 864 Hominem
2718 819 2927 880 patrem
2961 809 3203 864 familias
3235 809 3406 863 Deum
3433 807 3588 869 dicit,

2007 902 2219 956 vineam
2246 912 2300 959 et
2333 903 2576 958 torcular
2603 912 2658 956 et
2690 909 2918 965 turrem,
2969 900 3142 970 legem
3191 913 3354 968 quam
3415 897 3588 961 dedit,

2016 996 2210 1050 urbem
2231 1012 2392 1066 quam
2418 996 2724 1061 aediﬁcavit,
2748 1004 2802 1050 et
2828 994 3086 1063 templum
3117 992 3261 1063 quod
3279 991 3589 1054 exstruxit;

2007 1082 2274 1150 agricolas
2319 1094 2499 1138 autem
2553 1082 2792 1138 Judzeos.
2843 1081 2999 1137 Dedit
3026 1096 3158 1137 vero
3195 1083 3276 1137 eis
3307 1080 3590 1135 custodire

2005 1170 2146 1224 dona
2181 1187 2299 1227 sua.
2327 1172 2486 1236 Illud,
2516 1170 2796 1240 Profectus
2827 1181 2929 1236 est,
2995 1186 3250 1239 magnam
3329 1167 3586 1239 longani-

2007 1265 2250 1318 mitatem
2307 1265 2624 1335 signiticat;
2679 1265 2806 1336 quia
2888 1280 2993 1318 non
3087 1279 3302 1332 semper
3377 1262 3588 1316 celeres

2005 1352 2199 1424 inﬂigit
2263 1369 2477 1424 pinnas.
2554 1353 2659 1419 Qui
2743 1353 2896 1408 missi
2985 1364 3114 1409 sunt
3195 1352 3380 1416 servi,
3461 1366 3590 1420 pro-

2004 1445 2179 1516 phetat
2261 1456 2434 1512 sunt;
2535 1445 2749 1498 fructus
2836 1454 3067 1512 autem,
3164 1445 3301 1515 legis
3385 1442 3584 1496 obser-

2001 1537 2145 1613 vatio
2174 1545 2277 1591 est.
2313 1536 2446 1590 Illud
2471 1543 2678 1598 autem,
2717 1535 2854 1604 forte
2885 1537 3200 1590 verebuntur
3224 1536 3420 1605 lilium,
3449 1533 3588 1589 dixit

2000 1643 2108 1681 non
2141 1635 2202 1681 ut
2249 1627 2537 1699 ignorans,
2591 1624 2687 1680 sed
2739 1640 2994 1694 magnam
3053 1625 3348 1680 ostendere
3400 1625 3590 1678 volt-ns

2001 1718 2367 1788 iniquitatem.
2393 1717 2542 1772 Dixit
2565 1725 2750 1772 autem
2791 1717 2890 1772 hos
2924 1717 3192 1772 occidisse
3225 1716 3379 1770 illum
3433 1725 3588 1770 extra

2001 1809 2238 1875 vineam,
2263 1811 2392 1880 quia
2413 1818 2568 1865 extra
2597 1808 2788 1864 urbem
2845 1808 3242 1864 crucihxerunt
3294 1805 3587 1860 Dominum

1931 1889 1974 1944 Β
1999 1909 2276 1956 nostrum.

2081 2009 2368 2065 Vsas.42.
2401 2009 2663 2080 Lapidem
2727 2025 2788 2066 se
2841 2016 3022 2073 vocat,
3075 2007 3410 2062 aediﬁcantes
3473 2021 3573 2060 an-

2003 2110 2108 2157 tem
2144 2103 2399 2156 doctores
2463 2099 2804 2157 Iudaeorum.
2864 2097 3290 2167 Reprobaverunt
3375 2103 3582 2161 autem,

2001 2192 2202 2262 inquit,
2238 2193 2508 2247 dicendo:
2546 2191 2670 2247 Non
2708 2207 2773 2246 ea:
2806 2190 2917 2244 Deo
2941 2199 3037 2256 est,
3077 2190 3177 2243 iste
3201 2186 3403 2242 seducit
3435 2204 3588 2241 utun-

1999 2289 2161 2350 dum;
2183 2294 2258 2348 et,
2285 2281 2662 2338 Samaritanus
2695 2291 2794 2337 est.
2827 2281 2964 2336 Illud
2997 2295 3162 2346 vero;
3205 2277 3407 2333 Factus
3423 2290 3501 2332 est
3529 2279 3586 2332 in

2001 2386 2158 2447 caput
2185 2378 2392 2447 anguli,
2416 2379 2544 2447 quia
2580 2385 2860 2446 separatas
2913 2382 3102 2443 gentes
3145 2380 3200 2427 et.
3243 2371 3462 2426 Judaeos
3489 2372 3582 2441 qui

1999 2469 2349 2524 crediderunt
2387 2467 2438 2522 in
2482 2483 2648 2522 unum
2679 2466 2981 2537 compegit;
3025 2466 3067 2519 A
3094 2464 3319 2518 Domino
3369 2463 3574 2532 factum

1998 2572 2075 2617 est
2107 2562 2273 2626 istud,
2307 2571 2358 2616 et
2399 2572 2475 2616 est
2507 2560 2752 2616 mirabile
2781 2562 2836 2614 in
2859 2560 3025 2614 oculis
3069 2560 3291 2624 nostris,
3325 2559 3453 2627 quia
3480 2558 3584 2611 mi-

1999 2658 2148 2709 nime
2171 2654 2287 2724 ipse
2313 2665 2399 2709 est
2428 2653 2662 2722 angulus
2693 2653 3006 2708 contrarius
3034 2651 3166 2716 Deo,
3215 2651 3309 2706 sed
3341 2660 3396 2706 et
3421 2650 3585 2704 nobis

2001 2745 2399 2811 admirandus;
2458 2744 2592 2799 illud
2649 2751 2855 2809 autem,
2893 2743 2997 2809 Qui
3040 2741 3318 2811 offenderit
3354 2741 3569 2796 inltunc

1998 2837 2228 2908 lapidem
2253 2836 2554 2902 collidatur,
2583 2837 2638 2890 in
2679 2852 2834 2906 quem
2888 2835 3132 2890 ceciderit
3157 2843 3388 2889 conteret
3435 2849 3583 2898 eum,

2003 2935 2143 2990 duas
2205 2933 2385 2988 innuit
2441 2933 2798 3004 perditiones,
2839 2947 3006 2986 unam
3036 2946 3067 2986 e
3112 2930 3398 2993 scandala,
3435 2930 3586 2999 quod

1998 3034 2082 3082 est
2107 3025 2381 3083 oﬂ‘endere
2411 3043 2425 3093 ;
2457 3025 2559 3081 hoc
2582 3027 2727 3080 enim
2781 3024 2989 3079 indicat
3034 3023 3311 3080 oi'feudere
3341 3022 3396 3077 in
3441 3023 3586 3090 lapit—

1998 3119 2165 3185 dem;
2243 3118 2470 3172 alteram
2536 3126 2719 3171 autem
2770 3130 2835 3170 ex
2883 3116 3103 3171 illorum
3180 3115 3467 3170 obsidione
3531 3124 3585 3168 et

1998 3211 2404 3273 destructione;
2437 3226 2534 3281 per
2559 3211 2662 3267 hoc
2705 3218 2889 3265 autem
2919 3209 3086 3265 etiam
3120 3223 3277 3265 suam
3326 3223 3579 3264 resurre-

2000 3305 2241 3361 ctionem
2269 3305 2449 3360 innuit

2616 3519 2848 3578 CAPUT
2881 3518 3050 3576 XXII.

2079 3645 2252 3702 Vens.
2287 3646 2344 3702 2.
2376 3645 2561 3700 Vincre
2590 3646 2850 3716 parabola
2873 3661 2994 3716 qua:
3009 3658 3227 3700 crucem
3253 3644 3582 3700 antecedunt

1992 3741 2231 3806 indicat;
2272 3740 2388 3795 hare
2414 3749 2596 3794 autem
2628 3755 2748 3808 qua:
2782 3737 3246 3795 resurrectionem
3274 3748 3581 3808 sequuntur

1992 3833 2230 3888 nuntiat.
2257 3830 2472 3902 Nuptiae
2511 3831 2820 3886 incarnatio
2840 3838 2946 3897 est,
2975 3845 3097 3900 quae
3133 3828 3404 3900 spirituali
3440 3845 3577 3899 gau-

1992 3925 2084 3980 dio
2111 3924 2387 3994 impletur.
2431 3923 2564 3978 Nam
2588 3933 2642 3978 et
2662 3939 2926 3994 sponsum
2951 3923 3105 3978 illum
3130 3921 3371 3979 Joannes
3397 3933 3578 3977 vocat.

1992 4017 2254 4072 lnvitatos
2285 4025 2466 4070 autem
2485 4014 2639 4080 dicit,
2671 4017 2801 4085 quia
2835 4013 3165 4085 jampridem
3189 4014 3366 4069 vocati
3399 4023 3578 4068 erant.

1993 4106 2188 4162 Vocati
2241 4115 2402 4161 erant
2431 4120 2530 4176 per
2554 4106 2868 4176 prophetas.
2902 4103 3205 4158 Prandium
3249 4112 3430 4157 autem
3461 4118 3581 4157 ma-

1992 4213 2159 4270 gnum
2207 4197 2597 4252 miraculorum
2649 4195 2909 4266 gaudium
2953 4202 3154 4258 vocat;
3210 4193 3302 4248 sed
3363 4207 3470 4245 non
3506 4193 3578 4245 ita

1994 4291 2115 4345 illos
2137 4291 2427 4353 convertit,
2470 4287 2564 4342 sed
2592 4287 2750 4342 villas
2773 4301 2925 4351 suas,
2959 4285 3010 4342 id
3037 4293 3143 4348 est,
3173 4298 3412 4354 praesens
3433 4282 3578 4338 istud

1994 4381 2274 4452 gaudium,
2304 4377 2846 4450 prmtuleruntﬂuos
2877 4387 3058 4432 autem
3088 4390 3280 4432 servos
3301 4385 3581 4430 contume-

1993 4474 2082 4528 liis
2111 4471 2448 4527 all‘ecerunt?
2499 4469 2837 4539 Apostolos:
2871 4468 2926 4521 hi
2960 4469 3106 4522 enim
3145 4467 3271 4520 illos
3325 4473 3449 4535 post
3487 4481 3579 4518 re-

1996 4566 2394 4621 surrectionem
2479 4564 3017 4634 evangelizaverunt.
3091 4561 3376 4616 Exercitus
3446 4576 3579 4614 suos

1998 4659 2213 4712 mittere
2261 4666 2317 4714 et
2365 4657 2596 4728 perdere
2637 4657 2941 4712 homicidas
3015 4655 3158 4722 illus,
3211 4663 3266 4710 et
3304 4653 3578 4708 civitatem

1997 4749 2214 4804 illorum
2233 4751 2588 4810 succendere.
2609 4764 2736 4819 qua:
2753 4750 2856 4804 sub
2884 4745 3219 4818 Vespasiano
3237 4743 3583 4814 contigerunt

1996 4842 2265 4913 praedicit.
3585 4848 3594 4894 ἀ

2067 4947 2231 5003 Vens.
2255 4948 2308 5003 8.
2341 4946 2482 5014 Quid
2508 4953 2612 5013 est,
2654 4946 2743 5017 qui
2770 4945 2982 4999 invitati
3033 4951 3208 5008 erant,
3235 4959 3337 4998 non
3359 4942 3580 5011 fuerunt

1995 5042 2142 5111 digni
2166 5041 2190 5095 ‘i
2225 5041 2588 5111 oportuisset,
2633 5037 2832 5107 inquit,
2867 5052 2964 5092 eos
3020 5052 3130 5091 non
3185 5035 3441 5098 invitari;
3478 5033 3574 5088 sed

1998 5145 2056 5189 ut
2089 5151 2195 5190 non
2231 5135 2337 5188 illis
2391 5130 2804 5188 excusationem
2864 5129 3158 5199 linqueret,
3217 5129 3346 5183 licet
3389 5130 3576 5182 sciere

1997 5228 2214 5283 illorum
2251 5223 2713 5284 incredulitatem,
2740 5221 2908 5276 misit.

2077 5317 2240 5372 Vnus.
2269 5315 2323 5370 9.
2352 5315 2491 5381 Quid
2517 5322 2622 5378 est,
2640 5317 2722 5368 Ite
2745 5314 2813 5365 ad
2843 5311 3046 5381 plateas
3063 5320 3110 5364 et
3133 5311 3306 5366 exitus
3326 5310 3527 5362 uiarum
3551 5310 3576 5362 ?

1995 5410 2062 5465 de
2091 5410 2344 5480 gentihus
2383 5407 2588 5462 dictum
2625 5413 2729 5460 est.
2777 5404 2991 5460 Etenim
3031 5417 3140 5456 non
3174 5401 3228 5456 in
3281 5401 3368 5456 via
3415 5403 3576 5470 quasi

1998 5500 2053 5553 in
2075 5501 2210 5569 lege,
2234 5497 2328 5551 sed
2351 5505 2503 5550 extra
2539 5505 2743 5548 rectam
2796 5493 2936 5546 viam
2972 5490 3372 5556 versabantur;
3412 5491 3582 5545 vestis

2001 5598 2181 5645 autem
2206 5587 2467 5656 nuptialis
2498 5593 2582 5641 est
2616 5585 2722 5638 vita
2753 5593 2921 5638 recta.

2072 5677 2234 5734 Vsus.
2256 5677 2342 5731 l5.
2374 5675 2556 5730 Fletus
2577 5683 2624 5728 et
2650 5673 2849 5727 stridor
2870 5673 3129 5738 dentium,
3146 5671 3402 5727 dolorum
3431 5669 3580 5724 into-

1994 5771 2301 5826 lerabilium
2338 5768 2672 5822 invasioncm
2700 5765 3006 5834 designant.

2071 5862 2232 5918 Vigns.
2274 5863 2354 5916 15.
2383 5860 2646 5928 Quoniam
2681 5859 2946 5914 timebunt
2997 5859 3186 5916 turbas
3234 5858 3573 5930 publicorum
