4026 6410
512 344 643 407 1147
1214 358 1609 419 ΟΡΗΞΕΠΙΛ
1649 361 2089 423 SCRIPTURIE

2198 364 2283 425 CA
2323 369 2403 430 ΙΝ
2410 371 2498 431 (ἶΕ
2509 373 2675 433 ΒΤίΕ
2704 377 3011 437 λλΕΤΑΤΙΞ.
3630 387 3751 451 1143

503 461 535 511 d
574 462 829 516 lictorum
860 463 1087 535 laqueos
1140 471 1391 525 tendunt.
1434 473 1568 527 Nam
1594 491 1690 544 per
1718 478 2089 534 Romanorum

2203 483 2469 553 κημάτων
2521 490 2759 557 παγίδας
2798 493 3019 547 ἱστῶσιν
3049 511 3065 527 ο
3100 494 3179 559 είς
3216 494 3325 567 γάρ
3353 498 3451 569 τὴν
3483 499 3588 553 τῶν
3637 505 3757 556 Ῥωο

509 551 797 620 imperium
855 572 942 612 res
987 575 1112 615 cum
1168 562 1467 619 immutata:
1516 568 1625 623 illis
1688 579 1897 635 essent,
1960 586 2086 626 cum

2198 551 2369 643 μαίων
2391 578 2566 650 ἀρχὴν
2602 551 2712 635 τῶν
2740 551 3094 654 *πραγμάτων
3125 551 3308 651 ain-0i;
3340 551 3753 659 μετατεθέντων,

512 647 763 703 sciebant
794 650 1075 706 Theudam
1102 665 1157 708 et
1181 654 1375 710 Judam
1408 658 1531 713 ideo
1555 661 1771 717 occisos
1793 678 1916 719 esse
1937 666 2087 733 quod

2198 668 2379 739 ἐπειδὴ
2586 672 2668 726 ὃτι
2700 647 3028 739 Θευδᾶς-καὶ
3085 647 3304 742 Ἰοιεδιις⁷
3340 647 3440 735 ’διὰ
3474 683 3627 737 τοῦτο
3667 647 3762 739 de;

509 738 562 790 in
602 738 876 796 Romanos
912 744 1259 799 rebellionem
1298 748 1543 803 meditati
1593 750 1851 818 fuissent,
1907 756 2091 811 volue-

508 842 635 885 runt
661 842 715 886 et
738 834 887 888 illum
921 836 972 888 in
1002 838 1162 893 talem
1193 841 1562 908 suspicionem
1589 845 1879 902 adducere.
1911 848 2087 914 Quam

510 926 579 976 ob
613 939 834 980 causam
868 944 993 982 cum
1026 933 1142 985 suis
1175 932 1461 1003 discipulis
1492 933 1724 990 Herodis
1756 938 1957 993 milites
1990 943 2090 993 mi-

509 1027 718 1082 serunt,
766 1019 1035 1090 duplicem
1087 1023 1289 1078 fossam
1336 1026 1662 1094 aperientes,
1708 1038 1764 1082 ut
1794 1030 1838 1084 si
1870 1032 2087 1099 quidem

508 1122 635 1173 erga
670 1107 1009 1167 IIerodiauos
1043 1115 1406 1183 responderit,
1434 1117 1533 1186 ipsi
1566 1119 1857 1184 incusent;
1885 1126 1929 1178 si
1964 1141 2092 1181 vero

506 1214 634 1269 erga
673 1191 842 1270 ipsos,
879 1204 989 1258 isti.
1022 1205 1272 1260 Attamen
1309 1208 1494 1263 datum
1531 1210 1707 1267 fuerat
1748 1215 2088 1280 didraclima,

509 1294 604 1345 sed
668 1294 986 1348 nesciebant
1038 1297 1148 1350 isti.
1200 1297 1540 1372 Interrogant
1586 1314 1767 1358 autem
1810 1308 1861 1360 in
1913 1310 2093 1364 medio

513 1383 705 1449 turba},
763 1388 1026 1454 majorem
1071 1388 1334 1446 iacientes
1386 1394 1841 1463 declarationem,
1884 1397 2091 1455 Scimus

509 1477 635 1542 quia
659 1491 819 1530 verax
843 1494 934 1543 es;
971 1486 1250 1550 Quomodo
1281 1499 1412 1556 ergo
1456 1487 1720 1544 dicebatis
1764 1492 1891 1559 quia
1932 1492 2095 1548 sedu-

509 1576 628 1620 ctor
672 1571 788 1625 est?
818 1572 919 1626 hoc
958 1574 1125 1643 igitur
1167 1589 1263 1645 per
1313 1576 1686 1636 adulationem
1734 1583 1952 1649 dicunt;
1985 1600 2091 1639 non

510 1658 699 1714 dicunt
722 1676 851 1717 vero
872 1659 1035 1720 modo
1050 1670 1196 1736 quod
1214 1669 1341 1723 utile
1363 1679 1466 1735 cst,
1486 1672 1580 1727 sed
1602 1673 1728 1742 quid
1748 1676 1842 1728 tibi
1866 1676 2096 1735 videtur?

510 1750 793 1818 addentes,
854 1768 954 1809 non
998 1762 1212 1826 respicis
1252 1764 1305 1815 in
1335 1778 1639 1831 personam,
1674 1767 1741 1819 de
1779 1766 1997 1823 Caesare
2041 1779 2095 1824 et

511 1841 724 1898 lli-rode
761 1846 1028 1904 alludunt.
1064 1850 1155 1905 Ille
1196 1854 1361 1922 igitur
1406 1857 1638 1925 propriis
1677 1873 1867 1912 eorum
1909 1862 2094 1918 oribus

511 1935 697 1992 volsus
720 1936 840 1994 illos
856 1942 1216 1998 condemnare
1236 1946 1431 2015 :Cujus
1450 1958 1528 2001 est
1549 1950 1764 2020 imago?
1791 1952 1989 2022 inquit,
2012 1965 2092 2022 ut,

511 2028 620 2083 illis
645 2031 1155 2100 quuentibus.'non
1190 2038 1437 2094 videatur
1480 2041 1598 2111 ipse
1629 2044 1834 2114 aliquid
1865 2046 2091 2102 dixisse.

508 2120 585 2174 Ne
615 2122 779 2192 igitur
807 2126 991 2180 dicant
1017 2130 1146 2197 quia
1180 2132 1497 2189 hominibus
1524 2148 1625 2190 nos
1657 2138 1908 2207 subjicis,
1937 2140 2091 2206 dixit,

508 2228 630 2278 qua:
671 2227 799 2270 sunt
832 2216 946 2283 Dei,
983 2220 1107 2274 Deo.
1155 2222 1281 2276 Ideo
1316 2222 1520 2279 Paulus
1553 2242 1775 2298 quoque
1813 2249 1826 2282 :
1872 2229 2092 2299 Solvite,

508 2304 705 2375 inquit,
743 2310 989 2364 omnibus
1022 2312 1223 2367 debita.

578 2488 744 2547 Vsus.
772 2494 861 2547 23.
900 2494 1019 2549 Duo
1060 2495 1296 2553 haereses
1329 2508 1477 2566 sunt,
1515 2517 1621 2555 una
1665 2503 2091 2572 Pharisaeorum,

506 2581 675 2636 a'lcra
716 2583 1170 2641 Sadducaeorum.
1213 2588 1499 2645 Sadducaai
1540 2594 1759 2661 quidem
1788 2612 1965 2667 neque
2010 2614 2095 2652 re-

507 2677 902 2730 surrectionem
929 2692 1106 2748 neque
1136 2681 1362 2749 angelos
1390 2698 1513 2737 esse
1533 2686 1763 2739 credunt
1789 2705 1802 2753 ;
1831 2686 2094 2743 Pliarisa:i

507 2778 638 2817 vero
670 2775 962 2836 utrumque
990 2772 1340 2838 proﬁtentur.

587 2854 747 2910 Vens.
775 2857 866 2912 55.
906 2860 1019 2912 Cur
1048 2860 1340 2919 Mattliaaus
1371 2863 1506 2919 dicit
1539 2867 1682 2935 quod
1718 2876 1935 2925 tentans
1966 2886 2092 2926 eum

509 2948 922 3018 interrogaverit
953 2952 1035 3006 sic
1072 2954 1173 3009 iste
1203 2955 1336 3024 legis
1369 2956 1581 3022 doctor,
1625 2957 1846 3016 Marcus
1876 2972 2090 3030 autem,

506 3036 653 3103 quod
684 3040 873 3097 videns
900 3044 1158 3112 quoniam
1179 3048 1454 3116 sapienter
1483 3052 1870 3120 respondisset,
1892 3055 2095 3111 dixerit

2194 756 2387 813 ἑθανον
2412 762 2751 819 ἀποστασίαν
2777 767 2842 821 ὲκ
2874 766 3160 837 Ῥωμαίων
3180 770 3595 841 μελετήσαντες,
3624 776 3761 830 £606-

2194 849 2349 904 λοντο
2403 854 2496 904 καὶ
2542 854 2705 907 αὐτὸν
2757 859 2837 921 εἰς
2878 858 3135 930 τοιαύτην
3184 860 3422 933 ὑποψίαν
3477 866 3714 933 ἐνεγκεῖν
3744 882 3756 896 ⁸

2189 942 2276 995 διὰ
2308 945 2466 999 τοῦτο
2503 947 2641 1016 μετά
2673 948 2784 1001 τῶν
2836 950 3099 1022 μαθητῶν
3134 954 3315 1008 αὐτῶν
3368 958 3462 1009 καὶ
3502 958 3629 1019 τοὺς
3672 959 3759 1011 τοῦ

2204 1034 2443 1105 Ἡρώδου
2490 1040 2832 1109 στρατιώτας
2868 1041 3147 1114 ἔπεμψαν,
3187 1047 3408 1100 διπλοῦν
3448 1048 3763 1119 ὀρύττοντας

2192 1127 2281 1180 τὸν
2308 1128 2520 1199 βόθρον,
2552 1132 2638 1184 ῐνα
2660 1134 2708 1185 εί
2737 1135 2836 1204 μὲν
2863 1136 3005 1207 ὑπὲρ
3026 1138 3140 1192 τῶν
3176 1141 3520 1210 Ἡρωδιανῶν
3537 1143 3762 1213 ἀποκρί-

2192 1236 2372 1289 νηται,
2408 1223 2563 1275 αὐτοὶ
2608 1225 2979 1291 ἐγκαλέσωσιν
3011 1242 3026 1260 ⁸
3062 1231 3112 1282 εί
3143 1230 3195 1283 δὲ
3230 1232 3369 1301 ὑπὲρ
3401 1234 3599 1299 αὐτῶν,
3632 1235 3766 1287 ἐκεί-

2193 1329 2274 1364 νοι
2308 1329 2321 1343 ·
2356 1314 2531 1367 καίτοι
2561 1332 2623 1383 γε
2668 1312 2737 1387 ἦν
2785 1319 3034 1384 δεδωκὼς
3074 1324 3143 1376 τὰ
3170 1323 3474 1394 δίδραχμα·
3507 1325 3627 1378 ἀλλ’
3673 1327 3767 1381 οὐκ

2195 1406 2392 1475 ᾔδεσαν
2433 1410 2665 1462 ἐκεῖνοι·
2702 1411 2925 1481 ἐρώτων
2984 1414 3039 1468 δὲ
3094 1416 3259 1483 μέσον
3313 1416 3494 1485 ὄχλου,
3548 1418 3766 1487 μείζονα

2196 1497 2474 1560 ποιοῦντες
2511 1500 2609 1569 τὴν
2638 1504 2943 1573 μαρτυρίαν
2974 1519 2987 1533 ·
3026 1505 3284 1574 Οτδαμεν
3311 1504 3403 1563 ὅτι
3430 1511 3667 1578 ἀληθὴς
3693 1509 3762 1566 εἴ.

2201 1587 2327 1650 Πῶς
2348 1587 2441 1641 οὖν
2482 1586 2699 1657 ἐλέγετε
2722 1592 2804 1645 ὅτι
2845 1594 3048 1658 πλάνος
3080 1596 3229 1649 ἐστίν
3255 1614 3268 1661 ;
3300 1599 3470 1653 Τοῦτο
3497 1600 3590 1654 οῦν
3621 1600 3771 1654 κολα-

2202 1681 2455 1745 κεύοντες
2482 1682 2767 1750 λέγουσιν,
2801 1686 2864 1737 οὺ
2912 1686 3131 1755 λέγουσι
3163 1690 3209 1743 δ’
3243 1690 3322 1743 ἔτι
3366 1692 3428 1744 τὸ
3477 1693 3769 1764 συμφέρον,

2197 1771 2351 1837 ἀλλὰ,
2394 1774 2454 1826 Τί
2486 1789 2586 1827 σοι
2612 1774 2781 1829 δοκεῖ
2794 1790 2813 1841 ;
2854 1775 2927 1830 Τὸ
2954 1778 3011 1832 δὲ
3047 1781 3249 1848 εἰπεῖν,
3285 1783 3367 1835 ὅτι
3404 1785 3487 1837 Οὐ
3524 1784 3772 1849 ,βλέπεις

2203 1866 2290 1930 είς
2327 1867 2677 1935 πρόσωπον,
2704 1871 2831 1940 περὶ
2878 1871 3155 1941 Καίσαρος
3184 1875 3276 1927 καὶ
3310 1874 3558 1943 Ἡρώδου
3602 1877 3769 1930 αἰνίτ-

2202 1973 2409 2011 τονται.
2456 1958 2551 2010 Ἐκ
2598 1959 2707 2011 τῶν
2742 1960 2959 2014 οἰκείων
2988 1959 3082 2017 οὖν
3128 1967 3413 2032 στομάτων
3445 1969 3643 2032 αὐτοὺς
3684 1986 3776 2022 και

2202 2050 2457 2119 τακρῖναι
2514 2048 2838 2121 βουλόμενος
2887 2053 3033 2121 λέγει
3065 2072 3077 2085 ο
3136 2058 3303 2119 Τίνος
3348 2060 3386 2127 ἡ
3423 2060 3775 2125 εὶκώνςἹνα

2203 2141 2427 2193 ἐκείνων
2462 2143 2744 2208 εἰπόντων,
2778 2144 2853 2213 μὴ
2892 2144 3017 2216 δόξῃ
3049 2138 3205 2210 οὗτος
3233 2151 3404 2201 εἰπεῖν
3425 2167 3502 2203 τι.
3537 2150 3653 2203 Ἵνα
3688 2147 3775 2205 οὖν

2206 2232 2283 2303 μὴ
2313 2233 2573 2300 εἴπωσιν,
2604 2236 2686 2287 ὅτι
2752 2234 3088 2307 ’Δνθρὼποις
3134 2241 3283 2308 ἡμᾶς
3323 2241 3667 2307 ὑποτάττεις,
3701 2242 3773 2297 εἰ·

2204 2341 2303 2376 πεν
2340 2326 2431 2378 καὶ
2466 2327 2533 2380 τὰ
2577 2326 2671 2379 τοῦ
2708 2326 2842 2380 Θεοῦ
2884 2327 2963 2400 τῷ
3006 2329 3126 2400 Θεῷ
3151 2348 3162 2358 ·
3196 2330 3278 2382 διὸ
3329 2335 3424 2385 καὶ
3477 2335 3504 2386 ό
3551 2332 3774 2401 Παῦλος,

2217 2416 2501 2471 Ἀπόδοτε
2525 2417 2716 2473 πᾶσιν
2742 2418 2848 2485 τὰς
2873 2421 3142 2490 ὀφειλάς,
3170 2422 3341 2490 λέγει.

2272 2508 2377 2562 Δύο
2415 2510 2656 2579 αἱρέσεις
2679 2513 2837 2576 εἰσὶν,
2879 2514 2911 2582 ή
2965 2512 3074 2565 τῶν
3105 2515 3417 2585 Φαρισαίων
3466 2517 3561 2570 καὶ
3611 2518 3645 2587 ἡ
3674 2514 3775 2571 τῶν

2202 2598 2595 2653 Σαδδουκαίων.
2642 2603 2707 2656 Oi
2759 2602 2860 2671 μὲν
2921 2603 3267 2657 Σαδδουκαῖοι
3313 2604 3437 2658 οὔτε
3486 2605 3775 2659 ἀνάστασιν

2200 2691 2326 2744 οὔτε
2366 2693 2631 2760 ἀγγέλους
2662 2693 3008 2749 πιστεύουσιν
3028 2710 3041 2725 ·
3074 2697 3122 2747 οἰ
3174 2695 3233 2749 δὲ
3272 2697 3559 2766 Φαρισαῖοι
3588 2695 3775 2767 όμολο-

2201 2783 2389 2852 γοῦσιν
2415 2786 2723 2854 ἀμφότερα.

2272 2876 2371 2929 Διά
2402 2876 2455 2928 τί
2481 2879 2508 2929 ὁ
2550 2876 2651 2946 μὲν
2681 2867 2956 2943 niueam;
2991 2895 3179 2950 φησιν,
3213 2880 3296 2931 ὅτι
3329 2879 3610 2949 πειράζων
3638 2876 3776 2949 ἠρώ-

2200 2982 2366 3036 τησεν
2416 2960 2573 3029 οὗτος
2607 2968 2637 3019 ό
2670 2967 2892 3037 νομικὸς
2933 2967 3136 3030 οὕτως’
3171 2969 3198 3019 ό
3244 2966 3301 3019 δὲ
3335 2966 3560 3036 Μάρκος
3592 2965 3775 3035 φησὶν,

2200 3058 2282 3110 ὅτι
2322 3057 2477 3121 εἰδὼς
2504 3059 2584 3111 ὅτι
2618 3057 2884 3129 νουνεχῶς
2920 3058 3194 3129 ἀπεκρίθη
3222 3057 3393 3128 αὐτῷ,
3424 3052 3580 3109 εἶπεν
3610 3054 3775 3125 αὐτῷ,

508 3129 607 3195 illi,
661 3130 783 3185 Non
804 3150 857 3188 es
882 3134 1033 3206 longe
1059 3155 1091 3191 α
1128 3156 1284 3209 regno
1314 3140 1450 3195 Dei?
1502 3140 1621 3196 Non
1650 3144 1792 3199 inter
1815 3163 1874 3203 se
1896 3147 2089 3203 adver-

2205 3154 2288 3205 Οὐ
2318 3152 2561 3221 μακρὰν
2585 3148 2783 3223 eLde
2824 3149 2934 3219 τῆς
2957 3152 3285 3216 βασιλείας
3317 3150 3424 3205 τοῦ
3455 3149 3644 3214 Θεοῦ;
3672 3149 3778 3201 Οὐκ

508 3234 727 3291 santur;
790 3225 1148 3298 interrogavit
1201 3234 1350 3288 enim
1408 3235 1461 3290 in
1514 3239 1787 3309 principio
1841 3248 2089 3310 tentans,

506 3314 600 3368 sed
631 3316 832 3373 Christi
868 3323 1227 3392 responsione
1258 3325 1512 3385 laudatus
1544 3339 1650 3386 est.

1065 3466 1295 3529 CAPUT
1325 3471 1514 3530 XXIII.

577 3608 744 3668 Vsus.
785 3610 838 3669 3.
872 3610 1065 3671 Omnia
1110 3632 1435 3689 quacunque
1470 3622 1701 3676 dixerint
1740 3626 1882 3679 vobis
1911 3643 2091 3680 sacer-

505 3704 653 3758 dotes
683 3702 879 3774 facere,
916 3706 1104 3776 facile,
1135 3710 1336 3780 inquit,
1370 3713 1632 3782 quoniam
1666 3730 1789 3784 qua;
1818 3715 1909 3771 Dei
1942 3728 2088 3775 sunt.

508 3796 720 3861 dicunt,
759 3808 865 3851 non
894 3814 1013 3867 quae
1047 3814 1143 3854 sua
1170 3811 1330 3866 sunt;
1368 3804 1435 3859 de
1457 3804 1576 3861 istis
1598 3808 1816 3877 quidem
1859 3825 1958 3879 per
1988 3810 2092 3865 hoc

509 3886 771 3956 majorem
798 3892 1204 3947 accusationem
1250 3893 1479 3960 faciens,
1507 3897 1600 3951 sed
1626 3914 1819 3954 eorum
1843 3901 2091 3956 aversio-

510 3994 632 4033 nem
667 3980 974 4048 dimovens,
1010 3998 1078 4040 ne
1127 4002 1221 4057 per
1251 3990 1536 4045 doetorum
1576 4000 1949 4064 contemptum
1991 3995 2089 4051 do-

508 4070 736 4123 ctrinam
768 4068 1031 4129 destruat.

586 4160 747 4219 Vsus.
773 4163 825 4218 4.
859 4165 997 4231 Quid
1031 4167 1320 4239 signillcat,
1355 4172 1626 4244 Alligam?
1678 4185 1783 4232 etc.
1836 4178 2087 4251 Magnam

506 4262 559 4307 et
591 4254 881 4323 perfectam
905 4274 933 4312 a
960 4258 1196 4317 subditis
1232 4264 1449 4334 exigere
1482 4268 1618 4323 istos
1644 4270 1767 4324 vitze
1794 4272 2085 4327 rectitudi-

508 4362 653 4410 ncm,
691 4361 942 4419 inagnam
969 4366 1096 4407 vero
1131 4355 1233 4409 sibi
1268 4356 1400 4425 ipsis
1431 4361 1747 4429 permittere
1776 4364 2085 4422 licentiam.

504 4436 855 4494 Contrarium
884 4443 973 4498 ille
1001 4445 1093 4513 qui
1140 4458 1334 4515 pra-est
1364 4465 1522 4519 agerc
1550 4454 1740 4509 debet:
1771 4456 1822 4511 in
1851 4458 1934 4513 bis
1966 4459 2090 4528 qui-

2202 3243 2607 3314 ὲναντιούμενοι
2662 3245 2846 3307 αὐτοῖς
2873 3258 2888 3275 ·
2919 3244 3206 3315 ἠρώτησεν
3239 3243 3348 3313 γάρ
3388 3243 3447 3296 ὲν
3476 3243 3621 3311 ἀρχῇ
3666 3255 3778 3301 πειτ

2207 3336 2387 3408 ράζων
2412 3354 2424 3368 ·
2463 3336 2571 3391 ἀπὸ
2615 3335 2674 3389 δὲ
2710 3336 2808 3406 τῆς
2853 3334 3092 3407 Χριστοῦ
3125 3334 3470 3405 ἀποκρίσεως
3518 3331 3775 3405 ἐπῃνέθη.

2768 3480 3018 3533 ΚΕΦΛΛ.
3072 3476 3201 3533 Kl".

2270 3620 2364 3687 Τὸ,
2429 3622 2633 3678 Πάντα
2685 3620 2804 3675 ὅσα
2848 3621 2926 3675 ἂν
2980 3619 3272 3690 λέγουσιν
3316 3620 3459 3689 ὑμῖν
3506 3623 3564 3675 οἱ
3610 3618 3778 3690 ἱερεῖς

2200 3713 2413 3777 ποιεῖν,
2433 3712 2676 3775 ποιεῖτε,
2731 3712 2910 3781 λέγει.
2952 3712 3169 3782 Ἐπειδὴ
3197 3710 3267 3765 τὰ
3307 3710 3400 3763 τοῦ
3427 3710 3562 3764 Θεοῦ
3592 3711 3775 3779 λέγου-

2202 3820 2307 3867 σιν,
2344 3801 2407 3855 οὐ
2441 3801 2508 3854 τὰ
2537 3800 2766 3864 ἑαυτῶν,
2794 3801 3019 3855 ἐκείνων
3049 3802 3146 3870 μὲν
3190 3800 3279 3853 διὰ
3302 3800 3494 3853 τούτου
3523 3797 3624 3871 τὴν
3651 3817 3775 3854 κατ-

2201 3897 2431 3968 ηγορίαν
2481 3892 2707 3965 μείζονα
2757 3892 2946 3958 ποιῶν,
2994 3894 3202 3948 τούτων
3245 3893 3301 3946 δὲ
3373 3895 3474 3965 τὴν
3526 3893 3774 3963 ἀφορμὴν

2200 3988 2506 4053 ἐκκόπτων,
2529 3988 2615 4041 ἵνα
2643 3987 2717 4058 μὴ
2743 3984 2831 4041 διὰ
2853 3988 2949 4059 τὴν
2978 3986 3086 4040 τῶν
3108 3987 3439 4042 διδασκάλων
3468 3986 3775 4055 φαυλότητα

2198 4084 2469 4155 ἀναιρήσῃ
2498 4080 2597 4151 τὴν
2627 4081 2871 4151 διδαχὴν.

2204 4162 2207 4163 ν
2268 4178 2335 4232 Τί
2361 4196 2426 4249 ση
2438 4177 2712 4249 μαίνειτὸ,
2733 4176 3130 4246 Δεσμεύουσι,
3150 4175 3244 4229 καὶ
3259 4174 3328 4227 τὰ
3353 4174 3478 4243 ἑξῆς
3504 4190 3518 4239 ;
3550 4173 3625 4227 Τδ
3648 4172 3770 4225 πολ-

2196 4269 2295 4339 λὴν
2340 4269 2439 4339 μὲν
2479 4270 2573 4322 καὶ
2612 4267 2789 4338 ἄκραν
2839 4268 3090 4319 ἀπαιτεῖν
3124 4263 3273 4336 παρὰ
3309 4265 3417 4317 τῶν
3460 4264 3773 4335 ἀρχομένων

2198 4360 2315 4429 βίου
2361 4358 2674 4427 ἀκρίϐειαν,
2732 4358 2933 4429 πολλὴν
2981 4356 3036 4410 δὲ
3090 4357 3274 4419 αὐτοῖς
3322 4356 3640 4426 ἐπιτρέπειν
3682 4354 3772 4426 τὴν

2197 4450 2402 4504 ἄδειαν.
2445 4452 2510 4503 Ὃ
2562 4450 2872 4503 τούναντίον
2917 4447 3008 4503 τὸν
3054 4448 3286 4519 ἄρχοντα
3338 4448 3484 4519 ἔχειν
3521 4451 3629 4518 χρή
3665 4466 3679 4480 ·
3718 4451 3771 4500 ὲν

506 4529 625 4583 dem
648 4547 768 4600 quae
796 4534 860 4587 ad
891 4533 1066 4604 ipsum
1090 4549 1340 4607 spectant
1374 4543 1729 4602 inexorabilis
1754 4559 1809 4602 et
1831 4558 2089 4605 austeros

2201 4539 2299 4608 μὲν
2330 4540 2441 4601 τοῖς
2474 4536 2597 4591 καθ’
2638 4539 2832 4591 ἑαυτὸν
2855 4539 3239 4606 ἀσύγγνωστον
3270 4533 3412 4591 εἶναι
3439 4539 3532 4590 καὶ
3578 4536 3771 4607 πικρὸν

509 4620 669 4690 index
694 4639 836 4689 esse,
881 4628 933 4679 in
976 4627 1062 4681 liis
1092 4642 1273 4685 autem
1306 4646 1429 4702 quae
1457 4632 1523 4689 ad
1571 4638 1820 4695 subditus
1852 4642 2089 4697 attinent

509 4717 796 4784 Indulgens
839 4727 892 4775 et
919 4732 1262 4779 mansuetus.
1311 4724 1415 4793 Qui
1467 4731 1646 4786 verbis
1674 4733 1806 4788 solis
1849 4733 2088 4803 philoso-

508 4811 765 4877 phantur,
789 4812 1150 4871 inexorabiles
1175 4829 1373 4874 suntet
1406 4822 1604 4888 severi,
1637 4835 1894 4894 tanquam
1925 4829 2087 4900 igno-

506 4911 692 4957 rantes
727 4902 895 4969 illam,
923 4920 1045 4975 quze
1084 4922 1145 4962 cx
1174 4911 1432 4978 operibus
1463 4915 1659 4981 oritur,
1690 4917 2084 4977 diﬂicultatem.

576 4993 689 5047 Cur
722 5010 851 5065 ergo
877 4998 1014 5052 dixit
1043 5004 1184 5070 quod
1219 5004 1337 5058 Non
1367 5020 1621 5075 possunt,
1657 5025 1835 5081 neque
1874 5013 2085 5081 volunt,

501 5098 685 5154 neque
714 5089 909 5143 iterum
941 5091 1128 5147 volunt
1151 5109 1257 5149 non
1288 5095 1450 5162 l'crre,
1483 5099 1598 5166 sed,
1635 5101 1799 5171 digito
1830 5118 2033 5158 movere
2057 5106 2082 5158 Ρ

493 5175 662 5243 Quod
695 5179 803 5234 illis
836 5192 969 5237 tunc
999 5186 1263 5251 majorem
1294 5190 1509 5260 culpam
1544 5192 1695 5247 facit.
1734 5192 1800 5248 Et
1832 5195 1922 5249 illa
1954 5196 2086 5266 qui-

508 5274 624 5326 Jem
656 5274 723 5330 de
740 5291 930 5330 eorum
962 5280 1307 5342 crudelitate.

572 5368 740 5426 “Vsus.
772 5368 825 5426 5.
856 5370 994 5438 Quid
1013 5384 1096 5430 est
1141 5375 1309 5440 istud,
1339 5378 1581 5433 Dilatant
1608 5381 1940 5450 phylacleria
1963 5400 2085 5449 sua,

509 5471 551 5512 ει
586 5465 928 5532 magniﬁcam
952 5466 1193 5534 fimbrias
1217 5471 1382 5524 suos?
1408 5471 1752 5544 Pliylacleria
1778 5476 1929 5544 parvi
1960 5475 2086 5530 libri

509 5564 652 5606 stunt.
685 5554 819 5609 Nam
852 5572 975 5610 cum
1007 5561 1270 5615 continuo
1299 5563 1756 5619 obliviscerentur
1791 5567 2088 5621 beneflcio»

502 5655 631 5693 rum
668 5641 784 5708 Dei,
811 5644 976 5713 jussit
1002 5647 1227 5703 inscribi
1252 5652 1433 5720 parvis
1464 5653 1620 5708 libris
1648 5660 1758 5719 jsua
1792 5656 2082 5721 miracula,

500 5739 687 5785 etcos
717 5735 973 5792 manibus
1004 5738 1173 5809 infigi.
1222 5740 1345 5797 Ideo
1375 5750 1424 5797 et
1478 5746 1680 5800 dictum
1728 5756 1851 5801 est:
1915 5748 2085 5801 Erunt

508 5822 673 5886 :‘ﬁl‘llla
700 5826 752 5877 iu
781 5827 944 5881 oculis
977 5832 1101 5895 tuis,
1124 5847 1243 5899 qua:
1272 5834 1539 5891 vocabant
1567 5837 1923 5907 pbylactcria.
1946 5837 2088 5893 Fim-

2197 4632 2479 4702 δικαστὴν,
2508 4634 2567 4685 ὲν
2598 4631 2654 4684 δὲ
2684 4634 2795 4694 τοῖς
2822 4631 2931 4684 τῶν
2966 4632 3303 4702 ἀρχομένων,
3336 4628 3771 4699 συγγνωμονικδν

2197 4725 2519 4797 καὶῆμερον
2546 4740 2561 4755 ο
2601 4725 2649 4777 οἳ
2685 4725 2864 4795 λόγοις
2898 4726 3081 4795 μόνοις
3120 4723 3561 4793 φιλοσοφοῦντες,
3602 4718 3769 4788 ἀσύγ-

2197 4835 2427 4885 γνωστοι
2462 4818 2557 4871 καὶ
2608 4816 2813 4889 βαρεῖς,
2840 4819 2915 4881 ὡς
2960 4819 3175 4888 ἄπειροι
3203 4817 3305 4886 τῆς
3339 4816 3407 4869 δι’
3446 4817 3625 4886 ἔργων
3651 4816 3770 4867 δυσο

2198 4909 2403 4972 κολίας.
2445 4910 2544 4962 Διὰ
2590 4908 2643 4962 τί
2694 4910 2796 4963 οὐκ
2838 4906 2994 4962 εἶπεν
3062 4911 3183 4973 ὃτι,
3226 4909 3298 4961 Οὐ
3345 4907 3619 4973 δύνανται,
3654 4906 3770 4959 οὐδὲ

2198 5000 2462 5067 θέλουσιν,
2502 5000 2622 5055 οὐδὲ
2658 5002 2819 5055 πάλιν
2859 5003 2941 5056 ὅτι
2990 5002 3282 5072 βαστάσαι,
3311 5001 3469 5067 ἀλλὰ,
3497 5001 3769 5063 δακτύλῳ

2197 5094 2481 5163 κινῆσαι;
2510 5097 2647 5166 ὅπερ
2680 5096 2865 5165 μεῖζον
2909 5097 3093 5158 αὐτοῖς
3123 5095 3376 5165 ἔγκλημα
3403 5094 3635 5163 γίνεται.
3667 5092 3768 5146 Καὶ

2197 5188 2326 5258 περὶ
2349 5187 2449 5257 μὲν
2478 5188 2576 5257 τῆς
2598 5186 2882 5257 ὠμότητος
2924 5187 3105 5239 αὐτῶν
3136 5185 3327 5240 ταῦτα.

2266 5373 2331 5425 Τί
2356 5372 2505 5427 ἐστιν
2567 5372 2641 5427 Τὰ
2670 5372 3053 5441 φυλακτήρια
3077 5370 3275 5425 αὐτῶν
3327 5374 3764 5432 πλατύνουσιν,

2196 5465 2293 5519 καί
2328 5465 2747 5533 μεγαλύνουσι
2791 5465 2864 5517 τὰ
2908 5462 3223 5531 κράσπεδα
3270 5461 3390 5516 τῶν
3438 5462 3765 5531 πτερυγίων

2195 5556 2425 5623 aettur;
2453 5557 2534 5609 Τὰ
2565 5558 2666 5627 μὲν
2689 5551 2783 5610 οὖν
2806 5555 3158 5625 φυλακτήρια
3193 5554 3366 5625 μικρά
3406 5554 3588 5625 βιϐλία
3608 5551 3762 5605 εἰσίν.

2208 5648 2424 5719 Ἐπειδὴ
2473 5648 2583 5719 γὰρ
2630 5649 2873 5718 συνεχῶς
2912 5646 3344 5700 ἐπελανθάνοντο
3382 5646 3492 5698 τῶν
3542 5646 3761 5713 εὐεργε-

2199 5743 2328 5794 σιῶν
2364 5740 2459 5795 τοῦ
2498 5736 2655 5805 Θεοῦ,
2690 5741 2978 5794 ἐκέλευσεν
3023 5741 3370 5811 ἐγγραφῆναι
3426 5740 3642 5810 μικροῖς
3692 5734 3763 5801 βι-

2195 5837 2364 5901 ϐλίοις
2409 5837 2476 5891 τά
2535 5836 2814 5908 θαυμάσια
2861 5834 3063 5903 αὐτοῦ,
3113 5838 3207 5890 καὶ
3254 5833 3588 5905 ἐξηρτῆσθαι
3632 5827 3762 5882 αὐτά
