4026 6428
377 402 516 469 114⁸)
1363 403 1689 464 SCHOLIA
1728 402 1941 464 VETE!

2072 400 2152 461 IN
2195 400 2676 463 ΜΑΤΤΗῈΠΜ.
3500 403 3638 471 1150

378 520 479 572 τῶν
518 516 714 588 χειρῶν
759 517 958 574 αὐτῶν.
988 517 1078 572 Διδ
1111 518 1204 572 καὶ
1253 516 1442 586 ἔλεγεν
1471 534 1484 548 ⁸
1535 521 1751 573 Ἔσται
1801 519 1941 573 ἀσά-

2058 518 2189 572 hrite
2233 526 2414 572 autem
2470 517 2885 588 hyacinthinum
2932 525 3194 572 ornatum
3229 518 3552 590 designant;
3586 525 3636 576 id

373 615 555 665 λευτα
580 611 650 664 ἐν
678 611 1009 680 ὀφθαλμοῖς
1037 626 1174 672 σου,
1203 610 1364 664 ἅτινα
1404 611 1632 665 ἐκάλουν
1680 611 1941 681 φυλακτή-

2056 613 2202 668 enim
2231 621 2289 666 ιιι
2306 612 2730 682 parvulisjussit
2755 610 2955 676 facere,
2978 623 3034 666 et
3059 611 3113 666 iu
3138 621 3292 668 veste
3309 613 3454 668 circa
3481 631 3636 669 oram

373 719 466 774 ρια
495 718 510 733 ’
538 703 607 756 τὰ
631 703 688 756 δὲ
717 703 1001 773 κράσπεδα
1033 703 1292 772 σημαίνει
1319 699 1552 773 κλῶσμα
1601 701 1941 756 ἰκπιιιίνθινον⁴

2056 704 2207 774 juxta
2230 705 2397 774 pedes
2421 704 2693 773 adaptari,
2722 709 2786 758 ut
2807 704 2878 758 ob
2897 705 3092 759 oculos
3121 703 3386 759 habentes
3412 707 3636 761 manda-

379 791 530 846 τοῦτο
557 793 668 862 γὰρ
701 791 892 861 ὥσπερ
933 792 1166 854 παιδίοις
1206 791 1462 844 ἐκέλευσε
1494 795 1691 856 ποιεῖν,
1728 793 1821 845 καὶ
1859 793 1941 846 ὲπῚ

2058 807 2237 852 torum
2270 813 2380 852 non
2409 797 2825 853 obliviscantur.
2855 797 3112 854 Ostendit
3153 812 3287 868 ergo
3317 798 3399 853 eis
3440 814 3634 852 vanam

380 883 446 953 ιῷ
476 884 676 953 ίματίῳ
704 886 832 951 περὶ
861 884 960 954 τὴν
991 883 1104 936 ῶαν
1137 885 1267 954 περὶ
1300 885 1427 948 τοὺς
1483 885 1652 948 πόδας
1701 886 1941 956 ἀπορρἀ

2057 905 2153 945 eos
2181 904 2288 942 non
2321 889 2374 943 in
2399 891 2610 961 magnis
2637 899 2692 945 et
2722 891 3052 946 necessariis
3076 889 3330 960 gloriam,
3350 891 3444 946 sed
3475 891 3527 943 in
3553 890 3638 944 his

371 977 628 1039 πτεσθαι,
658 977 747 1031 ἵνα
772 978 1129 1049 προσέχοντες
1169 979 1686 1048 ἁναμιμνήσκωνται
1715 978 1822 1032 τῶν
1861 978 1941 1032 ἑν-

2059 981 2272 1036 levibus
2306 981 2584 1038 aﬂ‘ectare.

376 1072 551 1128 τολῶν.
583 1073 866 1127 Δείκνυτιν
903 1074 996 1127 οὖν
1022 1076 1228 1139 αὐτοῖς,
1256 1075 1356 1129 οὐκ
1384 1075 1476 1128 ἐπὶ
1505 1077 1620 1139 τοῖς
1677 1076 1936 1147 μεγάλοις
1964 1075 2082 1147 ξκαὶ
2127 1079 2450 1148 ἀναγκαίοις
2503 1078 2939 1147 κενοδοξοῦντας,
2996 1081 3114 1134 ἀλλ’
3150 1080 3244 1133 ἐπὶ
3275 1080 3484 1141 τούτοις
3522 1081 3634 1139 τοῖς

370 1167 663 1221 εὐτελέσιν.

436 1259 642 1325 Εἰπὼν,
685 1259 916 1327 Πατέρα
947 1257 1034 1328 μὴ
1081 1259 1407 1328 καλέσητε,
1433 1259 1493 1312 οὐ
1546 1257 1708 1313 τοῦτο
1763 1259 1941 1327 λέγει,

2128 1259 2301 1314 Vens.
2335 1261 2387 1316 9.
2435 1261 2648 1324 Dieeus,
2687 1260 2896 1314 Patrem
2928 1263 3091 1314 nolite
3114 1278 3342 1326 vocare;
3396 1275 3501 1314 non
3561 1261 3631 1315 ita

368 1349 480 1406 ἀλλ’
521 1352 606 1405 ἵνα
652 1351 996 1418 γινώσκωσιν
1044 1351 1134 1404 τὸν
1178 1350 1382 1416 κυρίως
1413 1351 1653 1421 Πατέρα,
1693 1350 1836 1418 λέγω
1877 1353 1941 1405 -δὲ

2056 1350 2283 1421 intelligi
2311 1351 2487 1416 debet,
2523 1352 2615 1406 sed
2671 1361 2728 1407 ut
2779 1363 3115 1422 cognoscant
3162 1355 3435 1423 praciped
3463 1369 3630 1407 tuun-

369 1445 454 1498 τδν
486 1445 619 1499 Θεόν
647 1461 661 1478 ο
695 1444 869 1508 οὕτως
920 1444 1028 1516 χρὴ
1076 1447 1215 1498 νοεῖν
1259 1447 1353 1498 καὶ
1403 1445 1485 1509 τὸ,
1513 1445 1611 1514 Μὴ
1679 1444 1941 1515 κληθῆτε

2056 1453 2214 1504 trem,
2249 1440 2300 1493 id
2333 1450 2416 1495 est
2441 1441 2632 1495 Deum.
2658 1439 2860 1494 Eodem
2896 1442 3059 1496 modo
3092 1442 3502 1512 intelligendum
3524 1453 3632 1507 cst,

385 1537 598 1592 'Pa66l.
2056 1531 2238 1587 Nolite
2265 1550 2450 1588 vocare
2479 1533 2668 1588 Rabbi.

434 1634 528 1698 Τὸ,
564 1633 802 1687 κλείετε
839 1629 954 1694 τὴν
980 1629 1313 1694 ,βασιλείαν
1360 1627 1479 1682 τῶν
1519 1628 1794 1699 οὐρανῶν
1842 1631 1941 1700 ἔμ-

2127 1627 2294 1683 Vsns.
2339 1628 2423 1682 15.
2465 1626 2734 1682 Clauditis
2765 1640 2986 1697 regnum
3015 1625 3266 1680 cazlorum
3301 1636 3422 1679 ante
3457 1627 3630 1678 homi-

365 1729 631 1793 προσθεν
660 1723 779 1778 τῶν
804 1720 1156 1790 ἀνθρώπων,
1185 1719 1348 1774 τοῦτο
1392 1721 1566 1790 λέγει,
1603 1723 1686 1777 ὅτι
1719 1722 1941 1785 ’Ἄλλους

2056 1734 2167 1785 nes,
2203 1719 2360 1790 quasi
2391 1719 2619 1783 diceret,
2655 1718 2783 1789 quia
2828 1719 2968 1773 alios
3005 1719 3332 1788 prohibetis,
3370 1718 3470 1784 ipsi
3521 1733 3628 1771 non

365 1819 624 1879 κωλύετε.
671 1817 826 1872 αὐτοὶ
877 1818 950 1888 μὴ
997 1819 1392 1888 εἰσερχόμενοι.
1424 1813 1489 1869 Τί
1536 1815 1593 1869 δέ
1643 1818 1780 1881 ἐστι,
1806 1815 1941 1882 τοὺς

2057 1811 2294 1866 intratis.
2337 1811 2476 1878 Quid
2523 1821 2608 1867 est
2652 1821 2833 1866 autem
2888 1812 3050 1865 illud:
3107 1809 3494 1864 lutroeuntes?
3543 1811 3632 1878 qui

363 1908 869 1980 είσερχομένους;
913 1908 1056 1974 Τοὺς
1078 1907 1398 1980 ἐπιτηδείως
1421 1907 1640 1978 ἔχοντας
1662 1907 1941 1963 εἰσελθεῖν.

2056 1903 2217 1958 facile
2249 1904 2458 1958 intrare
2485 1913 2730 1972 possunt.
2769 1897 3058 1970 Quomodo
3082 1903 3439 1973 prohibebant
3470 1905 3494 1957 ?
3522 1904 3637 1957 uul-

364 2002 490 2066 Πῶς
519 2001 576 2055 δὲ
616 2001 893 2068 ὲκὼλυονς
925 2001 1022 2056 Διὰ
1052 2001 1112 2055 τὸ
1156 2001 1324 2071 μηδὲν
1361 2000 1564 2064 αὐτοὺς
1609 1999 1941 2072 ἐργάζεσθαι

2056 1998 2161 2052 lum
2205 2001 2407 2050 bonum
2456 1994 2745 2063 faciendo;
2803 2010 2928 2050 nam
2970 2011 3068 2051 eos
3099 1997 3370 2066 aspiciens
3399 1996 3634 2067 populus

361 2094 605 2162 ἀγαθόν·
657 2095 902 2159 ἐκείνους
953 2091 1064 2167 γὰρ
1119 2093 1333 2166 βλέπων
1387 2094 1415 2148 ό
1467 2094 1596 2159 λαὸς
1645 2091 1941 2166 ὡμοιοῦντο

2056 2089 2393 2145 innitebatur.

361 2187 571 2252 αὐτοῖς.

433 2284 528 2344 Τὸ,
560 2281 874 2353 Περιάγετε
911 2281 1029 2346 τὴν
1062 2279 1388 2336 θάλασσαν
1432 2282 1533 2336 καὶ
1584 2281 1700 2350 τὴν
1751 2280 1948 2351 ξηρὰν

357 2372 613 2444 ποιῆσαι
660 2375 769 2429 ἕνα
817 2372 1250 2445 προσήλυτον·
1279 2374 1378 2429 καὶ
1426 2374 1510 2429 ὅτ’
1543 2374 1622 2430 ἂν
1679 2375 1943 2446 γένηται,

361 2466 585 2522 ποιεῖτε
628 2465 819 2521 αὐτὸν
863 2462 1002 2520 {eor
1053 2466 1306 2534 γεέννης
1349 2464 1713 2535 διπλότερον
1748 2466 1945 2535 ὑμῶν,

358 2556 521 2614 τοῦτο
549 2559 720 2628 λέγει,
753 2559 835 2612 ὅτι
866 2558 989 2611 οὐδὲ
1037 2558 1126 2612 διὰ
1158 2558 1221 2611 τὸ
1263 2558 1416 2628 μόλις
1468 2557 1632 2612 αὑτὸν
1663 2557 1938 2629 σαγηνεῦο

363 2671 474 2712 σαι.
508 2652 602 2706 καί
638 2649 778 2722 μετὰ
824 2651 1036 2723 μυρίων
1067 2651 1250 2705 πόνων
1292 2649 1452 2704 τοῦτο
1502 2651 1657 2716 αὐτὸ,
1695 2650 1943 2717 φείδεσθε

358 2744 548 2810 αὐτοῦ,
574 2744 710 2800 ἀλλὰ
740 2743 1195 2815 παρασκευάζετε
1226 2744 1390 2797 αὑτὸν
1429 2743 1547 2796 υἱὸν
1579 2744 1812 2811 γεέννης
1855 2743 1945 2798 διὰ

356 2837 455 2906 τῆς
513 2837 668 2907 ὑμῶν
721 2835 979 2908 πράξεως
1023 2836 1303 2905 γενέσθαι.
1349 2835 1444 2898 Τὸ,
1484 2835 1620 2890 υίὸν
1666 2837 1942 2906 γεέννης,

357 2926 513 2998 δηλοῖ
539 2928 902 2995 αὐτογέενναν
925 2943 938 2958 ·
982 2927 1131 2980 ὥσπε
1143 2944 1193 2998 ρ,
1212 2926 1354 2992 τοὺς
1389 2925 1561 2993 υἱοὺς
1593 2925 1943 2996 ἀνθρώπων,

356 3020 486 3082 τοὺς
525 3017 873 3090 ἀνθρώπους.

425 3113 492 3167 Τί
528 3113 674 3166 ἐστιν
697 3111 778 3178 τὸ,
820 3109 1288 3168 Ἀποδεκατοῦτε
1315 3111 1386 3166 τὸ
1411 3111 1728 3181 ἡδύοσμον
1748 3113 1846 3169 καί
1875 3112 1942 3166 τὸ

356 3205 608 3273 ἄνηθον,
646 3205 741 3259 καὶ
772 3205 840 3258 τὰ
873 3205 1002 3275 ἑξῆς
1029 3223 1044 3271 ;
1073 3206 1195 3258 Ὅτι
1228 3205 1298 3258 τὰ
1334 3205 1505 3276 μικρὰ
1531 3204 1939 3258 tineae-meoun-

351 3312 471 3361 τες,
494 3297 563 3351 τὰ
583 3298 638 3350 δὲ
663 3294 874 3369 μεγάλα
901 3293 1154 3367 οὐδαμῶς
1182 3311 1202 3327 ν
1231 3293 1372 3351 ὥστε
1394 3295 1483 3351 διὰ
1506 3296 1567 3350 τὸ
1588 3298 1828 3368 φανῆναι
1856 3299 1942 3350 ὅτι

353 3389 450 3442 τὺν
496 3388 662 3457 νόμον
707 3388 1028 3458 φυλάττετε,
1061 3387 1122 3442 οὐ
1159 3385 1246 3442 διὰ
1293 3387 1352 3442 τὸ
1387 3388 1492 3441 ἀπὸ
1522 3388 1702 3459 ψυχῆς
1741 3386 1932 3442 δοῦναι

358 3485 476 3537 ἐστι
506 3481 686 3537 τοῦτο.

440 3575 703 3646 Ὀδηγοὺς
727 3575 944 3644 τυφλῶν
976 3573 1133 3629 καλεῖ
1153 3573 1372 3639 αὐτοὺς,
1409 3574 1637 3629 auom
1671 3575 1828 3629 αὐτοὶ
1882 3573 1943 3628 τδ

355 3665 523 3724 καλδν
567 3668 886 3735 ἐγίνωσκον,
919 3667 1015 3721 καὶ
1081 3666 1274 3732 ἄλλους
1341 3666 1662 3738 ὁδηγοῦντες
1721 3667 1945 3722 ὲνέπαιυ

357 3761 472 3827 ζον.
499 3761 756 3817 Κώνωπα
779 3759 1040 3814 ἐκάλεσεν
1066 3759 1195 3824 τοὺς
1218 3757 1566 3830 σιυματικοῦς
1585 3757 1909 3832 καθαρμούς
1925 3777 1939 3793 ·

361 3855 537 3927 μικρὰ
563 3855 675 3925 γὰρ
696 3848 764 3925 ἦν
788 3853 884 3908 καὶ
910 3853 1087 3906 οὐδέν.
1122 3849 1389 3923 Κάμηλον
1421 3848 1498 3916 δὲ,
1531 3853 1632 3923 τὴν
1670 3852 1944 3925 κάθαρσιν

355 3949 454 4018 τῆς
503 3945 700 4018 ψυχῆς,
733 3946 872 4017 ὅπερ
913 3945 1062 3998 ἐστὶν
1097 3943 1312 4018 ἀρετή*
1355 3945 1568 4016 μεγάλη
1635 3940 1744 4017 γάρ
1791 3947 1942 4000 ἐστιν

356 4040 452 4094 καὶ
497 4035 700 4108 ὑψηλὴ,
735 4030 804 4108 ἦς
848 4033 1084 4106 ἠμέλουν
1104 4037 1200 4089 καὶ
1235 4034 1419 4108 ἁφανῆ
1469 4034 1718 4102 ἐποίουν,
1751 4035 1942 4107 ὥσπερ

356 4127 826 4192 καταπεπωκότες
852 4129 919 4182 τὰ
954 4127 1188 4198 ψυχικόι.

429 4220 658 4276 Μέλλων
692 4220 863 4286 δεῖξαι
891 4221 967 4282 ὡς
1000 4223 1066 4291 τῇ
1108 4219 1255 4274 ἔνδον
1276 4218 1618 4290 καθαρότητι
1649 4217 1943 4273 ἀκολουθεῖ

355 4318 452 4372 καὶ
510 4317 543 4386 ἡ
585 4314 709 4381 ἔξω,
741 4315 775 4384 ἠ
812 4312 868 4366 δὲ
919 4311 1024 4377 ἔξω
1062 4310 1250 4365 οὐκέτι
1298 4312 1364 4382 τῇ
1427 4310 1596 4376 ἔνδον,
1633 4310 1782 4379 λέγει
1833 4309 1941 4365 ἀπὸ

354 4405 703 4476 πράγματος,
721 4403 805 4456 ὅτι
844 4399 1190 4470 Καθαρίξετε
1233 4400 1298 4454 τὸ
1345 4399 1462 4464 ἔξω
1506 4400 1613 4455 τοῦ
1645 4401 1940 4468 ποτηρίου

356 4496 578 4565 καὶτῆς
611 4494 970 4564 παροψίδος,
1003 4493 1231 4549 ἔσωθεν
1261 4493 1330 4547 δὲ
1351 4492 1514 4563 γέμει
1538 4491 1818 4564 ἁρπαγῆς
1842 4493 1941 4546 καὶ

2121 2277 2285 2333 Vens.
2308 2278 2393 2334 l5.
2414 2277 2666 2334 Circuitis
2689 2295 2833 2332 mare
2853 2288 2902 2332 et
2927 2277 3135 2332 aridam
3164 2287 3217 2332 ut
3237 2279 3454 2348 faciatis
3468 2295 3631 2334 unum

2045 2375 2402 2444 proselytam;
2426 2383 2474 2428 et
2522 2390 2640 2427 cum
2671 2373 2830 2442 fuerit
2861 2375 3059 2443 factus,
3091 2375 3271 2444 facitis
3303 2391 3419 2428 eum
3458 2372 3631 2443 ﬁlium

2046 2465 2295 2537 gehenna:
2336 2465 2497 2532 duplo
2522 2480 2681 2535 quam
2713 2481 2833 2531 vos;
2861 2467 2967 2522 hoc
2995 2463 3147 2535 dicit,
3173 2469 3300 2538 quia
3329 2484 3432 2520 non
3481 2476 3633 2536 post-

2048 2573 2213 2628 quam
2261 2575 2404 2629 aagre
2449 2559 2612 2613 istum
2646 2559 2927 2629 ceperitis,
2960 2569 3161 2615 etcum
3211 2559 3398 2615 multis
3429 2559 3634 2614 labori-

2046 2651 2170 2716 bus,
2205 2651 2297 2705 illo
2318 2651 2626 2718 abstinetis,
2653 2653 2745 2708 sed
2772 2652 2975 2722 paratis
3004 2653 3155 2706 illum
3181 2652 3348 2707 lilium
3372 2653 3633 2722 gehennae

2046 2760 2145 2814 per
2175 2755 2416 2799 vestrum
2453 2744 2645 2816 agendi
2678 2747 2899 2799 modum
2936 2746 3073 2799 lleri.
3114 2745 3317 2799 Filium
3363 2746 3628 2816 geheunw,

2048 2835 2190 2890 idem
2235 2847 2392 2892 sonat
2416 2852 2481 2893 ac
2523 2839 2827 2908 gehennam
2860 2837 3061 2908 ipsam,
3101 2846 3159 2892 ut
3199 2835 3293 2890 lilii
3326 2836 3630 2902 hominum,

2049 2928 2319 2984 homines.

2118 3114 2283 3172 Vens.
2313 3113 2404 3171 ‘23.
2427 3115 2566 3182 Quid
2593 3127 2698 3181 est,
2723 3115 3001 3171 decimatis
3022 3117 3288 3170 ment/mm
3312 3125 3358 3170 et
3385 3116 3630 3170 anet/mm

2046 3219 2100 3262 et
2125 3208 2375 3277 reliqua?
2413 3206 2550 3272 Quia
2593 3207 3153 3274 parvadecimantes
3205 3215 3383 3268 erant,
3434 3223 3629 3272 magna

2047 3311 2226 3355 autem
2267 3299 2523 3354 minime:
2563 3300 2636 3355 ita
2673 3308 2752 3363 ut,
2785 3299 2851 3353 ad
2873 3298 3272 3353 ostendendum
3309 3296 3434 3367 quia
3459 3299 3628 3369 legent

2046 3392 2295 3456 servatis,
2330 3406 2438 3446 non
2461 3391 2525 3446 ad
2553 3391 2791 3446 dandum
2821 3405 2887 3444 ex
2919 3390 3127 3457 animo,
3153 3388 3256 3444 hoc
3285 3385 3522 3444 faciatis.

2117 3578 2285 3635 Vnus.
2325 3577 2418 3632 9.4.
2456 3576 2631 3632 Duces
2663 3587 2934 3632 caecorum
2978 3586 3138 3631 vocat
3175 3587 3292 3637 eos.
3332 3577 3475 3646 quod
3519 3592 3626 3631 non

2048 3671 2152 3740 ipsi
2186 3671 2389 3725 bonum
2417 3666 2842 3739 cognoscebant,
2890 3676 2943 3722 ct
2976 3661 3114 3722 alios
3167 3665 3432 3722 ducentes
3478 3666 3627 3722 deci-

2045 3762 2286 3834 piebant.
2307 3761 2550 3816 Culicem
2585 3767 2744 3814 vocat
2765 3771 3059 3830 corporeas
3088 3757 3435 3828 ablutioncs;
3463 3772 3628 3829 parva

2046 3855 2191 3912 enim
2219 3866 2375 3910 erant
2406 3863 2459 3908 et
2488 3854 2646 3924 quasi
2697 3853 2830 3908 nihil
2857 3898 2871 3922 ,
2903 3854 3173 3908 camelum
3207 3861 3388 3907 autem
3423 3854 3622 3907 anima:

2045 3947 2400 4011 ablutionem,
2429 3961 2550 4016 quae
2574 3946 2747 4000 virtus
2769 3953 2874 4000 est.
2905 3941 3094 4014 Magna
3131 3944 3276 3998 enim
3309 3951 3392 3997 cst
3417 3953 3472 3999 et
3497 3943 3626 4009 alta,

2045 4051 2210 4109 quam
2235 4037 2578 4109 uegligehant
2604 4046 2658 4091 et
2694 4035 3025 4092 invisibilem
3051 4036 3627 4106 faciebant,tanquam

2045 4128 2337 4199 glutientes
2358 4127 2676 4208 .spritualia.

2117 4218 2282 4274 Vsus.
2300 4215 2705 4275 26.05tendere
2725 4219 2933 4274 debens
2959 4227 3043 4273 est
3067 4219 3475 4273 mundationein
3509 4219 3628 4287 ejus

2045 4311 2188 4381 quod
2230 4313 2375 4365 intus
2418 4320 2526 4376 est,
2559 4311 2714 4380 sequi
2766 4311 3178 4365 mundationcm
3214 4311 3334 4378 ejus
3364 4311 3506 4378 (μιοά
3543 4318 3628 4365 est

2045 4403 2199 4470 foris,
2235 4418 2341 4456 non
2362 4411 2542 4456 autem
2563 4401 2680 4456 \‘ice
2706 4413 2884 4468 versa,
2917 4401 3050 4456 dicit
3074 4402 3140 4456 ad
3176 4417 3288 4455 rem
3309 4417 3327 4454 :
3349 4400 3628 4456 Μιιηόαιὶε

2043 4496 2184 4566 quod
2207 4495 2405 4564 deforis
2461 4504 2537 4549 est
2567 4495 2748 4549 colicis
2805 4506 2852 4548 et
2897 4495 3240 4564 paropsidis;
3271 4496 3412 4547 intus
3447 4505 3626 4546 autem

354 4590 592 4655 ἀδικίας
624 4604 638 4618 °
682 4586 1014 4656 καθάρισον
1071 4584 1306 4656 πρῶτον
1348 4585 1415 4639 τὸ
1453 4582 1654 4650 ἔνδον,
1715 4585 1808 4638 καὶ
1867 4585 1937 4638 τὰ

2056 4586 2182 4640 oleni
2234 4587 2359 4640 estis
2406 4583 2597 4654 rapina
2660 4598 2707 4641 et
2751 4586 3105 4640 immunditiis
3139 4600 3160 4640 :
3204 4586 3400 4639 munda
3477 4587 3626 4655 prius

353 4683 502 4739 ἑξῆς.

389 4697 502 4754 ἕης.

429 4777 539 4830 Καὶ
571 4777 778 4847 τάφους
807 4773 1234 4846 κεκονιαμένους
1265 4773 1464 4844 λέγων,
1497 4770 1686 4845 ὅμοιον
1707 4772 1804 4828 τοῦ
1837 4791 1939 4828 πο-

354 4869 547 4942 τηρίου
581 4867 929 4942 νοηθήσεται,
954 4863 1043 4923 διὰ
1065 4863 1377 4935 κενοδοξίαν
1402 4868 1728 4940 λεγόμενον.

432 5055 807 5127 Οίκοδομεῖτε
839 5055 980 5122 τοὺς
1014 5056 1245 5127 τάφους
1297 5055 1417 5110 τῶν
1455 5056 1799 5126 προφητῶν.
1828 5057 1940 5127 Οὐχ

356 5152 432 5216 ὡς
466 5150 896 5219 οἰκοδομοῦντων
922 5149 1205 5220 μνήματα,
1234 5147 1350 5202 ἀλλ’
1373 5147 1448 5212 ὡς
1470 5148 1941 5218 ἀντιποιουμένων

358 5245 542 5298 αὐτῶν
584 5245 678 5299 καὶ
707 5242 995 5312 λεγόντων,
1025 5243 1107 5295 ὅτι
1139 5241 1202 5294 Εἰ
1249 5235 1394 5310 ἦμεν
1438 5241 1497 5292 ἐν
1533 5242 1652 5303 ταῖς
1703 5241 1943 5310 ἡμέραις

358 5337 558 5400 αὐτῶν,
589 5337 690 5389 οὐκ
727 5334 793 5389 ἂν
820 5330 965 5406 ἦμεν
1014 5334 1264 5387 κοινωνοὶ
1310 5333 1424 5396 τοῖς
1460 5331 1735 5403 πατράσιν
1783 5330 1942 5403 ήμῶν

358 5428 419 5481 ὲν
448 5430 560 5492 τοῖς
592 5428 822 5498 αἵμασιν
846 5425 1047 5480 αὐτῶν.
1093 5422 1342 5476 Ἐποίουν
1386 5421 1443 5476 δὲ
1472 5415 1652 5488 τοῦτο,
1684 5423 1942 5494 κρείττο-

359 5538 450 5583 νες
491 5521 587 5575 καὶ
617 5519 812 5588 ἁγαθοὶ
851 5517 1052 5589 μᾶλλον
1077 5516 1186 5569 τῶν
1237 5514 1492 5585 πατέρων
1529 5514 1712 5568 αὐτῶν
1764 5515 1944 5585 φαίνε-

363 5613 486 5668 σθαι
523 5612 859 5684 βουλόμενοι.

432 5705 590 5768 Τίνος
623 5703 810 5757 ἕνεκεν
839 5701 1240 5772 καταγινώσκει
1274 5699 1454 5754 αὐτῶν
1495 5699 1570 5766 ὡς
1598 5695 1735 5753 υἱῶν
1773 5698 1944 5753 ὄντων

359 5794 470 5848 τῶν
491 5795 865 5866 φονευσάντων
899 5796 1024 5857 τοὺς
1058 5794 1337 5865 προφήτας
1357 5809 1371 5859 ;
1394 5791 1513 5846 οὐδὲ
1548 5791 1658 5862 γὰρ
1689 5791 1945 5860 ἔγκλημα

361 5886 544 5956 τοῦτο,
566 5889 662 5942 ἐὰν
693 5886 768 5958 μὴ
797 5887 1026 5957 κοινωνῇ
1060 5889 1126 5957 τῇ
1155 5887 1346 5958 γνώμῃ
1382 5886 1474 5940 τοῦ
1511 5885 1771 5958 πατρδςσό
1803 5886 1938 5950 υἱός·

2043 4679 2181 4751 quod
2213 4681 2356 4733 intus
2378 4689 2488 4744 est,
2519 4688 2574 4734 et
2597 4679 2830 4750 reliqua.

2113 4772 2283 4829 Vens.
2314 4771 2406 4827 ‘27.
2441 4771 2699 4843 Sepulcra
2725 4771 2974 4827 dealbata
3009 4787 3235 4836 vocans,
3289 4771 3629 4842 intelligetur

2042 4864 2233 4920 eodem
2276 4864 2441 4919 modo
2472 4879 2581 4936 quo
2615 4863 2840 4920 calicem
2879 4865 3035 4931 dicit,
3065 4865 3135 4920 ob
3171 4879 3363 4920 vanam
3396 4865 3631 4935 gloriam

2044 4956 2117 5012 ita
2149 4957 2386 5013 loeutus.

2116 5047 2283 5105 Vens.
2313 5049 2403 5105 29.
2438 5047 2752 5117 didi/italis
2793 5047 3033 5118 sepulcra
3070 5049 3486 5118 prophetarum;
3515 5056 3623 5098 non

2043 5143 2188 5213 quod
2217 5143 2490 5196 aediﬁcent
2531 5151 2912 5207 monumenta,
2947 5143 3040 5196 sed
3071 5141 3216 5210 quod
3249 5157 3345 5209 per
3366 5140 3629 5194 ambitio-

2045 5252 2167 5292 nem
2198 5237 2420 5291 dicant:
2466 5237 2521 5290 Si
2559 5236 2853 5290 fuissemus
2902 5237 2954 5290 in
3011 5236 3206 5290 diebus
3257 5243 3471 5304 patrum
3520 5248 3625 5286 no-

2044 5339 2306 5395 strorum,
2336 5344 2442 5383 non
2469 5344 2719 5384 essemus
2750 5329 2884 5384 socii
2906 5343 3096 5382 eorum
3122 5328 3172 5381 in
3202 5329 3468 5397 sanguine
3495 5342 3626 5396 pro-

2043 5425 2352 5494 phetarum.
2401 5419 2534 5476 Illud
2570 5432 2750 5476 autem
2796 5421 3070 5476 faciebant
3107 5419 3338 5474 volendo
3385 5418 3629 5489 majores

2045 5525 2098 5570 et
2124 5515 2379 5569 meliores
2415 5515 2662 5584 patrihus
2693 5514 2810 5570 suis
2839 5513 3031 5568 videri.

2121 5697 2281 5757 Vens.
2314 5701 2405 5756 5|.
2433 5701 2612 5770 Quare
2637 5701 2758 5756 illos
2785 5701 2964 5771 arguit
2995 5700 3140 5770 quod
3170 5699 3260 5755 lilii
3286 5703 3398 5755 sint
3421 5717 3611 5755 eorum

2045 5795 2139 5866 qui
2191 5795 2482 5865 prephctas
2522 5793 2876 5850 occiderunt?
2913 5813 3020 5852 non
3053 5796 3199 5852 enim
3231 5795 3389 5864 culpa
3431 5810 3625 5848 eorum

2049 5896 2153 5956 est,
2206 5887 2308 5944 uisi
2361 5886 2851 5945 communicaverit
2905 5889 3172 5948 voluntati
3235 5891 3403 5949 Datt'is
3439 5888 3630 5946 (ilius;
