4026 6420
442 370 577 435 1151

1165 380 1559 440 OPUSCULA
1600 380 2233 441 SCRIPTURISTICA
2279 382 2627 443 INCERTAi
2664 385 2972 446 .‘ETATIS.

3568 388 3695 455 1152

444 483 928 539 commonicabant
949 495 1129 540 autem
1151 488 1480 553 oweidendo;
1506 487 1627 541 ideo
1651 490 1773 544 illos
1811 488 2012 558 arguit.

2128 488 2447 545 ἐκοινώνουν
2483 491 2540 546 δὲ
2574 492 2895 560 φονεύοντες
2917 511 2930 526 ·
2973 494 3063 548 διὰ
3098 494 3257 549 τοῦτο
3300 498 3575 569 μέμφεται
3600 505 3692 556 αύ-

512 668 676 724 Vsns.
721 671 809 723 52.
846 668 986 735 Quid
1038 678 1141 736 est,
1195 669 1421 739 lmplcte
1474 679 1526 725 et
1581 688 1667 726 vos
1718 688 2020 726 mensuram

434 770 646 826 patrum
701 773 994 815 vestrorum
1023 764 1049 816 ?
1076 764 1195 818 Non
1240 764 1485 834 praecipit
1530 774 1587 819 ιιι
1611 765 1891 835 impleant,
1926 764 2021 819 sed

438 854 682 921 przedicit
707 853 851 922 quod
884 853 1129 909 futurum
1170 865 1276 922 est,
1306 856 1358 910 id
1392 864 1497 922 est,
1526 872 1683 911 suam
1715 858 1888 927 ipsius
1917 857 2023 911 im-

437 944 812 999 molationem.

509 1032 675 1089 Vsus.
704 1035 793 1089 55.
829 1033 941 1089 Cur
980 1035 1114 1089 dicit
1162 1036 1281 1092 illos
1317 1035 1595 1092 Genimina
1660 1040 1962 1110 viperarum
2000 1047 2025 1100 Ρ

436 1126 975 1196 consanguinitatem
1030 1142 1125 1197 per
1175 1128 1434 1182 malitiam
1481 1130 1696 1198 innuit;
1746 1134 1901 1201 quasi
1937 1134 2022 1188 di-

435 1227 626 1273 ceret:
668 1217 826 1273 Sicut
857 1220 961 1274 illa:
993 1221 1315 1290 parentibus
1369 1224 1579 1279 similes
1620 1236 1750 1280 sunt
1792 1244 1885 1296 per
1926 1243 2022 1283 ve-

436 1311 561 1364 neni
603 1312 804 1374 tabem,
847 1312 920 1365 ita
948 1322 1000 1365 et
1045 1329 1140 1367 vos
1183 1314 1433 1383 patribus
1469 1316 1684 1384 vestris,
1734 1334 1830 1387 per
1873 1322 2024 1376 occi-

436 1403 625 1457 siones
658 1404 867 1458 similes
905 1404 1059 1459 estis.

511 1492 676 1550 Vsus.
705 1496 794 1549 54.
830 1495 901 1550 Dc
941 1497 1142 1566 quibus
1183 1497 1313 1553 dicit
1348 1516 1361 1552 :
1398 1499 1532 1553 Ecce
1574 1517 1667 1571 ego
1708 1503 1859 1557 mitto
1894 1521 2025 1573 pro-

435 1586 619 1653 pitelas
663 1596 710 1640 et
753 1589 1018 1653 sapientes
1060 1598 1110 1643 et
1150 1590 1394 1645 scribas!
1434 1593 1504 1645 De
1531 1595 1797 1663 apostolis
1829 1606 1884 1650 et
1927 1612 2024 1650 co-

440 1695 561 1734 rum
587 1680 896 1750 discipulis.
923 1680 1057 1735 Nam
1097 1682 1253 1736 multi
1300 1699 1488 1739 eormn
1538 1686 2028 1756 prOphetaverunt.

2130 597 2281 646 τους.

2202 674 2269 726 Τί
2298 676 2446 727 ἐστιν
2464 673 2920 744 τδ,Πληρώσατε
2948 677 3046 732 καὶ
3073 678 3239 749 ὑμεῖς
3261 680 3328 734 τὸ
3345 680 3565 750 μέτρον
3587 682 3698 736 τῶν

2131 766 2401 835 πατέρων
2426 766 2632 835 ὐμῶν;
2663 770 2779 822 (lim
2818 772 3123 825 ἐπιτάττων
3156 772 3315 827 τοῦτό
3358 775 3696 845 «momenti

2132 859 2544 929 προαναφωνῶν
2578 861 2641 914 τὸ
2690 862 2972 933 ἐσόμενον,
3028 863 3177 917 τοῦτ’
3211 864 3361 920 ἐστιν
3407 867 3507 938 τὴν
3542 867 3698 920 αὐτοῦ

2133 952 2374 1021 σφαγήν.

2201 1039 2299 1090 Διὰ
2314 1038 2365 1090 τί
2389 1037 2537 1107 λέγει
2552 1041 2749 1103 αὐτοὺς
2768 1041 3122 1110 Γεννήματα
3135 1044 3391 1113 ἐχιδνῶν
3402 1065 3421 1111 ;
3442 1046 3550 1118 Τὴν
3566 1049 3700 1103 κατᾶ

2132 1132 2331 1181 κακίαν
2365 1132 2685 1198 συγγένειαν
2718 1134 3114 1204 αἰνιττόμενος⁹
3148 1136 3223 1199 ώς
3252 1137 3317 1191 ἂν
3348 1138 3555 1207 ἔλεγεν,
3618 1143 3703 1197 ὅτι

2134 1218 2346 1289 Ὥσπερ
2375 1221 2559 1273 ἐκεῖνα
2587 1221 2765 1275 ἔοικεν
2791 1225 2903 1286 τοῖς
2929 1225 3180 1292 γονεῦσιν
3212 1230 3353 1283 κατὰ
3384 1230 3484 1299 τὴν
3502 1228 3595 1284 τοῦ
3625 1232 3703 1285 ίοῦ

2133 1308 2331 1378 λύμην,
2366 1310 2512 1364 οὕτω
2545 1313 2640 1365 καὶ
2672 1314 2831 1384 ὑμεῖς
2860 1318 2973 1380 τοῖς
3020 1317 3176 1386 ὑμῶν
3205 1320 3445 1391 πατράσι
3477 1322 3617 1377 κατὰ
3646 1323 3703 1377 τὺ

2132 1404 2355 1472 φονικὸν
2394 1406 2631 1463 ἐοίκατε.

2204 1496 2336 1565 Περὶ
2370 1497 2536 1550 ποίων
2561 1497 2711 1566 λέγει
2736 1517 2749 1532 ’
2772 1499 2929 1555 Ἰδοὺ
2954 1501 3069 1571 ἐγὼ
3090 1503 3449 1560 ἀποστέλλω
3474 1509 3705 1577 προφή-

2130 1602 2237 1652 τας
2266 1587 2361 1639 καὶ
2384 1589 2617 1657 σοφοὺς
2640 1591 2737 1643 καί
2762 1595 3118 1663 γραμματεῖς
3142 1613 3160 1660 ;
3188 1596 3324 1667 Περὶ
3346 1598 3453 1651 τῶν
3477 1601 3705 1653 ἀποστό-

2130 1673 2236 1727 λων
2298 1678 2392 1730 καὶ
2444 1678 2552 1731 τῶν
2610 1681 2870 1750 μαθητῶν
2903 1683 3084 1737 αὐτῶν
3107 1701 3123 1716 ⁶
3155 1685 3251 1739 καὶ
3280 1685 3389 1759 γὰρ
3426 1688 3613 1743 πολλοὶ
3649 1688 3707 1753 ἐξ

2130 1768 2313 1821 αὐτῶν
2355 1772 2793 1844 προεφήτευσαν.

510 1861 679 1916 Vsus.
712 1863 803 1918 53.
844 1864 980 1930 Quis
1040 1874 1125 1920 est
1170 1870 1275 1921 iste
1304 1866 1599 1925 Zacharias
1640 1870 1708 1925 de
1748 1887 1859 1942 quo
1888 1874 2020 1929 dicit

2208 1864 2304 1925 Τίς
2338 1864 2394 1916 δέ
2428 1866 2576 1919 ἐστιν
2622 1859 2777 1933 οὗτος
2838 1869 2867 1921 ὀ
2920 1872 3196 1942 Ζαχαρίας
3231 1872 3357 1943 περὶ
3412 1866 3476 1927 οὗ
3530 1869 3706 1939 εἶπεν,

442 1950 617 2022 Usque
664 1955 733 2007 ad
767 1957 1078 2025 sanguinem
1119 1955 1402 2013 Zachariae
1429 1961 1532 2029 ﬁlii
1560 1961 1879 2019 Barac/tice?
1915 1967 2020 2021 Alii

437 2046 655 2112 quidem
700 2045 927 2101 Joannis
970 2058 1180 2117 patrem
1224 2051 1446 2120 dicunt;
1485 2054 1578 2108 alii
1622 2072 1752 2111 vero
1784 2061 2023 2128 prophe-

438 2144 579 2201 tam;
611 2136 830 2204 quidam
862 2137 1098 2208 denique
1138 2140 1372 2195 alterum
1407 2144 1517 2197 duo
1554 2147 1773 2199 nomina
1813 2148 2023 2203 haben-

450 2236 557 2279 tem
586 2232 949 2295 sacerdotem,
982 2246 1143 2299 quem
1170 2234 1335 2287 etiam
1370 2232 1520 2291 Joda:
1546 2236 1830 2308 Scriptura
1865 2242 2020 2298 dicit.

507 2316 671 2373 Vsus.
698 2319 783 2375 '59.
819 2321 978 2388 Illud,
1012 2322 1135 2378 Non
1162 2342 1241 2380 me
1271 2328 1513 2383 videbitis
1546 2331 1758 2397 amatio,
1791 2333 1860 2390 de
1894 2345 2026 2390 tem-

433 2428 565 2482 pore
619 2413 750 2470 dicit
807 2417 950 2485 quod
1007 2429 1092 2474 est
1132 2435 1305 2489 usque
1358 2422 1425 2476 ad
1476 2424 1918 2493 crucilixionem;
1968 2438 2024 2484 et

432 2505 588 2570 illud,
621 2504 793 2561 Donec
850 2509 1047 2564 dicatis
1081 2526 1101 2565 :
1136 2510 1451 2567 Benedictus
1502 2500 1595 2581 qui
1652 2518 1787 2570 venit
1831 2519 1887 2571 in
1921 2536 2019 2573 uo-

432 2599 571 2653 mine
612 2598 846 2668 Domini,
895 2602 963 2657 de
1008 2606 1253 2659 secundo
1306 2608 1426 2676 cjus
1478 2609 1714 2666 adventu
1772 2613 2019 2669 dicitur:

433 2699 564 2748 ttmc
593 2693 736 2748 enim
771 2711 963 2752 omnes
995 2697 1146 2752 illum
1179 2699 1509 2757 adorabunt.

998 2842 1229 2898 CAPUT
1265 2843 1460 2900 XXIV.

507 2965 775 3023 VsasJi.
799 2969 942 3035 Quid
968 2980 1068 3038 est,
1090 2972 1151 3027 in
1176 2976 1536 3031 testimonium
1585 2979 1823 3033 omnibus
1852 2983 2025 3051 genti—

434 3056 529 3111 bus
548 3059 574 3111 7
590 3060 727 3125 Quia
744 3061 1097 3130 praedicatum
1119 3075 1203 3120 cst
1225 3066 1440 3134 quidem
1471 3068 1691 3140 ubique,
1714 3086 1817 3125 non
1839 3082 2021 3128 autem

433 3152 709 3206 creditum
745 3161 829 3209 est
865 3155 1086 3227 ubique.

509 3243 966 3314 Consammatio;
1024 3265 1155 3306 sane
1206 3250 1508 3309 Jerusalem
1563 3259 2020 3329 expugnationem

435 3334 665 3401 indicat,
694 3353 801 3392 non
831 3348 1012 3393 autem
1045 3343 1231 3397 mundi
1256 3344 1440 3400 linem.

502 3426 668 3483 Vsus.
729 3432 817 3486 i5.
862 3432 999 3499 Quid
1069 3443 1172 3501 est,
1234 3436 1576 3495 Abominatio
1645 3443 2024 3500 desolationis?

431 3517 670 3588 Eﬂigiem
697 3522 828 3578 dicit
854 3524 959 3579 Titi
991 3528 1081 3595 qui
1117 3529 1306 3585 urbem
1333 3548 1573 3600 ceperat,
1605 3547 1657 3589 ct
1684 3548 1809 3608 post
1847 3555 2022 3609 expu-

432 3622 659 3679 gnatum
695 3613 1000 3673 Jerusalem
1034 3629 1271 3677 statuam
1314 3641 1467 3680 suam
1499 3629 1692 3683 erexit.
1730 3630 2022 3686 Abomina-

433 3702 506 3755 tio
540 3704 905 3771 desolationis,
935 3709 1136 3779 elIigies
1174 3712 1322 3769 illius
1348 3716 1439 3782 qui
1490 3725 1617 3772 tunc
1644 3720 1832 3774 urbem
1879 3725 2023 3790 repit

432 3793 672 3861 dicitur;
728 3798 989 3853 desolatio
1029 3811 1211 3858 autem
1259 3816 1504 3873 vocatur,
1536 3811 1679 3878 quod
1743 3811 2023 3869 desolatus

430 3896 510 3937 cst
547 3885 817 3942 civitatem
849 3900 902 3944 et
940 3893 1222 3961 templum.

506 3975 670 4033 Vsus.
700 3978 789 4034 20.
832 3980 971 4047 Quid
1023 3992 1125 4050 cst,
1177 3985 1341 4042 Orate
1372 4000 1428 4043 ut
1492 4008 1594 4047 non
1634 3994 1732 4062 ﬁat
1791 3995 1918 4066 fuga
1964 3997 2019 4052 in

435 4064 605 4120 hieme
662 4069 739 4123 rei
799 4072 1077 4131 Sabbato?
1132 4076 1185 4131 in
1266 4078 1463 4145 hieme,
1521 4084 1592 4138 ob
1644 4064 2016 4143 dillicullatem

430 4158 607 4229 fugae;
650 4161 704 4216 in
741 4162 1007 4233 Sabbato,
1038 4168 1109 4224 ob
1169 4170 1338 4242 legem
1386 4174 1764 4243 prohibentem
1802 4178 1904 4233 hac
1930 4181 2019 4235 die

433 4256 535 4307 iter
562 4253 764 4311 facere.

502 4342 669 4401 Vens.
711 4349 807 4403 22.
849 4349 989 4415 Quid
1040 4363 1143 4419 est,
1205 4355 1326 4410 Nisi
1366 4360 1588 4415 breuiati
1633 4363 1861 4431 fuissent
1904 4364 2016 4419 dies

429 4439 540 4493 illi?
566 4439 621 4493 Si
657 4442 850 4512 magis,
878 4444 1076 4516 inquit,
1104 4447 1360 4506 durasset
1419 4453 2014 4525 bellumRomanorum

2135 1955 2289 2021 Ἕως
2318 1957 2423 2010 τοῦ
2460 1959 2711 2027 αἵματος
2735 1964 3034 2032 Ζαχαρίου
3073 1965 3209 2019 υίοῦ
3269 1967 3615 2036 Βαραχίου;
3646 1970 3706 2021 οι

2136 2047 2235 2116 μὲν
2265 2052 2357 2102 τὸν
2395 2050 2645 2105 Ἰωάννου
2671 2055 2883 2125 πατέρα
2917 2056 3099 2125 φασίν·
3133 2059 3179 2110 oi
3197 2058 3254 2111 δὲ
3284 2059 3374 2112 τὸν
3400 2060 3704 2131 προφήτην·

2131 2141 2182 2192 oi
2213 2140 2268 2195 δὲ
2299 2143 2486 2214 ἕτερόν
2526 2162 2649 2198 τινα
2697 2144 2968 2219 διώνυμον
3025 2149 3197 2220 ίερέα,
3254 2150 3315 2205 ὃν
3369 2152 3462 2204 καὶ
3519 2151 3703 2205 ἰωδαέ

2134 2252 2300 2304 φησιν
2331 2237 2362 2307 ὴ
2388 2238 2605 2310 Γραφή·

2205 2327 2300 2393 Τὸ,
2344 2332 2427 2384 Οὐ
2449 2332 2538 2400 μὴ
2561 2332 2729 2400 ἴδητε
2751 2334 2853 2390 ἀπ’
2893 2336 3046 2404 ἄρτι,
3075 2335 3318 2407 περὶτοῦ
3346 2336 3541 2408 καιροῦ
3562 2336 3707 2406 λέγει

2132 2423 2228 2477 τοῦ
2282 2426 2446 2498 μέχρι
2487 2426 2581 2480 τοῦ
2620 2429 2885 2499 σταυροῦ*
2941 2431 3002 2485 τὸ
3057 2432 3134 2495 δὲ,
3176 2432 3327 2498 Ἕως
3359 2431 3437 2487 ἂν
3474 2433 3706 2500 εἴπητε,

2134 2517 2562 2587 Εὐλογημένος
2608 2524 2642 2574 ό
2687 2521 3013 2591 ἐρχόμενος
3053 2527 3123 2576 ὲν
3177 2524 3421 2591 ὀνόματι
3466 2524 3707 2592 Κυρίου.

2133 2607 2385 2679 περὶτῆς
2418 2610 2680 2682 δευτέρας
2710 2613 2877 2665 αὐτοῦ
2914 2614 3216 2685 παρουσίας
3250 2613 3416 2683 λέγει·
3448 2613 3573 2668 τότε
3603 2614 3708 2683 γὰρ

2136 2699 2333 2765 πάντες
2364 2702 2529 2757 αὑτὸν
2561 2708 3057 2777 προσκυνήσουσιν.

2704 2851 2954 2905 ΚΕΦΑΛ.
3010 2853 3137 2906 ΚΔ’.

2203 2977 2268 3029 Τί
2296 2979 2466 3045 ἐστιν,
2512 2980 2617 3045 Εἰς
2653 2981 2983 3049 μαρτύριον
3004 2978 3196 3037 πᾶσιν
3245 2980 3371 3048 τοῖς
3422 2980 3705 3043 ἔθνεσιν-ξ

2134 3068 2257 3122 Ὅτι
2293 3069 2572 3141 ἐκηρύχθη
2627 3071 2727 3141 μὲν
2770 3071 3069 3142 πανταχοῦ,
3129 3072 3231 3126 οὐκ
3291 3074 3590 3146 ἐπιστεύθη
3653 3075 3707 3128 δὲ

2100 3150 2109 3159 ’
2134 3160 2437 3231 πανταχοῦ.

2208 3252 2278 3305 Τὸ
2311 3252 2506 3319 τέλοςο
2543 3255 2717 3325 ἤτοιή
2747 3254 2846 3324 τῆς
2885 3252 3240 3328 Ἰερουσαλὴμ
3264 3256 3488 3325 ἅλωσις,
3522 3259 3707 3328 φησὶν,

2132 3330 2246 3398 did}
2273 3346 2372 3416 οὐχ
2402 3347 2432 3416 ἡ
2462 3345 2554 3399 τοῦ
2588 3348 2797 3416 κόσμου
2836 3348 3141 3402 συντέλεια.

2200 3439 2266 3491 Τί
2304 3441 2452 3492 ἐστιν
2476 3442 2557 3505 τὸ,
2590 3441 2909 3511 Βδέλυγμα
2934 3441 3043 3509 τῆς
3072 3442 3456 3512 ἐρημώσεως;
3493 3445 3597 3498 Τὸν
3619 3447 3706 3499 ἀν-

2128 3533 2357 3602 δριάντα
2381 3532 2531 3601 λέγει
2561 3534 2721 3587 Τίτου
2747 3536 2841 3588 τοῦ
2883 3536 3097 3600 ἑλόντος
3123 3536 3224 3608 τὴν
3257 3538 3433 3602 πόλιν,
3459 3538 3517 3602 ὃς
3571 3541 3706 3608 μετὰ

2130 3624 2190 3676 τὸ
2224 3625 2414 3677 λαϐεῖν
2448 3627 2548 3697 τὴν
2618 3627 2975 3699 Ἰερουσαλὴμ
3004 3629 3232 3699 ἔστησεν
3271 3631 3332 3683 τὸ
3365 3630 3580 3685 εἴδωλον
3614 3634 3704 3685 αύ-

2129 3716 2245 3770 τοῦ.
2275 3717 2596 3787 Βδέλυγμα
2652 3718 2710 3771 δὲ
2744 3718 3122 3787 ἐρημώσεως,
3158 3719 3249 3772 τὸν
3288 3719 3582 3790 ἀνδριάντα
3614 3722 3706 3773 τοῦ

2128 3808 2248 3863 τότε
2282 3810 2496 3873 ἑλόντος
2520 3811 2621 3881 τὴν
2647 3811 2802 3865 πόλιν
2824 3810 2977 3879 λέγει
3003 3827 3015 3841 ·
3067 3812 3419 3882 ἐρημώσεως
3475 3814 3534 3868 δὲ
3575 3816 3704 3869 αὐτὸ

2128 3898 2302 3968 λέγει,
2335 3900 2411 3964 ώς
2443 3901 2806 3972 ἐρημώσαντα
2837 3902 2937 3975 τὴν
2978 3902 3132 3956 πόλιν
3163 3903 3254 3956 καὶ
3281 3904 3373 3957 τὸν
3412 3904 3561 3958 ναόν.

2199 3991 2264 4045 Τί
2298 3993 2443 4046 ἔστιν
2490 3994 2571 4060 τὸ,
2600 3994 2878 4058 Εὕξασθε
2915 3993 3000 4063 μὴ
3032 3996 3275 4064 γένηται
3318 3998 3355 4065 ἠ
3423 3998 3586 4067 φυγὴ
3640 3999 3703 4051 ἐν

2128 4085 2371 4155 χειμῶνι
2422 4086 2523 4140 καὶ
2585 4087 2663 4141 ἐν
2713 4088 3029 4158 Σαϐϐάτῳ;
3085 4091 3172 4143 Ἐν
3222 4090 3477 4161 χειμῶνι,
3534 4091 3621 4145 διὰ
3650 4094 3702 4145 τί

2129 4180 2387 4233 δύσκολον
2417 4182 2516 4252 τῆς
2542 4183 2751 4253 φυγῆς·
2785 4185 2843 4236 ιν
2879 4184 3170 4257 Σαϐϐάτῳ,
3195 4185 3282 4240 διὰ
3315 4186 3408 4239 τὸν
3433 4186 3703 4242 κωλύοντα

2127 4272 2290 4341 νόμον
2322 4272 2527 4325 ὁδεύειν
2562 4278 2626 4345 τῇ
2657 4276 2841 4347 ἡμέρᾳ
2863 4276 3059 4348 ταύτῃ.

2199 4364 2242 4416 Τ
2249 4364 2263 4415 ί
2312 4368 2462 4418 ἐστιν
2500 4366 2583 4431 τὸ,
2630 4368 2700 4419 Et
2746 4366 2833 4437 μὴ
2887 4368 3351 4438 ἐκολοϐώθησαν
3388 4374 3449 4425 ai
3498 4370 3701 4440 ἡμέραι

2124 4456 2387 4520 ἐκεῖναι;
2424 4457 2487 4509 Ei
2523 4458 2618 4511 ἐπὶ
2644 4457 2827 4521 πλέον,
2864 4461 3050 4531 φησὶν,
3083 4461 3387 4531 ἐκράτησεν
3422 4465 3450 4516 ὁ
3474 4464 3700 4534 πόλεμος

434 4540 627 4584 conttra
695 4534 993 4602 cititatem,
1049 4554 1240 4597 oumcs
1298 4544 1587 4611 periissent
1635 4545 1829 4603 Judaei.
1908 4551 2013 4605 Sed

2128 4549 2236 4601 τῶν
2282 4550 2573 4619 Ῥωμαίων
2630 4552 2658 4603 ὁ
2714 4550 2858 4605 κατά
2902 4553 3003 4623 τῆς
3066 4554 3298 4620 πόλεως,
3361 4555 3604 4617 ἅπαντες
3642 4555 3701 4607 ἂν

430 4635 653 4691 propter
682 4627 884 4681 electos
919 4629 1317 4688 breviahuntur
1358 4636 1475 4691 dies
1500 4638 1614 4705 illi;
1662 4641 1865 4697 electos
1893 4643 2020 4698 dicit

2129 4642 2410 4695 ἀπώλοντο
2451 4643 2718 4697 Ἰουδαῖοι.
2745 4645 2842 4698 Διὰ
2875 4644 2932 4697 δὲ
2957 4648 3084 4708 τοὺς
3113 4645 3407 4711 ἐκλεκτοὺς
3446 4647 3685 4702 ὲκολοὸώ

435 4714 526 4783 qui
577 4715 690 4783 jam
746 4722 915 4785 gratia
975 4725 1343 4779 crediderant.
1402 4728 1513 4783 Cur
1582 4731 1651 4785 de
1714 4730 2021 4790 Jerusalem

428 4809 831 4876 expugnatione
858 4828 967 4866 non
1012 4814 1263 4884 loquitur
1314 4817 1592 4877 Joannes?
1644 4822 1723 4879 Ne
1769 4827 2024 4883 videatur

428 4896 760 4964 quibusdam
812 4917 877 4956 ex
937 4902 1164 4960 historia
1217 4910 1501 4978 scripsisse
1551 4915 1653 4969 ista
1686 4925 1782 4971 aut
1824 4933 1887 4972 ex
1922 4935 2024 4975 au-

427 4988 565 5042 ditu.
617 4990 761 5045 Vixit
797 4994 942 5048 enim
978 4999 1162 5054 multis
1216 5005 1407 5070 annis;
1436 5005 1529 5060 sed
1563 5009 1655 5077 qui
1695 5019 1820 5065 ante
1847 5026 2021 5080 expu-

428 5084 740 5150 gnationem
767 5090 963 5142 mortui
995 5101 1169 5158 erant,
1212 5111 1334 5165 qua:
1374 5096 1530 5168 ipsia
1579 5099 1800 5159 Christo
1831 5104 2022 5161 audie-

430 5184 575 5239 rant,
604 5177 972 5248 scripserunt.

512 5357 669 5415 Vens.
700 5362 791 5417 23.
818 5360 1089 5429 Quoniam
1122 5366 1259 5423 duas
1288 5369 1743 5443 interrogationes
1770 5379 2018 5447 protule-

435 5459 556 5501 rant
586 5450 652 5503 ad
688 5451 965 5508 Christum
994 5455 1274 5527 discipuli,
1328 5478 1492 5516 unam
1540 5466 1608 5520 de
1667 5483 2019 5525 consumma-

435 5541 581 5596 tione
606 5541 937 5609 Jerusalem,
976 5547 1201 5603 alteram
1239 5552 1304 5605 tle
1326 5554 1431 5607 line
1466 5560 1675 5621 mundi,
1727 5572 2014 5632 postquam

429 5632 497 5685 de
545 5632 843 5690 Jerusalem
903 5639 1277 5699 destructione
1332 5655 1385 5700 et
1437 5650 1800 5716 praecedentia
1859 5655 2016 5727 signa

432 5723 709 5789 patefecit,
742 5736 795 5779 et
823 5746 942 5797 qua:
968 5732 1337 5790 calamitatem
1362 5742 1773 5798 comitabuntur
1799 5723 2016 5806 etcala-

434 5814 639 5868 taitatis
667 5815 1109 5888 immensitatmt,
1136 5836 1188 5881 ct
1231 5826 1322 5883 Dei
1365 5841 1481 5896 post
1514 5834 1880 5893 CttiutlliLthll)
1912 5842 2009 5897 hc-

2102 4732 2302 4796 θησαν
2323 4733 2379 4786 αἱ
2410 4733 2619 4805 ἡμέραι
2668 4735 2878 4789 ἐκεῖναι
2902 4750 2917 4764 ’
2975 4736 3265 4801 ἐκλεκτοὺς
3289 4738 3436 4807 λέγει
3484 4738 3609 4803 τοὺς
3641 4742 3699 4809 τῇ

2128 4824 2309 4896 χάριτι
2346 4824 2446 4897 ἥδη
2485 4825 2909 4889 πιστεύσαντας.
2940 4828 3039 4880 Διὰ
3062 4827 3114 4880 τί
3143 4828 3273 4897 περὶ
3318 4830 3417 4899 τῆς
3450 4829 3699 4892 ἁλώσεως

2137 4917 2497 4988 Ἰερουσαλὴμ
2526 4919 2587 4971 οὐ
2612 4919 2760 4986 λέγει
2799 4920 3092 4990 Ἰωάννης;
3136 4921 3256 4975 Ἵνα
3291 4921 3367 4993 μὴ
3401 4921 3528 4993 δόξῃ
3563 4922 3697 4974 τισὶν

2125 5009 2232 5061 ἀπὸ
2258 5010 2355 5079 τῆς
2394 5011 2635 5080 ἱστορίας
2660 5011 2998 5081 γεγραφέναι
3025 5012 3198 5067 ταῦτα
3239 5013 3271 5085 ἢ
3308 5014 3384 5077 ὡς
3422 5014 3659 5077 ἀκούσας
3684 5030 3698 5043 ·

2125 5098 2286 5169 ἔζησε
2341 5101 2449 5171 γὰρ
2491 5101 2653 5170 μέχρι
2685 5101 2906 5156 πολλοῦ.
2977 5104 3142 5158 Ἀλλὰ
3191 5105 3242 5158 oi
3292 5106 3399 5176 πρὸ
3428 5106 3529 5173 τῆς
3564 5106 3695 5158 ἁλώ-

2125 5211 2263 5256 σεως
2309 5192 2751 5264 τελευτήσαντες,
2787 5196 2931 5248 αὐτοῖ
2969 5195 3005 5250 δι
3060 5197 3300 5267 ἥκουσαν
3354 5198 3419 5249 ὲκ
3464 5195 3695 5267 Χριστοῦ

2123 5285 2489 5354 γεγράφασιν.

2206 5378 2427 5449 Ἐπειδὴ
2448 5379 2541 5432 δύο
2590 5381 2891 5449 ἐρωτήσεις
2939 5382 3323 5452 προσήνεγκαν
3368 5383 3417 5437 οἱ
3464 5384 3694 5455 μαθηταὶ

2120 5469 2198 5539 τῷ
2227 5472 2471 5545 Χριστῷ,
2516 5474 2650 5544 μίαν
2683 5475 2812 5545 περὶ
2841 5477 2937 5545 τῆς
2973 5476 3289 5539 συντελείας
3322 5477 3429 5529 τῶν
3474 5477 3680 5548 Ἱεροσο-

2119 5564 2182 5618 λύ
2192 5583 2329 5634 μων,
2355 5568 2449 5619 καὶ
2474 5567 2668 5636 ἑτέραν
2705 5569 2834 5636 περὶ
2861 5569 2961 5637 τῆς
3003 5570 3316 5634 συντελείας
3342 5570 3438 5623 τοῦ
3472 5574 3691 5640 κόσμον,

2119 5656 2289 5710 εἰπὼν
2317 5659 2567 5730 περὶτῆς
2592 5660 2699 5713 τῶν
2740 5660 3130 5731 Ἰεροσολύμων
3172 5662 3240 5717 τά
3283 5680 3341 5715 τε
3394 5665 3690 5734 προάγοντα

2123 5751 2346 5817 σημεῖα,
2379 5750 2475 5802 καὶ
2513 5751 2578 5803 τὰ
2613 5753 2670 5803 ἐν
2703 5751 2853 5822 αὐτῷ
2882 5751 2960 5822 τῷ
2993 5752 3175 5818 πάθει,
3223 5754 3315 5806 καὶ
3342 5753 3438 5825 τὴν
3474 5754 3673 5826 ὑπερῦο

2121 5840 2215 5912 λὴν
2250 5841 2338 5895 τοῦ
2374 5844 2595 5907 πάθους,
2633 5843 2726 5898 καὶ
2749 5842 2845 5915 τὴν
2873 5843 3011 5915 μετὰ
3033 5844 3089 5899 τὸ
3124 5845 3289 5911 πάθος
3317 5847 3406 5900 ἐπὶ
3448 5850 3511 5918 τῇ
3544 5848 3677 5900 κολο-
