4026 6434
398 386 535 449 1153

1385 389 1713 452 SCIIOLIA
1753 388 2052 449 VETERA
2095 388 2174 449 lN
2218 388 2685 449 MATTH/EUM.

3505 392 3644 452 1154

394 498 562 552 σώσει
589 495 697 550 τῶν
724 498 943 569 ήμερῶν
972 500 1197 555 ἐκείνων
1229 502 1641 573 φιλανθρωπίαν
1677 501 1770 555 τοῦ
1799 501 1954 566 Θεοῦ1

2070 501 2428 555 nevolentiam
2468 501 2520 554 in
2559 498 2852 555 breviando
2870 498 2987 554 dies
3016 498 3158 566 illos,
3179 515 3323 555 nunc
3351 506 3546 558 transit
3575 501 3641 559 ad

394 588 489 642 νῦν
523 586 836 657 μεταϐαίνει
873 589 966 642 καὶ
992 592 1082 642 ἐπὶ
1117 590 1215 660 τὴν
1245 591 1337 650 τοῦ
1375 594 1582 662 κόσμου
1620 592 1961 644 συντέλειανο

391 681 451 734 τὸ
475 679 553 741 δὲ,
586 680 743 748 τότε,
769 680 871 732 οὐκ
906 680 1051 733 ἔστιν
1074 681 1406 750 ἐμφαντικὸν
1445 682 1539 734 τοῦ
1572 683 1712 751 μετὰ
1754 684 1836 747 τὸ,
1876 684 1965 735 εὑ-

394 774 552 839 θέως,
583 774 717 828 ἀλλὰ
754 774 913 844 μόνον
937 773 1129 844 καιροῦ
1171 775 1583 845 παραστατικόν
1625 776 1774 828 ἐστιν
1822 775 1965 827 brai-

392 882 505 930 νου,
543 864 664 921 καθ’
701 866 760 919 δν
813 864 883 917 τὰ
925 864 1276 935 ῥηθησόμενα
1319 865 1507 935 μέλλει
1553 865 1829 933 γίνεσθαι·
1866 864 1963 917 καὶ

390 961 565 1031 τούτῳ
596 961 860 1031 κέχρηται
880 958 1140 1024 πολλάκις
1167 958 1245 1029 τῷ
1276 958 1527 1029 ἰδιώματι
1551 959 1584 1030 ἡ
1607 958 1698 1012 τοῦ
1717 958 1963 1026 Εὐαγγε-

390 1052 505 1104 λίου
536 1052 747 1123 Γραφή.

465 1142 767 1213 Πληρὼσας
824 1143 951 1214 περὶ
996 1142 1105 1197 τῶν
1149 1140 1560 1212 Ἰεροσολύμων,
1587 1139 1667 1201 εἰς
1704 1138 1802 1207 τὴν
1832 1139 1961 1191 ἐαυ-

388 1233 482 1287 τοῦ
513 1233 779 1287 διαϐαίνει
828 1233 1087 1301 δευτέραν
1140 1232 1466 1304 παρουσίαν,
1504 1232 1598 1285 καὶ
1646 1229 1797 1297 λέγει
1848 1232 1961 1292 τοῖς

392 1324 663 1395 μαθηταῖς
707 1326 774 1377 τὰ
807 1327 1047 1395 σημεῖαο
1094 1319 1233 1387 εἶτα,
1274 1325 1432 1388 Τότε,
1489 1323 1675 1393 φησιν,
1706 1320 1815 1374 ἐάν
1873 1338 1960 1385 τις

387 1417 549 1483 εἴπῃ,
583 1410 723 1469 Ὧδε
776 1418 809 1470 ό
868 1416 1143 1483 Χριστὸς,
1189 1415 1277 1483 μὴ
1333 1415 1720 1481 πιστεύσητε.
1760 1412 1833 1465 Τὸ
1879 1412 1956 1476 δὲ,

388 1510 540 1570 τότε.
579 1509 638 1561 οὑ
673 1508 770 1578 τῆς
801 1506 1122 1571 ἀκολουθίας
1163 1508 1281 1560 ἐστὶ
1317 1506 1413 1559 τοῦ
1452 1505 1667 1576 καιροῦ,
1721 1504 1857 1558 ἀλλὰ
1889 1505 1958 1557 τὰ

386 1602 478 1654 τοῦ
505 1601 624 1654 τότε
657 1599 848 1669 καιροῦ
875 1602 1030 1669 μόναο
1054 1599 1187 1652 ὅπου
1217 1599 1324 1670 γάρ
1357 1598 1681 1652 ἀκολουθίαν
1705 1596 1957 1650 ὲὸοᾶλετο

385 1694 566 1745 εἰπεῖν
626 1692 706 1756 τὸ,
760 1690 982 1755 εὐθέως,
1025 1689 1194 1757 λέγει’
1225 1688 1461 1743 ἐνταῦθα
1517 1689 1572 1742 δὲ
1606 1688 1704 1759 οὐχ
1758 1688 1953 1751 οὓτως,

383 1785 519 1838 ἀλλὰ
548 1784 626 1848 τὸ,
654 1783 809 1837 τότε.
834 1780 991 1837 Οὕτω
1017 1784 1111 1836 καὶ
1154 1780 1231 1834 ὅτ’
1264 1781 1329 1835 ἂν
1354 1781 1508 1852 λέγῃ·
1556 1783 1659 1834 Ἐν
1696 1780 1955 1844 ἐκείναις

2068 594 2254 647 tnundi
2276 594 2458 648 linem.
2483 594 2593 648 Vox
2612 601 2793 646 autem
2827 592 3055 645 illatunc
3075 607 3180 646 non
3212 593 3482 661 signiﬁcat
3520 606 3644 665 post

2068 683 2171 737 hoc
2197 685 2405 748 statim,
2439 683 2728 738 sedsolum
2776 683 2980 738 indicat
3041 693 3257 754 tempus
3313 685 3467 750 illud,
3532 703 3644 757 quo

2066 773 2153 825 illa
2182 790 2301 842 qua
2328 775 2577 828 dicturus
2616 783 2698 828 est
2727 773 2923 827 debent
2948 774 3061 827 ﬂeri
3088 793 3101 829 :
3130 785 3184 829 et
3211 776 3299 830 illa
3322 778 3522 847 saepius
3547 794 3643 833 usa

2062 871 2147 917 est
2189 863 2583 945 signiﬁcatione
2608 862 2883 934 Evangelii
2912 865 3217 934 Scriptura.

2132 1139 2267 1193 Cum
2292 1140 2645 1210 compleverit
2682 1157 2805 1213 qua:
2829 1142 2895 1197 de
2950 1140 3325 1214 Jerosnlymis,
3361 1146 3426 1201 ad
3477 1163 3638 1203 suum

2061 1232 2256 1285 transit
2273 1235 2570 1286 secundum
2589 1234 2905 1299 adventum,
2930 1237 3127 1291 etdicit
3146 1238 3431 1307 discipulis
3460 1239 3637 1309 signa.

2062 1321 2288 1388 Deinde,
2343 1322 2508 1388 Tunc,
2540 1325 2736 1394 inquit,
2785 1327 2831 1379 si
2864 1328 2979 1396 quis
3016 1329 3155 1382 vobis
3182 1331 3375 1384 dixerit
3398 1332 3536 1395 ,Hic
3561 1343 3638 1385 est

2060 1412 2325 1480 Christus,
2356 1414 2519 1467 nolite
2555 1398 2784 1480 credere,
2819 1415 2907 1469 llla
2930 1433 3046 1481 vox
3090 1427 3231 1484 tunc,
3264 1436 3371 1475 non
3429 1430 3641 1491 tempus

2058 1508 2311 1574 proxime
2341 1522 2576 1576 sequens
2605 1508 2884 1576 exprimit,
2915 1509 3006 1562 sed
3050 1511 3395 1566 solummodo
3427 1522 3638 1582 tempus

2056 1599 2197 1665 quod
2230 1609 2415 1668 postea
2471 1608 2601 1654 tunc
2640 1600 2937 1669 continget.
2972 1600 3105 1654 Nam
3143 1603 3234 1656 nhi
3264 1612 3475 1674 tempus
3510 1620 3638 1673 pro-

2056 1691 2198 1745 xime
2256 1706 2491 1760 sequens
2547 1692 2660 1745 vult
2740 1692 3075 1761 signiﬁcare,
3100 1693 3280 1747 statim
3318 1705 3505 1761 sonat;
3554 1696 3641 1751 hic

2056 1788 2238 1835 autem
2274 1796 2381 1834 non
2413 1781 2508 1843 ita,
2548 1780 2641 1834 sed
2673 1791 2795 1833 tunc
2828 1782 3007 1837 habet.
3044 1781 3137 1836 Sic
3161 1798 3381 1853 quoque
3404 1784 3510 1838 dici
3544 1800 3640 1853 po-

384 1878 511 1945 ταῖς
570 1877 821 1946 ἡμέραις
880 1877 1268 1946 παραγίνεται
1334 1874 1625 1941 Ἰωάννης·
1669 1872 1847 1926 καίτοι
1892 1888 1954 1939 γε

2062 1878 2201 1925 test:
2248 1870 2311 1924 In
2342 1870 2453 1925 illis
2511 1872 2827 1940 temporibus
2866 1873 3004 1926 venit
3062 1872 3337 1937 Joannes;
3400 1883 3639 1929 attamen

385 1972 587 2042 μεταξὺ
614 1972 837 2040 γέγονεν
870 1972 987 2037 ἔτη’
1016 1966 1130 2020 ἀλλ’
1159 1966 1277 2028 ἔθος
1307 1966 1373 2035 τῇ
1406 1964 1596 2034 Γραφῇ
1649 1961 1823 2033 τούτῳ
1860 1978 1952 2015 κε-

382 2064 616 2135 χρῆσθαι
665 2063 762 2134 τῆς
794 2062 1033 2133 ἱστορίας
1086 2058 1165 2129 τῷ
1193 2057 1403 2129 τρόπῳ.
1436 2055 1590 2108 Οὕτω
1618 2053 1683 2125 δὴ
1720 2056 1814 2107 καὶ
1864 2055 1954 2106 έν-

379 2158 574 2222 ταῦθα,
598 2157 691 2209 τὸν
727 2155 889 2225 μέσον
913 2153 1131 2208 ἅπαντα
1157 2151 1349 2221 χρόνον
1390 2147 1681 2219 παρελθὼν
1704 2147 1812 2201 ἀπὸ
1851 2148 1952 2216 τῆς

379 2247 635 2309 ἁλώσεως
660 2244 766 2298 τῶν
810 2242 1199 2315 Ἱεροσολύμων
1233 2241 1338 2304 ἓως
1367 2239 1476 2292 τῶν
1508 2238 1813 2309 προοιμίων
1850 2236 1951 2307 τῆς

382 2340 691 2402 συντελείας
738 2336 835 2391 τοῦ
872 2335 1185 2405 σύμπαντος
1218 2334 1424 2403 κόσμου
1456 2332 1630 2399 λέγει,
1665 2330 1801 2383 Τότε
1844 2327 1953 2383 ἐάν

376 2451 470 2499 τις
492 2432 634 2502 ὑμῖν
651 2432 814 2499 εἴπῃ,
840 2428 931 2484 ὅτι
956 2424 1099 2483 Ὧδε
1126 2430 1159 2481 ό
1183 2426 1462 2495 Χριστός.

448 2528 570 2591 Πῶς
596 2527 817 2597 νοητέον
840 2525 923 2589 τὸ,
954 2524 1141 2577 Ὅπου
1180 2521 1248 2575 τὸ
1287 2519 1515 2589 πτῶμα,
1547 2517 1675 2572 ἐκεῖ
1699 2521 1752 2573 οι
1788 2517 1950 2573 ἀετοὶ

378 2616 874 2685 συναχθήσονται
897 2632 914 2675 ;
943 2611 1111 2666 Τοῦτό
1138 2613 1307 2673 ἔστιν,
1332 2610 1391 2662 τὸ
1423 2609 1629 2679 πλῆθος
1653 2608 1761 2661 τῶν
1780 2607 1951 2676 ἀγγέ-

376 2711 484 2763 λὼν
518 2708 610 2762 καὶ
644 2705 751 2759 τῶν
778 2703 1070 2775 μαρτύρων
1099 2702 1193 2755 καὶ
1226 2700 1334 2755 τῶν
1363 2700 1538 2769 ἁγίων
1567 2700 1784 2754 πάντων
1813 2697 1950 2767 μετὰ

375 2796 615 2869 Χριστοῦ
642 2796 1058 2866 εὑρεθήσονται.

449 2889 685 2953 Εὐθέως
715 2886 784 2939 δὲ
825 2884 977 2955 μετὰ
1004 2883 1120 2953 τὴν
1158 2883 1369 2952 θλίψιν
1398 2882 1516 2935 τῶν
1545 2880 1782 2950 ἡμερῶν
1801 2880 1951 2935 ὲκεί-

376 2999 521 3047 νων,
542 2983 574 3035 ό
599 2978 775 3047 ἣλιος
792 2974 1357 3047 μεταστραφήσεται
1386 2976 1472 3040 εις
1496 2971 1659 3042 alga.
1691 2972 1829 3025 Πότε
1858 2972 1950 3025 λέ-

374 3094 498 3145 γεις
550 3072 707 3129 Μετὰ
749 3071 847 3143 τὴν
895 3069 989 3124 τοῦ
1054 3069 1423 3139 Ἀντιχρίστου
1484 3065 1718 3119 ἔλευσιν.
1759 3063 1868 3118 Καὶ
1916 3064 1950 3116 ό

378 3170 550 3238 ἥλιος
584 3165 1074 3231 σκοτισθήσεταν
1126 3162 1229 3216 οὐκ
1256 3160 1672 3231 ἀφανιζόμενος,
1712 3157 1845 3211 ἀλλά
1868 3174 1949 3208 νι-
1977 3214 2018 3238 Π

376 3262 621 3332 κώμενος
642 3259 721 3331 τῷ
735 3257 876 3327 φωτὶ
888 3257 986 3326 τῆς
1013 3256 1314 3326 παρουσίας
1346 3253 1534 3308 αὑτοῦ.
1568 3251 1645 3306 Τὰ
1668 3250 1736 3304 δὲ
1756 3250 1949 3317 ἄστρα

375 3352 669 3416 πεσεῖται,
727 3350 810 3405 ὅτι
858 3350 959 3402 οὐκ
994 3347 1146 3400 ἔσται
1196 3345 1374 3400 αὐτῶν
1419 3342 1578 3415 χρεία
1625 3340 1817 3403 νυκτὸς
1847 3340 1948 3393 δῦκ

374 3443 626 3517 aliane-ﬁ
662 3442 861 3514 μᾶλλον
884 3440 945 3494 οὐ
997 3440 1269 3501 πεσεῖται,
1297 3434 1434 3489 ἀλλὰ
1474 3434 1553 3504 τῷ
1583 3432 1725 3501 φωτὶ
1766 3433 1949 3500 ἀμαυ·
1989 3431 1993 3439 “

378 3538 712 3611 ρωθήσεται,
744 3535 821 3599 ὼς
858 3531 1101 3603 νομίζειν
1136 3531 1344 3592 πεσεῖν,
1372 3525 1557 3589 καθὼς
1596 3524 1690 3578 καὶ
1716 3524 1744 3576 ὁ
1774 3522 1944 3594 ἥλιος.

449 3632 584 3701 Περὶ
623 3628 779 3682 ποίου
821 3624 1049 3696 σημείου
1099 3623 1268 3689 λέγει,
1320 3620 1402 3673 ὅτι
1440 3619 1741 3689 φανήσεται
1784 3618 1841 3668 ὲν
1873 3613 1948 3684 τῷ

373 3722 590 3797 οὖρανῷ
618 3739 634 3789 ;
666 3720 802 3791 Περὶ
829 3716 925 3771 τοῦ
966 3713 1224 3786 σταυροῦ·
1262 3714 1404 3767 ὥστε
1429 3709 1524 3764 τοῦ
1551 3710 1702 3780 ήλίου
1728 3706 1951 3777 φαιδρό-

373 3832 533 3887 τερος
565 3813 715 3866 έσται
740 3827 755 3842 ο
793 3812 1093 3880 φανήσεται
1124 3804 1183 3860 δὲ
1212 3803 1309 3876 τὴν
1338 3803 1447 3857 τῶν
1508 3800 1776 3856 Ἰουδαίων
1829 3799 1951 3852 ἑπι-

375 3905 649 3975 στομίζων
677 3902 883 3956 ἄνοιαν.

458 3995 869 4052 ’Λναστάντων
917 3989 1337 4054 συλλέξουσιν
1393 3988 1636 4059 ἄγγελοι
1662 4002 1677 4018 ο
1717 3981 1946 4040 συλλέ-

374 4106 593 4163 γοντας
617 4087 685 4140 δὲ
712 4084 957 4153 νεφέλαι
980 4081 1381 4149 ἀρπάξουσιν.

448 4183 583 4252 Περὶ
618 4177 776 4240 ποίας
808 4177 1002 4245 γενεᾶς
1031 4171 1207 4237 εἶπεν,
1247 4172 1328 4225 ὅτι
1364 4172 1446 4225 Οὐ
1463 4169 1549 4240 μὴ
1593 4168 1865 4237 παρέλθῃ
1908 4167 1946 4234 ή

370 4274 551 4347 γενεὰ
599 4271 773 4338 αὕτη,
802 4268 916 4333 ἕως
972 4266 1049 4321 ἂν
1089 4264 1285 4319 πάντα
1334 4263 1523 4318 ταῦτα
1559 4260 1834 4330 «remur;
1870 4260 1946 4314 Οὐ

374 4367 504 4438 περὶ
535 4367 632 4436 τῆς
663 4362 785 4416 τότε
813 4361 1005 4429 γενεᾶς
1038 4359 1215 4413 ταῦτα
1259 4357 1432 4426 λέγει,
1488 4355 1624 4411 άλλὰ
1678 4355 1809 4424 περὶ
1850 4355 1949 4425 τῆς

372 4460 483 4515 τῶν
521 4454 747 4510 πιστῶν.
771 4448 925 4507 Οἶδεν
964 4452 1075 4523 γὰρ
1130 4449 1325 4519 γενεάν
1376 4450 1477 4501 οὐκ
1527 4448 1638 4501 ἀπὸ
1689 4449 1792 4518 τῆς
1839 4445 1950 4499 τῶν

2059 1964 2267 2019 interea
2304 1964 2432 2017 anni
2472 1963 2841 2018 etlluxerant:
2904 1965 2998 2019 sed
3034 1981 3160 2019 mox
3213 1975 3299 2021 est
3328 1967 3633 2035 Scriptura:

2058 2055 2134 2109 uti
2166 2055 2268 2108 hac
2323 2055 2652 2109 narrationis
2706 2053 2897 2109 forma.
2950 2055 3122 2110 ltaibi
3169 2056 3333 2111 etiam
3382 2056 3638 2112 omittens

2056 2161 2219 2199 omne
2261 2154 2477 2215 tempus
2498 2145 2568 2199 ab
2584 2145 2986 2216 expugnatione
3017 2144 3321 2202 Jerusalem
3361 2164 3536 2219 usque
3550 2152 3634 2211 tad

2056 2235 2211 2291 initia
2281 2238 2775 2293 consummationis
2850 2238 3089 2293 universi
3152 2240 3376 2307 mundi,
3462 2242 3635 2297 dicit:

2060 2328 2224 2396 Tunc,
2254 2332 2433 2401 siquis
2467 2331 2612 2384 nobis
2644 2332 2878 2385 dixerit:
2907 2331 3007 2385 llic
3039 2342 3113 2385 est
3146 2333 3410 2390 Christus.

2135 2514 2301 2569 Vens.
2338 2514 2427 2568 28.
2488 2514 2776 2581 Quomodo
2835 2515 3281 2586 intelligendum;
3334 2515 3435 2570 Ubi
3477 2518 3642 2586 fuerit

2053 2624 2265 2677 corpus,
2300 2608 2411 2662 illic
2442 2608 2903 2678 congregabantur
2931 2617 2979 2661 et
3019 2607 3252 2677 aquilw?
3285 2609 3338 2662 Id
3373 2619 3475 2675 rst,
3501 2610 3642 2663 mul-

2054 2704 2228 2757 titudo
2295 2703 2612 2773 angelorum
2666 2712 2721 2758 et
2802 2704 3048 2758 omnium
3123 2715 3437 2759 sanctorum
3509 2721 3632 2760 cum

2053 2796 2650 2851 Christoinvenientur.

2130 2888 2292 2941 Vens.
2339 2887 2430 2941 29.
2472 2886 2672 2941 Statim
2706 2897 2882 2942 autem
2923 2899 3045 2959 post
3097 2889 3496 2945 tribulationem
3521 2892 3633 2945 dte-

2054 2997 2173 3032 rum
2241 2979 2476 3043 illorum,
2525 2979 2605 3032 sol
2664 2989 2995 3034 convertetur
3039 2983 3093 3034 in
3112 2984 3446 3051 sanguinem;
3500 2985 3638 3052 forte

2053 3073 2180 3125 dicit
2202 3080 2319 3139 post
2347 3071 2672 3125 Anteclrristi
2697 3073 3003 3126 adventant.
3032 3071 3100 3126 Et
3134 3074 3212 3125 sol
3242 3072 3639 3141 obscurabitur;

2058 3181 2163 3218 non
2190 3163 2481 3218 invisibilis
2522 3161 2832 3228 factus,scd
2873 3171 3162 3233 superatus
3198 3165 3403 3220 lumine
3431 3167 3638 3222 adven-

2056 3267 2139 3311 tns
2172 3256 2401 3311 Christi.
2461 3254 2641 3310 Stella:
2707 3266 2885 3309 autem
2958 3258 3147 3312 cadent
3180 3295 3196 3320 ,
3227 3258 3353 3327 quia
3394 3274 3503 3314 non
3555 3262 3636 3315 eis

2057 3363 2197 3417 Opus
2242 3350 2369 3415 erit,
2403 3363 2525 3401 eum
2561 3363 2667 3401 nox
2723 3362 2829 3400 non
2880 3347 3086 3412 aderit;
3142 3358 3237 3402 aut
3279 3352 3480 3418 potius,
3528 3367 3636 3405 non

2051 3446 2263 3508 cadent,
2322 3441 2413 3497 scd
2440 3441 2554 3495 luce
2582 3440 3077 3510 privabantur,ita
3130 3450 3189 3496 ut
3236 3450 3495 3512 putentur
3547 3460 3640 3499 ca-

2050 3533 2197 3596 dere,
2222 3530 2367 3588 velut
2391 3532 2470 3587 sol
2498 3532 2634 3601 ipse.

2049 3644 2069 3681 ιο
2122 3625 2291 3681 Vens.
2340 3626 2433 3681 30.
2472 3625 2550 3679 De
2614 3639 2725 3694 quo
2778 3624 2937 3695 signo
2978 3624 3111 3679 dicit
3153 3627 3296 3695 quod
3352 3629 3637 3698 apparebit

2052 3717 2106 3772 in
2128 3717 2301 3772 coelo?
2337 3716 2412 3771 De
2436 3731 2617 3782 cruce,
2643 3732 2768 3786 quae
2796 3717 2913 3771 sole
2939 3717 3273 3786 Splendidior
3294 3720 3432 3785 erit;
3468 3736 3637 3790 appa--

2051 3812 2195 3867 rebit
2243 3818 2420 3866 autem
2462 3810 2530 3865 ad
2572 3809 3008 3881 exprobrandam
3057 3809 3385 3867 'Judteorum
3456 3813 3639 3867 stulti-

2053 3902 2209 3957 tiam.

2124 3994 2289 4049 Vens.
2319 3993 2410 4048 5|.
2437 3992 2736 4048 Suscitatos
2757 3992 3146 4063 eongregabunt
3173 3994 3370 4065 angeli,
3419 4012 3640 4067 congre-

2052 4093 2333 4155 gantesque
2357 4082 2515 4137 nubes
2538 4085 2798 4150 auferent.

2125 4175 2290 4229 Vens.
2322 4175 2412 4229 δι.
2459 4173 2534 4228 De
2560 4190 2667 4244 qua
2726 4176 3079 4245 generatione
3113 4176 3267 4243 dicit,
3305 4179 3475 4247 quo-l,
3512 4179 3633 4233 Non

2050 4268 2338 4339 praeteribit
2365 4268 2635 4336 generatio
2660 4266 2794 4331 hare,
2851 4267 3019 4320 donec
3078 4267 3257 4321 omnia
3289 4267 3427 4335 'Jta'c
3457 4269 3638 4337 ﬁant?

2051 4358 2169 4413 Non
2214 4358 2282 4414 de
2308 4357 2658 4429 generatione
2690 4365 2820 4410 tunc
2848 4357 3065 4411 vivente
3121 4357 3395 4427 illajdicit,
3422 4360 3515 4414 sed
3567 4360 3636 4415 de

2053 4451 2399 4521 generatione
2450 4450 2811 4505 credentium.
2875 4446 2992 4503 Scit
3042 4448 3190 4504 enim
3227 4452 3633 4520 generationem

373 4552 581 4624 χρόνων
613 4546 956 4609 ἀκολουθίας,
993 4542 1109 4595 ἁλλ’
1141 4540 1249 4594 ἀπὸ
1272 4540 1371 4609 τῆς
1402 4538 1512 4592 τῶν
1557 4538 1775 4609 τρόπων
1807 4538 1937 4609 θρη-

2057 4556 2158 4595 ιιοιι
2192 4556 2223 4595 a
2250 4540 2601 4596 successione
2628 4548 2960 4608 temporum,
2983 4544 3079 4595 sed
3108 4556 3137 4595 a
3174 4558 3389 4596 morum
3435 4542 3636 4613 pietate

374 4641 565 4704 σκείας
594 4636 1038 4711 χαρακτηρίζειν.
1073 4633 1208 4687 Ποία
1238 4633 1433 4701 γενεά;
1485 4631 1548 4684 Ἦ
1595 4631 1704 4685 τῶν
1740 4631 1946 4685 πιστῶν

371 4735 640 4805 δηλονότι.
668 4732 787 4784 Ἵνα
817 4728 928 4799 γὰρ
1002 4726 1076 4799 μή
1127 4743 1214 4790 τις
1258 4726 1388 4795 εἴπῃ
1441 4724 1524 4777 ὅτι
1572 4722 1818 4794 σημείων
1854 4723 1947 4777 καὶ

370 4827 615 4898 τεράτων
639 4818 1127 4889 ἐπιδεικνυμένων,
1164 4816 1369 4880 πάντες
1399 4815 1520 4870 κατ’
1548 4817 1725 4869 ἐκεῖνο
1749 4815 1945 4887 καιροῦ

372 4916 840 4987 ἀπατηθήσονται,
879 4912 1191 4981 ἐπήγαγεν
1226 4910 1307 4963 οὐ
1330 4908 1416 4978 μὴ
1470 4907 1743 4977 παρέλθῃ
1784 4907 1821 4975 ἡ
1853 4925 1947 4977 γε·

371 5010 501 5067 νεά·
529 5007 661 5070 οἷον,
704 5004 919 5066 Πολλοὶ,
952 5003 1143 5073 φησιν,
1181 5002 1365 5055 πιστοὶ
1410 5000 1505 5055 καὶ
1545 5000 1948 5073 ἀνεξαπάτητοι

372 5098 719 5171 διαμενοῦσιν
749 5097 841 5150 καὶ
873 5094 961 5149 ἐπ’
986 5093 1157 5163 αὐτῆς
1189 5092 1289 5162 τῆς
1323 5091 1633 5154 συντελείας
1661 5108 1674 5121 ·
1719 5090 1753 5162 ἢ
1786 5090 1948 5158 γενεὰ

370 5193 433 5246 τὸ
459 5190 803 5262 ἀνθρώπινον
828 5186 1008 5255 γένος,
1038 5183 1184 5237 τοῦτ’
1213 5185 1383 5250 ἔστιν,
1414 5184 1495 5237 ὅτι
1526 5183 1709 5237 Πάντα
1732 5183 1768 5238 δι
1794 5183 1947 5238 εἷπον

372 5283 694 5353 ἐκϐήσεται,
736 5279 833 5332 καὶ
860 5277 1055 5348 ὄψεται
1084 5275 1226 5329 αὐτὰ
1246 5276 1308 5328 τὸ
1334 5272 1698 5345 ἀνθρώπινον.

445 5376 568 5439 Πῶς
614 5375 818 5428 νοεῖται
847 5370 929 5435 τὸ,
973 5370 1036 5423 '0
1061 5369 1321 5437 οὐρανὸς
1353 5366 1451 5421 καί
1475 5366 1513 5434 ἠ
1542 5365 1617 5436 γῆ
1648 5368 1947 5435 stupe-1w-

370 5483 606 5531 σονται,
635 5467 689 5518 οἱ
708 5463 776 5517 δέ
803 5464 975 5533 λόγοι
996 5478 1117 5531 μου
1141 5462 1213 5514 οὐ
1238 5458 1324 5529 μή
1350 5476 1369 5525 ;
1401 5458 1781 5530 Εὑκολώτερον
1813 5459 1945 5529 γὰρ,

374 5560 561 5631 φησιν,
610 5557 975 5628 ἀφανισθῆναι
1024 5555 1095 5608 τὰ
1140 5554 1429 5623 πεπηγότα
1489 5550 1584 5605 καλ⁸
1623 5551 1879 5622 ἀκίνητα,
1910 5551 1946 5621 ἢ

370 5653 481 5708 τῶν
506 5651 656 5722 ὲμῶν
685 5668 737 5704 τι
770 5650 1067 5705 διαπεσεῖν.

447 5836 635 5893 Ἔστιν
677 5836 739 5891 τὸ
800 5835 1002 5906 λέγειν,
1053 5836 1134 5891 ὅτι
1189 5834 1363 5889 Οἶδεν
1390 5833 1522 5903 περὶ
1570 5832 1680 5900 τῆς
1721 5831 1945 5902 ἡμέρας

2049 4642 2262 4689 notare.
2284 4633 2544 4700 Quaenam
2571 4632 2884 4703 generatio?
2913 4631 3265 4688 Credentinm
3293 4636 3413 4690 sine
3442 4637 3631 4692 dubio.

2047 4725 2262 4781 Etenim
2305 4740 2372 4780 ne
2418 4725 2544 4795 quis
2583 4724 2730 4779 dicat
2775 4739 2988 4790 omnes,
3031 4725 3205 4796 signis
3241 4735 3296 4781 et
3373 4727 3635 4797 prodigiis

2050 4817 2230 4883 factis,
2256 4820 2360 4872 hoc
2388 4825 2628 4885 tempore
2645 4816 2995 4886 decipiendos
3039 4816 3177 4883 fore,
3210 4815 3415 4888 adjecit
3448 4838 3462 4874 :
3508 4819 3632 4896 Non

2047 4911 2339 4981 prwteribit
2373 4910 2676 4981 generatio;
2707 4911 2866 4980 quasi
2884 4911 3089 4967 diceret
3121 4928 3135 4965 :
3169 4913 3635 4969 multicredentes

2048 5014 2102 5060 et
2144 5004 2213 5060 ab
2251 5018 2438 5059 errore
2476 5003 2591 5073 tuti:
2611 5004 3010 5073 permanebunt
3062 5004 3116 5059 in
3156 5007 3635 5061 consummatione

2050 5098 2200 5167 ipsa:
2234 5106 2327 5151 aut
2370 5096 2648 5165 generatio
2688 5097 2753 5150 de
2803 5095 3045 5150 humano
3097 5112 3295 5167 genere
3327 5098 3552 5162 dicitur,
3578 5098 3632 5152 id
3688 5157 3697 5165 ,

2050 5201 2156 5257 est,
2198 5188 2383 5246 omnia
2416 5203 2536 5258 quae
2574 5187 2687 5242 dixi
2719 5188 2994 5254 evenient,
3028 5197 3083 5244 et
3114 5190 3401 5244 videbitea
3435 5191 3633 5244 huma-

2050 5299 2182 5337 num
2218 5298 2412 5352 genus.

2123 5373 2287 5429 Vens.
2330 5374 2449 5430 '55..
2484 5373 2771 5440 Quomodo
2797 5372 3114 5442 intelligitur
3147 5371 3381 5427 :Caelunt
3412 5384 3460 5427 et
3494 5384 3634 5429 terra

2049 5465 2373 5530 transibunt,
2440 5464 2597 5519 verba
2640 5473 2817 5517 autent
2866 5480 2985 5518 mea
3020 5480 3125 5517 non
3156 5464 3508 5520 transibunt?
3554 5467 3635 5521 l'a-

2048 5557 2207 5611 cilius
2249 5557 2394 5610 enim
2436 5564 2541 5621 est,
2595 5554 2795 5624 inquit,
2823 5570 2861 5609 .e
2905 5563 3198 5622 conspectu
3262 5555 3377 5608 tolli
3434 5555 3537 5609 lixa
3580 5565 3636 5611 «ιι

2048 5646 2369 5702 immobilia.
2397 5662 2559 5716 quam
2598 5645 2803 5716 aliquid
2851 5659 3098 5699 meorum
3154 5644 3449 5699 verborum
3511 5644 3633 5699 fru-

2050 5738 2232 5795 strari.

2128 5829 2289 5888 Vens.
2319 5832 2408 5889 56.
2443 5832 2739 5889 Dicendqu
2769 5841 2851 5889 est
2886 5851 2897 5887 :
2934 5830 3008 5885 De
3056 5832 3140 5885 die
3170 5832 3264 5886 illa
3322 5848 3472 5888 nemo
3510 5832 3635 5893 scit.
