4026 6458
440 387 575 450 1155

1147 382 1545 445 ΟΙἮΞΟῙΠΛ
1586 379 2038 443 SCRIPTUBIS

2149 379 2234 440 CA
2272 381 2624 442 ΙΝΟΕΠΤιΕ
2663 383 2976 444 ᾸΞΤΑΤΙΞ.

3569 375 3708 440 1156

436 523 601 577 neque
624 503 795 573 angeli
830 502 1100 565 calorum,
1128 518 1293 571 neque
1329 499 1521 561 Filius,
1546 500 1651 552 nisi
1672 499 1817 551 solus
1840 496 2022 551 Pater.

2149 498 2368 565 ἐκείνης
2414 498 2559 552 οὐδέ
2587 502 2641 552 οἱ
2688 498 2932 567 ἄγγελοι
2980 496 3099 551 τῶν
3143 493 3435 563 οὐρανῶν,
3489 495 3637 548 οὐδὲ
3679 499 3711 549 ό

432 598 673 652 Dicendo
733 593 981 665 quidem,
1031 607 1206 661 neque
1235 590 1439 658 angeli,
1472 605 1534 644 os
1576 589 1895 659 comprimit
1956 602 2024 642 ne

430 692 807 758 interrogent;
864 684 1096 741 dicendo
1152 698 1281 738 vero
1324 699 1486 751 neque
1520 680 1564 733 F
1569 681 1716 745 ilius,
1753 688 1901 733 vetat
1959 694 2027 732 ne

436 783 786 836 meditemur.
856 778 981 831 Ideo
1027 784 1155 845 post
1196 776 1658 829 resurrectionem
1699 773 1834 828 dicit
1892 771 2021 825 eis:

439 874 557 927 Non
593 883 667 927 est
695 881 924 925 vestrum
972 884 1126 922 110868
1189 882 1430 941 tempora
1466 875 1517 919 et
1569 873 1858 929 momenta,
1906 879 2024 933 qua:

438 967 788 1036 Paterposuit
814 966 870 1017 in
911 981 1007 1019 sua
1036 972 1313 1032 potestate.
1366 962 1486 1015 Non
1548 961 1765 1031 ignorat
1823 959 2024 1029 igitur;

435 1054 709 1124 quomodo
737 1053 881 1106 enim
916 1054 1193 1122 ignoraret
1227 1051 1317 1104 ille
1346 1064 1441 1119 per
1472 1065 1633 1118 quem
1660 1048 1846 1103 omnia
1882 1047 2024 1101 facta

435 1151 583 1203 sunt,
614 1140 705 1208 qui
767 1137 1051 1207 cognoscit
1112 1134 1355 1199 Patrem,
1396 1144 1449 1189 et
1482 1134 1748 1202 profunda
1807 1131 1924 1195 Dei,
1974 1141 2029 1185 et

437 1230 766 1284 abscondita
826 1227 1224 1297 quresitoruui?
1266 1226 1371 1281 Sed
1412 1224 1716 1280 arbitratur
1776 1222 1877 1277 hoc
1905 1235 2029 1276 esse

436 1327 544 1381 illis
572 1324 947 1394 profuturum.

506 1418 673 1472 Vens.
706 1417 795 1470 ιι).
832 1416 997 1480 Tune,
1034 1416 1234 1485 inquit,
1276 1414 1381 1468 duo
1438 1422 1592 1467 erunt
1620 1413 1671 1465 in
1701 1411 1868 1482 lagro,
1897 1425 2029 1463 unus

435 1522 756 1576 assumatur,
790 1520 837 1565 et
894 1526 1028 1564 unus
1066 1509 1411 1577 relinquetur.
1452 1512 1619 1576 Ager,
1654 1504 1892 1559 mundus
1924 1510 2029 1567 est;

438 1622 582 1661 unus
615 1605 780 1675 igitur
821 1604 1085 1667 salvatur,
1120 1602 1261 1656 alter
1312 1615 1446 1655 vero
1507 1600 1561 1654 in
1618 1598 2030 1653 damnationem

439 1701 713 1760 mittitur;
762 1698 830 1752 de
894 1697 1113 1751 illorum
1169 1694 1574 1765 expugnatione
1607 1700 1662 1746 et
1716 1691 2034 1761 captivitate

439 1788 584 1844 istud
621 1788 776 1841 dicit.

2131 593 2263 658 Υἱὸς
2283 596 2333 646 εί
2354 592 2439 661 μὴ
2470 595 2658 662 μόνος
2688 596 2720 646 ό
2759 594 2963 659 Πατὴρ
2995 590 3113 644 ’διὰ
3148 590 3246 660 μὲν
3284 589 3347 642 τὸ
3392 589 3571 657 λέγειν
3610 590 3707 656 ἀγα

2129 685 2342 753 γέλους,
2376 684 2723 752 ἐπιστομίζει
2773 683 2871 736 τοῦ
2908 691 2984 753 μη
3019 684 3222 749 ζητεῖν*
3259 679 3354 735 διὰ*
3398 680 3454 733 δὲ
3507 680 3607 735 τοῦ
3637 681 3714 733 si-

2130 779 2272 838 πεῖν,
2307 776 2451 830 coss
2474 780 2506 830 ό
2551 777 2703 842 Υἱὸς,
2731 775 2931 829 κωλύει
2967 774 3105 845 μηδὲ
3150 777 3375 829 ἐννοεῖν.
3423 776 3521 829 Διὰ
3548 776 3716 829 τοῦτο

2136 869 2273 937 μετὰ
2299 870 2398 938 τὴν
2440 868 2740 922 ἀνάστασιν
2768 869 2919 936 λέγει
2945 869 3151 929 αὐτοῖς’
3188 870 3312 936 Οὐχ
3343 866 3509 935 ὑμῶν
3539 868 3719 921 ἐστιν

2133 961 2351 1029 γνῶναι
2382 963 2640 1029 χρόνους
2661 962 2699 1029 ἣ
2729 960 2992 1028 καιροὺς,
3013 960 3120 1026 οὓς
3144 960 3213 1014 ἐν
3231 958 3303 1028 τῇ
3324 960 3442 1028 ὶδιᾳ
3460 959 3720 1027 ἐξουσΙᾳ

2130 1053 2298 1108 ἔθετο
2352 1057 2384 1107 ό
2430 1053 2655 1121 Πατήρ.
2706 1055 2821 1106 Ούκ
2868 1053 3057 1121 ἀγνοεῖ
3087 1049 3200 1107 οὖν’
3259 1052 3375 1115 πῶς
3408 1053 3518 1122 γὰρ
3550 1053 3621 1105 δι’
3654 1046 3716 1105 οὗ

2133 1146 2311 1199 πάντα
2360 1146 2598 1214 ἐγένετο,
2645 1145 2704 1209 ὃς
2758 1144 3021 1214 γινώσκει
3057 1146 3150 1199 τὸν
3202 1145 3443 1214 Πατέρα,
3498 1145 3595 1197 καὶ
3650 1143 3720 1197 τὰ

2136 1237 2275 1307 βάθη
2304 1238 2399 1291 τοῦ
2437 1238 2595 1304 Θεοῦ,
2626 1241 2722 1291 καὶ
2751 1240 2819 1292 τὰ
2848 1240 3072 1309 κρυπτᾶ
3102 1238 3213 1291 τῶν
3268 1236 3718 1308 ὲξεταξομένων;

2135 1331 2252 1384 ἀλλ’
2278 1333 2494 1401 ἡγεῖται
2525 1333 2685 1386 τοῦτο
2726 1334 3013 1404 συμφέρον
3044 1332 3251 1396 αὐτοῖς.

2210 1425 2372 1489 Τότε,
2414 1426 2603 1495 φησιν,
2654 1426 2766 1481 δύο
2821 1428 3066 1481 ἔσονται
3094 1427 3166 1480 ἐν
3195 1426 3276 1491 τῷ
3310 1423 3496 1496 ἀγρῷ·
3561 1428 3597 1479 ὀ
3631 1422 3723 1491 εἷς

2137 1516 2684 1584 παραλαμϐάνεται,
2712 1516 2811 1571 καὶ
2846 1520 2879 1571 ὁ
2898 1512 2987 1583 εἷς
3008 1518 3265 1584 ἀφίεται.
3319 1515 3534 1588 Ἀγρὸς,
3568 1518 3598 1569 ὁ
3630 1517 3724 1569 κό-

2140 1621 2299 1674 σμοςο
2321 1601 2401 1670 εἷς
2445 1601 2539 1660 οὖν
2574 1606 2828 1673 σώζεται,
2883 1605 2967 1670 εἷς
3009 1608 3054 1661 δ’
3079 1609 3161 1671 είς
3208 1608 3429 1661 κόλασιν
3458 1608 3721 1676 ἀφίεταιο

2139 1700 2268 1770 περὶ
2324 1698 2425 1769 τῆς
2477 1699 2732 1764 ἁλώσεως
2796 1700 2957 1753 τοῦτο
3021 1702 3116 1754 καὶ
3182 1701 3282 1771 τῆς
3339 1701 3726 1771 αἰχμαλωσίας

2139 1793 2340 1846 αὐτῶν.

509 1880 680 1935 Vsus.
711 1878 800 1931 41.
836 1877 967 1931 Dure
998 1877 1248 1930 molentes
1291 1877 1345 1929 in
1381 1874 1563 1940 mola;
1597 1891 1704 1928 una
1739 1873 2029 1927 assumitur

2205 1884 2321 1936 Δύο
2354 1882 2695 1950 ἀλήθουσαι
2729 1883 2800 1937 ἐν
2851 1881 2930 1948 τῷ
2966 1884 3154 1949 μύλῳ·
3190 1883 3300 1951 μία
3332 1882 3727 1951 παραλαμϐά-

438 1985 486 2028 ει
514 1989 621 2026 una
658 1970 999 2039 relinquitur.
1027 1966 1291 2021 Molentcs
1326 1964 1673 2034 voeavit,qui
1706 1963 1762 2018 in
1798 1978 2028 2034 pauper-

441 2071 550 2117 tate
601 2062 831 2130 degunt.
902 2054 1019 2110 Una
1077 2057 1390 2120 assumitur,
1424 2063 1473 2109 et
1526 2071 1635 2107 una
1678 2054 2030 2124 relinquitur;

440 2153 701 2208 similiter
725 2150 791 2205 de
833 2150 1051 2204 homine
1075 2147 1424 2218 intelligitur.
1450 2147 1631 2202 Lucas
1648 2153 1832 2201 autem
1867 2145 2025 2200 dicit:

439 2246 563 2302 Duo
592 2252 747 2299 erunt
780 2245 834 2297 in
865 2242 1049 2307 cubiti,
1081 2240 1230 2312 quod
1259 2239 1537 2311 signiﬁcat
1561 2254 1658 2295 eos
1686 2240 1780 2310 qui
1813 2238 1868 2292 in
1893 2238 2031 2293 divi-

439 2341 532 2394 tiis
582 2340 805 2408 degunt.
844 2335 1098 2392 Ostendit
1124 2343 1307 2390 autem
1348 2349 1443 2405 per
1510 2333 1615 2388 hoc
1663 2347 1935 2403 pauperes
1978 2338 2031 2387 et

437 2434 659 2497 divites,
689 2445 879 2484 servos
912 2437 967 2483 et
995 2428 1250 2483 dominos
1280 2426 1485 2483 assumi
1519 2435 1574 2481 et
1629 2424 1890 2495 relinqui,
1918 2424 2034 2480 sive

436 2524 827 2595 spiritualiter,
868 2523 984 2576 sive
1038 2520 1262 2575 realiter
1288 2520 1355 2575 de
1394 2517 1802 2589 expugnatione
1833 2516 2034 2572 intelli-

474 2626 620 2671 atur.

474 2634 620 2671 atur.

438 2634 470 2688 Β
513 2709 682 2764 Vens.
714 2708 802 2763 42.
834 2706 945 2762 Cur
993 2721 1122 2776 ergo
1158 2704 1332 2761 dicit:
1364 2703 1513 2758 Diem
1562 2712 1613 2758 et
1647 2703 1873 2757 harant?
1923 2702 2038 2757 vult

442 2818 659 2870 semper
685 2815 807 2854 esse
846 2807 1091 2869 paratos.

517 2892 685 2947 Vens.
714 2893 810 2946 45.
847 2889 988 2957 Quid
1033 2887 1307 2958 signiﬁcat
1350 2885 1480 2939 illud
1520 2905 1533 2942 :
1582 2886 1643 2941 Si
1692 2886 1849 2940 sciret
1889 2894 2040 2955 pater

442 2988 684 3058 familias
715 3002 819 3055 qua
835 2982 1016 3054 vigilia
1048 2982 1409 3051 fuerenturus
1434 2982 1597 3034 esset?
1628 2981 1787 3050 quasi
1816 2980 2035 3035 dicere:

448 3079 504 3132 Si
536 3078 741 3134 scirent
790 3074 946 3129 multi
997 3072 1217 3143 quando
1245 3072 1499 3126 morituri
1538 3071 1671 3135 sint,
1722 3087 1942 3142 semper
1971 3072 2037 3126 ad

446 3173 595 3227 illam
630 3170 805 3225 solum
838 3168 1037 3222 horam
1073 3165 1338 3236 poenitere
1365 3165 1672 3220 studerent.

520 3262 687 3318 Vens.
718 3261 809 3315 45.
868 3259 1141 3315 Dicendo:
1176 3259 1307 3323 Quis
1360 3268 1438 3311 est
1480 3256 1653 3326 ﬁdelis
1697 3255 2040 3328 servusﬁnon

448 3358 666 3428 ignorat
699 3353 851 3417 illud,
887 3351 980 3405 sed
1042 3350 1157 3405 vult
1195 3349 1487 3404 ostendere
1528 3364 1690 3419 quam
1749 3364 1934 3403 rarum
1990 3356 2042 3402 et

448 3453 775 3525 pretiosum.
813 3450 892 3503 Ita
928 3446 1094 3518 igitur
1144 3447 1213 3501 ad
1258 3445 1431 3500 Adam
1488 3443 1766 3514 loquens:
1829 3440 1929 3496 Ubi
1961 3441 2044 3494 es?

447 3548 609 3610 dicit,
642 3558 746 3598 non
783 3543 1065 3614 ignorans,
1091 3538 1184 3595 sed
1215 3540 1362 3594 hunc
1404 3537 1679 3594 adducere
1737 3534 1926 3589 volens
1974 3533 2042 3588 ad

446 3638 825 3697 excusandum
859 3651 939 3692 se.
970 3633 1305 3689 Prudentem
1343 3642 1396 3686 et
1417 3631 1629 3686 ﬁdelem
1660 3628 1793 3683 dicit
1820 3640 2040 3683 servum

448 3731 739 3803 parabola:
767 3728 980 3783 ﬁdelem
1005 3726 1252 3796 quidem,
1299 3722 1446 3793 quod
1464 3717 2042 3789 servaveritcapitale;

454 3826 779 3895 prudentem
804 3835 956 3882 vero,
1000 3817 1147 3887 quod
1173 3825 1432 3886 operatus
1457 3814 1616 3869 estin
1641 3812 1864 3868 talento.
1908 3810 1972 3864 Et
1989 3809 2044 3864 in

454 3917 708 3974 Sodomis
759 3912 965 3967 idcirco
999 3911 1177 3966 dicit:
1250 3908 1577 3962 Descendens
1625 3905 1805 3959 videbo
1864 3915 2043 3957 utrum

450 4009 739 4063 secundum
767 4006 1050 4060 clamorem
1084 4018 1268 4058 eorum
1330 3992 1735 4070 compleverint;
1763 4013 1938 4050 annon
1968 4005 2043 4049 est

452 4103 553 4165 ita,
591 4109 647 4152 ut
678 4098 868 4162 sciam;
908 4107 964 4150 ut
996 4110 1097 4151 nos
1161 4102 1380 4149 moneat
1442 4108 1510 4146 ne
1559 4106 1797 4161 unquam
1828 4098 2046 4143 sentcn-

456 4196 589 4250 tiam
639 4194 693 4249 in
743 4193 907 4248 rebus
957 4191 1173 4255 demus,
1218 4188 1538 4259 priusquam
1577 4184 1816 4255 perfecte
1845 4198 1933 4236 res
1956 4180 2044 4234 di—

448 4287 903 4358 iudicaverimus.
967 4283 1027 4338 In
1082 4283 1345 4353 propheta
1407 4280 1530 4334 ideo
1581 4274 1855 4334 dicit:Si
1908 4275 2045 4345 forte

460 4380 765 4442 audierint;
794 4386 867 4443 et,
902 4375 961 4431 Si
990 4375 1124 4445 forte
1141 4373 1523 4437 consenserint,
1544 4385 1612 4425 ne
1646 4370 1898 4424 videatur
1919 4370 2043 4421 data

458 4474 529 4528 ab
560 4471 855 4528 insensatis
879 4470 1057 4540 jussio
1083 4468 1150 4523 ad
1183 4465 1564 4521 necessitatem
1600 4464 1818 4533 adigere
1848 4476 2045 4531 parcno

2132 1990 2316 2041 νεται,
2351 1976 2449 2028 καί
2480 1975 2590 2043 μία
2618 1973 2875 2044 ἀφίεται.
2924 1974 3257 2042 Ἀληθούσας
3305 1974 3568 2027 ἐκάλεσεν
3596 1976 3725 2037 τοὺς

2135 2071 2193 2121 ὲν
2253 2066 2495 2137 πτωχείᾳ
2530 2065 2842 2134 διάγοντας.
2877 2066 2995 2121 Mla
3026 2065 3573 2134 παραλαμϐάνεται,
3627 2064 3730 2119 καὶ

2129 2161 2241 2229 μία
2275 2160 2513 2227 ἀφίεται
2535 2174 2548 2187 ’
2581 2160 2786 2229 ὁμοίιος
2820 2162 3023 2213 νοεῖται
3053 2159 3147 2212 τοῦ
3183 2157 3495 2229 ἀνθρώπου.
3568 2159 3627 2211 ’0
3670 2157 3727 2210 δὲ

2134 2251 2371 2315 Λουκᾶς,
2405 2250 2514 2304 Kal
2554 2250 2665 2304 δύο
2696 2250 2797 2302 ἐπὶ
2834 2249 2946 2318 τῆς
2974 2249 3212 2318 κλίνης,
3256 2248 3424 2317 λέγει,
3451 2251 3593 2320 ὅπερ
3627 2264 3727 2317 ση-

2140 2343 2322 2411 μαίνει
2360 2343 2487 2407 τοὺς
2519 2343 2577 2397 ὲν
2609 2341 2848 2412 πλούτῳ.
2879 2341 3165 2396 Δείκνυται
3196 2341 3253 2395 δὲ
3285 2342 3376 2395 διὰ
3408 2340 3605 2394 τούτου
3641 2342 3725 2394 ὅτι

2138 2437 2233 2489 καὶ
2278 2438 2484 2507 πτωχοὶ
2518 2437 2612 2490 καὶ
2646 2435 2891 2489 πλούσιοι
2941 2437 3037 2490 καὶ
3082 2436 3260 2489 δοῦλοι
3319 2438 3413 2489 καὶ
3460 2435 3727 2488 δεσπόται

2138 2526 2666 2598 παραλαμϐάνονται
2717 2527 2813 2581 καὶ
2865 2527 3136 2595 ἀφίενται,
3190 2526 3301 2579 εἴτε
3355 2526 3563 2596 νοητῶς
3619 2527 3729 2578 εἴτε

2138 2620 2414 2692 αἰσθητῶς
2442 2621 2529 2674 διὰ
2553 2622 2653 2690 τὴν
2686 2618 2890 2673 ἂλωσιν
2916 2619 3159 2690 νοηθείη.

2210 2712 2307 2765 Διὰ
2332 2711 2386 2765 τί
2417 2710 2509 2765 οὖν
2539 2711 2706 2780 λέγει,
2750 2712 2868 2779 Τὴν
2910 2711 3143 2780 ἡμέραν
3169 2710 3267 2764 καί
3301 2709 3499 2781 ὣραν;
3539 2713 3727 2784 βουλό-

2144 2823 2303 2876 μενος
2337 2807 2554 2869 πάντως
2588 2804 2914 2872 ἐναγωνίους
2947 2800 3110 2860 εἶναι.

2215 2899 2279 2954 Τί
2309 2899 2460 2971 δηλοῖ
2486 2898 2567 2963 τὸ,
2606 2900 2675 2951 El
2709 2896 2839 2968 ᾔδει
2876 2900 2910 2951 ὁ
2944 2897 3381 2965 οἰκοδεσπότης
3430 2898 3571 2965 ποίᾳ
3616 2884 3728 2967 ,ἐυ-

2142 2989 2303 3060 λακῇ
2348 2991 2381 3044 ὁ
2422 2988 2689 3055 κλέπτης
2736 2988 3009 3057 ἕρχεται;
3060 2988 3205 3041 ’Λντὶ
3242 2987 3355 3053 τοῦ,
3396 2989 3454 3040 Ei
3484 2987 3727 3058 ᾔδεισαν,

2143 3085 2334 3153 φησιν,
2359 3083 2408 3135 οἱ
2437 3082 2623 3135 πολλοὶ
2660 3082 2789 3136 πότε
2816 3080 3238 3147 ἀποθανοῦνται,
3266 3081 3486 3145 πάντως
3516 3083 3583 3135 ἂν
3610 3080 3727 3135 κατ’

2146 3171 2363 3241 ἐκείνην
2401 3172 2575 3239 μόνην
2605 3171 2703 3242 τὴν
2734 3170 2885 3243 ὦραν
2911 3171 3252 3224 ἐσπούδασαν
3281 3171 3637 3243 μετανοῆσαι.

2218 3263 2421 3329 Εἰπὼν,
2462 3265 2556 3330 Τίς
2598 3264 2713 3332 ἄρα
2738 3268 2770 3319 ό
2807 3264 3023 3331 πιστὸς
3069 3264 3331 3330 (Saietae;
3361 3266 3475 3319 Οὐκ
3514 3264 3730 3333 ἀγνοῶν

2143 3352 2301 3406 τοῦτο
2328 3349 2472 3417 εἷπε,
2504 3353 2619 3408 ἀλλ’
2649 3354 2736 3408 ἵνα
2759 3355 2906 3427 δείξῃ
2938 3356 2997 3408 τὸ
3030 3356 3257 3410 σπάνιον
3284 3359 3377 3411 καὶ
3408 3358 3727 3431 πολύτιμον.

2145 3445 2333 3510 Οὕτως
2354 3442 2447 3500 οὖν
2474 3449 2570 3501 καὶ
2594 3445 2673 3517 τῷ
2712 3448 2883 3517 Ἀδὰμ
2912 3446 3105 3501 εἰπών’
3133 3449 3258 3504 Ποῦ
3283 3445 3360 3515 si;
3386 3451 3487 3505 οὐκ
3518 3452 3729 3520 ἀγνοῶν

2145 3536 2322 3603 εἶπεν,
2360 3538 2474 3593 ἀλλ’
2510 3539 2597 3593 ἵνα
2641 3540 2805 3593 αὐτὸν
2852 3541 3068 3615 ἐμϐάλῃ
3113 3545 3193 3607 είς
3240 3542 3561 3611 ἀπολογίαν.
3594 3545 3729 3616 Φρό-

2145 3649 2303 3703 νιμον
2334 3635 2433 3688 καὶ
2468 3635 2658 3687 πιστὸν
2688 3635 2836 3704 λέγει
2868 3636 2961 3690 τὸν
2988 3636 3172 3691 δοῦλον
3202 3640 3234 3709 ἠ
3265 3639 3549 3710 παραϐολή
3582 3659 3597 3706 ;
3640 3657 3728 3693 πι-

2146 3725 2271 3777 στὸν
2306 3725 2426 3795 μὲν,
2477 3726 2552 3789 ὡς
2600 3725 2846 3790 σώζοντα
2885 3729 2947 3781 τὸ
2978 3731 3294 3800 κεφάλαιον·
3329 3731 3600 3802 φρόνιμον
3651 3733 3725 3793 δὲ,

2145 3819 2222 3881 ώς
2270 3820 2750 3891 κατεργαζόμενον
2787 3821 2849 3875 τὸ
2878 3822 3158 3878 τάλαντον.
3207 3824 3317 3879 Καὶ
3356 3825 3449 3878 ἐπὶ
3482 3825 3594 3878 τῶν
3641 3827 3730 3878 Σο-

2144 3911 2326 3981 δόμων
2373 3911 2463 3965 διὰ
2511 3912 2673 3967 τοῦτο
2706 3910 2881 3968 εἶπενο
2935 3918 3208 3982 Καταόὰς
3240 3916 3464 3987 ὄψομαι
3500 3919 3552 3971 εὶ
3584 3918 3729 3972 κατὰ

2146 4001 2263 4069 τὴν
2296 4002 2568 4073 κραυγὴν
2596 4004 2797 4060 αὐτῶν
2819 4006 3281 4061 συντελοῦνται·
3315 4010 3365 4061 εὶ
3406 4007 3475 4062 δὲ
3500 4008 3612 4078 μὴ,
3638 4010 3732 4062 ἵνα

2147 4093 2287 4162 γνῶ,
2326 4095 2477 4159 ὅπως
2528 4098 2678 4165 ἡμᾶς
2710 4097 2981 4169 παιδεύσῃ
3034 4098 3108 4169 μή
3160 4116 3291 4153 ποτε
3340 4100 3623 4170 ἀπόφασιν
3675 4103 3728 4152 ἐν

2148 4187 2436 4255 πράγματι
2483 4186 2705 4252 διδόναι,
2743 4188 2872 4259 πρὶν
2910 4189 3133 4254 τελείως
3178 4191 3611 4264 ἀνακρινόμενον
3656 4192 3727 4246 τὰ

2147 4279 2473 4348 πράγματα.
2520 4277 2641 4332 Ἐπὶ
2673 4280 2731 4333 δὲ
2780 4279 2874 4333 τοῦ
2911 4284 3196 4354 προφήτου
3240 4284 3330 4338 διὰ
3360 4284 3519 4339 τοῦτο
3552 4282 3725 4348 εἶπεν,

2164 4370 2303 4426 Ἐὰν
2323 4370 2438 4440 ἄρα
2466 4372 2838 4438 ἀκούσωσιν,
2874 4378 2991 4439 καὶ,
3008 4376 3145 4431 Ἐὰν
3171 4378 3286 4446 ἄρα
3313 4378 3611 4445 συνῶσιν,
3649 4380 3730 4431 ἵνα

2153 4465 2226 4535 μὴ
2264 4463 2390 4535 δόξῃ
2425 4465 2456 4534 ἡ
2488 4465 2799 4536 πρόρρησις
2846 4468 2995 4538 παρὰ
3023 4471 3137 4533 τοῖς
3170 4471 3419 4541 ἀνοήτοις
3489 4474 3729 4541 ἀναγκα-

454 4568 533 4622 di.
553 4563 610 4618 In
636 4564 928 4635 Evangelio
952 4571 1132 4616 autem
1166 4560 1289 4615 ideo
1320 4559 1455 4614 dicit
1489 4575 1503 4610 :
1545 4555 1707 4609 Forte
1730 4558 2038 4608 verebuntur

2151 4559 2308 4628 στική
2342 4574 2425 4621 τις
2460 4555 2600 4613 εἶναι
2634 4561 2771 4631 πρὸς
2796 4561 3100 4632 παρακοήν.
3121 4561 3208 4614 Ἐν
3229 4562 3284 4615 δὲ
3311 4562 3387 4633 τῷ
3420 4564 3730 4632 Εύαγγελίῳ

459 4659 652 4714 Filium
676 4672 868 4720 meum,
896 4664 956 4708 ut
991 4654 1247 4708 ostendat
1287 4652 1433 4721 quod
1475 4649 1766 4705 debuerint
1805 4647 1857 4701 id
1884 4661 2046 4717 agere

458 4760 517 4805 ct
548 4750 747 4805 Filium
774 4747 970 4803 vereri.

487 4899 506 4918 ”
532 4933 701 4989 Vens.
735 4932 828 4986 47.
861 4929 1004 4997 Quid
1039 4927 1244 4984 indicat
1281 4927 1413 4983 illud
1443 4945 1458 4983 :
1499 4924 1669 4996 Super
1700 4926 1876 4980 omnia
1915 4925 2048 4978 bona

460 5043 563 5082 sua
611 5024 894 5078 constituet
930 5022 1097 5077 eum?
1157 5021 1346 5086 idest,
1381 5034 1614 5092 regnum
1661 5017 1929 5073 caelorum
1972 5017 2049 5070 illi

461 5117 764 5191 praestabit.

1029 5263 1261 5321 CAPUT
1314 5262 1479 5318 XXV.

536 5395 706 5450 Vens.
739 5396 790 5449 l.
824 5392 1092 5448 Parabola
1124 5391 1400 5462 virginum
1443 5390 1512 5445 de
1536 5389 1883 5461 eleemosyna
1919 5388 2055 5444 dici-

464 5496 575 5543 tur.
610 5486 717 5542 Sed
746 5488 799 5541 in
842 5484 987 5539 ﬁdeli
1019 5493 1072 5539 et
1109 5483 1163 5537 in
1191 5482 1477 5537 insensato
1506 5496 1689 5547 servo,
1721 5481 2053 5552 generaliter

465 5583 640 5653 magis
668 5583 734 5636 de
781 5578 932 5633 omni
964 5577 1152 5632 oﬁicio
1182 5576 1448 5647 loquitur,
1475 5575 1625 5646 quod
1661 5575 1714 5629 in
1740 5575 2053 5646 proximum

466 5674 695 5743 implere
720 5680 938 5743 oportet
964 5689 976 5725 :
1003 5671 1057 5725 in
1087 5670 1191 5724 ista
1216 5676 1400 5724 autem
1432 5668 1498 5722 de
1520 5669 1893 5739 eleemosyna.
1911 5666 2053 5734 Quid

472 5773 557 5818 est
595 5764 741 5832 quod
769 5762 904 5815 dicit
925 5761 1249 5830 Apostolus,
1285 5758 1357 5812 De
1376 5758 1670 5828 virginibus
1705 5768 1880 5811 autem
1912 5774 2055 5828 pra:-

470 5862 674 5921 ceptum
711 5850 929 5905 Domini
958 5866 1058 5904 non
1108 5849 1315 5905 habeo?
1356 5847 1540 5904 Laudo
1579 5851 1824 5919 quidem,
1855 5851 2053 5921 inquit,

2148 4648 2237 4701 διὰ
2266 4648 2426 4702 τοῦτο
2454 4646 2629 4703 εἶπεν·
2689 4653 2871 4716 Ἴσως
2921 4652 3406 4721 ἐντραπήσονται
3440 4654 3548 4707 τὸν
3601 4652 3730 4707 Υιόν

2152 4760 2285 4810 μου,
2320 4743 2409 4796 ἵνα
2438 4743 2587 4816 δείξῃ
2616 4745 2698 4797 δτι
2725 4744 2957 4813 ὤφειλον
2983 4746 3141 4798 τοῦτο
3165 4746 3387 4817 ποιῆσαι
3426 4748 3519 4800 καὶ
3548 4748 3731 4815 ἐντρα-

2160 4836 2331 4905 πῆναι
2357 4836 2448 4889 τὸν
2474 4836 2623 4891 Υίόν.

2227 4926 2292 4981 Τί
2324 4927 2475 4998 δηλοῖ
2498 4928 2579 4994 τὸ,
2649 4929 2780 4983 Ἐπὶ
2814 4928 3007 4986 πᾶσιν
3050 4928 3176 4996 τοῖς
3220 4928 3603 5000 ὑπάρχουσιν
3632 4930 3730 4983 αὐ-

2152 5017 2262 5073 τοῦ
2286 5020 2663 5087 καταστήσει
2705 5022 2927 5085 αὑτόν;
2988 5022 3136 5076 Ἀντὶ
3165 5021 3281 5089 τοῦ,
3316 5022 3430 5094 Τὴν
3462 5021 3731 5093 βασιλείαν

2152 5111 2264 5165 τῶν
2292 5112 2545 5184 οὐρανῶν
2580 5115 2806 5184 παρέξει
2836 5115 3009 5188 αὐτῷ.

2756 5261 3011 5320 ΚΕΦΑΛ.
3046 5262 3174 5321 ΚΕ’.

2246 5384 2310 5442 Ἥ
2367 5389 2651 5459 παραϐολὴ
2701 5391 2813 5442 τῶν
2864 5391 3150 5461 παρθένων
3192 5392 3322 5463 περὶ
3369 5392 3730 5465 ὲλεημοσύνης

2156 5481 2328 5549 λέγει·
2360 5481 2476 5535 ἀλλ’
2517 5484 2611 5535 ἐπὶ
2658 5482 2752 5535 τοῦ
2784 5483 2982 5537 πιστοῦ
3010 5483 3199 5537 δούλου
3241 5487 3334 5538 καὶ
3360 5485 3455 5539 τοῦ
3488 5487 3729 5555 ἀγνώμο⁴

2157 5591 2268 5640 νος,
2302 5573 2737 5645 καθολικώτερον
2770 5576 2900 5647 περὶ
2945 5577 3127 5647 πάσης
3159 5577 3428 5645 ὠφελείας
3463 5577 3631 5647 λέγει,
3670 5576 3729 5646 ἢν

2159 5667 2239 5729 είς
2286 5665 2377 5719 τὸν
2424 5665 2654 5736 πλησίον
2705 5668 3115 5722 ἐπιδείκνυσθαι
3157 5670 3288 5740 χρή·
3328 5672 3423 5722 ἐπὶ
3465 5670 3522 5722 δὲ
3572 5667 3728 5735 αὐτῆς

2161 5757 2289 5826 περὶ
2320 5757 2716 5827 ὲλεημοσύνης.
2748 5760 2813 5812 Τί
2847 5762 2994 5815 ἐστιν
3036 5762 3064 5815 ὃ
3115 5763 3262 5831 λέγει
3307 5765 3335 5816 ὁ
3399 5760 3726 5820 ’Δπὸστολο;.

2164 5850 2298 5917 Περὶ
2323 5849 2391 5901 δὲ
2418 5848 2537 5903 τῶν
2560 5852 2875 5921 παρθένων
2900 5854 3196 5925 ἐπιταγὴν
3231 5857 3450 5923 Kvp/ov
3473 5854 3583 5908 οὐκ
3603 5851 3729 5919 ἔχωὶ
