4026 6402
310 358 443 426 ῙῙΞἸ

1299 355 1623 417 SCIIOLIA
1663 353 1961 417 VETERA
2005 353 2088 416 IN
2129 341 2610 416 MATTH/EUM.

3433 362 3575 426 1153

317 464 556 521 Ἐπαινῶ
615 463 711 534 μὲν
764 464 893 534 γάρ,
953 463 1140 532 φησὶν,
1194 463 1285 516 τὸν
1346 463 1740 534 κατορθοῦντα,
1790 464 1888 516 οὐκ

1994 462 2132 519 bene
2162 475 2604 531 conversantem,
2648 479 2762 519 non
2794 479 2938 536 cogo
2963 479 3074 521 non
3127 467 3421 538 volentem,
3469 491 3577 530 non

304 556 599 625 ἀναγκάζω
632 557 688 610 δὲ
717 557 808 610 τὸν
847 554 922 627 μὴ
965 554 1311 626 βουλόμενον,
1359 556 1483 609 οὐδὲ
1515 554 1798 625 ἐπίταγμα
1827 554 1890 607 τὸ

307 652 540 720 πρᾶγμα
577 648 739 702 ποιῶ.

381 761 480 813 Διά
526 759 579 813 τί
612 759 774 830 ’λέγει
825 760 1012 831 μωρὰς
1043 759 1143 824 τὰς
1188 759 1494 831 παρθένους
1541 758 1641 824 τὰς
1682 760 1888 829 πένης

305 848 448 901 Διότι
479 847 570 900 τὸν
620 847 947 918 δριμύτερον
987 849 1080 900 καὶ
1129 847 1575 918 πολεμικώτερον
1627 848 1737 902 τῶν
1785 865 1891 901 σω-

307 941 493 1009 μάτων
519 939 756 1009 πόλεμον
787 938 1053 1008 βαστάσαι
1077 939 1408 1011 δυνηθεῖσαι,
1438 941 1529 994 τὸν
1555 940 1890 1011 κουφότερον

303 1033 400 1096 τῆς
444 1032 784 1101 μεταδόσεως
809 1032 1014 1103 τρόπον
1059 1033 1162 1086 οὑκ
1213 1032 1569 1102 ἐφυλάξαντο.
1624 1033 1775 1101 ’Ὁσῳ
1807 1048 1890 1094 τις

305 1125 384 1186 είς
413 1122 474 1176 τὸ
504 1118 670 1194 ἦττον
698 1124 954 1196 ἥττηται.
989 1125 1215 1178 τοσοῦτο
1251 1124 1452 1193 μᾶλλον
1476 1123 1886 1192 ἀσύγγνωστος·

302 1215 390 1268 διά
432 1215 589 1268 τοῦτο
641 1212 734 1269 οῦν
764 1217 966 1286 μωραί.
1006 1217 1070 1270 Ei
1107 1216 1164 1269 δὲ
1197 1212 1355 1272 αὗται
1393 1216 1603 1286 μωραὶ,
1653 1216 1704 1267 oi
1754 1213 1890 1285 μηδὲ

304 1308 600 1380 παρθενίαν
631 1309 967 1377 φυλάξαντες
1009 1310 1103 1364 καὶ
1139 1309 1423 1380 πλεονεξίᾳ
1457 1308 1888 1380 κεκρατημένοι,

300 1403 355 1456 τί
387 1402 754 1472 κληθήσονται
790 1403 885 1456 καὶ
914 1404 1238 1470 πείσονται;

380 1515 446 1568 Ai
491 1513 774 1584 λαμπάδες
819 1511 913 1568 οὖν
949 1514 1299 1585 σημαίνουσι,
1335 1514 1434 1585 τῆς
1483 1513 1782 1583 παρθενίας
1828 1513 1891 1566 τὸ

301 1607 578 1678 λαμπρόν
602 1607 699 1660 τὸν
729 1607 900 1672 ἔλεον,
933 1607 1031 1677 τὴν
1080 1604 1473 1678 ἐλεημοσύνηνο
1517 1604 1575 1658 τὸ
1619 1605 1676 1659 δὲ
1712 1604 1891 1675 χρονί-

302 1701 419 1764 ζειν
442 1700 535 1753 τὸν
592 1698 868 1770 Νυμφίον,
895 1699 989 1753 τὸν
1017 1700 1116 1752 οὐκ
1147 1700 1328 1780 ὀλίγον
1354 1698 1545 1769 χρόνον
1582 1697 1664 1762 είς
1696 1698 1758 1750 τὸ
1784 1713 1886 1766 φα-

299 1791 482 1860 νῆνοιι⁸
534 1790 598 1842 τὸ
636 1789 693 1843 δὲ
742 1789 1052 1854 καθεύδειν,
1104 1789 1196 1842 τὸν
1247 1788 1502 1843 θάνατον’
1549 1788 1611 1841 τδ
1657 1789 1714 1842 δὲ
1761 1789 1888 1858 περὶ
1923 1819 1963 1874 Β

300 1884 476 1952 μέσας
528 1882 751 1948 νύκτας,
867 1883 952 1936 ὅτι
995 1884 1052 1936 ὲν
1101 1881 1260 1936 νυκτὶ
1305 1883 1338 1953 ἡ
1387 1880 1705 1944 ἀνάστασις,
1737 1880 1770 1952 ἢ
1808 1881 1889 1933 ὅτι

295 1975 662 2046 ἀπροοράτως
691 1975 788 2028 καὶ
814 1973 1134 2043 ἀγνώστως·
1166 1973 1228 2028 τὸ
1260 1973 1316 2027 δὲ
1345 1974 1567 2044 αἰτῆσαι
1599 1974 1748 2044 παρά
1784 1973 1891 2026 τῶν

294 2070 578 2140 φρονίμων
625 2067 719 2123 καὶ⁵
768 2069 845 2140 μὴ
897 2067 1084 2121 λαϐεῖν
1119 2065 1292 2130 ἔλεον,
1333 2066 1416 2120 ὅτι
1457 2065 1632 2128 οὐδεὶς
1661 2063 1774 2118 τῶν
1809 2064 1889 2117 δι-

293 2163 471 2218 καίων
519 2163 637 2215 ἐκεῖ
665 2160 789 2214 τότε
842 2158 1149 2231 προστῆναί
1195 2175 1343 2222 τινος
1392 2157 1617 2212 δύναται
1671 2158 1705 2230 ἢ
1761 2155 1889 2228 βοη-

295 2253 486 2325 θῆσαμ

381 2345 447 2398 Τί
496 2347 646 2399 ἐστιν
680 2343 763 2410 τὸ,
814 2343 1150 2413 Πορεύεσθε
1176 2341 1274 2395 καί
1307 2339 1646 2410 ἀγοράσατε
1674 2355 1692 2404 ;
1717 2337 1890 2392 Τοῦτο

291 2437 453 2492 εἶπεν
488 2441 554 2508 τῇ
591 2436 878 2510 παραϐολῇ
903 2434 1264 2506 παραμένων,
1299 2433 1392 2486 καὶ
1426 2431 1666 2500 ὑφαίνων
1695 2430 1886 2502 αὐτήν·

291 2530 327 2601 ἢ
363 2529 661 2602 εἰρωνικῶς
689 2529 928 2600 νοητέον,
959 2527 1070 2592 ὅτε,
1103 2526 1291 2598 φησὶν,
1318 2525 1419 2578 οὐκ
1451 2524 1621 2576 ἐστιν.

386 2639 520 2694 Κατ’
566 2639 802 2710 ἔλλειψιν
857 2638 1176 2710 περιοδικὴν
1228 2639 1470 2708 εἴρηται·
1535 2633 1713 2688 λείπει
1780 2633 1890 2705 γάρ

291 2736 493 2795 οὕτως*
529 2737 642 2790 Καὶ
690 2739 717 2790 ό
757 2735 961 2808 Κύριος
991 2733 1316 2788 ἔπι-τελέσει·
1357 2733 1391 2804 ἢ
1429 2735 1462 2803 ἡ
1501 2730 1786 2803 παραϐολὴ
1827 2729 1888 2782 οὐ

292 2829 436 2901 πρὸς
462 2830 840 2894 ἀνταπόδοσιν,
873 2826 988 2882 ἀλλ’
1018 2828 1093 2891 ὡς
1142 2825 1436 2897 αὐτοτελὴς
1486 2825 1582 2878 καὶ
1622 2823 1716 2876 τοῦ
1751 2839 1890 2893 προ-

297 2924 614 2995 ηγουμένου
648 2922 814 2994 ῥητοῦ
847 2921 996 2975 αἰτία
1023 2912 1522 2992 είρηταιόίονρὺκ
1547 2916 1749 2970 οῖδατε
1771 2916 1889 2983 τὴν

289 3015 528 3086 ἡμέραν
551 3016 696 3071 οὐδὲ
725 3015 842 3084 τὴν
864 3013 1024 3084 ὥραν
1043 3014 1116 3067 ἐν
1136 3009 1175 3086 ᾖ
1202 3016 1234 3067 ὀ
1278 3010 1412 3078 Υἱὸς
1438 3009 1545 3064 τοῦ
1572 3009 1889 3079 ἀνθρώπου

288 3111 554 3182 ἔρχεται.
584 3108 685 3162 Διά
714 3108 766 3161 τί
795 3127 809 3174 ;
845 3109 1059 3178 Ὠσπερ
1099 3105 1208 3177 γὰρ
1242 3103 1534 3176 ἄνθρωπος
1564 3102 1884 3173 ἀποδημῶν,

1997 568 2331 628 praeceptum
2364 559 2505 613 hanc
2541 574 2652 614 rem
2691 559 2854 613 facio.

2063 754 2229 811 Vens.
2251 756 2305 811 2.
2335 756 2449 811 Cur
2477 756 2610 812 dicit
2657 758 2838 816 fatuas
2867 760 3110 830 virgines
3145 761 3267 818 illas
3294 767 3579 838 quinque?

1991 842 2126 908 Quia
2161 845 2414 901 acerbius
2448 856 2502 900 et
2533 847 2803 904 dim-cilius
2833 850 2886 904 in
2910 867 3140 921 corpora
3173 854 3374 909 bellum
3417 861 3578 913 susti-

1991 951 2122 988 nere
2149 951 2276 991 cum
2312 941 2639 1008 potuissent,
2689 942 2864 998 levius
2919 944 3024 1000 olei
3086 950 3417 1017 sumptionis
3453 951 3572 1006 olli-

1991 1027 2135 1082 cium
2170 1045 2278 1084 non
2310 1033 2668 1103 expleverint.
2697 1035 2917 1102 Quanto
2949 1040 3074 1108 quis
3125 1040 3177 1094 in
3225 1043 3422 1100 minori
3452 1046 3572 1100 vin-

1993 1120 2168 1186 citur,
2201 1131 2360 1177 tanto
2389 1126 2573 1180 minus
2608 1126 2998 1198 ignoscendus.
3033 1131 3161 1186 ideo
3195 1133 3361 1204 igitur
3389 1138 3572 1193 stulta:

1992 1221 2159 1280 sunt;
2183 1214 2228 1268 si
2261 1231 2394 1270 vero
2421 1218 2541 1272 istae
2569 1221 2770 1284 stultae,
2791 1223 2885 1292 qui
2921 1239 3030 1277 non
3055 1225 3420 1293 virginitatem
3451 1245 3572 1284 ser-

1993 1313 2258 1356 vaverunt
2303 1314 2360 1359 et
2409 1309 2654 1364 aVaritite
2701 1321 3024 1381 paruerunt,
3077 1320 3353 1384 quomodo
3409 1335 3572 1375 voca-

1991 1392 2198 1448 buntur
2219 1404 2273 1449 et
2302 1398 2567 1456 credent?

2063 1499 2230 1559 Vens.
2279 1505 2333 1560 5.
2364 1505 2670 1578 Lampades
2701 1526 2832 1582 ergo
2867 1514 3182 1584 signiﬁcant
3241 1521 3572 1590 virginitatis

1992 1595 2370 1665 splendorem;
2423 1599 2604 1655 oleum
2664 1617 2812 1670 vero,
2867 1607 3304 1679 eleemosynam;
3369 1613 3568 1682 Sponsi

1995 1704 2171 1754 mora,
2204 1698 2422 1762 tempus
2448 1710 2556 1748 non
2589 1695 2752 1751 breve
2775 1698 2841 1752 ad
2876 1713 2936 1754 se
2957 1702 3392 1770 ostendendum;
3419 1720 3574 1760 som—

1993 1795 2118 1847 nus,
2145 1791 2419 1846 mortem;
2455 1786 2632 1840 media
2684 1802 2815 1854 nox,
2848 1790 3025 1844 autin
3079 1799 3240 1847 nocte
3293 1809 3576 1850 resurrec-

1997 1875 2224 1944 tionem,
2247 1889 2339 1933 aut
2367 1893 2474 1934 non
2505 1882 2680 1936 visam
2708 1898 2884 1953 neque
2905 1887 3178 1955 cognitam
3203 1888 3425 1958 ;petitio
3445 1905 3579 1945 vero

1994 1970 2098 2024 olei
2130 1985 2158 2024 a
2181 1973 2521 2040 sapientibus
2551 1983 2604 2029 et
2642 1978 2879 2046 negatio,
2915 1980 3124 2034 nullum
3145 1981 3427 2052 justorutn
3461 1984 3576 2038 illic

1996 2063 2258 2132 prodesse
2285 2073 2380 2118 aut
2414 2080 2574 2135 opem
2615 2065 2760 2122 ferre
2790 2069 2955 2125 alicui
2983 2081 3115 2128 tunc
3139 2089 3325 2143 posse.

2065 2341 2232 2398 Vens.
2269 2345 2321 2399 9.
2359 2344 2496 2411 Quid
2526 2355 2608 2401 est
2639 2365 2651 2400 :
2690 2347 2771 2403 Ite
2801 2358 2850 2402 et
2882 2350 3080 2404 emite?
3133 2350 3187 2407 Id
3228 2352 3363 2408 dicit
3411 2369 3573 2424 para-

1993 2437 2131 2491 bolae
2189 2438 2496 2493 insistendo
2534 2449 2588 2494 et
2625 2441 2774 2497 illam
2825 2444 3191 2513 explicando;
3226 2456 3320 2500 aut
3361 2447 3573 2505 ironice

1993 2529 2381 2599 intelligendus
2409 2542 2494 2586 est
2525 2533 2683 2601 quasi
2715 2549 2823 2589 non
2855 2535 3167 2602 invenietis,
3209 2537 3434 2594 diceret.

2064 2639 2228 2698 Vens.
2259 2643 2345 2697 14.
2375 2643 2478 2698 Per
2508 2645 2726 2714 phrasis
2754 2645 2967 2716 ellipsin
2993 2648 3230 2717 dicitur;
3253 2649 3403 2705 deest
3423 2653 3572 2708 enim

1993 2731 2142 2788 istud
2181 2752 2195 2789 :
2229 2735 2494 2791 Dominus
2544 2739 2812 2794 retribuet
2843 2739 3006 2804 sicut,
3045 2751 3170 2808 etc;
3201 2742 3282 2796 vel
3317 2745 3572 2812 parabola

1993 2841 2101 2882 non
2131 2827 2554 2884 correlationem
2582 2831 2810 2896 obtinet,
2841 2833 2936 2888 sed
2975 2841 3033 2888 ut
3067 2834 3487 2906 independentis
3517 2847 3574 2892 et

1994 2920 2357 2990 praecedentis
2376 2922 2507 2977 dirti
2544 2926 2855 2994 exemplum
2882 2927 3173 2996 exponitur
3203 2945 3216 2994 ;
3250 2929 3411 2998 quale
3450 2939 3572 2986 est:

1991 3011 2222 3068 Nescitis
2248 3015 2388 3070 diem
2431 3032 2594 3086 neque
2626 3018 2817 3072 horam
2869 3019 2923 3073 in
2958 3035 3064 3090 qua
3115 3018 3290 3075 Filius
3350 3023 3578 3076 hominis

1992 3106 2184 3160 reniet.
2211 3105 2427 3172 Quare?
2461 3105 2529 3162 Ut
2556 3109 2701 3163 enim
2741 3110 2907 3164 homo
2941 3113 3324 3180 peregrinans,
3373 3114 3456 3168 sic
3484 3131 3575 3168 ve-

288 3159 470 3266 οὲςως
503 3203 745 3274 ἔρχεται·
782 3159 890 3255 ἀπὸ
939 3159 1122 3255 κοινοῦ
1162 3159 1271 3271 γὰρ
1303 3159 1384 3264 τό,
1419 3159 1675 3264 ἐρέεται·
1802 3196 1888 3248 αἱ-

2221 3159 2256 3172 ...
2473 3159 2528 3162 -τ
2742 3159 2900 3164 --ττ-γν
2942 3159 3324 3180 νν--ο--η--ν,
3373 3159 3455 3168 ---
3492 3159 3545 3168 ιν

1999 3198 2144 3266 niet;
2190 3199 2614 3254 indeterminate
2661 3201 2807 3254 enim
2851 3203 3089 3256 sumitur
3134 3205 3264 3258 illud
3303 3224 3318 3259 :
3375 3204 3574 3261 Veniet.

290 3295 508 3368 φνίδιον
537 3295 593 3347 δὲ
620 3295 710 3347 διὰ
741 3293 902 3346 τοῦτο
933 3292 1266 3363 παρίστησιν
1297 3291 1397 3360 τῆς
1449 3287 1756 3359 παρουσίας
1789 3288 1888 3339 αύ-

290 3389 416 3444 τοῦ.
455 3382 588 3442 Εἶτα
622 3385 900 3455 ὲξυφαίνει
933 3387 992 3438 τὸ
1035 3383 1406 3455 παράδειγμα.
1463 3385 1567 3448 Ὃς
1603 3379 1884 3447 ἐκάλεσε,

294 3483 488 3553 φησὶν,
520 3481 661 3546 τοὺς
688 3479 882 3544 ίδιους
909 3477 1189 3541 δούλους,
1221 3476 1314 3528 καὶ
1362 3476 1508 3545 ἑξῆς·
1541 3475 1656 3527 ἔστι
1694 3475 1749 3526 δὲ
1793 3473 1888 3527 καὶ

294 3575 471 3647 χωρὶς
517 3572 608 3626 τοῦ
645 3573 752 3626 ἀπὸ
801 3571 983 3626 κοινοῦ
1036 3571 1098 3624 τὸ
1144 3569 1307 3640 ῥητὸν
1352 3569 1426 3631 ῶς
1473 3567 1585 3638 ἔχει
1635 3566 1889 3639 φράσεως

293 3667 568 3722 ὲκλαϐεῖψ
602 3661 735 3730 οἷον,
771 3665 1102 3735 Γρηγορεῖτε
1143 3658 1259 3726 οῦι,
1308 3663 1390 3714 ὅτι
1442 3661 1544 3713 οὐκ
1577 3660 1757 3713 οἴδατε
1789 3659 1888 3731 τὴν

294 3761 514 3833 ἡμέραν
535 3760 653 3812 οὐδὲ
677 3759 773 3830 τὴν
796 3756 944 3830 ῶραν
966 3759 1022 3810 ἐν
1105 3758 1131 3809 ό
1155 3755 1282 3820 Υίδς
1301 3753 1395 3809 τοῦ
1420 3751 1706 3824 ἀνθρώπου
1743 3753 1889 3825 ἔρχεο

293 3870 408 3907 ται.
432 3851 528 3904 Διά
542 3852 593 3904 τί
614 3871 628 3917 ;
647 3851 860 3920 Ὥσπερ
878 3849 986 3920 γὰρ
1009 3848 1291 3918 ἄνθρωπος
1311 3846 1607 3918 ἀποδημῶν
1630 3845 1889 3898 ἐκάλεσεν

294 3948 425 4007 τοὺς
453 3944 614 4007 ἰδίους
643 3943 864 4007 δούλους
906 3943 1000 3996 καὶ
1030 3941 1348 4013 παρέδωκεν
1379 3941 1562 4001 αὐτοῖς
1609 3942 1677 3992 τὰ
1708 3938 1888 4008 ὑπάρ-

297 4052 466 4108 χοντα
528 4035 716 4089 αὑτοῦ·
774 4035 870 4087 καὶ
925 4034 1033 4104 γὰρ
1063 4031 1410 4102 ὑποστιγμῆς
1462 4029 1562 4099 μὲν
1615 4029 1757 4082 κατὰ
1790 4029 1888 4099 τὴν

290 4132 607 4198 ἀνάγνωσιν
636 4124 1208 4197 παραλαμϐανομένης
1238 4125 1296 4176 ἐν
1322 4124 1420 4192 τῷ,
1439 4120 1888 4190 ἀποδημῶνῃε-

294 4220 450 4282 λείας
482 4221 538 4272 δὲ
574 4221 631 4272 ὲν
681 4216 758 4289 τῷ
788 4215 998 4283 αὑτοῦ,
1053 4215 1313 4278 ἀϐίαστος
1359 4215 1388 4268 ό
1422 4211 1683 4276 νοῦςκαὶ
1716 4216 1749 4282 η
1792 4210 1886 4264 τοῦ

295 4312 462 4381 λόγου
498 4309 776 4374 σύνταξις.

369 4421 473 4473 Διά
495 4419 547 4472 τί
570 4419 718 4487 λέγει
742 4420 826 4471 ὃτι
855 4416 1132 4488 παραδοὺς
1165 4415 1234 4469 τά
1258 4414 1501 4468 τάλαντα
1533 4415 1646 4476 τοῖς
1679 4411 1888 4477 δούλοις

1996 3288 2364 3361 Repentinum
2395 3300 2578 3346 autem
2605 3308 2638 3364 p
2657 3309 2716 3348 er
2740 3294 2846 3349 hoc
2869 3295 3066 3349 statuit
3088 3295 3207 3365 ejus
3239 3297 3534 3352 adventum
3559 3315 3576 3366 ;

1995 3382 2191 3438 deinde
2220 3385 2459 3455 explicat
2487 3387 2797 3457 exetnplum
2834 3404 2848 3440 :
2886 3388 2980 3457 qui
3007 3389 3232 3452 vocavit,
3270 3391 3370 3454 ait,
3401 3409 3577 3446 servos

1995 3492 2141 3542 suos,
2174 3485 2281 3532 etc.
2315 3478 2410 3533 Est
2442 3487 2622 3534 autem
2676 3481 3054 3534 necessarium
3106 3497 3214 3536 non
3255 3483 3576 3538 indctermi-

1996 3580 2145 3636 nate,
2180 3581 2240 3625 ut
2275 3571 2494 3641 phrasis
2523 3587 2580 3627 se
2615 3572 2798 3639 habet,
2840 3573 3050 3628 dictum
3083 3574 3386 3643 intelligere
3416 3593 3429 3630 :
3465 3576 3576 3631 sci-

1997 3665 2148 3731 licet,
2185 3665 2407 3736 vigilate
2437 3681 2592 3736 ergo,
2632 3669 2764 3736 quia
2813 3668 3044 3724 nescitis
3088 3669 3230 3723 diem
3269 3683 3446 3738 neque
3473 3670 3575 3723 bo-

1997 3775 2138 3827 ram,
2163 3760 2215 3813 in
2247 3775 2350 3830 qua
2380 3761 2526 3815 ﬁlius
2553 3761 2793 3815 hominis
2825 3761 3028 3816 veniet.
3057 3762 3236 3827 Quare
3262 3762 3406 3816 sicut
3431 3762 3576 3816 enim

1997 3854 2164 3908 homo
2191 3869 2417 3925 peregre
2469 3855 2824 3923 proﬁciscens
2870 3854 3086 3908 vocavit
3141 3869 3331 3909 servos
3370 3869 3501 3910 suos
3527 3862 3575 3909 et

1997 3946 2222 3999 tradidit
2245 3945 2352 4000 illis
2376 3946 2516 3999 bona
2545 3960 2665 4000 sua.
2687 3944 2902 4001 Etenim
2929 3960 3025 4014 per
3053 3945 3326 4015 virgulam
3351 3945 3578 4016 legendo

1949 4092 1954 4095 _
1997 4035 2306 4102 appositam
2340 4041 2462 4102 post
2500 4050 2712 4105 peregre
2742 4035 3098 4104 proﬁciscens,
3155 4045 3418 4104 punctum
3448 4051 3578 4092 vero

1995 4135 2119 4196 post
2151 4141 2272 4190 sata,
2310 4139 2418 4180 non
2455 4138 2643 4179 coaeta
2671 4134 2754 4180 est
2796 4125 3153 4196 intelligentia
3207 4133 3263 4178 et
3308 4126 3577 4183 orationis

1995 4215 2265 4286 syntaxis.

2073 4409 2238 4466 Vens.
2274 4410 2358 4466 l9.
2408 4409 2522 4465 Cur
2567 4410 2700 4466 dicit
2749 4410 2877 4480 quia
2923 4426 3046 4467 cum
3091 4412 3331 4468 dedisset
3375 4413 3575 4468 talenta

295 4513 664 4584 ἀπεδήμησε;
696 4511 765 4562 Ἢ
811 4510 910 4580 τὴν
943 4506 1329 4579 μακροθυμίαν
1373 4503 1804 4575 ἐνδεικνύμενος,
1855 4504 1887 4575 ἢ

1997 4506 2192 4570 servis,
2229 4503 2510 4574 profectus
2540 4505 2658 4559 est?
2677 4506 2786 4560 Aut
2813 4513 2872 4559 ut
2901 4503 3154 4560 ostendat
3186 4505 3577 4577 longanimita—

296 4601 392 4662 τὸν
423 4605 880 4676 παρατεταμένον
914 4601 1138 4673 καιρὸν,
1175 4601 1344 4671 μέχρι
1373 4599 1473 4670 τῆς
1517 4599 1886 4661 ἀναστάσεως.

295 4699 575 4753 Τάλαντον
595 4692 688 4750 οὖν
716 4698 750 4766 ή
774 4694 1006 4748 ἑκάστου
1032 4692 1258 4764 δύναμις
1277 4694 1342 4762 ἢν
1365 4691 1524 4744 ἔλαϐε
1546 4691 1700 4762 παρὰ
1720 4689 1880 4744 Θεοῦ.

297 4791 373 4844 Τὸ
398 4788 648 4853 δὲ,Ἕ¹δει
671 4804 744 4841 σε
768 4783 1131 4840 καταϐαλεῖν
1164 4784 1230 4836 τὸ
1252 4781 1557 4836 τάλαντόν
1570 4797 1712 4848 μου,
1733 4777 1892 4832 τοῦτο

295 4884 472 4953 λέγει,
496 4882 555 4935 τὸ
575 4883 752 4935 εἰπεῖν
783 4880 877 4934 καὶ
918 4877 1251 4950 παραινέσαι
1285 4876 1381 4930 καὶ
1412 4873 1810 4945 συμϐουλεῦσαι
1858 4872 1889 4944 ἢ

299 4974 780 5047 συμϐουλευθῆναι
822 4976 856 5043 ἢ
887 4971 1308 5044 παραινεθῆναι.
1346 4968 1636 5040 Ἀργύριον
1653 4965 1708 5020 δὲ
1735 4965 1892 5020 καλεῖ

297 5070 576 5139 τάΛόγια·
596 5065 933 5141 τραπεζίτας
954 5066 1034 5132 δὲ,
1049 5066 1174 5127 τοὺς
1195 5062 1514 5125 ἀκούοντας
1537 5061 1695 5116 τόκον
1710 5059 1893 5130 δὲ,τὴν

299 5162 412 5216 τῶν
449 5162 628 5233 ἔργων
662 5159 924 5224 ἐπίδειξιν
954 5157 1054 5211 καὶ
1099 5156 1367 5228 ἐργασίαν
1396 5155 1488 5208 ἐπὶ
1521 5154 1583 5207 τὸ
1619 5154 1887 5223 κρεῖττον·

297 5252 535 5323 ἀρθῆναι
562 5252 619 5304 δὲ
651 5249 864 5304 κελεύει
893 5248 955 5302 τὸ
985 5247 1138 5301 δοθὲν
1165 5246 1451 5310 τάλαντον,
1475 5243 1619 5297 τοῦτ’
1647 5243 1795 5296 ἐστιν
1824 5241 1887 5294 τὸ

298 5345 568 5414 χάρισμα,
602 5343 696 5397 ἀπ’
725 5341 912 5407 αὑτοῦ,
949 5340 1046 5394 καὶ
1075 5339 1441 5410 προστεθῆναι
1465 5337 1545 5407 τῷ
1578 5335 1773 5407 ἔχοντι·
1806 5335 1893 5388 λέ-

297 5453 389 5504 γει
428 5435 485 5488 δὲ
513 5437 640 5505 περὶ
670 5434 1011 5488 διδασκάλων
1035 5433 1110 5498 ὡς
1134 5432 1229 5485 ἐπὶ
1261 5431 1323 5485 τὸ
1351 5430 1511 5502 πολύ.

373 5641 474 5696 Διά
502 5639 555 5692 τί
585 5641 808 5711 ἐρίφους
835 5638 962 5702 τοὺς
990 5635 1374 5708 ἁμαρτωλοὺς,
1404 5632 1657 5705 πρόϐατα
1677 5631 1735 5685 δὲ
1763 5631 1890 5694 τοὺς

298 5735 546 5797 δικαίους
587 5733 776 5803 λέγει;
829 5733 954 5785 Ὅτι
996 5731 1053 5796 ἐξ
1087 5729 1292 5801 ιρίφων
1331 5727 1593 5801 πρόσοδος
1629 5724 1887 5795 οὐδεμία,

298 5830 371 5882 ὲκ
423 5827 479 5881 δὲ
533 5826 822 5899 προϐάτων
856 5825 1048 5896 πολλὴ,
1083 5823 1143 5887 ἐξ
1189 5822 1359 5894 ἐρίου,
1414 5823 1477 5875 ὲκ
1513 5817 1772 5883 τοκετῶν,
1825 5817 1889 5869 ὲκ

1998 4604 2128 4662 tem,
2154 4606 2248 4651 aut
2280 4605 2494 4666 tempus
2529 4612 2640 4666 quo
2668 4596 2910 4652 distabat
2939 4612 2969 4650 a
3007 4598 3436 4654 resurrectione.
3472 4597 3575 4652 Ta-

1996 4689 2204 4744 lentum
2229 4701 2360 4756 ergo
2401 4695 2484 4741 est
2513 4685 2781 4757 cujusque
2807 4689 2889 4743 vis
2919 4703 3083 4758 quam
3115 4703 3145 4742 a
3180 4688 3289 4744 Deo
3323 4690 3572 4758 recepit;

1996 4779 2127 4834 illud
2151 4788 2337 4834 autem
2367 4796 2379 4834 :
2407 4776 2659 4848 Oportuit
2679 4788 2727 4832 te
2749 4781 3074 4834 conmittere
3096 4779 3350 4834 talentum
3380 4797 3576 4845 meum,

1995 4873 2196 4928 dicitur
2235 4871 2304 4925 ad
2354 4871 2777 4942 signiﬁcandum
2813 4873 3018 4926 monita
3051 4882 3106 4927 et
3157 4872 3387 4928 consilia
3422 4871 3576 4939 dare,

1995 4973 2092 5020 aut
2125 4965 2334 5019 monita
2372 4975 2427 5019 et
2479 4963 2708 5018 consilia
2744 4964 2996 5033 excipere
3029 4983 3044 5018 :
3072 4965 3360 5032 pecuniam
3393 4973 3576 5018 autem

1995 5065 2156 5110 vocat
2184 5055 2386 5121 verba;
2417 5053 2841 5118 nummularius,
2879 5069 2978 5110 eos
3002 5054 3095 5124 qui
3145 5055 3409 5120 audiunt;
3442 5069 3576 5108 usu-

1994 5163 2114 5201 ram
2142 5160 2272 5200 vero
2312 5159 2542 5213 operum
2569 5142 3074 5197 manifestationem
3103 5150 3157 5196 et
3192 5143 3568 5212 operationem

1996 5238 2050 5290 in
2085 5236 2304 5292 melius.
2339 5235 2481 5290 Tolli
2514 5245 2696 5291 autem
2744 5235 2902 5305 jubet
2947 5234 3091 5304 quod
3132 5234 3360 5288 dederat
3394 5232 3572 5286 talen-

1997 5341 2136 5397 tum,
2163 5333 2214 5387 id
2244 5342 2348 5395 est,
2377 5330 2606 5401 gratiam
2642 5344 2761 5400 qua:
2783 5345 2847 5384 ex
2895 5328 2988 5382 illo
3019 5336 3123 5394 est,
3157 5336 3211 5381 et
3237 5326 3360 5380 addi
3390 5325 3439 5380 ei
3479 5326 3573 5395 qui

1996 5424 2192 5491 habet;
2253 5424 2498 5494 loquitur
2553 5425 2619 5479 de
2673 5421 2996 5477 doctoribus
3046 5429 3107 5475 ut
3163 5420 3218 5473 in
3287 5416 3574 5488 superiore

1994 5517 2186 5587 gradu.

2071 5627 2233 5683 Vens.
2275 5628 2367 5682 53.
2424 5627 2536 5682 Cur
2589 5627 2774 5681 haedos
2814 5634 3152 5696 peccatores,
3209 5637 3343 5678 oves
3392 5629 3576 5675 autem

1988 5719 2172 5787 iustos
2200 5718 2549 5785 voeat?Quia
2589 5735 2656 5774 ex
2710 5719 2882 5774 haedis
2914 5728 3210 5788 proventus
3259 5715 3464 5779 nullus,
3507 5728 3573 5767 ex

1995 5815 2194 5871 ovibus
2249 5822 2430 5868 autem
2477 5813 2704 5879 multus,
2770 5812 2824 5866 in
2857 5811 3006 5879 lana,
3056 5809 3346 5881 partubus,
3413 5809 3564 5873 lacte,
