4026 6410
532 358 670 423 1159

1210 349 1601 411 OPUSCULA
1644 343 2282 407 SCRIPTURISTICA
2324 341 2677 402 lNCERT/E
2710 342 3017 404 XETATIS.

3658 351 3780 419 llCO

509 487 674 527 caseo
702 488 715 523 ε
751 468 856 523 alia
896 466 1117 537 quidem
1152 465 1307 517 bruta
1335 478 1365 516 a
1398 472 1594 517 natura
1624 478 1746 525 sua,
1784 476 1885 515 nos
1907 469 2089 514 autem

2199 457 2495 526 γάλακτος,
2535 460 2599 511 ὲκ
2635 460 2827 531 τυροῦ.
2894 461 3054 514 Ἀλλὰ
3090 462 3159 515 τὰ
3193 463 3293 532 μὲν
3324 464 3514 533 ἄλογα,
3544 468 3651 521 ἀπὸ
3689 474 3782 539 φύ-

517 584 546 617 a
580 570 771 616 nostra
798 560 1095 612 voluntate.

583 653 750 707 Vens.
790 651 880 705 δι.
927 648 1197 702 l’ossidete
1228 654 1477 716 paratum
1507 645 1651 698 vobis
1705 659 1955 712 regnum;
1988 656 2097 695 non

511 746 643 800 dicit
687 762 699 798 τ
731 741 997 810 Accipite,
1018 739 1111 795 sed
1143 750 1202 794 ut
1236 747 1463 808 paterna
1494 745 1551 793 et
1577 736 1691 805 jam
1723 745 1926 799 vestra,
1962 732 2099 787 Pos-

514 838 697 889 sidele.

584 926 748 981 Vens.
790 925 880 979 42.
916 923 991 979 De
1044 924 1389 993 eleemosyna
1440 921 1687 992 loquitur
1736 919 1944 985 :Quod
1996 934 2097 971 non

507 1019 730 1073 dedistis
766 1016 894 1070 mihi
932 1016 1296 1080 manducare;
1326 1006 1511 1069 etnon
1540 1014 1644 1068 hoc
1670 1021 1883 1067 tantum
1921 1010 2098 1065 admi-

508 1120 720 1175 serunt,
746 1109 839 1164 sed
881 1123 987 1161 non
1023 1107 1231 1161 nudum
1260 1113 1631 1174 operuerunt;
1657 1111 1711 1157 et
1740 1101 1888 1173 quod
1924 1102 2099 1155 levius

506 1214 610 1267 est,
643 1217 749 1257 nou
784 1201 1061 1255 infirmum
1099 1199 1489 1253 visitaverunt.

1070 1343 1303 1401 CAPUT
1344 1343 1541 1400 XXVI.

580 1475 746 1531 Vens.
782 1475 836 1529 3.
867 1472 1007 1540 Quid
1048 1480 1131 1529 est
1170 1471 1529 1541 :Cougregati
1551 1478 1674 1524 sunt
1705 1468 1973 1539 principes
2003 1486 2097 1523 sa-

503 1569 817 1623 cerdotum?
871 1566 1250 1621 Ostenduntur
1298 1563 1524 1619 Judaica
1589 1562 1806 1617 initium
1871 1576 2096 1617 sumere

502 1658 909 1714 dissolutionis.
942 1656 1077 1710 Nam
1110 1654 1325 1727 Moyses
1372 1670 1541 1709 unum
1580 1668 1705 1708 esse
1735 1652 2088 1708 sacerdotum

2202 568 2361 614 σεως·
2400 552 2563 620 ἡμεῖς
2596 550 2652 604 δὲ
2684 553 2747 604 ὲκ
2780 554 3176 623 προαιρέσεως.

2274 644 2787 711 κληρονομήσατε
2811 645 2926 711 τὴν
2958 648 3413 719 ἡτοιμασμένην
3446 655 3587 724 ὑμῖν
3613 659 3783 721 βασι-

2198 737 2395 791 λείαν.
2446 738 2563 790 Οὐκ
2612 734 2790 802 εἶπεν,
2835 739 3080 805 Λάϐετε,
3128 742 3245 795 ἀλλ’
3292 743 3366 808 ὼς
3422 749 3653 818 πατρῷα
3702 754 3783 804 καὶ

2107 868 2117 875 .
2202 828 2354 897 ὑμῶν
2382 829 2483 899 ήδη
2522 830 2673 895 ὅντα,
2710 831 3248 901 κληρονομήσατε.

2278 919 2387 989 Τὴν
2419 920 2792 991 ἐλεημοσύνην
2834 922 3001 990 λέγει,
3056 925 3177 977 Ὀτι
3230 926 3341 979 οὐκ
3387 927 3649 983 ἐδώκατέ
3690 951 3781 1001 μοι

2199 1011 2443 1081 sparsit"
2478 1015 2575 1065 καὶ
2599 1013 2659 1065 οὐ
2684 1012 2840 1066 τοῦτο
2876 1014 3037 1083 μόνον
3066 1009 3234 1084 εἶχον,
3279 1016 3393 1069 ἀλλ’
3439 1021 3557 1073 οὐδὲ
3588 1028 3785 1092 γυμνὸν

2200 1102 2553 1173 περιέσαλονο
2589 1104 2682 1157 καὶ
2737 1104 2765 1157 ὃ
2816 1104 3148 1177 κουφότερον
3198 1101 3288 1178 ῆν,
3340 1108 3461 1162 οὐδὲ
3510 1111 3786 1182 ἄρρωστον

2201 1196 2594 1265 ἐπεσκέψαντο.

2780 1343 3034 1396 ΚΕΦΔΛ.
3069 1341 3216 1411 KQ".

2284 1466 2350 1519 Τί
2376 1469 2521 1521 ἐστιν
2549 1469 2632 1533 τὸ,
2662 1469 3077 1540 Συνήχθησαν
3109 1475 3167 1527 οἱ
3200 1473 3522 1544 ἀρχιερεῖ‹;
3552 1477 3785 1546 Ἐδειξεν

2198 1560 2279 1614 ὅτι
2328 1563 2397 1615 τὰ
2453 1562 2724 1617 Ἰουδαῖκὰ
2762 1564 2938 1637 ἀρχὴν
2986 1566 3297 1635 ἐλάμϐανεν
3343 1568 3687 1627 διαλύεσθαι.
3729 1574 3783 1626 Ὀ

2200 1651 2297 1722 μὲν
2324 1652 2433 1722 γὰρ
2461 1653 2665 1723 Μωσῆς
2705 1654 2803 1707 ἕνα
2856 1651 3001 1708 εἶναι
3041 1657 3303 1728 ἀρχιερέα
3345 1659 3655 1715 ἐκέλευσενο
3701 1665 3784 1716 καὶ

505 1750 807 1820 principem
856 1747 1059 1817 jussit;
1118 1758 1171 1802 et
1223 1748 1327 1802 hoc
1380 1755 1622 1810 mortuo,
1672 1752 1807 1801 tunc
1862 1745 2089 1799 alterum

2199 1746 2646 1817 τελευτήσαντος,
2679 1748 2800 1800 τότε
2826 1749 3014 1819 ἕτερον
3044 1750 3314 1818 γίνεσθαι.
3346 1755 3479 1807 Τότε
3511 1755 3566 1808 δὲ
3602 1757 3783 1810 πολλοὶ

505 1816 702 1897 statui.—
726 1840 832 1895 Sed
860 1816 988 1895 itum
1021 1848 1178 1894 erant
1205 1839 1362 1893 multi
1401 1838 1747 1893 sacerdotum
1794 1837 2089 1907 principes,

2199 1831 2335 1906 ἦσαν
2367 1838 2666 1909 ἀρχιερεῖς·
2704 1840 2966 1893 ἐνιαύσιοι
3014 1843 3124 1912 γὰρ
3173 1844 3435 1912 ἐγίνοντο·
3487 1848 3583 1901 καὶ
3634 1849 3785 1903 τοῦτο

507 1936 776 1990 annuales
797 1935 942 1989 enim
972 1932 1175 1987 ﬁebant
1206 1950 1219 1986 :
1249 1942 1304 1987 et
1336 1932 1441 1986 hoc
1467 1930 1672 1986 clarius
1700 1929 1942 1984 ostendit
1985 1928 2093 1981 Lu-

503 2044 602 2082 cas
630 2027 840 2093 dicens,
896 2024 1173 2096 loquendo
1216 2023 1284 2080 de
1336 2022 1649 2078 Zacharia:
1686 2020 1843 2075 Hunc
1872 2021 1936 2075 de
1984 2021 2092 2075 rice

500 2122 637 2174 Aria
664 2136 797 2174 esse.

579 2214 742 2268 Vens.
778 2214 831 2267 5.
859 2211 1001 2279 Quid
1037 2212 1228 2267 dicunt
1279 2229 1294 2267 :
1338 2210 1461 2265 Non
1488 2212 1543 2265 in
1582 2212 1666 2266 die
1713 2210 1868 2280 festo,
1911 2226 1973 2263 ne
2004 2218 2093 2263 tu-

500 2304 700 2358 multus
726 2304 875 2374 ﬁeret
906 2304 961 2357 in
988 2303 1220 2374 populo?
1249 2304 1517 2358 timebant
1539 2303 1685 2357 enim
1717 2303 2004 2373 pepulum,
2026 2314 2093 2355 eo

497 2399 648 2468 quod
687 2396 849 2452 tidem
876 2397 1110 2452 habebat
1140 2396 1193 2450 in
1231 2395 1554 2461 Christum;
1581 2395 1704 2449 ideo
1727 2394 1869 2449 diem
1889 2393 2089 2448 festum

496 2499 964 2560 exspectaverunt
996 2497 1050 2543 ut
1089 2488 1416 2559 prazteriret.

577 2581 741 2638 Vens.
777 2582 831 2638 6.
871 2580 982 2637 Cur
1016 2582 1069 2636 in
1099 2580 1268 2637 domo
1289 2581 1535 2637 Simmds
1564 2579 1767 2652 leprosi
1800 2579 1853 2635 id
1878 2592 2090 2634 memo-

494 2687 657 2733 ratur
688 2675 893 2732 factum
924 2675 1085 2732 esse!
1122 2672 1193 2729 Ut
1236 2676 1624 2730 ostenderetur
1667 2688 1843 2743 quare
1876 2671 2091 2738 mulier

502 2772 572 2823 ad
606 2769 894 2824 Christum
925 2768 1242 2833 accesserit,
1277 2766 1423 2837 quod
1478 2782 1673 2837 nempe
1722 2767 1825 2822 istc
1864 2773 2091 2820 curatus

498 2860 683 2916 fuerat
713 2874 887 2929 nuper
917 2868 974 2914 et
1002 2868 1124 2913 erat
1152 2858 1217 2911 de
1242 2859 1347 2912 hoc
1382 2855 1551 2911 fama.

578 2951 745 3007 Vens.
773 2952 828 3007 'l.
868 2951 1063 3005 Mulier
1100 2950 1191 3003 illa
1225 2950 1445 3003 videtur
1490 2948 1713 3019 quidem
1745 2964 1852 3003 una
1910 2957 1964 3004 et
1994 2964 2089 3003 ea-

501 3047 628 3100 dem
665 3044 720 3097 in
745 3043 1004 3097 omnibus
1039 3040 1416 3111 evangelistis,
1472 3055 1578 3094 non
1618 3048 1704 3095 est
1748 3050 1930 3095 autem
1964 3042 2085 3095 sic:

501 3138 595 3193 sed
632 3154 754 3208 qua:
811 3138 866 3192 in
919 3135 1096 3192 trihus
1124 3134 1345 3205 legitur,
1399 3148 1505 3187 una
1538 3132 1668 3187 mihi
1705 3132 1919 3187 videtur
1966 3148 2089 3189 esse

496 3233 804 3296 eteadem;
829 3228 1053 3283 minime
1095 3242 1225 3282 vero
1263 3225 1405 3296 apud
1441 3224 1709 3279 Joannem
1757 3226 1949 3279 eadem
1983 3234 2088 3288 est,

496 3324 592 3379 sed
649 3323 818 3376 altera
861 3321 1114 3391 quaedam
1159 3317 1485 3373 admiranda
1527 3316 1719 3371 Lazari
1759 3333 1938 3374 soror.
1977 3318 2091 3372 Cur

502 3431 611 3471 non
643 3416 694 3469 in
732 3413 970 3485 publico,
999 3411 1093 3468 sed
1150 3411 1289 3466 intra
1349 3412 1573 3465 domum
1609 3408 1765 3465 adest
1795 3412 2093 3465 meretrix?

500 3508 640 3574 Quia
669 3507 846 3577 turpis
892 3514 1011 3560 erat
1055 3514 1109 3559 et
1155 3510 1381 3575 propter
1426 3503 1643 3557 turbam
1684 3503 2087 3559 erubescebat:

498 3616 608 3655 non
626 3600 770 3655 enim
798 3607 860 3655 ut
885 3596 1333 3661 bmmorrboissa,
1352 3605 1447 3650 aut
1473 3606 1531 3650 ut
1554 3595 1851 3662 vidua,aut
1872 3605 1929 3651 ut
1948 3596 2090 3650 Mar-

498 3700 594 3747 tha
620 3693 837 3747 obviam
866 3691 996 3745 adit.
1033 3690 1145 3744 Cur
1199 3688 1415 3759 capillis
1458 3688 1657 3743 tersit?
1719 3688 1860 3754 Quia
1913 3689 2090 3759 magis

498 3800 663 3854 quam
697 3798 797 3853 pro
820 3782 1044 3837 homine
1080 3781 1233 3835 illum
1267 3780 1704 3849 honoriﬁcabat;
1735 3781 1884 3852 quod
1915 3782 2092 3837 hono—

500 3876 802 3931 riiiccutius
824 3872 953 3943 egit,
980 3871 1215 3928 alierens
1258 3887 1421 3927 suum
1458 3883 1623 3943 caput
1659 3888 1760 3943 pro
1791 3873 1980 3928 linteo.

575 3964 743 4020 Vens.
786 3964 842 4019 8.
890 3962 1004 4019 Cur
1061 3962 1421 4033 indignantur
1481 3963 1740 4033 discipuli
1802 3964 2087 4019 dicentes:

503 4057 701 4129 Ulquid
748 4057 976 4127 perditio
1024 4055 1176 4111 hare?
1223 4056 1363 4122 Quia
1415 4054 1482 4110 de
1519 4055 1868 4127 eleemosyua
1917 4056 2090 4112 multa

498 4156 745 4216 scebat;
779 4150 1024 4218 permisit
1052 4161 1235 4203 autem
1268 4163 1434 4220 super
1467 4157 1630 4216 caput
1677 4165 1837 4203 suum
1869 4148 2078 4205 eﬂ‘undi

498 4250 863 4311 unguentum,
898 4256 994 4311 per
1025 4255 1279 4312 magnam
1310 4239 1884 4297 condescendentiam.

572 4427 738 4483 Vens.
772 4427 860 4482 10.
914 4427 1027 4483 Cur
1071 4427 1386 4484 dicentibus
1437 4428 1547 4485 illis
1595 4430 1788 4499 potuit,
1829 4430 2089 4501 objurga-

2196 1931 2534 2002 σαφέστερον
2584 1930 2737 2002 δηλοῖ
2782 1934 3023 1998 Λουκᾶς,
3082 1935 3179 2000 Ἐξ
3229 1937 3556 2007 ἐφημερίας
3604 1943 3784 1995 αὑτὸν

2193 2018 2347 2077 εἶναι
2408 2021 2573 2079 Ἀϐιᾶ
2623 2023 2821 2093 λέγων,
2871 2026 2999 2097 περὶ
3049 2027 3143 2080 τοῦ
3211 2029 3484 2101 Ζαχαρίου
3537 2032 3782 2103 διαλεγό-

2197 2132 2379 2187 μενος.

2266 2208 2330 2263 Τί
2364 2208 2635 2278 λέγουσιν,
2673 2210 2767 2279 Μὴ
2820 2210 2890 2265 ἐν
2916 2211 2991 2280 τῇ
3036 2212 3235 2282 ἑορτῇ,
3271 2215 3372 2270 ἵνα
3412 2215 3500 2285 μὴ
3537 2219 3783 2287 θόρυϐος

2205 2298 2447 2368 γένηται
2480 2299 2549 2353 ἑν
2586 2298 2667 2365 τῷ
2699 2298 2861 2365 lati);
2914 2301 3316 2357 Ἐδεδοίκεισαν
3366 2305 3477 2376 γὰρ
3522 2308 3615 2360 τὸν
3660 2309 3782 2362 λαὸν

2192 2392 2276 2445 ὃτι
2304 2391 2485 2444 πίστιν
2532 2387 2677 2461 εἶχον
2714 2393 2795 2456 εἰς
2842 2395 3100 2465 Χριστόν·
3159 2396 3240 2450 διὸ
3291 2398 3388 2452 καὶ
3438 2397 3537 2469 τὴν
3589 2400 3778 2470 ἑορτὴν

2193 2483 2458 2552 ἀνέμενον
2489 2482 2804 2553 παρελθεῖν.

2275 2574 2372 2627 Διὰ
2402 2574 2455 2627 τί
2497 2575 2555 2627 ὲν
2585 2574 2735 2646 οἰκίᾳ
2782 2576 3025 2645 Σίμωνος
3072 2576 3165 2631 τοῦ
3210 2578 3415 2649 λεπροῦ
3449 2579 3613 2635 τοῦτο
3655 2599 3781 2652 μνη-

2196 2669 2413 2737 μονεύει
2446 2667 2734 2734 γενέσθαις
2766 2669 2884 2721 ’Ὶνα
2919 2669 3070 2742 δείξῃ
3106 2671 3269 2724 πόθεν
3308 2674 3560 2744 παροῦσα
3648 2677 3778 2747 γυνὴ

2192 2759 2271 2829 τῷ
2304 2760 2527 2831 Χριστῷ
2571 2761 2898 2831 προσῆλθεν,
2944 2765 3006 2815 ὲκ
3036 2763 3128 2817 τοῦ
3162 2765 3369 2819 ἐκεῖνον
3400 2766 3621 2837 ἰαθῆναί
3650 2786 3774 2822 ποτε

2194 2852 2287 2904 καὶ
2314 2851 2409 2922 τὴν
2442 2853 2629 2923 φήμην
2661 2850 2822 2909 εἶναι.

2291 2945 2353 2998 Ἡ
2386 2947 2526 3018 γυνὴ
2575 2948 2715 3019 αὕτη
2764 2948 2913 3001 δοκεῖ
2955 2950 3054 3019 μὲν
3091 2945 3232 3005 εἶναι
3284 2954 3383 3022 μία
3435 2953 3527 3005 καὶ
3578 2955 3612 3024 ῆ
3649 2954 3780 3023 αὑτὴ

2195 3037 2347 3110 παρὰ
2369 3042 2479 3103 τοῖς
2513 3041 2930 3110 εὐαγγελισταῖς
2962 3043 3189 3108 ἅπασιν,
3224 3045 3323 3099 οὐκ
3353 3045 3469 3100 ἐστι
3494 3045 3571 3098 δέ·
3611 3045 3723 3100 ἀλλ’
3750 3048 3780 3116 ἡ

2196 3131 2345 3202 παρὰ
2378 3131 2478 3202 μὲν
2500 3135 2613 3197 τοῖς
2646 3134 2815 3205 τρισὶ,
2852 3135 2954 3205 μία
3003 3154 3084 3199 τις
3122 3132 3261 3191 εἷναί
3312 3156 3403 3209 μοι
3435 3139 3587 3192 δοκεῖ
3617 3140 3709 3192 καὶ
3752 3142 3782 3210 ἡ

2196 3228 2356 3297 αὑτήο
2389 3226 2573 3281 οὐκέτι
2604 3228 2659 3281 δὲ
2694 3229 2788 3281 καὶ
2822 3226 2973 3297 παρὰ
3004 3228 3081 3299 τῷ
3118 3229 3341 3302 Ἰωάννῃ
3372 3230 3518 3283 ἐστὶν
3554 3233 3588 3302 ἡ
3624 3232 3779 3304 αὑτὴ,

2194 3318 2310 3372 ἀλλ’
2357 3320 2521 3390 ἑτέρα
2566 3337 2650 3382 τις
2690 3320 2983 3392 θαυμαστὴ
3032 3325 3064 3393 ὴ
3116 3321 3209 3375 τοῦ
3253 3323 3508 3396 Λαζάρου
3558 3325 3780 3397 ἀδελφή.

2195 3412 2293 3464 Διὰ
2322 3411 2373 3464 τί
2407 3412 2465 3464 οὐ
2500 3412 2758 3484 δημοσίᾳ,
2791 3413 2907 3467 ἀλλ’
2938 3415 2996 3466 ἐν
3033 3414 3183 3485 οἰκίᾳ
3226 3413 3512 3486 ἔρχεταιή
3564 3417 3777 3488 πόρνης

2206 3502 2425 3573 Ἐπειδὴ
2460 3504 2796 3575 αἰσχροτάτη
2828 3499 2897 3575 ἦν
2947 3507 3037 3557 καὶ
3074 3505 3342 3577 ᾐσχύνετο
3376 3506 3467 3559 ἐπὶ
3494 3506 3677 3576 ὄχλου·
3724 3506 3779 3559 οὐ

2194 3595 2302 3666 γὰρ
2332 3595 2406 3659 ὡς
2441 3596 2475 3666 ἡ
2508 3596 2834 3669 αἱμόρρους,
2872 3596 2905 3669 ἢ
2939 3598 3011 3659 ὡς
3047 3600 3077 3669 ἡ
3114 3599 3280 3668 χήρα,
3326 3597 3359 3669 ἦ
3406 3598 3480 3661 ὡς
3514 3600 3547 3669 ἡ
3585 3600 3780 3670 Μάρθα

2195 3687 2432 3756 ἀπαντᾷ.
2485 3687 2584 3740 Διὰ
2638 3688 2689 3741 τί
2741 3690 2861 3751 ταῖς
2910 3690 3084 3761 θριξὶν
3144 3690 3501 3760 ἁπέμασσεν;
3566 3691 3779 3761 Ἐπειδὴ

2195 3778 2361 3832 πλέον
2389 3779 2423 3850 ἢ
2475 3779 2615 3833 κατὰ
2644 3779 2930 3852 ἄνθρωπον
2962 3782 3124 3834 αὑτὸν
3152 3782 3339 3854 ὲτίμσιο
3381 3782 3410 3836 ὃ
3455 3784 3778 3854 τιμιώτερον

2194 3865 2308 3941 εἶχε
2353 3872 2741 3943 προσφέρουσα
2794 3872 2891 3944 τὴν
2941 3874 3143 3944 ἑαυτῆς
3195 3874 3441 3947 κεφαλὴν
3496 3877 3621 3931 ἀντὶ
3674 3896 3777 3931 σιν-

2192 3959 2363 4023 δόνος.

2272 4052 2372 4107 Διὰ
2398 4052 2450 4105 τί
2482 4053 2887 4121 ἀγανακτοῦσιν
2916 4055 2966 4107 οἱ
2996 4055 3239 4126 μαθητιεύ⁸
3280 4056 3552 4125 λέγοντες·
3595 4062 3695 4125 Εἰς
3726 4059 3777 4112 τί

2194 4144 2232 4213 ἡ
2255 4143 2521 4200 ἀπώλεια
2552 4146 2744 4216 mam,-
2781 4148 3000 4219 Ἐπειδὴ
3025 4150 3150 4220 περὶ
3177 4148 3543 4220 ἐλεημοσύνης
3582 4151 3775 4223 ἤκουσε

2194 4239 2389 4294 πολλά’
2425 4240 2773 4312 συνεχώρησε
2804 4241 2860 4295 δὲ
2892 4241 2985 4295 καὶ
3015 4243 3158 4295 κατὰ
3190 4242 3290 4312 τῆς
3323 4242 3570 4312 κεφαλῆς
3617 4242 3773 4297 αὑτοῦ

2193 4333 2423 4405 χεθῆναι
2454 4332 2515 4385 τὸ
2544 4332 2737 4403 μῦρον,
2784 4332 2893 4385 ἀπὸ
2923 4332 3129 4403 πολλῆς
3162 4332 3657 4401 συγκαταδάσεως.

2268 4424 2367 4477 Διὰ
2393 4422 2444 4477 τί
2478 4409 2732 4491 λέγουσιν
2761 4423 2946 4487 αὐτοῖς
2978 4424 3062 4491 τὸ,
3110 4423 3413 4487 Ἐδύνατο,
3448 4427 3774 4496 ἐπετίμησεν

496 4520 702 4575 tionem
734 4521 903 4577 facit?
933 4536 1000 4575 ne
1027 4522 1277 4576 mulieris
1305 4536 1493 4575 curam
1524 4531 1578 4576 et
1600 4522 1758 4578 ﬁdem
1785 4525 1851 4578 ad
1884 4534 2087 4578 metum

2200 4519 2425 4581 αὑτοίςς
2460 4517 2578 4570 Ἵνα
2608 4517 2683 4586 μὴ
2716 4515 2819 4587 τῆς
2846 4517 3106 4585 γυναικὸς
3137 4516 3235 4588 τὴν
3279 4518 3514 4587 σπουδὴν
3549 4522 3645 4574 καὶ
3682 4519 3772 4589 τὴν

498 4613 575 4667 illi
605 4613 915 4668 faciendum
956 4614 1275 4668 adhibeant.

450 4726 471 4761 ι.
578 4701 747 4758 Vens.
788 4705 876 4758 15.
912 4703 1025 4756 Cur
1063 4703 1274 4757 nullum
1323 4704 1613 4773 spirituale
1646 4706 1883 4774 pretium
1916 4706 2083 4773 dedit,

499 4796 594 4851 sed
625 4794 950 4849 memoriam
982 4796 1344 4864 perpetuam?
1376 4797 1515 4862 Quia
1544 4797 1849 4853 sufﬁciebat
1872 4799 1976 4853 hoc
1998 4799 2083 4854 vel

500 4889 553 4944 in
584 4888 704 4941 istis
748 4885 815 4939 ad
859 4887 1301 4956 persuadendum
1328 4896 1387 4943 ut
1409 4888 1654 4943 animum
1688 4901 1931 4946 sumeret
1970 4892 2083 4946 illa.

498 4977 648 5047 Opus
683 4977 889 5031 bonum
939 4987 1163 5047 operata
1197 4987 1338 5043 erat,
1371 4987 1431 5034 ut
1478 4980 1559 5034 ait
1607 4981 1900 5049 Christus;
1939 4991 2088 5053 patet

497 5068 647 5122 illam
693 5068 912 5137 dignam
950 5068 1257 5123 mercedem
1280 5081 1623 5140 recepturam
1648 5088 1789 5128 esse.
1808 5071 2082 5130 Dicendo:

494 5163 578 5216 Ad
601 5161 957 5230 sepeliendum
985 5178 1066 5216 me
1093 5163 1241 5231 fecit,
1272 5164 1515 5234 loquitur
1533 5167 1838 5235 praedicens
1868 5167 2085 5237 passio-

495 5271 644 5319 nem,
677 5255 833 5325 quasi
888 5270 1103 5326 semper
1153 5272 1272 5311 eam
1309 5273 1546 5314 cernens
1582 5266 1636 5313 ct
1671 5258 1780 5314 illis
1808 5260 1862 5314 in
1894 5275 2080 5316 recor-

494 5346 771 5400 dationem
804 5346 1103 5401 adducens.

565 5435 733 5492 Vens.
769 5436 856 5491 Η».
900 5436 1075 5504 Quam
1108 5438 1179 5493 ob
1198 5455 1417 5495 causam
1453 5440 1658 5495 dicitur
1698 5460 1710 5495 :
1761 5440 1912 5495 Tunc
1951 5442 2082 5495 atiit

492 5546 627 5583 unus
670 5531 731 5583 de
760 5530 1060 5596 duodecim,
1099 5530 1271 5585 ludas
1311 5533 1401 5603 qui
1440 5534 1718 5588 dicebatur
1761 5534 2086 5589 lscariotes?

495 5622 565 5676 Ut
598 5624 918 5679 ostendatur
967 5625 1213 5681 mulieris
1255 5626 1358 5680 lide
1400 5626 1552 5680 illum
1595 5643 1704 5682 non
1746 5628 1918 5683 fuisse
1962 5645 2085 5696 per-

494 5721 737 5777 motum;
776 5712 1091 5779 Duodecim,
1114 5726 1173 5771 ut
1196 5717 1517 5772 ostendatur
1542 5718 1693 5771 illum
1726 5735 1756 5773 e
1788 5721 2079 5789 prmeipuis

483 5812 651 5869 esse;
684 5799 853 5858 Judas
886 5803 1175 5862 lscariutes
1203 5808 1405 5864 dicitur
1434 5850 1448 5874 ,
1480 5811 1605 5880 quia
1648 5812 1786 5866 alter
1827 5821 1949 5868 erat
1989 5810 2086 5867 Ju-

2195 4614 2380 4666 πίστιν
2409 4613 2491 4675 εἰς
2514 4611 2574 4665 τὸ
2614 4610 3019 4682 ἐξαπορηθῆναι
3054 4611 3387 4681 ἐμϐάλωσιν.

2260 4704 2360 4759 Διὰ
2395 4704 2447 4757 τί
2494 4703 2686 4757 οὐδένα
2729 4697 2891 4754 ἆθλον
2942 4702 3312 4771 πνευματικὸν
3360 4700 3596 4768 τέθεικε,
3648 4703 3772 4754 ἀλλὰ

2198 4798 2301 4869 τὴν
2332 4797 2413 4859 εἱς
2446 4794 2534 4848 ἀεὶ
2578 4794 2838 4866 μνήμην;
2888 4794 3110 4863 Ἐπειδὴ
3142 4794 3305 4865 ἤρκει
3334 4793 3494 4847 τοῦτο
3530 4796 3623 4847 καὶ
3650 4793 3772 4865 περὶ

2191 4888 2419 4944 ἐκείνων
2467 4890 2653 4941 πεῖσαι
2685 4886 2907 4957 θαρρεῖν
2949 4886 3142 4955 αὐτὴν.
3182 4887 3404 4955 Ἔργον
3435 4887 3628 4940 καλὸν
3663 4888 3773 4953 εἰρ-

2188 4980 2439 5051 γάσατο,
2468 4980 2542 5041 ὡς
2599 4975 2754 5032 εἶπεν
2800 4979 3034 5050 Χριστός
3059 4997 3072 5011 ’
3093 4974 3315 5047 εὔδηλον
3346 4979 3427 5031 ὅτι
3462 4980 3553 5031 καὶ
3586 4977 3770 5049 μισθῖν

2192 5074 2343 5140 ἄξιον
2376 5072 2631 5143 λήψεται.
2667 5072 2741 5126 Τὸ
2772 5072 2829 5125 δὲ
2853 5073 3051 5135 εἰπεῖν,
3082 5074 3185 5139 Εἰς
3215 5073 3323 5125 τὸν
3365 5070 3769 5141 ἐνταφιασμόν

2185 5182 2307 5235 μου
2337 5164 2657 5233 ἐποίησεν,
2688 5162 2851 5218 τοῦτο
2880 5160 3037 5218 εἶπεν
3082 5164 3370 5236 προλέγων
3394 5164 3453 5218 τὸ
3483 5164 3672 5231 πάθος,
3699 5164 3768 5226 ὡς

2190 5260 2408 5323 πάντως
2436 5257 2596 5322 εἰδὼς
2629 5259 2725 5312 καὶ
2754 5257 2913 5311 τοῦτο
2944 5260 3383 5330 ἀναμιμνήσκων
3413 5260 3615 5323 αὐτοῖς.

2260 5446 2421 5509 Τίνος
2452 5446 2613 5516 χάριν
2656 5440 2834 5497 εἶπεν
2897 5442 3042 5497 Τότε
3070 5444 3385 5512 πορευθεὶς
3436 5444 3664 5511 Ἰούδας
3686 5438 3766 5509 εἷς

2187 5540 2307 5592 τῶν
2333 5538 2563 5593 δώδεκα
2596 5540 2629 5592 ὀ
2664 5539 2997 5607 λεγόμενος
3031 5538 3455 5605 Ἰσκαριώτης;
3492 5538 3602 5591 Ἰνα
3622 5538 3765 5608 δείξῃ

2196 5632 2278 5684 ὅτι
2311 5630 2433 5682 οὐδὲ
2464 5631 2498 5700 ἡ
2530 5629 2710 5691 πίστις
2742 5629 2839 5698 τῆς
2869 5629 3129 5697 γυναικὸς
3160 5628 3406 5700 ἔκαμψεν
3444 5631 3624 5683 αὐτόν.
3658 5629 3763 5681 Δώ-

2189 5725 2343 5786 δεκα,
2374 5719 2549 5785 εἶπεν,
2585 5723 2677 5776 ἵνα
2719 5722 2874 5794 δείξῃ
2907 5722 2993 5776 ὅτι
3034 5724 3099 5776 ὲκ
3149 5723 3257 5776 τῶν
3309 5724 3622 5793 κορυφαίων
3667 5718 3762 5791 ἦν’

2205 5814 2411 5869 Ἰούδαν
2451 5814 2508 5869 δὲ
2563 5812 2927 5887 Ἰσκαριώτην
2973 5808 3148 5883 εἶπεν,
3184 5815 3307 5869 ἐπεὶ
3358 5818 3452 5871 καὶ
3504 5816 3656 5878 ἄλλος
3696 5809 3763 5885 ἦν
