4026 6410
513 401 654 467 1163

1227 393 1617 455 OPUSCULA
1655 388 2294 450 SCRIPTUIUSTICA
2334 387 2684 446 INCERTAE
2715 386 3025 447 IETATIS.

3648 384 3779 449 1164

508 518 701 577 erant?
747 514 1020 581 Quoniam
1075 525 1182 564 non
1235 511 1333 562 hac
1385 515 1566 560 mente
1624 504 1757 558 illud
1798 503 1945 565 ferit,
2004 502 2092 557 sed

2207 500 2359 571 παρὰ
2381 498 2677 569 προφητῶν
2697 499 2898 569 ποιήσα
2912 522 2925 560 ~,
2948 515 2963 562 ς
3000 499 3220 569 Ἐπειδὴ
3246 500 3305 553 ού
3320 498 3493 570 ταύτῃ
3511 502 3577 570 τῇ
3602 500 3789 572 γνώμῃ

513 611 755 681 maligna
789 606 1131 668 intentione;
1184 610 1402 670 Oportet
1442 598 1589 652 enim
1644 596 1983 665 propositum
2043 593 2097 647 in

514 704 774 764 omnibus
812 698 1120 767 exquirere.
1155 693 1265 749 Cur
1297 707 1406 745 non
1444 692 1743 759 interrogat
1770 704 1798 741 a
1828 686 2100 756 principio

511 793 685 848 ludas
730 812 741 845 :
781 787 1038 858 Nunquid
1082 801 1176 855 ego
1203 800 1319 837 sum
1348 784 1373 835 ?
1404 781 1495 836 sed
1526 789 1647 850 post
1678 778 1849 832 alios?
1877 777 2100 846 putabat

512 888 675 940 modo
700 884 867 937 latere
890 878 1156 946 ;dicendo
1184 887 1391 939 autem,
1417 872 1694 941 Magister,
1720 870 2012 924 irridenter
2040 876 2096 922 et

512 971 869 1041 impudenter
905 966 1171 1034 loquitur.
1206 964 1494 1030 Quomodo
1530 963 1825 1015 Matthieus
1867 960 2018 1024 dicit,
2047 967 2101 1013 et

509 1060 866 1131 evangelista:
904 1058 1021 1123 alii,
1054 1055 1201 1126 quod
1242 1054 1332 1109 ubi
1366 1052 1697 1123 praeparavit
1733 1052 2099 1120 proditionem

510 1156 705 1220 Judas,
749 1163 883 1207 tunc
916 1151 1117 1205 invasit
1149 1164 1273 1203 cum
1327 1147 1622 1211 diabolus;
1676 1143 1919 1200 Joannes
1972 1157 2101 1222 vero

509 1249 667 1313 dicit,
691 1245 820 1300 Post
853 1244 1146 1298 buccellam
1180 1241 1398 1295 intravit
1425 1240 1477 1292 in
1516 1256 1635 1292 eum
1661 1236 1936 1293 Satanas?
1963 1234 2101 1302 Quia

508 1343 664 1397 illum
723 1339 778 1393 in
838 1336 1109 1407 principio
1162 1332 1441 1402 inspirans
1503 1340 1715 1384 tantum
1757 1339 1811 1383 ct
1859 1338 2098 1390 tentans,

508 1444 794 1506 postremo
828 1432 907 1487 sic
956 1428 1202 1492 intravit,
1236 1428 1309 1480 ita
1344 1435 1403 1478 nt
1447 1435 1745 1492 utrumque
1792 1435 1984 1474 verum
2018 1419 2101 1472 vi—

508 1527 731 1581 deatur.
788 1523 1032 1577 Tantum
1068 1528 1187 1575 erat
1247 1517 1606 1586 impcenitens
1653 1513 1851 1576 Judas,
1898 1521 1957 1567 ut
2014 1510 2100 1565 vel

510 1628 637 1687 post
709 1611 1123 1670 communionis
1200 1608 1681 1681 participationem
1764 1602 2095 1658 remanserit

507 1710 856 1771 ubdnratus;
895 1704 1022 1758 inde
1074 1700 1316 1756 Joannes
1368 1698 1420 1753 id
1458 1700 1694 1752 innucns
1747 1696 1917 1761 dicit,
1960 1694 2089 1748 Post

509 1798 803 1854 buccellam
825 1795 1045 1851 intravit
1083 1793 1138 1847 in
1178 1808 1295 1846 eum
1363 1791 1619 1847 Satanas.
1651 1790 1764 1844 Cur
1792 1789 1839 1843 si
1891 1787 2099 1843 Pascha

2201 592 2359 645 τοῦτο
2392 590 2715 660 πεποίηκεν,
2745 590 2881 643 ἀλλά
2908 593 3123 661 πονηρᾷ
3154 592 3505 663 προαιρέσει·
3538 591 3646 661 χρὴ
3688 594 3790 663 γάρ

2201 684 2293 737 τὸν
2343 683 2550 736 σκοπὸν
2579 683 2861 749 ἐξετάζειν
2892 684 3192 752 πανταχοῦ.
3233 686 3332 737 Διὰ
3373 686 3426 739 τί
3467 686 3568 738 οὐκ
3619 689 3793 757 ἐρωτᾷ

2201 776 2261 843 ἐξ
2294 776 2473 847 ἀρχῆς
2506 777 2535 830 ὁ
2578 776 2801 841 Ἰούδας,
2831 776 2929 843 Μή
2959 794 3011 829 τι
3044 778 3160 846 ἐγώ
3184 781 3336 846 ειμι;
3376 779 3493 831 ἀλλ’
3519 778 3596 842 ὡς
3636 780 3790 847 ἐσχα-

2203 885 2292 931 τος
2321 886 2335 933 ;
2383 866 2592 920 Ἐδόκει
2638 867 2779 931 τέως
2824 867 3111 922 λανθάνειν
3139 883 3152 897 ’
3184 871 3244 922 τὸ
3274 870 3332 923 δὲ
3378 872 3574 935 εἰπεῖν,
3607 865 3683 923 Ὦ
3714 870 3794 922 δι-

2203 961 2503 1024 6ἁσκαλε,
2535 960 2888 1031 διασύροντος
2912 959 3073 1013 τοῦτό
3101 963 3218 1014 ἐστι
3248 962 3344 1014 καὶ
3374 961 3591 1031 ἰταμοῦ.
3628 962 3793 1024 Πῶςὸ

2204 1053 2486 1116 Ματθαῖός
2540 1070 2709 1123 φησιν
2749 1054 2843 1108 καὶ
2890 1055 2938 1106 οἱ
2994 1053 3145 1106 ἄλλοι
3192 1054 3299 1107 τῶν
3364 1053 3791 1122 εύαγγελιστῶν,

2202 1146 2285 1199 ὅτι
2323 1145 2412 1199 ὅτε
2443 1144 2776 1210 συνετάξατο
2818 1144 2948 1215 περὶ
2993 1146 3092 1215 τῆς
3144 1146 3436 1215 προδοσίας
3478 1148 3507 1198 ὀ
3572 1145 3791 1208 Ἰοὶδας,

2172 1254 2175 1257 ‘
2204 1239 2327 1291 τότε
2358 1238 2523 1291 αὑτὸν
2563 1239 2591 1290 ὁ
2632 1238 2879 1301 διάϐολος
2910 1233 3057 1291 εἷλεν
3084 1278 3098 1302 ,
3158 1240 3186 1292 ὁ
3215 1239 3272 1292 δὲ
3337 1239 3588 1307 Ἰωάννης
3650 1239 3793 1305 λέγει

2203 1329 2309 1394 ὅτι,
2344 1329 2504 1382 Μετὰ
2524 1328 2592 1381 τὸ
2617 1327 2856 1397 ψωμίον
2877 1327 3166 1395 εἰσῆλθεν
3202 1331 3289 1395 εἰς
3330 1330 3517 1382 αὑτὸν
3544 1331 3576 1382 ό
3606 1331 3792 1381 Sata-

2204 1419 2319 1487 νᾶς
2344 1436 2360 1483 ,°
2396 1421 2521 1474 Ὅτι
2546 1420 2953 1484 διακωδωνίσας
2984 1421 3150 1474 αὐτὸν
3179 1423 3238 1474 ὲν
3267 1424 3333 1491 τῇ
3366 1423 3508 1492 ἀρχῇ
3536 1422 3635 1474 καὶ
3678 1424 3791 1474 πεῖ-

2206 1529 2310 1585 ραν
2342 1515 2739 1583 ποιησάμενος,
2777 1512 2922 1567 οὓτω
2956 1513 3179 1578 τελείως
3234 1513 3520 1583 εἰσῆλθεν·
3551 1513 3699 1566 ῶστε
3728 1514 3794 1567 τὰ

2203 1607 2493 1679 ἀμφότερα
2528 1607 2707 1678 ἀληθῆ
2740 1608 2911 1660 ἐστιν.
2950 1607 3217 1660 Τοσοῦτον
3258 1602 3326 1678 ἦν
3372 1607 3792 1677 ἀμεταμέλητος

2203 1698 2233 1751 ὁ
2272 1698 2496 1762 Ἰούδας,
2531 1698 2613 1750 ὅτι
2647 1698 2741 1749 καὶ
2772 1696 2873 1763 τῆς
2904 1698 3193 1760 κοινωνίας
3216 1695 3536 1766 μεταλαχὼν
3570 1696 3788 1767 ἔμεινεν

2204 1789 2579 1859 ἀσυνειδητος.
2617 1788 2783 1841 Ὅθεν
2812 1787 2975 1841 τοῦτο
3003 1786 3181 1857 δηλῶν
3208 1787 3237 1840 ὁ
3296 1786 3550 1859 Ἰωάννης
3580 1788 3786 1855 ἔλεγεν,

512 1888 895 1949 comederunt,
932 1892 1122 1940 contra
1154 1882 1326 1953 legem
1350 1883 1711 1937 comederunt
1732 1880 1755 1933 ?
1776 1878 1911 1933 Nam
1938 1893 2092 1933 recu-

2201 1881 2282 1935 ὃτι
2302 1881 2461 1935 Μετὰ
2480 1881 2541 1934 τὸ
2561 1881 2776 1950 ψωμὸν
2795 1879 3089 1948 εισῆλθεν
3118 1880 3207 1946 εὶς
3238 1880 3427 1934 αὐτὸν
3448 1884 3481 1934 ὀ
3495 1879 3787 1944 Σατανᾶς.

509 1980 706 2035 bantes
759 1991 868 2032 non
900 1976 1097 2032 licebat
1131 1975 1440 2031 comedere.
1476 1974 1581 2028 Sed
1619 1988 1730 2027 non
1758 1970 2098 2027 eomedendo

507 2070 720 2126 Pascha
761 2069 1118 2133 recubabant,
1172 2077 1463 2141 postquam
1498 2081 1629 2122 vero
1681 2064 2095 2127 comedissent,

505 2162 643 2217 illud
675 2162 947 2232 reliquum
974 2160 1385 2217 manducando.

582 2345 748 2402 Vens.
800 2344 893 2400 26.
947 2343 1062 2400 Cur
1108 2344 1165 2399 in
1225 2342 1435 2396 Pascha
1494 2356 1693 2411 panem
1750 2338 2101 2411 irangitHJt

502 2440 795 2496 discamus
834 2438 992 2494 illum
1020 2437 1104 2492 vel
1138 2436 1338 2491 veteris
1384 2434 1519 2505 legis
1552 2448 1678 2489 esse
1707 2442 2017 2496 auctorem,
2046 2442 2099 2486 et

501 2548 627 2601 quae
657 2538 789 2587 sunt
819 2531 952 2601 legis
976 2530 1166 2602 gratiae
1188 2544 1286 2600 per
1310 2536 1545 2583 veterem
1571 2526 1745 2596 legem
1770 2524 2099 2579 adumbrata

500 2639 647 2680 esse.

579 2716 749 2771 Vens.
787 2715 880 2770 27.
917 2714 1217 2785 Postquam
1252 2712 1425 2784 legale
1454 2710 1669 2766 Pascha
1701 2708 2095 2771 comedissent,

504 2810 557 2863 id
640 2816 744 2876 est,
812 2822 1056 2879 agnum,
1110 2806 1219 2861 illis
1262 2805 1427 2860 tradit
1486 2803 1677 2874 gratiai
1735 2799 1946 2855 Pascha
2002 2815 2098 2869 per

504 2917 724 2971 panem.

577 2991 746 3047 Vens.
803 2990 896 3045 28.
958 2986 1296 3058 Sanguinem
1354 2984 1492 3041 Novi
1544 2983 1885 3040 Testamenti
1937 2981 2092 3044 dicit,

502 3086 633 3155 quia
667 3083 994 3152 sanguinem
1043 3080 1211 3135 Vetus
1242 3095 1351 3133 non
1401 3078 1597 3133 habuit
1620 3078 1724 3133 nisi
1783 3078 2091 3131 brntorum.

504 3179 647 3233 Dicit
683 3184 868 3230 autem
911 3189 1136 3229 causam
1171 3170 1456 3227 ell‘usionis
1505 3172 1816 3242 sanguinis,
1841 3170 1968 3232 quia
1996 3181 2091 3237 pro
2116 3210 2161 3273 ϐ

504 3269 689 3325 multis
730 3266 1099 3337 peccatoribus
1130 3264 1446 3333 effunditur.
1478 3264 1593 3318 Cur
1638 3262 1773 3317 dicit
1805 3279 1819 3316 :
1860 3261 1973 3314 Hoc
2003 3259 2087 3328 fa-

503 3363 609 3417 cite
639 3362 690 3415 in
714 3376 884 3414 nteant
916 3356 1520 3412 commemorationem?
1548 3353 1619 3409 Ut
1669 3353 1838 3418 istud,
1892 3353 2087 3421 inquit,

502 3457 564 3508 ﬁt
615 3453 670 3506 in
718 3454 1043 3506 memoriam
1078 3447 1304 3519 JEgypti
1334 3456 1390 3502 et
1439 3445 1796 3517 egressionis,
1835 3443 1907 3498 ita
1943 3457 2089 3497 nunc

500 3547 556 3600 ἰιι
610 3559 786 3599 meam
840 3553 1095 3606 mortem,
1151 3550 1207 3595 ει
1256 3547 1495 3595 vestram
1534 3552 1627 3607 per
1677 3550 1765 3591 me
1794 3551 1863 3590 ex
1901 3548 2089 3589 errore

497 3656 562 3706 eg
571 3636 898 3691 ressioncm.

572 3723 736 3777 Vens.
766 3723 860 3775 29.
914 3718 1205 3786 Quomodo
1244 3716 1589 3787 intelligitur,
1618 3715 1825 3770 Amodo
1858 3731 1962 3769 non
2011 3717 2090 3768 bi-

502 3818 623 3868 bam
656 3818 718 3867 de
740 3814 837 3867 hoc
870 3814 1132 3883 genimine
1169 3811 1309 3872 ritis,
1341 3810 1505 3863 donec
1532 3808 1667 3862 illud
1698 3808 1872 3862 bibam
1902 3825 2088 3862 norum

502 3910 555 3961 in
604 3922 761 3976 regno
790 3905 976 3959 Patris
1004 3904 1151 3958 mei?
1189 3904 1444 3958 Ostendit
1491 3917 1587 3971 per
1635 3915 1866 3971 regnum
1909 3898 2087 3955 Patris

501 4015 658 4056 suam
712 3999 1224 4062 resurrectionem;
1260 4012 1359 4067 per
1407 3996 1659 4066 genimen
1711 4004 1896 4049 autem
1939 3992 2087 4058 vitis,

498 4096 726 4159 vinum;
754 4092 955 4157 Donec,
976 4092 1071 4157 ait,
1096 4105 1126 4145 e
1149 4090 1380 4144 mortuis
1423 4100 1842 4159 resurgam,non
1865 4086 2047 4140 bibam
2071 4102 2084 4139 :

501 4188 642 4244 bibit
694 4198 878 4242 autem
934 4195 1061 4257 post
1114 4184 1606 4248 resurrectionem,
1649 4197 1718 4236 ne
1759 4180 2087 4251 phantasma

498 4283 652 4336 illum
672 4289 963 4351 putarent:
990 4280 1134 4333 unde
1152 4279 1204 4332 in
1224 4277 1451 4332 Actibus
1466 4275 1755 4342 scribitur;
1778 4272 2088 4341 Quicunque

499 4393 621 4431 cum
653 4375 747 4429 illo
782 4374 1225 4429 manducavimus
1252 4382 1299 4425 et
1334 4371 1581 4424 bibimus.
1632 4368 1881 4438 llegnum
1909 4365 2087 4421 Patris

497 4471 570 4525 ibi
631 4468 1095 4525 resurrectionem
1144 4481 1299 4521 suam
1348 4464 1617 4518 Dominus
1644 4470 1843 4527 vocat;
1881 4475 2084 4514 novum

2199 1975 2301 2026 Διά
2322 1972 2375 2026 τί
2405 1974 2453 2026 εί
2484 1974 2543 2027 τὸ
2574 1974 2768 2044 Πάσχα
2800 1973 3010 2045 ἢσθιον,
3059 1974 3399 2045 παρανόμως
3447 1973 3678 2045 ἡσθιον;
3716 1975 3786 2027 Οὐ

2200 2066 2310 2137 γὰρ
2342 2066 2740 2137 ἀνακειμένους
2762 2066 2869 2119 ἔδει
2900 2067 3098 2135 φαγεῖν
3119 2081 3133 2095 ·
3165 2065 3282 2119 ἀλλ’
3305 2067 3406 2120 ούκ
3424 2069 3480 2120 ὲν
3497 2067 3576 2137 τῷ
3592 2067 3790 2119 ἐσθίειν

2200 2160 2259 2213 τὸ
2288 2160 2481 2230 Πάσχα
2511 2160 2812 2226 ἀνέκειντο,
2844 2158 2981 2213 ἀλλὰ
3012 2157 3151 2228 μετά
3173 2157 3233 2211 τὸ
3278 2161 3474 2228 φαγεῖν
3500 2160 3661 2225 αὐτὸ,
3681 2158 3788 2213 lou-

2201 2253 2304 2306 πὸν
2335 2252 2682 2323 ἑστιώμενοι.

2269 2344 2368 2397 Διὰ
2399 2344 2453 2396 τί
2486 2345 2545 2397 ἐν
2572 2343 2649 2414 τῷ
2681 2343 2875 2413 Πάσχα
2902 2342 3005 2414 κλᾷ
3021 2344 3113 2399 τὸν
3145 2344 3344 2416 ἄρτονς
3380 2344 3498 2399 Ἵνα
3526 2344 3787 2415 μάθωμεν

2200 2438 2295 2490 καὶ
2326 2437 2426 2506 τῆς
2459 2436 2704 2499 Παλαιᾶς
2726 2436 2889 2489 αὐτὸν
2915 2434 3045 2488 ὄντα
3077 2436 3399 2507 νομοθέτην,
3428 2438 3521 2491 καὶ
3543 2437 3613 2492 τά
3648 2439 3705 2492 ὲν
3724 2440 3785 2510 τῇ

2203 2530 2390 2601 χάριτι
2430 2528 2518 2582 διὰ
2544 2528 2713 2599 νόμου
2742 2529 3255 2601 σκιαγραφηθέντα.

2270 2712 2423 2766 Μετά
2463 2712 2527 2766 τὸ
2572 2714 2768 2781 φαγεῖν
2818 2714 2880 2765 τὸ
2918 2713 3161 2783 ῐςνομικδν
3212 2715 3429 2784 Πάσχα,
3479 2716 3661 2769 εῑτουν
3700 2716 3786 2768 τὸν

2198 2804 2391 2874 ἀμνὸν,
2420 2802 2563 2858 οὕτω
2602 2804 2944 2874 παραδίδωσι
2990 2806 3050 2859 τὸ
3082 2805 3181 2876 τῆς
3213 2807 3433 2876 χάριτος
3465 2808 3660 2878 Πάσχα
3703 2808 3785 2862 διὰ

2197 2898 2292 2948 τοῦ
2316 2894 2505 2966 ἄρτου.

2268 2981 2419 3057 Αἷμα
2455 2986 2512 3041 δὲ
2542 2988 2753 3059 Καινῆς
2798 2987 3078 3058 Διαθήκης
3110 2988 3282 3057 λέγει,
3312 2989 3387 3052 ὡς
3412 2993 3507 3062 τῆς
3544 2993 3783 3056 Παλαιᾶς

2196 3074 2337 3150 αἷμα
2377 3080 2475 3151 μὲν
2510 3081 2764 3152 ἐχούσης,
2800 3080 2915 3135 ἀλλ’
2939 3081 2999 3146 ἐξ
3029 3079 3243 3150 ἀλόγων
3268 3098 3284 3111 ο
3316 3083 3463 3149 λέγει
3492 3082 3548 3136 δὲ
3574 3084 3669 3137 καὶ
3689 3086 3784 3152 τὴν

2196 3175 2379 3230 αἰτίαν
2408 3177 2509 3247 τῆς
2534 3174 2819 3239 κενώσεως
2853 3175 2947 3228 τοῦ
2980 3175 3243 3245 αἵματος·
3291 3175 3469 3243 ’Υπὲρ
3513 3175 3781 3242 πολλῶν,

2194 3267 2382 3337 φησὶν,
2440 3266 2810 3337 ἁμαρτωλῶν
2862 3268 3298 3336 ἑκχυνόμενον.
3354 3267 3453 3320 Διὰ
3506 3268 3562 3320 τί
3614 3268 3779 3333 λέγει,

2196 3358 2384 3413 Τοῦτο
2449 3358 2673 3413 ποιεῖτε
2724 3362 2811 3424 εὶς
2856 3358 2973 3426 τὴν
3022 3357 3180 3427 ἐμὴν
3236 3358 3587 3429 ἀνάμνησιν
3611 3378 3632 3425 ;
3698 3360 3781 3423 Ὠς

2192 3451 2391 3516 ἐκεῖνο,
2426 3451 2612 3519 φησὶν,
2662 3450 2745 3512 εἰς
2786 3451 2888 3519 τὴν
2926 3450 3024 3517 τῆς
3080 3448 3361 3516 Αἰγύπτου
3409 3451 3636 3520 μνήμην
3692 3448 3780 3503 καὶ

2191 3540 2393 3607 ἔξοδον,
2430 3539 2575 3593 οὕτω
2614 3539 2710 3593 νῦν
2759 3541 2839 3603 εἰς
2884 3540 2981 3593 τὸν
3037 3540 3170 3608 ἐμὸν
3220 3538 3477 3605 θάνατον,
3537 3540 3637 3594 καὶ
3682 3541 3778 3610 τὴν

2192 3632 2349 3702 ὑμῶν
2378 3632 2448 3685 δι’
2476 3632 2613 3703 ἐμοῦ
2650 3634 2714 3685 ὲκ
2742 3632 2954 3701 πλάνης
2984 3632 3185 3697 ἔξοδον.

2268 3726 2390 3788 Πῶς
2412 3727 2611 3777 νοεῖται
2639 3724 2722 3790 τὸ,
2765 3725 3007 3793 Ἀπὰρτι
3044 3726 3117 3779 οὐ
3144 3724 3230 3794 μὴ
3259 3726 3372 3779 πίω
3399 3725 3467 3780 ἐκ
3497 3727 3608 3782 τοῦ
3649 3744 3777 3797 γεν-

2190 3817 2459 3885 νήματος
2512 3815 2620 3885 τῆς
2653 3816 2931 3885 ἀμπέλου
2972 3818 3217 3884 ταύτης,
3261 3818 3374 3885 ἕως
3428 3818 3577 3873 αὐτὸ
3629 3820 3776 3873 πίνω

2190 3910 2407 3962 καινὸν
2436 3908 2508 3960 ἐν
2540 3906 2616 3976 τῇ
2662 3909 2961 3977 ,βασιλείῃ
3003 3908 3111 3964 τοῦ
3155 3910 3389 3978 Πατρός
3437 3926 3587 3979 μου·
3632 3910 3776 3979 δηλοῖ

2190 4003 2249 4056 δὲ
2283 4003 2383 4073 τὴν
2412 4001 2692 4072 βασιλείαν
2720 4003 2813 4056 τοῦ
2841 4005 3053 4073 Πατρὸς
3084 4005 3184 4074 τὴν
3217 4004 3414 4058 ἑαυτοῦ
3443 4006 3770 4061 ἀνάστασιν·

2191 4095 2445 4164 γέννημα
2471 4095 2529 4148 δὲ
2555 4095 2654 4165 τῆς
2685 4096 2957 4166 ἀμπέλου,
2988 4097 3081 4151 τὸν
3127 4091 3271 4150 οἶνον
3295 4112 3308 4124 ·
3342 4097 3489 4166 Ἕως
3537 4095 3635 4162 οὗ.
3672 4115 3773 4168 φη-

2192 4188 2318 4249 σὶν,
2374 4188 2443 4241 ἐκ
2463 4186 2698 4255 νεκρῶν
2749 4187 3014 4254 ἀναστῶ,
3050 4190 3123 4243 οὐ
3160 4188 3247 4259 μὴ
3304 4191 3459 4243 πίων
3521 4190 3674 4244 ἔπιεν
3721 4190 3773 4242 δὲ

2194 4277 2335 4347 μετά
2368 4280 2467 4348 τὴν
2503 4278 2821 4333 ἀνάστασιν.
2852 4281 2970 4333 ’Ίνα
2999 4281 3076 4352 μὴ
3113 4282 3405 4351 φάντασμα
3432 4282 3596 4336 αὐτὸν
3631 4282 3773 4351 νομί-

2195 4388 2385 4425 σωσιν.
2418 4370 2587 4424 Ὅθεν
2608 4372 2703 4425 καὶ
2734 4375 2792 4425 ἐν
2818 4373 3061 4443 Πράξεσι
3093 4375 3331 4443 γράφει·
3370 4374 3602 4441 Οῖτινες
3630 4390 3773 4430 συν-

2190 4462 2497 4533 εφάγομεν
2551 4464 2651 4518 καὶ
2688 4466 3064 4534 συνεπίομεν
3109 4464 3287 4531 αὐτῷ.
3335 4466 3626 4520 Βασιλείαν
3663 4468 3769 4521 Πα-

497 4573 681 4618 auteni
722 4562 909 4617 bibere
934 4561 1188 4624 calicem,
1221 4558 1273 4613 id
1296 4566 1381 4612 est
1406 4571 1548 4610 nove
1568 4566 1623 4609 et
1652 4551 2078 4608 admirabiliter:

2199 4556 2320 4625 πρὸς
2359 4556 2599 4611 ἐνταῦθα
2673 4557 2773 4627 τὴν
2834 4558 3134 4610 ἀνάστασιν
3182 4556 3350 4612 αὑτοῦ
3401 4560 3429 4610 ὁ
3494 4558 3769 4625 Δεσπότης

495 4671 606 4709 non
660 4654 809 4707 enim
856 4663 916 4707 ut
964 4652 1206 4722 primum
1249 4662 1487 4719 corpore
1536 4647 1661 4717 ejus
1707 4659 1834 4701 esca
1891 4654 2085 4714 egente

497 4745 804 4800 secundum
858 4754 1114 4796 naturam
1156 4750 1212 4795 et
1250 4748 1412 4809 potu,
1443 4738 1539 4793 sed
1591 4736 2085 4803 supernatnraliter

495 4838 606 4905 jam
630 4835 1031 4907 incorruptibili
1060 4834 1204 4887 lucto
1230 4842 1285 4888 et
1309 4831 1513 4886 nullius
1537 4830 1837 4884 admodum
1861 4839 2079 4898 egente.

564 5110 733 5167 Vens.
763 5111 852 5165 30.
886 5110 999 5165 Cur
1054 5108 1303 5163 dicitur:
1343 5106 1559 5178 Ilgnino
1604 5107 1748 5161 dicto
1796 5108 2084 5161 exierunt?

490 5204 547 5259 ld
591 5214 701 5271 est,
749 5219 875 5259 cum
923 5204 1223 5275 gratiarum
1260 5202 1479 5257 actione
1511 5212 1567 5257 et
1603 5201 1827 5256 laudum
1879 5201 2082 5272 hymno

489 5308 816 5369 receperunt
865 5297 1334 5354 communionem.
1372 5294 1485 5350 Cur
1515 5294 1568 5349 in
1625 5302 1864 5348 montem
1901 5294 2083 5348 exiit?

486 5396 566 5452 Ne
603 5394 877 5449 videretur
920 5387 1256 5445 abscondere
1285 5401 1364 5441 se.
1415 5385 1657 5440 Curabat
1697 5384 1844 5438 enim
1883 5382 1938 5438 in
2004 5386 2081 5440 lo-

486 5506 607 5546 ciim
638 5489 715 5543 ire
739 5486 892 5541 Judaa
925 5485 1223 5554 cognitum.

559 5578 726 5633 Vens.
760 5579 850 5632 51.
896 5576 1007 5631 Cur
1041 5574 1174 5629 dicit
1210 5591 1221 5625 :
1258 5570 1453 5625 Omnes
1494 5566 1991 5623 scandalizabimini
2024 5570 2075 5621 in

487 5674 609 5727 me?
636 5671 810 5725 Simul
856 5671 1077 5740 quidem
1116 5666 1517 5736 praiseientiam
1548 5663 1869 5725 ostendens,
1911 5663 2073 5715 simul

487 5771 670 5815 autem
702 5760 1161 5815 scandalizandos
1196 5758 1454 5811 innuens.

557 5846 725 5903 Vens.
766 5847 856 5900 59...
892 5848 1005 5903 Cur
1050 5848 1185 5902 dicit
1223 5865 1235 5901 :
1278 5845 1473 5898 Videbo
1525 5862 1613 5899 vos
1659 5847 1712 5897 in
1743 5842 2075 5901 Galila’am?

2189 4649 2348 4701 καλεῖ
2372 4665 2385 4677 ·
2410 4651 2595 4703 καινὸν
2624 4650 2680 4703 δὲ
2710 4652 2855 4703 πιεῖν
2870 4650 2931 4703 τὸ
2958 4653 3243 4723 ποτήριον,
3270 4651 3419 4705 τοῦτ’
3438 4652 3553 4704 ἔστι
3575 4649 3767 4712 καινῶς

2188 4739 2282 4791 καὶ
2306 4740 2629 4809 παραδόξως
2650 4756 2664 4769 ·
2694 4740 2753 4793 ού
2790 4741 2922 4811 γὰρ,
2956 4741 3032 4802 ὡς
3072 4742 3359 4811 πρότερον,
3393 4740 3488 4793 τοῦ
3525 4741 3767 4811 σώματος

2191 4830 2453 4901 βρώσεως
2514 4833 2777 4903 δεομένου
2826 4834 2968 4887 κατά
3016 4833 3178 4901 φύσιν
3237 4835 3331 4886 καὶ
3366 4834 3603 4897 πόσεως,
3656 4829 3766 4887 ἀλλ’

2189 4922 2483 4992 ὑπερφυῶς
2517 4924 2984 4997 ἁφθαρτισθέντος
3010 4926 3109 4996 ἤδη
3134 4927 3228 4978 καὶ
3258 4924 3488 4995 μηδενὸς
3515 4925 3764 4996 δεομένου

2186 5013 2247 5065 τὸ
2278 5014 2518 5068 σύνολον.

2264 5109 2366 5160 Διὰ
2389 5108 2438 5160 τί
2461 5109 2540 5171 τὸ,
2575 5107 2992 5177 Ὑμνήσαντες
3004 5108 3071 5162 δὲ
3090 5108 3372 5177 ἐξῆλθον,
3397 5113 3598 5176 κεῖται;
3628 5107 3764 5164 Ἀντὶ

2185 5204 2302 5269 τοῦ,
2347 5203 2481 5257 Μετ’
2529 5202 2884 5273 εὐχαριστίας
2926 5204 3020 5256 καὶ
3061 5202 3372 5270 δοξολογίας
3426 5202 3618 5256 ἔλαϐον
3671 5201 3762 5270 τὴν

2185 5296 2496 5349 κοινωνίαν.
2525 5296 2624 5348 Διά
2650 5295 2702 5347 τί
2738 5297 2817 5358 εἰς
2858 5295 2921 5347 τὸ
2946 5295 3071 5365 ὅρος
3105 5294 3367 5364 ἐξῆλθεν;
3395 5297 3510 5348 Ἵνα
3546 5295 3620 5365 μὴ
3641 5295 3760 5366 δόξῃ

2185 5384 2558 5457 κρύπτεσθαι·
2598 5384 2857 5438 ἔσπευδεν
2891 5384 3001 5454 γὰρ
3028 5384 3123 5436 ἐπὶ
3153 5385 3245 5438 τὸν
3274 5386 3440 5440 τόπον
3472 5386 3646 5439 ἐλθεῖν
3675 5384 3759 5438 τὸν

2186 5477 2283 5531 καὶ
2336 5476 2509 5547 Ἰούδᾳ
2537 5477 2835 5548 γνώριμον.

2253 5566 2353 5621 Διά
2382 5567 2434 5619 τί
2464 5567 2612 5636 λέγει
2642 5567 2724 5633 τὸ,
2770 5568 3000 5635 Πάντες
3033 5567 3651 5636 σκανδαλισθήσεσθε
3696 5566 3758 5619 ἑν

2180 5659 2347 5727 ἐμοί;
2384 5658 2551 5729 Ὁμοῦ
2595 5660 2695 5730 μὲν
2748 5663 2842 5715 καὶ
2890 5661 2991 5731 τὴν
3032 5662 3345 5732 πρόγνωσιν
3378 5661 3579 5731 δηλῶν,
3630 5656 3754 5730 ὁμοῦ

2179 5753 2345 5805 δὲκαὶ
2372 5742 3153 5824 τοὺξσκανδαλισθησομένους
3193 5755 3409 5809 ἐννοῶν.
3735 5754 3740 5759 ’

2250 5845 2348 5915 Διά
2381 5848 2429 5900 τί
2471 5846 2642 5916 λέγει,
2672 5850 2752 5902 ὅτι
2792 5850 3053 5917 ’Ὀψομαι
3102 5846 3257 5917 ὑμᾶς
3303 5853 3389 5915 εἰς
3436 5848 3547 5916 τὴν
3583 5849 3754 5901 [ἀλισ-
