4026 6402
372 410 508 474 1165

1355 409 1678 472 SCHOLIA
1724 409 2018 470 VETERA
2061 409 2142 468 1N
2185 409 2652 469 MATTILEUM.

3493 411 3630 476 1106

363 523 551 578 λαίαν
575 537 594 586 ;
629 521 746 577 Ἵνα
771 522 866 576 τοῦ
894 524 1061 592 φόϐου
1083 521 1394 596 ἀπαλλάξῃ·
1445 523 1664 596 μακρὰν
1695 523 1804 590 γὰρ
1833 520 1940 574 τῶν

2058 517 2118 573 Ut
2163 535 2193 572 a
2225 529 2370 574 metu
2423 535 2520 576 eos
2571 523 2793 589 liberet;
2827 523 2986 593 longe
3030 523 3173 577 enim
3225 539 3253 577 ιι
3285 522 3488 582 Judaeis
3515 541 3636 586 erat

377 615 650 668 Ἰουδαίων
682 609 750 685 ἦν
778 617 810 684 ὴ
839 615 1122 670 Γαλιλαία.

435 705 538 758 Διὰ
563 705 618 758 τί
659 707 889 776 ἀφίησιν
917 707 1010 761 τὸν
1041 708 1252 779 Πέτρον
1284 711 1472 762 πεσεῖν
1493 725 1508 774 ;
1533 709 1650 762 Ἵνα
1675 709 1749 781 μὴ
1773 709 1942 766 αὐθά-

363 798 465 870 δης
488 801 598 869 εἴη,
635 800 772 870 μηδὲ
799 801 949 872 αὐτῷ
977 801 1221 873 θαρρῶν,
1253 803 1506 856 ἀλλὰ-διὰ
1539 803 1638 873 τὴν
1667 803 1948 875 ἀνθρωπί-

361 907 461 961 νην
495 891 782 946 ἀσθένειαν
821 893 914 946 καὶ
949 895 998 946 οἱ
1033 893 1181 948 ἄλλοι
1219 895 1443 960 ἰδόντες,
1474 896 1771 950 παύσονται
1814 897 1946 968 θαρο

361 985 476 1053 ρεῖν
516 984 768 1048 ἑαυτοῖς·
821 985 922 1038 καὶ
969 987 1057 1042 ἵνα
1097 987 1482 1058 συγχωρηθεὶς
1521 989 1598 1053 ὡς
1645 991 1946 1054 ἀπόστολος

357 1077 474 1138 τοῖς
499 1076 764 1130 πταίσασι
795 1080 1149 1150 συγχωρήσῃ.
1181 1079 1280 1133 Διὰ
1304 1079 1464 1134 τοῦτο
1492 1077 1586 1135 οὖν
1609 1081 1712 1152 τῆς
1737 1082 1945 1138 ἀνωθεν

361 1169 534 1238 ῥοπῆς
566 1169 888 1241 ἐγυμνώθη,
935 1171 1034 1243 τὴν
1069 1172 1230 1241 φύσιν
1265 1173 1434 1227 αὐτοῦ
1483 1173 1802 1245 ἐλέγχοντος
1849 1175 1944 1231 τοῦ

356 1257 520 1314 Θεοῦ.

429 1353 529 1405 Διά
557 1351 611 1404 τὶ
652 1351 874 1422 εὔχεται
909 1355 1081 1426 χωρὶς
1125 1355 1234 1407 τῶν
1291 1354 1582 1426 μαθητῶν;
1627 1357 1766 1412 Κατ’
1811 1359 1946 1414 ἰδίαν

357 1439 620 1511 εὔχεσθαι
644 1445 792 1514 ἡμᾶς
820 1445 1110 1502 διδάσκων.

345 1527 348 1532 ’
432 1536 532 1588 Διὰ
559 1537 614 1590 τι
641 1537 770 1600 τοὺς
799 1541 949 1609 τρεῖς
974 1539 1172 1609 μόνους
1201 1541 1626 1612 παραλαμϐάνει
1649 1544 1772 1597 τότε
1797 1563 1810 1612 ;
1857 1547 1945 1610 Ὠς

353 1627 458 1695 τῆς
491 1625 654 1698 δόξης
679 1629 850 1683 αὐτοῦ
881 1631 1124 1701 θεωρούς
1143 1639 1162 1662 δ
1199 1633 1297 1687 καὶ
1325 1633 1412 1687 ἵνα
1451 1635 1501 1688 οἱ
1527 1633 1675 1688 ἄλλοι
1705 1635 1782 1700 ὡς
1815 1639 1944 1692 ἀτε-

353 1715 608 1789 λέστεροι
636 1721 712 1792 μὴ
742 1723 1154 1778 καταπέσωσιν.

439 1831 665 1884 Ἕνεκεν
695 1832 842 1895 τίνος
887 1831 1139 1902 εὓχεται;
1177 1834 1300 1890 Ἵνα
1348 1836 1424 1909 μὴ
1466 1838 1758 1911 ὑπόκρισις
1803 1839 1946 1896 εἶναι
1981 1878 2018 1932 Β

350 1921 488 1994 δοκῇ
543 1921 605 1976 τὺ
638 1925 873 1992 πρᾶγμα
897 1941 912 1954 ·
954 1925 1272 1996 ἐπιρρέουσι
1313 1927 1360 1982 δ’
1397 1928 1623 2000 ἱδρῶτες
1669 1931 1738 1985 δι’
1771 1934 1940 2006 αὐτὴν

349 2013 562 2084 ταύτην
591 2014 690 2084 τὴν
717 2015 917 2071 αἰτίαν.

427 2123 528 2178 Διὰ
553 2124 606 2178 τί
628 2123 798 2194 λέγει,
829 2129 1255 2198 Προσεύχεσθε
1277 2131 1480 2202 ἵναμὴ
1511 2133 1833 2206 εἰσέλθητε
1853 2143 1942 2204 εἰς

348 2221 734 2288 πειρασμόν;
785 2221 1065 2275 Παιδεύων
1105 2227 1180 2296 μὴ
1230 2226 1758 2296 ἀπαυθαδιάζεσθαι,
1807 2233 1942 2289 ἀλλὰ

352 2311 746 2381 συντετρῖφθαι
775 2311 872 2382 τὴν
899 2312 1161 2370 διάνοιαν.

427 2403 599 2473 Τρὶτη
633 2405 765 2474 εὐχὴ
804 2404 887 2471 τὸ,
919 2408 1243 2477 Γενηθήτω
1286 2411 1353 2465 τὸ
1389 2411 1624 2483 θέλημά
1651 2431 1769 2471 σου
1791 2435 1805 2448 ·
1840 2421 1943 2474 δει-

349 2496 490 2558 κνὺς
514 2495 597 2548 ὅτι
632 2497 841 2568 σφόδρα
873 2499 1088 2569 συνᾴδει
1132 2501 1208 2570 τῷ
1233 2502 1502 2574 θελήματι
1531 2507 1627 2560 τοῦ
1654 2509 1812 2576 Θεοῦ,
1845 2513 1942 2566 καὶ

347 2587 440 2640 ὅτι
484 2589 774 2659 πανταχοῦ.
821 2591 1000 2660 τούτῳ
1047 2593 1277 2647 ἕπεσθαι
1339 2596 1420 2649 δεῖ
1473 2600 1568 2652 καὶ
1635 2601 1937 2674 ἐπιζητεῖν.

349 2679 716 2750 Προσηύξατο
741 2683 950 2753 τρίτον,
990 2685 1206 2748 δεικνὺς
1237 2687 1319 2740 ὅτι
1345 2687 1636 2761 ἅνθρωπός
1669 2693 1852 2748 ἐστιν’
1880 2698 1944 2750 τὺ
1973 2731 1982 2738 -

325 2769 464 2842 ’γὰρ
489 2772 744 2845 δεύτερον
775 2775 870 2830 καὶ
922 2776 1106 2847 τρίτον
1153 2779 1212 2831 ἐν
1240 2781 1308 2851 τῇ
1360 2782 1552 2855 Γραφῇ
1593 2783 1944 2855 βεϐαιώσεώς

348 2865 472 2918 ἐστι
498 2865 791 2924 δεικτικόν.

426 2975 526 3028 Διὰ
546 2975 598 3028 τί
629 2969 796 3048 ἦλθεν
825 2979 888 3032 ἐκ
917 2979 1174 3052 δευτέρου
1210 2983 1348 3054 πρὸς
1379 2985 1578 3052 αὐτούς
1603 3006 1618 3052 ;
1661 2991 1773 3045 Καὶ
1798 2993 1946 3061 ἀγω-

347 3065 485 3120 νιῶν
528 3066 604 3131 ὡς
653 3067 944 3140 ἄνθρωπος
992 3075 1122 3143 περὶ
1151 3075 1245 3129 τοῦ
1289 3076 1548 3146 θανάτου,
1586 3083 1681 3136 καὶ
1721 3083 1941 3154 ἐλέγξαι

345 3157 552 3222 αὐτοὺς
577 3159 900 3232 βουλόμενος
921 3181 938 3195 ·
971 3166 1055 3219 ὃτι
1085 3167 1258 3232 οὕτως
1288 3171 1832 3246 κατεϐαπτὶσθησαν,
1863 3177 1940 3241 ὡς

349 3249 494 3320 μηδὲ
524 3253 625 3322 τῆς
655 3257 964 3327 παρουσίας
1003 3261 1170 3313 αὐτοῦ
1201 3262 1514 3320 αἰσθέσθαι.
1547 3266 1648 3320 Διὰ
1691 3243 1744 3322 τί
1777 3269 1834 3323 δέ
1875 3273 1937 3324 οὐ
1967 3243 2010 3301 C

345 3345 622 3410 διυπνὶζει
656 3349 887 3418 αὐτούς;
922 3351 1008 3416 Ὡς
1036 3353 1111 3422 μὴ
1139 3354 1344 3425 πλῆξαι
1369 3358 1742 3430 πεπληγότας.

423 3459 522 3512 Διὰ
551 3459 604 3512 τι
633 3460 804 3528 λέγει,
855 3462 938 3516 ὅτι
985 3465 1318 3520 Καθεύδετε
1364 3471 1586 3524 λοιπὸν
1637 3473 1738 3527 καὶ
1785 3475 1937 3530 ἀνα-

346 3550 663 3616 παύεσθε;
712 3555 809 3606 καὶ
855 3555 964 3624 μὴν
1012 3555 1134 3608 τότε
1186 3560 1536 3630 γρηγορῆσαι
1583 3563 1692 3618 ἔδει
1727 3581 1739 3595 ·
1799 3568 1937 3622 ἀλλὰ

341 3643 565 3707 δεικνὺς
597 3645 679 3698 ὅτι
711 3646 812 3700 οὐκ
856 3649 1100 3702 οἴσουσιν
1133 3651 1254 3703 οὐδέ
1285 3651 1384 3723 τὴν
1427 3653 1552 3724 ὄψιν
1573 3673 1590 3688 ο
1617 3659 1709 3710 καὶ
1749 3660 1830 3713 ὅτι
1860 3660 1942 3713 δεῖ

346 3737 572 3798 πάντως
608 3737 710 3808 ήδη
747 3739 912 3792 αὐτὸν
943 3742 1342 3812 παραδοθῆναι,
1369 3745 1531 3800 τοῦτό
1558 3767 1744 3819 φησιν.

423 3828 524 3882 Διὰ
545 3827 598 3880 τί
627 3830 804 3898 λέγει,
846 3832 1200 3901 Ἐγείρεσθε,
1219 3835 1457 3908 ἄγωμεν·
1475 3840 1783 3906 ἐντεῦθεν,
1807 3843 1938 3899 ἰδοὺ

343 3917 600 3988 ἤγγικεν
631 3925 665 3976 ὁ
691 3924 1065 3992 παραδιδούς
1094 3944 1208 3996 με;
1234 3931 1352 3984 Ἵνα
1380 3931 1532 4004 δείξῃ
1559 3933 1636 3996 ὡς
1655 3937 1756 3988 οὐκ
1777 3937 1938 4006 ἐφευ-

344 4027 470 4077 γεν,
505 4013 644 4065 ἀλλὰ
681 4014 884 4082 μᾶλλον
927 4017 1296 4090 προσέτρεχεν
1334 4021 1522 4092 αὐτῷ·
1565 4025 1649 4076 ἵνα
1689 4027 1936 4095 μάθωσιν

346 4103 427 4167 ὡς
466 4106 566 4160 οὐκ
597 4107 876 4174 ἀσθένεια,
909 4109 1024 4164 ἀλλ’
1047 4113 1362 4183 οἰκονομίας
1392 4110 1462 4185 ἦν
1492 4115 1554 4168 τὸ
1583 4116 1706 4170 ὅλον
1726 4135 1740 4150 ·
1772 4119 1803 4188 ἢ
1831 4119 1939 4171 ἀπὸ

345 4199 458 4268 γῆς
487 4203 568 4265 εἱς
605 4204 835 4274 οὐρανὸν
887 4207 1067 4274 λέγων
1093 4209 1344 4272 καὶτοὺς
1382 4209 1503 4262 τότε
1545 4211 1640 4263 καὶ
1683 4213 1810 4276 τοὺς
1841 4211 1936 4267 νῦν

345 4291 684 4362 ἐγείρεσθαι.

425 4409 502 4462 Τὸ
536 4409 673 4478 μετὰ
714 4410 1006 4481 μαχαιρῶν
1036 4412 1130 4464 καὶ
1173 4411 1345 4475 ξύλων
1401 4409 1556 4468 εἶπεν
1603 4415 1778 4468 ἐλθεῖν
1830 4415 1939 4468 ἀπὸ

247 4548 252 4554 .
341 4503 460 4555 τῶν
491 4503 704 4571 ἱερέων,
755 4502 1026 4556 διδάσκων
1061 4503 1137 4568 ὡς
1186 4507 1412 4560 τοιαῦτα
1457 4503 1525 4580 ἦν
1565 4507 1636 4560 τὰ
1685 4509 1936 4579 ἱερατικὰ

345 4595 532 4649 αὐτῶν
563 4595 734 4666 σκεύη
765 4598 860 4650 καὶ
888 4598 1168 4668 κωμῳδῶν
1192 4600 1413 4665 αὐτούς.

419 4788 518 4842 Διά
555 4788 608 4840 τί
643 4789 868 4860 σημεῖον
890 4787 1124 4842 δέδωκεν
1149 4789 1177 4842 ὁ
1200 4791 1468 4862 προδότης
1506 4809 1521 4856 ;
1550 4791 1695 4846 Διότι
1728 4792 1934 4848 πολλά·-

343 4899 438 4946 κις
466 4881 856 4952 κατασχεθεὶς,
884 4881 1103 4951 διῆλθεν
1128 4884 1214 4936 διὰ
1248 4885 1416 4954 μέσου
1448 4887 1653 4942 αὐτῶν.

418 4975 518 5028 Διὰ
573 4975 628 5028 τε
667 4971 842 5039 εἶπεν,
888 4975 1120 5044 Ἑταῖρε
1165 4977 1258 5046 ἐφ’
1308 4972 1355 5045 ᾧ
1405 4980 1620 5048 animi;
1675 4982 1749 5034 Τὸ
1802 4981 1924 5052 μὲν,

344 5069 557 5137 ἑταῖρε,
594 5065 769 5133 εἴπεν,
799 5069 938 5122 ὥστε
990 5071 1250 5140 ἐντρέψαι
1304 5074 1468 5126 αὐτόν
1493 5091 1506 5105 ο
1543 5073 1604 5126 τὸ
1627 5075 1704 5138 δὲ,
1761 5075 1855 5144 ἐφ’
1884 5071 1934 5146 ᾧ

347 5160 526 5229 πάρει
557 5180 575 5226 ;
601 5163 684 5215 ὅτι
724 5161 860 5231 Οὐχὶ
889 5162 1114 5232 ἀγάπης
1153 5163 1342 5232 σκοπῴ
1375 5165 1534 5218 τοῦτο
1588 5165 1743 5236 δρᾷς,
1795 5170 1934 5225 ἀλλὰ

347 5257 562 5328 πονηρᾷ
588 5255 802 5329 γνώμῃ.

419 5347 590 5401 Πόθεν
619 5343 764 5418 εἶχεν
798 5347 1074 5420 μάχαιραν
1104 5349 1345 5421 Ιὶἐτροςς
1393 5350 1528 5404 Ἀπὸ
1577 5353 1672 5406 τοῦ
1703 5355 1923 5411 δείπνου

342 5439 440 5494 τοῦ
473 5441 728 5509 νομικοῦ·
772 5443 956 5510 ἀρνίον
986 5442 1095 5513 γὰρ
1127 5442 1320 5512 ἔφαγε.
1416 5467 1418 5470 ν

415 5531 572 5594 Τίνος
603 5532 763 5604 χάριν
797 5528 981 5596 εἶπεν,
1027 5535 1109 5587 ὅτι
1143 5535 1371 5602 Πάντες
1409 5539 1464 5591 οἱ
1493 5541 1785 5608 λαϐόντες
1811 5543 1925 5612 μά-

344 5641 580 5694 χαιραν,
607 5625 677 5679 ἐν
699 5627 965 5696 μαχαίρᾳ
995 5627 1477 5694 ἀποθανοῦνται;
1505 5633 1644 5696 Τοὺς
1681 5636 1930 5706 μαθητὰς

345 5717 847 5789 παραμυθούμενος
891 5723 958 5790 τῇ
999 5722 1240 5792 τιμωρίᾳ
1289 5723 1397 5774 τῶν
1438 5724 1926 5783 ἐπιϐουλευόντων·

343 5807 455 5874 ἐγὼ
502 5809 558 5862 δὲ
613 5810 756 5878 λέγω
808 5813 888 5864 ὅτι
935 5814 1028 5875 καὶ
1085 5813 1271 5867 πολλοὶ
1311 5813 1470 5868 τοῦτο
1527 5817 1830 5890 πάσχουσιν
1877 5824 1927 5874 οἱ

344 5900 616 5967 δρῶντες·
646 5906 692 5957 εξ
721 5905 878 5973 δὲτὸ,
909 5905 1152 5973 πάντες,
1195 5907 1422 5976 πρόσκει
1447 5925 1548 5976 ται,
1581 5910 1700 5963 ἀντὶ
1729 5912 1844 5978 τοῦ,
1879 5915 1924 5964 οξ

2052 612 2294 667 (ἓιιΙὶιεειι.

2123 705 2288 761 Vens.
2325 705 2412 772 54.
2443 705 2556 760 Cur
2583 707 2717 762 sinit
2751 705 2971 762 Petrum
3017 709 3212 764 cadere
3243 712 3266 762 ?
3295 709 3372 764 Ne
3403 711 3634 768 nimium

2051 795 2196 855 dese
2219 800 2500 855 confidens
2533 801 2626 864 sit,
2651 817 2829 871 neque
2855 803 3159 866 animosus,
3195 804 3288 858 scd
3323 812 3382 857 ut
3413 815 3638 875 propter

2053 891 2350 945 humanam
2387 891 2758 947 infirmitatem
2793 893 2989 948 cadere
3019 895 3112 948 alii
3147 907 3438 951 cernentes
3475 896 3544 951 de
3577 911 3637 954 se

2049 983 2324 1038 conﬁdere
2375 993 2632 1048 cessent;
2685 995 2740 1040 et
2785 996 2845 1040 ut
2901 989 3113 1041 veniam
3188 1003 3312 1042 cum
3363 989 3636 1058 acceperit

2049 1077 2355 1147 apostolus,
2393 1079 2715 1134 cadentibus
2745 1081 2962 1134 veniam
2996 1081 3282 1136 concedat.
3303 1081 3430 1137 Ideo
3469 1084 3637 1154 igitur

2051 1183 2294 1238 superno
2346 1171 2552 1226 auxilio
2583 1171 2878 1228 destitutus
2924 1181 3028 1240 est,
3064 1173 3176 1230 Deo
3229 1185 3488 1230 naturam
3514 1175 3636 1246 ejus

2049 1263 2440 1318 confundente.

2125 1351 2294 1410 Vens.
2351 1355 2439 1410 56.
2485 1354 2598 1411 Cur
2639 1365 2759 1412 orat
2787 1358 2998 1430 absque
3036 1359 3369 1430 discipulis?
3401 1357 3473 1415 Ut
3531 1375 3634 1417 nos

2050 1447 2282 1502 seorsim
2307 1463 2470 1503 orare
2498 1449 2711 1504 doceat.

2123 1537 2289 1596 Vens.
2323 1540 2414 1596 '57.
2446 1541 2561 1597 Cur
2585 1551 2696 1597 tres
2717 1545 2864 1600 solos
2879 1535 3019 1600 tunc
3047 1548 3316 1602 assumit?
3345 1547 3634 1620 Tanquam

2050 1631 2238 1700 gloriae
2287 1649 2401 1690 sum
2435 1643 2624 1702 testes,
2687 1645 2834 1693 etut
2884 1639 2980 1694 alii
3030 1639 3464 1710 imperfectiores
3522 1659 3635 1698 non

2049 1722 2362 1780 concidant.

2129 1831 2292 1888 Vnus.
2327 1833 2414 1889 59.
2454 1835 2628 1902 Quam
2663 1839 2733 1894 ob
2767 1855 2993 1896 causam
3026 1842 3184 1896 orat?
3217 1841 3294 1897 Ne
3325 1842 3635 1928 hypocrisis

2053 1939 2142 1978 res
2175 1939 2297 1980 esse
2334 1926 2628 1996 videatur;
2682 1942 2910 1988 manant
2940 1943 3122 1988 autem
3149 1934 3382 1990 sudores
3415 1926 3635 2007 propter

2044 2017 2295 2071 eamdem
2325 2020 2616 2076 rationem.

2119 2121 2284 2181 Vnus.
2315 2126 2404 2182 41.
2427 2128 2540 2184 Cur
2569 2130 2746 2187 dicit:
2789 2132 2954 2187 Orate
3002 2150 3066 2188 ne
3105 2135 3316 2192 intretis
3349 2137 3406 2192 in
3453 2147 3630 2192 tenta-

2047 2217 2284 2274 tionem?
2329 2219 2400 2276 Ut
2453 2233 2677 2278 moneat
2715 2227 3145 2284 conﬁdentiores
3193 2245 3304 2286 nou
3359 2246 3506 2298 esse,
3532 2233 3630 2289 sed

2045 2319 2226 2365 mente
2247 2314 2480 2368 conteri.

2117 2401 2285 2460 Vens.
2319 2406 2414 2462 42.
2448 2407 2635 2466 Tertia
2667 2413 2846 2467 oratio
2879 2424 3000 2484 est,
3041 2414 3170 2470 Fiat
3200 2418 3447 2474 voluntas
3485 2431 3577 2474 tua
3609 2436 3629 2474 :

2047 2497 2286 2553 ostendit
2333 2515 2392 2554 se
2437 2502 2738 2558 admodum
2770 2509 3092 2563 consentire
3123 2511 3392 2566 voluntati
3429 2511 3548 2577 Dei,
3577 2527 3632 2566 et

2045 2605 2163 2644 cam
2190 2607 2409 2664 semper
2434 2599 2775 2667 sequendam
2805 2611 2859 2656 et
2879 2605 3232 2672 quaerendam
3265 2621 3411 2662 esse.
3444 2608 3634 2661 Uravit

2046 2687 2229 2753 tertio,
2267 2697 2324 2742 ut
2385 2692 2700 2748 ostenderet
2737 2709 2798 2748 se
2854 2695 3134 2752 hominem
3187 2714 3332 2754 esse.
3365 2699 3502 2754 Nam
3543 2717 3631 2756 se-

2045 2777 2229 2830 cundo
2289 2788 2345 2834 et
2379 2783 2544 2839 tertio
2599 2785 2655 2839 in
2712 2784 2995 2858 Scriptura
3041 2792 3481 2848 conﬁrmationis
3545 2801 3632 2850 est

2045 2879 2452 2938 argumentum.

2115 2978 2284 3038 Vens.
2327 2983 2416 3040 45.
2447 2983 2560 3040 Cur
2579 2988 2824 3044 secundo
2847 2993 2998 3048 venit
3030 2993 3096 3048 ad
3121 2996 3255 3052 eos?
3287 2998 3350 3051 Et
3382 3007 3440 3052 ut
3467 2999 3633 3052 homo

2045 3072 2262 3132 luctans
2295 3087 2496 3132 contra
2521 3091 2778 3148 mortem,
2807 3095 2862 3139 et
2877 3101 3112 3157 arguere
3133 3104 3232 3144 eos
3259 3093 3467 3155 volens,
3497 3095 3630 3162 quia

2045 3167 2184 3223 adeo
2216 3179 2374 3226 erant
2404 3175 2635 3241 gravati,
2669 3186 2728 3229 ut
2757 3179 3108 3246 praesentiam
3131 3182 3255 3251 ejus
3291 3199 3398 3236 non
3435 3201 3630 3240 sense-

2045 3259 2178 3314 rint.
2205 3259 2316 3316 Cur
2355 3273 2536 3324 autem
2569 3281 2682 3320 non
2715 3283 2812 3323 eos
2851 3271 3091 3326 excitat?
3123 3288 3194 3328 ne
3237 3274 3354 3343 jam
3398 3275 3629 3333 aﬂlictos

2042 3352 2266 3425 adligat.

2120 3464 2390 3521 Vens.45.
2425 3467 2534 3525 Cur
2553 3471 2686 3527 dicit
2721 3491 2734 3528 :
2773 3473 3010 3530 Dormile
3027 3477 3148 3546 jam
3187 3491 3239 3534 et
3275 3482 3631 3551 requiescite?

2049 3556 2306 3613 Attamen
2346 3571 2478 3616 tunc
2514 3564 2742 3635 vigilare
2773 3569 3063 3638 Oportebat
3103 3573 3238 3627 :sed
3273 3585 3332 3628 ut
3373 3578 3630 3632 ostendat

2046 3666 2142 3706 eos
2203 3653 2382 3722 ipsius
2436 3667 2720 3727 aspectum
2785 3677 2894 3715 non
2955 3663 3186 3731 laturos,
3227 3677 3282 3722 et
3323 3669 3473 3723 illum
3513 3672 3625 3740 jam

2045 3743 2188 3794 tradi
2217 3748 2448 3800 omnino
2486 3751 2858 3804 necessarium
2883 3767 3028 3820 esse,
3063 3758 3166 3810 hoc
3189 3757 3340 3812 dicit.

2119 3835 2284 3892 Vens.
2313 3841 2405 3894 46.
2439 3842 2554 3898 Cur
2583 3843 2717 3898 dicit
2751 3865 2763 3900 :
2806 3843 3041 3918 Surgite,
3095 3869 3280 3906 eamus
3329 3855 3472 3918 hinc,
3514 3873 3630 3910 erce

2041 3933 2482 3999 appropinquavit
2512 3938 2605 4006 qui
2651 3955 2729 3992 me
2765 3941 2977 3996 tradet?
3015 3941 3088 3997 Ut
3125 3947 3377 4002 ostendat
3429 3965 3487 4005 se
3521 3965 3628 4004 non

2042 4021 2252 4091 fugere,
2302 4028 2394 4080 sed
2457 4032 2640 4095 potius
2673 4035 2944 4101 proditori
3008 4039 3229 4094 obviam
3282 4041 3393 4109 ire;
3435 4053 3494 4096 ut
3543 4045 3629 4099 di-

2042 4127 2198 4170 scant
2251 4117 2383 4171 illud
2439 4135 2546 4174 non
2629 4139 2754 4179 esse
2807 4127 3170 4193 debilitatem,
3245 4135 3336 4188 sed
3398 4137 3626 4192 omnino

2039 4211 2406 4278 excogitatum
2437 4217 2778 4284 propositum
2803 4236 2818 4284 ;
2841 4229 2936 4274 aut
2955 4223 3085 4276 dicit
3105 4241 3132 4278 a
3165 4235 3308 4280 terra
3334 4229 3398 4281 ad
3417 4235 3620 4286 t-wlunt

2047 4301 2149 4356 hos
2173 4305 2266 4372 qui
2301 4313 2432 4360 tunc
2467 4317 2622 4362 erant
2646 4319 2700 4364 et
2729 4311 2828 4367 Ιιοε
2860 4314 2954 4382 qui
2986 4331 3134 4371 nunc
3170 4329 3300 4374 sunt
3324 4335 3572 4391 surgere.

2115 4413 2277 4468 Vens.
2309 4415 2399 4469 47.
2427 4416 2564 4470 Cum
2591 4419 2786 4487 gladiis
2817 4434 2871 4476 et
2898 4421 3136 4480 fustibus
3154 4429 3416 4486 dicuntur
3435 4435 3622 4491 venire

2040 4505 2134 4574 qui
2194 4507 2350 4563 missi
2402 4520 2528 4565 sunt
2577 4527 2607 4566 a
2665 4516 3068 4584 sacerdotibus,
3117 4521 3188 4576 ad
3218 4529 3620 4584 ostendendum

1965 4597 2010 4653 ἱ)
2044 4599 2204 4654 talem
2241 4617 2365 4656 esse
2395 4605 2792 4662 sacerdotalem
2825 4624 3017 4666 eorum
3053 4627 3376 4686 apparatum
3409 4632 3462 4675 ct
3493 4622 3626 4677 irri-

2042 4691 2281 4747 dendum
2306 4709 2425 4749 eos.
2461 4757 2466 4760 ,

2113 4783 2279 4842 Vens.
2309 4787 2400 4844 48.
2433 4789 2546 4844 Cur
2572 4791 2788 4864 signum
2825 4795 2975 4853 dedit
3007 4804 3288 4870 proditor?
3312 4807 3450 4874 Quia
3482 4826 3626 4882 saepe

2037 4883 2495 4951 comprehensus,
2527 4889 2778 4942 transivit
2804 4907 2900 4960 per
2922 4896 3162 4951 medium
3203 4916 3417 4958 eorum.

2111 4973 2279 5031 Vnus.
2318 4976 2406 5030 50.
2445 4979 2557 5033 Cur
2596 4981 2772 5036 dicit:
2821 4987 3023 5054 Amice,
3077 4991 3146 5042 ad
3205 4995 3332 5062 quid
3393 4997 3622 5054 venisti!

2031 5066 2200 5134 Dicit,
2233 5071 2423 5136 amice,
2460 5079 2518 5126 ut
2553 5071 2704 5128 illum
2763 5089 3084 5148 convertat;
3119 5093 3195 5149 et,
3247 5087 3316 5138 ad
3360 5089 3488 5156 quid
3537 5105 3623 5142 ue-

2035 5162 2367 5230 nisti?quasi
2394 5164 2632 5220 diceret:
2653 5164 2768 5221 Non
2797 5169 3081 5229 charitatis
3108 5190 3272 5230 causa
3309 5179 3442 5234 illud
3473 5181 3617 5251 agis,

2033 5255 2129 5311 Sed
2172 5258 2408 5328 maligna
2441 5258 2767 5315 intentione.

2106 5347 2275 5405 Vens.
2304 5351 2392 5405 5t.
2433 5351 2586 5407 Unde
2613 5353 2850 5410 habebat
2872 5355 3111 5426 gladium
3137 5357 3366 5415 Petrus?
3393 5361 3612 5420 Ecmna

2033 5445 2190 5514 legali
2220 5461 2235 5508 ;
2273 5460 2476 5515 agnum
2513 5447 2658 5501 enim
2690 5450 3024 5506 comederat.

2107 5531 2274 5589 Vens.
2305 5535 2395 5589 5'2.
2423 5536 2595 5605 Cujus
2619 5551 2784 5594 causa
2815 5539 2951 5595 dicit
2985 5561 2999 5597 :
3039 5543 3232 5597 Omnes
3269 5547 3360 5614 qui
3401 5563 3616 5618 accepe-

2032 5627 2141 5680 rint
2165 5626 2427 5697 gladium,
2453 5631 2633 5700 gladio
2657 5633 2946 5702 peribunt?
2969 5637 3271 5708 discipulos
3304 5651 3362 5695 ut
3391 5653 3615 5698 moneat

2031 5719 2316 5792 punitione
2371 5721 2608 5778 violenta
2674 5728 3029 5794 patrantium.
3105 5729 3217 5801 Ego
3291 5749 3420 5788 vero
3489 5733 3614 5788 dico

2035 5813 2236 5868 mullos
2271 5813 2322 5869 id
2357 5815 2470 5884 pati
2503 5816 2648 5885 quod
2679 5817 2924 5885 faciunt;
2967 5820 3010 5874 ‘si
3042 5825 3225 5877 autem
3273 5841 3450 5880 omna
3479 5826 3616 5880 dici-

2035 5925 2142 5972 tur,
2173 5923 2272 5977 pro
2304 5907 2490 5966 multis
2521 5909 2936 5982 intelligendum
2963 5923 3064 5972 est.
3093 5915 3344 5974 Etexteri
3369 5931 3612 5992 quoque,
