4026 6440
319 406 460 478 1169
1317 413 1640 476 SCHOLIA
1677 415 1976 476 νΕΤΕιιΑ
2021 415 2100 474 Di
2139 415 2612 475 illATTl-IEEUM.
3449 407 3588 470 1170

316 521 401 574 Σὺ
457 523 616 592 ὄψει,
682 525 942 595 μέγιστον
997 525 1180 589 αὐτοῖς
1238 525 1492 597 ἔγκλημα
1547 528 1644 580 καὶ
1699 527 1935 588 τοῦτου

2068 529 2294 582 nim-es:
2358 531 2432 580 Tu
2488 527 2706 592 videris,
2751 524 3052 580 maximum
3106 521 3206 577 sibi
3233 531 3512 590 pecmtnm
3536 535 3590 579 et

316 611 596 678 φαίνονται
643 614 752 684 γᾶρ
788 613 1196 685 μαρτυροῦντες
1241 619 1307 687 τῇ
1352 617 1556 686 τόλμῃ·
1598 618 1694 670 καὶ
1727 635 1897 670 κατα-

2070 623 2138 677 nd
2188 623 2415 678 faciunt.
2477 623 2617 678 Nam
2675 623 2926 678 videntur
2967 619 3182 674 facinus
3229 625 3590 682 attestantes;

317 701 565 767 κρίνουσι
610 705 709 773 μὲν
749 706 842 758 τὸν
891 706 1132 772 Ἰούδαν,
1184 707 1291 760 ὑπὸ
1329 707 1388 760 δὲ
1429 707 1523 760 τοῦ
1558 709 1764 772 πάθους
1801 710 1899 762 οὐκ

2083 715 2692 786 condemnantquidem
2745 714 2965 779 Judam,
3007 713 3100 767 sed
3139 727 3235 782 per
3273 711 3394 778 ejus
3433 710 3596 764 mise-

318 794 800 862 ἀναχαιτίζονται·
855 800 1282 870 κατακρίνονται
1325 799 1382 852 δὲ
1421 800 1518 853 καὶ
1573 801 1638 854 ἐκ
1679 801 1775 854 τοῦ
1823 803 1899 872 μὴ

2060 809 2239 862 ludam
2321 817 2523 863 sortem
2579 821 2686 862 non
2750 806 3085 861 detinentur.
3149 803 3597 860 Condemnantur

319 885 504 954 βαλεῖν
536 888 679 942 αὐτὰ
710 892 789 954 εἰς
821 892 914 946 τὸν
939 895 1254 964 κορσωνᾶν,
1295 893 1412 947 ἀλλ’
1441 895 1712 964 ἀγοράσαι
1736 897 1902 949 τόπον

2060 911 2186 954 item
2226 915 2292 955 ex
2318 899 2421 955 hoc
2446 900 2590 970 quod
2623 915 2734 955 non
2765 899 3018 954 miserint
3046 906 3334 966 argenteos
3382 893 3438 948 in
3467 899 3620 947 τοι·-⁴

319 979 396 1039 ei;
421 980 600 1050 ταφὴν
631 982 740 1034 τῶν
769 985 956 1050 ξένων,
979 987 1088 1040 άπὸ
1119 987 1280 1056 φόνου
1308 985 1564 1039 εὐποιίαν
1594 987 1906 1051 ποιοῦντες*

2060 1007 2235 1055 mam,
2263 992 2356 1046 sed
2381 992 2617 1047 eruerint
2645 991 2826 1046 locum
2871 991 2925 1044 in
2976 989 3314 1058 sepulturam
3351 988 3596 1056 peregri-

319 1067 376 1132 ὃς
406 1069 576 1140 ἀγρὸς
605 1073 870 1143 κηρύττει
917 1074 1005 1128 ἀεὶ
1046 1075 1108 1128 τὸ
1145 1077 1381 1146 πρᾶγμα
1413 1075 1654 1144 ἐλέγχων
1680 1075 1900 1138 αὐτούς.

2060 1099 2230 1149 arum,
2293 1075 2368 1139 cf
2399 1085 2698 1140 homicidio
2755 1082 3172 1138 beneﬁcentiam
3225 1089 3598 1134 exercentes:

2011 1177 2102 1245 qui
2136 1191 2265 1245 ager
2293 1192 2408 1231 rem
2441 1179 2745 1245 proclamat
2777 1190 2993 1244 semper
3025 1173 3147 1228 illos
3181 1174 3468 1227 incusans.

393 1253 493 1307 Διά
528 1254 581 1308 τί
610 1251 703 1310 οὖν
735 1256 1044 1327 ἀγξάμενος
1075 1258 1150 1322 ὡς
1183 1257 1261 1330 μὴ
1299 1259 1642 1328 μετανοήσας
1689 1258 1908 1328 νομίζε-

2090 1268 2255 1325 Vens.
2293 1270 2345 1324 5.
2383 1271 2494 1323 Cur
2526 1269 2693 1340 igitur
2717 1271 2914 1338 laqueo
2942 1281 3248 1337 suspensus
3277 1273 3384 1326 est,
3431 1265 3504 1318 ita
3543 1271 3603 1318 nt

321 1365 442 1412 ται;
498 1349 620 1402 Ὀτι
665 1351 1048 1421 προεξήγαγεν
1093 1351 1256 1405 αὐτὸν
1305 1351 1408 1420 τῆς
1450 1349 1775 1420 μετανοίας,
1821 1350 1910 1404 ἵνα

2060 1378 2123 1416 on
2175 1361 2498 1430 paenituisse
2553 1361 2843 1416 videatur?
2893 1360 3033 1427 Quia
3087 1376 3146 1415 se
3200 1375 3231 1414 a
3275 1358 3600 1429 paenitentia

327 1441 494 1511 μηδὲν
533 1442 786 1498 ἐντεῦθεν
814 1444 1202 1516 καρπὼσηται.

2060 1454 2192 1509 rimo
2225 1453 2441 1519 avertit,
2479 1461 2540 1508 ut
2571 1453 2780 1507 nullum
2806 1453 2931 1507 inde
2954 1452 3190 1508 fructum
3227 1452 3493 1506 retulerit.

387 1535 486 1588 Διὰ
517 1534 568 1587 τί
595 1535 656 1588 οὐ
687 1535 938 1604 λέγουσιν
963 1537 1040 1608 τῷ
1067 1537 1284 1608 Πιλάτῳ
1311 1539 1412 1592 ὅσα
1445 1541 1494 1592 ot
1525 1540 1807 1612 μάρτυρες
1833 1535 1910 1592 εἶ-

2091 1547 2257 1604 Vsns.
2286 1548 2370 1602 ti.
2406 1545 2520 1600 Cur
2546 1560 2652 1600 non
2685 1545 2876 1599 dicunt
2911 1545 3090 1599 Pilato
3125 1545 3269 1615 quod
3315 1553 3482 1599 testes
3519 1541 3606 1596 di-

323 1643 428 1679 πον
449 1667 464 1692 ,
521 1627 636 1682 ἀλλ’
677 1629 757 1690 είς
783 1628 1034 1698 δημόσια’
1067 1631 1394 1701 ἐγκλήματα
1436 1632 1536 1702 τὴν
1571 1633 1912 1703 κατηγορίαν

2060 1647 2231 1702 erant,
2297 1637 2392 1692 sed
2441 1637 2510 1692 de
2557 1635 2796 1707 publicis
2827 1635 3155 1691 criminibus
3189 1635 3600 1691 accusationem

325 1720 610 1787 ποιοῦσιν;
658 1721 878 1792 Ἐπειδὴ
928 1723 1228 1791 ἐγίνωσκον
1277 1725 1353 1788 ὡς
1399 1727 1428 1778 ὁ
1477 1725 1708 1789 Πιλᾶτος
1757 1725 1912 1780 οὐδὲν

2060 1731 2270 1786 icium?
2339 1727 2480 1796 Quia
2531 1729 2940 1798 cognoscebant
3003 1727 3242 1782 Pilatum
3291 1741 3389 1796 pro
3435 1725 3610 1778 nihilo

323 1812 443 1882 ἔχει
463 1815 530 1866 τὰ
563 1813 768 1884 νόμιμα
790 1815 993 1870 αὐτῶν.
1041 1816 1100 1870 '0
1131 1818 1363 1887 Χριστὸς
1385 1819 1707 1890 ἐρωτηθεὶς,
1734 1815 1808 1874 ΕΙ
1830 1818 1912 1873 σὺ

2060 1823 2222 1877 abere
2244 1837 2367 1890 qua:
2394 1821 2460 1874 de
2488 1836 2680 1875 eorum
2705 1820 2823 1889 lege
2849 1827 3026 1873 erant.
3069 1817 3325 1872 Christus
3365 1816 3608 1870 interre-

323 1909 358 1958 d
382 1905 687 1972 ,βασιλεὺς
721 1905 841 1960 τῶν
875 1906 1222 1973 Ἰουδαίων;
1253 1905 1437 1962 εἶπεν·
1469 1910 1553 1964 Σὺ
1582 1910 1792 1976 clarae;
1815 1909 1916 1963 Διὰ

321 1995 421 2050 τοῦ
449 1997 644 2060 εἰπεῖν,
681 1998 764 2052 Σὺ
801 1993 976 2062 εἶπας
997 2039 1012 2061 ,
1047 1998 1402 2068 ὡμολόγησεν
1433 1996 1575 2054 εἶναι
1619 2001 1873 2072 βασιλεὺς
1897 2043 1912 2067 ,

321 2086 446 2141 ἀλλ’
472 2087 796 2158 ἐπουράνιος
819 2106 834 2121 ·
868 2089 898 2143 ὃ
947 2089 1044 2143 καὶ
1071 2091 1308 2162 ἀλλαχοῦ
1359 2093 1700 2164 σαφεστερον
1729 2093 1916 2162 ἔλεγεν

324 2179 468 2252 πρὸς
510 2181 746 2246 αὐτοὺς,
789 2183 874 2236 ὅτι
918 2183 988 2237 Ἢ
1015 2183 1129 2254 ἐμὴ
1152 2184 1450 2249 ,βασιλεία
1493 2188 1606 2242 οὐκ
1638 2188 1812 2241 ἐστιν
1847 2187 1920 2241 ἐκ

324 2274 438 2330 τοῦ
467 2277 701 2344 κόσμου
725 2277 965 2332 τούτου.

406 2369 622 2438 Βραχέα
649 2370 1030 2441 ἀποκρίνεται,
1058 2381 1152 2424 και
1181 2371 1344 2426 πάλιν
1374 2372 1524 2442 σιγᾷ·
1549 2370 1658 2424 ἀπὸ
1685 2370 1796 2439 γὰρ
1821 2370 1920 2438 τῆς

2018 1925 2207 1985 gntus:
2249 1913 2326 1967 Tu
2345 1931 2397 1967 es
2433 1929 2526 1968 rex
2557 1911 2908 1966 "Judazorum
2938 1911 2964 1964 .9
2989 1909 3124 1966 dicit
3157 1927 3170 1964 :
3206 1909 3281 1963 Tu
3307 1909 3462 1964 dicis.
3509 1907 3614 1961 Re-

2018 2006 2328 2076 pondeudo,
2367 2005 2445 2059 Tu
2471 2005 2629 2070 dicis,
2675 2003 2967 2059 confessus
2999 2013 3083 2057 est
3133 2017 3194 2057 se
3249 2016 3429 2072 regem
3463 1991 3626 2063 esse,

2020 2095 2118 2153 sed
2145 2098 2450 2152 ctelestem.
2481 2095 2546 2148 Et
2587 2094 2726 2149 alias
2769 2093 2973 2148 clarius
2999 2093 3111 2149 illis
3150 2093 3333 2148 dixit:
3376 2091 3615 2162 Regnum

2025 2203 2199 2242 meum
2229 2203 2332 2241 non
2373 2197 2450 2240 est
2479 2201 2546 2240 ea:
2575 2184 2670 2238 hoc
2705 2183 2925 2240 mundo.

2092 2370 2260 2426 Vens.
2305 2369 2391 2424 i2.
2429 2367 2672 2422 Breviter
2753 2364 3043 2436 respondet
3111 2374 3162 2418 et
3187 2363 3381 2417 iterum
3429 2369 3614 2416 tacet:

327 2459 633 2522 παντελοῦς
669 2462 828 2532 σιγῆς
851 2462 1012 2527 δόξαν
1033 2461 1328 2524 αὐθαδείας
1357 2462 1618 2528 δέξασθαι
1645 2461 1790 2531 εῖχεν
1815 2477 1830 2492 ·
1857 2465 1922 2514 ἐκ

2061 2475 2146 2514 am
2183 2477 2246 2514 ex
2279 2459 2534 2513 absoluto
2557 2456 2774 2512 silentio
2814 2453 3142 2526 arrogantia:
3165 2452 3480 2522 opinionem
3511 2449 3616 2506 sibi

323 2553 386 2604 δὲ
422 2551 517 2604 τοῦ
574 2552 748 2606 πολλά
797 2552 1000 2621 λέγειν,
1045 2553 1108 2608 οὐ
1156 2555 1344 2606 πεῖσαι
1405 2555 1604 2618 αὐτοὺς
1660 2553 1918 2624 ἔμελλεν·

2060 2551 2386 2617 nnciliabat;
2427 2549 2522 2605 sed
2573 2549 2740 2602 multa
2814 2547 3064 2609 dicendo,
3114 2545 3237 2600 illos
3286 2543 3620 2614 persuadere

327 2641 676 2709 ἐτύφλωττον
711 2642 820 2712 γὰρ
860 2643 1101 2707 ἑκόντες.

2063 2661 2132 2698 on
2157 2645 2430 2709 debebat;
2467 2657 2593 2696 nam
2619 2640 2929 2695 eteeicrant
2983 2637 3300 2692 voluntarii.
3619 2653 3622 2658 '

406 2734 503 2788 Διὰ
544 2734 598 2787 τί
651 2735 753 2788 οὐκ
783 2730 960 2799 εἶπεν,
985 2735 1069 2789 ὅτι
1098 2734 1304 2806 Φόρους
1319 2736 1550 2800 δέδωκα,
1574 2735 1670 2790 καὶ
1701 2734 1920 2805 ἐτέρους

2101 2738 2266 2792 Vens.
2305 2737 2388 2790 t5.
2425 2737 2537 2788 tlur
2585 2749 2692 2789 non
2721 2733 2853 2787 dicit
2885 2749 2898 2785 :
2933 2729 3159 2784 Tributa
3208 2729 3366 2793 solvi,
3403 2739 3458 2782 et
3497 2727 3621 2782 aliis

331 2825 743 2880 καταϐαλέσθαι
763 2825 1052 2890 ἐκέλευσα,
1080 2827 1176 2879 καὶ
1199 2827 1361 2897 ἡνίκα
1391 2826 1582 2898 ἦθελόν
1607 2843 1675 2894 με
1700 2827 1924 2896 ποιῆσαι

2066 2829 2158 2883 ι-εἰ
2198 2837 2257 2882 ιιι
2285 2827 2620 2891 conferrent,
2642 2834 2696 2880 et
2722 2825 2943 2894 quando
2974 2837 3061 2877 me
3092 2836 3274 2890 regem
3315 2820 3498 2874 facere
3528 2834 3624 2870 vn-

335 2917 588 2987 βασιλέα,
620 2917 858 2988 ἔφυγον;
899 2917 1024 2971 Ὅτι
1075 2917 1476 2990 διεφθαρμένον
1510 2913 1579 2989 ἦν
1629 2917 1810 2972 αὐτῶν
1863 2917 1926 2969 τὸ

2060 2931 2266 2986 terunt,
2305 2919 2419 2990 fugi
2448 2919 2626 2985 ?Quia
2651 2925 2969 2987 corruptum
3001 2923 3122 2970 erat
3141 2929 3328 2970 eorum
3358 2911 3622 2968 tribunal.

329 3011 712 3082 δικαστήριον.

417 3105 475 3157 '0
509 3105 742 3162 Πιλάτος
773 3103 1090 3174 ἐθαύμασεν
1131 3103 1231 3175 τὴν
1259 3103 1567 3158 ἐπιείκειαν
1615 3105 1679 3157 ἐκ
1709 3102 1810 3172 τῆς
1841 3119 1925 3155 σι-

2109 3110 2270 3163 Vsus.
2309 3110 2395 3163 14.
2431 3108 2638 3163 Pilatus
2691 3107 2920 3160 miratus
2978 3113 3064 3160 est
3129 3102 3250 3174 ejus
3299 3102 3352 3156 in
3415 3099 3634 3156 silenda

333 3199 444 3268 γῆς
463 3213 477 3226 '
502 3197 694 3268 ἐπειδὴ
715 3197 774 3250 δὲ
805 3196 1060 3250 ἐδούλετο
1087 3195 1254 3252 αὐτὴν
1279 3196 1550 3264 ἀπολογοῦ
1560 3211 1720 3266 μενον
1752 3195 1928 3248 ἁπαλ-

2060 3202 2498 3266 noderationem;
2527 3199 2789 3270 quoniam
2819 3207 3003 3251 autem
3037 3195 3250 3249 volebat
3269 3193 3441 3260 illum,
3475 3203 3625 3261 post-

333 3288 576 3358 λαγῆναι
595 3325 610 3352 ,
641 3289 728 3341 διὰ
761 3289 922 3342 τοῦτο
951 3285 1103 3342 εἶπεν
1137 3307 1143 3318 ·
1177 3291 1302 3342 Οὐκ
1331 3290 1573 3354 ἀκούεις
1614 3289 1778 3341 πόσα
1809 3301 1928 3341 σου

337 3381 951 3452 καταμαρτυροῦσινς
1018 3380 1238 3450 Ἐπειδὴ
1295 3381 1354 3434 δέ
1406 3381 1572 3435 πάλιν
1621 3379 1775 3432 οὐδὲν
1823 3379 1932 3432 ἀπ-

334 3471 561 3544 εκρίθη,
583 3471 774 3543 ἕτερον
798 3473 1132 3544 μηχανᾶται,
1151 3470 1240 3524 ἵνα
1255 3469 1330 3534 ὡς
1344 3471 1636 3525 κατάδικον
1659 3468 1932 3539 χαρίσων-

335 3579 438 3616 ται
466 3562 630 3616 αὑτὸν
666 3565 732 3632 τῇ
768 3563 930 3633 ἑορτῇ
959 3561 1102 3616 κατὰ
1131 3561 1194 3614 τὸ
1235 3559 1358 3624 ἔθος
1389 3559 1570 3615 αὐτῶν
1595 3576 1610 3591 ο
1639 3559 1814 3622 οὕτως
1827 3559 1934 3611 ’τὸν

341 3654 543 3726 κριτὴν
589 3654 792 3724 μᾶλλον
823 3653 1250 3724 παρακαλοῦντα
1271 3653 1373 3724 οὐχ
1421 3653 1700 3722 ὑπήκουον
1729 3652 1780 3705 οἱ
1827 3651 1934 3705 ὑπὸ

342 3751 528 3820 χεῖρα,
554 3747 662 3802 ἀπὸ
689 3747 890 3818 πολλῆς
917 3751 1268 3819 παρανομίας
1299 3748 1397 3802 καὶ
1423 3745 1648 3816 φθόνου.

415 3929 516 3984 Διὰ
569 3928 622 3981 τί
673 3928 879 4002 λῃστὴν
937 3927 1144 3991 εἰπὼν,
1201 3929 1544 4000 προσέθηκεν
1601 3930 1778 3984 εἰπεῖν
1817 3931 1936 3996 καὶ,

340 4022 692 4090 ὲπίσημον;
729 4021 894 4074 Ὥστε
916 4021 1050 4092 μηδέ
1083 4023 1244 4086 σκιᾶς
1265 4021 1564 4089 ἀπολογίαν
1588 4020 1932 4086 καταλιπεῖν,

341 4116 432 4168 ὅτι
461 4111 700 4166 τοιοῦτον
723 4110 864 4180 ὑπὲρ
887 4111 1030 4166 τοιού
1039 4129 1132 4166 του
1157 4111 1578 4184 ἀντηλλάξαντο.

416 4207 514 4260 Διὰ
544 4207 597 4258 τί
624 4207 724 4276 οὐχ
743 4206 773 4257 ὁ
795 4205 1024 4271 Πιλάτος
1047 4207 1152 4278 δρᾷ
1178 4207 1240 4260 τὸ
1267 4206 1424 4274 δναρ,
1455 4207 1572 4260 ἀλλ’
1603 4207 1788 4277 ἡγ-υνὴ
1817 4223 1832 4270 ς
1866 4208 1938 4260 Ἦ

342 4297 436 4351 ὅτι
465 4295 594 4361 ἀξία
619 4291 688 4366 ἦν
715 4295 952 4366 μᾶλλον·
999 4295 1032 4368 ἢ
1079 4297 1162 4350 ὅτι
1215 4297 1378 4359 αὐτὸς
1423 4298 1470 4349 εί
1519 4292 1700 4361 εἶδεν,
1740 4297 1938 4354 οὐκᾶν

343 4389 652 4460 ἐπιστεύθη
705 4389 781 4452 ὡς
823 4389 1148 4463 βουλόμενος
1198 4387 1470 4444 ἀπολῦσαι
1514 4389 1780 4460 αὐτόν·ἢ
1827 4387 1937 4441 οὐδ’

343 4483 420 4536 ἂν
449 4481 683 4546 ἐξεῖπενο
717 4481 910 4552 κριτὴς
939 4481 1049 4552 γὰρ
1077 4477 1168 4552 ἦν·
1202 4481 1298 4534 καὶ
1325 4480 1412 4533 ἵνα
1437 4483 1466 4533 ὁ
1495 4479 1636 4550 ἀνὴρ
1656 4479 1803 4550 πάθῃ
1835 4479 1937 4548 τὴν

2039 3313 2204 3366 quam
2255 3310 2314 3350 se
2367 3293 2722 3356 defendisset,
2759 3289 3055 3350 dimittere,
3107 3287 3228 3343 ideo
3274 3285 3452 3342 dicit:
3491 3283 3632 3338 Non-

2039 3387 2194 3442 attdis
2224 3396 2426 3456 quanta
2477 3386 2758 3438 adversum
2804 3393 2852 3436 te
2885 3381 3070 3434 dicunt
3118 3378 3416 3434 testimonia
3442 3377 3468 3430 ?
3489 3375 3630 3443 Quia"

2039 3493 2171 3533 vero
2203 3479 2403 3532 iterum
2438 3477 2570 3530 nihil
2602 3475 2904 3544 respondit.
2937 3473 3084 3527 aliud
3130 3472 3380 3536 intentat,
3412 3469 3628 3525 scilicet

2041 3579 2098 3625 ιιι
2131 3570 2282 3623 illum
2316 3567 2472 3638 quasi
2499 3567 2922 3622 condemnatum
2953 3566 3004 3620 in
3039 3564 3129 3618 die
3161 3564 3302 3619 festo
3326 3563 3638 3618 secundum

2041 3677 2208 3718 suam
2259 3659 2712 3716 consuetudinem
2765 3658 2939 3730 gratia
3003 3646 3229 3710 dunent.
3261 3655 3353 3710 Sic
3390 3653 3640 3723 indicenr

2041 3757 2124 3809 vel
2158 3754 2338 3824 potius
2370 3753 2767 3822 supplicantem
2804 3766 2910 3804 non
2939 3749 3233 3804 audierunt
3257 3748 3373 3819 ejus
3397 3748 3628 3812 subditi,

2044 3850 2114 3904 ob
2146 3863 2394 3920 magnam
2430 3845 2756 3915 iniustiliam
2793 3853 2846 3896 ct
2872 3841 3153 3897 invidiam.

2121 3937 2284 3994 Vens.
2323 3939 2410 3993 16.
2445 3938 2554 3992 Cnr
2584 3937 2652 3992 de
2698 3937 2910 3990 latrone
2959 3932 3264 4003 loquendo.
3301 3933 3520 3986 additur
3546 3933 3633 3985 ξιι-

2042 4033 2242 4102 signem
2261 4029 2386 4083 ?~lta
2410 4039 2468 4082 ut
2493 4043 2560 4082 ne
2587 4027 2780 4081 umbra
2817 4026 3038 4094 quidem
3064 4024 3334 4095 apologiae
3355 4024 3633 4093 relinqua-

2045 4131 2152 4186 tur,
2187 4121 2329 4189 quod
2361 4119 2520 4172 talem
2556 4133 2652 4188 pro
2683 4116 2776 4171 tali
2807 4115 3139 4171 dimiserint.

2120 4213 2284 4267 Vens.
2313 4211 2401 4266 i9.
2433 4209 2544 4264 Cnr
2586 4223 2692 4262 non
2739 4207 2948 4262 Pilatus
2993 4205 3156 4260 habet
3213 4206 3512 4271 somnium,
3537 4203 3654 4260 sed-

2047 4303 2221 4360 uxor?
2255 4299 2354 4357 Vel
2385 4299 2514 4370 quia
2540 4298 2700 4368 digna
2728 4295 2900 4365 magis
2935 4305 3088 4360 erat;
3116 4297 3197 4348 vel
3235 4295 3366 4364 quia
3406 4295 3544 4362 ipse,
3585 4295 3634 4348 si

2046 4398 2292 4464 vidisset,
2313 4409 2420 4449 non
2441 4388 2952 4460 crederetur,quasi
2969 4385 3326 4443 volensillum
3339 4387 3636 4454 dimittere;

2048 4488 2132 4542 vel
2159 4501 2266 4541 non
2303 4481 2782 4544 manifestavisset,
2810 4479 2976 4550 jndex
3007 4479 3152 4534 enim
3189 4491 3304 4532 erat
3329 4493 3345 4544 ;
3372 4485 3427 4532 et
3459 4487 3521 4532 ut
3554 4479 3638 4532 vir

345 4573 531 4646 ψυχὴν
552 4573 642 4627 διὰ
664 4573 764 4644 τὴν
783 4576 1036 4642 γυναῖκα·
1057 4573 1156 4628 καὶ
1184 4574 1294 4641 ἵνα,
1326 4571 1402 4636 ὡς
1431 4573 1592 4642 γυνὴ,
1635 4571 1935 4641 κατάδηλον

2060 4579 2285 4649 patiatur
2303 4577 2354 4629 in
2374 4575 2553 4628 anima
2567 4589 2662 4628 sua
2679 4589 2774 4643 per
2788 4587 2942 4628 suam
2961 4586 3209 4636 uxorem,
3231 4581 3286 4626 et
3309 4580 3368 4626 ut
3383 4570 3496 4637 illa,
3511 4587 3638 4642 pro..-

349 4668 562 4740 ποιήσῃ
596 4667 732 4720 πᾶσι
761 4666 860 4719 καὶ
889 4665 1130 4739 γνωσθῇ.

429 4759 503 4811 Οὐ
537 4756 854 4825 σταυρῶσαι
889 4757 1050 4826 μόνον
1082 4757 1352 4822 θέλοντες,
1392 4755 1534 4810 ἀλλὰ
1567 4757 1664 4809 καὶ
1694 4757 1938 4828 πονηρὰν

351 4850 508 4920 αὐτῷ
558 4849 873 4922 βουλόμενοι
929 4850 1236 4920 περιθειναι
1287 4849 1488 4915 δόξαν·
1525 4849 1780 4921 ἐνόμιζον
1832 4849 1944 4921 γὰρ

354 4944 799 5009 κατασκευάζειν
841 4945 904 4996 ἐκ
943 4943 1136 4998 τούτου
1165 4945 1249 4998 ὅτι
1277 4943 1374 4998 τοῦ
1418 4943 1619 5016 λῃστοῦ
1651 4943 1848 5014 χείρων
1876 4941 1946 5013 ἦν

355 5038 457 5093 καὶ
489 5036 632 5090 οὕτω
655 5035 974 5106 παράνομος
997 5074 1012 5098 ,
1042 5035 1118 5101 ὡς
1149 5039 1286 5108 μήτε
1315 5037 1510 5108 ἑορτῆς
1539 5034 1813 5105 ἀξιώματι
1842 5034 1947 5087 σὼ-

356 5136 420 5197 ζε
430 5135 554 5189 σθαι
575 5150 590 5166 ⁸
615 5135 794 5190 πάντα
812 5134 920 5204 γὰρ
941 5133 1134 5185 τούτου
1161 5132 1348 5185 ἕνεκεν
1375 5131 1595 5184 ἐποίουν
1616 5130 1757 5182 ὥστε
1779 5127 1946 5181 αὑτοῦ

356 5225 462 5296 τὴν
506 5225 776 5294 ὑπόληψιν
821 5223 1164 5278 διαϐάλλειν·
1215 5221 1305 5276 διὰ
1353 5220 1516 5274 τοῦτο
1557 5220 1652 5274 καὶ
1691 5221 1816 5283 τοὺς
1855 5220 1949 5272 δύο

358 5316 568 5389 λῃστὰς
605 5313 786 5368 αὐτῶν
835 5313 1322 5382 συνεσταύρωσαν·
1371 5310 1486 5367 ἀλλ’
1533 5312 1567 5380 ἡ
1612 5310 1842 5380 ἀλήθεια
1885 5309 1947 5363 οὐ

365 5409 530 5480 μόνον
549 5409 610 5461 οὐ
635 5407 1044 5470 συνεσκιάζετο,
1067 5405 1203 5458 ἀλλὰ
1228 5405 1322 5458 καὶ
1342 5403 1604 5472 μειζόνως
1624 5404 1944 5472 διέλαμπεν.

439 5503 548 5554 Καὶ
595 5502 684 5554 διὰ
712 5500 848 5566 τοῦ,
896 5501 957 5554 Τί
997 5494 1111 5554 οὖν
1158 5497 1394 5565 ποιήσω
1431 5499 1655 5563 αὐτόν;
1697 5495 1948 5567 ἐντρέπει

365 5593 590 5658 αὐτοὺς,
626 5593 722 5647 καὶ
754 5591 978 5664 κυρίους
1009 5589 1254 5654 ἐκείνους
1287 5588 1546 5660 μᾶλλονῆ
1577 5589 1742 5643 αὑτὸν
1771 5590 1948 5643 ποιεῖ-

365 5702 462 5740 ται
484 5687 582 5756 τῆς
605 5686 810 5756 ψήφου.

441 5777 503 5832 Εἰ
535 5777 632 5831 καὶ
659 5779 758 5839 τὰς
785 5779 976 5848 χεῖρας
1002 5775 1184 5847 ἔνιψεν
1215 5777 1244 5831 ὁ
1283 5775 1516 5840 Πιλᾶτος
1547 5773 1724 5830 ἀθῶον
1757 5775 1951 5830 ἑαυτὸν

371 5868 666 5926 ἁποκαλττιν
692 5909 707 5936 ,
740 5867 853 5922 ἀλλ’
889 5869 1036 5938 ὅμως
1069 5868 1176 5923 ὑπὸ
1207 5867 1480 5940 μαλακίας
1511 5867 1604 5922 καὶ
1631 5867 1950 5939 ἀνανδρείας

2045 4680 2105 4724 ιιι
2141 4659 2352 4731 mulier,
2385 4665 2736 4720 manifestum
2770 4664 3028 4719 omnibus
3062 4661 3229 4717 faciat
3261 4673 3314 4718 et
3339 4663 3602 4735 divulget.

2120 4760 2284 4816 Vens.
2315 4759 2406 4813 20.
2436 4759 2555 4814 Non
2587 4757 2772 4812 solum
2795 4756 3112 4826 cruciﬁgere
3141 4756 3355 4819 volunt,
3386 4754 3480 4810 sed
3519 4770 3634 4808 ma-

2047 4857 2154 4910 lam
2210 4854 2284 4909 ιιιι
2322 4854 2514 4907 volunt
2572 4851 2775 4906 famam
2835 4851 3137 4920 imponere.
3179 4849 3452 4905 Putabant
3483 4849 3632 4904 enim

2049 4961 2307 5017 prtesmre
2336 4961 2401 5001 ex
2428 4959 2494 5000 eo
2533 4945 2678 5014 quod
2709 4944 2924 4998 latrone
2950 4942 3100 5012 pejor
3128 4951 3248 4997 erat
3291 4953 3349 4998 et
3377 4943 3514 4997 adeo
3539 4958 3638 4994 no-

2049 5055 2202 5105 eens,
2247 5047 2306 5091 ut
2361 5037 2450 5090 die
2477 5034 2602 5090 festi
2655 5033 2943 5102 privilegio
2990 5049 3097 5088 non
3146 5035 3386 5090 salvatus
3425 5033 3638 5088 fuisset.

2048 5130 2244 5186 Omnia
2275 5128 2419 5182 enim
2470 5126 2634 5197 hujus
2668 5125 2744 5180 rei
2795 5141 2962 5181 causa
3007 5125 3283 5180 faciebant
3317 5127 3387 5180 ita
3421 5133 3482 5179 ut
3513 5124 3640 5194 eius

2049 5223 2502 5277 existimationem
2537 5225 2907 5290 perverti-rent
2929 5235 2944 5283 ;
2966 5217 3088 5272 ideo
3107 5217 3275 5270 etiam
3303 5217 3444 5271 duos
3473 5217 3642 5270 latru-

2053 5331 2150 5369 ηας
2181 5328 2306 5367 cum
2333 5327 2400 5367 εο
2467 5311 2884 5366 ενιιείίῖιιενιιιιι.
3078 5320 3279 5365 νει-,ισε
3313 5327 3421 5365 non
3456 5311 3638 5364 δοιιιιιδ

2053 5421 2163 5461 non
2201 5407 2380 5469 latuit,
2409 5407 2502 5461 sed
2548 5406 2708 5459 etiam
2737 5405 2908 5476 magis
2935 5404 3178 5458 emicuit.

2129 5498 2288 5552 Vnus.
2321 5497 2413 5552 2%.
2451 5498 2522 5553 Et
2563 5513 2660 5569 per
2691 5497 2822 5552 illud
2855 5516 2866 5550 :
2922 5495 3076 5562 Ωιιίὼ
3125 5497 3288 5566 igitur
3333 5495 3530 5564 faciant
3579 5497 3644 5550 de

2051 5605 2110 5643 eo
2136 5592 2162 5645 ?
2191 5591 2313 5646 illos
2341 5589 2684 5645 confundere
2713 5599 2910 5652 teutat,
2940 5599 2995 5644 et
3043 5585 3299 5644 dominos
3351 5587 3472 5644 illos
3514 5587 3654 5644 facit-

2054 5687 2226 5756 magis
2247 5699 2412 5755 quam
2443 5683 2684 5752 seipsum
2715 5681 2982 5750 sutiragii.

2129 5777 2292 5832 Vens.
2326 5776 2420 5832 24.
2455 5773 2518 5830 Ει
2553 5775 2600 5831 si
2648 5789 2846 5829 manus
2883 5771 3075 5828 laverit
3121 5771 3352 5838 Pilatus,
3383 5771 3644 5828 innocen-

2057 5875 2168 5924 tem
2225 5883 2283 5922 se
2309 5868 2680 5940 proclamans,
2714 5867 2810 5924 sed
2845 5877 3026 5923 tamen
3065 5881 3160 5932 per
3204 5865 3544 5924 debilitatem
3585 5879 3628 5922 οΔ
