4026 6412
439 361 571 427 1171

1119 356 1515 419 OPUSCULA
1556 355 2199 416 SCRIPTURISTICA
2234 350 2588 414 lNCERT/E
2625 352 2934 413 IETATIS.

3577 354 3707 418 1l72

430 480 741 535 sin-ordinm
796 477 846 531 id
906 475 1184 532 commisit
1250 473 1453 528 scelus.
1518 470 1814 541 Oportebat
1883 472 2030 526 enim

2171 470 2299 526 οὖτο
2346 470 2724 541 διεπρέττετο·
2756 468 2863 522 ἔδει
2898 467 3009 537 γὰρ
3051 466 3127 538 μὴ
3160 468 3499 541 παραδοῦναι
3528 473 3703 539 αὐτὸν,

430 589 544 628 non
569 574 719 629 illum
769 572 1003 629 tradere.
1037 568 1131 624 sed
1166 568 1396 635 eripere,
1433 576 1485 619 ut
1514 566 1764 621 centurio
1799 566 2028 620 Paulum

432 666 736 736 posterius.
772 663 986 717 Idcirco
1029 673 1082 715 et
1110 662 1325 730 culpam
1359 659 1613 715 attribuit
1660 658 1734 711 illi
1775 657 2031 715 Christus

431 759 669 813 dicendo
693 775 705 810 :
737 757 841 823 Qui
870 774 949 809 me
973 757 1197 809 tradidit
1220 755 1315 809 tibi
1340 756 1515 825 majus
1537 765 1811 823 peccatum
1834 755 2028 818 habet;

430 868 563 923 ergo
591 854 706 921 ipse
729 868 757 903 a
792 858 1015 920 peccato
1042 866 1150 905 non
1188 859 1307 904 erat
1340 848 1629 904 innocens.

509 1041 672 1095 Vrns.
704 1040 796 1095 26.
824 1039 1007 1107 Quare
1034 1039 1328 1109 ﬂagellavit
1360 1053 1483 1093 cum
1533 1038 1772 1093 traderet
1800 1053 1924 1091 eum
1956 1038 2025 1093 ad

432 1133 905 1204 cruciﬁgeudum?
936 1132 1328 1203 Appnrentiam
1377 1130 1730 1185 condemnati
1779 1130 1855 1183 illi
1899 1130 2032 1186 dare

429 1228 700 1282 sententia
734 1226 946 1281 volens.

508 1322 671 1373 Vens.
704 1319 797 1375 58.
824 1320 937 1373 (Zur
964 1335 1049 1374 me
1072 1319 1201 1372 lium
1245 1319 1397 1372 illum
1434 1319 1575 1371 inter
1616 1317 1859 1372 latrones
1901 1331 2029 1370 cru-

431 1412 691 1483 ciliguut?
721 1412 788 1468 Ut
821 1412 1039 1466 illorum
1068 1410 1351 1465 infamiam
1384 1411 1761 1481 participet,et
1791 1408 2036 1462 videatur

433 1505 767 1558 contumelia
806 1504 972 1559 aﬂici.

508 1597 678 1653 Vens.
717 1599 807 1653 44.
843 1596 1132 1664 Quomodo
1164 1596 1340 1652 Lucas
1375 1595 1669 1666 dicitquod
1707 1610 1852 1650 unus
1891 1594 2034 1649 latro

434 1690 759 1760 increpabat
804 1692 1036 1745 altermn
1084 1690 1577 1760 blasphemantem,
1614 1689 1901 1743 Matthzeus
1930 1702 2034 1741 au-

436 1790 545 1834 tem
580 1780 727 1848 qttod
766 1790 996 1850 uterque
1021 1781 1070 1835 ei
1101 1781 1549 1850 improperabant
1571 1787 1627 1834 et
1651 1778 2033 1834 convitiaban-

2136 564 2250 619 ἀλλ’
2282 564 2616 635 ἐξαρπάσαι,
2649 563 2793 615 καθὰ
2824 563 2919 615 καὶ
2950 563 2979 615 6
3007 563 3418 633 ὲκατονταρχης
3449 568 3540 617 τὸν
3566 566 3707 618 Παῦ-

2135 660 2226 712 λον
2258 657 2487 727 ὕστερον
2510 673 2522 686 ·
2555 655 2643 709 διὰ
2672 654 2832 708 τοῦτο
2864 654 2960 707 καὶ
2992 653 3245 723 ἔγκλημα
3283 654 3589 723 προσάπτει
3617 655 3712 708 αύ-

2134 751 2213 821 τῷ
2239 753 2266 803 ὁ
2295 750 2529 820 Χριστὸς
2559 749 2754 816 λέγων,
2787 748 2869 799 ὅτι
2910 745 3161 806 Μείζονα
3220 745 3514 813 ἁμαρτίαν
3536 745 3657 814 ἔχει
3683 748 3715 800 d

2136 841 2503 911 παραδιδούς
2560 856 2635 909 με
2682 839 2823 893 σοί·
2877 838 3017 891 ὥστε
3060 838 3184 891 οὐδὲ
3236 838 3443 899 ἐκεῖνος
3499 835 3604 903 ἔξω
3650 831 3716 908 ἦν

2137 936 2436 1007 αμαρτίας.

2203 1033 2359 1093 Τίνος
2392 1030 2581 1082 ἕνεκεν
2616 1025 3039 1098 ὲφραγέλλωσεν
3072 1024 3401 1095 παραδιδοὺς
3434 1023 3522 1077 ἴνα
3559 1040 3717 1077 σταυ-

2139 1125 2317 1196 probi];
2347 1123 2541 1193 Σχῆμα
2572 1119 2915 1191 περιτιθέναι
2958 1118 3253 1173 καταδίκου
3294 1120 3360 1189 τῇ
3391 1117 3571 1189 κρίσει
3604 1116 3721 1188 βου-

2137 1220 2387 1289 λόμενος.

2207 1314 2308 1367 Διὰ
2342 1312 2395 1365 τί
2433 1312 2597 1383 μέσον
2629 1309 2793 1364 αὐτὸν
2824 1308 2935 1362 τῶν
2966 1306 3177 1379 λῃστῶν
3212 1303 3569 1375 σταυροῦσινς
3608 1303 3721 1356 Ἵνα

2136 1410 2202 1478 τῇ
2229 1407 2357 1478 δόξῃ
2391 1408 2457 1476 τῇ
2491 1403 2717 1459 ἐκείνων
2742 1403 3052 1474 κοινωνήσῃ
3071 1440 3087 1465 ,
3114 1400 3211 1454 καὶ
3240 1396 3319 1469 τῷ
3362 1397 3542 1452 δοκεῖν
3569 1394 3723 1468 ’ύϐρυς

2138 1498 2288 1567 αὐτῷ
2319 1497 2569 1567 γένηται.

2214 1591 2337 1653 Πῶς
2362 1591 2392 1643 6
2419 1591 2517 1660 μὲν
2548 1589 2767 1651 Λουκᾶς
2794 1586 3080 1658 φησιν,ὄτι
3108 1586 3136 1638 ὁ
3160 1576 3240 1647 εἷς
3266 1581 3471 1656 λῃστὴς
3492 1578 3725 1649 ἐπετίμα

2138 1684 2216 1754 τῷ
2247 1684 2394 1756 ἄλλῳ
2421 1681 2859 1755 βλασφημοῦντι,
2886 1683 2915 1733 ὁ
2934 1679 2991 1731 δὲ
3016 1676 3295 1737 Ματθαῖος
3320 1676 3403 1728 ὅτι
3426 1672 3725 1743 ἀμφότεροι

2142 1775 2364 1847 ὕϐριζον
2398 1775 2562 1829 αὑτὸν
2602 1774 2696 1826 καὶ
2738 1768 3050 1835 ὠνείδιζον;
3102 1766 3417 1838 ’Ᾱμςρότερα
3466 1762 3688 1831 γέγονεν
3712 1775 3726 1790 ·

435 1873 560 1926 tur?
589 1872 895 1943 Utrumque
920 1873 1121 1928 factum
1161 1882 1280 1939 est;
1313 1874 1491 1943 primo
1522 1873 1669 1927 enim
1696 1873 1862 1927 ambo
1895 1887 2031 1927 con-

2171 1845 2404 1940 :p6tspov
2437 1867 2547 1938 γὰρ
2575 1864 2850 1944 ὠνείδιζον
2892 1863 3217 1936 ἀμφότεροι,
3254 1859 3483 1928 ὕστερον
3521 1855 3580 1909 δὲ
3604 1854 3729 1908 οὐκ·

436 1965 803 2028 viciabantur,
841 1974 1026 2035 postea
1054 1980 1183 2021 vero
1216 1965 1458 2019 minime.

511 2056 680 2110 Vens.
713 2055 801 2109 65.
831 2056 952 2110 Non
1020 2055 1122 2109 fuit
1167 2056 1388 2125 eclipsis
1438 2055 1635 2111 modus
1685 2056 1831 2123 Quod
1895 2063 2029 2109 tunc

437 2150 493 2204 in
525 2149 923 2219 solecoutigit;
959 2165 1063 2203 non
1096 2150 1243 2204 enim
1278 2159 1385 2202 tam
1435 2150 1637 2203 multas
1683 2148 1847 2203 horas
1898 2146 2035 2203 celi-

439 2243 559 2314 psis
582 2242 765 2296 durat.

513 2332 679 2387 Vens.
714 2332 806 2387 46.
842 2330 956 2386 Cur
1006 2331 1158 2387 dicit.
1196 2330 1304 2391 Eli.
1332 2330 1444 2394 Eli,
1487 2331 1539 2386 id
1569 2341 1654 2387 est
1693 2333 1830 2386 Deus
1862 2346 2036 2389 meus.

2137 1964 2240 2016 έτι.

2210 2060 2328 2112 Οὐκ
2357 2051 2427 2127 ἦν
2455 2054 2755 2123 ἐκλείψεως
2782 2052 2986 2124 τρόπος
3013 2051 3041 2105 ὃ
3072 2050 3165 2103 ἐπὶ
3191 2047 3285 2102 τὸν
3311 2045 3465 2117 ἥλιον
3492 2046 3616 2098 τότε
3636 2039 3729 2111 γέ-

2139 2164 2315 2219 γονεν·
2348 2150 2408 2203 ού
2442 2147 2553 2219 γὰρ
2572 2145 2844 2209 τοσαύτας
2879 2143 3030 2215 ὥρας
3062 2139 3305 2210 ἔκλειψις
3335 2137 3555 2209 κρατεῖ.

2208 2337 2309 2391 Διὰ
2332 2336 2386 2390 τί
2412 2335 2561 2403 λέγει
2582 2334 2665 2397 τὸ,
2705 2331 2863 2395 Ἠλὶ,
2896 2328 3048 2392 Ἠλὶ,
3083 2326 3230 2381 τοῦτ’
3262 2324 3443 2389 ἔστιν,
3476 2318 3733 2390 Θεέμου,

438 2424 586 2479 Deus
647 2441 813 2487 meus,
844 2434 901 2478 ut
956 2424 1085 2495 quid
1132 2424 1465 2496 deretiquisti
1496 2426 1617 2479 me?
1666 2423 1737 2479 Ut
1785 2422 2042 2479 ostendat

2171 2424 2251 2479 ῡεέ
2294 2442 2450 2494 μου,
2494 2423 2597 2476 ἵνα
2636 2421 2692 2473 τί
2718 2436 2797 2488 με
2832 2414 3263 2485 ἐγκατέλιπες;
3304 2411 3422 2463 Ἵνα
3464 2407 3618 2479 δείξῃ
3654 2407 3732 2458 ὅτι

440 2517 591 2589 quod
631 2533 810 2587 usque
850 2518 919 2572 ad
989 2516 1151 2572 linem
1205 2518 1514 2573 honorabat
1560 2516 1800 2581 Patrem,
1861 2530 2042 2585 neque

2171 2518 2312 2589 ιέχρι
2339 2514 2527 2578 τέλους
2548 2513 2715 2583 έτίμσ.
2736 2510 2827 2565 τὸν
2858 2506 3102 2575 Πατέρα,
3135 2504 3231 2559 καὶ
3254 2504 3354 2557 οὐκ
3381 2497 3447 2574 ἦν
3468 2498 3732 2561 ἀντίθεος.

445 2611 654 2680 impius
686 2619 825 2666 erat.

520 2703 683 2759 Vsus.
727 2703 819 2757 5l.
861 2703 971 2757 Veli
1024 2704 1221 2759 scissio
1251 2703 1611 2758 vastationem
1648 2701 1834 2772 templi
1865 2699 2041 2769 signi-

2216 2704 2326 2760 Τοῦ
2358 2700 2859 2769 καταπετάσματος
2903 2697 2937 2767 ἠ
2979 2695 3154 2766 σχίσις
3186 2690 3425 2764 ἐρημίαν
3460 2685 3557 2741 τοῦ
3606 2683 3731 2738 ναοῦ

445 2798 598 2851 licat.
630 2796 697 2851 Et
723 2797 923 2851 aliter:
949 2796 1140 2852 Velum
1183 2798 1367 2866 templi
1404 2798 1638 2851 scissum
1679 2804 1765 2851 cst
1812 2796 1865 2849 in
1905 2794 2046 2847 duas

2171 2797 2432 2871 πημαίνει.
2485 2793 2596 2849 Καὶ
2648 2791 2864 2854 ww;-
2902 2788 2978 2843 Τὸ
3020 2784 3428 2852 καταπέτασμα
3459 2777 3557 2832 τοῦ
3612 2773 3738 2871 ναού

443 2900 630 2961 partes
665 2908 694 2945 a
722 2907 940 2946 summo
967 2907 1143 2961 usque
1162 2892 1455 2954 deorsum;
1486 2890 1872 2960 rumpentibus
1897 2903 2033 2944 sane

2171 2866 2379 2962 ,σγίσθη
2421 2888 2500 2948 είς
2529 2884 2625 2939 δύο
2674 2883 2783 2937 ἀπὸ
2827 2879 3036 2936 ἄνωθεν
3076 2877 3183 2939 ἓως
3219 2874 3404 2930 κάτω·
3454 2866 3743 2962 μονονουχὶ

444 2985 589 3056 ipsis
627 2986 719 3055 qui
762 2993 921 3039 antea
959 2960 1223 3054 templum
1255 2985 1601 3049 habitabant,
1634 2982 1864 3053 angelis,
1893 2996 2046 3035 rum-

2171 2960 2651 3053 τεριρῤηξαμένων
2706 2974 2802 3027 καὶ
2852 2970 3033 3025 αὐτῶν
3087 2969 3197 3023 τῶν
3250 2966 3419 3021 πάλαι
3474 2963 3537 3016 τὸ
3601 2960 3741 3031 ἱερὸν

442 3075 705 3145 pentibus
761 3075 1115 3143 conspicuam
1156 3076 1296 3131 hanc
1332 3075 1525 3141 telam;
1579 3083 1639 3128 ut
1692 3074 1933 3128 nudatus
1992 3079 2048 3126 et

2171 3052 2507 3129 ,νοικούντων
2538 3070 2821 3138 ἀγγέλων
2871 3061 3323 3136 περιῤῥηξάντων
3349 3077 3408 3112 τε
3439 3057 3501 3110 τὸ
3549 3052 3741 3145 σεμνδν

442 3181 716 3225 vacuatus
755 3183 947 3223 eorum
988 3169 1240 3224 custodia
1296 3169 1523 3224 relictus
1564 3168 1654 3223 hic
1709 3166 2046 3237 impenetra-
2075 3204 2120 3265 ϐ

446 3261 579 3317 bilis
606 3271 660 3317 et
701 3262 1019 3316 iuaccessus
1046 3260 1226 3325 locus,
1253 3259 1491 3315 inimicis
1515 3269 1570 3315 et
1594 3257 1845 3314 hostibus
1888 3271 2046 3322 aper-

448 3362 543 3408 tus
572 3362 883 3422 praestetur.

525 3444 810 3501 Vsas.54.
850 3444 1108 3501 Centurio
1164 3445 1236 3499 ob
1298 3444 1350 3499 id
1414 3443 1665 3509 credidit,
1720 3456 1865 3511 quon
1915 3456 2042 3497 cum

452 3546 727 3608 potestate
795 3536 1150 3591 moriebatur.
1210 3534 1415 3591 Ferunt
1472 3543 1656 3589 autem
1720 3533 2046 3603 martyrium

451 3630 691 3687 subiisse
720 3630 869 3684 hunc
901 3631 1280 3685 centurionem
1313 3629 1697 3684 conﬁrmatum
1731 3631 1786 3681 in
1848 3626 1954 3681 lide
1995 3636 2051 3681 et

453 3722 607 3776 illum
632 3720 1006 3774 confitentem.

532 3812 700 3868 Vsus.
736 3813 823 3866 56.
856 3811 1074 3866 Domini
1128 3812 1334 3877 Mater;
1386 3826 1509 3865 nam
1573 3809 1800 3864 Mariam
1860 3805 2051 3862 Jacobi

458 3905 610 3960 illam
642 3912 825 3960 vocat.

535 3997 702 4055 Vens.
743 3997 832 4053 65.
873 3997 1118 4069 Sigillate
1169 3999 1313 4053 sicut
1366 3996 1551 4060 vultis,
1600 3995 1801 4065 inquit,
1861 4007 2056 4050 omnes

466 4090 812 4159 suSpiciones
857 4088 1128 4144 adimens.
1158 4087 1419 4143 Poterant
1459 4089 1604 4142 enim
1636 4087 1840 4149 dicere,
1867 4085 1909 4139 si
1944 4100 2054 4139 non

467 4182 764 4253 sigillatum
794 4189 963 4246 esset,
993 4180 1196 4236 milites
1227 4196 1429 4250 corpus
1454 4180 1748 4235 tradidisse
1797 4178 2045 4247 discipu—

462 4274 554 4329 lis.

1000 4420 1229 4478 CAPUT
1267 4419 1509 4475 XXVIII.

536 4551 707 4609 Vens.
744 4554 801 4609 2.
835 4553 1021 4607 Terra:
1047 4561 1232 4606 motus
1262 4548 1447 4604 factus
1473 4555 1559 4603 est
1583 4556 1806 4619 propter
1832 4546 2058 4602 milites.
2095 4571 2141 4626 ο

468 4646 711 4718 Angelus
741 4647 891 4700 venit
915 4645 986 4699 ob
1016 4644 1251 4714 lapidem
1282 4651 1339 4697 ct
1366 4641 1650 4696 mulieres.

547 4740 714 4795 Vens.
745 4740 799 4796 5.
834 4738 1014 4793 Nolite
1045 4739 1227 4792 timere
1276 4752 1385 4801 vos,
1411 4735 1563 4797 dicit,
1606 4750 1863 4803 magnum
1892 4735 2064 4789 hono-

469 4849 588 4890 rem
621 4832 729 4887 illis
751 4831 858 4887 hoc
880 4830 1046 4885 verbo
1067 4834 1356 4900 praastans;
1385 4826 1580 4881 timere
1602 4828 1767 4891 enim,
1793 4827 1889 4892 ait,
1918 4828 2070 4883 solos

471 4933 691 4994 oportet
716 4922 965 4978 Iudaeos.

546 5018 711 5074 Vens.
747 5017 800 5072 6.
834 5015 948 5071 Cur
1010 5030 1121 5070 non
1187 5010 1341 5068 tarde
1403 5024 1504 5065 nec
1557 5010 1669 5064 cito
1728 5010 2073 5066 resurrexit?

474 5114 613 5180 Quia
673 5112 835 5167 citior
899 5110 1046 5164 illius
1090 5109 1422 5163 resurrectio
1494 5121 1601 5162 non
1664 5104 2070 5161 accusationem

475 5206 784 5271 habuisset,
815 5203 1024 5258 tardior
1073 5211 1255 5257 autem
1292 5202 1785 5259 contradictionem
1827 5199 2075 5253 invenis-

478 5308 585 5356 set.

554 5390 723 5444 Vens.
762 5390 814 5444 7.
856 5388 1115 5443 Ultimam
1168 5389 1569 5459 apparitionem
1610 5402 1735 5442 reor
1788 5400 1913 5441 esse
1953 5400 2074 5441 eam

482 5497 607 5550 qum
644 5478 785 5535 facta
805 5490 890 5534 est
923 5481 974 5532 in
1015 5478 1259 5544 Galil-aea,
1299 5479 1523 5548 quando
1556 5477 1677 5533 illos
1706 5475 1942 5531 misitad
1980 5475 2078 5529 ba-

483 5572 808 5642 ptizaudum
838 5588 852 5637 ;
888 5572 1087 5626 deinde
1114 5571 1387 5625 ascensio.

565 5662 730 5716 Vens.
766 5662 852 5715 19.
885 5661 1086 5716 Euntes
1110 5661 1288 5715 docete
1310 5677 1490 5715 omnes
1533 5669 1734 5731 gentes,
1762 5656 2075 5728 dogmatum

493 5760 558 5809 cI
586 5754 846 5809 virtutum
883 5755 1186 5810 doctrinam
1216 5755 1436 5810 iudicat.

2152 3169 2385 3239 ὕφασμα
2408 3203 2424 3229 ,
2459 3165 2535 3229 ὡς
2560 3163 2627 3217 ἂν
2655 3159 2863 3231 γυμνὸς
2902 3159 2998 3211 καὶ
3030 3156 3238 3227 ἕρημος
3266 3146 3620 3239 ἀπολειφθεὶς
3649 3144 3743 3214 τῆς

2154 3238 2336 3316 αύτῶν
2376 3257 2621 3329 φρουρᾶς
2652 3257 2681 3308 6
2725 3253 2833 3307 τῶν
2877 3251 3098 3305 ἀϐάτων
3150 3247 3246 3300 καὶ
3291 3241 3502 3297 ἀδύτων
3550 3238 3741 3298 τόπος,

2154 3353 2373 3421 ἕτοιμος
2403 3350 2621 3419 ἐχθροῖς
2652 3348 2749 3400 καλ¹
2783 3342 3065 3413 πολεμίοις
3098 3334 3424 3404 κατασταίη.

2237 3446 2298 3501 Ὀ
2356 3443 2661 3513 κεντυρίων
2718 3440 2808 3493 διὰ
2863 3436 3022 3491 τοῦτο
3070 3433 3430 3492 ἐπίστευσεν,
3480 3426 3569 3479 ὅτι
3630 3420 3741 3491 μετ’

2158 3537 2408 3605 ἐξουσίας
2462 3511 2768 3588 ἀπέθανεν
2834 3528 3001 3599 φασὶν
3046 3526 3104 3579 δὲ
3155 3524 3239 3577 ὅτι
3292 3520 3388 3575 καὶ
3444 3511 3745 3588 μαρτύριόν

2160 3634 2311 3685 ἔστιν
2352 3630 2447 3683 τοῦ
2476 3626 2876 3696 κεντυρίωνος,
2916 3622 3110 3676 τούτου
3149 3612 3550 3689 ἀνδρισαμένου
3595 3610 3654 3662 έν
3681 3608 3743 3676 τῇ

2163 3729 2345 3783 πίστει
2372 3727 2466 3779 καὶ
2496 3723 2968 3794 μαρτυρήσαντος.

2245 3819 2311 3872 Ἠ
2338 3817 2432 3871 τοῦ
2461 3814 2665 3885 Κυρίου
2696 3813 2900 3883 Μήτηρ
2922 3826 2933 3839 ο
2965 3807 3170 3878 ταύτην
3199 3804 3309 3874 γὰρ
3347 3798 3607 3854 Ἰακώϐου
3632 3794 3749 3851 Μα-

2168 3914 2286 3983 ρίαν
2317 3912 2491 3966 καλεῖ.

2247 4007 2336 4069 Ὠς
2387 4001 2645 4075 βούλεσθε
2704 3996 3105 4071 σφραγίσασθε,
3158 3994 3333 4062 λέγει,
3385 3987 3747 4043 ἀπαλλάττων

2165 4101 2375 4161 πάντας
2419 4095 2691 4166 ὑποψίαςο
2735 4092 2991 4146 ἐδύναντο
3030 4088 3142 4159 γὰρ
3169 4087 3383 4151 εἰπεῖν,
3430 4085 3480 4136 εί
3514 4081 3616 4135 οὐκ
3661 4080 3751 4132 ὲσ-

2168 4194 2467 4263 φράγισαν,
2488 4191 2570 4243 ὅτι
2594 4188 2642 4242 οἱ
2666 4185 3002 4258 στρατιῶται
3027 4179 3482 4253 παραδεδώκασιν
3509 4173 3571 4229 τὸ
3596 4171 3751 4241 σῶμα

2166 4288 2282 4348 τοῖς
2315 4282 2609 4354 μαθηταῖς.

2748 4424 2998 4479 ΚΕΦᾹΛ.
3042 4420 3177 4475 KH’.

2257 4544 2316 4597 '0
2348 4540 2575 4611 σεισμὸς
2597 4537 2808 4607 γίνεται
2828 4536 2916 4590 διὰ
2940 4534 3068 4595 τοὺς
3094 4527 3456 4599 στρατιώτας.
3503 4523 3563 4577 Ὀ
3595 4522 3754 4591 ἄγγε-

2171 4638 2261 4701 λος
2289 4633 2454 4707 ἦλθεν
2484 4632 2580 4686 τοῦ
2613 4631 2764 4683 λίθου
2800 4629 2987 4681 ἕνεκεν
3018 4622 3116 4679 καὶ
3140 4623 3230 4677 διὰ
3256 4621 3353 4686 τὰς
3383 4620 3675 4680 γυναῖκας.

2242 4730 2339 4795 Μὴ
2386 4726 2668 4796 φοϐεῖσθε
2722 4722 2926 4793 ὑμεῖς,
2963 4720 3149 4787 λέγει,
3197 4714 3401 4785 πολλὴν
3446 4715 3547 4780 τὴν
3595 4707 3757 4779 τιμήν

2173 4819 2585 4887 ἐνδεικνύμενος
2616 4816 2694 4876 εἰς
2716 4813 2887 4875 αὐτάς
2908 4829 2922 4841 ·
2949 4808 3235 4881 φοϐεῖσθαι
3264 4807 3394 4877 γάρ,
3432 4802 3628 4874 φησὶν,
3662 4797 3757 4871 μό-

2174 4924 2295 4969 νους
2326 4905 2409 4958 δεῖ
2435 4904 2561 4967 τοὺς
2606 4900 2916 4964 Ἰουδαίους.

2246 4997 2346 5051 Διὰ
2378 4996 2431 5049 τί
2461 4995 2584 5049 οὔτε
2621 4994 2863 5065 βραδέως
2889 4992 3088 5063 ἀνέστη
3118 4989 3243 5044 οὔτε
3274 4989 3521 5061 ταχέως;
3549 4988 3674 5042 Ὀτι
3703 4983 3756 5039 τδ

2179 5092 2279 5161 μὲν
2309 5091 2503 5145 θᾶττον
2536 5087 2838 5158 ἀναστῆναι
2874 5087 3054 5151 αὐτὸν,
3081 5085 3183 5139 οὐκ
3209 5077 3355 5155 εἶχεν
3388 5082 3642 5153 ἔγκλημα
3661 5098 3675 5113 ο
3702 5078 3759 5133 τὸ

2176 5185 2233 5239 δὲ
2261 5184 2524 5256 βραδέως,
2554 5177 2704 5252 εἶχον
2732 5179 3058 5249 ἀντιλέγειν.

2264 5371 2533 5441 Ἐσχάτην
2575 5366 2698 5437 ὄψιν
2731 5361 2872 5419 εἶναι
2902 5364 3112 5435 νομίζω
3136 5363 3237 5435 τὴν
3272 5363 3333 5416 ἐν
3358 5364 3424 5433 τῇ
3464 5359 3722 5430 Γαλιλαία
3741 5398 3756 5423 ,

2180 5468 2270 5520 ὅτε
2316 5463 2516 5518 αὐτοὺς
2549 5460 2828 5531 ἐξέπεμπε
2872 5457 3267 5528 βαπτίσοντας’
3318 5453 3441 5511 εἶτα
3488 5455 3588 5525 τῆς
3632 5455 3758 5508 ἀνα·

2181 5559 2421 5629 λήψεως.

2254 5653 2350 5717 Τὸ,
2387 5653 2795 5720 Πορευθέντες
2820 5648 3247 5719 μαθητεύσατε
3273 5645 3471 5699 πάντα
3499 5642 3573 5698 τὰ
3594 5642 3755 5705 ἔθνη,

2184 5750 2284 5815 τὴν
2327 5745 2437 5799 τῶν
2477 5745 2766 5816 δογμάτων
2817 5746 2911 5797 καὶ
2965 5743 3065 5815 τὴν
3122 5741 3231 5795 τῶν
3291 5738 3504 5812 ἀρετῶν
3550 5733 3761 5805 διδαχὴν

2187 5856 2328 5893 Ατντο

2221 5876 2354 5911 νου..
