4026 6438
359 394 500 458 1173
1143 433 1147 438 -
1417 399 1740 460 SCHOLIA
1781 401 1974 460 VETE

2073 447 2079 460 ι
2125 401 2206 461 1N
2245 401 2348 460 ΜΛ
2361 401 2593 462 RCUM.
3501 395 3650 465 1174

425 509 548 562 Τῶν
576 508 894 562 ἀποστόλων
937 509 1098 580 μέχρι
1131 510 1443 575 συντελείας
1481 510 1578 564 τοῦ
1611 511 1820 581 κόσμου
1873 511 1950 582 μὴ

2127 513 2293 567 Vens.
2332 515 2423 569 20.
2460 512 2738 582 Apostolis
2793 527 2968 583 usque
2996 513 3064 567 ad
3105 515 3638 572 consummationem

353 603 524 654 ὄντων
559 602 616 654 ὲν
649 601 800 673 ζωῇ,
840 602 959 664 πῶς
1011 602 1163 670 λέγει
1209 604 1475 672 Χριστὸς,
1531 605 1768 673 Ἔσομαι
1825 604 1946 672 μεθ’

2073 607 2242 660 nundi
2311 621 2418 659 non
2459 605 2793 670 viventibus,
2839 603 3116 675 quomodo
3161 603 3296 660 dicit
3337 604 3636 662 Christus:

355 694 510 763 ὑμῶν
562 693 729 763 μέχρι
807 695 1044 762 τούτους
1115 697 1200 759 Ὡς
1245 697 1328 748 ἑνὶ
1377 695 1590 766 σώματι
1633 695 1946 765 διαλέγεται

2073 692 2165 748 Ero
2201 694 2469 747 vobiscum
2528 709 2690 764 usque
2747 693 2816 746 ad
2867 694 3374 748 consummationem
3417 695 3602 750 seaculi
3617 696 3644 749 Ρ

353 785 490 835 πᾶσι
519 783 632 846 τοῖς
659 784 888 846 πιστοῖς.

2073 785 2190 852 luia
2227 801 2336 840 uno
2366 799 2600 856 corpore
2639 785 2899 842 omnibus
2929 785 3280 844 credentibus
3318 787 3532 843 unitur.

834 963 3626 992 ww

1625 1111 1798 1197 ΕΙΣ
1877 1053 2371 1198 ΜΑΡΚΟΝ.
2437 1095 2442 1102 ’

993 1436 1508 1529 SCHOLIA
1580 1439 1712 1528 IN
1789 1438 2154 1529 MABCI
2235 1439 3030 1532 EVANGELIUM

1195 1619 1304 1682 Ea:
1339 1618 1563 1684 iisdem
1607 1618 1984 1684 membranis
2032 1618 2422 1684 bibliothecae
2462 1621 2800 1686 Vaticana.

963 1893 1215 1948 ΚΕΦΑΛ.
1257 1893 1336 1950 Θ’.
1975 1898 1979 1956 ξ

2679 1893 2910 1950 CAPUT
2945 1892 3042 1950 1X.

2125 2025 2291 2080 Vens.
2321 2022 2412 2078 20.
2447 2023 2627 2094 Rogat
2673 2035 2938 2093 quantum
2990 2021 3252 2088 temporis
3299 2029 3384 2074 est
3421 2033 3486 2074 ex
3535 2033 3648 2090 quo

2051 2119 2099 2173 ei
2125 2118 2228 2172 hoc
2249 2117 2470 2182 accidit,
2502 2133 2608 2172 non
2643 2126 2700 2171 ut
2731 2116 3014 2184 ignorans,
3049 2114 3143 2169 sed
3173 2113 3224 2166 in
3257 2127 3410 2181 spem
3437 2111 3650 2168 saluta-

2051 2223 2166 2264 rem
2189 2209 2341 2263 illum
2372 2223 2568 2280 agens.

438 2027 649 2098 Ἐρωτᾷ
695 2027 861 2078 πόσον
907 2026 1100 2096 χρόνον
1133 2024 1249 2096 ἔχει
1279 2025 1440 2078 τοῦτο
1480 2025 1704 2090 παθὼν,
1740 2025 1840 2096 οὐχ
1871 2024 1950 2088 ὡς

350 2119 567 2187 ἀγνοῶν
589 2161 603 2186 ,
638 2117 754 2174 ἀλλ’
783 2120 864 2181 εἰς
893 2119 1137 2189 χρηστὰς
1166 2117 1390 2182 ἐλπίδας
1418 2117 1584 2172 αὐτὸν
1611 2117 1782 2185 ἄγων.

425 2304 518 2368 Τδ,
553 2306 624 2357 El
665 2303 928 2357 δύνασαι
967 2305 1294 2358 πιστεῦσαι
1317 2345 1331 2367 ,
1383 2303 1581 2357 πάντα
1609 2301 1839 2356 δυνατά
1868 2301 1950 2369 τῷ

2123 2260 2692 2372 biens—.“iﬂjrsvivpotes
2727 2300 2962 2366 credere,
2995 2298 3179 2353 omnia
3207 2260 3492 2366 possibilia
3524 2303 3648 2348 sunt

351 2396 736 2460 πιστεύοντι,
770 2395 1014 2450 τοιοῦτόν
1056 2399 1205 2450 ἐστιν
1229 2411 1242 2426 ·
1280 2397 1359 2458 εἰς
1414 2395 1580 2449 αὑτὸν
1629 2396 1950 2465 περιτρέπει

2073 2393 2322 2460 :redenti;
2372 2395 2449 2450 ita
2495 2393 2732 2460 intelligi
2759 2393 2922 2446 debet
2951 2410 2964 2446 :
2989 2392 3044 2446 in
3081 2393 3261 2461 ipsum
3295 2389 3514 2460 culpam
3558 2403 3648 2444 re-

350 2487 417 2539 τὺ
446 2487 722 2558 ἔγκλημα,
756 2487 974 2552 δεικνὺς
1002 2487 1175 2559 αὐτῷ,
1216 2489 1300 2542 ὅτι
1342 2487 1469 2542 Ἐάν
1507 2485 1833 2558 πιστεύσῃς,
1867 2485 1952 2539 δύ-

352 2597 518 2634 νασαι
549 2579 644 2632 καὶ
673 2579 837 2643 αὐτὸς
865 2579 1216 2650 θεραπεύειν.

442 2670 695 2740 Ἀφίησιν
723 2671 888 2726 αὑτὸν
917 2671 1374 2742 σπαράττεσθαι,
1403 2671 1465 2725 οὐ
1492 2671 1632 2742 πρὸς
1669 2669 1950 2736 ἐπίδειξιν,

353 2761 496 2816 ἁλλά
522 2760 614 2815 διὰ
635 2760 728 2814 τὸν
761 2763 1000 2834 πατέρα,
1038 2763 1126 2816 ἵνα
1155 2753 1318 2816 πλέον
1351 2762 1640 2833 Θαυμάσας
1666 2761 1948 2833 ἐπαναχθῇ

352 2853 439 2916 εἰς
471 2853 654 2906 πίστιν
675 2869 690 2883 ·
741 2852 864 2907 ίδὼν
899 2854 956 2908 δὲ
983 2855 1110 2918 τοὺς
1145 2854 1338 2926 ὄχλους
1371 2853 1802 2924 συναγομένους,
1837 2855 1940 2907 έπ-

2046 2486 2188 2556 jicit,
2228 2486 2564 2552 ostendens,
2593 2486 2719 2556 quia
2767 2485 2827 2542 Si
2877 2484 3157 2552 crederes,
3201 2497 3394 2555 posses
3449 2489 3503 2537 et
3527 2481 3646 2552 ipse

2054 2595 2186 2637 sana
2195 2596 2272 2636 re.

2127 2671 2418 2728 Vens.25.
2449 2671 2594 2728 Sinit
2653 2685 2780 2726 eum
2832 2669 3093 2741 discerpi,
3129 2685 3240 2724 non
3297 2669 3350 2723 in
3403 2677 3650 2724 ostenta-

2058 2766 2288 2832 tionem,
2319 2765 2415 2820 sed
2471 2772 2698 2834 propter
2733 2771 2974 2834 patrem,
2999 2770 3062 2818 ut
3121 2761 3296 2831 magis
3347 2759 3652 2816 admiratus

2055 2859 2359 2916 adducatur
2405 2855 2474 2912 ad
2499 2857 2684 2922 Iidem;
2723 2856 2920 2911 videns
2967 2863 3152 2910 autem
3185 2854 3376 2910 turbas
3423 2866 3654 2922 congre’

353 2945 646 3016 ετίμησεν,
669 2946 888 3015 φεύγων
909 2947 968 3001 τὸ
987 2948 1292 3018 φιλότιμον.
1317 2947 1775 3018 Σεληνιαζόμενον
1791 2948 1952 3002 αὺτὺν

2073 2961 2230 3018 gatas,
2258 2949 2563 3019 increpavit
2616 2947 2832 3018 fugiens
2894 2945 3273 3002 ambitionem.
3326 2943 3652 2998 Lnnaticum

356 3037 571 3091 καλεῖὸ
599 3039 996 3112 εὐαγγελιστὴς
1031 3043 1140 3094 ἀπὸ
1178 3042 1277 3112 τῆς
1318 3040 1428 3094 τῶν
1466 3039 1682 3094 πολλῶν
1719 3039 1953 3110 ψευδοῦς

2073 3059 2205 3098 tunc
2229 3052 2388 3098 vocat
2428 3041 2765 3110 evangelista
2808 3039 2880 3096 ab
2925 3053 3164 3095 erronea
3203 3036 3496 3092 multorum
3539 3036 3658 3104 opi-

353 3128 642 3192 ὑπονοίας.

2059 3137 2250 3192 nione.

442 3221 754 3292 Ἐρωτῶσιν
789 3221 880 3276 διὰ
907 3221 961 3277 τί
981 3223 1082 3277 οὐκ
1110 3223 1456 3294 ἠδυνήθησαν
1475 3223 1568 3278 τὸν
1593 3224 1826 3295 δαίμονα
1858 3227 1950 3280 ὲκ-

2128 3227 2293 3282 \'ens.
2329 3227 2422 3282 27.
2457 3227 2808 3296 lnlerrogant
2837 3238 3012 3294 quare
3051 3238 3162 3278 non
3210 3222 3524 3291 potuissent
3557 3220 3658 3290 eji-

353 3313 542 3369 ϐαλεῖν
563 3353 579 3381 ,
610 3315 958 3384 ἀγωνιῶντες
998 3316 1212 3384 μήποτε
1241 3315 1341 3387 τὴν
1370 3317 1532 3389 χάριν
1561 3315 1875 3372 ἀπώλεσαν.

981 3426 1233 3480 ΚΕΦΑΛ.
1271 3423 1334 3479 ι’.

347 3609 352 3614 _
441 3553 679 3616 Ἐκεῖνος
717 3551 1006 3622 ανθρωπον
1054 3551 1218 3605 αὐτὸν
1256 3549 1514 3621 ἐνόμιζεν
1560 3549 1702 3606 εἶναι
1753 3552 1849 3605 καὶ
1889 3553 1950 3606 οὐ

353 3644 494 3698 Θεόν
515 3662 530 3682 ο
563 3645 660 3698 καὶ
685 3643 874 3699 τοῦτον
907 3643 1137 3716 ἔχειτὸν
1169 3645 1296 3698 νοῦν
1329 3647 1362 3715 ἡ
1396 3645 1727 3717 ἀπόκρισις·
1763 3647 1825 3698 El
1853 3645 1954 3716 μὲν

353 3740 508 3806 γὰρ,
557 3740 758 3808 φησὶν,
820 3737 1110 3808 ἄνθρωπόν
1167 3756 1237 3806 με
1273 3738 1517 3809 νομίζεις
1565 3742 1661 3794 καὶ
1703 3739 1764 3792 οὐ
1819 3741 1952 3795 Θεὸν

355 3827 526 3894 εἶναι,
571 3831 646 3901 μή
691 3848 759 3899 με
799 3831 965 3902 λέγῃς
1007 3831 1212 3900 ἀγαθόν
1239 3848 1253 3862 ·
1292 3833 1355 3886 οὐ
1402 3833 1513 3903 γὰρ
1560 3833 1813 3902 διαφέρει
1855 3837 1952 3890 ἀν-

353 3923 608 3996 θρωπίνῃ
660 3923 822 3992 φύσει
873 3926 935 3976 τὸ
986 3924 1226 3992 ἀγαθὸν,
1274 3925 1414 3979 ἀλλὰ
1457 3925 1577 3996 Θεῷ
1625 3927 1794 3998 μόνῳ.
1842 3927 1954 3982 Καὶ

352 4017 633 4090 ἐπιφέρει·
674 4018 785 4082 Τὰς
803 4017 1061 4084 ἐντολὰς
1091 4013 1279 4084 οἶδας.
1303 4021 1602 4090 Εἰρηκότος
1626 4019 1683 4072 δὲ
1701 4020 1913 4074 ἐκείνου
1935 4037 1949 4050 ·

351 4111 573 4184 μοιας;
607 4110 710 4182 ἔφη
743 4110 826 4174 τὸ,
863 4112 945 4164 Οὺ
971 4111 1344 4180 μοιχεύσεις,
1377 4114 1450 4166 οὐ
1479 4113 1827 4182 φονεύσεις,
1859 4115 1954 4168 καὶ

353 4201 428 4256 τὰ
469 4202 618 4272 ἑξῆς.
676 4201 1040 4271 Ἀπεκρίνατο
1073 4201 1286 4271 λέγων·
1333 4202 1534 4258 Ταῦτα
1577 4204 1776 4258 πάντα
1811 4205 1955 4274 ἐφύ-

354 4293 522 4372 τπαξα
546 4293 616 4346 ἐκ
643 4294 932 4362 ’νεότητός
949 4311 1070 4363 μου
1090 4310 1106 4326 ο
1139 4294 1192 4347 τί
1220 4293 1301 4348 ἔτι
1324 4295 1572 4366 ὑστερῶ;
1599 4297 1744 4367 Ἔφη
1773 4296 1921 4366 αὐτῷ
1939 4314 1953 4329 ·

351 4381 422 4438 Εἰ
452 4384 647 4450 θέλεις
682 4383 914 4451 τέλειος
945 4379 1136 4449 εἶναι,
1179 4385 1373 4454 ὕπαγε
1403 4387 1698 4454 πώλησόν
1734 4402 1852 4440 σου
1886 4388 1956 4442 τὰ

353 4476 712 4544 ὑπάρχοντα
741 4477 842 4532 καὶ
875 4476 983 4542 δὸς
1009 4478 1288 4546 πτωχοῖς,
1320 4478 1417 4532 καὶ
1443 4478 1605 4545 ἕξεις
1643 4481 1958 4547 θησαυρὸν

2061 3335 2186 3376 core
2209 3320 2562 3386 daetnonium,
2592 3318 2738 3374 anxii
2773 3332 2844 3373 ne
2865 3316 3098 3386 gratiam
3123 3315 3264 3372 forte
3298 3313 3652 3386 perdiderint.

2691 3425 2922 3484 CAPUT
2954 3425 3026 3482 Χ.

2135 3561 2300 3616 Vens.
2341 3557 2426 3613 18.
2461 3558 2570 3612 Iste
2595 3555 2874 3611 hominem
2917 3554 3072 3609 illum
3102 3551 3330 3623 putabat
3358 3565 3503 3616 esse,
3545 3563 3658 3602 non

2064 3655 2268 3722 Deum;
2299 3665 2354 3708 et
2379 3667 2604 3709 sensum
2639 3650 2786 3704 hunc
2829 3649 3000 3704 habet
3041 3645 3352 3716 responsio.
3392 3645 3448 3698 Si
3483 3643 3655 3704 enim,

2063 3748 2260 3818 inquit,
2290 3745 2566 3800 hominem
2599 3757 2682 3797 me
2709 3751 2870 3812 putas
2892 3749 2945 3796 et
2966 3756 3073 3795 non
3103 3737 3274 3793 Deum
3301 3753 3445 3802 esse,
3479 3751 3546 3790 ne
3571 3749 3658 3788 me

2061 3839 2214 3894 dicas
2272 3839 2474 3892 bonum
2516 3849 2673 3888 :non
2725 3833 2870 3887 enim
2931 3833 3168 3902 pertinet
3229 3831 3296 3885 ad
3356 3829 3657 3882 humanam

2065 3942 2315 3986 naturam
2365 3927 2604 3993 bonitas,
2644 3927 2738 3981 sed
2779 3927 2844 3980 ad
2879 3923 3048 3978 Deum
3085 3925 3282 3978 solum.
3315 3921 3382 3976 Et
3419 3920 3608 3990 adjicit
3640 3933 3655 3970 :

2063 4024 2339 4092 Prwcepla
2361 4022 2530 4084 nosti;
2554 4027 2780 4089 rogante
2797 4026 2978 4074 autem
3007 4033 3092 4081 co,
3132 4017 3264 4082 Qua:
3283 4015 3308 4068 ?
3330 4015 3496 4069 dicit:
3529 4011 3651 4067 Non

2063 4114 2414 4178 adulterabis,
2472 4127 2574 4166 non
2632 4111 2856 4175 occides,
2885 4117 3015 4164 ’etc.
3077 4105 3376 4177 Respondit
3419 4105 3656 4159 dicens:

2065 4207 2197 4260 Iia'c
2236 4205 2416 4258 omnia
2447 4202 2718 4256 observavi
2750 4219 2782 4254 α
2806 4202 3082 4270 jnventute
3115 4215 3250 4262 mea,
3302 4197 3433 4266 quid
3478 4197 3662 4250 adhuc

2064 4298 2256 4353 deest?
2282 4297 2418 4352 dixit
2451 4295 2522 4348 illi
2549 4310 2563 4346 :
2596 4293 2656 4348 Si
2688 4293 2762 4346 vis
2801 4292 3062 4362 perfectus
3108 4308 3218 4344 esse
3241 4329 3256 4352 ,
3297 4290 3446 4348 uade.
3499 4287 3668 4342 vende-

2064 4406 2386 4462 quwcunque
2430 4389 2684 4457 possides,
2733 4398 2781 4440 et
2844 4387 2914 4438 da
2965 4383 3312 4455 pauperibus,
3346 4395 3392 4436 et
3442 4381 3656 4434 habebis

2066 4486 2373 4537 thesaurum
2421 4481 2474 4532 in
2505 4481 2656 4544 coelo;
2681 4489 2728 4532 et
2761 4479 2952 4532 tollens
2992 4493 3200 4531 crucem
3250 4485 3399 4528 tuam
3444 4489 3660 4544 sequere

355 4569 430 4622 ἐν
475 4570 743 4640 οὐρανῷο
774 4571 872 4624 καὶ
902 4569 1106 4624 λαϐὼν
1130 4571 1240 4624 τὸν
1263 4571 1532 4640 σταυρόν
1555 4587 1672 4626 σου
1701 4574 1956 4627 ἀκολού-

2073 4592 2165 4629 me.
2205 4572 2309 4628 Per
2334 4574 2435 4626 hoc
2471 4572 2636 4644 igitur
2655 4571 2897 4626 ostemlit
2921 4572 2970 4624 ei
3000 4571 3100 4625 sibi
3126 4569 3430 4624 bonitatem
3455 4581 3660 4623 conve-

357 4665 450 4716 οει
474 4681 595 4732 μοι.
639 4662 741 4716 Διὰ
767 4662 960 4718 τούτου
989 4661 1082 4716 οὖν
1111 4663 1312 4728 ἔδειξεν
1337 4665 1419 4718 ὅτι
1451 4665 1547 4718 καὶ
1575 4665 1726 4738 αὑτῷ
1763 4667 1956 4736 διαφέ-

359 4773 448 4828 ρει
480 4756 541 4810 τὺ
584 4755 790 4826 ἀγαθόν
817 4773 830 4787 ⁸
865 4749 928 4810 οὗ
975 4756 1084 4828 γὰρ
1110 4755 1190 4826 τῷ
1243 4756 1320 4828 μὴ
1365 4757 1559 4830 ἀγαθῷ
1599 4759 1828 4814 δύναταί
1869 4779 1956 4827 τις

357 4849 676 4904 ἀκολουθῶν
695 4890 710 4916 ,
743 4849 890 4920 ζωὴν
924 4849 1144 4905 αἰώνιον
1171 4853 1610 4924 κληρονομῆσαι.

435 4943 679 5012 Πρᾶγμα
740 4941 1150 5014 προμελετηθὲν
1208 4945 1310 4997 οὐκ
1371 4947 1485 5016 ἔχει
1545 4946 1644 5016 τὴν
1701 4949 1810 5002 ἀπὸ
1861 4950 1956 5003 τοῦ

361 5033 632 5104 αἰφνιδίου
657 5035 904 5106 ταραχήν
930 5050 944 5064 ·
975 5037 1113 5107 ὅπερ
1139 5039 1236 5098 καὶ
1265 5040 1294 5092 ὁ
1325 5039 1490 5094 Δα6“ιδ
1517 5040 1734 5108 ἕλεγεψ
1775 5041 1956 5098 Ἡτοι-

354 5129 606 5199 ﬁdem]?
646 5128 748 5182 καί
797 5133 911 5184 οὐκ
955 5130 1332 5200 ἐταράχθην
1375 5133 1536 5210 τοῦτο
1583 5137 1680 5188 καὶ
1732 5138 1790 5188 ὲν
1839 5140 1960 5202 ταῖς

363 5224 618 5293 βρονταῖς
652 5223 900 5290 γίνεται*
938 5225 1291 5293 προλαϐοῦσα
1317 5227 1428 5296 γὰρ
1465 5229 1498 5298 ἡ
1526 5229 1782 5300 ἀστραπὴ
1811 5229 1956 5282 8:66:-

337 5331 482 5392 ,σκει
515 5315 607 5373 τὸν
648 5313 800 5376 νοῦν,
833 5314 914 5366 ὅτι
947 5314 1029 5366 δεῖ
1057 5315 1316 5382 δέξασθαι
1347 5317 1447 5389 τὴν
1478 5319 1731 5392 βροντὴν,
1773 5320 1862 5373 ἵνα
1889 5325 1956 5392 τῇ

363 5406 666 5478 προσῖοκίᾳ
707 5407 844 5478 λύσῃ
877 5409 966 5461 τον
995 5407 1220 5482 μείζρνα
1251 5409 1416 5480 φόϐον
1442 5427 1456 5442 ·
1482 5411 1628 5465 οὕτω
1660 5412 1750 5464 καὶ
1780 5414 1808 5464 ὁ
1839 5415 1955 5466 Σω-

345 5501 470 5568 -τὴρ
515 5499 602 5551 ἵνα
648 5500 724 5570 μὴ
759 5499 958 5568 ἀθρόον
989 5501 1096 5554 ὑπὸ
1139 5501 1234 5555 τοῦ
1276 5502 1481 5564 πάθους
1521 5505 1872 5576 ταραχθῶσιν
1906 5506 1958 5558 οἱ

365 5591 634 5660 μαθηταῖ.
678 5592 940 5656 πολλάκις
981 5588 1134 5646 εἶπεν
1159 5609 1174 5624 ο
1235 5592 1389 5648 Ἰδοὺ
1419 5595 1827 5664 ἀναϐαίνομεν
1875 5599 1964 5662 εἰς

376 5685 803 5754 Ἰεροσόλυμα*
841 5687 938 5738 καὶ
966 5687 1122 5740 οὐδὲν
1146 5683 1310 5760 ἦττον
1346 5687 1687 5760 ἐθορύϐησαν
1717 5689 1824 5742 ὑπὸ
1861 5689 1959 5743 τοῦ

345 5777 573 5844 ,πάθους
598 5793 613 5809 ·
662 5779 737 5842 ὡς
768 5779 862 5833 τὸν
887 5780 1118 5852 Σωτῆρα
1151 5781 1407 5834 ὀνειδίσαι
1441 5783 1568 5844 τοὺς
1597 5783 1958 5850 ἀποστόλους,

339 5861 465 5925 ’καὶ
498 5871 676 5927 εἰπεῖν
717 5872 854 5944 μετὰ
887 5871 984 5944 τὴν
1011 5873 1305 5930 ἀνάστασιν
1334 5889 1346 5904 '
1375 5869 1555 5933 Οὗτοι
1584 5875 1744 5930 εἰσιν
1775 5876 1964 5932 al.16-

2069 4669 2204 4733 nire,
2236 4681 2344 4719 non
2384 4665 2528 4718 enim
2573 4679 2683 4717 non
2714 4663 2919 4718 bonum
2945 4661 3148 4734 aliquis
3171 4662 3326 4733 sequi
3357 4669 3558 4734 potest,
3592 4662 3662 4716 ad

2065 4757 2452 4830 possidendam
2504 4758 2668 4812 vitam
2702 4769 2992 4811 mternam.

2139 4945 2306 5002 Vens.
2347 4945 2436 5000 '55.
2487 4945 2598 5000 Res
2631 4944 3008 5014 praemeditata
3069 4941 3176 4997 non
3235 4943 3400 4997 habet
3445 4944 3592 4998 hane-
3631 4961 3674 4998 e-

2071 5037 2358 5106 repentino
2382 5036 2774 5091 turbationcm.
2807 5035 2962 5102 Quod
2993 5045 3050 5090 et
3078 5037 3246 5090 David
3280 5038 3418 5091 dixit
3451 5035 3662 5091 :Para-

2068 5140 2152 5183 tus
2175 5137 2362 5183 sumet
2392 5145 2494 5182 non
2522 5145 2637 5181 sum
2665 5127 2949 5182 turbat-us:
2983 5128 3087 5182 hoc
3119 5129 3173 5184 in
3206 5128 3408 5182 tonitru
3441 5128 3660 5183 accidit.

2065 5221 2414 5278 Praemissum
2433 5221 2579 5276 enim
2594 5221 3244 5294 fulgur‘monetmentem,
3261 5219 3660 5290 expectandum

2067 5331 2189 5370 esse
2220 5315 2447 5379 tonitru,
2467 5325 2528 5368 ut
2555 5317 2963 5385 exspectatione
2981 5315 3226 5371 solvatur
3246 5315 3420 5383 major
3442 5324 3655 5368 metus:

2067 5411 2138 5466 ita
2174 5411 2338 5465 etiam
2373 5411 2627 5465 Salvator
2657 5427 2724 5466 ne
2754 5409 2920 5466 simul
2971 5411 3026 5464 in
3065 5411 3324 5480 passione
3367 5410 3660 5464 turbentur

2064 5505 2344 5574 discipuli,
2371 5505 2574 5576 saepius
2615 5507 2784 5562 dicit:
2825 5505 2962 5560 Ecce
2998 5507 3330 5562 ascendimus
3373 5505 3655 5574 Jerosoly-

2066 5612 2232 5660 mam;
2255 5605 2310 5650 et
2362 5613 2470 5652 non
2525 5597 2708 5652 minus
2749 5597 2804 5652 in
2851 5599 3106 5668 passione
3153 5599 3352 5653 turbati
3390 5607 3555 5662 sntit;
3587 5599 3662 5651 ita

2067 5700 2124 5743 ut
2155 5688 2408 5745 Salvator
2463 5689 2760 5762 objurgare
2805 5692 3001 5747 debeat
3049 5691 3328 5761 apostolus
3381 5703 3435 5746 et
3473 5692 3660 5746 dicere

2065 5790 2190 5852 post
2225 5781 2686 5836 resurrectionem
2721 5801 2734 5836 :
2785 5783 2856 5836 Ili
2911 5797 3032 5838 sum
3087 5799 3352 5839 sermones
3387 5785 3486 5850 mei
3526 5799 3656 5853 quos

2065 5875 2182 5932 dixi
2214 5877 2372 5944 vobis
2408 5876 2532 5946 quia
2569 5887 2772 5947 Oportet
2825 5875 3028 5934 Filium
3052 5877 3282 5932 [taurinis
3311 5877 3480 5932 multa
3523 5877 3660 5946 rati.
