4026 6414
314 371 454 436 1177
1413 391 1734 454 SCHOLIA
1769 398 2066 460 VE'I‘ERA
2105 404 2186 465 IN
2227 407 2503 470 LUCAM.
3435 419 3571 484 1179

313 494 588 601 ῗρωτῆσαι
617 494 723 601 ’τὸν
763 494 1148 569 οἰκοδεσπότην
1171 517 1184 530 ·
1215 501 1310 555 καὶ
1357 505 1445 557 ἵνα
1485 507 1559 577 μὴ
1593 507 1886 578 νομίσωσιν

2003 514 2060 569 ιιΙ
2095 515 2537 590 interrogandum
2575 521 2642 577 tle
2660 523 2854 578 domus
2875 523 3117 592 domino,
3147 537 3202 582 et
3228 544 3295 584 ne
3321 529 3572 601 ignorare

311 582 673 684 (incisim-1M
705 586 871 640 τόπον
897 589 1085 659 λέγει·
1127 595 1320 662 Αὐτὸς
1349 599 1493 666 ὑμῖν
1530 599 1713 664 δείξει
1745 603 1888 655 ἀνά-

2003 617 2201 675 putent,
2227 611 2403 666 locutn
2432 613 2565 668 dicit
2599 633 2611 670 :
2655 613 2774 684 Ipse
2795 619 2938 670 vobis
2967 621 3204 674 ostendet
3246 582 3574 678 εωιῗαειιίιιιιι

311 676 660 782 ἶνιιονρέχα
701 679 1096 750 ἐστρωμένον.
1132 687 1195 740 El.
1223 688 1512 758 προλέγεις
1553 691 1646 744 τὸν
1691 693 1888 760 τόπον,

2003 702 2188 767 pande
2214 713 2462 758 stratum.
2501 704 2558 760 Si
2579 706 2756 761 locum
2781 707 3053 777 prmdicis,
3086 727 3186 765 cur
3233 711 3371 768 dicis
3406 712 3574 768 disci-

312 765 406 818 διὰ
450 765 505 819 τί
523 766 722 874 ,λέγεις
761 773 875 835 τοῖς
903 775 1178 844 μαθηταῖς
1209 780 1484 850 ἐρωτῆσαι
1513 783 1640 852 περὶ
1669 782 1764 835 τοῦ
1803 783 1893 836 τό·

2003 793 2134 862 pulis
2165 806 2224 848 ut
2255 797 2591 866 interrogent
2636 799 2702 853 de
2763 800 2927 854 loco?
2983 801 3136 872 prius
3211 804 3572 874 rogabimus:

311 871 462 954 πουξ
521 858 658 928 Πρὶν
703 863 1101 954 έρωτὴσομεν·
1137 868 1192 921 τί
1249 865 1342 922 οὖν
1373 871 1704 941 ἐρωτῶμενς
1756 873 1888 938 Ναὶ,

2003 879 2136 946 Quid
2171 883 2336 952 igitur
2374 884 2814 954 interrogamus?
2855 885 2956 954 Ita,
2984 858 3158 954 .dicit,
3207 899 3262 944 et
3279 858 3416 945 inihi
3441 907 3576 946 con-

314 948 484 1060 :pnalv
507 966 521 981 ·
573 952 742 1021 κάμοὶ
771 955 974 1026 πρέπει
1009 959 1298 1029 προλέγειν
1326 963 1402 1026 ὼς
1445 963 1584 1034 Θεῷ,
1622 965 1717 1017 καὶ
1747 965 1892 1034 ὑμᾶς

2003 971 2451 1040 νεηίιρττεάἱοετε
2478 983 2740 1041 tanquam
2791 973 2924 1040 Deo,
2953 984 3007 1030 et
3040 977 3196 1031 vobis
3235 977 3576 1049 interrogare

311 1041 528 1142 ἐρωτᾷν
570 1043 646 1107 ὡς
689 1045 1016 1118 ἀνθρώπους
1035 1065 1050 1078 ·
1079 1051 1322 1123 οὐδαμοῦ
1345 1054 1402 1107 δὲ
1447 1055 1682 1124 Χριστὸς
1712 1073 1895 1128 παρα-

2003 1072 2054 1116 ιιι
2085 1063 2420 1120 hominibus.
2453 1065 2675 1120 Minime
2731 1076 2913 1121 autem
2959 1067 3210 1126 Christus
3253 1071 3418 1124 tradit
3447 1041 3574 1142 “my-

311 1131 500 1242 ςῗίδωσι
529 1136 592 1242 τὸ
623 1139 924 1210 μυστήριον
951 1144 1007 1195 ὲν
1044 1147 1320 1208 ταπεινοῖς
1349 1145 1555 1212 τόποις,
1588 1146 1706 1200 ἀλλ’
1740 1151 1798 1200 ἐν
1824 1153 1891 1220 τῇ

2003 1157 2217 1210 sterium
2241 1158 2294 1210 in
2323 1157 2620 1213 humilibus
2640 1160 2796 1223 locis,
2823 1159 2918 1215 sed
2951 1161 3005 1214 in
3029 1161 3238 1216 elevato
3255 1171 3306 1216 et
3329 1131 3574 1219 sublimi.

314 1223 499 1325 (ipsum
516 1225 654 1332 κῆεν
685 1229 918 1299 ὑπερώῳ
939 1248 954 1264 ·
981 1234 1136 1288 οὐδὲν
1163 1236 1272 1303 γὰρ
1304 1238 1606 1305 κατάγαιον
1637 1240 1728 1292 ἐπὶ
1761 1242 1896 1312 Χρι-

2003 1247 2210 1301 Nnilum
2269 1249 2420 1302 enim
2477 1261 2592 1304 erat
2625 1251 2831 1305 humile
2859 1261 2912 1305 et
2927 1261 3208 1306 terrenum
3245 1253 3300 1308 in
3329 1252 3573 1308 Christo.

317 1316 448 1368 στοῦ
464 1333 480 1348 ·
511 1316 600 1370 διὰ
621 1319 782 1374 τοῦτο
811 1324 908 1375 καὶ
932 1324 1022 1378 ὅτε
1045 1327 1144 1394 τὴν
1171 1327 1516 1398 ὲπιφοίτησιν
1539 1330 1782 1398 ἐδέχοντο
1802 1331 1894 1384 τοῦ

2003 1339 2119 1393 Ideo
2143 1340 2436 1409 etquando
2494 1343 3043 1398 communicationem
3095 1345 3269 1398 sancti
3341 1345 3577 1414 Spiritus

317 1411 478 1502 ἁγίου
505 1411 824 1482 ῘΙνεῦματος
849 1417 900 1469 οἱ
927 1418 1239 1484 ἀπόστολοι,
1259 1421 1316 1472 έν
1340 1421 1573 1492 ὑπερῴῳ
1599 1417 1740 1492 ἦσαν
1767 1438 1895 1474 συν-

2003 1441 2322 1500 recepernnt
2352 1433 2606 1502 apostoli,
2631 1433 2684 1486 in
2732 1433 2840 1486 alto
2897 1433 3018 1488 loco
3047 1434 3363 1502 congregati
3385 1411 3574 1489 erant.

314 1499 568 1568 ηγμένοι.
635 1505 808 1569 Τότε,
864 1508 1064 1577 φησὶν,
1111 1508 1474 1564 ἀπέστειλεν
1529 1510 1640 1564 δύο
1673 1511 1742 1563 ἐκ
1779 1510 1899 1564 τῶν

2003 1499 2152 1576 Tunc
2203 1499 2446 1577 dicitur:
2503 1522 2668 1576 Mittit
2733 1524 2863 1578 duos
2917 1540 2980 1578 ea:
3029 1499 3300 1596 dist-ibatis
3359 1527 3473 1579 suis
3519 1533 3578 1578 ut

311 1595 600 1659 μαθητῶν
642 1597 832 1651 αὐτοῦ
879 1599 1190 1670 ἑτοιμάσαι
1233 1601 1304 1656 τὸ
1357 1603 1605 1672 Πάσχα,
1673 1603 1899 1670 Πέτρον

2003 1628 2245 1685 pararent
2281 1615 2512 1681 Pascha,
2566 1615 2782 1672 Petrum
2812 1630 2861 1671 et
2907 1595 3188 1674 Joannem.
3231 1617 3424 1674 Petrus
3462 1625 3581 1672 erat

313 1685 418 1738 ara!
461 1687 774 1756 Ἰωάννην.
807 1690 1014 1762 Πέτρος
1047 1689 1118 1763 ἦν
1147 1694 1177 1746 ὁ
1213 1695 1577 1767 ὁμολογήσας,
1615 1696 1700 1749 ὅτι
1727 1696 1810 1749 Σὺ
1845 1691 1900 1750 εἷ

2003 1710 2089 1780 qui
2149 1709 2439 1766 confessus
2493 1708 2691 1776 fuerat,
2737 1709 2812 1764 Tu
2836 1729 2888 1765 es
2944 1711 3192 1766 Christus
3245 1709 3416 1764 Filius
3483 1709 3579 1764 Dei

315 1783 352 1832 ὀ
381 1780 636 1848 Χριστὸς
665 1784 698 1836 ὁ
739 1782 876 1849 Υἱὸς
917 1784 1026 1839 τοῦ
1077 1785 1224 1840 Θεοῦ
1256 1786 1364 1842 τοῦ
1411 1785 1628 1854 ζῶντος
1646 1801 1662 1818 ·
1717 1786 1899 1842 Ἰωάν-

2003 1803 2258 1866 viventis;
2308 1799 2548 1856 Joannes
2570 1811 2750 1857 autem
2791 1803 3020 1857 debebat
3073 1803 3445 1856 annuntiare:
3511 1799 3582 1853 ln’

317 1887 420 1940 νης
445 1871 502 1925 δὲ
525 1871 718 1941 ἔμελλε
741 1874 1034 1963 κηρύττειν
1063 1875 1142 1940 τὺ,
1194 1876 1296 1930 Ἐν
1326 1876 1484 1944 ἀρχῇ
1512 1872 1593 1946 ἦν
1616 1879 1649 1931 ό
1681 1879 1895 1945 Λόγος,

2003 1893 2258 1963 principio
2281 1901 2394 1946 erat
2441 1891 2668 1945 Verbum
2704 1902 2751 1944 et
2789 1891 3012 1946 Verbum
3049 1901 3164 1945 erat
3195 1891 3338 1960 apud
3391 1891 3577 1956 Deum,

313 1965 419 2018 καί
469 1967 503 2018 ὀ
547 1967 738 2035 Λόγος
783 1962 858 2036 ἦν
885 1966 1038 2036 πρὸς
1079 1967 1190 2022 τὸν
1233 1969 1402 2031 Θεὸν,
1437 1968 1538 2022 καὶ
1571 1967 1717 2033 Θεὸς
1744 1963 1826 2033 ἦν
1867 1970 1902 2022 ὁ

315 2053 533 2121 Λόγος.
576 2053 924 2108 Ἀποστέλλει
966 2055 1060 2110 τὸν
1095 2055 1346 2125 θεμέλιον
1387 2056 1488 2126 τῆς
1543 2057 1896 2128 Ἐκκλησίας,

323 2146 418 2197 καὶ
460 2145 554 2200 τὸν
589 2146 704 2201 υἱδν
749 2147 848 2217 τῆς
882 2147 1112 2220 βροντῆς
1135 2165 1150 2180 ο
1187 2149 1276 2202 ἵνα
1305 2149 1364 2202 ὲν
1413 2148 1514 2218 μὲν
1541 2148 1622 2219 τῷ
1662 2148 1902 2218 θεμελίῳ

316 2235 468 2306 πήξῃ
503 2237 566 2291 τδ
594 2238 694 2308 τῆς
729 2239 1014 2303 εὐσεϐείας
1043 2241 1363 2310 μυστήριον,
1391 2242 1450 2293 ὲν
1475 2241 1534 2294 δὲ
1557 2239 1638 2311 τῷ
1667 2239 1768 2309 υἱῷ
1799 2243 1900 2301 τῆς

317 2327 570 2398 βροντῆς,
596 2328 850 2401 άστράψῃ
877 2330 948 2382 τὰ
973 2329 1072 2398 τῆς
1103 2328 1385 2392 εὐσεϐείας
1413 2329 1742 2399 ἐντάλματα.
1783 2327 1902 2384 Πά-

317 2421 405 2474 λιν
427 2421 516 2476 διὰ
557 2421 610 2473 τί
644 2420 850 2492 Πέτρον
883 2422 978 2474 καὶ⁵
1031 2421 1288 2490 Ἰωάννην
1316 2421 1677 2488 amarentet;
1717 2419 1900 2475 Ἰωάν-

317 2531 418 2584 νης
455 2514 723 2584 παρθένος
768 2511 871 2585 ἦν,
920 2515 1127 2584 Πέτρος
1187 2514 1295 2568 ἀπὺ
1350 2513 1761 2583 σεμνογαμίας,
1812 2512 1901 2568 ἵνα

319 2605 506 2676 δειχθῇ
569 2607 652 2660 ὃτι
710 2607 802 2660 καὶ
855 2611 920 2678 τῇ
979 2607 1326 2679 σεμνογαμίᾳ
1371 2606 1466 2660 καὶ
1513 2609 1578 2678 τῇ
1629 2605 1899 2678 παρθενίᾳ

317 2696 572 2764 ῆπλωται
624 2697 686 2750 τὸ
747 2697 921 2768 δῶρον
945 2713 959 2728 ·
1027 2698 1125 2752 καὶ
1185 2699 1432 2768 γίνονται
1490 2699 1740 2752 κοινωνοὶ
1801 2698 1897 2751 τοῦ

319 2785 515 2855 Πάσχα
571 2786 667 2840 καὶ
713 2787 763 2840 oi.
819 2789 877 2840 ὲν
928 2787 1278 2859 σεμνογαμίᾳ
1325 2787 1420 2842 καὶ
1449 2788 1499 2841 oi
1541 2790 1598 2842 ὲν
1630 2787 1902 2860 παρθενίᾳ

321 2879 506 2944 καλῶς
543 2880 746 2946 ζῶντες
765 2898 781 2913 ·
811 2881 1134 2934 ἀποστέλλει
1164 2882 1465 2954 παρθενίαν
1496 2881 1594 2936 καὶ
1627 2897 1899 2951 σεμνογα-

323 2972 457 3040 μίαν
495 2973 787 3043 ἑτοιμάσαι
830 2971 980 3044 αὐτῷ
1016 2972 1078 3026 τὸ
1105 2973 1292 3045 πάσχα
1314 2992 1329 3007 ·
1359 2974 1552 3046 ὥσπερ
1581 2976 1641 3028 ὲν
1668 2973 1747 3044 τῷ
1784 2973 1900 3044 ὄρει

319 3065 567 3134 Μωῦσῆν
617 3067 712 3118 καὶ
753 3065 940 3119 Ἠλίαν
972 3067 1354 3137 παρέστησενςο
1403 3067 1494 3119 τὸν
1533 3066 1634 3136 μὲν
1671 3065 1781 3120 ἀπὸ
1808 3082 1900 3118 σε-

323 3153 672 3223 μνογαμίας,
723 3153 816 3207 τὸν
867 3154 926 3207 δὲ
953 3155 1062 3210 ἀπὸ
1121 3156 1423 3226 παρθενίας
1452 3155 1769 3226 λάμποντα,
1809 3155 1898 3208 ἵνα

321 3247 466 3316 φανῇ
495 3246 842 3316 σεμνογαμία
863 3246 958 3300 καὶ
985 3246 1256 3318 παρθενία
1278 3247 1630 3318 παρεστῶσαι
1653 3245 1897 3318 Χριστῷ.

909 3377 1163 3430 ΚΕΦΔΛ.
1205 3375 1289 3430 lE'

408 3509 555 3562 Ἀντὶ
583 3508 700 3574 τοῦ,
724 3510 987 3581 λαμπρὰν
1009 3513 1101 3565 καὶ
1137 3511 1305 3580 μηδὲν
1337 3509 1570 3564 θανάτου
1619 3509 1895 3581 φέρουσαν

322 3599 554 3666 σημεῖον
578 3613 594 3629 ·
623 3598 704 3652 διὸ
737 3599 829 3652 καὶ⁵
860 3599 954 3652 τὸν
1001 3601 1342 3671 κεντυρίωνα
1373 3601 1534 3654 πλέον
1578 3599 1737 3654 τοῦτο
1767 3599 1800 3671 ἢ
1845 3599 1906 3653 τὸ

323 3688 730 3761 καταπέτασμα
785 3691 1108 3762 σχιζόμενον
1159 3694 1241 3756 είς
1285 3691 1386 3763 τὴν
1445 3691 1575 3762 περὶ
1619 3689 1714 3745 τοῦ
1767 3690 1898 3744 Υἱοῦ

324 3778 656 3846 θεογνωσίαν
700 3783 1034 3851 ἐπηγάγετο.
1089 3785 1156 3837 Τί
1205 3783 1250 3836 δ’
1292 3779 1359 3854 ἦν
1388 3783 1416 3836 ὃ
1461 3782 1776 3854 ἐκραξεν,ἢ
1819 3783 1904 3848 τὸ,

321 3869 552 3938 Πάτερ,
583 3874 671 3938 εις
698 3871 901 3943 χεῷάς
928 3891 1046 3930 σου
1086 3875 1510 3946 παραθήσομαι
1548 3874 1615 3929 τὸ
1666 3874 1908 3946 πνεῦμά

225 3985 238 3994 ·
314 3979 442 4032 μου
459 3977 481 4027 ;

2000 1995 2050 2039 et
2082 1984 2218 2038 Deus
2244 1994 2356 2038 erat
2411 1982 2653 2037 Verbum.
2681 1981 2842 2036 Mittit
2863 1982 3116 2038 Ecclesia:
3144 1981 3580 2046 fundamentum,

2001 2087 2055 2134 et
2087 2077 2258 2131 ﬁlium
2311 2074 2562 2140 tonitrui,
2599 2083 2660 2128 ut
2695 2075 2751 2128 in
2806 2073 3162 2128 fundamento
3199 2071 3420 2142 quidem
3451 2075 3584 2143 ligat

2001 2169 2282 2240 religionis
2333 2168 2677 2239 mysterium,
2725 2167 2778 2220 in
2815 2166 2924 2220 lilio
2955 2175 3136 2220 autem
3189 2162 3436 2228 tonitrui,
3473 2163 3582 2216 ful-

2003 2261 2174 2314 minei.
2235 2257 2514 2328 religionis
2556 2263 2848 2324 prarcepta.
2881 2251 3083 2307 lterum
3127 2266 3224 2306 cur
3255 2249 3476 2304 Petrum
3525 2255 3582 2302 et

1999 2351 2264 2407 Joannem
2321 2348 2528 2404 mittit?
2578 2346 2820 2402 Joannes
2879 2345 3034 2416 virgo
3085 2353 3226 2407 erat,
3291 2341 3490 2396 Petrus
3523 2339 3580 2394 in

2002 2443 2304 2500 honorabili
2325 2441 2583 2512 coniugio
2607 2459 2620 2494 :
2643 2449 2704 2495 ut
2736 2440 3114 2495 ostenderetur
3145 2435 3293 2507 quod
3323 2445 3377 2489 et
3401 2433 3581 2488 hono-

2003 2537 2160 2592 rabili
2191 2533 2448 2606 coniugio
2472 2541 2529 2589 et
2557 2531 2860 2604 virginitati
2892 2529 3132 2586 effusum
3165 2529 3236 2585 sit
3264 2527 3500 2592 donum;
3527 2539 3584 2588 ei,

2001 2631 2137 2684 ﬁunt
2162 2627 2384 2682 Pascha:
2411 2625 2882 2681 communicantes
2915 2623 3006 2694 qui
3032 2623 3086 2677 in
3107 2619 3412 2675 honorabili
3446 2633 3584 2672 con-

1997 2719 2150 2789 jugio
2177 2727 2231 2772 et
2259 2718 2349 2786 qui
2383 2717 2440 2770 in
2495 2715 2812 2786 virginitate
2861 2714 3001 2768 bene
3042 2713 3250 2766 vivunt.
3285 2708 3452 2764 Mittit
3479 2709 3586 2760 vir-

2005 2812 2286 2882 ginitatem
2331 2820 2385 2864 et
2415 2807 2735 2864 honorabile
2794 2805 3108 2877 coniugium
3161 2811 3222 2858 ut
3257 2811 3451 2872 parent
3505 2799 3582 2853 illi

2003 2901 2240 2969 Pascha;
2271 2909 2334 2956 ut
2379 2901 2436 2955 in
2469 2908 2657 2955 monte
2701 2897 2922 2970 Moysen
2962 2905 3016 2952 et
3061 2897 3230 2951 Eliam
3281 2891 3582 2964 produxit.

2001 2993 2152 3047 illum
2187 2992 2407 3063 quidem
2434 2994 2490 3046 in
2519 2989 2826 3046 honorabili
2860 2987 3142 3058 coniugio,
3181 2985 3336 3041 hunc
3355 2998 3482 3038 vero
3527 2982 3582 3036 in

2003 3083 2314 3154 virginitate
2341 3086 2668 3147 elucentem,
2703 3090 2764 3136 ut
2790 3079 3107 3135 ostendatur
3124 3075 3439 3132 honorabil'e
3454 3089 3588 3128 con-

1927 3203 1969 3260 c
1999 3176 2210 3249 jugium
2232 3187 2288 3231 et
2309 3175 2675 3246 virginitatem
2705 3173 2948 3228 astitisse
2969 3171 3124 3242 juxta
3145 3167 3452 3224 Christum.

2595 3393 2826 3452 CAPUT
2871 3389 2992 3448 XV.

2075 3527 2244 3585 Vens.
2271 3527 2362 3582 57.
2403 3523 2534 3590 Pro,
2559 3538 2748 3578 vocem
2775 3521 3008 3577 validam
3041 3526 3096 3574 et
3149 3513 3363 3572 nullum
3390 3511 3590 3570 mortis

2007 3623 2226 3692 signum
2262 3621 2544 3676 ferentem.
2605 3615 2730 3670 ideo
2751 3624 2808 3668 et
2833 3613 2978 3668 istud
3035 3610 3209 3680 magis
3267 3622 3432 3678 quam
3478 3604 3588 3659 veli

2009 3715 2206 3772 scissio
2229 3712 2605 3768 centurionem
2632 3709 2698 3763 ad
2732 3707 2827 3762 Dei
2853 3706 2906 3760 in
2934 3703 3072 3759 Filio
3098 3701 3427 3772 agnitionem
3459 3711 3592 3768 per-

2015 3807 2190 3861 duxit.
2231 3804 2370 3872 Quid
2418 3817 2548 3858 vero
2597 3798 2890 3857 clamavit?
2930 3797 3067 3852 illud
3102 3804 3292 3850 certe:
3325 3791 3504 3858 Pater,
3533 3790 3592 3844 in

2015 3913 2204 3953 mariue
2241 3905 2364 3952 tuas
2394 3894 2698 3952 commendo
2729 3891 2974 3964 spiritum
3005 3903 3200 3944 nicum.

343 4175 3498 4206 .__________________‘___________________________________.

1283 4341 1925 4478 ΣΧΟΛΙΑ
1985 4337 2640 4474 ΠΑΛΑΙΑ

1014 4586 1185 4672 ΕΙΣ
1255 4583 1962 4672 ΕΥΑΓΓΕΛΙΟΝ
2034 4583 2336 4672 ΚΑΤΑ
2405 4579 2903 4669 ΛΟΥΚΑΝ.

1227 4943 1840 5059 SCHOLIA
1929 4943 2076 5056 IN
2158 4939 2692 5058 LUCAM.

815 5191 907 5252 (Ex
942 5191 1158 5251 antiquis
1177 5159 1478 5236 membranis
1503 5183 1822 5235 bibliothecae
1841 5183 2110 5236 Vaticana.
2137 5185 2232 5236 Mn
2255 5181 2412 5234 Class.
2435 5186 2595 5244 Λυσι,
2621 5188 2741 5232 tom.
2778 5181 2858 5243 IX,
2887 5195 2938 5246 p.
2973 5181 3108 5246 431.)

746 5495 1142 5551 ΚΕΦΛΛΔΙΟΝ
1181 5495 1481 5551 ΠΡΩΤΟΝ.

411 5625 630 5697 Ἐπειδὴ
652 5625 837 5680 πολλοὶ
860 5625 1226 5698 ἐπεχείρησαν
1251 5623 1624 5691 ἀνατάξασθαι
1653 5624 1907 5695 διήγησιν

321 5718 452 5772 ἀντὶ
476 5717 594 5780 τοῦ,
629 5719 711 5772 ὅτι
735 5718 903 5790 χωρὶς
930 5717 1268 5789 χαρίσματος
1322 5712 1485 5788 ἦλθον
1514 5718 1593 5779 εἰς
1631 5715 1730 5787 τὴν
1771 5718 1904 5769 ἀνα·

337 5809 551 5879 {patth
571 5809 664 5864 τοῦ
693 5810 1027 5880 Εὑαγγελίου
1049 5826 1064 5842 ο
1125 5807 1176 5862 τί
1217 5807 1310 5864 οὖν
1355 5813 1501 5865 ἐστιν
1549 5807 1576 5862 ὃ
1612 5805 1793 5876 Mysi;
1827 5806 1900 5860 Τὸ

2509 5485 2743 5545 CAPUT
2778 5485 3078 5544 PRIMUM.

2091 5619 2255 5674 Vens.
2305 5617 2356 5671 l.
2417 5615 2688 5682 Quoniam
2751 5615 2908 5670 multi
2939 5615 3118 5670 conati
3179 5623 3310 5670 sunt
3335 5615 3592 5672 ordinare

2013 5712 2404 5775 narrationem,
2423 5723 2542 5778 pro,
2565 5723 2690 5762 cum
2715 5709 2834 5762 sine
2855 5708 2999 5763 dono
3025 5707 3210 5778 gratia:
3243 5715 3600 5772 accesserunt

2007 5825 2037 5862 a
2060 5809 2078 5860 lt
2103 5805 2454 5876 scriptionem
2478 5800 2754 5873 Evangelii
2783 5801 2945 5872 :quid
2970 5809 3054 5857 est
3071 5801 3239 5873 igitur
3268 5803 3414 5872 quod
3435 5799 3592 5857 dicit?
