4026 6410
504 364 639 428 ἱίῖ9

1215 334 1610 430 ὸΡυερυιΑ
1652 368 2090 430 SCRII‘TURIE

2199 369 2284 428 CA
2327 369 2678 431 INCERTE
2724 369 3032 430 ιΕΤΑΤΙΞ.

3649 365 3776 436 1130

498 470 630 539 illud
668 486 758 540 cui
792 484 982 540 titulus
1007 495 1089 541 est
1115 485 1182 540 ad
1214 487 1500 558 Egyptios
1529 485 1904 557 Evangelium,
1927 496 1981 542 et
2005 487 2090 542 cui

2199 488 2684 558 ἐπιγεγραμμένον
2727 486 2871 540 κατὰ
2927 485 3261 553 Αἰγυπτίους
3305 487 3662 556 Εύαγγέλιον,
3689 493 3776 545 καὶ

501 580 693 634 titulus
721 578 1072 649 Evangelinm
1106 579 1392 634 duodecim
1439 581 1680 634 scribere
1712 581 1889 634 c0nati
1937 589 2086 646 sunt,

510 659 604 726 sed
639 671 971 726 mendaciter
993 673 1095 726 sub
1143 673 1376 726 aliorum
1433 674 1673 726 nomine.
1733 672 2091 744 Evangelista:

499 749 642 833 enim
675 778 780 816 non
809 763 987 816 conati
1022 773 1168 828 sunt,
1203 779 1301 817 nec
1361 765 1678 832 imperfecta
1727 767 2088 835 reliquerunt,

499 853 606 907 non
636 855 927 908 scribendo
965 855 1136 920 bene;
1164 857 1501 924 scripserunt
1546 858 1691 911 enim
1727 874 1789 912 ex
1817 859 2085 914 veritate:

498 947 625 1014 quia
660 947 804 1012 quod
833 947 963 1000 dicit
988 945 1208 1011 Paulus,
1241 948 1407 1017 Cujus
1431 948 1550 1004 laus
1573 958 1649 1002 est
1684 965 1750 1004 ea:
1777 948 2088 1020 Evangelia,

498 1035 700 1090 Lucam
732 1039 982 1108 designat
1010 1049 1065 1093 ut
1103 1041 1440 1108 apostolum.

573 1127 733 1183 Vsus.
768 1129 820 1183 5.
856 1129 995 1195 Quid
1035 1131 1187 1194 dicit,
1213 1131 1256 1186 E
1284 1131 1401 1185 vice
1432 1131 1606 1184 Abia?
1631 1129 1768 1198 Quia
1797 1132 1908 1187 duo
1936 1141 2093 1188 erant

430 1239 440 1248 ·
497 1221 722 1278 alternis
770 1223 984 1279 vicibus
1053 1223 1316 1280 facientes
1382 1225 1670 1293 litnrgiam
1751 1226 2087 1291 sacerdotes,

489 1313 688 1376 Abias,
719 1322 773 1367 et
804 1312 1122 1370 Zacharias.
1159 1315 1296 1369 Cum
1327 1315 1493 1385 igitur
1523 1315 1624 1370 iste
1665 1317 2090 1382 ministraverat,

495 1417 626 1485 post
660 1407 808 1461 illum
844 1407 1142 1474 ministrat,
1175 1409 1377 1478 inquit,
1410 1407 1728 1464 Zacharias.
1759 1412 1939 1465 Primo
1965 1412 2092 1479 qui-

495 1499 619 1552 dem
653 1507 880 1567 aspectu
913 1499 1263 1554 sacerdotem
1310 1508 1500 1562 terret,
1549 1509 1608 1554 nt
1660 1501 2092 1571 circumspectus

496 1588 672 1658 magis
706 1589 810 1644 hoc
836 1599 1046 1645 terrore
1075 1590 1255 1645 factus
1309 1591 1537 1660 recipiat
1591 1591 1838 1646 Letanter
1889 1604 2093 1664 mystc-

496 1679 664 1734 rium.
705 1680 846 1746 Quid
879 1688 962 1735 est
1003 1679 1329 1734 hoc?dix.-it:
1356 1697 1499 1751 smpe
1530 1681 1778 1738 victimas
1814 1683 2092 1740 adducens

499 1771 753 1840 angelum
793 1787 901 1826 non
935 1772 1214 1826 videram?
1254 1773 1437 1828 Aaron
1497 1774 1706 1844 primus
1739 1776 2087 1830 sacerdotum

497 1863 756 1933 princeps
784 1880 891 1917 non
917 1864 1050 1919 vidit
1076 1866 1353 1935 ang-lum,
1401 1881 1526 1921 cum
1600 1867 1825 1921 intraret
1872 1867 1925 1921 in
1959 1869 2098 1922 San—

498 1961 672 2016 ctum,
708 1971 882 2026 neque
948 1954 1182 2012 Josedrc
1263 1973 1495 2028 magnus
1555 1958 1644 2012 ille
1695 1959 1974 2014 sacerdos.
2041 1959 2097 2012 ln

497 2048 774 2102 anxietate
858 2049 1024 2117 igitur
1089 2049 1355 2105 Zacharia
1445 2062 1686 2112 versato.
1761 2060 1817 2106 et
1897 2067 2098 2122 magno

497 2140 696 2194 timore
718 2141 1029 2209 perterrito,
1062 2141 1307 2211 ignotum
1351 2143 1499 2197 enim
1560 2143 1780 2196 interim
1811 2154 1932 2199 erat
1963 2161 2094 2214 pro-

496 2229 737 2299 positum
788 2233 1174 2300 apparitionis,
1210 2247 1400 2288 vocem
1447 2232 1636 2302 dirigit
1680 2233 1901 2288 Gabriel
1942 2252 2101 2290 secu-

495 2319 714 2373 ritatem
776 2319 851 2374 illi
907 2334 1202 2389 prmstans.
1269 2322 1416 2376 Dixit
1465 2331 1646 2376 autem
1699 2323 1773 2378 illi
1826 2327 2098 2395 angelus:

497 2407 586 2466 Ne
627 2413 839 2476 timeas,
874 2412 1162 2470 Zuckaria.
1188 2414 1371 2470 Primo
1403 2416 1624 2486 quidem
1677 2419 1798 2488 ejus
1847 2423 2096 2476 timorem

494 2513 738 2566 amovet,
771 2514 829 2559 ut
866 2506 1054 2560 animo
1092 2522 1200 2561 non
1247 2509 1466 2563 turbato
1509 2509 1690 2580 angeli
1727 2513 1892 2567 verba
1941 2514 2097 2569 exci-

493 2595 631 2665 piat.
668 2593 738 2650 Ut
762 2598 908 2650 enim
950 2597 1004 2652 in
1053 2601 1315 2669 agitatam
1369 2603 1573 2659 undam
1630 2620 1736 2660 non
1793 2605 1920 2661 licet
1957 2607 2097 2663 visui

495 2696 814 2758 penetrare,
843 2691 915 2744 ita
947 2691 1140 2748 timore
1183 2695 1396 2749 turbata
1429 2712 1586 2754 mens
1621 2713 1726 2752 non
1792 2713 1962 2768 capax
2015 2708 2102 2755 est

495 2779 802 2846 accipiendi
854 2781 1158 2836 doctrinam
1227 2785 1417 2852 ullam,
1459 2787 1702 2858 quandiu
1754 2789 1949 2845 timore
1990 2807 2097 2845 non

494 2869 678 2925 soluta
725 2881 830 2928 est.
865 2872 992 2928 Ideo
1041 2875 1256 2942 dixit_ei
1293 2895 1307 2931 :
1356 2877 1816 2945 Netimeasmon
1847 2884 2006 2938 venio
2030 2885 2098 2939 ad

496 2969 554 3017 te
583 2960 766 3018 ferens
788 2964 1076 3021 molestum
1123 2971 1398 3037 nuntium,
1424 2988 1532 3027 non
1567 2974 1746 3028 minas
1787 2975 1842 3030 in
1883 2985 2096 3044 gentem

494 3054 803 3125 proferens,
821 3073 930 3114 non
965 3067 1022 3114 ut
1044 3058 1262 3118 Samuel
1286 3062 1424 3128 Heli,
1445 3066 1735 3123 sacerdotii
1758 3068 2091 3126 oblationem

493 3159 780 3202 unnttans.

565 3234 734 3291 Vens.
771 3239 859 3293 11.
891 3239 1003 3294 Cur
1036 3256 1065 3295 a
1095 3240 1303 3298 dextris
1332 3244 1524 3298 altaris
1561 3245 1772 3303 incensi
1812 3250 1961 3305 stetit
1988 3266 2091 3306 an-

493 3328 685 3397 gelus?
713 3330 842 3398 quia
879 3331 1132 3385 dextrum
1176 3335 1427 3389 nuntium
1462 3336 1696 3394 aﬂ‘erens
1727 3341 1937 3396 aderat.
1975 3342 2088 3397 Cur

491 3417 662 3473 dicit:
691 3419 896 3474 Altaris
925 3421 1166 3476 incensi?
1199 3425 1334 3490 Quia
1370 3436 1489 3481 crat
1520 3429 1689 3484 etiam
1722 3431 1957 3486 alterum
2002 3432 2088 3486 al-

494 3517 623 3566 tare
654 3525 859 3565 aereum
899 3511 1258 3567 oblationum.

567 3693 738 3752 Vsus.
769 3698 855 3752 15.
886 3696 1150 3764 Quaenam
1183 3707 1269 3754 est
1293 3700 1603 3756 connexio?
1630 3699 1737 3754 Pro
1766 3701 1970 3771 p0pulo
1995 3703 2090 3759 de-

493 3791 739 3862 precanti
774 3789 1078 3854 Zachariaz,
1112 3793 1340 3861 angelus
1368 3793 1502 3847 dicit
1536 3812 1550 3848 :
1583 3793 1854 3859 Exandila
1875 3805 1960 3850 est
1989 3798 2088 3852 de-

493 3882 744 3952 precatio
775 3893 984 3948 tna;et
1018 3885 1084 3938 de
1124 3901 1235 3954 quo
1262 3885 1393 3942 dicit
1425 3900 1440 3939 :
1482 3885 1667 3942 Paries
1715 3888 1927 3942 lilium?
1959 3889 2088 3958 quia

495 3972 737 4031 Joannes
757 3975 989 4031 debebat
1011 3977 1300 4032 ostendere
1320 3978 1602 4034 Christum
1620 3981 1842 4051 p0pulo,
1863 3982 2084 4036 dicens:

497 4063 634 4119 Ecce
673 4068 852 4136 Agnus
909 4065 1025 4129 Dei,
1076 4068 1169 4136 qui
1216 4067 1354 4121 tollit
1384 4080 1656 4138 peccatum
1709 4072 1917 4137 mundi,
1953 4073 2088 4128 illud

495 4156 667 4230 igitur
698 4174 827 4229 erga
863 4161 1128 4230 populum
1163 4161 1372 4216 dictum
1407 4172 1514 4218 est.

564 4340 732 4399 Vens.
778 4343 866 4398 17.
898 4345 1038 4410 Quid
1081 4355 1166 4401 est
1202 4364 1216 4401 :
1255 4345 1323 4400 In
1349 4348 1542 4416 spiritu
1589 4359 1638 4403 et
1672 4350 1868 4404 virtute
1905 4349 2091 4406 Elite?

495 4428 563 4486 In
585 4434 806 4503 spiritu,
827 4435 1073 4504 quidem,
1098 4437 1241 4504 quod
1265 4437 1520 4493 eumdem
1548 4439 1812 4508 Spiritum
1834 4451 2086 4495 sanctum

2193 580 2253 632 τὸ
2278 580 2764 650 ἐπιγεγραμμένον
2792 579 2901 632 τῶν
2937 579 3157 632 Δώδεκα
3190 581 3517 648 Εὑαγγέλιον
3540 584 3779 656 ἀναγρά-

2191 669 2394 738 ψαντες
2419 669 2810 740 ἐπεχείρησαν,
2838 670 2976 724 ἀλλὰ
3009 670 3222 738 ψευδῶς
3255 673 3335 734 είς
3370 671 3547 725 ἄλλων
3588 674 3774 745 ὄνομα.

2193 761 2257 814 Oi
2280 761 2335 813 δὲ
2379 761 2774 828 εύαγγελισταὶ
2818 760 2920 813 ούκ
2968 761 3338 831 ἐπεχείρησαν
3386 763 3480 813 καὶ
3513 762 3778 818 ἀτέλεστα

2194 853 2506 917 κατέλιπον,
2539 853 2628 906 διὰ
2658 853 2718 906 τὸ
2756 852 2830 923 μὴ
2881 852 3066 915 καλῶς
3113 853 3345 924 γράψαιο
3383 854 3638 923 ἔγραψαν
3675 857 3778 925 γὰρ

2193 945 2430 1015 ἀληθῶς,
2479 946 2562 999 ὅτι
2591 945 2620 998 6
2660 945 2809 1012 λέγει
2842 949 2869 998 6
2900 944 3134 1009 Παῦλος.
3160 942 3244 1001 Οὗ
3265 949 3298 998 d
3319 946 3568 1011 ἔπαινος
3622 946 3692 1000 ἐκ
3718 945 3777 1016 ll.

2191 1037 2283 1109 ἐν]
2307 1036 2384 1103 τῷ
2413 1037 2876 1106 Εὑατγελίφπὸν
2905 1039 3122 1090 Δουκᾶν
3148 1038 3299 1106 λέγει
3329 1039 3421 1091 τὸν
3455 1039 3778 1094 ἀπόστολον.

2263 1131 2328 1182 Τί
2368 1131 2514 1197 λέγει
2539 1129 2597 1194 ἐξ
2621 1130 2929 1200 ἐφημερίας
2975 1130 3162 1197 Ἀὀιά;
3197 1132 3319 1185 Ὅτι
3348 1131 3442 1184 δύο
3471 1127 3619 1202 ἦσαν
3641 1131 3782 1185 κατὰ

2194 1224 2450 1295 διαδοχὴν
2480 1227 2646 1296 ἱερεῖς
2679 1225 2778 1297 τὴν
2803 1225 3154 1296 λειτουργίαν
3197 1225 3499 1290 ποιοῦντες,
3529 1229 3560 1280 6
3603 1226 3778 1290 Ἀσιὰ,

2196 1315 2289 1366 καὶ
2316 1315 2344 1366 6
2371 1315 2666 1385 Ζαχαρίας.
2708 1315 2862 1368 Ἐπεὶ
2879 1311 2973 1370 οῦν
2997 1316 3208 1380 ἐκεῖνος
3231 1316 3626 1388 ὲλειτούργησε
3661 1318 3776 1387 μετ’

2195 1407 2404 1459 ἐκεῖνον
2428 1407 2760 1478 λειτουργεϊ,
2791 1407 2948 1477 φησὶ,
2987 1407 3284 1479 Ζαχαρίας.
3314 1409 3535 1478 Πρῶτον
3572 1409 3678 1478 μὲν
3703 1409 3780 1474 τῷ

2196 1498 2440 1568 σχήματι
2469 1499 2561 1550 τὸν
2595 1498 2747 1570 ἱερέα
2799 1498 2976 1566 φοὸεῐ,
3025 1499 3094 1552 ἵν’
3139 1499 3534 1571 εύλαδέστερος
3575 1501 3783 1563 ἐκεῖνος

2192 1589 2272 1659 τῷ
2313 1590 2466 1662 φόϐῳ
2499 1591 2817 1661 γενόμενος,
2843 1591 3067 1662 δέξηται
3101 1592 3420 1664 περιχαρῶς
3451 1593 3514 1645 τὸ
3569 1595 3781 1664 μυστή-

2196 1700 2333 1754 ριον.
2365 1684 2432 1737 Τί
2473 1683 2628 1738 τοῦτο
2655 1684 2798 1756 γάρ;
2839 1685 2976 1756 φησί
3010 1699 3027 1718 ο
3069 1685 3333 1749 πολλάκις
3379 1685 3576 1749 θυσίας
3616 1703 3786 1754 προσ-

2202 1775 2432 1844 αγαγὼν
2457 1776 2690 1845 ἄγγελον
2717 1777 2817 1830 ούκ
2844 1778 3305 1848 ἐθεασάμηνοούκ
3339 1777 3555 1849 ’Λαρὼν
3578 1781 3607 1831 6
3637 1778 3783 1847 πρῶ-

2203 1887 2293 1932 τος
2315 1870 2606 1940 ἀρχιερεὺς
2647 1869 2880 1938 ἄγγελον
2911 1866 3052 1926 εἶδεν
3088 1873 3170 1932 εἰς
3208 1872 3300 1924 τὸν
3335 1871 3464 1924 ναὸν
3501 1869 3782 1932 εἰσελθὼν,

2204 1959 2304 2012 οὐκ
2347 1960 2594 2013 Ἰωσεδὲκ
2619 1962 2648 2012 6
2694 1961 2873 2030 ἱερεὺς
2902 1962 2931 2013 6
2976 1961 3172 2030 μέγας.
3225 1961 3316 2013 Ἐν
3345 1961 3577 2031 ἀπόροις
3607 1961 3784 2014 τοίνυν

2204 2049 2502 2119 ὑπάρχοντι
2525 2049 2602 2120 τῷ
2634 2050 2901 2121 Ζαχαρία,
2940 2050 3035 2103 καὶ
3067 2051 3221 2121 φόϐῳ
3255 2051 3438 2122 πολλῷ
3475 2052 3782 2122 κατεχομέ-

2201 2159 2277 2212 νῳ
2306 2141 2522 2212 (ἄδηλος
2545 2143 2656 2214 γὰρ
2685 2143 2821 2206 τέως
2868 2145 2897 2196 6
2925 2145 3129 2207 σκοπὸς
3160 2144 3260 2214 τῆς
3285 2143 3464 2213 ὖψεως
3500 2140 3616 2214 ἦν),
3656 2144 3784 2214 ῥήσ-

2204 2249 2286 2284 σει
2320 2232 2504 2302 φωνὴν
2523 2234 2662 2302 πρὸς
2683 2233 2847 2286 αὑτὸν
2863 2235 2890 2287 ὁ
2911 2233 3156 2303 Γαὸριὴλ
3174 2235 3540 2305 χειραγωγῶν
3561 2232 3781 2303 ἀφοϐίᾳο

2201 2324 2355 2380 εἶπεν
2379 2327 2436 2380 δὲ
2467 2327 2606 2397 πρὸς
2634 2327 2798 2382 αὑτὸν
2829 2327 3084 2396 ἄγγελος·
3117 2327 3213 2396 Μὴ
3252 2328 3466 2396 φοϐοῦ,
3495 2329 3781 2397 Ζαχαρία.

2203 2420 2431 2488 Πρῶτον
2487 2421 2586 2490 μὲν
2616 2419 2784 2474 αὐτοῦ
2816 2421 3026 2474 διαλύει
3054 2421 3145 2474 τὸν
3185 2421 3374 2489 φόϐον,
3411 2421 3479 2474 ἶν’
3525 2419 3785 2491 ἀταράχῳ

2200 2517 2268 2583 τῇ
2297 2512 2444 2584 ψυχῇ
2490 2513 2590 2584 τὴν
2625 2513 2888 2582 ἀγγελίαν
2925 2513 3255 2584 είσδέξηται.
3288 2514 3502 2586 Ὥσπερ
3544 2515 3658 2585 γὰρ
3696 2513 3784 2567 ἐπὶ

2203 2605 2554 2676 σαλευομένῳ
2606 2605 2761 2659 ὕδατι
2810 2606 2912 2659 οὐκ
2966 2605 3174 2665 ἔνεστιν
3223 2606 3469 2676 ἀκριϐῶς
3510 2607 3616 2678 τὴν
3665 2607 3782 2675 ὄψιν

2201 2697 2641 2770 ὲνοπτρίζεσοαι,
2692 2698 2868 2763 οὕτως
2915 2699 3068 2770 φόϐῳ
3101 2700 3440 2770 σαλευομένη
3487 2699 3658 2771 ψυχὴ,
3690 2699 3782 2768 οὐχ

2201 2793 2289 2845 οἵα
2319 2809 2379 2846 τε
2408 2790 2666 2856 δέξασθαι
2701 2792 3053 2847 διδασκαλίαν
3076 2793 3199 2848 τινὰ
3228 2793 3304 2864 μὴ
3339 2793 3680 2863 καθαρθεῖσα
3710 2792 3783 2862 τῷ

2203 2885 2356 2954 φόὸῳ
2380 2901 2393 2915 ·
2424 2885 2513 2938 διὰ
2544 2883 2701 2938 τοῦτο
2755 2882 2878 2938 εἶπε
2915 2885 3053 2956 πρὸς
3095 2885 3278 2938 αὐτόν·
3307 2885 3627 2957 Μὴιςροόοῦ
3648 2904 3661 2915 ·
3689 2886 3780 2953 οὐχ

2200 2979 2321 3048 ἥκω
2357 2994 2441 3030 σοι
2489 2978 2672 3047 φέρων
2702 2977 2956 3050 λυπηρὰν
3004 2978 3356 3046 ἀναγγελίαν,
3401 2979 3503 3032 οὐκ
3554 2978 3780 3046 ἀπειλὴν

2201 3070 2342 3123 κατά
2367 3069 2461 3122 τοῦ
2502 3069 2690 3133 ἔθνους
2715 3071 2982 3139 κομίζων,
3018 3071 3116 3141 οὐχ
3144 3071 3334 3142 ὥσπερ
3367 3073 3396 3126 6
3424 3071 3684 3142 Σαμουὴλ
3708 3068 3783 3140 τῷ

2125 3175 2169 3234 ο
2214 3163 2372 3234 Ἠλίᾳ
2394 3163 2708 3234 ἀνατροπὴν
2739 3161 3039 3234 ἱερωσύνης
3069 3163 3315 3234 μηνύων.

2267 3254 2366 3306 Διὰ
2419 3253 2472 3305 τί
2515 3255 2580 3305 ἐκ
2638 3252 2830 3318 δεξιῶν
2878 3252 2974 3306 τοῦ
3026 3253 3423 3324 θυσιαστηρίου
3471 3253 3716 3320 εἱστήκει
3751 3253 3777 3304 6

2191 3346 2465 3414 ἄγγελος;
2516 3347 2639 3398 Ὅτι
2678 3345 2850 3410 δεξιὸν
2889 3346 3116 3416 μήνυμα
3149 3345 3394 3414 κομίζων
3439 3345 3649 3414 παρῆν.
3683 3344 3776 3395 Διὶ

2191 3441 2245 3492 τί
2301 3433 2479 3502 εἶπεν,
2538 3437 2651 3491 Τοῦ
2713 3437 3154 3504 θυσιαστηρίου
3207 3437 3316 3490 τοῦ
3381 3437 3776 3506 θυμιάματος;

2203 3530 2430 3599 Ἐπειδὴ
2461 3525 2530 3599 ἦν
2565 3527 2662 3580 καὶ
2706 3526 2895 3598 ἕτερον
2948 3525 3186 3597 χαλκοῦν
3243 3525 3638 3596 Θυσιαστήριον
3671 3523 3777 3576 τῶν

2193 3640 2262 3676 κα
2271 3623 2608 3694 ρπωμάτων.

2266 3715 2401 3768 Ποία
2430 3714 2579 3767 ἐστὶν
2609 3713 2924 3778 ἀκολουθία,
2963 3713 3046 3766 ὅτι
3087 3711 3226 3782 ὑπὲρ
3253 3708 3348 3764 τοῦ
3371 3706 3504 3764 λαοῦ
3533 3724 3776 3780 παρακα-

2191 3803 2415 3867 λοῦντος
2462 3806 2758 3876 Ζαχαρίου,
2813 3802 3240 3873 είσακουσθῆναί
3292 3819 3428 3872 φησι
3455 3801 3555 3872 τὴν
3600 3797 3777 3868 δέησίν

2194 3916 2288 3951 σου
2345 3900 2372 3951 6
2400 3898 2672 3966 ἄγγελος;
2731 3900 2828 3951 καὶ
2876 3900 3005 3966 περὶ
3045 3897 3190 3957 τίνος
3226 3892 3402 3948 εἶπεν’
3462 3893 3574 3948 Καί
3602 3892 3769 3959 λήψῃ

2203 3991 2341 4043 Υἱόν
2365 4006 2385 4055 ;
2424 3989 2651 4060 Ἐπειδὴ
2681 3989 2708 4040 6
2747 3989 3002 4058 Ἰωάννης
3034 3986 3226 4058 ἔμελλε
3261 3985 3530 4038 δεικνύειν
3560 3984 3639 4055 τῷ
3668 3979 3775 4047 λαῷ

2190 4081 2282 4134 τὸν
2315 4082 2551 4151 Χριστὸν
2575 4081 2776 4147 λέγων,
2807 4078 2934 4132 Ἴδε
2955 4082 2987 4133 ὀ
3006 4077 3197 4146 ἀμνὸς
3223 4075 3329 4130 τοῦ
3359 4075 3506 4129 Θεοῦ
3529 4078 3563 4127 ό
3599 4074 3774 4142 ατρων

2191 4172 2307 4240 τὴν
2355 4171 2654 4240 ἁμαρτίαν
2703 4169 2810 4224 τοῦ
2851 4171 3131 4240 κόσμου·
3157 4167 3299 4238 ὑπὲρ
3336 4166 3432 4220 τοῦ
3489 4164 3620 4218 λαοῦ
3671 4163 3773 4232 ἄρα

2191 4265 2350 4318 τοῦτό
2388 4267 2557 4318 ἐστιν.

2266 4356 2332 4408 Τί
2362 4357 2481 4408 ἐστι
2525 4354 2609 4416 τὸ,
2650 4354 2753 4407 Ἐν
2781 4351 3075 4420 πνεύματι
3101 4349 3199 4402 καί
3244 4344 3499 4416 δυνάμει
3533 4341 3772 4404 Ἠ.ίιοῦ;

2191 4448 2266 4500 Τὸ
2304 4447 2426 4517 μὲν,
2465 4447 2561 4498 Ἐν
2589 4445 2905 4513 πνεύματι,
2956 4443 3038 4494 ὅτι
3075 4441 3134 4494 τὸ
3183 4439 3316 4492 αὐτὸ
3360 4439 3516 4504 ἆγιον
3551 4436 3769 4505 Πνεῦμα

495 4524 721 4581 habebit
759 4541 823 4580 ac
853 4525 1030 4593 Elias;
1075 4526 1139 4581 In
1171 4531 1361 4583 virtute
1408 4542 1618 4594 autem,
1653 4543 1878 4602 propter
1923 4536 2084 4590 mini-

2199 4537 2305 4602 ἔξει
2335 4538 2429 4594 καὶ
2457 4537 2486 4590 6
2524 4535 2730 4600 Ἠλίας·
2763 4535 2822 4588 τὸ
2855 4533 2935 4598 δὲ,
2988 4533 3092 4587 Ἐν
3128 4530 3402 4600 δυνάμει,
3435 4529 3524 4582 διὰ
3565 4528 3624 4580 τὸ
3683 4525 3768 4595 μέο

495 4615 1122 4684 steriimagnitudinem.
1145 4618 1280 4672 Nam
1305 4620 1528 4674 secundi
1554 4621 1780 4689 quidem
1808 4623 2082 4680 adventus

495 4707 648 4762 Elias
679 4725 860 4778 praeco
880 4710 1008 4772 erit,
1033 4709 1276 4765 Joannes
1303 4729 1433 4766 vero
1465 4715 1659 4783 primi;
1687 4715 1768 4769 vel
1801 4718 1867 4771 de
1898 4719 2090 4773 volun-

498 4807 610 4854 tate
634 4809 688 4854 ct
720 4801 984 4869 prodigiis
1015 4803 1146 4857 Elia:
1176 4804 1408 4874 intelligi
1435 4805 1600 4860 etiam
1635 4819 1835 4874 potest,
1865 4821 1920 4864 nt
1942 4813 2090 4867 arbi-

494 4901 633 4948 tror.
665 4894 953 4959 Quomodo
974 4896 1384 4966 intelligendum
1409 4898 1542 4956 illud
1573 4918 1586 4953 :
1617 4900 1888 4957 Convertet
1920 4906 2086 4960 corda

492 4995 707 5054 patrum
767 4987 822 5039 in
873 4987 1057 5055 ﬁlios?
1119 4989 1290 5044 Filios
1355 4993 1640 5062 apostolos
1692 4994 1846 5060 dicit,
1905 5008 2088 5067 patres

496 5091 680 5134 autem
711 5079 961 5145 Judatos;
995 5092 1280 5138 convertet
1305 5083 1469 5153 igitur
1499 5083 1718 5141 Judmos
1745 5086 1813 5140 ad
1850 5097 2075 5157 apostoo

493 5171 670 5225 lorum
710 5172 1176 5241 praedicationem.
1229 5175 1333 5241 Qui
1385 5181 1531 5234 enim
1587 5177 1655 5232 de
1709 5179 1930 5235 Christo
1983 5182 2090 5236 tale

497 5269 874 5322 testimonium
901 5271 1204 5338 perhibuit,
1235 5273 1524 5341 conjunxit
1556 5273 1746 5327 eodem
1773 5273 2089 5328 testimonio

495 5357 704 5414 Citriin
755 5361 1082 5430 discipulos,
1133 5372 1189 5416 et
1233 5378 1300 5418 ex
1354 5364 1456 5419 hoc
1507 5365 1614 5418 illis
1661 5365 2086 5421 credibilitatem

497 5455 767 5517 asseruit;
811 5455 890 5509 sic
920 5455 1089 5523 enim,
1141 5454 1456 5511 Inrredulos
1497 5458 1566 5510 ad
1598 5457 1938 5526 prudentium
1991 5457 2090 5526 jn-

499 5554 725 5611 uorum,
757 5546 1167 5618 intelligendum
1200 5557 1306 5605 est.

571 5725 744 5782 Vens.
780 5728 870 5784 20.
906 5729 1081 5797 Quam
1115 5733 1186 5785 oh
1233 5749 1454 5788 causam
1493 5735 1793 5790 Zacharias
1827 5734 2091 5789 hmsitans

501 5817 875 5888 reprehensus
938 5832 1075 5887 est;
1139 5821 1300 5893 Virgo
1379 5841 1508 5880 vero
1595 5825 1855 5882 lul‘silans
1924 5825 2088 5879 etiam

2194 4623 2356 4692 γεθος
2415 4622 2514 4692 τῆς
2577 4623 2877 4684 διακονίας·
2934 4621 2964 4672 6
3014 4622 3112 4690 μὲν
3168 4620 3277 4691 γὰρ
3325 4621 3424 4688 τῆς
3456 4618 3713 4688 δευτέρας
3743 4615 3769 4664 ό

2207 4717 2391 4780 ἸΙλίας
2423 4717 2730 4787 παρουσίας
2764 4716 2918 4768 ἔσται
2968 4713 3167 4785 κῆρυξ,
3201 4713 3230 4764 ὁ
3287 4710 3540 4781 Ἰωάννης
3572 4709 3627 4762 δὲ
3679 4708 3768 4775 τῆς

2193 4808 2444 4879 πρώτηςο
2475 4809 2509 4878 ἢ
2544 4809 2602 4862 τὸ
2655 4810 2713 4861 ὲν
2758 4808 3084 4878 προαιρέσει
3148 4804 3330 4858 ἸΙλιοῦ
3387 4804 3484 4858 καὶ
3534 4801 3768 4873 θαύμασι

2194 4900 2487 4968 νοήσομεν,
2517 4898 2593 4962 ὡς
2627 4897 2892 4969 ἠγοῦμαι.
2942 4898 3065 4960 Πῶς
3105 4894 3325 4964 νοητέον
3354 4893 3437 4956 τὸ,
3476 4886 3801 4958 Ἐπιστρέο·

2194 4990 2307 5055 ψαι
2356 4987 2608 5054 καρδίας
2676 4986 2950 5055 πατέρων
2991 4987 3086 5039 ἐπὶ
3135 4985 3354 5050 τέκνα;
3412 4983 3590 5036 Τέκνα
3651 4980 3768 5039 τοὺς

2193 5077 2526 5142 ἀποστόλους
2555 5078 2728 5146 λέγει,
2757 5079 3002 5150 πατέρας
3031 5079 3086 5131 δὲ
3104 5079 3232 5140 τοὺς
3269 5075 3583 5138 Ἰουδαίους.
3625 5073 3765 5127 Ἑπιο

2196 5170 2420 5239 στρέψει
2459 5167 2553 5224 οὖν
2579 5161 2722 5234 τοὺς⁶
2746 5171 3036 5226 Ἰουδαίους
3063 5173 3144 5234 εἰς
3172 5169 3274 5240 τὴν
3324 5169 3434 5221 τῶν
3464 5165 3767 5221 ἀποστόλων

2192 5264 2563 5318 διδασκαλίαν.
2619 5263 2676 5316 ’0
2700 5265 2810 5334 γὰρ
2850 5263 2979 5334 περὶ
3003 5262 3240 5331 Χριστοῦ
3295 5260 3522 5314 τοιαῦτα
3564 5275 3765 5329 μαρτυ-

2143 5369 2149 5372 “
2195 5357 2389 5428 ρήσας,
2434 5355 2794 5424 συνεισήγαγε
2843 5356 2907 5424 τῇ
2973 5354 3110 5422 αὐτῇ
3169 5351 3446 5422 μαρτυρίᾳ
3497 5350 3590 5402 καὶ
3651 5346 3765 5407 τοὺς

2193 5449 2433 5518 Χριστοῦ
2471 5448 2744 5518 μαθητὰς,
2771 5448 2866 5500 καὶ
2895 5446 2956 5500 τὸ
2986 5445 3299 5510 ἀξιόπιστον
3338 5444 3522 5506 αὐτοῖς
3561 5443 3623 5495 ὲκ
3649 5439 3763 5495 τού·

2191 5559 2286 5594 του
2313 5539 2741 5594 κατεσκεύασενο
2766 5537 2940 5599 οὕτως
2969 5537 3024 5589 δὲ
3086 5535 3183 5588 καὶ
3214 5534 3295 5599 τὸ,
3339 5532 3659 5603 ᾖΑπειθεῖς
3704 5529 3766 5582 ἐν

2193 5631 2486 5703 φρονήσει
2506 5631 2772 5696 δικαίων,
2795 5629 3143 5701 νοηθήσεται.

2269 5725 2426 5788 Τίνος
2458 5724 2646 5778 ’ένεκεν
2673 5724 2951 5794 Ζαχαρίας
2978 5721 3076 5791 μὲν
3111 5719 3475 5791 ἁμφιῦἀλλων
3508 5711 3757 5783 κατεκρί-

2195 5821 2288 5891 θη,
2325 5818 2598 5890 παρθένος
2659 5816 2717 5871 δὲ
2765 5814 3190 5886 ἁμφιϐάλλουσα
3247 5811 3386 5882 πρὸς
3415 5808 3508 5865 τὸν
3541 5805 3762 5876 ἄγγελον
