4026 6402
250 389 382 455 1181
1341 383 1662 446 SCIIOLIA
1701 383 2000 444 VETERA
2037 381 2122 444 IN
2161 381 2442 444 LUCAM.
3379 369 3520 436 1182

244 503 498 572 οὐδαμῶς
547 501 890 572 κατεκρίθη;
947 501 1082 565 Πῶς
1121 517 1235 569 γαρ
1277 501 1452 553 ἔσται
1487 501 1621 566 μοι’,
1662 500 1824 570 φησι,

1955 499 2160 552 ninime
2243 481 2586 564 reprehensa
2639 487 2760 544 est?
2816 483 3026 556 Angelo
3071 483 3218 538 enim
3289 497 3528 550 respon—

243 597 444 658 τοῦτο,
503 592 632 646 ἐπεὶ
703 593 895 659 ἄνδρα
947 594 1020 646 οὐ
1073 591 1390 660 de-mtto;
1440 591 1506 642 Τί
1561 590 1681 642 ποτ’
1735 590 1828 644 οὖν

1955 591 2062 646 Iit:
2103 588 2380 654 Quomodo
2438 587 2526 655 ﬁet
2577 583 2744 644 istud,
2775 579 3028 651 quoniam
3087 577 3258 630 virum
3301 591 3404 628 non
3429 589 3518 626 co-

1341 383 1662 446 SCIIOLIA
1701 383 2000 444 VETERA
2037 381 2122 444 IN
2161 381 2442 444 LUCAM.

243 689 304 741 1:5
334 680 638 754 παράδοξον
667 681 862 747 τοῦτο;
907 682 996 752 Μὴ
1021 680 1205 734 ἀδικία
1241 681 1398 749 παρὰ
1423 681 1502 749 τῷ
1539 679 1610 732 Θε
1627 678 1694 748 ῷ;
1726 681 1820 751 Μὴ

246 776 492 844 γένοιτοί
541 772 820 842 Ζαχαρίας
881 771 980 840 μὲν
1011 767 1104 824 οὖν
1145 771 1380 833 εἰκότως
1431 770 1602 824 ἔδωκε
1649 771 1830 840 δίκην·

247 869 388 940 ἔχων
429 867 528 938 μὲν
576 865 1008 935 παραδείγματα
1040 866 1274 917 πλεῖστα
1325 863 1418 914 τοῦ
1469 864 1694 934 στείρας
1739 862 1836 916 καὶ

247 957 627 1030 γεγηρακυίας
654 958 856 1020 τεκεῖν,
883 957 1033 1025 ὅμως
1059 957 1138 1020 εἰς
1187 955 1344 1008 οὐδὲν
1385 954 1700 1022 ἀποϐλέψας
1727 954 1838 1009 τῶν

254 1055 542 1124 προτέρων
568 1093 584 1116 ,
617 1053 794 1106 καίτοι
831 1053 1150 1122 νομομαθής
1181 1069 1266 1114 τις
1299 1050 1380 1102 ὣν
1416 1050 1510 1102 καὶ
1541 1049 1633 1102 τὸν
1671 1050 1838 1119 νόμον

251 1145 616 1217 ἐξηγούμενος
648 1147 834 1200 πᾶσιν⁹
875 1145 1044 1218 ἐχρῆν
1091 1145 1199 1214 γὰρ
1249 1143 1414 1198 αὑτὸν
1447 1145 1526 1204 εἰς
1583 1141 1840 1211 Ἀϐραὰμ

253 1237 466 1292 ἀπιδεῖν
497 1238 590 1290 καὶ
617 1236 716 1306 τὴν
760 1237 998 1307 Σὰρῤιν·
1053 1237 1223 1305 ἐχρῆν
1263 1233 1430 1288 αὐτὸν
1459 1231 1839 1302 ἐνθυμηθῆναι

265 1329 588 1384 Ῥεϐέκκαν·
639 1327 810 1399 ἐχρῆν
856 1326 1232 1397 ἐνθυμηθῆναι
1287 1323 1388 1377 τοῦ
1447 1322 1688 1393 Σαμψὼν
1740 1321 1840 1392 τὴν

256 1423 493 1493 μητέρα·
529 1423 696 1493 ἐχρῆν
729 1423 824 1475 τὸν
866 1420 1101 1474 Ἐλκανὰ
1129 1420 1224 1472 καὶ
1249 1417 1350 1488 τὴν
1377 1417 1580 1470 Ἅνναν
1619 1416 1716 1468 καὶ
1750 1414 1842 1468 τὸν

252 1515 421 1568 Δαϐιδ
448 1515 738 1583 ψάλλοντω
804 1513 866 1566 Ὀ
905 1509 1250 1572 κατοικίζων
1273 1509 1528 1577 στεείραν
1558 1508 1628 1560 ἐν
1673 1506 1840 1573 οἴκῳ,

252 1607 484 1680 μητέρα
532 1606 630 1662 ἐπὶ
679 1605 916 1671 τέκνοις
967 1603 1475 1673 εὐφραινομένην.
1527 1599 1628 1652 Διὰ
1679 1599 1842 1652 τοῦτο

259 1702 394 1771 γοῦν
421 1701 516 1756 ἐπὶ⁹
545 1700 648 1771 τῆς
694 1699 942 1769 γλώττης
975 1698 1192 1769 δέχεται
1237 1697 1396 1767 δίκην
1436 1697 1536 1765 τῆς
1579 1693 1748 1765 μηδὲν
1781 1695 1846 1746 ἐκ

255 1799 358 1864 τῆς
385 1793 745 1862 ἀναγνώσεως
773 1791 1152 1861 ὼφεληθείσης
1175 1787 1270 1840 τοῦ
1294 1787 1484 1855 νόμοιν
1517 1787 1551 1855 ἡ
1601 1785 1656 1836 δὲ
1692 1784 1844 1854 Παρ-

1935 699 2122 753 gnosco
2160 679 2342 746 ἔροιο
2371 692 2502 748 ergo
2541 685 2626 732 est
2679 676 2782 728 ista
2829 669 3144 726 auomalia?
3193 681 3376 722 nonne
3427 665 3514 722 in-

1932 776 2148 846 justitia
2205 773 2346 843 apud
2405 767 2635 824 Deum?
2692 766 2900 821 Absit!
2951 762 3247 818 Zacharias
3299 758 3520 828 quidem

1936 881 2066 936 ergo
2091 881 2252 936 poena
2283 862 2576 917 mulctatus
2621 867 2706 913 est
2735 857 2984 922 ;habens
3015 852 3234 924 quidem
3275 848 3520 918 exempla

1939 960 2174 1030 plurima
2221 955 2424 1014 sterilis
2475 965 2530 1008 et
2567 962 2729 1008 aetate
2778 957 3046 1019 provectae
3106 944 3392 1015 parientis,
3433 951 3516 996 ato

1941 1067 2120 1109 tamen
2161 1065 2270 1104 non
2327 1049 2392 1103 ad
2443 1046 2718 1100 anteriora
2774 1052 3020 1111 tempora
3084 1037 3328 1106 respicit,
3387 1036 3516 1088 licet

1942 1145 2076 1214 legis
2102 1141 2312 1211 peritus
2339 1140 2482 1194 sitet
2503 1139 2676 1206 legem
2713 1134 2972 1190 omnibus
2991 1139 3250 1201 exponat.
3281 1127 3489 1198 Oporte

1943 1238 2036 1291 bat
2059 1234 2204 1289 enim
2239 1233 2390 1286 illum
2421 1231 2476 1284 in
2503 1229 2781 1282 Abraham
2815 1227 3090 1296 respicere
3123 1231 3177 1278 et
3207 1222 3262 1275 in
3298 1221 3518 1284 Saram,

1944 1327 2229 1399 oportebat
2256 1321 2536 1378 recordari
2559 1320 2884 1382 Rebeccam,
2919 1314 3207 1385 oportebat
3239 1311 3522 1366 recordari

1949 1420 2181 1472 Samson
2213 1421 2470 1472 matrem.
2493 1409 2692 1465 Elcana
2717 1415 2774 1462 et
2803 1409 3013 1462 Annam
3041 1415 3096 1460 et
3125 1403 3292 1457 David
3323 1417 3528 1458 canen-

1949 1519 2056 1565 tem
2089 1510 2142 1563 in
2169 1505 2428 1569 Psalmis,
2460 1503 2566 1567 Qui
2586 1501 2830 1556 habitare
2849 1499 2983 1568 facit
3007 1497 3242 1552 sterilem
3273 1495 3326 1548 in
3347 1495 3528 1556 domo,

1946 1610 2172 1654 matrem
2203 1599 2260 1652 iu
2291 1596 2432 1666 ﬁlios
2457 1597 2746 1650 latentem.
2777 1589 2858 1646 0b
2883 1604 3002 1644 eam
3025 1587 3192 1658 igitur
3215 1601 3438 1641 causam
3471 1585 3528 1638 in

1949 1695 2132 1763 lingua
2170 1704 2387 1760 poenam
2417 1687 2632 1754 recipit,
2668 1683 2815 1754 quod
2852 1681 3056 1736 nullam
3092 1694 3124 1734 e
3163 1677 3298 1746 legis
3335 1677 3530 1746 cogni-

1950 1787 2098 1840 tione
2143 1783 2430 1836 utilitatem
2471 1777 2740 1833 retulerit.
2795 1775 2962 1844 Virgo
3009 1779 3194 1828 autem
3250 1769 3531 1831 haesitans,

257 1851 414 1950 θένος
438 1851 878 1955 ἀμὶφισάλλὸυσέι,
929 1851 1227 1951 ϐἰκηκθρύκ
1259 1851 1452 1943 ἔδωκε,
1486 1851 1708 1947 πρῶτον
1740 1851 1842 1944 μέν

1955 1891 2166 1948 poenam
2189 1889 2296 1928 non
2318 1871 2532 1940 recipit,
2559 1868 2798 1940 primum
2823 1866 3046 1936 quidem
3061 1862 3188 1931 quia
3211 1868 3387 1916 mater
3409 1873 3534 1914 esse

255 1981 339 2034 ὅτι
376 1979 560 2048 μήτηρ
592 1976 794 2048 ῆμελλε
848 1971 990 2028 εἶναι
1023 1973 1116 2026 τοῦ
1169 1973 1462 2042 μέλλοντος
1507 1971 1720 2041 κρίνειν
1745 1969 1840 2021 τὸν

258 2065 489 2135 κόσμον·
538 2065 640 2117 οὐκ
670 2064 872 2134 ἐτόλμα
895 2065 952 2116 δέ
989 2062 1233 2133 Γαϐριὴλ
1262 2063 1422 2134 δίκην
1469 2061 1742 2116 ἐπιθεῖναι
1773 2061 1842 2129 τῇ

261 2157 436 2226 μητρὶ
468 2155 562 2210 τοῦ
591 2154 816 2224 Κριτοῦ,
849 2154 1177 2224 προσεκύνει
1209 2154 1268 2207 δὲ
1319 2156 1584 2226 φρίττων,
1616 2153 1759 2219 ὁρῶν
1785 2153 1846 2206 ἐν

261 2248 406 2318 αὐτῇ
439 2246 528 2299 τὸν
562 2246 1044 2319 πλαστουργοῦντα
1093 2247 1248 2303 Θεόν.
1313 2247 1516 2317 Ἐχρῆν
1553 2248 1662 2316 γὰρ
1697 2247 1843 2298 ἐκεί-

255 2357 360 2409 νην
383 2338 650 2392 ἀθάνατον
677 2337 776 2408 τὴν
802 2339 1046 2408 γαστέρα
1091 2337 1350 2407 φυλάξαι,
1387 2341 1446 2391 ἐν
1533 2337 1625 2390 τὸν
1659 2336 1846 2390 δεύτε-

261 2447 357 2501 ρον
406 2429 578 2498 Ἀδὰμ.
611 2429 946 2498 ἐζωγρὰφει·
979 2430 1148 2500 χωρὶς
1165 2428 1222 2481 δὲ
1249 2427 1457 2480 τούτων
1479 2428 1603 2481 ούδέ
1633 2426 1843 2480 δίκαιον

257 2519 327 2595 ἦν
356 2523 458 2592 τὴν
512 2521 788 2592 Παρθένον
838 2521 1096 2591 ὑποσχεῖν
1159 2521 1318 2589 δίκην
1355 2521 1455 2590 τῆς
1492 2519 1694 2586 λέξεως
1747 2519 1847 2588 τῆς

260 2613 618 2684 ἀμφιϐολίας·
653 2613 714 2666 οὐ
764 2613 874 2682 γὰρ
897 2607 1012 2682 εἶχε
1041 2614 1074 2682 ή
1106 2611 1385 2682 Παρθένος
1436 2611 1626 2664 εἰκόνα
1655 2609 1764 2662 τῶν
1793 2610 1852 2662 ὲν

261 2709 406 2778 αὐτῇ
431 2705 793 2776 τελουμένων,
824 2706 922 2758 οὐκ
949 2701 1095 2774 εἶχεν
1149 2703 1579 2776 ἐνοπτρίσασθαι
1615 2703 1674 2754 τὸ
1698 2701 1851 2772 τηλι·

263 2802 464 2856 κοῦτον
497 2801 821 2870 μυστήριον·
847 2799 934 2852 διὰ
962 2799 1122 2852 τοῦτό
1169 2813 1326 2868 φησι·
1378 2796 1512 2863 Πῶς
1547 2796 1722 2850 ἔσται
1749 2811 1852 2862 μοι

262 2893 489 2956 τοῖ’τοὶ
517 2892 578 2945 οὒ
633 2892 744 2962 γὰρ
788 2891 1000 2962 ἥκουσα
1033 2891 1309 2960 Παρθένον
1343 2888 1468 2957 δίχα
1508 2887 1709 2956 μίξεως
1747 2903 1842 2954 γε·

265 2986 602 3056 γεννηκυῖάν
629 2999 782 3037 ποτεο
830 2978 948 3038 οἶδα
985 2981 1252 3044 τεκούσας
1297 2980 1525 3042 πολλὰς,
1563 2977 1701 3032 ἀλλὰ
1732 2995 1856 3049 μει-

265 3080 445 3142 νάσας
481 3076 790 3148 παρθένους
837 3076 975 3146 μετὰ
1032 3075 1124 3130 τὸν
1158 3075 1319 3128 τόκον
1349 3074 1452 3126 οὒκ
1479 3068 1622 3126 οἶδα.
1669 3072 1768 3126 Διὰ
1799 3069 1854 3124 τί

263 3173 330 3226 ἐκ
359 3171 466 3241 τῆς
528 3169 750 3240 στείρας
886 3168 1149 3230 Θεοτόκος
1198 3167 1497 3235 γεννᾶται;

265 3259 498 3328 ἔμελλεν
527 3260 562 3330 ἡ
590 3259 850 3322 θεοτόκος
899 3257 1181 3330 Παρθένος
1219 3259 1284 3310 ἐκ
1316 3257 1414 3326 τῆς
1451 3257 1650 3326 Ἀννης
1675 3255 1856 3308 τίκτε-

265 3353 422 3415 σθαι,
461 3353 564 3406 οὐκ
587 3353 792 3422 ἐτόλμα
820 3353 854 3421 ἡ
885 3351 1048 3420 φύσις
1077 3349 1375 3420 προλαϐεῖν
1409 3349 1472 3402 τὸ
1502 3348 1604 3418 τῆς
1631 3349 1857 3420 χάριτος

267 3443 586 3515 βλάστημα,
621 3445 735 3498 ἀλλ’
777 3445 972 3514 ἔμενεν
1027 3443 1277 3514 ἄκαρπος
1331 3443 1436 3503 ἐως
1487 3443 1522 3511 ὴ
1568 3443 1730 3513 χάρις
1765 3440 1856 3494 τὸν

265 3539 488 3612 καρπὸν
505 3538 860 3608 ἐϐλάστησενο
891 3537 1000 3590 ἔδει
1052 3536 1162 3608 γὰρ
1203 3535 1550 3605 πρωτότοκον
1596 3533 1856 3604 τεχθῆναι

267 3635 376 3703 τὴν
397 3631 698 3702 τεξομένην
733 3630 1079 3702 πρωτότοκον
1110 3629 1291 3700 πάσης
1313 3629 1566 3692 κτίσεως,
1599 3629 1656 3680 ἐν
1716 3621 1760 3696 ᾧ
1786 3626 1858 3680 τὰ

268 3727 456 3782 πάντα
489 3726 814 3794 συνέστηκε.

343 3818 446 3881 Τὸ,
499 3815 860 3886 Διελογίζετο
917 3816 952 3886 ἡ
1005 3813 1275 3885 παρθένος
1336 3815 1607 3880 ποταπὸς
1675 3815 1770 3882 εἴη
1825 3815 1859 3868 ὁ

269 3912 608 3980 ἀσπασμὸς
656 3906 860 3976 οὗτος,
923 3908 1047 3964 ἀντὶ
1099 3909 1218 3974 τοῦ,
1253 3908 1348 3980 Μὴ
1385 3907 1494 3979 ἄρα
1533 3925 1618 3972 τις
1657 3907 1859 3970 ἄτοπος

269 4003 348 4067 ὡς
383 4002 444 4064 ἐξ
481 4001 670 4074 ἀνδρδς
698 4001 835 4071 πρὸς
875 4001 1068 4071 κόρην,
1097 3999 1130 4070 ἢ
1174 3999 1336 4062 θεῖοςο
1373 3999 1562 4069 ἐπειδὴ
1592 4000 1686 4052 καὶ
1721 3997 1858 4051 Θεοῦ

272 4095 470 4164 μνήμη
496 4094 643 4148 ἐστὶν
670 4095 727 4145 ἐν
750 4092 920 4162 αὐτῷ,
943 4092 1034 4145 διὰ
1055 4091 1116 4146 τὸ
1145 4091 1325 4159 λέγειν
1350 4089 1532 4143 αὐτόν·
1560 4091 1623 4143 ὀ
1643 4090 1860 4158 Κύριος

263 4186 426 4256 μετὰ
450 4185 590 4240 σοῦ.

346 4278 477 4332 Ὀτι
515 4277 596 4340 τὸ,
627 4275 1014 4344 Κληθήσεται
1054 4277 1124 4332 τὸ
1152 4277 1340 4346 ὄνομα
1375 4277 1562 4332 αὐτοῦ
1603 4275 1858 4344 Ἰησοῦς,

270 4369 466 4440 σωτὴρ
493 4369 753 4441 σημαίνει
791 4369 824 4441 ἠ
875 4370 1122 4442 σωτηρία
1157 4367 1296 4424 Θεοῦ
1329 4369 1424 4424 καὶ
1475 4369 1641 4432 ῐασις.
1673 4367 1774 4421 Διὰ
1803 4367 1859 4419 τί

265 4463 380 4516 οὐκ
409 4457 584 4528 εἶπεν,
627 4461 755 4526 Υίὺς
824 4461 1084 4532 Ὑψίστου
1135 4460 1396 4532 ὑπάρχει,
1427 4458 1586 4526 ἀλλὰ,
1621 4457 1858 4526 κληθή-

1946 1969 2176 2026 debebat
2202 1965 2370 2021 futuri
2405 1963 2596 2018 mundi
2631 1959 2874 2025 iudicis;
2897 1972 3008 2012 non
3039 1970 3208 2010 ausus
3233 1963 3318 2010 est
3349 1961 3532 2006 autem

1946 2062 2162 2120 Gabriel
2205 2073 2423 2130 pmnam
2475 2069 2696 2112 sumere
2743 2053 2812 2108 de
2861 2058 3034 2106 matre
3069 2047 3301 2112 Judicis,
3342 2045 3536 2100 adorat

1947 2169 2076 2210 vero
2109 2164 2370 2217 tremens,
2410 2149 2604 2202 videns
2644 2146 2698 2200 in
2753 2145 2840 2200 illa
2885 2143 3056 2196 Deum
3089 2139 3388 2196 creationis
3435 2153 3534 2190 au-

1948 2260 2178 2308 ctorem.
2215 2244 2520 2315 Oportebat
2545 2241 2695 2296 enim
2733 2239 2882 2293 illam
2913 2234 3278 2290 immortalem
3313 2241 3532 2286 uterum

1950 2355 2278 2398 conservare
2309 2341 2363 2392 in
2398 2351 2511 2406 quo
2551 2334 2832 2390 secundus
2862 2331 3031 2384 Adam
3065 2327 3362 2384 conclusus
3393 2333 3532 2378 erat.

1949 2433 2154 2489 Praeter
2191 2431 2284 2484 illa
2328 2443 2460 2482 vero
2491 2441 2604 2479 non
2641 2431 2758 2478 erat
2799 2422 3010 2492 justum
3046 2417 3306 2490 virginem
3339 2429 3536 2486 poenas

1953 2529 2082 2584 dare
2105 2526 2176 2580 ob
2205 2521 2480 2580 sermonis
2513 2515 2998 2588 amphibologiam.
3035 2511 3152 2568 Non
3193 2510 3340 2566 enim
3373 2509 3538 2563 habe-

1952 2624 2049 2676 bat
2075 2619 2232 2688 virgo
2252 2614 2561 2684 exemplum
2597 2625 2782 2666 rerum
2811 2623 2934 2678 quae
2957 2607 3012 2662 in
3041 2607 3160 2674 ipsa
3185 2601 3538 2672 compleban-

1955 2722 2064 2776 tur,
2100 2725 2210 2764 non
2244 2708 2480 2762 habebat
2507 2705 2696 2759 videre
2728 2711 2790 2756 ut
2831 2702 2884 2756 in
2918 2698 3140 2768 speculo
3167 2705 3376 2751 tantum
3419 2709 3538 2763 my-

1957 2802 2205 2858 sterium.
2243 2797 2368 2854 Ideo
2393 2797 2524 2851 dicit
2559 2811 2573 2849 :
2608 2793 2888 2860 Quomodo
2917 2791 3006 2860 ﬁet
3037 2788 3167 2843 mihi
3217 2785 3402 2841 istud?
3427 2799 3536 2838 non

1955 2895 2101 2949 enim
2125 2891 2308 2946 audivi
2329 2889 2594 2956 virginem
2621 2887 2740 2942 sine
2765 2886 2910 2940 coitu
2937 2897 3179 2952 unquam
3211 2891 3538 2948 generasse;

1957 2983 2076 3039 scio
2125 2982 2328 3036 multas
2358 2979 2656 3049 peperisse,
2699 2975 2795 3031 sed
2827 2973 3068 3040 virgines
3110 2969 3382 3024 mansisse
3419 2973 3546 3036 post

1957 3085 2175 3147 partum
2209 3073 2388 3128 nullas
2407 3070 2548 3126 scio.
2575 3069 2688 3124 Cur
2718 3083 2782 3124 ex
2817 3066 2988 3122 sterili
3020 3062 3322 3132 Deiparens
3363 3056 3543 3112 nasci-

1571 3165 1726 3220 Ἐπεὶ
1757 3163 1852 3218 οὖν
1886 3209 1927 3233 η
1962 3167 2085 3222 tur?
2117 3165 2256 3232 Quia
2288 3163 2456 3233 igitur
2484 3160 2718 3216 debebat
2749 3158 2905 3226 virgo
2954 3155 3259 3223 Deiparens
3283 3165 3350 3204 ex
3383 3147 3542 3202 Anna

1961 3259 2138 3323 nasci,
2179 3272 2288 3312 non
2319 3254 2556 3312 audebat
2596 3265 2794 3308 natura
2831 3249 3138 3319 producere
3163 3247 3310 3300 hunc
3353 3239 3543 3311 gratia:

1961 3350 2228 3409 fructum.
2263 3359 2316 3404 et
2347 3346 2550 3402 sterilis
2581 3343 2788 3398 mansit
2822 3342 2998 3395 donec
3027 3337 3202 3408 gratia
3247 3337 3390 3388 hunc
3425 3331 3542 3384 frn—

1958 3453 2106 3500 ctum
2129 3439 2438 3510 germinare
2455 3436 2602 3494 l'ecit.
2619 3433 2924 3506 Oportebat
2944 3430 3088 3484 enim
3119 3423 3540 3497 primogenitam

1959 3535 2111 3590 nasci
2143 3548 2266 3603 qua:
2289 3531 2536 3601 paritura
2567 3537 2692 3584 erat
2723 3522 3150 3596 primogenitum
3181 3517 3349 3574 totius
3379 3527 3540 3570 crea-

1960 3627 2126 3682 tion‘s
2160 3628 2212 3678 in
2245 3639 2359 3693 quo
2403 3620 2590 3676 omnia
2621 3623 2894 3674 constant.

2032 3810 2200 3868 Vens.
2229 3807 2320 3864 29.
2370 3805 2531 3870 Illud,
2571 3802 2851 3874 Cogitabat
2894 3799 3050 3869 virgo
3084 3811 3200 3865 qua:
3245 3803 3378 3849 esset
3429 3791 3538 3844 ista

1955 3905 2242 3966 salutatio,
2275 3903 2481 3958 dicitur
2513 3912 2632 3968 pro,
2663 3908 2846 3951 nonne
2872 3899 3022 3948 esset
3049 3889 3308 3944 indecens
3337 3884 3546 3940 saluta-

1961 3999 2038 4052 tio
2083 3997 2184 4050 viri
2229 3993 2298 4050 ad
2374 3991 2608 4062 puellam
2675 3985 2780 4042 nisi
2822 3983 3008 4050 divina
3060 3997 3074 4034 :
3142 3977 3406 4048 quoniam
3447 3971 3546 4028 Dei

1961 4089 2296 4145 mentionem
2323 4083 2580 4144 faciebat,
2617 4078 2848 4135 dicendo
2877 4095 2891 4130 :
2921 4073 3178 4128 Dominus
3203 4080 3400 4124 tecum.

2031 4275 2198 4332 Vens.
2219 4271 2307 4328 52.
2323 4229 2486 4333 lllud,
2516 4265 2798 4321 Vocabitur
2818 4277 3004 4316 nomen
3017 4260 3132 4329 ejus
3152 4257 3188 4310 Ι
3190 4273 3331 4319 esus,
3351 4253 3546 4310 Salva-

1965 4375 2140 4422 torem
2167 4363 2440 4434 signiﬁcat
2477 4367 2576 4414 aut
2603 4357 2698 4412 Dei
2717 4355 2948 4410 salutem
2969 4360 3026 4406 et
3053 4344 3547 4405 sauationem.Cur

1964 4475 2072 4514 non
2113 4458 2266 4521 dicit,
2324 4453 2498 4508 Filius
2541 4448 2814 4508 Altissimi
2871 4453 2978 4509 est,
3039 4441 3158 4508 sed,
3217 4436 3548 4496 Vocabitur?

268 4570 488 4620 aetat;
515 4553 614 4608 Διὰ
647 4553 710 4608 τὸ
765 4553 1111 4625 ἀνθρώπινον
1161 4553 1322 4607 τοῦτο
1354 4552 1612 4620 λέγεται⁸
1645 4548 1850 4620 ἐκλήθη

1963 4549 2193 4619 Pr0pter
2243 4547 2547 4600 humanum
2593 4543 2665 4596 ita
2717 4538 2980 4607 loquitur,
3032 4547 3160 4587 nam
3202 4539 3429 4584 vocatus
3463 4536 3550 4582 est

267 4651 388 4720 γὰρ
417 4649 513 4702 καὶ
536 4651 564 4702 ὁ
607 4649 890 4720 Κυριακδς
915 4634 1203 4717 ἄνθρωπός
1229 4649 1295 4718 τῇ
1332 4648 1534 4717 μετοχῇ
1580 4645 1678 4715 τῆς
1706 4643 1858 4706 θείας

269 4739 496 4810 φύσεως
539 4737 669 4802 Υἱὸς
693 4736 852 4794 Θεοῦ.
872 4737 966 4802 Τὸ,
993 4737 1176 4791 Δὼσει
1195 4735 1357 4801 αὐτῷ
1387 4737 1605 4802 Κύριος
1645 4737 1677 4788 ό
1711 4723 1859 4799 Θεὸς

255 4832 385 4888 τὸν
407 4832 628 4898 θρόνον
651 4829 829 4884 Δαόὶδ
872 4829 982 4884 τοῦ
1015 4828 1239 4898 ,πατρὸς
1277 4827 1490 4892 αὑτοῦ,
1550 4830 1616 4898 τῇ
1647 4827 1861 4880 οἰκονο-

273 4924 384 4992 μίᾳ
415 4922 696 4992 ἁρμόττει·
751 4921 939 4992 θρόνον
993 4921 1052 4974 δέ
1107 4921 1208 4974 οὐκ
1244 4919 1527 4992 αἰσθητὸν,
1588 4917 1728 4972 ἀλλὰ
1769 4916 1861 4969 τὸν

275 5015 450 5086 μηδὲν
475 5014 668 5085 θνητὸν
685 5013 764 5078 ὡς
788 5014 1054 5085 ἐπίκηρον
1082 5011 1298 5084 ἔχοντα,
1323 5012 1412 5068 τὸν
1451 5010 1577 5065 καθ’
1599 5010 1728 5080 ὅλης
1760 5009 1860 5079 τῆς

270 5110 606 5179 οἰκουμένης
1355 5163 1376 5180 _

360 5201 492 5256 Ἐπί
541 5201 647 5254 τὸν
673 5196 844 5254 οἶκον
905 5198 1122 5259 Ἰακὼϐ.
1161 5198 1452 5266 νοήσομεν,
1502 5196 1629 5258 τοὺς
1665 5195 1859 5262 ἐγκενο

267 5295 598 5364 τρισθέντας
627 5294 722 5346 ἐπὶ
748 5293 842 5346 τὸν
861 5291 956 5346 τοῦ
997 5291 1190 5344 Ἰακὼϐ
1217 5288 1370 5344 οἷκον
1402 5289 1652 5351 ἐθνικοὺς
1673 5289 1856 5356 λέγει·

265 5387 335 5438 τὸ
369 5383 446 5444 δέ,
482 5383 590 5438 Καὶ
621 5383 732 5452 τῆς
749 5383 1078 5448 ,βασιλείας
1099 5382 1288 5436 αὐτοῦ
1317 5383 1430 5435 οὐκ
1454 5381 1628 5436 ἔσται
1659 5378 1860 5446 τέλος,

267 5477 376 5546 τὴν
401 5477 476 5540 ὡς
501 5477 640 5530 Θεοῦ
671 5477 898 5530 α’ωνίαν
934 5475 1212 5546 βασιλείαν
1248 5475 1420 5542 λέγει.

265 5615 268 5618 .
355 5567 476 5620 03x.
514 5569 738 5622 ἀπιστεῖ
769 5567 904 5639 πρὸς
941 5567 1034 5620 τον
1083 5567 1262 5635 λόγον,
1323 5565 1440 5620 ἀλλ’
1487 5565 1714 5618 ἀπαιτεῖ
1770 5563 1863 5617 τὸν

269 5657 506 5728 τρόπον.
554 5659 612 5714 ’0
631 5655 724 5712 οὖν
750 5659 1028 5730 Ζαχαρίας
1065 5659 1392 5730 ῆπίστηκεν·
1431 5661 1463 5729 ἡ
1506 5659 1562 5712 δέ
1584 5657 1863 5728 Παρθένος

263 5753 384 5804 οὐκ
414 5753 656 5806 ἀπιστεῖ.
694 5754 933 5816 Ἐκεῖνος
971 5753 1150 5822 ἔλεγετ
1189 5753 1352 5808 Κατὰ
1409 5754 1464 5806 τί
1509 5752 1861 5821 γνώσομαι;

271 5843 468 5911 ἐζήτει
505 5847 732 5916 σημεῖον
766 5846 950 5902 λαϐεῖν
980 5847 1066 5902 ἵνα
1095 5845 1362 5922 πιστεύσῃ
1384 5863 1396 5875 ·
1425 5847 1457 5917 ἡ
1489 5845 1544 5898 δὲ
1583 5843 1860 5915 Παρθένος

1963 4642 2130 4695 homo
2159 4637 2472 4693 Dominicus
2500 4635 2707 4688 unione
2741 4639 2950 4684 natum
2977 4627 3179 4683 divinae
3213 4623 3389 4677 Filius
3426 4619 3544 4674 Dei.

1962 4734 2120 4800 Illud,
2149 4729 2306 4785 Dabit
2329 4728 2411 4784 illi
2432 4727 2691 4781 Dominus
2723 4723 2860 4776 Deus
2895 4721 3142 4774 thronum
3174 4714 3348 4769 David
3375 4711 3550 4784 patris

1961 4826 2118 4896 ejus,
2141 4819 2506 4878 incarnationi
2530 4818 2840 4886 adaptatur.
2865 4811 3150 4867 Thronum
3167 4817 3346 4863 autem
3371 4805 3552 4860 innuit

1963 4934 2073 4974 non
2115 4915 2479 4974 matcrialem,
2523 4910 2618 4968 sed
2675 4908 2812 4963 nihil
2857 4905 3092 4960 mortale
3123 4917 3224 4957 nec
3276 4901 3546 4956 caducum

1967 5009 2280 5070 habentem,
2301 5012 2356 5060 et
2385 5003 2438 5057 in
2469 5002 2790 5056 universum
2818 4997 3008 5052 orbem
3039 4993 3436 5050 dominantem.

2037 5196 2203 5251 Vens.
2242 5193 2332 5248 55.
2371 5189 2438 5244 In
2459 5187 2674 5241 domum
2697 5184 2892 5251 Iacob,
2920 5192 2983 5238 ut
3007 5179 3421 5254 intelligendum
3441 5187 3546 5239 est,

1963 5289 2232 5344 excitatos
2274 5285 2326 5338 in
2359 5282 2585 5336 domum
2621 5277 2793 5334 Jacob
2819 5275 3070 5332 ethnicos
3101 5271 3256 5328 dicit.
3311 5269 3375 5324 Et
3397 5269 3542 5340 regni

1963 5383 2078 5452 ejus
2115 5394 2218 5434 non
2247 5377 2348 5432 erit
2378 5373 2524 5444 finis,
2551 5385 2781 5442 regnum
2812 5378 2872 5424 ut
2894 5382 3124 5440 regnum
3154 5365 3250 5422 Dei
3277 5372 3548 5420 aeternum

1965 5473 2196 5528 indicat.

1977 5617 1982 5620 .
2039 5564 2208 5618 Vens.
2244 5560 2332 5618 54.
2369 5555 2488 5614 Non
2525 5554 2768 5613 sermoni
2813 5551 3030 5616 diliidit,
3072 5550 3164 5606 sed
3201 5549 3422 5604 modum
3453 5563 3548 5604 ex-

1968 5655 2158 5725 quirit.
2200 5649 2495 5706 Zacharias
2532 5648 2697 5718 igitur
2729 5645 2953 5700 credere
2996 5641 3210 5706 abnuit,
3249 5643 3400 5712 virgo
3438 5655 3538 5694 au-

1969 5757 2076 5804 tent
2107 5747 2332 5802 credere
2381 5743 2596 5798 annuit.
2644 5741 2744 5794 llic
2773 5739 2909 5794 dixit
2949 5757 2963 5793 :
3006 5736 3151 5792 Unde
3197 5737 3292 5791 ltOC
3339 5733 3550 5790 sciam?

1968 5857 2220 5912 quaerens
2241 5839 2458 5912 signum
2490 5836 2738 5906 accipere
2766 5843 2826 5890 ut
2855 5836 3062 5900 credat,
3085 5833 3240 5904 virgo
3259 5843 3440 5889 autem
3469 5829 3552 5896 di-
