4026 6428
233 423 236 426 ί
277 403 426 470 1185

1387 403 1708 466 SCHOLIA
1738 405 2038 468 verum
2081 361 2162 468 I‘N
2205 407 2482 470 Luc-tu.

3413 412 3556 482 1186

271 520 476 592 δεμία·
523 517 646 574 ὅθεν
701 519 794 576 καὶ
843 519 1174 591 συγγνώμης
1221 517 1378 589 ἔτυχε
1421 517 1686 586 λέγουσα’
1737 517 1869 586 Πῶς

1985 521 2145 590 quod,
2177 522 2332 592 virgo
2363 538 2488 576 cum
2515 523 2642 586 sint,
2671 523 2920 592 pariam?
2949 525 3238 589 Quomodo
3261 540 3556 598 cognatam

271 614 461 670 ἔσται
481 629 584 682 μοι
617 611 814 676 τοῦτο,
862 613 944 666 ὅτι
975 610 1244 680 παρθένος
1274 605 1410 662 οὖσα
1441 609 1704 678 τέξομαις
1742 609 1866 674 Πῶς

273 705 528 774 συγγενῆ
549 703 700 772 λέγει
725 705 824 774 τὴν
869 702 1148 756 Ἐλισὰϐετ
1185 701 1286 771 τῆς
1329 700 1633 766 Θεοτόκου;
1687 701 1759 754 Ἦ
1790 701 1867 764 ὼς

271 796 344 863 ἐξ
372 797 490 860 ἑνὸς
523 797 872 867 προπάτορος
899 794 994 847 τοῦ
1029 791 1246 858 Ἰακὼϐ,
1277 793 1388 846 εἴτε
1421 793 1509 846 διὰ
1541 791 1602 845 τὸ
1633 793 1742 864 πρὸ
1767 794 1866 864 τῆς

270 891 606 963 νομοθεσίας
639 891 826 944 λαϐεῖν
853 889 945 942 τὸν
989 888 1199 960 Ἀαρὼν
1229 890 1293 942 ὲκ
1337 887 1436 958 τῆς
1481 887 1575 942 τοῦ
1605 886 1739 940 Λευῖ
1762 905 1864 956 φυ-

270 982 386 1054 λῆς
404 981 536 1038 ὄντα
556 984 788 1051 γυναῖκα
815 982 918 1052 τὴν
951 979 1252 1045 Ἐλισάὃετ,
1275 976 1552 1047 θυγατέρα
1578 975 1743 1030 οὖσαν
1771 977 1864 1029 τοῦ

286 1074 628 1146 Ἀμιναδὰμ,
652 1075 752 1146 τὴν
777 1072 1012 1143 ἀδελφὴν
1037 1068 1306 1126 Ναασσών
1333 1071 1398 1122 ὲκ
1424 1067 1524 1138 τῆς
1561 1066 1656 1120 τοῦ
1693 1066 1867 1120 Ἰούδα

271 1169 458 1240 φυλῆς
489 1167 848 1238 ὑπάρχοντος.

353 1261 482 1314 Ὅτι
515 1260 607 1314 διὰ
647 1260 747 1330 τὴν
776 1257 870 1312 τοῦ
907 1255 1142 1327 ἀγγέλου
1167 1253 1349 1324 φωνὴν
1377 1252 1619 1323 ἀπῆλθεν
1647 1254 1680 1322 ἡ
1715 1254 1864 1320 Παρο

271 1351 438 1415 θένος
475 1351 555 1416 εἰς
576 1350 674 1422 τὴν
699 1351 916 1422 ὀρεινήν
937 1367 952 1380 ·
981 1343 1134 1404 εἶπεν
1167 1348 1276 1416 γάρ
1297 1363 1311 1376 ·
1349 1344 1506 1399 Ἰδοὺ
1551 1345 1862 1398 Ἐλισάΰετ

273 1444 316 1514 ἡ
347 1441 658 1513 συγγενής
682 1457 801 1496 σου
831 1440 930 1494 καὶ
955 1437 1109 1506 αὑτὴ
1137 1435 1568 1505 συνειληφυῖα.

350 1535 480 1588 Ὅτι
501 1534 625 1588 τότε
668 1532 910 1605 ἐπλήσθη
947 1532 1264 1600 Πνεύματος
1302 1531 1460 1598 ἁγίου
1513 1529 1542 1580 ὁ
1577 1530 1636 1581 ὲν
1664 1527 1865 1597 γαστρὶ

267 1627 352 1681 ὣν
397 1625 684 1696 Ἰωάννης,
728 1625 822 1680 καὶ
873 1622 1146 1695 μετεδίδου
1180 1623 1280 1691 τῆς
1309 1622 1531 1692 χάριτος
1572 1623 1638 1691 τῇ
1672 1621 1862 1690 μητρὶ,

267 1721 370 1776 καὶ
409 1719 751 1790 ἑπροφήτευε
804 1715 1060 1786 λοιπὸνὴ
1105 1713 1420 1775 Ἐλισὰϐετ,
1467 1711 1864 1780 Εὐλογημένη

265 1813 355 1868 σὺ
381 1812 456 1866 ἐν
483 1811 718 1882 γυναιξί
738 1853 753 1876 ,
785 1809 1048 1878 λέγουσα,
1082 1806 1180 1862 καὶ
1220 1806 1628 1876 εὐλογημένος
1655 1807 1688 1859 ό
1723 1821 1864 1872 κορ-

261 1903 390 1972 ubi;
421 1903 534 1971 τῆς
565 1905 800 1970 κοιλίας
831 1899 1043 1974 [σου].

344 1997 475 2050 Ὀτι
512 1995 694 2058 καλῶς
725 1994 938 2063 καρπὸν
977 1992 1186 2056 κοιλίας
1221 1991 1474 2062 ώνόμασε
1506 1989 1566 2042 τὸ
1599 1991 1658 2043 ὲν
1685 1989 1822 2058 αὐτῇ
1848 2027 1864 2053 ,

263 2089 354 2144 ὃτι
411 2090 582 2161 χωρὶς
629 2086 822 2158 ἀνδρὸς
849 2082 948 2157 ἦν·
997 2086 1044 2139 oi
1085 2085 1192 2154 γὰρ
1229 2085 1296 2138 ὲκ
1335 2085 1611 2154 πατέρων,
1643 2082 1868 2135 ἐκείνων

261 2183 378 2236 εἰσὶ
410 2181 638 2252 καρποὶ,
665 2180 779 2234 ἀλλ’
813 2178 936 2250 οὐχὶ
967 2179 1195 2248 μητρός.

339 2275 476 2328 ’Ότι
503 2274 584 2338 τὸ,
607 2272 947 2340 Μεγαλύνει
970 2270 1009 2339 ἡ
1038 2267 1207 2339 ψυχή
1228 2285 1350 2338 μου
1373 2267 1482 2320 τὸν
1507 2267 1746 2335 Κύριον,
1765 2265 1864 2319 καὶ

261 2367 616 2434 ἠγαλλίασε
637 2363 701 2418 τὸ
736 2361 974 2432 πνεῦμά
996 2379 1116 2432 μου
1138 2377 1152 2391 ·
1191 2359 1410 2432 πνεῦμα
1444 2359 1540 2414 καὶ
1580 2358 1762 2430 ψυχὴν
1803 2357 1864 2411 τὸ

264 2459 412 2514 αὐτὸ
443 2457 614 2527 λέγει.

351 2549 650 2617 Ἐποίησε
679 2548 899 2618 κράτος
929 2547 998 2600 ἑν
1021 2545 1306 2613 ,βραχίονι
1347 2542 1558 2596 αὐτοῦ.
1596 2540 1867 2612 Βραχξονα

267 2645 385 2696 Πατ
399 2643 520 2711 ρδς,
548 2642 642 2696 τὸν
667 2642 794 2696 Υἱδν
814 2641 982 2709 λέγει,
1014 2640 1134 2692 ἀντὶ
1161 2635 1278 2698 τοῦ,
1303 2635 1476 2704 ἰσχύν.

339 2731 690 2800 Πεινῶντας
727 2733 1072 2799 ἐνέπλησεν
1116 2728 1378 2798 ἀγαθῶν,
1422 2728 1516 2782 καὶ
1548 2727 1694 2796 ἑξῆς.
1728 2726 1870 2788 Τοὺς

277 2826 580 2888 Ἰουδαίους
627 2825 721 2879 καὶ
767 2824 834 2878 τὰ
868 2823 996 2894 ἔθνη
1051 2822 1224 2890 λέγει,
1257 2817 1352 2884 οὓς
1399 2817 1660 2872 ἀπώσατο
1709 2819 1806 2871 καὶ
1835 2816 1871 2872 ἃ.

267 2917 670 2990 προσελάϐετο.

351 3009 662 3080 Ἐμνήσθη
707 3008 815 3062 τοῦ
861 3007 1076 3072 ἐλέους
1105 3006 1316 3068 αὐτοῦ,
1365 3002 1562 3069 καθὼς
1599 3001 1868 3067 ἐλάλησε

271 3102 426 3170 πρὸς
457 3101 602 3167 τοὺς
645 3099 909 3166 πατέρας
936 3097 1128 3168 ἡμῶν.
1167 3096 1266 3150 Διά
1297 3095 1376 3157 τὸ,
1427 3093 1865 3161 Ἐνευλογηθή-

269 3209 489 3248 σονται
547 3193 619 3246 ἐν
661 3192 744 3258 τῷ
787 3190 1090 3260 σπέρματί
1147 3205 1265 3244 σου
1306 3187 1506 3242 πάντα
1565 3187 1634 3240 τὰ
1693 3185 1862 3251 ἔθνη,

268 3284 441 3352 λέγει.

339 3377 470 3430 Ὅτι
523 3375 606 3440 τὸ,
663 3377 943 3444 Ἔμεινεν
997 3373 1231 3440 Μαριὰμ
1268 3371 1414 3424 ὡσεὶ
1461 3371 1660 3441 μῆνας
1707 3371 1865 3440 τρεῖς

268 3470 433 3540 παρὰ
481 3466 556 3538 τῇ
607 3466 936 3528 Ἐλισάσετ,
983 3465 1104 3518 ἀντὶ
1139 3463 1258 3528 τοῦ,
1292 3464 1398 3526 ἓως
1431 3465 1529 3534 τῆς
1558 3466 1866 3533 γεννήσεως

175 3569 182 3578 ’
279 3561 568 3618 Ἰωάννουο
595 3561 674 3631 τῷ
700 3560 848 3631 ἓκτῳ
881 3561 991 3629 γὰρ
1013 3555 1148 3630 ἦλθε
1191 3559 1341 3630 μηνί.
1375 3557 1502 3610 Ὅτι
1527 3556 1608 3620 τὺ,
1635 3558 1868 3624 Ἔμεινε

269 3655 360 3722 δὲ,
397 3653 498 3708 τοῦ
545 3653 854 3724 παραδόξου
904 3651 1186 3724 θεωροῦσα
1235 3651 1334 3722 τὴν
1377 3650 1604 3704 ἔκϐασιν
1651 3650 1746 3702 καὶ
1775 3648 1870 3700 ἐπὶ

269 3747 383 3811 τοίς
417 3745 544 3800 καθ’
579 3745 778 3816 ἑαυτὴν
827 3744 1134 3813 ἀποροῦσα,
1181 3744 1275 3796 καὶ
1305 3741 1356 3794 τί
1389 3741 1576 3810 δεήσει
1613 3737 1869 3808 γενέσθαι

273 3836 622 3910 [μανθάνειν]
687 3835 1006 3906 βουλομένη.
1065 3834 1186 3888 ’Ότι
1247 3833 1346 3904 οὐχ
1399 3831 1588 3896 ἁπλῶς
1630 3827 1784 3884 εἶπεν
1826 3831 1860 3900 ἡ

287 3930 569 3984 Ἐλισὰσετ
589 3970 605 3996 ,
645 3927 934 3994 Ἰωάννης
965 3925 1271 3994 κληθήτω,
1294 3925 1430 3978 ἀλλὰ
1453 3925 1529 3987 ὼς
1561 3924 1832 3994 προφῆτις
1853 3941 1866 3955 ·

270 4023 394 4077 οὐδὲ
433 4023 544 4093 γὰρ
597 4022 862 4090 ἐγίνωσκε
891 4021 958 4073 τὰ
1013 4017 1463 4092 χρηματισθέντα
1486 4016 1564 4088 τῷ
1593 4016 1867 4088 Ζαχαρίας

271 4115 470 4178 ἇλαλος
527 4115 637 4185 γὰρ
665 4115 872 4178 ἐκεῖνος
897 4107 988 4184 ἧν.
1509 4141 1516 4150 -

346 4209 476 4262 ’Ότι
527 4207 817 4276 Ἰωάννης.
866 4204 1042 4275 χάρις
1081 4203 1252 4268 Θεοῦ,
1301 4200 1699 4274 ἑρμηνεύεται,
1759 4199 1870 4252 ἀπὸ

197 4347 204 4350 .
274 4298 376 4370 τῆς
412 4297 699 4370 Ἐϐραΐδος
734 4296 983 4367 γλώττης
1009 4297 1089 4360 είς
1135 4297 1236 4365 τὴν
1276 4293 1562 4366 Ἑλληνίδα
1596 4291 1869 4364 μεταϐαλ-

274 4391 526 4463 λόμενος.

345 4483 450 4537 Διὰ
496 4483 548 4536 τί
599 4463 1202 4553 προκατασκευάζεται
1242 4479 1276 4547 ἡ
1338 4478 1517 4548 σιωπὴ
1573 4475 1868 4550 Ζαχαρίου,

1975 613 2260 668 Elizaheth
2289 615 2426 668 dicit
2459 615 2834 684 Deiparentis?
2877 616 2960 670 vel
3009 619 3156 687 quod
3193 635 3256 674 ex
3297 637 3408 675 uno
3451 638 3554 676 avo

1973 699 2146 756 Jacoh
2169 713 2350 766 erant,
2390 705 2472 758 vel
2521 706 2666 774 quod
2699 717 2828 761 ante
2883 707 3016 777 legis
3058 712 3554 779 promulgationem

1975 793 2156 846 Aaron
2186 794 2344 848 duxit
2383 809 2608 849 uxorem
2646 795 2921 850 Elisabeth
2953 813 2983 852 e
3023 797 3164 852 tribu
3199 797 3352 860 Levi.
3387 798 3554 856 liliam

1974 883 2305 950 Aminadah,
2353 896 2410 940 et
2443 899 2690 941 sororem
2733 885 2980 942 Naasson
3013 887 3108 958 qui
3141 897 3262 943 erat
3309 905 3374 944 ex
3409 889 3556 944 trihu

1971 973 2130 1030 Judu.

2049 1253 2213 1310 Vnus.
2241 1257 2332 1311 ‘59.
2370 1255 2597 1326 Propter
2619 1256 2798 1328 angeli
2821 1272 3130 1312 sermonem
3155 1259 3290 1314 exiit
3309 1261 3462 1332 virgo
3481 1261 3551 1315 ad

1975 1357 2234 1402 montana
2272 1366 2286 1402 :
2325 1349 2536 1402 dixerat
2573 1351 2718 1402 enim
2753 1367 2768 1403 :
2807 1350 2941 1405 Ecce
3007 1350 3278 1406 Elisabetlt
3331 1362 3557 1424 cognata

1973 1447 2066 1492 tua
2093 1447 2141 1490 ct
2177 1437 2294 1506 ipsa
2321 1440 2584 1508 concepit.

2045 1529 2212 1584 Vens.
2244 1529 2332 1584 41.
2365 1529 2524 1586 Tunc
2553 1531 2814 1600 impletus
2865 1546 2951 1590 est
2993 1535 3206 1606 Spiritu
3254 1547 3448 1593 sancto
3497 1539 3554 1592 in

1972 1631 2128 1676 utero
2169 1624 2418 1678 inclusus
2449 1623 2632 1679 adhuc
2659 1623 2924 1689 Joannes,
2953 1637 3008 1681 et
3034 1629 3269 1698 partitus
3299 1641 3384 1686 est
3424 1646 3552 1699 gra-

1972 1715 2106 1766 tiam
2141 1728 2264 1768 cum
2295 1723 2492 1777 matre,
2543 1723 2598 1768 ct
2630 1717 3032 1785 prophetizavit
3067 1727 3345 1788 postremo
3379 1719 3555 1774 Elisa—

1973 1806 2101 1860 bcth
2131 1824 2146 1860 :
2192 1805 2486 1860 Benedicta
2513 1815 2568 1858 tu
2603 1807 2658 1860 in
2685 1807 3021 1874 mulieribus,
3059 1809 3272 1875 dicens,
3303 1820 3354 1862 et
3401 1811 3556 1866 bene-

1901 1891 1939 1946 Β
1969 1899 2143 1953 dictus
2197 1899 2405 1968 fructus
2447 1901 2642 1954 ventris
2675 1902 2776 1954 tui.

2045 1988 2208 2044 Vsus.
2241 1991 2330 2044 42.
2379 1990 2546 2044 llecte
2579 1991 2796 2047 fructus
2821 1992 3029 2047 ventris
3066 2003 3294 2048 vocatur
3323 1995 3470 2066 quod
3502 1998 3554 2051 in

1969 2079 2059 2133 illa
2097 2089 2204 2146 est,
2253 2079 2384 2150 quia
2418 2081 2625 2151 absque
2673 2083 2792 2136 viro
2837 2091 2986 2148 erat;
3037 2099 3164 2137 nam
3203 2095 3420 2154 patrum
3459 2086 3554 2140 lllii

1968 2183 2098 2232 sunt
2134 2173 2367 2243 fructus,
2397 2178 2491 2230 sed
2523 2191 2629 2230 non
2655 2178 2870 2232 matris.

2043 2264 2210 2321 Vsus.
2241 2267 2332 2322 46.
2393 2266 2698 2338 Magniﬁcat
2733 2271 2918 2322 anima
2963 2284 3078 2322 mea
3132 2267 3439 2334 Dominam,
3502 2280 3552 2324 ct

1969 2360 2252 2414 exsultavit
2291 2361 2512 2430 spiritus
2545 2377 2721 2428 meus;
2778 2361 3006 2432 spiritus
3049 2370 3106 2416 et
3161 2363 3350 2416 anima
3405 2363 3550 2418 idem

1969 2463 2122 2510 sunt.

2047 2547 2207 2604 Vens.
2245 2549 2333 2604 5|.
2367 2548 2516 2604 Fecit
2559 2551 2848 2618 potentiam
2887 2551 2944 2602 in
2987 2551 3200 2604 brae/tio
3239 2568 3380 2616 suo;
3425 2551 3554 2607 bra-

1971 2639 2155 2692 chium
2187 2637 2366 2692 Patris
2395 2640 2566 2694 Filius
2601 2641 2828 2702 dicitur,
2875 2651 2934 2694 ut
2959 2643 3078 2707 ejus
3109 2643 3300 2698 robur.

2045 2729 2211 2785 Vtilis.
2243 2732 2334 2787 55.
2369 2729 2676 2784 Esurientes
2701 2732 2932 2800 implevit
2969 2731 3139 2797 bouis,
3167 2741 3254 2788 etc
3292 2731 3556 2798 ;Jud:eos

1971 2832 2028 2876 ct
2079 2833 2268 2891 gentes
2329 2823 2608 2894 designat,
2661 2838 2802 2893 quos
2870 2824 3093 2893 repulit,
3151 2837 3208 2880 et
3261 2843 3402 2896 quas
3463 2843 3555 2884 as-

1971 2919 2229 2984 sumpsit.

2045 3007 2212 3064 Vuns.
2245 3009 2334 3062 δι.
2369 3008 2694 3066 Recordatus
2720 3023 2796 3066 est
2841 3015 3225 3069 misericordite
3257 3031 3387 3079 sua,
3417 3015 3560 3069 sicut

1975 3099 2184 3154 locutus
2215 3110 2292 3154 est
2325 3105 2396 3154 at!
2411 3113 2589 3170 patres
2623 3115 2832 3160 nostros
2855 3123 2874 3162 :
2906 3109 3008 3162 hoc
3041 3109 3176 3162 dicit
3218 3121 3441 3179 propter
3490 3111 3560 3165 il.

1975 3190 2064 3246 lud
2099 3209 2112 3244 :
2145 3193 2538 3249 Beuedicentur
2563 3199 2618 3250 in
2647 3201 2846 3254 semine
2881 3211 2974 3256 tuo
2999 3217 3180 3256 omnes
3212 3212 3419 3273 gentes.

2044 3378 2208 3434 Vens.
2249 3379 2339 3436 5'6.
2395 3380 2594 3434 Mansit
2643 3379 2822 3434 Maria
2875 3383 3142 3437 mensibus
3194 3385 3364 3439 tribus
3410 3388 3554 3456 apud

1973 3469 2276 3536 Elizabeth,
2330 3471 2382 3524 id
2421 3481 2526 3536 est,
2581 3487 2758 3540 usque
2789 3472 2856 3526 ad
2893 3474 3238 3528 nativitatem
3295 3474 3552 3538 Joannis,

1973 3578 2098 3616 nam
2131 3574 2290 3616 sexto
2322 3579 2510 3616 mense
2539 3572 2783 3618 venerat.
2833 3565 3036 3618 Mansit
3063 3576 3264 3632 autem,
3299 3568 3554 3624 miraculi

1975 3665 2033 3707 ut
2061 3657 2458 3724 contemplat-et
2489 3657 2722 3720 exitum,
2743 3666 2800 3712 et
2827 3659 2894 3712 de
2933 3659 3050 3712 suis
3087 3660 3330 3729 propriis
3360 3667 3548 3727 anna,

1971 3756 2026 3802 rt
2055 3749 2183 3816 quid
2225 3758 2475 3817 Oporteat
2511 3751 2625 3804 ﬁeri
2661 3749 2805 3806 scire
2831 3751 3042 3805 volens.
3077 3751 3196 3806 Non
3230 3753 3558 3822 simpliciter

1971 3840 2110 3894 dixit
2139 3839 2438 3906 Elizaheth,
2459 3841 2694 3897 Joannes
2724 3852 2956 3906 vocetur,
2987 3843 3082 3898 sed
3109 3853 3371 3914 tanquam
3419 3860 3554 3913 pro-

1975 3934 2241 4000 phetissa,
2276 3933 2558 3990 nestiehat
2612 3935 2760 3988 cutim
2809 3949 2938 4004 quae
2965 3937 3218 3992 nuntiata
3259 3945 3421 3992 erant
3455 3936 3557 3992 Za-

1973 4020 2197 4084 chariae,
2229 4033 2414 4078 mutus
2443 4025 2590 4078 enim
2619 4025 2720 4080 iste
2748 4032 2890 4078 erat.

2045 4179 2214 4238 Vens.
2247 4184 2338 4238 60.
2381 4181 2646 4250 Joannes,
2685 4185 2876 4241 Gratia
2937 4187 3032 4242 Dei
3072 4189 3478 4258 interpretatur,
3524 4204 3556 4244 e

1975 4274 2161 4344 lingua
2193 4273 2458 4332 llehraica
2495 4278 2548 4332 in
2574 4277 2821 4334 Gnceam
2857 4281 3180 4338 translatus.

2057 4477 2216 4534 Vens.
2255 4478 2345 4535 64.
2376 4480 2488 4535 Cur
2523 4481 2676 4550 prius
2722 4481 2960 4536 el'ticitur
3012 4493 3198 4539 mutus
3242 4481 3556 4549 Zacharias,

275 4569 398 4628 εἶτα
423 4574 488 4628 τὴ
511 4573 694 4627 λαλεῖν
721 4572 872 4644 αὖτῷ
899 4571 1104 4624 δίδοται
1126 4587 1140 4637 ;
1173 4571 1293 4622 Ἵνα
1330 4570 1528 4633 πάντες
1558 4569 1866 4638 θαυμάσον-

1985 4582 2165 4642 postea
2208 4581 2390 4626 autem
2423 4573 2639 4643 loquela
2669 4575 2716 4628 ei
2763 4574 3040 4629 redditur?
3063 4576 3346 4630 Utomnes
3385 4577 3560 4630 admi-

274 4685 364 4730 τες
384 4667 464 4731 ώς
483 4667 817 4729 ἀκούσαντες
840 4667 898 4718 τὸ
923 4662 1248 4734 παράδοξον,
1274 4661 1533 4728 δέξωνται
1557 4661 1650 4716 τὸν
1687 4661 1872 4715 Ἰωάν-

276 4776 376 4830 νην
437 4759 817 4832 κηρύττοντα,
873 4757 1090 4827 ἔχοντες
1143 4757 1210 4826 τῇ
1287 4756 1479 4828 μνήμῃ
1539 4754 1760 4808 ἔναυλον
1814 4753 1874 4806 τὸ

279 4849 491 4920 θαῦμα.

351 4943 478 4996 Ὅτι
497 4943 580 5007 τὸ,
603 4939 949 5011 Εὐλογητὸς
980 4941 1198 5009 Κύριος
1233 4943 1267 4994 ὁ
1291 4941 1435 5006 Θεὸς
1467 4938 1576 4992 τοῦ
1611 4938 1874 5006 Ἰσραὴλ,

281 5033 370 5088 ὅτι
401 5035 786 5104 ἐπεσκέψατο
835 5033 934 5088 καί
975 5033 1228 5100 ἐποίησε
1270 5033 1578 5100 λύτρωσιν
1623 5031 1703 5096 τῷ
1747 5032 1878 5096 λαῷ

281 5129 491 5196 αὐτοῦ,
539 5129 635 5182 καὶ
676 5126 774 5198 ὅλη
805 5128 838 5196 ἠ
888 5123 1196 5196 προφητεία
1247 5125 1327 5188 είς
1355 5124 1593 5196 Χριστὸν
1624 5123 1718 5176 καὶ
1749 5123 1879 5196 περὶ

284 5218 524 5291 Χριστοῦ
555 5222 728 5273 ἐστιν.

360 5314 482 5368 Ὀτι
495 5313 554 5367 τὸ
567 5313 792 5382 ποιῆσαι
819 5312 966 5375 ἔλεος
985 5309 1122 5382 μετὰ
1135 5311 1246 5364 τῶν
1265 5309 1521 5381 πατέρων
1538 5307 1696 5378 ἡμῶν
1711 5305 1880 5360 τοιοῦ-
1951 5375 1956 5380 ν

287 5404 378 5458 τόν
398 5407 570 5472 ἐστιν,
595 5407 680 5460 ὅτι
705 5405 778 5458 Τὸ
802 5405 888 5476 ἐφ’
916 5405 1063 5476 ἡμᾶς
1083 5404 1374 5474 γενόμενον
1407 5403 1578 5470 ἕλεος,
1619 5401 1714 5454 καὶ
1742 5400 1880 5472 πρὸς

287 5499 414 5562 τοὺς
459 5500 706 5570 πατέρας
751 5497 907 5568 ἡμῶν
953 5499 1283 5568 ἀνατρέχει·
1319 5495 1567 5550 κοινωνοὶ
1611 5495 1719 5564 γάρ
1773 5496 1878 5546 εἰσι

289 5591 388 5660 τῆς
418 5591 760 5662 εὐφροσύνης
782 5590 962 5662 ἡμῶν,
1001 5591 1158 5660 φησὶ,
1195 5590 1292 5644 καὶ
1331 5589 1487 5642 αὐτοὶ
1512 5587 1587 5651 ὠς
1621 5585 1878 5640 αἰσθανό-

295 5697 467 5750 μενοι.

365 5773 486 5839 Πῶς
537 5777 755 5847 νοητὶον
789 5775 868 5838 τὸ,
920 5775 1136 5838 ’Όίκον
1168 5773 1241 5827 ὃν
1293 5773 1526 5842 ὤμοσε,
1575 5770 1669 5826 καὶ
1711 5769 1877 5840 ὲξῆςς

297 5859 418 5919 Ὅτι
447 5865 599 5922 εἶπεν
639 5867 788 5938 αὐτῷ
823 5869 849 5920 ὁ
896 5866 1026 5930 Θεὸς
1048 5882 1063 5898 ο
1119 5866 1455 5935 Πληθύνων
1501 5863 1790 5933 πληθυνῶ
1814 5863 1880 5916 τὸ

1981 4677 2167 4722 rantes
2222 4665 2495 4722 audiendo
2551 4666 2880 4737 prodigium,
2951 4666 3229 4736 excipiant
3286 4665 3560 4722 Joannem

1977 4759 2392 4829 prmlicantem,
2432 4757 2694 4814 habentes
2746 4768 3023 4814 recentem
3055 4759 3288 4830 prodigii
3353 4775 3564 4814 momo-

1979 4849 2140 4902 riam.

2055 4935 2222 4991 Vsus.
2255 4936 2345 4992 68.
2381 4936 2696 4992 Benedictus
2733 4937 2992 4993 Dominus
3025 4937 3166 4992 Deus
3207 4937 3402 5003 Israel,
3437 4941 3564 5009 quia

1981 5030 2210 5084 uisitauit
2259 5037 2310 5082 et
2355 5028 2478 5097 fecit
2520 5028 2929 5096 redemptionem
2961 5029 3127 5094 plebis
3167 5045 3312 5094 sure;
3348 5039 3402 5083 et
3451 5039 3564 5084 tota

1983 5121 2072 5175 illa
2108 5119 2394 5190 prophetia
2435 5119 2488 5172 in
2525 5118 2806 5173 Christum
2847 5131 2900 5174 et
2929 5119 2997 5174 de
3026 5119 3247 5174 Christo
3275 5129 3382 5176 est.

2057 5309 2220 5366 Vens.
2257 5309 2343 5362 72.
2375 5307 2534 5363 illud.
2569 5307 2774 5364 Facere
2827 5307 3264 5362 misericordiam
3299 5323 3425 5362 cum
3471 5323 3566 5378 pa-

1984 5401 2160 5456 tribus
2193 5400 2418 5464 nostris,
2455 5399 2560 5454 tale
2579 5407 2664 5454 est
2692 5417 2706 5453 :
2740 5397 2902 5454 Facta
2947 5399 2999 5452 in
3033 5413 3136 5450 nos
3167 5399 3567 5464 misericordia,

1984 5491 2050 5544 ad
2086 5501 2269 5560 patres
2301 5503 2521 5558 quoque
2564 5498 2780 5542 nostros
2811 5487 3237 5556 reti-ngreditur;
3273 5488 3568 5558 participes

1983 5581 2287 5636 enimsunt
2338 5580 2510 5635 nostri
2563 5579 2772 5650 gaudii,
2823 5589 2878 5635 et
2917 5579 3020 5650 ipsi
3066 5581 3225 5651 quasi
3275 5579 3405 5634 illud
3441 5597 3569 5636 sen-

1986 5676 2146 5730 tiunt.
2329 5661 2332 5664 ’

2061 5765 2227 5822 Vens.
2262 5765 2351 5820 75.
2383 5765 2670 5832 Quomodo
2703 5765 3136 5838 intelligendum.
3171 5763 3566 5836 Jusjurandum

1987 5860 2368 5930 quatljnrarit,
2389 5869 2440 5916 et
2463 5876 2585 5932 qua:
2611 5861 2952 5930 sequuntur?
2974 5861 3119 5932 quod
3137 5859 3282 5916 Deus
3311 5860 3386 5914 illi
3409 5857 3568 5924 dixit,
