4026 6434
263 421 408 486 1189

254 629 542 700 ῥομφαία,
585 631 714 699 περὶ
738 628 833 681 τοῦ
858 628 1064 691 πάθους
1087 628 1237 695 λέγει
1263 627 1362 682 τοῦ
1388 626 1660 696 Χριστοῦ·
1694 625 1756 677 τὸ
1775 625 1854 690 δὲ,

251 727 465 790 ’Ὅπως
509 723 588 778 ἂν
633 719 1163 789 ἀποκαλυφθῶσιν
1202 720 1271 773 ἐκ
1301 719 1551 774 πολλῶν
1597 717 1858 786 καρδιῶν

257 822 660 892 διαλογισμοὶ,
701 821 854 891 δηλοῖ
897 818 980 871 ὅτι
1031 815 1171 886 μετὰ
1203 814 1296 867 τὸν
1333 810 1730 880 σκανδαλισμδν
1765 811 1856 864 τὸν

255 919 356 972 ἐπὶ
384 915 478 970 τοῦ
511 913 747 986 σταυροῦ
778 913 874 966 τοῦ
912 908 1151 981 Χριστοῦ
1185 907 1482 977 γενόμενον
1511 908 1622 968 τοῖς
1653 923 1712 957 τε
1752 921 1857 974 μαι

255 1007 452 1078 θηταῖς
485 1007 578 1058 καὶ
617 1005 754 1074 αὑτῇ
787 1006 853 1073 τῇ
884 1000 1161 1068 Θεοτόκῳ.
1194 996 1433 1067 τάχιστά
1461 1013 1547 1058 τις
1585 997 1729 1059 τασις
1756 996 1855 1048 ἐπ-

257 1098 624 1168 ακολουθήσει
651 1098 728 1159 είς
762 1096 860 1165 τὴν
885 1095 1070 1147 πίστιν
1095 1091 1190 1146 τοῦ
1224 1089 1488 1161 Χριστοῦ.
1517 1090 1587 1140 Ἢ
1614 1088 1817 1158 ἑτέρως
1837 1104 1852 1120 ο

258 1192 452 1253 Ὅπως
482 1189 547 1242 ἂν
574 1190 807 1241 ἑκάστου
838 1189 865 1240 ὁ
895 1185 1158 1255 λογισμὸς
1206 1182 1504 1252 ἀποδειχθῇ
1557 1181 1706 1242 ὅπως
1747 1181 1854 1231 ὑπ-

258 1282 492 1346 ετόπαζε
525 1282 647 1352 περὶ
676 1279 865 1344 αὑτοῦ,
900 1279 994 1332 καὶ
1029 1277 1112 1339 τίς
1143 1277 1171 1327 ὁ
1203 1275 1436 1343 ἀγαπῶν
1457 1274 1622 1327 αὐτὸν
1653 1278 1748 1326 καὶ
1773 1273 1856 1335 τίς

258 1377 287 1426 ὁ
323 1373 502 1445 μισῶν
513 1415 526 1428 .

330 1467 397 1520 Τί
434 1465 583 1535 λέῩει
615 1465 695 1518 ὅτι
729 1467 760 1533 ἡ
799 1465 1073 1534 προφῆτις
1109 1463 1279 1514 Ἀννα
1313 1458 1748 1529 ἀνθωμολογεῖτο
1776 1455 1854 1527 τῷ

256 1561 411 1631 Θεῷ;
460 1561 606 1614 Ἀντὶ
637 1557 754 1622 τοῦ,
793 1557 1127 1628 Ηὺχαρίστει
1157 1571 1172 1586 ·
1208 1553 1388 1608 ἐλάλει
1417 1552 1476 1605 δὲ
1509 1552 1636 1622 περὶ
1664 1542 1852 1614 αὐτοῦ,

255 1654 338 1707 ὅτι
372 1651 536 1715 αὐτὸς
565 1650 653 1719 εῐη
686 1651 714 1702 ό
743 1647 1060 1719 Λυτρωτὴς,
1095 1646 1257 1708 αὐτὸς
1287 1647 1315 1698 ό
1353 1643 1566 1714 Σωτὴρ,
1595 1635 1752 1704 οὗτος
1775 1643 1850 1705 εἰς

252 1744 433 1815 χαρὰν
457 1741 780 1814 περιτρέψει
813 1741 910 1811 τὴν
932 1741 1260 1810 κατήφειαν.

315 1836 564 1902 Ηύξανε
592 1836 778 1905 σοφίᾳ
813 1834 910 1887 καὶ
954 1832 1171 1901 χάριτι,
1206 1831 1306 1884 οὐκ
1334 1829 1393 1882 ἐν
1438 1827 1520 1899 τῷ
1565 1842 1853 1897 προσλαμ-

1366 412 1689 472 SCHOLIA
1721 409 2021 471 VETERA
2059 411 2140 471 IN
2183 410 2464 476 LUCAM.

335 543 458 592 ’Ὁτι
492 539 575 606 τὸ,
622 538 742 592 Σοῦ
771 537 841 590 δὲ
877 536 1068 605 αὐτῆς
1093 535 1212 602 τὴν
1236 535 1452 604 ψυχὴν
1473 534 1850 586 διελεύσεται
1882 540 1925 594 Α

3413 420 3552 489 11(ιο

2034 529 2197 585 Vens.
2232 533 2321 586 55.
2351 532 2520 586 Tuam
2563 534 2730 602 ipsius
2763 537 3002 592 animam
3045 544 3392 609 pet-transibit
3431 549 3548 615 glu-

1963 623 2103 686 dius,
2134 623 2201 677 de
2233 625 2494 693 passione
2525 626 2727 680 dicitur
2768 628 2996 686 Christi.
3053 632 3121 686 Ut
3166 636 3460 690 revclcntur
3491 654 3555 692 ea:

1963 715 2148 771 multis
2188 717 2436 772 cordibus
2470 722 2839 790 cogitationes,
2870 729 3114 781 ostendit
3138 728 3284 797 quod
3318 729 3363 783 si
3398 747 3556 783 scau-

1960 808 2148 863 (lalum
2199 809 2250 862 in
2295 826 2458 864 cruce
2491 800 2694 868 Christi
2731 815 2920 870 datum
2969 818 3136 872 fuerit
3181 820 3466 890 discipulis
3501 833 3554 876 et

1961 897 2064 967 ipsi
2101 899 2364 968 Deiparai,
2412 900 2702 959 confestim
2749 910 2998 976 quautam
3045 911 3258 964 sanatio
3296 901 3552 967 secutura

1960 993 2033 1047 sit
2065 1009 2160 1060 per
2193 994 2351 1048 [idem
2379 995 2431 1048 iu
2465 995 2704 1053 Christo.
2727 1002 2838 1055 Aut
2867 1001 3030 1056 aliter
3061 1013 3120 1057 ut
3147 1005 3421 1074 cujusque
3452 1022 3554 1060 co-

1949 1084 2151 1154 gitatio
2207 1089 2501 1155 reveletur,
2543 1094 2822 1162 quomodo
2873 1095 2941 1149 tle
2990 1095 3083 1150 illo
3130 1098 3466 1168 reputaverit
3499 1110 3554 1154 et

1959 1177 2084 1247 quis
2107 1181 2371 1236 amaverit
2391 1193 2446 1237 et
2479 1187 2605 1254 quis
2625 1187 2803 1241 oderit
2829 1204 2979 1243 eum.
3523 1193 3527 1196 ’

2033 1451 2202 1508 Vens.
2228 1454 2317 1509 58.
2355 1455 2498 1524 Quid
2519 1459 2793 1528 siguilicat
2819 1462 2986 1528 istud,
3009 1465 3169 1519 Anna
3201 1466 3541 1534 prophetissa

1968 1543 2323 1613 conﬁtebatur
2353 1546 2506 1602 Deo?
2528 1551 2580 1605 id
2599 1560 2682 1605 est
2711 1553 2916 1621 gratias
2943 1557 3157 1624 agebat.
3198 1556 3552 1627 Loquebatur

1957 1650 2141 1692 autem
2181 1640 2250 1695 de
2290 1641 2403 1706 illo,
2455 1643 2608 1697 illum
2663 1642 2912 1700 futurum
2945 1661 3068 1702 esse
3107 1648 3550 1719 Redemptorem,

1963 1728 2327 1798 Salvatorem,
2358 1744 2415 1789 et
2445 1734 2499 1788 in
2535 1736 2779 1792 laetitiam
2809 1755 3206 1796 conversurum
3247 1742 3550 1798 tristitiam.

2033 1819 2196 1878 Vens.
2230 1823 2322 1878 40.
2370 1824 2652 1881 Crescebat
2693 1831 2958 1896 sapientia
3001 1840 3052 1886 et
3095 1833 3298 1902 gratia,
3341 1849 3450 1888 non
3496 1836 3550 1890 in

254 1931 442 2002 βάνειν
485 1946 581 1984 τι·
625 1929 714 1982 ἀεὶ
743 1927 852 1998 γὰρ
883 1925 995 1996 εἶχε
1024 1926 1085 1978 τὸ
1125 1923 1331 1994 πλῆρες
1364 1937 1379 1953 ⁸
1422 1919 1558 1974 ἀλλὰ
1588 1919 1682 1971 τοῦ
1717 1915 1847 1970 Θεοῦ

1963 1911 2276 1982 accipiendo
2306 1915 2612 1986 quidpiam,
2643 1934 2860 1989 semper
2888 1922 3034 1976 enim
3084 1923 3280 1979 habuit
3311 1925 3551 1994 plenitu-

251 2025 431 2094 Λόγου
466 2026 535 2095 τῇ
575 2022 672 2077 τοῦ
721 2021 976 2090 σώματος
1016 2018 1207 2090 ἡλικίᾳ
1242 2016 1676 2076 συνεκτείνοντος
1705 2011 1850 2065 κατὰ

249 2116 429 2188 βραχὺ
461 2115 563 2186 τῆς
593 2114 785 2183 σοφίας
810 2112 905 2166 καὶ
934 2111 1034 2180 τῆς
1072 2109 1296 2179 χάριτος
1314 2107 1418 2178 τὴν
1453 2105 1739 2174 ἐκφανσιν.

317 2308 448 2361 Ὅτι
481 2305 598 2368 πῶς
643 2303 794 2372 λέγει
837 2305 870 2373 ἡ
919 2299 1161 2368 παναγία
1206 2298 1490 2361 Θεοτόκος.
1541 2295 1692 2351 Ἰδοὺ
1723 2293 1844 2365 ἐγὼ

247 2403 345 2454 καὶ
415 2403 448 2454 ό
515 2400 713 2468 πατήρ
759 2414 879 2451 σου
937 2393 1305 2462 ὀδυνώμενοι
1355 2390 1684 2460 ὲζητοῦμέν
1731 2405 1847 2453 σε;

258 2493 638 2563 Ἐπισταμένη
687 2492 769 2544 ὅτι
821 2491 885 2542 ὲκ
929 2486 1231 2557 παρθενίας
1301 2487 1452 2537 ἐστὶν
1516 2481 1844 2553 ἁμολύντου,

247 2586 332 2639 διὰ
391 2587 513 2648 τοὺς
563 2583 865 2645 ἀκούοντας
923 2578 1302 2640 διδασκάλους,
1353 2575 1542 2646 ἐπειδὴ
1594 2572 1846 2644 ἐνόμιζον

246 2677 417 2729 αὑτὸν
474 2679 538 2729 ἐκ
570 2674 829 2745 πορνείας
870 2669 1028 2726 εἶναι.
1079 2670 1201 2734 Ιιῶς
1237 2669 1489 2739 ἐνόμιζον
1530 2667 1702 2721 ,αὐτὸν
1734 2667 1845 2718 ἁπ-

245 2768 609 2840 ελη).υθέναι;
667 2762 778 2836 ἆρα
823 2766 899 2829 ὡς
960 2763 1316 2832 πλανώμενον
1374 2761 1522 2832 ἥὸτι
1564 2758 1844 2825 ἁπό>.ωλε;

245 2862 388 2933 Οὐχί
414 2877 428 2891 ·
468 2859 588 2915 ἀλλ’
623 2859 697 2922 ὡς
743 2858 1061 2930 νομίζοντες
1103 2856 1186 2909 ὅτι
1226 2855 1522 2909 κατέλιπεν
1571 2853 1771 2916 αὐτοὺς
1809 2851 1842 2924 ἢ

242 2955 463 3024 ἀπέστη
499 2953 595 3007 ἀπ’
627 2951 806 3005 αὐτῶν
832 2967 846 2982 ο
880 2950 958 3004 διὸ
993 2952 1087 3003 καὶ
1119 2949 1259 3020 αὐτὴ
1278 2949 1353 3010 ὡς
1388 2947 1599 3002 ἐκείνου
1632 2947 1844 3015 πατέρα

241 3045 330 3099 τὸν
391 3044 592 3116 Ἰωσὴφ
627 3043 882 3113 ὠνόμασε
910 3042 1000 3095 διὰ
1032 3042 1158 3103 τοὺς
1192 3040 1481 3103 Ἰουδαίους
1505 3056 1520 3071 ο
1551 3039 1713 3102 αὐτὸς
1745 3038 1844 3110 τὴν

244 3139 510 3192 ὑπόνοιαν
532 3137 816 3191 ἐκκόπτων
839 3135 1044 3206 ταύτην
1069 3135 1232 3188 πάλιν
1252 3134 1440 3201 ἔλεγεν
1460 3151 1472 3162 ·
1493 3135 1615 3187 Οὐκ
1642 3132 1843 3201 ᾔδειτε

251 3230 336 3286 ὅτι
355 3231 432 3285 ἐν
459 3230 586 3297 τοῖς
617 3229 725 3284 τοῦ
763 3231 997 3298 Πατρός
1021 3245 1142 3296 μου
1173 3225 1270 3280 δεῖ
1298 3222 1455 3280 εἷναί
1474 3243 1552 3295 με
1564 3242 1584 3291 ;
1631 3225 1843 3296 πατέρα

253 3327 416 3381 αὑτοῦ
467 3325 642 3397 δηλῶν
671 3325 762 3378 τὸν
789 3325 945 3388 Θεὸν,
973 3323 1090 3376 ἀλλ’
1125 3323 1186 3374 οὐ
1222 3321 1312 3374 τὸν
1346 3319 1543 3393 Ἰωσήφ
1570 3337 1581 3348 ·
1612 3321 1683 3373 ἐν
1718 3320 1843 3386 τοῖς

251 3419 353 3473 τοῦ
389 3419 625 3486 Πατρός
651 3419 705 3472 δὲ
729 3413 881 3471 εἶπεν
910 3415 1001 3469 διὰ
1023 3415 1116 3469 τὸν
1149 3415 1277 3468 ναὸν
1309 3416 1366 3466 ὲν
1462 3409 1551 3485 ἦν,
1584 3413 1718 3466 ὅπου
1751 3411 1846 3466 καὶ

251 3511 451 3582 εὑρέθη
482 3511 841 3581 ζητούμενος.

251 3597 256 3602 “
319 3605 417 3656 Διὰ
473 3604 524 3656 τί
575 3603 775 3674 γράφει
806 3620 820 3634 ·
867 3601 977 3656 Καὶ
1017 3598 1098 3672 ἦν
1144 3599 1654 3668 ὑποτασσόμενος
1721 3595 1844 3660 τοῖς

252 3696 539 3764 γονεῦσιν
578 3695 803 3759 aurai};
849 3694 1213 3765 Παράδειγμα
1259 3691 1352 3745 τὸν
1401 3689 1569 3744 αὑτοῦ
1606 3690 1720 3760 βίον
1753 3691 1846 3742 καὶ

253 3793 422 3862 χωρὶς
454 3791 553 3861 τῆς
590 3791 811 3859 διδαχῆς
840 3787 1166 3858 ποιούμενος
1187 3789 1342 3857 ἡμῖν.

323 3884 452 3937 Ὅτι
482 3887 562 3947 τὸ,
592 3884 835 3948 Ηῠξανε
868 3883 1056 3951 σοφίᾳ
1092 3880 1192 3934 καὶ
1216 3879 1448 3947 ἡλικίᾳ,
1487 3877 1845 3949 σημαίνειότι

255 3977 586 4048 συμπαρῆγε
625 3976 701 4046 τῷ
756 3975 935 4048 χρόνῳ
978 3975 1075 4044 τῆς
1122 3972 1365 4043 ἡλικίας,
1408 3971 1508 4042 τὴν
1575 3968 1844 4039 ἐλλαμψιν

250 4070 348 4141 τῆς
379 4071 673 4141 Θεότητος.

883 4195 1136 4248 ΚΙΞΦΑΛ.
1161 4193 1235 4249 Γ¹.

318 4326 418 4381 Διά
443 4324 497 4378 τί
526 4324 806 4395 μέμνηται
838 4322 932 4376 τοῦ
958 4322 1153 4393 χρόνου
1177 4318 1288 4372 τῶν
1322 4318 1602 4389 ἀρχόντων
1634 4317 1840 4386 λέγων·

262 4417 356 4472 Ἐν
414 4415 535 4471 ἔτει
595 4413 1118 4488 πεντεκαιδεκάτῳ
1187 4412 1451 4480 Τιϐερίου
1509 4410 1844 4477 Καίσαρος

251 4507 369 4562 Ἷνα
400 4507 622 4578 γνῶμεν
648 4509 729 4561 ὅτι
762 4507 820 4558 ὲν
857 4507 970 4566 τοῖς
998 4505 1097 4571 τῆς
1136 4501 1602 4574 ὲνανθρωπήσεως
1631 4501 1845 4573 χρόνοις

249 4601 480 4656 καθόλου
510 4601 696 4671 ἄρχων
742 4599 993 4660 Ἰουδαῖος
1027 4595 1292 4661 ἐξέλιπεν.

220 4742 227 4748 ,
317 4693 417 4746 Διὰ
445 4692 498 4746 τί
529 4695 718 4761 γέγονε
747 4691 808 4744 τὸ
840 4691 994 4760 ῥῆμα
1018 4690 1097 4759 τῷ
1144 4688 1369 4760 Ἰωάννη
1419 4688 1478 4741 ἒν
1507 4688 1574 4758 τῇ
1606 4687 1834 4758 ὲρήμῳ;

261 4785 481 4856 Ἐπειδὴ
519 4784 690 4838 πολλὰ
726 4783 796 4837 τὰ
835 4781 1003 4836 τέκνα
1035 4781 1104 4834 δι’
1138 4779 1305 4834 αὐτοῦ
1347 4777 1542 4850 ἔμελλε
1585 4776 1838 4846 γίνεσθαι

249 4878 344 4947 τῆς
371 4882 578 4951 ἐρήμου
620 4879 718 4932 καὶ
755 4875 1021 4947 ἀνάνδρου
1052 4875 1085 4947 ἢ
1125 4877 1224 4946 τῆς
1252 4873 1486 4946 ἐχούσης
1523 4872 1616 4926 τὸν
1644 4870 1836 4927 ἄνδρα.

317 5062 443 5117 Ὀτι
478 5065 538 5118 τὸ
572 5063 672 5134 μὲν
700 5061 812 5116 τῶν
867 5061 1140 5115 Ἰουδαίων
1183 5059 1468 5130 βάπτισμα
1499 5059 1678 5130 πάντη
1708 5059 1839 5112 ἀτε-

248 5151 333 5216 λὲς
363 5150 431 5226 ἦν
455 5171 472 5187 ·
501 5155 565 5209 τὸ
615 5155 866 5209 Ἰωάννου
899 5153 1238 5223 τελειότερον
1272 5151 1364 5206 διὰ
1406 5151 1700 5220 μετανοίας
1729 5167 1742 5180 ·
1778 5167 1839 5203 το

247 5246 302 5299 δὲ
328 5249 565 5320 Χριστοῦ
595 5248 877 5318 ὲξαλείφον
909 5246 1080 5318 χωρὶς
1105 5245 1395 5316 μετανοίας
1429 5243 1729 5315 ἁμαρτίας.

318 5430 440 5494 Πῶς
471 5430 692 5503 von-sieo
736 5431 819 5495 τὸ,
867 5426 1044 5484 Πᾶσα
1079 5427 1320 5498 φάραγξ
1349 5427 1834 5498 πληρωθήσεται,

250 5521 347 5573 καὶ
389 5521 509 5588 πᾶς
555 5523 787 5590 βουνὸς
849 5522 1402 5589 ταπεινωθήσεται;
1456 5522 1680 5592 Ἐπειδὴ
1727 5521 1836 5592 γὰρ

249 5609 401 5666 εἶπεν
425 5631 438 5646 ο
485 5615 874 5686 Ἑτοιμάσατε
911 5614 1030 5684 τὴν
1077 5613 1223 5669 ὁδὸν
1253 5614 1512 5684 Κυρίου*
1546 5613 1840 5685 ἀποκρίνε-

248 5721 338 5758 ται
369 5706 557 5781 ὥσπερ
603 5711 670 5762 ἐκ
701 5709 798 5763 τοῦ
826 5708 1216 5780 διαποροῦντος
1260 5707 1382 5772 πῶς
1419 5707 1580 5761 τοῦτο
1625 5707 1838 5777 ἑνδέχε·

250 5813 356 5866 ται,
396 5800 569 5870 λέγων
598 5804 684 5857 ὅτι
723 5805 832 5857 πᾶν
869 5803 930 5856 τὸ
973 5803 1111 5874 πρὸς
1140 5803 1233 5857 τὸν
1268 5801 1370 5872 τῆς
1399 5801 1602 5872 ἀρετῆς
1635 5801 1838 5873 δρόμον

252 5891 564 5963 ἐμποδίζον,
605 5896 1036 5970 διορθωθὴσεται
1077 5897 1182 5951 ὑπὸ
1227 5895 1321 5951 τοῦ
1364 5893 1604 5967 Χριστοῦ
1641 5909 1655 5923 ³
1698 5896 1836 5968 ὅπερ

1955 2005 2164 2070 dinem,
2201 2006 2295 2060 sed
2331 2010 2480 2078 quod
2518 2009 2660 2065 Deus
2689 2011 2932 2068 Verbum
2969 2017 3272 2070 secundum
3303 2019 3551 2086 corporis

1955 2096 2360 2153 incrementum
2390 2104 2751 2170 expromebat
2774 2107 2984 2162 sensim
3021 2108 3308 2177 sapientiae
3335 2117 3390 2163 et
3419 2126 3548 2179 gra-

1953 2191 2041 2245 tiae
2072 2191 2599 2248 manifestatiouem.

2031 2283 2196 2337 Vens.
2240 2283 2325 2338 48.
2361 2283 2653 2351 Quomodo
2689 2287 2822 2344 dicit
2870 2291 3224 2347 sanctissima
3271 2291 3496 2363 Deipara
3531 2311 3545 2347 :

1939 2373 2093 2429 .Eccc
2140 2393 2234 2447 ego
2276 2387 2327 2431 et
2369 2377 2534 2432 Pater
2581 2389 2703 2434 tuus
2759 2383 2994 2437 dolentes
3036 2385 3402 2454 qurerebamus
3457 2390 3550 2442 te?

1953 2469 2151 2524 Sciens
2182 2485 2242 2524 se
2290 2470 2664 2540 virginitatem
2697 2474 3017 2530 inviolatam
3064 2493 3305 2543 servare,
3349 2481 3424 2533 ita
3468 2480 3550 2533 lo-

1951 2563 2140 2630 quitur
2166 2563 2236 2615 ob
2266 2562 2523 2618 doctores
2564 2567 2879 2630 audientes,
2913 2570 3042 2638 quia
3076 2571 3340 2638 putabant
3387 2571 3545 2626 illum

1952 2672 1982 2708 e
2009 2653 2378 2712 fornicatione
2411 2668 2598 2712 natum
2629 2677 2776 2716 esse.
2803 2661 3092 2726 Quomodo
3127 2663 3390 2731 putabant
3419 2679 3546 2718 eum

1951 2747 2188 2801 abiisse?
2223 2764 2354 2803 num
2382 2753 2527 2820 quod
2554 2764 2799 2808 errasset
2830 2764 2925 2807 aut
2948 2755 3246 2824 periisset?
3279 2755 3543 2821 minime;

1951 2841 2047 2898 sed
2081 2843 2348 2912 putabant
2372 2861 2495 2899 cum
2521 2847 2645 2902 illos
2678 2848 2970 2916 reliquisse
2997 2857 3044 2902 et
3083 2851 3281 2904 abesse
3314 2849 3386 2904 ab
3417 2849 3545 2905 illis.

1951 2935 2078 2991 Ideo
2108 2945 2165 2990 et
2196 2937 2311 3007 ipsa
2341 2937 2544 3007 Joseplt
2585 2951 2642 2994 ut
2669 2940 2788 3010 ejus
2829 2951 3036 3009 patrem
3073 2943 3287 2996 vocavit
3320 2953 3548 3011 propter

1950 3027 2191 3083 Judreos.
2230 3029 2327 3084 llle
2377 3030 2520 3086 banc
2571 3032 2944 3101 suspicionem
2981 3043 3041 3088 ut
3072 3034 3341 3090 adimeret
3361 3036 3534 3091 dixit:

1949 3119 2278 3174 Nesciebatis
2312 3123 2439 3191 quia
2469 3123 2523 3175 in
2560 3123 2643 3176 his
2686 3140 2805 3194 qua:
2833 3125 3013 3180 Patris
3050 3129 3155 3180 mei
3189 3136 3314 3182 sunt
3338 3134 3548 3194 oportet

1954 3229 2035 3266 me
2057 3229 2169 3266 esse
2193 3214 2218 3263 ?
2245 3223 2452 3282 patrem
2479 3231 2639 3270 suum
2674 3216 2840 3272 Deum
2870 3221 3188 3280 ostendens.
3219 3229 3273 3274 et
3309 3236 3419 3275 non
3451 3220 3547 3274 Jo-

1947 3306 2103 3374 St'pil.
2154 3303 2219 3358 In
2275 3306 2356 3360 his
2399 3323 2517 3375 qua:
2550 3307 2737 3363 Patris
2777 3320 2922 3372 sunt.
2956 3311 3119 3375 dixit,
3156 3323 3378 3382 propter
3407 3323 3545 3368 tem-

1946 3400 2096 3468 plum
2130 3400 2183 3453 in
2217 3415 2328 3469 quo
2355 3412 2472 3455 erat
2505 3403 2729 3471 quando
2757 3403 3027 3472 quaesitus
3059 3405 3425 3460 inveniretur.

2022 3588 2294 3644 \’t:ns.5l.
2331 3588 2444 3643 Cur
2480 3588 2746 3644 scribitur
2783 3606 2798 3644 :
2842 3588 2908 3643 Et
2937 3600 3053 3644 erat
3077 3590 3322 3644 subditus
3350 3609 3545 3659 parm-

1947 3682 2087 3735 tibus
2155 3683 2314 3736 suis?
2360 3680 2766 3751 Utexemplum
2818 3684 2979 3737 nobis
3035 3686 3372 3752 prazlzerctur
3422 3690 3543 3756 ejus

1946 3771 2057 3824 vita
2092 3771 2172 3824 vel
2203 3771 2412 3840 absque
2443 3771 2716 3826 doctrina.

2021 3863 2187 3918 Vens.
2223 3864 2314 3918 52.
2358 3864 2679 3931 Proﬁciebat
2717 3865 2982 3933 sapientia
3039 3874 3088 3918 et
3140 3876 3318 3933 (etate,
3372 3868 3544 3937 signi-

1949 3953 2079 4007 licat
2131 3963 2350 4024 tempus
2399 3955 2577 4009 aetatis
2610 3955 2878 4025 consequi
2946 3955 3260 4012 Diviuitatis
3308 3958 3543 4014 manile-

1944 4047 2263 4102 stationem.

2575 4193 2804 4249 CAPUT
2854 4196 2940 4249 ΙΙΙ.

2022 4321 2190 4377 Vens.
2226 4323 2277 4377 1.
2311 4322 2424 4377 Cur
2452 4332 2670 4394 tempus
2727 4325 3035 4395 principum
3100 4338 3394 4393 memorat,
3457 4330 3542 4384 di-

1946 4418 2158 4473 cendo:
2184 4417 2338 4471 Anno
2369 4418 2558 4487 quinto
2595 4419 2798 4472 decimo
2817 4419 3016 4473 Tiberii
3050 4418 3319 4476 Ctesaris?
3353 4422 3416 4479 Ut
3445 4440 3541 4478 co-

1949 4527 2281 4580 gnoscamus
2331 4513 2478 4582 quod
2515 4512 2568 4566 in
2607 4513 2951 4581 temporibus
3002 4513 3400 4573 incarnationis
3442 4515 3540 4572 Ju-

1874 4607 1918 4664 D
1948 4603 2190 4656 datorum
2219 4602 2562 4674 principatus
2597 4603 2829 4658 omnino
2859 4613 3200 4658 cessaverat.

2023 4693 2186 4748 Vens.
2214 4693 2268 4748 2.
2301 4694 2412 4750 Cur
2470 4695 2676 4751 factum
2733 4705 2819 4750 est
2864 4695 3092 4750 verbum
3127 4696 3342 4752 Domini
3375 4714 3540 4768 super

1939 4788 2210 4845 Joannem
2244 4789 2297 4843 in
2323 4787 2730 4854 descrto?Quia
2768 4787 2953 4858 plures
2980 4787 3077 4841 ﬁlii
3109 4803 3208 4858 per
3237 4789 3388 4844 illum
3423 4791 3540 4846 ﬁeri

1943 4883 2219 4938 debebant
2290 4881 2564 4938 derelictae
2594 4892 2648 4937 et
2690 4881 2810 4936 sine
2867 4880 3007 4948 viro,
3057 4897 3222 4952 quam
3284 4883 3540 4940 habentis

1939 4991 2184 5120 “$3.5.
2214 5065 2269 5120 3.
2301 5062 2614 5121 Judaeorum
2664 5063 2886 5133 quidem
2922 5063 3197 5134 baptisma
3237 5065 3534 5121 admodum

1941 5158 2322 5228 imperfectum
2349 5165 2488 5223 erat,
2519 5155 2750 5211 Joannis
2802 5155 3098 5226 perfectius
3130 5173 3228 5226 per
3258 5158 3533 5227 poeniten-

1941 5250 2101 5314 tiam;
2129 5249 2332 5303 Christi
2365 5264 2497 5303 vero
2523 5249 2795 5319 baptisma
2827 5249 3100 5311 mundans
3143 5260 3369 5320 peccata
3413 5251 3534 5306 sine

1939 5342 2281 5412 patuitentiat

2017 5431 2177 5486 Vens.
2218 5431 2272 5492 5.
2297 5430 2592 5498 Quomodo
2644 5429 3054 5500 intelligendum
3092 5449 3107 5485 :
3139 5428 3328 5484 Omnis
3372 5431 3536 5486 vallis

1941 5523 2268 5593 implebitur,
2292 5531 2343 5577 et
2370 5523 2542 5577 omnis
2605 5538 2757 5577 mons
2793 5521 3172 5576 humiliabitur
3206 5522 3231 5575 .9
3258 5521 3532 5588 Quoniam

1941 5620 2088 5674 enim
2123 5617 2262 5673 dixit
2295 5636 2309 5671 :
2346 5617 2544 5672 Parate
2576 5619 2713 5672 viant
2753 5616 2992 5681 Domini,
3019 5616 3338 5688 respondet,
3371 5618 3531 5686 quasi

1941 5712 2143 5781 aliquis
2193 5711 2474 5766 dubitaret
2529 5711 2806 5782 quomodo
2865 5711 2917 5766 id
2965 5711 3282 5780 contingere
3335 5711 3529 5780 possit,

1941 5804 2176 5871 dicendo
2211 5819 2227 5860 :
2259 5804 2433 5860 Omne
2462 5813 2650 5859 contra
2679 5804 2898 5861 virtutis
2926 5821 3149 5860 cursum
3188 5804 3532 5860 obstaculum

1942 5895 2223 5954 auferetur
2252 5911 2283 5953 a
2317 5897 2556 5966 Christo,
2595 5897 2775 5973 qualis
2800 5907 2882 5955 est
2937 5913 3125 5967 mons;
3157 5905 3211 5955 et
3241 5899 3286 5956 si
3322 5897 3529 5954 malitia
