2013 3211
267 183 338 216 1101

624 188 820 219 OPUSCULA
840 190 1054 222 SCRIPTUM

1107 192 1162 223 [CA
1180 193 1356 224 ΙΝΟΕΒΤΑΞ
1372 193 1531 225 [ΕΤΑἸῚΞ.

1835 197 1896 231 1192

266 241 433 276 profundum
447 247 586 277 0rcurrat,
604 243 630 270 in
646 243 751 278 aequale
761 249 787 272 et
793 244 905 279 planum
921 254 1051 281 compara

1114 246 1189 273 ἐστὶν
1220 247 1294 281 ὅρος,
1320 248 1373 274 κᾶν
1398 247 1480 282 βαθος
1495 246 1596 280 κακίας
1617 247 1679 285 ἔχῃ,
1698 250 1766 285 πρὸς
1776 251 1897 284 ἐξίσωσιν

268 287 354 315 bitur.

304 333 386 361 Vens.
403 333 428 361 6.
446 334 518 368 Quid
546 335 683 371 signiﬁcat
707 346 714 364 :
741 337 844 366 Videbit
877 339 964 365 annuis
996 346 1061 366 caro

267 378 395 406 Str/utare
411 379 459 407 Dei
472 381 485 407 Ρ
501 379 530 408 1d
545 387 598 415 est,
614 390 668 409 non
687 383 810 417 Judaeus,
823 389 851 411 et
868 384 913 412 hic
937 383 980 412 vel
1005 384 1061 416 ille;

265 425 311 452 sed
325 426 358 452 ad
372 426 504 454 terminos
519 431 599 455 terra:
613 429 817 463 praedicabitnr.

300 469 382 498 Vsus.
399 471 443 499 ll.
463 473 650 508 lnterrogatus
664 482 679 501 ιι
694 476 783 503 turbis
808 475 942 510 Joannes,
958 476 1061 511 cuique

264 518 402 552 propriam
427 526 507 554 opem
532 520 595 547 tulit
620 529 628 548 :
649 522 737 549 turbis
756 522 886 557 quidem,
910 527 940 550 ut
966 527 1062 551 mutua

263 564 397 592 charitate
424 570 551 600 utantur;
570 567 734 602 publicanis,
748 570 892 598 avaritiam
922 570 1060 606 prohibet;

265 609 411 644 militibus,
430 613 569 640 neminem
584 617 615 641 ut
631 615 801 643 concutiant.

299 723 381 751 Vsus.
397 725 424 751 5.
441 725 497 752 Cur
511 725 622 761 triginta
639 734 728 754 annos
741 727 845 755 habens
865 728 941 755 venit
959 733 987 756 ut
1016 729 1061 756 ba-

262 770 402 804 ptizetur?
425 771 495 803 Quia
511 777 578 799 tutas
599 772 644 798 illa
673 773 729 806 jam
762 774 924 801 conlirmala
942 778 1001 807 cst;
1024 776 1060 802 ita

262 817 348 843 Adam
366 817 504 851 perlectus
533 823 641 845 creatus
667 824 728 850 est,
747 824 773 846 et
791 821 942 848 naturalem
974 822 1059 857 legem

261 862 375 897 recepit.
387 862 580 890 Discordantia
597 864 722 898 qua-dam
736 873 796 892 esse
812 866 918 893 videtur
931 867 963 893 de
976 876 1060 902 gene-

263 908 372 935 ratione
401 909 553 935 secundutn
579 916 689 936 carnem
717 910 824 938 Domini
856 911 919 939 Jesu
944 913 1058 942 Christi:
1075 924 1098 953 Β

264 953 381 980 Matthzei
409 954 519 988 quidem
539 955 696 990 genealogia
719 965 733 983 a
758 957 905 986 Salomone.
923 959 1017 995 incipit
1033 967 1060 988 et

261 999 363 1027 desinit
375 1000 402 1027 in
419 1000 536 1027 Malham
554 1006 580 1029 et
594 1000 679 1029 Jacob
707 1008 732 1030 ct
747 1002 848 1039 Joseph
869 1014 875 1031 :
895 1004 976 1033 Luca:
995 1015 1060 1035 vero

260 1044 417 1078 genealogia
433 1044 562 1072 aNathan
575 1046 727 1077 descendit.
743 1052 770 1074 et
783 1048 883 1075 desinit
901 1048 927 1075 in
943 1049 1058 1083 Mathat,

259 1088 319 1116 Heli
343 1094 371 1117 et
393 1089 508 1126 .loseph,
523 1092 560 1118 ita
586 1092 697 1119 indubie
714 1094 832 1129 quisque
852 1102 948 1122 eorum
975 1097 1057 1123 aliaat

260 1135 464 1169 generationem
488 1137 620 1172 exponit;
634 1142 661 1165 et
688 1138 794 1166 videtur
815 1140 986 1174 impossibile
997 1149 1058 1169 esse

257 1179 359 1215 Joseph
390 1181 437 1216 qui
465 1183 624 1210 nominatur
661 1184 703 1211 vir
728 1186 911 1213 sanctissima:
936 1187 1058 1222 Deipara:

257 1231 286 1253 et
303 1226 388 1254 Jacob
405 1233 509 1263 patrem
528 1228 587 1257 Heli
605 1230 746 1258 habuisse.
761 1232 813 1259 Sed
828 1240 1057 1268 recognoscemus

259 1278 440 1308 apparentem
457 1279 568 1303 tantum
584 1284 645 1304 esse
663 1278 876 1306 diseordantiam
892 1289 898 1306 :
912 1279 1021 1307 Tertius
1041 1289 1055 1308 a

264 1319 321 1345 line
345 1320 496 1347 secundum
518 1320 636 1349 Matthaei
666 1324 852 1359 genealogiam
867 1331 909 1352 est
924 1325 1032 1353 Mathan
1046 1346 1053 1353 .

257 1366 373 1399 quintus
388 1371 481 1394 autem
497 1375 511 1393 ιι
526 1368 579 1395 llne
602 1370 754 1397 secundum
770 1370 869 1398 Lucam
892 1378 934 1399 est
945 1372 1054 1401 Melehi.

259 1410 364 1438 llurnm
379 1412 498 1440 duorum
512 1413 629 1442 diversis
647 1417 816 1449 temporibus
832 1425 902 1444 uxor
917 1418 987 1446 facta
1011 1425 1053 1447 est

261 1455 360 1483 Estha.
383 1456 495 1485 Mathan
517 1459 591 1486 enim
606 1468 669 1487 eum
684 1462 757 1491 illam
774 1463 896 1490 duxisset
913 1465 1010 1498 primo,
1030 1472 1056 1493 et

258 1509 292 1528 ex
309 1509 341 1529 ea
350 1501 436 1529 Jacob
447 1504 627 1539 suscepisset,
645 1512 772 1534 mortuus
787 1512 843 1542 est;
857 1509 966 1536 viduam
980 1510 1053 1538 illam

258 1556 291 1575 ex
320 1549 415 1576 eadem
461 1551 545 1583 trihu,
570 1553 618 1579 sed
649 1552 734 1580 altera
767 1555 940 1589 cognatione,
975 1557 1053 1583 duxit

1113 292 1354 328 ἑτοιμασοήσεται.

1149 338 1183 364 Τί
1203 338 1288 373 λέγει,
1300 340 1354 367 Καὶ
1379 340 1485 374 dii-stat
1502 339 1589 368 πᾶσα
1605 341 1685 376 σὰρξ
1705 342 1737 370 τὸ
1753 344 1900 378 Σωτήρων·

1113 383 1168 410 τοῦ
1175 384 1249 412 Θεοῦ
1259 392 1269 417 ;
1278 385 1434 419 Τουτέστιν,
1443 386 1535 413 οὐκέτι
1552 387 1688 420 Ἰουδαῖος.
1698 389 1746 416 καὶ
1755 390 1770 416 ὃ
1778 397 1821 422 τις
1833 391 1878 417 καὶ
1887 391 1900 418 ’ὁ

1118 437 1167 462 τις,
1182 430 1252 457 ἀλλὰ
1268 431 1337 466 πρὸς
1348 431 1383 458 τὰ
1398 431 1503 468 πέρατα
1516 432 1567 468 τῆς
1583 433 1636 469 γῆς
1652 435 1868 471 κηρυχθήσεται.

1151 476 1213 503 Ὂτι
1227 477 1406 512 ἐρωτώμενος
1417 478 1470 505 ὑπὸ
1482 479 1537 506 τῶν
1555 479 1642 515 ὄχλων
1655 481 1670 508 ὸ
1689 481 1826 517 Ἰωάννης,
1842 483 1901 512 ἐκέ-

1114 531 1170 558 στῳ
1180 522 1280 550 οἰκεῖον
1298 523 1425 559 βοήθημα
1442 524 1550 552 τέθεικε
1561 534 1569 542 ·
1591 527 1648 558 τοῖς
1664 527 1713 562 μὲν
1725 527 1829 563 ὄχλοις,
1844 529 1901 563 φιλ-

1113 570 1222 607 αλλήλῳ
1259 573 1416 608 φρονήματι
1446 573 1610 609 κεχρῆσθαι,
1641 574 1772 607 τελώναις
1797 576 1827 603 δὲ
1856 578 1901 612 τὴν

1113 617 1272 650 πλεονεξίαν
1298 618 1425 652 κωλύειν,
1450 619 1633 656 στρατιώταις
1659 621 1688 648 δὲ
1718 621 1824 657 μηδένα
1846 622 1901 650 δια-

1113 663 1206 691 σείειν.

1150 710 1199 736 Διὰ
1214 704 1240 737 τί
1262 711 1476 747 τριακονταέτης
1493 712 1604 748 ἔρχεται
1620 713 1668 740 ἐπὶ
1690 713 1720 740 τὸ
1743 713 1902 751 βόπτισμιη

1119 756 1229 792 Ἐπειδὴ
1247 759 1484 793 μεμαρτυρημένη
1499 759 1573 785 ἐστὶν
1584 759 1601 795 ἡ
1611 759 1706 794 ἡλικία
1717 761 1806 797 ταὺτη
1817 768 1826 777 ο
1835 760 1903 789 οὕτω

1113 804 1160 830 καὶ
1193 804 1281 838 ’Λδὰμ
1309 804 1413 836 τέλειος
1442 805 1578 841 ἐπλάσθη,
1609 806 1656 832 καὶ
1687 807 1770 842 νόμον
1799 807 1902 843 ἐδέχετο

1113 850 1238 883 φυσικὸν.
1263 851 1402 884 Διαφωνία
1425 860 1468 883 τις
1491 849 1563 878 εἶναι
1589 852 1664 879 δοκεῖ
1684 854 1748 889 περὶ
1765 853 1818 889 τὴν
1835 855 1902 882 κατὰ

1114 895 1204 930 σάρκα
1220 896 1346 931 γέννησιν
1364 897 1411 924 τοῦ
1429 897 1565 925 Δεσπότου
1586 899 1705 934 Χριστοῦ
1716 907 1724 914 ·
1739 899 1781 936 τῷ
1796 900 1841 927 τὸν
1857 901 1902 936 μὲν

1113 942 1264 974 Ματῦαἰον,
1289 943 1343 969 ἀπὸ
1364 943 1538 978 Σολομῶντος
1553 945 1634 971 αὐτὸν
1649 945 1836 980 γενεαλογεῖν,
1859 948 1902 974 καὶ

1113 988 1225 1022 φθάνειν
1246 989 1286 1020 εἰς
1301 990 1345 1016 τὸν
1361 990 1486 1022 Ματοᾶν,
1513 991 1560 1017 καὶ
1583 991 1691 1025 Ὶακὼὸ,
1713 994 1762 1019 καὶ
1786 994 1901 1029 Ἰωσήφο

1111 1035 1156 1061 τὸν
1171 1035 1199 1061 δὲ
1215 1036 1332 1065 Λουκᾶν.
1348 1037 1402 1062 dm
1422 1029 1467 1062 τοῦ
1483 1037 1588 1070 Νάθαν,
1610 1038 1657 1065 καὶ
1673 1039 1787 1073 φυάνειν
1800 1040 1841 1072 εἰς
1858 1042 1901 1067 τὸν

1111 1081 1234 1113 Ματοὰν,
1247 1082 1294 1108 καὶ
1313 1082 1383 1112 Ἠλὶ,
1400 1083 1445 1109 καὶ
1462 1083 1572 1118 Ἰωσὴφ,
1582 1084 1776 1119 ἀναμφιϐόλως
1788 1086 1898 1114 ἕκαστον

1111 1127 1192 1153 αὐτὸν
1214 1127 1306 1162 ἕτερον
1322 1129 1488 1163 καταλήγειν
1500 1129 1590 1163 γένος.
1606 1131 1660 1157 Καὶ
1679 1131 1753 1158 δοκεί
1767 1133 1823 1159 τῶν
1839 1134 1899 1160 ἀδυ-

1110 1173 1198 1199 νάτων
1219 1170 1289 1199 εἶναι
1310 1175 1356 1200 τὸν
1379 1175 1477 1210 Ἰωσὴφ
1501 1175 1547 1202 τὸν
1565 1177 1728 1211 νομισθέντα
1746 1177 1834 1214 ἄνδρα
1853 1179 1898 1213 τῆς

1110 1219 1246 1252 παναγίας
1269 1220 1399 1246 Θεοτὸκου
1419 1221 1464 1247 τόν
1480 1230 1510 1247 τε
1537 1222 1634 1249 Ἰακὼὸ
1652 1223 1698 1250 τὸν
1712 1223 1774 1251 Ἠλὶ
1788 1225 1900 1260 ἐσχηκέ-

1110 1272 1153 1289 ναι
1187 1264 1302 1299 πατέρα.
1335 1266 1415 1292 Ἀλλὰ
1438 1268 1659 1302 ικατανοήσωμεν
1692 1269 1741 1305 τὴν
1770 1270 1897 1298 δοκοῦσαν

1108 1307 1179 1336 εἶναι
1195 1311 1344 1345 διαίρωνίαν
1355 1321 1363 1329 ·
1382 1313 1472 1348 τρίτος
1486 1314 1539 1340 ἀπὸ
1558 1314 1652 1345 τέλους
1668 1317 1739 1343 κατὰ
1757 1316 1809 1352 τὴν
1823 1317 1897 1345 Ματ-

1109 1356 1187 1383 θαίου
1201 1358 1380 1390 γενεαλογίαν
1396 1360 1469 1385 ἐστὶν
1484 1360 1498 1385 ὁ
1516 1360 1640 1394 Ματοὰν,
1660 1362 1786 1397 πέμπτος
1802 1363 1831 1390 δὲ
1845 1363 1893 1389 ἀπὸ

1107 1402 1200 1434 τέλους
1217 1404 1288 1429 κατὰ
1309 1404 1355 1429 τὸν
1378 1405 1486 1431 Λουκίῖν
1503 1406 1517 1432 ὁ
1536 1406 1634 1442 Μελχί.
1657 1407 1768 1434 Τούτων
1784 1408 1838 1434 τῶν
1854 1407 1896 1435 δύο

1108 1449 1178 1475 κατὰ
1199 1449 1346 1484 διαφόρους
1363 1451 1475 1485 χρόνους
1497 1453 1606 1487 γαμετὴ
1623 1452 1735 1487 γέγονεν
1754 1454 1771 1489 ἡ
1799 1454 1893 1481 Ἑσθά·

1106 1495 1153 1521 τοῦ
1176 1495 1231 1531 γὰρ
1250 1495 1364 1523 Ματοὰν
1393 1498 1589 1533 προειληφότος
1618 1499 1703 1535 αὐτὴν
1729 1499 1777 1527 καὶ
1807 1500 1894 1527 παιδο-

1108 1542 1272 1577 ποιήσαντος
1287 1541 1318 1574 ἐξ
1333 1543 1418 1578 αὐτῆς
1434 1544 1479 1570 τὸν
1506 1544 1603 1571 Ἰακὼϐ
1617 1545 1663 1572 καὶ
1679 1545 1894 1580 τελευτήσαντος,

259 1595 367 1627 Mclehi,
388 1601 415 1623 et
432 1598 553 1632 suscepit
566 1605 598 1625 ex
612 1607 643 1626 ea
661 1599 729 1626 lleli.
753 1600 839 1628 Jacoh
857 1601 939 1636 igitur
952 1607 979 1629 et
995 1602 1051 1629 lleli

1107 1588 1196 1623 χήραν
1220 1588 1304 1624 αὐτὴν
1320 1588 1404 1616 οὖσαν
1421 1591 1453 1616 ἐκ
1476 1589 1526 1624 τῆς
1549 1590 1635 1625 αὐτῆς
1656 1590 1754 1626 φυλῆς.
1773 1591 1855 1626 ἄλλης
1869 1591 1894 1617 δὲ

258 1640 383 1674 ejusdem
402 1642 496 1670 matris
525 1649 589 1670 sunt
617 1644 716 1672 fratres
742 1653 773 1672 ex
797 1645 881 1673 Estha
902 1647 974 1680 nati;
995 1646 1053 1675 lleli

258 1693 323 1712 Vero
339 1694 400 1713 cum
417 1695 529 1714 uxorem
549 1688 675 1716 duxisset
689 1694 716 1716 et
730 1690 789 1716 sine
812 1689 905 1717 liberis
928 1694 1055 1717 mortuus

257 1736 340 1764 esset,
354 1731 451 1766 Jach,
468 1735 618 1761 secundum
637 1735 735 1770 legem,
754 1736 866 1763 intravit
880 1737 913 1764 ad
936 1737 1009 1764 illam
1026 1742 1056 1764 ut

258 1777 342 1804 frater
364 1778 436 1806 lilios
459 1780 645 1808 suscitaturus
669 1780 747 1808 fratri
760 1789 811 1809 suo
836 1783 906 1809 Heli.
927 1783 1052 1818 Suscepit

256 1830 323 1857 ergo
336 1822 448 1859 Joseph.
457 1829 486 1852 et
500 1824 628 1853 inventus
642 1831 683 1854 est
692 1825 806 1861 Ioseph,
818 1827 890 1855 lilius
898 1830 1050 1855 secundum

257 1873 385 1896 naturam
397 1868 496 1903 Jacob,
505 1871 659 1898 secundum
672 1871 757 1906 legem
767 1871 835 1899 Heli.
846 1873 978 1901 Mathteus
986 1882 1051 1901 vero

257 1914 410 1941 naturalem
426 1923 584 1943 memorans
608 1915 709 1951 Joseph
723 1917 919 1952 patremJacob
932 1919 1011 1951 dixit,
1025 1923 1052 1945 et

255 1961 461 1994 generationem
478 1967 555 1996 equa
566 1960 670 1997 Joseph
681 1963 822 1990 descendit
836 1972 842 1996 ;
858 1963 947 1991 Lucas
959 1969 1050 1991 autem

257 2007 371 2041 legalem
385 2012 489 2042 patrem
501 2007 602 2043 Joseph
611 2010 758 2037 nominans
768 2009 827 2037 Heli
838 2011 917 2042 dixit,
932 2016 959 2038 et
971 2019 1052 2045 gent-.-

256 2054 390 2080 rationem
404 2063 419 2081 e
431 2062 485 2088 qua
497 2054 553 2082 Heli
565 2054 721 2083 descendit.
730 2055 794 2085 Inde
805 2057 913 2085 duobus
927 2058 1051 2092 patribus

255 2101 282 2127 in
300 2101 382 2127 Da.id
401 2102 582 2135 coadunatis,
599 2103 690 2130 omnis
706 2105 888 2139 zequivoeatio
904 2105 1047 2131 adimitur.

1108 1634 1279 1669 συγγενείας,
1293 1635 1413 1670 ⁴ἢγαγετο
1430 1636 1444 1662 ὁ
1460 1636 1557 1670 Μελχὶ,
1583 1637 1630 1663 καὶ
1649 1637 1894 1673 ἐπαιδοποίηπνὲξ

1108 1681 1194 1716 αὐτῆς
1223 1681 1270 1707 τὸν
1303 1680 1374 1707 Ἦλί.
1397 1681 1426 1708 '0
1455 1681 1552 1708 Ἰακὼὸ
1574 1682 1718 1718 τοιγαροῦν
1741 1683 1819 1710 καὶὸ
1841 1681 1894 1709 Ἦλὶ

1106 1728 1270 1763 ὁμομήτριοι
1299 1727 1479 1762 τυγχάνουσιν
1507 1728 1618 1763 ἀδελφοὶ
1645 1729 1678 1755 ἐκ
1708 1729 1760 1764 τῆς
1793 1728 1892 1756 Ἐσθά“

1107 1773 1281 1809 ἁγαγομένου
1297 1773 1326 1800 δὲ
1340 1773 1388 1800 τοῦ
1406 1773 1467 1801 Ἠλὶ
1485 1775 1604 1808 γυναῖκα
1620 1775 1658 1807 ὡς
1672 1774 1790 1802 ἀτέκνου
1808 1775 1893 1802 τελευ-

1107 1820 1253 1854 τήσαντος,
1278 1820 1349 1846 κατὰ
1365 1821 1412 1846 τὸν
1432 1819 1516 1854 νόμον
1534 1820 1659 1856 εἰσῆλθεν
1679 1821 1695 1847 ὸ
1715 1820 1817 1848 Ἰακὼῦ
1831 1820 1892 1856 πρὸς

1106 1866 1201 1901 αὐτὴν,
1217 1865 1255 1897 ὡς
1276 1866 1403 1900 ἁδελφὸς,
1419 1867 1623 1902 παιδοποιήσων
1642 1866 1683 1902 τῷ
1705 1867 1891 1903 τελευτήσαντι

1106 1911 1213 1946 ἀδελφῷ
1221 1912 1259 1945 τῷ
1277 1912 1346 1938 Ὴλί.
1362 1913 1588 1948 Ἐπαιδοποίησεν
1598 1911 1645 1940 οὖν
1654 1913 1700 1940 τδν
1720 1913 1832 1949 Ἰωσὴφ,
1849 1911 1891 1940 καὶ

1105 1957 1204 1993 εὑρέθη
1214 1958 1228 1983 ὁ
1245 1957 1354 1993 Ἰωσὴφ,
1364 1958 1421 1990 υίὸς
1438 1959 1486 1994 μὲν
1497 1958 1536 1985 ὢν
1551 1958 1686 1993 φύσειτοῦ
1703 1958 1813 1991 Ἰακὼὸ.
1824 1959 1891 1994 νόμῳ

1105 2003 1133 2030 δὲ
1145 2003 1193 2030 τοῦ
1209 2003 1278 2030 Ἦλί·
1290 2005 1304 2031 ό
1313 2005 1452 2036 ΜατΘαίος
1465 2005 1493 2031 δὲ
1504 2005 1549 2032 τὶν
1566 2005 1637 2032 κατὰ
1650 2004 1731 2040 φύσιν
1742 2005 1830 2040 λέγων
1843 2011 1891 2030 πα-

1105 2051 1171 2087 τέρα
1185 2052 1232 2078 τοῦ
1256 2051 1366 2087 Ἰωσὴφ,
1391 2051 1437 2078 τὸν
1463 2051 1561 2078 Ἰακὼὸ
1582 2049 1670 2084 εἶπεν,
1694 2051 1742 2078 καὶ
1763 2051 1796 2078 τδ
1819 2050 1890 2085 γένος

1104 2102 1165 2128 ὅθεν
1181 2101 1195 2126 ὁ
1218 2100 1317 2134 Ἰωσὴφ
1335 2098 1503 2133 κατάγεται·
1518 2098 1532 2124 ό
1548 2098 1577 2125 δέ
1596 2107 1627 2133 γε
1642 2098 1750 2129 Λουκᾶς
1763 2097 1811 2125 τδν
1825 2095 1890 2124 κατά

254 2147 338 2181 νόμον
361 2147 448 2182 λέγων
468 2149 576 2184 πατέρα
595 2150 642 2176 τοῦ
672 2150 782 2186 Ἰωσὴφ,
805 2152 851 2178 τὸν
877 2151 938 2178 Ἥλὶ
961 2149 1051 2184 εῐπιν,
1077 2150 1125 2177 κ·ὶ
1142 2149 1173 2175 τὸ
1200 2148 1278 2181 γένος
1302 2146 1364 2173 ὅθεν
1382 2147 1397 2172 ὁ
1421 2144 1482 2172 Ἠλὶ
1513 2145 1682 2180 καλάμων
1699 2145 1762 2172 ὅθεν
1781 2145 1835 2172 τῶν
1847 2143 1901 2185 δῦθη

253 2193 382 2228 πατέρων
413 2195 454 2226 εἰς
479 2195 525 2221 τὸν
549 2196 633 2222 Δαὸὶδ
659 2196 877 2232 ἀνατρεχόντων,
899 2198 976 2224 πᾶσα
999 2204 1167 2233 περιῃρηται
1182 2192 1401 2229 ἀμφισϐήτησις-

569 2243 685 2272 CAPUT
700 2244 746 2272 lV.

288 2289 370 2317 Vens.
386 2290 414 2317 5.
428 2289 572 2322 Quomodo
586 2291 765 2324 intelligitur:
775 2292 896 2321 Ostendit
906 2294 947 2320 illi
960 2294 1047 2320 omnia

253 2343 334 2370 regna
351 2336 444 2362 mundi
457 2336 486 2363 in
502 2343 634 2364 momento
647 2338 790 2372 temporis?
803 2339 829 2366 ΙιΙ
839 2343 891 2372 est,
903 2340 1049 2375 descripsit

252 2381 378 2408 oratione
399 2381 494 2408 orbem
523 2386 612 2414 terra),
625 2387 654 2409 et
675 2383 795 2417 quodam
814 2385 896 2412 modo
916 2385 1047 2419 ostendit,

253 2431 284 2454 ut
301 2426 426 2461 putabat,
443 2428 470 2454 in
486 2434 537 2455 sua
562 2428 730 2462 cogitatione
747 2431 852 2457 omnia.

291 2520 374 2548 Vens.
389 2520 417 2547 4.
433 2519 576 2554 Quomodo
595 2521 709 2557 intelligi
726 2527 836 2557 potest:
853 2522 994 2558 Regressus
1008 2527 1047 2550 est

250 2566 329 2594 Iesus
343 2567 372 2593 in
382 2568 478 2593 virtute
491 2565 610 2600 Spiritus
623 2567 651 2594 in
663 2567 816 2596 Galilaeam?
831 2569 943 2604 Propter
956 2569 1047 2596 divina

251 2612 384 2640 miracula
398 2613 469 2641 istud
483 2613 595 2646 dicitur,
608 2621 668 2648 quae
682 2614 840 2649 complebat
853 2613 933 2643 Jesus
946 2615 1047 2642 virtute

251 2659 338 2687 sancti
368 2659 499 2694 Spiritus,
529 2664 659 2695 tanquam
677 2661 787 2696 propria
806 2669 856 2689 sua
876 2661 976 2689 virtute
999 2662 1047 2689 illo

251 2709 343 2738 utens,
355 2704 402 2732 sed
417 2712 484 2738 non,
505 2710 536 2733 ut
552 2705 652 2739 sancti,
668 2706 703 2733 ab
718 2711 832 2734 externo
848 2710 875 2734 et
889 2711 1046 2741 pmstatam

250 2751 322 2778 hanc
339 2751 467 2778 virtutem
483 2751 633 2787 recipiens.

285 2796 369 2825 Vsus.
392 2797 435 2825 l8.
459 2797 526 2831 Quae
544 2799 572 2826 in
587 2798 657 2827 Isaia
675 2799 806 2835 propheta
829 2799 931 2835 scripta
954 2804 1045 2835 erant,

251 2842 278 2870 ln
291 2843 340 2870 illo
350 2843 461 2878 impleta
473 2849 548 2878 sunt;
563 2845 622 2881 ipse
633 2845 707 2873 enim
719 2850 762 2873 est
776 2850 875 2874 unctus
890 2845 1044 2879 divinitate,

249 2887 310 2922 ipse
334 2888 485 2924 piscatores
511 2891 713 2927 evangelizans,
734 2891 794 2928 ipse
809 2892 875 2921 mall
892 2893 1043 2929 captivitati

249 2933 391 2969 subjectos
408 2935 538 2964 liberans.

1407 2239 1535 2267 ΚΕΦᾹΛ.
1549 2238 1586 2268 Δ’.

1140 2289 1203 2320 Πῶς
1224 2288 1326 2314 νοεῖται
1342 2286 1383 2318 τὸ,
1401 2286 1539 2318 Ἕδειξεν
1553 2286 1634 2319 αὺτῷ
1647 2286 1751 2319 πάσας
1765 2287 1818 2320 τὰς
1836 2286 1886 2320 βα-

1101 2336 1218 2368 σιλείας
1231 2334 1285 2361 τοῦ
1300 2335 1418 2368 κόσμου
1435 2332 1470 2359 ὲν
1485 2331 1596 2367 στιγμῇ
1610 2332 1741 2366 χρόνου;
1757 2333 1816 2359 ἀντὶ
1833 2331 1884 2362 τοῦ,

1102 2380 1238 2416 Διέγραψε
1262 2379 1302 2415 τῷ
1323 2379 1396 2414 λόγῳ
1415 2378 1464 2414 τὴν
1484 2378 1660 2413 οἰκουμένην,
1677 2379 1725 2405 καὶ
1742 2377 1886 2415 ὼςτρόπον

1101 2428 1162 2455 τινὰ
1191 2426 1377 2460 ὑπεδείκνυεν,
1404 2426 1442 2457 ὡς
1468 2425 1547 2458 ὢετο,
1575 2426 1604 2452 εν
1625 2426 1659 2461 τῇ
1681 2425 1789 2462 διανοίᾳ
1809 2422 1885 2453 αὑτοῦ

1100 2475 1200 2502 πάντα.

1137 2521 1200 2554 Πῶς
1213 2522 1314 2548 νοεῖται
1324 2520 1367 2553 τὸ,
1389 2520 1591 2555 Ὺπέστρεψεν
1609 2519 1732 2554 Ἰησοῦς
1743 2519 1780 2547 ἐν
1794 2519 1830 2554 τῇ
1839 2519 1884 2546 δυ-

1100 2569 1186 2603 νάμει
1212 2568 1266 2595 τοῦ
1295 2568 1469 2603 Πνεύματος
1493 2569 1537 2600 εὶς
1556 2567 1740 2599 I‘aJtJat'ar;
1766 2567 1816 2594 Διὰ
1839 2565 1883 2597 τὰς

1101 2613 1266 2648 οεοσημείας
1288 2613 1362 2647 λέγει
1378 2612 1471 2646 τοῦτο,
1485 2612 1576 2647 ἇσπερ
1592 2612 1715 2640 ἐπετέλει
1778 2611 1882 2649 δυνάμει

1099 2660 1147 2686 τοῦ
1177 2660 1256 2695 ἁγίου
1291 2660 1462 2695 Πνεῦματος,
1493 2659 1532 2691 ὡς
1553 2659 1643 2694 οἰκείᾳ
1669 2658 1753 2686 αὺτοῦ
1775 2657 1881 2693 δυνάμει

1098 2707 1187 2742 τούτῳ
1200 2706 1353 2742 χρώμενος,
1370 2706 1427 2733 ἀλλ’
1444 2706 1504 2741 οὐχ,
1525 2706 1563 2738 ὡς
1584 2706 1615 2741 οἱ,
1627 2705 1712 2740 ἅγιοι,
1728 2705 1826 2739 ἔξωθεν
1840 2704 1881 2732 καὶ

1098 2753 1306 2788 πεπορισμένην
1318 2753 1421 2789 ταύτην
1436 2751 1537 2780 λαϐών.

1133 2801 1195 2827 Ὅτι
1217 2800 1252 2827 τὰ
1268 2801 1297 2827 ὲν
1315 2799 1355 2835 τῷ
1378 2801 1507 2836 προφήτῃ
1534 2800 1635 2836 Ἡσαΐᾳ
1652 2799 1839 2836 γεγραμμένα,
1854 2797 1880 2824 ἐν

1097 2846 1173 2882 αὑτῷ
1198 2846 1345 2882 ἐπληρώθη
1358 2855 1365 2862 ·
1383 2847 1465 2879 αὐτὸς
1480 2847 1535 2882 γὰρ
1549 2848 1564 2874 ὁ
1579 2846 1703 2883 χρισθεὶς
1717 2847 1752 2882 τῇ
1772 2845 1877 2880 θεότητι.

1097 2894 1179 2924 αὐτὸς
1203 2895 1217 2920 ὁ
1233 2894 1296 2926 τοὺς
1314 2894 1399 2926 ἁλιεῖς
1418 2893 1678 2930 εὐαγγελισάμενος,
1701 2892 1782 2924 αὐτὸς
1797 2893 1812 2919 ό
1823 2889 1877 2921 τοὺς

1098 2939 1151 2967 ὑπὸ
1167 2940 1214 2966 τοῦ
1231 2940 1351 2975 πονηροῦ
1368 2940 1639 2976 αἰχμαλωτισθέντας
1654 2941 1815 2976 ῥυσάμενος,
