4026 6404
257 406 400 472 1ῒ93

1353 399 1676 462 SCHOLIA
1714 399 2014 460 VETERA
2049 402 2130 462 ΙΝ
2167 402 2448 464 LUCAM.

3375 410 3518 475 1194

257 509 266 516 ’
327 512 427 566 Διὰ
476 509 531 562 τι
563 508 803 580 εὐφημεῖ
836 505 998 564 αὐτὸν
1047 506 1110 560 τδ
1152 506 1369 578 πνεῦμα
1418 509 1480 560 τὸ
1529 507 1838 576 ἀκάθαρτον

2017 506 2178 564 Vens.
2213 509 2301 564 54.
2337 511 2449 565 Cur
2499 511 2760 581 praedicat
2787 527 2914 568 enim
2942 515 3170 584 spiritus
3205 517 3520 577 immundus

251 607 432 674 λέγον,
457 599 614 658 ὀῖδα
641 615 716 655 σε
750 602 840 668 τίς
858 598 933 665 el,
961 603 996 655 ό
1019 600 1188 672 ἅγιος
1213 601 1320 656 τοῦ
1344 599 1524 666 Θειοῦς
1568 599 1840 653 ’Υπονοῶν

1970 599 2169 656 iicens:
2197 601 2322 656 Scio
2363 613 2412 656 te
2445 605 2562 672 quis
2598 606 2694 668 sis,
2721 617 2936 661 sanctus
2961 609 3096 662 Dei?
3127 609 3520 682 Suspicabatur

257 701 344 756 διὰ
377 699 480 768 τῆς
527 696 788 766 τοιαύτης
831 695 1112 766 εὐφημίας
1146 695 1230 749 ὅτι
1279 695 1442 766 κενῆς
1487 693 1644 764 δόξης
1681 693 1840 746 αὑτὸν

1970 707 2038 748 μοι·
2071 693 2214 748 hanc
2243 694 2458 752 laudem
2491 695 2644 752 illum
2677 712 2826 752 vana!
2848 699 3030 768 gloria:
3062 713 3362 758 amatorem
3405 706 3520 762 clli-

257 790 495 861 ὲραστὴν
518 785 794 840 ἀποτελεῖ.

327 879 429 933 Διὰ
470 877 524 931 τί
557 876 938 948 συνεχώρησεν
969 874 1122 944 αὐτῷ
1151 875 1180 927 ὁ
1209 873 1414 944 Κύριος
1445 872 1602 945 ῥίψαι
1633 872 1724 926 τὸν
1754 872 1846 925 ἄν·

1943 799 2088 840 cere.

2016 875 2178 932 Vens.
2232 877 2322 934 55.
2372 877 2484 934 Cur
2546 881 2796 949 permisit
2854 883 2902 936 ci
2939 883 3198 942 Dominus
3259 887 3529 958 projicere

259 974 482 1042 θρωπον
513 971 576 1026 ὲν
617 963 662 1038 ᾧ
695 965 798 1040 ἧνς
841 970 960 1024 Ἵνα
997 968 1156 1041 δῆλον
1187 969 1416 1038 γένηται
1460 968 1627 1022 πᾶσιν
1655 968 1738 1020 ὅτι
1785 965 1846 1019 τὸ

1970 967 2224 1023 hominem
2255 969 2310 1024 in
2335 984 2445 1039 quo
2469 973 2630 1026 erat?
2655 970 2727 1027 Ut
2755 973 3103 1030 nianikstum
3139 976 3233 1031 ﬁat
3267 980 3526 1036 omnibus

257 1064 539 1134 δαιμόνιον
571 1062 828 1134 nam,
863 1062 962 1116 καὶ
993 1062 1096 1115 οὐκ
1125 1063 1192 1114 ὲκ
1224 1060 1327 1130 τῆς
1371 1059 1600 1132 καρδίας
1625 1057 1721 1112 τοῦ
1749 1059 1846 1111 ἀν·-

261 1154 480 1227 θρὼπου
509 1153 737 1226 Κύριος.

215 1248 224 1274 ⁹
871 1260 1122 1315 ΚΕΦΛΛ.
1165 1259 1250 1315 E'.

333 1373 460 1427 Ὀτι
501 1371 594 1426 διὰ
641 1371 752 1427 τῶν
785 1369 1112 1425 ἁλιευτικιῖη
1158 1368 1606 1439 ἐπιτηδευμάτων
1643 1367 1849 1421 ἁλιεύει

262 1465 390 1528 τοὺς
438 1463 688 1536 μαθητὰς
719 1462 819 1516 καὶ
855 1462 1024 1525 ἁλιεῖς
1057 1462 1084 1514 ὁ
1125 1461 1358 1530 Χριστὸς
1403 1458 1573 1513 εἰπών
1598 1475 1610 1488 ·
1652 1457 1851 1512 Χαλὰ-

257 1567 414 1609 σατε
435 1553 500 1609 τὸ
527 1553 797 1610 δίκτυον.

873 1661 1123 1714 nmen.
1171 1661 1261 1728 ς’.

335 1769 405 1824 Τί
453 1773 601 1824 ἐστιν
643 1770 672 1823 ὃ
713 1767 861 1837 λέγει
905 1769 933 1820 ὁ
974 1767 1386 1836 εὐαγγελιστὴς,
1430 1766 1526 1818 Ἐν
1572 1764 1854 1831 Σαϐϐάτῳ

1946 1057 2095 1126 quod
2149 1057 2481 1114 daemonium
2544 1059 2763 1116 locutus
2797 1061 2992 1128 fuerat,
3029 1075 3083 1118 et
3119 1081 3230 1120 non
3264 1082 3328 1123 ex
3359 1069 3528 1125 corde

1951 1146 2188 1202 hominis
2222 1147 2382 1204 istius
2409 1149 2695 1207 Dominus.

2621 1259 2854 1314 CAPUT
2881 1261 2949 1317 ν.

2023 1355 2189 1410 Vens.
2215 1356 2268 1410 2.
2301 1355 2404 1413 Per
2429 1360 2752 1429 piscatorias
2781 1372 2927 1420 artes
2957 1368 3200 1434 piscatur
3229 1368 3528 1440 discipulos

1953 1449 2192 1518 piscator
2218 1448 2335 1518 ipse
2363 1449 2614 1506 Christus
2643 1453 2861 1508 dicens:
2901 1455 3104 1510 Laxate
3133 1467 3256 1511 rete.

2591 1635 2816 1694 CAPUT
2851 1639 2938 1694 Vl.

2027 1739 2190 1798 Vens.
2236 1742 2274 1797 l.
2330 1743 2470 1811 Quid
2529 1755 2611 1802 est
2664 1748 2808 1818 quod
2869 1751 3000 1805 dicit
3057 1754 3410 1824 evangelista,
3465 1755 3532 1811 lu

261 1859 760 1932 δευτεροπρώτῳ;
787 1831 862 1914 -⁹Ο
895 1859 1049 1928 ἅγιος
1087 1831 1422 1930 ζΙνσίδωροςὸ
1461 1857 1850 1927 Πηλουσιώτης

1970 1831 2188 1888 ςαὺῢοῑο
2210 1835 2438 1890 secundo
2475 1841 2683 1907 primo?
2711 1838 2947 1896 Sanctus
2981 1843 3222 1900 Isidorus
3256 1845 3534 1904 Pelusiota

261 1954 441 2017 οὕτως
499 1953 668 2023 λέγει.
732 1955 816 2006 ὅτι
881 1951 1320 2022 δευτερόπρωτον
1380 1950 1598 2020 εἴρηται
1664 1947 1848 2018 ἐπειδὴ

261 2043 523 2114 δεύτερον
557 2040 655 2112 μὲν
694 2035 763 2110 ἦν
811 2039 904 2093 τοῦ
943 2039 1158 2109 Πάσχα,
1194 2037 1414 2110 πρῶτον
1447 2037 1503 2089 δὲ
1542 2036 1652 2090 τῶν
1689 2037 1849 2101 Ἀζύ-

265 2151 410 2204 μων.
445 2134 506 2186 Εἰ
533 2131 590 2186 δὲ
628 2131 905 2186 Σάϐϐατον
955 2130 1192 2200 εἴρηται,
1222 2129 1298 2198 μὴ
1340 2127 1628 2200 θαυμάσῃς
1652 2142 1665 2155 '
1710 2127 1850 2180 Σάϐέ

263 2225 436 2279 ϐατον
466 2224 682 2296 εἴρηται
713 2225 861 2278 πᾶσα
896 2221 1078 2293 ἑορτὴ,
1107 2221 1258 2292 δηλοῖ
1300 2219 1354 2274 δὲ
1385 2221 1732 2274 κατάπαυσιν
1761 2219 1852 2271 καὶ

264 2317 492 2388 ἀργίαν.

334 2409 441 2462 Διὰ
486 2407 540 2460 τί
573 2406 796 2477 ἐξῆλθεν
838 2407 867 2459 ὁ
915 2405 1122 2474 Ἰησοῦς
1145 2407 1226 2467 εἰς
1259 2404 1320 2457 τὸ
1369 2404 1495 2474 ὅρος
1544 2403 1851 2474 προσεύξα-

264 2499 420 2566 σθαι,
470 2499 578 2554 Kal
614 2495 713 2570 ἦν,
745 2499 898 2570 φησὶ,
948 2497 1423 2566 διανυκτερεύων·
1467 2495 1535 2550 ἐν
1563 2495 1637 2564 τῇ
1669 2510 1854 2563 προσ-

255 2586 426 2658 ευχῇ
460 2587 568 2642 τοῦ
626 2587 814 2653 Θεοῦ;
851 2587 1061 2652 Ἐδειξε
1115 2586 1206 2639 διὰ
1235 2585 1450 2651 τούτου,
1481 2586 1552 2648 ὡς
1585 2584 1856 2656 Κύριλλός

266 2695 433 2750 φησι,
473 2677 644 2731 τύπον
689 2675 1007 2748 ἀσκητικὸν,
1045 2674 1412 2729 ὑποδεικνύων
1457 2674 1544 2728 διὰ
1591 2675 1856 2746 πραγμά-

262 2789 373 2824 των
411 2769 592 2835 αὺτοῖς
632 2770 706 2834 ὡς
739 2769 834 2824 καὶ
866 2769 951 2823 διὰ
999 2768 1194 2838 λόγων,
1226 2769 1302 2821 ὅτ’
1349 2767 1417 2820 ἂν
1449 2767 1584 2840 λέγῃ
1606 2785 1618 2797 ·
1657 2768 1740 2821 Σὺ
1766 2768 1852 2834 δὲ,

261 2865 454 2923 ὅτ’ςᾶν
485 2867 819 2936 προσεύχῃ,
839 2865 1089 2920 κλεῖσον
1121 2865 1234 2931 τὴν
1262 2864 1450 2932 θύραν
1485 2878 1624 2919 σου.

895 2995 1148 3048 ΚΕΦΛΛ.
1183 2991 1258 3047 Ζ’.

336 3103 476 3155 Ὀτι
516 3103 548 3173 ἡ
579 3104 640 3158 ἑν
673 3104 742 3173 τῇ
775 3101 924 3172 οἰκίᾳ
957 3099 1052 3153 τοῦ
1095 3099 1390 3170 Φαρισαίου
1427 3097 1661 3153 ἐλθοῦσα
1693 3099 1854 3169 γυνὴ,

263 3196 390 3265 ἥτις
423 3191 494 3265 ἦν
533 3193 885 3266 ἁμαρτωλὸς,
933 3192 1056 3245 οὔτε
1085 3194 1120 3262 ὴ
1157 3192 1307 3260 παρᾶ
1335 3189 1416 3262 τῷ
1445 3192 1660 3262 Μάρκῳ
1687 3177 1856 3258 ἐστὶν,
1889 3221 1932 3278 C

263 3285 398 3338 οὔτε
420 3287 456 3356 ή
489 3286 641 3356 παρὰ
669 3285 747 3356 τῷ
777 3285 1020 3356 Ἰωάννῃ,
1049 3283 1172 3339 οὗτε
1201 3285 1235 3355 ἡ
1269 3285 1422 3355 παρὰ
1454 3285 1530 3356 τῷ
1551 3284 1818 3355 Ματθαξῳ
1841 3299 1859 3314 ’

269 3379 486 3432 ἐκεῖναι
519 3378 618 3450 μὲν
643 3377 752 3450 γὰρ
785 3380 922 3450 πρὸς
949 3379 1081 3434 αὐτὸ
1103 3377 1360 3440 τὸπάθος
1389 3375 1546 3430 τοῦτο
1577 3375 1866 3446 ἐποίησαν,

275 3469 421 3541 αὕτη
452 3471 512 3524 δὲ
543 3473 602 3525 έν
633 3472 820 3542 μέσοις
849 3473 964 3535 τοῖς
994 3473 1263 3542 σημείοις.

351 3563 458 3616 Διὰ
480 3561 536 3615 τί
568 3563 718 3631 λέγει
744 3565 810 3633 τῇ
843 3562 1091 3632 γυναικὶ,
1139 3563 1202 3616 Ἠ
1229 3561 1436 3626 πίστις
1471 3575 1587 3614 σου
1627 3559 1870 3614 σέσωκέ

269 3667 350 3707 σε
366 3669 387 3718 ;
434 3654 538 3708 Διὰ
581 3653 644 3707 τὸ
691 3654 986 3709 πιστεῦσαι
1035 3654 1206 3726 αὐτὴν
1249 3655 1333 3708 ὃτι
1381 3654 1612 3709 δύναται
1651 3651 1870 3720 ἀφιέναι

275 3745 577 3817 ἁμαρτέας.

875 3871 1132 3926 ΚΕΦΑΛ.
1172 3869 1250 3926 Θ’.

351 4002 483 4052 Ὀτι
525 4000 586 4052 τὸ
613 3999 792 4068 λέγειν
827 4001 956 4063 τοὺς
985 3999 1234 4070 μαθητὰς
1275 4001 1416 4072 πρὸς
1459 4001 1716 4072 Χριστὸν,
1775 4004 1868 4056 Δι-

273 4093 584 4158 δάσκαλε,
613 4090 856 4161 εἴδαμέν
889 4108 1023 4146 τινα
1056 4091 1154 4145 ἐπὶ
1193 4089 1276 4156 τῷ
1317 4091 1566 4161 ὀνόματι
1595 4109 1712 4147 σου
1741 4091 1870 4148 δαισ-

271 4187 466 4255 μόνια
489 4184 888 4249 ἐκϐάλλοντα,
971 4185 1072 4236 οὐκ
1103 4183 1218 4236 ἐστι
1241 4181 1582 4253 φθονούντων
1619 4185 1650 4235 ὁ
1688 4184 1866 4253 λόγος,

276 4277 422 4330 ἀλλὰ
487 4274 686 4346 μαθεῖν
733 4275 1053 4340 ἐθελόντων,
1109 4277 1157 4328 εἰ
1219 4276 1315 4328 καὶ
1367 4274 1548 4337 ἄλλοις
1589 4275 1746 4328 τοῦτο
1785 4276 1870 4330 δο-

276 4367 536 4437 θήσεται.

351 4457 483 4510 ’Ότι
517 4455 598 4522 τὸ,
632 4455 835 4521 Ὅστις
863 4457 936 4509 οὐ
967 4454 1097 4509 καθ’
1115 4453 1305 4523 ἡμῶν,
1342 4456 1492 4522 ὑπὲρ
1515 4455 1686 4523 ἡμῶν
1713 4457 1863 4522 ἐστι,

1955 1926 2030 1982 ita
2079 1926 2228 1992 dicit,
2262 1929 2562 1984 secundum
2611 1930 2846 2000 primum
2901 1934 3005 1988 dici
3052 1935 3180 2006 quia
3231 1939 3533 1994 secundum

1956 2017 2178 2086 quidem
2221 2028 2305 2073 est
2335 2018 2576 2088 Pasehae,
2603 2025 2839 2092 primum
2874 2036 3058 2080 autem
3091 2029 3447 2100 Azymorum.
3478 2032 3535 2084 Si

1957 2121 2091 2160 vero
2140 2105 2446 2162 Sabbatum
2483 2110 2707 2178 dicitur,
2743 2128 2811 2167 ne
2837 2114 3128 2172 admireris
3177 2135 3192 2172 :
3233 2118 3535 2175 Sabbatum

1959 2196 2158 2253 dicitur
2174 2201 2355 2256 omnis
2377 2199 2556 2259 festus
2582 2203 2718 2270 dies,
2751 2206 2955 2261 indicat
2997 2208 3244 2279 requiem
3259 2219 3317 2266 et
3340 2211 3534 2268 otium.

2035 2379 2194 2436 Vens.
2239 2381 2324 2436 19..
2358 2381 2468 2438 Cur
2496 2385 2629 2439 exiit
2655 2383 2816 2441 Jesus
2867 2383 2920 2441 in
2974 2397 3212 2443 montem
3245 2405 3424 2460 orare,
3464 2391 3538 2448 Et

1959 2480 2097 2538 erat,
2147 2473 2368 2540 dicitur,
2398 2485 2711 2544 pertractans
2755 2477 2809 2531 in
2857 2479 3097 2532 oratione
3127 2477 3264 2535 Dei?
3291 2479 3541 2538 Ostendit

1961 2577 2058 2633 per
2097 2565 2218 2629 hoc,
2272 2574 2333 2620 ut
2361 2565 2600 2636 Cyrillus
2651 2569 2801 2633 dicit,
2854 2569 3162 2641 exemplum
3217 2574 3538 2641 asceticum,

1962 2654 2228 2711 exhibens
2241 2656 2406 2714 rebus
2427 2657 2534 2714 illis
2559 2660 2878 2730 pri-usquam
2903 2661 3105 2728 verbis,
3130 2665 3349 2734 quando
3371 2666 3538 2722 dixit:

1966 2745 2046 2801 Tu
2073 2763 2192 2802 vero
2226 2765 2344 2804 cum
2373 2765 2516 2818 oras,
2541 2750 2726 2806 claude
2751 2753 2980 2820 januam
3013 2763 3179 2808 tuam.

2586 2973 2813 3032 CAPUT
2847 2975 2956 3032 VII.

2043 3077 2328 3136 Vsus.57.
2383 3081 2477 3137 Illa
2509 3101 2628 3154 quae
2667 3088 2722 3143 in
2775 3089 3038 3149 Pharisaei
3110 3095 3334 3154 domum
3399 3101 3550 3155 venit

1967 3170 2162 3260 mulier
2181 3186 2304 3238 qua:
2331 3179 2764 3246 eratpeccatrix,
2795 3197 2902 3236 non
2931 3185 3122 3242 eadem
3147 3197 3232 3243 est
3255 3203 3378 3259 qua
3403 3195 3546 3260 apud

1969 3259 2231 3328 Marcum,
2260 3268 2400 3333 apud
2449 3266 2716 3325 Joannem
2769 3281 2822 3327 et
2863 3277 3008 3344 apud
3034 3277 3346 3336 Mattlmum
3381 3301 3396 3336 :
3427 3259 3548 3340 ista

1965 3353 2114 3406 enim
2143 3355 2288 3410 circa
2311 3359 2628 3425 passionem
2659 3362 2836 3432 ipsam
2874 3367 2986 3422 hoc
3009 3349 3262 3439 egerunt,
3295 3373 3385 3428 illa
3419 3391 3547 3430 vero

1967 3443 2111 3499 inter
2137 3447 2316 3502 media
2345 3450 2632 3508 miracula.

2044 3534 2208 3594 Vens.
2243 3540 2332 3596 50.
2365 3541 2478 3597 Cur
2507 3545 2638 3600 dicit
2663 3550 2878 3604 mulieri
2913 3569 2926 3604 :
2957 3550 3120 3608 Fides
3145 3563 3238 3608 tua
3269 3565 3318 3610 te
3342 3558 3544 3611 salvam

1972 3628 2097 3696 fecit
2118 3630 2143 3683 Ρ
2165 3631 2302 3697 Quia
2331 3636 2586 3693 credebat
2615 3640 2768 3696 illum
2809 3659 2969 3711 posse
3006 3655 3225 3716 peccata
3253 3649 3544 3706 dimittere.

2591 3853 2819 3909 CAPUT
2841 3855 2931 3910 IX.

2029 3969 2196 4028 Vens.
2239 3971 2325 4028 49.
2360 3971 2494 4028 Cum
2555 3977 2748 4034 dicunt
2808 3981 3062 4051 discipuli
3131 3986 3198 4040 ad
3266 3988 3546 4048 Christum

1973 4063 2299 4133 Pra'ceptor,
2330 4067 2554 4122 vidimus
2604 4076 2884 4134 quemdam
2906 4076 2958 4126 in
2987 4077 3197 4132 nomine
3215 4092 3304 4134 luo
3323 4083 3546 4150 ejicieuo

1971 4163 2074 4208 tem
2095 4154 2381 4217 dwmonia,
2411 4172 2515 4212 non
2549 4169 2634 4213 est
2665 4161 3025 4218 invidentium
3079 4182 3285 4234 sermo,
3324 4173 3420 4228 sed
3469 4175 3548 4228 di-

1970 4259 2123 4301 scere
2157 4247 2457 4302 Veientium
2517 4265 2646 4304 num
2681 4261 2736 4307 et
2777 4254 2898 4308 aliis
2955 4254 3104 4312 istud
3139 4262 3546 4320 concedendum

1969 4338 2131 4392 foret.

2041 4429 2202 4485 Vens.
2227 4431 2316 4487 50.
2351 4431 2454 4497 Qui
2479 4450 2586 4486 non
2623 4445 2700 4489 est
2729 4437 3004 4492 adversum
3024 4457 3132 4508 vos,
3158 4459 3256 4512 pro
3279 4447 3418 4501 vobis
3443 4462 3545 4511 est,

274 4546 448 4600 τοῦτο
489 4545 662 4613 λέγει,
712 4546 832 4598 Τῶν
863 4544 1204 4613 ἀγαπώντων
1250 4562 1340 4615 με,
1379 4547 1572 4608 οἵτινες
1603 4549 1682 4610 εἰς
1707 4547 1862 4612 δόξαν

1970 4523 2177 4578 scilicet
2202 4524 2416 4578 illorum
2446 4527 2538 4595 qui
2570 4543 2656 4582 me
2689 4529 2943 4600 diligunt,
2979 4533 3296 4605 quicunque
3329 4538 3383 4592 in
3429 4539 3546 4609 glo-

273 4653 390 4707 μου
439 4633 683 4706 πληροῦν
739 4633 972 4702 θέλουσι,
1025 4637 1092 4706 τῇ
1153 4635 1282 4706 παρ’
1337 4636 1459 4706 ἐμοὶ
1507 4636 1688 4706 χάριτι
1748 4655 1868 4688 ora-

275 4723 606 4794 φανοῦνται.
1605 4751 1610 4756 ι

350 4816 462 4870 Διὰ
512 4817 564 4868 τί
609 4821 668 4870 ὲν
703 4815 780 4884 τῷ
814 4815 1119 4885 ἀπιστῆσαι
1163 4817 1290 4880 τοὺς
1337 4816 1668 4881 ἀποστόλους
1716 4818 1866 4883 τινὰς

275 4911 382 4963 καὶ
431 4909 700 4962 εἰπόντων
745 4908 854 4960 τῶν
898 4907 1155 4978 μαθητῶν
1203 4907 1339 4978 πρὸς
1379 4907 1634 4979 Χριστὸν,
1671 4909 1866 4977 Κύριε,

273 5001 489 5066 θέλεις
517 5000 782 5069 εῖπωμεν
803 4998 925 5068 πῦρ
965 4998 1298 5067 καταϐῆναι
1327 4998 1444 5054 ἀπὸ
1471 4999 1579 5054 τοῦ
1607 4999 1869 5069 οὐρανοῦ

275 5092 387 5146 καὶ
427 5091 742 5146 ἀναλῶσαι
787 5093 1041 5157 αὐτούς;
1081 5091 1413 5162 ἐπετίμησεν
1442 5091 1664 5158 αὑτοῑς;
1709 5093 1869 5164 Περι-

278 5183 532 5236 στέλ).ων
551 5185 652 5254 τὴν
671 5183 834 5248 ὀξυθο
843 5185 973 5254 μίαν
994 5183 1172 5236 αὐτῶν
1189 5181 1282 5236 καὶ
1307 5182 1594 5252 ἀπήνειαν,
1616 5182 1870 5247 ἀνεξικα-

276 5278 406 5328 κείν
443 5275 554 5340 ἀεὶ,
582 5275 644 5327 οὐ
678 5275 839 5345 μόνον
870 5273 966 5328 νῦν
992 5291 1007 5305 ·
1039 5273 1199 5326 τοῦτο
1227 5271 1283 5324 δὲ
1324 5267 1478 5326 εἷπον
1511 5271 1644 5342 πρὸς
1682 5274 1868 5328 Ἠλίαν

274 5365 646 5436 ἀφορῶντες·
711 5365 884 5430 οὕτως
945 5365 1008 5418 οὐ
1065 5363 1266 5426 τελέως
1317 5363 1414 5433 τῆς
1465 5364 1593 5427 νέας
1649 5365 1870 5436 χάριτος

273 5462 736 5530 κεκρατήκεσαν,
783 5455 922 5520 ἀλλὰ
962 5455 1057 5508 καὶ
1091 5453 1227 5525 πρὸς
1257 5452 1420 5522 νόμον
1467 5453 1732 5508 ἐσκόπουν
1779 5456 1868 5509 τὸν

273 5550 546 5605 παλαιόν.

352 5641 488 5692 Ὅτι
512 5640 540 5693 ὁ
568 5637 763 5704 εἰπὼν,
805 5635 1228 5704 Ἀκολουθήσω
1277 5649 1410 5701 σοι,
1465 5636 1660 5704 Κύριε,
1709 5633 1871 5690 ἀλλὰ

275 5731 533 5802 πρῶτον
580 5731 908 5799 ἐπίτρεψόν
949 5745 1050 5798 μοι
1083 5727 1497 5792 ἀποτάξασθαι
1541 5726 1664 5793 τοῖς
1686 5727 1756 5780 ἐν
1791 5723 1872 5792 τῷ

273 5826 436 5889 οικῳ
475 5841 612 5890 μου,
665 5822 1024 5892 ἀξιοζήλωτον
1059 5821 1158 5890 μὲν
1189 5822 1482 5892 ὑπόσχεσιν
1528 5818 1864 5886 ἐνεδείξατο’

581 5914 855 5974 Ρλτιιοι.
907 5911 1030 5992 Gn.
1075 5911 1227 5971 CVI.

1973 4617 2106 4670 riam
2135 4633 2308 4672 meam
2349 4622 2623 4690 complere
2665 4623 2874 4688 volunt,
2903 4625 3074 4694 gratia
3107 4641 3224 4682 mea
3271 4644 3546 4687 coronan-

1975 4719 2078 4763 tur.

2047 4799 2214 4856 Vens.
2251 4803 2339 4857 54.
2373 4803 2508 4872 Cur,
2537 4820 2660 4860 cum
2688 4807 2909 4877 quidam
2935 4811 3200 4878 apostolis
3225 4829 3330 4869 non
3373 4817 3552 4872 credi-

1971 4891 2201 4959 dissent,
2229 4905 2283 4951 et
2308 4895 2562 4967 discipuli
2585 4899 2855 4955 dixissent
2875 4901 2942 4956 ad
2971 4901 3271 4974 Christum,
3304 4907 3548 4974 Domine,

1971 4986 2046 5038 vis
2071 4985 2313 5040 dicamus
2359 4996 2414 5040 ut
2438 4987 2574 5056 ignis
2600 4988 2880 5042 descendat
2911 4991 2976 5044 de
3003 4992 3130 5046 caelo
3175 5006 3225 5048 ct
3273 5007 3551 5050 consumat

1970 5095 2080 5142 eos,
2105 5079 2410 5149 increpavit
2453 5079 2616 5134 illos?
2641 5081 2710 5135 Ut
2739 5083 3066 5150 reprimeret
3090 5101 3280 5140 eorum
3308 5088 3445 5142 iram
3493 5099 3550 5144 ct

1972 5169 2258 5232 saevitiam,
2317 5177 2370 5221 et
2441 5179 2686 5224 moneret
2757 5173 3074 5239 patientiam
3139 5189 3360 5245 semper
3437 5193 3544 5231 non

1975 5268 2184 5314 tantum
2215 5276 2360 5316 nunc
2395 5279 2407 5314 :
2443 5261 2493 5314 id
2555 5272 2684 5313 \‘ero
2737 5259 2989 5316 dixerant
3034 5261 3100 5316 ad
3151 5259 3322 5318 Eliam
3375 5269 3546 5336 respi—

1972 5351 2220 5417 cientes;
2253 5351 2323 5405 ita
2353 5367 2460 5405 non
2507 5347 2744 5420 perfecte
2765 5350 2944 5406 adhuc
2993 5367 3130 5407 nova
3163 5353 3334 5424 gratia
3385 5341 3550 5412 duce;

1973 5445 2194 5511 bantur,
2229 5442 2324 5499 sed
2355 5443 2421 5498 ad
2450 5442 2621 5510 legem
2655 5451 2887 5498 veterem
2917 5443 3273 5514 aspiciebaut.

2041 5629 2206 5684 Vens.
2226 5629 2315 5684 61.
2337 5627 2441 5695 Qui
2468 5627 2635 5683 dixit:
2670 5627 2876 5699 Sequar
2897 5639 2965 5692 te,
2999 5629 3218 5686 Domine
3241 5647 3259 5696 ,'
3279 5631 3372 5685 sed
3396 5635 3549 5704 prius

1973 5724 2216 5792 permitte
2247 5721 2376 5775 mihi
2433 5721 2739 5775 renuntiare
2759 5719 2998 5774 onmibus’
3035 5737 3150 5792 quae
3178 5723 3231 5775 in
3257 5721 3412 5777 domo
3435 5741 3552 5780 mra

1978 5825 2124 5880 sum,
2157 5812 2530 5888 aemulatione
2569 5809 2785 5882 quidem
2843 5811 3064 5884 dignam
3129 5813 3546 5882 promissionem

3105 5905 3182 5968 38
