4026 6414
571 406 708 474 1196
1240 404 1665 465 ~"0PUSC.ULA
1709 402 2343 464 SCRIPTURISTICA
2389 402 2739 464 INCERTA'I
2774 406 3086 465 (ETATIS.
3686 410 3803 473 1196

567 520 1021 588 exhibebatued
1058 535 1303 591 qttaerere
1356 530 1413 574 ιιι
1462 517 1801 575 renuntiaret
1833 518 2126 575 ﬂuctuanti

2254 521 2315 574 τὸ
2356 520 2413 574 δὲ
2448 519 2633 591 ζητεῖν
2681 519 3083 587 ἀποτάξασθαι,
3132 520 3538 592 μεμερισμένον
3584 520 3724 576 ἐστὶν
3748 530 3804 595 τῇ

564 628 648 673 est
673 616 865 671 animi.

2256 612 2484 684 διανοίᾳ.
3694 642 3699 645 ι

640 707 808 762 Vens.
835 707 922 761 62.
967 706 1134 761 Nemo
1178 705 1391 759 mittens
1432 720 1647 758 manum
1701 703 1770 755 ad
1829 713 2070 757 aratrum
2099 720 2123 757 ε

2335 706 2460 759 Ὅτι
2498 702 2698 769 οὐδεὶς
2748 700 3053 755 ἐπιϐαλὼν
3078 700 3194 767 τὴν
3232 701 3401 771 χεῷα
3429 702 3523 756 ἐπ’
3556 696 3829 774 ἄροτρον,¹

567 801 841 868 respiciens
865 809 1027 863 retro,
1050 808 1208 869 aptus
1228 809 1305 852 est
1338 812 1494 867 regno
1524 796 1640 850 Dei.
1691 795 1757 850 Ut
1799 797 1966 860 enim,
1996 796 2126 851 dicit

2255 795 2357 849 καὶ
2378 794 2666 863 στραφεὶς
2685 794 2774 859 εις
2802 794 2874 845 τὰ
2912 792 3126 859 ὀπίσω,
3158 794 3402 859 εὔθετός
3424 796 3592 850 ἐστιν
3613 799 3696 864 είς
3714 798 3810 866 τὴν

567 890 805 960 agricola
842 904 997 943 arare
1031 904 1157 943 cum
1198 888 1446 958 coeperit,
1481 886 1527 940 si
1582 890 1636 939 in
1696 887 1909 956 reliquo
1963 900 2117 942 cessa

2247 888 2579 953 ,βασιλείαν
2603 885 2709 940 τοῦ
2739 885 2907 941 θεοῦ.
2940 886 3151 957 Ὠσπερ
3185 885 3319 957 γὰρ,
3340 888 3523 958 φησιν,
3542 890 3571 942 ό
3593 891 3808 958 γηπόνος

564 978 724 1040 verit,
779 989 950 1033 totum
1002 979 1212 1049 perdet,
1251 979 1321 1031 ita
1368 986 1423 1031 et
1471 976 1562 1045 qui
1618 978 1921 1031 secundum
1977 977 2126 1035 Deun

2252 979 2345 1032 τοῦ
2395 979 2658 1049 ἀροτριᾷν
2706 976 3040 1049 ἀρξάμενος,
3089 976 3171 1031 ὅτ’
3212 976 3280 1031 ἂν
3331 978 3539 1050 ὸκνήσῃ
3600 980 3729 1050 πρὸς
3756 982 3810 1033 τὸ

564 1080 846 1141 operatur,
908 1070 954 1127 si
1011 1070 1084 1126 ad
1128 1070 1290 1125 aliud
1354 1067 1632 1140 quidpiam
1686 1069 1846 1124 otiari
1896 1071 2126 1127 inventu:

2252 1072 2461 1137 λεῖπον,
2498 1072 2560 1125 τὸ
2592 1073 2704 1125 πᾶν
2750 1070 3035 1125 ἀπώλεσεν
3058 1087 3074 1104 ο
3130 1070 3307 1137 οὕτως
3334 1074 3426 1126 καὶ
3454 1073 3485 1125 ό
3510 1073 3651 1126 κατὰ
3693 1072 3811 1127 Θεὸν

564 1162 745 1219 fuerit.
2252 1162 2664 1234 ἐργαζόμενος,
2708 1164 2758 1217 εί
2804 1163 2944 1234 πρὸς
2994 1162 3124 1218 ἄλλο
3174 1180 3230 1218 τι
3274 1164 3675 1238 ἀσχολούμενος
3731 1167 3811 1221 εύ-

2256 1257 2410 1328 ρεθῇ.

1182 1364 1414 1422 CAPUT
1454 1367 1522 1422 Χ.

2868 1367 3119 1422 ΚΕΦΑΔ.
3151 1367 3211 1423 Ρ.

2320 1514 2419 1567 Διὰ
2446 1514 2499 1566 τί
2529 1513 2724 1578 ἄλλους
2756 1512 3128 1583 ἑϐδομήκοντα
3161 1513 3409 1583 μαθητὰς
3433 1511 3810 1584 προσελάϐετος

2262 1605 2480 1676 Ἐπειδὴ
2518 1604 2688 1676 πολλὴ
2718 1603 2946 1676 ἔμελλεν
2978 1606 3011 1675 ἠ
3042 1604 3235 1675 διδαχὴ
3262 1604 3533 1672 γίνεσθαι,
3572 1604 3666 1658 καὶ⁵
3697 1605 3810 1658 πολ-

2247 1696 2415 1767 λαχοῦ
2450 1698 2543 1751 καὶ
2577 1698 2715 1768 πρὸς
2761 1695 3050 1760 Ἰουδαίους
3083 1694 3181 1750 καὶ
3220 1696 3356 1768 πρὸς
3382 1696 3451 1751 τὰ
3475 1698 3626 1768 ἔθνη.

628 1790 798 1846 Vnus.
834 1791 921 1845 18.
954 1788 1093 1857 Quid
1121 1790 1394 1861 signiﬁcat
1428 1809 1444 1848 :
1486 1790 1737 1848 Videbam
1781 1793 2043 1850 Satanam
2087 1812 2119 1850 ιι

2319 1790 2385 1843 Τί
2440 1792 2697 1861 σημαίνει
2740 1789 2831 1855 τὸ,
2896 1786 3225 1856 Ἐθεώρουν
3278 1788 3387 1843 τὸν
3433 1790 3707 1845 Σατανᾶν
3744 1790 3813 1857 ὡς

560 1885 742 1957 fulgur
760 1901 788 1939 e
818 1884 943 1937 caelo
956 1883 1276 1938 cadentem?
1304 1884 1625 1941 Ostenditur
1660 1886 1768 1954 his,
1789 1887 1918 1959 quia
1951 1888 1997 1944 si
2019 1889 2126 1945 illo.

2247 1881 2570 1950 ἀστραπὴν
2597 1884 2866 1937 πεσόντα
2902 1880 2971 1934 ἐκ
2993 1880 3101 1935 τοῦ
3129 1882 3423 1951 adparet“);
3462 1881 3634 1937 Τοῦτο
3656 1882 3811 1953 δηλοῖ,

562 1993 684 2032 rum
711 1976 968 2047 princeps
993 1975 1218 2043 decidit,
1260 1977 1403 2033 servi
1428 1977 1559 2049 quid
1577 1994 1607 2033 a
1634 1979 1791 2034 vobis
1816 1981 1924 2051 pati
1951 1996 2126 2052 exspe-

2249 1974 2332 2029 ὃτι
2365 1975 2429 2028 Et
2455 1974 2485 2027 ό
2511 1975 2697 2047 ἄρχων
2719 1976 2901 2031 αὐτῶν
2930 1976 3256 2041 κατέπεσεν,
3289 1970 3543 2029 οίδοῦλοι
3570 1976 3623 2028 τί
3662 1992 3813 2045 προσ·

555 2067 823 2125 ctabunt?
848 2064 918 2121 Ut
952 2065 1163 2138 fulgur,
1221 2068 1377 2133 dicit,
1425 2070 1554 2141 quia
1586 2070 1903 2139 splendidus
1945 2080 2126 2128 natura

2245 2066 2447 2122 δοκῶσι
2490 2068 2686 2122 παθεῖν
2718 2069 2788 2122 δι’
2831 2068 3023 2140 ὑμῶν;
3051 2069 3178 2136 {ac
3221 2068 3547 2138 ἀστραπὴν
3573 2068 3629 2122 δὲ
3653 2063 3810 2128 εἶπεν.

553 2170 691 2224 erat,
752 2160 856 2214 etsi
896 2160 1224 2216 tenebrosus
1274 2159 1454 2217 factus
1500 2163 1573 2218 sit
1632 2162 1941 2218 voluntate.
1978 2163 2126 2231 Quor

2244 2160 2434 2234 ἔπειξιὴ
2468 2163 2731 2232 φωτεινὸς
2762 2157 2831 2234 ἦν
2863 2163 2963 2233 τὴν
3004 2161 3187 2232 φύσιν,
3223 2163 3272 2214 εί
3303 2160 3398 2214 καὶ
3433 2163 3709 2225 σκοτεινὸς
3730 2161 3812 2230 γέ-

552 2247 701 2303 enim
731 2246 862 2303 facit
891 2246 1055 2313 Deus,
1088 2247 1192 2304 hoc
1226 2248 1430 2305 bonum
1463 2260 1581 2318 est;
1623 2253 1766 2322 quod
1792 2262 1977 2308 autem
2020 2270 2126 2309 mu-

2244 2268 2369 2320 γονε
2401 2253 2502 2323 την
2534 2254 2876 2325 προαίρεσιν.
2925 2256 2990 2306 ’0
3014 2253 3123 2326 γὰρ
3148 2254 3405 2326 ἐποίησεν
3430 2254 3457 2306 ό
3488 2254 3642 2319 Θεὸς,
3672 2252 3813 2307 τοῦτο

554 2341 691 2396 tavit
722 2339 997 2406 diabolus,
1032 2339 1165 2395 illud
1216 2342 1424 2398 malum
1460 2360 1476 2398 :
1519 2344 1604 2400 vel
1637 2345 1783 2415 quod
1829 2361 1897 2401 ex
1938 2347 2052 2402 alto
2086 2348 2126 2401 ir

2241 2346 2410 2401 καλόν
2434 2362 2449 2377 ο
2487 2346 2515 2400 δ
2540 2346 2596 2401 δὲ
2638 2346 3003 2419 μετεποίησεν
3038 2348 3067 2401 ό
3091 2346 3360 2412 διάϐολος,
3408 2346 3571 2400 τοῦτο
3616 2345 3809 2401 κακόν

630 1513 799 1569 Vens.
833 1514 885 1567 l.
941 1511 1055 1568 Cur
1094 1512 1241 1567 alios
1292 1514 1638 1585 septuaginta
1701 1515 2007 1585 discipulos
2054 1531 2146 1571 as-

558 1605 835 1677 sumpsit?
871 1604 1013 1673 Quia
1039 1605 1209 1660 multa
1241 1606 1471 1663 debebat
1507 1608 1620 1662 ﬁeri
1643 1608 1982 1678 praedicatio,
2016 1616 2070 1663 et
2093 1611 2145 1664 in

559 1699 748 1754 multis
788 1698 946 1762 locis,
987 1695 1053 1751 ad
1079 1693 1299 1753 Judaaos
1330 1707 1383 1753 et
1412 1700 1478 1753 ad
1498 1710 1713 1770 gentes.

554 2445 758 2491 terram
783 2433 1032 2492 defertur
1054 2436 1352 2494 ostendite
1379 2438 1552 2511 gloria
1581 2438 1635 2495 in
1670 2439 2026 2511 opprobrium
2053 2456 2141 2498 ca-

548 2530 706 2584 dens.

632 2620 797 2680 Vnus.
816 2622 905 2681 l9.
928 2623 1153 2682 Catcare
1180 2640 1337 2696 super
1361 2635 1625 2696 serpentes
1649 2636 1698 2681 et
1720 2628 2047 2698 scorpiones,
2070 2629 2137 2686 de

548 2715 894 2769 daemonibus
927 2716 1155 2772 dicitur.

627 2805 793 2861 νεεδ.
824 2805 917 2861 20.
962 2806 1146 2861 Nolite
1178 2807 1409 2877 gaudere
1440 2808 1691 2878 quoniam
1733 2810 1955 2880 spiritus
1989 2813 2131 2868 vobis

549 2896 952 2966 subjiciuntur;
988 2896 1038 2951 id
1077 2905 1186 2962 est,
1229 2898 1399 2953 nolite
1440 2914 1578 2953 vana
1612 2898 1858 2970 gloriari.
1901 2901 2136 2960 Gaudete

549 2986 892 3057 autemquod
921 2989 1137 3041 nomina
1156 2997 1330 3042 vestra
1363 2990 1563 3053 scripta
1584 3000 1707 3044 sunt
1738 2991 1793 3044 in
1820 2992 1986 3060 caelis,
2022 3011 2132 3051 non

546 3080 617 3135 de
640 3088 971 3146 atramento,
1000 3080 1093 3135 sed
1110 3080 1177 3135 de
1203 3081 1468 3135 memoria
1498 3082 1591 3138 Dei
1623 3083 1775 3137 dicit.

622 3172 788 3229 Vsus.
819 3173 909 3230 29.
940 3171 1099 3242 Legis
1132 3172 1341 3243 peritus
1372 3173 1535 3229 aliter
1581 3174 1773 3230 habuit
1801 3179 2129 3247 proximum,

2244 2434 2278 2505 ἢ
2305 2435 2366 2489 τὸ
2395 2435 2454 2501 ἐξ
2478 2436 2649 2507 ὕψους
2681 2438 2760 2500 είς
2781 2437 2886 2508 γῆν
2908 2436 3380 2508 κατενηνεγμένον
3403 2436 3558 2508 δηλοῖ
3584 2438 3647 2491 ὲκ
3671 2435 3812 2507 δόξης

2244 2527 2324 2592 είς
2356 2529 2601 2598 ἀτιμίαν.

2318 2621 2440 2674 ’Ότι
2481 2620 2562 2686 τὸ,
2604 2620 2821 2676 Πατεῖν
2866 2621 3067 2677 ἐπάνω
3113 2622 3310 2693 ὄφεων
3353 2622 3450 2677 καί
3477 2624 3804 2691 σκορπίων.

2242 2713 2372 2772 περὶ
2420 2712 2529 2765 τῶν
2562 2712 2833 2784 δαιμόνων
2885 2713 3056 2782 λέγει.
3090 2713 3184 2781 Τὸ,
3232 2713 3330 2783 Μὴ
3361 2714 3601 2783 χαίρετε
3640 2714 3723 2768 ὅτι
3748 2712 3809 2767 τὰ

2240 2803 2551 2872 πνεύματα
2574 2802 2719 2873 ὑμῖν
2742 2802 3177 2869 ὑποτάσσεται,
3207 2804 3329 2859 ἀντὶ
3352 2804 3467 2871 τοῦ,
3495 2805 3591 2876 Μὴ
3618 2804 3808 2857 κενοδο-

2241 2894 2405 2962 ξεῖτε.
2426 2897 2521 2962 Τὸ,
2545 2896 2790 2966 Χαίρετε
2810 2896 2899 2962 δὲ,
2919 2896 3099 2952 ὅτιτὸ
3122 2898 3387 2968 ὀνόματα
3414 2897 3587 2969 ὑμῶν
3597 2896 3807 2968 ἐτράφη

2237 2988 2308 3042 ἐν
2331 2988 2455 3056 τοῖς
2484 2989 2785 3057 οὐρανοῖς,
2817 2990 2880 3043 ού
2915 2989 3006 3045 διὰ
3036 2991 3290 3062 μέλανος,
3320 2990 3456 3045 ἀλλὰ
3482 2992 3573 3047 διὰ
3602 2993 3808 3061 μνήμης

2237 3080 2396 3146 Θεοῦ,
2414 3080 2586 3151 λέγει.

2238 3176 2272 3219 ἃ
2314 3171 2440 3227 Ὀτι
2466 3174 2495 3226 ό
2522 3173 2745 3245 νομικὸς
2785 3173 2992 3246 ἑτέρως
3025 3174 3187 3228 ἔλαϐε
3219 3173 3301 3242 τὸ,
3332 3174 3631 3245 πλησίον.
3664 3189 3804 3227 κενο-

543 3279 683 3319 vana
710 3264 974 3334 gloriatus
1001 3239 1285 3319 :vdic'endo
1309 3264 1493 3322 enim:
1517 3264 1649 3331 Quis
1672 3277 1750 3321 est
1775 3239 1918 3323 utens
1949 3239 2126 3340 ρνοωὲί

2238 3263 2447 3332 δοξῶν·
2476 3267 2535 3318 ἐν
2565 3239 2675 3338 έάρ
2704 3265 2781 3337 τῷ
2812 3239 3013 3336 λέξειν,
3066 3268 3161 3333 Τίς
3201 3239 3339 3321 ἐστί
3374 3239 3497 3337 μου
3531 3266 3803 3334 πλησίον.

543 3357 706 3412 mus?
736 3358 842 3412 hoc
879 3358 1133 3428 proponit
1167 3374 1182 3413 :
1224 3358 1368 3428 quis,
1404 3358 1506 3427 ait,
1565 3360 1699 3414 mihi
1756 3361 1980 3432 aqualis
2009 3364 2133 3420 est?

542 3450 855 3522 proximum
899 3449 1108 3521 justum
1160 3449 1366 3507 habens
1401 3451 1559 3523 justi.
1599 3450 1761 3509 Jesus
1811 3464 1993 3510 autem
2037 3472 2134 3527 per

542 3542 942 3613 indulgentiam
968 3542 1180 3600 locutus
1201 3553 1306 3609 est,
1334 3553 1390 3599 et
1424 3558 1522 3614 per
1552 3545 1779 3600 modum
1800 3548 2129 3605 curationis.

616 3636 778 3693 Vsus.
815 3634 905 3691 30.
928 3634 1473 3693 Homoidescendebat
1502 3654 1536 3693 a
1560 3636 1866 3694 Jerusalem
1890 3641 1945 3695 in
1976 3639 2126 3698 leri-

542 3728 661 3795 cho,
696 3728 766 3783 ab
790 3728 991 3782 eximia
1032 3735 1087 3782 et
1137 3728 1367 3798 paciﬁca
1426 3729 1479 3785 in
1522 3732 1786 3800 paradiso
1830 3735 1981 3803 vita;
2020 3736 2128 3793 hoc

542 3819 689 3874 enim
719 3833 911 3889 pacem
954 3817 1247 3889 signiﬁcat.
1282 3820 1367 3874 Ad
1401 3818 1641 3890 Jericho,
1677 3838 1892 3892 cavam,
1921 3826 2131 3883 dentis-

544 3929 686 3979 sam,
716 3913 999 3968 ardentem
1047 3921 1102 3970 et
1131 3921 1339 3970 arctam
1394 3916 1641 3987 deiectus
1690 3928 1798 3986 est,
1831 3918 1887 3976 id
1935 3930 2022 3977 est
2058 3922 2127 3977 ad

542 4019 911 4061 aerumnosam
935 4004 1123 4060 vitam.
1143 4004 1412 4064 Latrones
1439 4008 1574 4064 dicit
1600 4009 1912 4067 daemonum
1943 4021 2127 4070 cater-

542 4113 690 4163 vam,
724 4105 820 4152 aut
865 4096 1151 4168 passiones
1204 4113 1327 4170 quae
1368 4100 1588 4158 virtutis
1616 4102 1964 4162 vestimentis
1994 4121 2125 4162 eum

542 4192 832 4258 mutantes,
858 4191 1066 4261 peccati
1091 4190 1321 4248 vulnera
1364 4192 1688 4249 inﬁxerunt.

611 4470 783 4526 Vens.
813 4470 902 4526 52.
943 4470 1045 4526 Per
1075 4469 1297 4528 Levitas
1336 4481 1391 4528 et
1421 4475 1739 4530 sacerdotes
1777 4475 1948 4547 legem
1976 4478 2122 4533 desi-

2236 3357 2397 3412 τοῦτο
2449 3358 2802 3413 ύποτίθεται’
2859 3360 2979 3426 Τίς,
3030 3358 3218 3430 φησὶν,
3257 3360 3372 3423 ῐσος
3403 3375 3540 3429 μοις
3596 3356 3805 3428 πλησίον

2237 3448 2373 3502 νοῶν
2402 3448 2494 3502 τὸν
2518 3449 2727 3503 δίκαιον
2754 3448 2834 3521 τῷ
2868 3448 3065 3520 δικαίῳ
3086 3462 3102 3479 ⁸
3133 3449 3298 3513 αὐτὸς
3325 3449 3382 3503 δὲ
3407 3451 3476 3521 τῇ
3503 3445 3804 3519 συμπαθείᾳ

2234 3539 2411 3610 ἔλεγε,
2438 3543 2536 3598 καὶ
2554 3542 2632 3615 τῷ
2657 3544 2847 3615 τρόπῳ
2871 3541 2969 3614 τῆς
2998 3542 3317 3613 θεραπείας.

2231 3636 2413 3708 εζΤὸ,
2450 3638 2799 3707 Ἀνθρωπος
2857 3634 3216 3691 κατέϐαινεν
3237 3634 3355 3691 ἀπὸ
3418 3631 3799 3705 Ἰερουσαλὴμ

2232 3732 2322 3796 είς
2365 3728 2613 3798 Ἰεριχὼ,
2696 3729 2806 3784 ἀπὸ
2858 3728 2957 3799 τῆς
2991 3730 3051 3783 ἔν
3104 3727 3421 3800 παραδείσῳ
3479 3728 3689 3799 ὑψηλῆς
3717 3727 3801 3780 καὶ

2232 3823 2519 3895 εἰρηνικῆς
2551 3823 2830 3891 διαγωγῆς
2854 3839 2868 3853 ·
2923 3820 3085 3875 τοῦτο
3133 3823 3245 3893 γὰρ
3274 3822 3503 3892 εἰρήνην
3536 3821 3796 3892 σημαίνει.

2232 3918 2379 3990 Πρὸς
2395 3917 2493 3989 τὴν
2536 3917 2746 3988 Ἰεριχὼ
2770 3918 2873 3987 τὴν
2902 3916 3091 3989 κοίλην
3114 3917 3209 3971 καὶ
3241 3917 3530 3989 χθαμαλὴν
3560 3920 3656 3972 καὶ
3680 3932 3799 3969 καυ-

2232 4008 2459 4081 ματώδη
2513 4011 2610 4064 καὶ
2661 4010 2938 4082 πνιγηρὰν
2991 4010 3437 4084 κατωλίσθησεν,
3493 4012 3664 4082 ῆγουν
3712 4008 3797 4079 τὴν

2229 4102 2458 4174 ἐμπαθῆ
2505 4104 2673 4175 ζωήν.
2726 4105 2945 4176 Λῃστὰς
2985 4104 3044 4159 δὲ
3077 4104 3246 4174 λέγει,
3277 4105 3387 4158 τῶν
3435 4103 3705 4173 δαιμόνων
3747 4101 3798 4156 τὸ

2229 4192 2510 4265 σύστημα,
2543 4194 2575 4264 ἢ
2604 4194 2672 4248 τὰ
2719 4195 2887 4265 πάθη,
2919 4196 3079 4250 ᾶτινα
3125 4194 3236 4249 τῶν
3271 4193 3682 4265 ἀμφιασμάτων
3709 4191 3797 4260 τῆς

2228 4284 2436 4355 ἀρετῆς
2454 4284 2780 4348 ἐκδύσαντες
2797 4284 2985 4352 αὑτὸν,
3011 4286 3080 4339 τὰ
3094 4286 3194 4357 τῆς
3216 4284 3490 4357 ἁμαρτίας
3514 4285 3657 4356 τραύ
3665 4298 3795 4355 ματα

2227 4375 2527 4447 ἐπέθηκαν.

2300 4469 2532 4533 Λευῖτας
2570 4469 2629 4522 δὲ
2662 4470 2757 4523 καὶ
2810 4471 2995 4541 ἱερεῖς,
3048 4470 3137 4524 τὸν
3192 4470 3357 4541 νόμον
3395 4468 3563 4540 λέγει,
3615 4470 3689 4532 ὡς
3728 4466 3793 4538 μὴ

536 4576 687 4637 gnat,
716 4573 779 4619 ut
805 4578 924 4633 quae
952 4579 1061 4619 non
1101 4565 1388 4620 cadentem
1422 4574 1729 4621 curaverat.
1767 4563 2119 4637 Pertrausiit,

2230 4559 2322 4614 τὸν
2357 4561 2664 4615 πταίσαντα
2695 4561 3131 4633 θεραπεύσαντα.

536 4660 590 4713 id
616 4666 722 4721 est,
758 4656 951 4711 videns
972 4658 1291 4713 retrocessit
1319 4659 1517 4713 iterum
1543 4659 1687 4713 unde
1707 4672 1958 4729 venerat,
1985 4661 2122 4718 nihil

534 4755 656 4825 opis
686 4753 891 4811 ferens.

616 4844 783 4901 Vsus.
824 4846 917 4901 53.
947 4841 1332 4902 Samaritanus
1354 4853 1561 4913 autem,
1583 4845 1664 4902 vel
1692 4845 1976 4903 modestus
1999 4862 2123 4904 esse

537 4938 773 5005 videtur,
813 4945 873 4991 ut
903 4937 1018 5007 ipse
1040 4937 1399 5007 reputabatur
1425 4946 1481 4992 et
1508 4937 1814 4993 vocabatur
1868 4939 1938 4993 ab
1987 4939 2069 4995 eis
2104 4958 2118 5006 ;

536 5030 621 5085 vol
655 5046 721 5084 er
753 5030 859 5099 hoc
894 5043 1111 5083 omnem
1161 5028 1439 5085 hominem
1471 5044 1566 5101 per
1602 5029 1745 5086 hanc
1796 5031 2120 5103 appellatio-

538 5137 690 5188 nem,
726 5121 974 5177 Judmum
1004 5128 1058 5176 et
1088 5122 1370 5177 ethnicum
1412 5134 1760 5195 assumptum
1796 5125 1951 5180 dicit.

604 5213 769 5270 Vens.
800 5214 889 5271 34.
923 5212 1240 5270 Jumentum
1283 5230 1487 5287 corpus
1529 5231 1693 5271 suum
1737 5216 1908 5282 dicit,
1933 5216 2121 5289 junxit

532 5308 678 5364 enim
736 5307 1065 5362 humanitati
1123 5306 1508 5373 divinitatem;
1556 5308 1868 5379 imponens,
1896 5316 2118 5379 peccata

534 5404 770 5467 sanavit,
803 5400 856 5455 id
880 5410 965 5457 est
994 5401 1242 5456 vulnera.
1295 5399 1497 5456 Vinum
1536 5400 1807 5457 doctrinae.
1846 5402 2116 5457 rationem

538 5510 795 5565 asperam
824 5504 1002 5551 vocat.
1036 5494 1177 5550 Cum
1214 5494 1336 5549 oleo
1381 5504 1588 5559 autem,
1622 5494 1751 5564 quia
1784 5494 2119 5567 benignitate

534 5602 845 5643 sermonem
901 5587 1069 5642 istum
1118 5588 1476 5658 temperavit;
1513 5588 1565 5643 id
1595 5603 1721 5644 vero
1759 5596 1820 5644 ut
1868 5602 1926 5643 se
1959 5587 2119 5644 incli-

534 5685 691 5730 naret
768 5677 1098 5747 publicanis.
1158 5676 1227 5732 In
1292 5678 1595 5749 jumentum
1656 5694 1813 5732 suum
1865 5679 2118 5749 imposuit

532 5766 721 5832 illum;
748 5784 873 5823 nam
925 5772 978 5824 in
1018 5785 1077 5825 se
1123 5786 1226 5829 nos
1278 5771 1424 5836 tulit,
1460 5785 1656 5825 sumus
1686 5770 1833 5826 enim
1868 5769 2115 5825 membra

541 5859 791 5929 corporis
831 5860 971 5928 ejus.
1002 5860 1316 5928 Stabulum,
1376 5860 1676 5917 Ecclesiam
1721 5870 1880 5917 vocat
1923 5876 2115 5916 omnes

2299 4654 2374 4707 Τὸ
2398 4655 2474 4721 δὲ,
2519 4653 3016 4723 Ἀντιπαρῆλθεν,
3049 4653 3170 4710 ἀντὶ
3192 4653 3308 4720 τοῦ,
3360 4654 3501 4709 Ἰδὼν
3525 4655 3627 4727 τὴν
3652 4658 3790 4709 ἐναν-

2224 4744 2343 4800 τίαν
2374 4745 2545 4800 tam:
2582 4746 2743 4800 πάλιν
2782 4746 2905 4799 ὅθεν
2935 4740 3090 4817 ἦλθε,
3126 4745 3292 4816 μηδὲν
3320 4746 3630 4819 ὠφελήσας.

2308 4841 2368 4892 Ὀ
2400 4839 2459 4893 δὲ
2491 4838 2919 4911 Σαμαρείτης,ἢ
2957 4842 2985 4893 ό
3014 4839 3188 4893 δοκῶν
3238 4839 3464 4912 εὐτελὴς
3515 4837 3677 4906 εἶναι,
3724 4841 3788 4903 ὡς

2222 4931 2388 4995 αὐτὸς
2410 4931 2697 5002 ἐνομίζετο
2728 4933 2823 4985 καὶ
2851 4932 3099 4986 ἐκαλεῖτο
3122 4932 3255 5003 παρ’
3286 4933 3466 4989 αὐτῶν
3486 4950 3500 4964 ⁸
3526 4935 3559 5005 ἢ
3592 4937 3657 4988 ὲκ
3683 4932 3787 4987 τοῦ·

2222 5039 2315 5077 του
2344 5022 2439 5077 τὸν
2485 5023 2575 5077 διὰ
2603 5022 2699 5078 τοῦ
2730 5022 2896 5079 αὐτοῦ
2949 5025 3276 5096 φυράματος
3316 5025 3494 5080 πάντα
3528 5025 3628 5079 καὶ
3669 5025 3781 5080 Ἰουι

2220 5116 2370 5170 δαῖον
2400 5118 2492 5171 καὶ
2529 5116 2745 5171 ὲθνικδν
2778 5117 3226 5189 προσλαδόμενον
3255 5117 3427 5187 λέγει.

2303 5211 2633 5281 ’Υποζύγιον
2664 5212 2744 5277 δὲ,
2775 5211 2837 5265 τὸ
2865 5210 3034 5266 αὑτοῦ
3067 5212 3228 5283 σῶμα
3265 5211 3444 5281 λέγει’
3478 5210 3660 5277 ἔζευξε
3688 5209 3783 5279 γὰρ

2220 5307 2287 5377 τῇ
2334 5304 2720 5379 ἀνθρωπότητι
2754 5304 2856 5375 τὴν
2900 5303 3165 5374 θεότητα·
3216 5304 3466 5371 ἐπιστὰς,
3525 5304 3782 5375 ἁμαρτίας

2219 5396 2613 5469 ἐθεράπευσεν,
2648 5397 2816 5468 ἡγουν
2840 5395 2912 5450 τὰ
2939 5395 3256 5467 τραύματα.
3310 5391 3465 5450 Οῐνον
3493 5395 3549 5449 δὲ
3582 5396 3673 5448 τὸν
3716 5392 3783 5445 δι·

2218 5489 2544 5544 δασκαλικὸν
2592 5491 2795 5560 τρόπον
2840 5489 2933 5541 τδν
2965 5488 3237 5557 στύφοντα
3290 5488 3466 5542 καλεῖ.
3504 5486 3607 5540 Σὺν
3633 5485 3782 5552 ἐλαίῳ

2217 5582 2297 5648 δὲ,
2326 5583 2406 5636 ὅτι
2425 5580 2808 5653 φιλανθρωπίᾳ
2837 5580 3027 5634 τοῦτον
3047 5579 3279 5651 ἐκέρασε
3299 5578 3389 5632 τὸν
3418 5578 3579 5647 λόγον
3597 5592 3610 5605 ·
3637 5573 3779 5628 τοῦτο

2218 5674 2275 5731 δὲ
2310 5676 2399 5729 διὰ
2432 5674 2494 5728 τὸ
2544 5672 3033 5729 συνανακλίνεσθαι
3095 5672 3381 5737 τελώναις.
3413 5671 3487 5725 Τὸ
3512 5670 3590 5736 δὲ,
3655 5662 3775 5719 Ἐπί

2217 5767 2284 5821 τὸ
2314 5766 2471 5822 (610v-
2514 5766 2843 5838 ὑποζύγιον
2891 5766 3253 5820 ἀνεϐίϐασεν
3300 5763 3508 5830 αὐτὸν,
3542 5766 3598 5817 ὲν
3619 5752 3779 5825 ἐαυτῷ

2218 5861 2327 5931 γΞιρ
2354 5862 2501 5932 ἡμᾶς
2553 5859 2783 5931 ὲφόρεσε
2808 5875 2823 5889 ο
2858 5857 3027 5929 ἐσμὲν
3080 5858 3188 5929 γὰρ
3241 5856 3378 5929 μέλη
3410 5855 3504 5911 τοῦ
3546 5854 3778 5924 σώματος
