4026 6404
305 378 440 443 1197

1396 376 1722 437 SCHOLIA
1757 374 2056 438 VETERA
2102 373 2181 433 IN
2225 374 2502 435 LUCAM.

3429 375 3564 442 “98

298 488 490 548 αὐτοῦ.
507 487 825 558 Πανδοχεῖον
851 487 1042 558 δὲ,τὴν
1087 484 1417 557 Ἐκκλησίαν
1449 487 1606 541 καλεῖ
1631 487 1730 557 τὴν
1752 487 1885 542 πάν-

1992 486 2386 553 accipientem;
2429 487 2523 542 sed
2570 502 2673 542 non
2705 487 2838 559 legis
2865 486 3061 555 instar,
3089 487 3400 548 dicentem:
3436 499 3566 548 Am-

297 598 400 643 τας
423 577 722 648 δεχομένην
741 594 753 608 ’
792 578 930 632 ἀλλὰ
959 578 1036 648 μὴ
1077 578 1218 632 κατὰ
1244 577 1336 630 τὸν
1365 577 1531 648 νόμον
1573 577 1838 645 λέγουσαν
1863 593 1876 606 ·

312 670 674 741 ’Δμμανίτης
695 669 792 723 καί
810 670 1117 737 Μωαϐίτης
1167 671 1252 735 είς
1288 669 1632 739 ἐκκλησίαν
1654 670 1878 738 Κυρίου

296 765 411 820 οὐκ
437 761 872 816 είσελεύσεται.

371 852 445 906 Τὸ
476 850 534 905 δὲ
559 849 745 905 δοῦναι
771 851 851 921 τῷ
880 851 1135 921 πανδοχεῖ
1164 851 1260 905 δύο
1307 851 1542 922 δηνάρια
1571 851 1653 914 είς
1687 850 1887 922 ἐπιμέ-

298 942 449 997 λειαν
502 939 672 997 αὑτοῦ
696 981 714 1010 ,
760 943 1016 1014 σημαίνει
1057 947 1170 1007 τοῖς
1236 943 1338 1013 τῆς
1396 943 1723 1015 Ἐκκλησίις
1782 945 1882 996 ἑπ-

299 1036 495 1100 ὄπταις
551 1035 871 1100 ἀποστόλοις
897 1037 991 1092 καὶ
1046 1037 1391 1100 διδασκάλοις
1424 1035 1604 1106 λέγειν
1633 1053 1647 1068 ·
1679 1036 1762 1089 ὅτι
1789 1035 1884 1090 Ἐν

300 1129 366 1198 τῇ
397 1128 630 1199 δευτέρα
657 1127 870 1182 ἑλεύσει
898 1145 1004 1201 μου
1033 1129 1126 1183 τὸν
1159 1129 1355 1200 μισθὸν
1393 1132 1507 1192 τοῖς
1536 1128 1882 1200 ἐπιμελησα-

302 1220 484 1290 μένοις
513 1219 861 1285 διδασκάλοις
892 1221 1182 1277 ἀποδώσω.

286 1323 292 1333 ·
377 1310 501 1363 Ὀτι
531 1311 784 1380 κρεῖττον
809 1311 912 1382 τῆς
938 1311 1266 1382 φιλοξενίας,
1297 1313 1330 1382 ἠ
1361 1313 1544 1376 πίστις
1568 1327 1580 1340 ·
1605 1314 1699 1367 καὶ
1725 1312 1886 1368 τοῦτο

299 1400 454 1470 δηλοῖ
500 1402 738 1473 Χριστος
770 1404 829 1457 ὲν
861 1406 929 1474 τῇ
958 1403 1160 1475 Μάρθα
1195 1403 1293 1458 καὶ
1322 1406 1388 1476 τῇ
1421 1404 1639 1476 Μαρίᾳο
1671 1405 1885 1476 ἐκείνης

297 1493 411 1563 γὰρ
439 1493 570 1565 περὶ
603 1493 703 1566 τὴν
729 1495 1009 1550 διακονίαν
1047 1496 1490 1567 ἀσχολουμένης,
1526 1497 1729 1568 ταύτην
1755 1513 1886 1568 προ-

299 1583 485 1651 έκρινε
511 1585 749 1657 Χριστὸς
773 1586 853 1650 ὡς
879 1585 970 1641 τὸν
1001 1585 1159 1655 λόγον
1191 1587 1504 1642 ἀκούουσαν
1532 1586 1699 1640 αὑτοῦ
1721 1604 1736 1619 ο
1769 1587 1884 1642 ἀλλ’

299 1676 451 1745 ὅμως
473 1677 575 1747 τὴν
606 1676 705 1747 μὲν
732 1678 836 1730 οὐκ
869 1677 1214 1749 ἀπέστρεψεν
1241 1679 1337 1750 ἀφ’
1371 1673 1446 1734 ὧν
1473 1679 1668 1746 ἐποίει,
1698 1680 1798 1751 τὴν
1826 1681 1885 1734 δὲ

299 1767 668 1837 προσεδέξατο
687 1769 772 1838 ἐφ’
804 1763 886 1833 οἷς
918 1771 1230 1841 προσεῖχεν.

882 1877 1140 1937 ΚΕΦΑΛ.
1200 1880 1306 1938 lA'.

370 1989 467 2052 Τδ,
496 1989 732 2059 Ζητεῖτε
759 1991 856 2046 καὶ
880 1993 1143 2062 κρούετε,
1170 1995 1271 2050 καὶ
1297 1993 1689 2066 ἀνοιγήσεται
1713 1994 1882 2068 ὑμῖν,

296 2084 397 2137 καὶ
425 2083 506 2149 τὸ,
552 2084 885 2152 Πορεύεσθε
916 2084 987 2138 ἐν
1014 2086 1190 2140 νυκτί
1232 2086 1384 2156 πρὸς
1423 2087 1532 2142 τὸν
1569 2089 1755 2157 φίλον
1795 2089 1886 2155 εἰς

294 2173 367 2228 τὸ
405 2173 614 2227 λαϐεῖν
645 2191 721 2240 τι,
758 2175 859 2244 τὴν
910 2174 1131 2247 ὄχλησιν
1174 2177 1360 2231 καὶτὸ
1405 2178 1480 2251 μὴ
1529 2179 1741 2250 ταχέως
1784 2179 1887 2251 τῆς

297 2267 469 2337 εὐχῆς
499 2265 827 2335 ἀφίστασθαι
857 2267 1002 2337 λέγει
1032 2285 1048 2300 ο
1089 2268 1262 2324 νύκτα
1291 2270 1348 2326 δὲ
1380 2266 1556 2340 εἶπεν,
1597 2269 1804 2345 μᾶλλον
1828 2272 1885 2326 δὲ

301 2357 685 2428 μεσονύκτιον,
733 2357 834 2424 τὰς
876 2361 1111 2432 ὲσχάτας
1141 2364 1236 2416 καὶ
1267 2366 1404 2437 πρὸς
1435 2364 1513 2437 τῷ
1543 2365 1688 2420 τέλει
1735 2366 1887 2422 ὲλπί-

293 2452 400 2515 δας
441 2451 597 2522 ἡμῶν
621 2465 635 2485 ⁵
673 2455 1063 2526 οἰκοδεσπότην
1091 2456 1171 2521 δὲ,
1203 2457 1295 2510 τὸν
1333 2457 1465 2512 Θεὸν
1505 2459 1698 2514 αὐτόνδ
1735 2463 1887 2533 τρεῖς

296 2543 354 2597 δὲ
388 2543 497 2614 ἄρα
529 2544 806 2616 ὠνόμασε,
838 2547 939 2617 τὴν
969 2548 1048 2611 εἰς
1073 2548 1292 2620 Πατέρα
1320 2551 1416 2604 καὶ
1451 2549 1579 2605 Υἰὸν
1608 2553 1701 2606 καὶ
1731 2553 1887 2622 ἅγιον

298 2637 534 2708 Πνεῦμα
555 2639 760 2694 πίστιν.
806 2639 866 2693 '0
896 2639 954 2693 δὲ
988 2639 1139 2709 φίλος
1160 2642 1188 2695 6
1211 2643 1657 2714 παραγενόμενος
1681 2645 1738 2712 ἐξ
1765 2643 1885 2700 ὁδοῦ

298 2730 660 2797 ἐπιξενωθεὶς
709 2729 879 2803 αὐτῷ,
930 2731 1152 2805 νοηθείη
1201 2733 1266 2788 ἂν
1301 2735 1526 2800 εἰκότως
1561 2738 1590 2790 6
1631 2735 1883 2806 ἄγγελος,

295 2823 472 2894 ἤγουν
497 2825 545 2876 οἱ
586 2823 811 2893 ἄγγελοι
853 2823 904 2878 οἱ
933 2825 1072 2896 πρὸς
1111 2826 1180 2881 τά
1207 2825 1412 2897 ἔσχατα
1457 2829 1886 2900 παραγινόμενοι

299 2914 646 2986 παραλαϐεῖν
695 2917 876 2988 ἡμᾶς·
911 2915 1130 2988 φιλοῦσι
1171 2919 1279 2990 γὰρ
1320 2919 1468 2989 ἡμᾶς
1509 2919 1606 2972 καὶ
1629 2919 1784 2974 αὐτοὶ
1813 2919 1889 2984 ὡς

301 3005 696 3080 φιλανθρώπου
735 3005 872 3063 Θεοῦ
933 3003 1310 3081 φιλάνθρωποι
1360 3010 1670 3082 ὑπηρέται·
1720 3009 1789 3062 τὰ
1830 3009 1888 3064 δὲ

299 3097 498 3153 παιδία
530 3101 598 3155 τὰ
629 3103 723 3154 ἐπὶ
760 3099 861 3172 τῆς
888 3100 1080 3173 κλίνης
1129 3102 1542 3174 ἀναπαυόμενα,
1573 3101 1700 3165 τοὺς
1754 3117 1887 3172 τρα-

1988 581 2183 632 monita
2213 589 2259 633 et
2291 578 2527 634 Moabita
2551 580 2604 633 in
2653 579 2922 634 ecclesiam
2957 580 3170 636 Domini
3188 599 3290 638 non
3323 585 3566 643 intrabit.

1990 855 2001 867 '
2058 852 2335 909 Vens.37.
2381 853 2519 909 Dare
2559 855 2864 911 stabulario
2886 855 3026 913 duos
3055 857 3316 914 denarios
3360 867 3420 913 ut
3461 875 3566 915 cu-

1986 960 2103 1000 ram
2125 946 2192 1000 de
2223 945 2314 1000 illo
2341 945 2561 1012 habeat,
2591 947 2865 1018 signiﬁcat
2901 963 3029 1004 eum
3073 947 3331 1006 Ecclesiae
3360 951 3558 1017 praefe-

1986 1033 2090 1087 ctis
2128 1033 2314 1088 dicere
2341 1035 2605 1104 apostolis
2628 1043 2682 1090 et
2716 1037 3052 1104 doctoribus,
3088 1040 3143 1094 in
3175 1041 3416 1096 secundo
3445 1057 3566 1098 meo

1986 1124 2221 1180 adventu
2255 1127 2564 1182 mercedem
2599 1129 2920 1186 doctoribus
2964 1130 3058 1201 qui
3108 1146 3301 1188 curam
3351 1133 3564 1190 habue-

1990 1215 2096 1269 rint
2122 1218 2447 1273 retribuam.

2061 1306 2333 1363 νωθῆ.
2366 1308 2741 1380 llospitalitale
2773 1313 2969 1368 melior
3001 1321 3086 1370 est
3114 1315 3272 1372 ﬁdes.
3308 1315 3366 1372 id
3396 1317 3564 1374 etiam

1981 1403 2222 1456 ostendit
2248 1401 2501 1459 Christus
2526 1404 2580 1458 in
2617 1397 2823 1462 Nartha
2854 1416 2909 1462 et
2931 1407 3122 1464 Maria.
3148 1407 3301 1466 Hauc
3331 1412 3480 1468 enim
3510 1412 3565 1467 in

1987 1492 2296 1548 ministerio
2319 1503 2632 1550 cessantem
2664 1497 2948 1566 anteponit
2975 1499 3236 1556 Christus
3265 1508 3326 1556 ut
3345 1515 3565 1558 sermo-

1989 1601 2088 1641 nes
2117 1587 2290 1656 ipsius
2323 1587 2638 1642 audientem
2663 1605 2676 1653 ;
2713 1586 2808 1644 sed
2843 1597 3022 1644 tamen
3051 1605 3164 1645 non
3190 1592 3338 1648 illam
3369 1594 3566 1649 avertit

1989 1677 2057 1731 ab
2083 1678 2342 1747 operibus
2367 1693 2490 1746 quae
2516 1678 2833 1743 exercebat,
2876 1680 2972 1736 sed
3001 1680 3231 1737 alteram
3266 1693 3558 1755 acceptam

1987 1765 2180 1820 habuit
2211 1765 2264 1820 in
2298 1767 2384 1822 his
2409 1781 2532 1836 quae
2557 1767 2875 1836 praestabat.

2598 1870 2827 1927 CAPUT
2857 1871 2947 1927 XI.

2059 1977 2226 2035 Vens.
2257 1981 2310 2036 9.
2337 1980 2577 2046 Quwrite
2613 1989 2664 2034 et
2721 1979 2929 2047 pulsate
2986 1989 3038 2034 et
3095 1980 3366 2049 aperietur
3402 1982 3568 2046 vobis,

1987 2080 2037 2126 et
2093 2071 2164 2126 ite
2218 2072 2393 2126 media
2443 2079 2592 2125 nocte
2661 2073 2732 2125 ad
2777 2071 3011 2125 amicum
3073 2072 3144 2126 ad
3212 2073 3571 2144 recipiendum

1989 2161 2231 2232 aliquid];
2295 2161 2380 2216 his
2458 2160 2928 2230 importunitatem
2989 2169 3198 2216 etnon
3255 2174 3568 2233 promptam

1988 2253 2057 2308 ab
2100 2254 2351 2308 oratione
2404 2253 2770 2310 cessationem
2833 2253 3096 2309 ostendit.
3156 2253 3383 2310 Noctem
3440 2271 3570 2312 vero

1982 2343 2137 2409 dicit,
2184 2351 2280 2399 aut
2314 2345 2501 2415 potius
2556 2345 2790 2399 mediam
2844 2352 3084 2408 noctem,
3135 2355 3412 2401 extremas
3467 2362 3570 2402 no-

1988 2447 2133 2493 stras
2173 2453 2292 2493 esse
2353 2453 2480 2508 spes
2527 2447 2583 2494 et
2645 2439 2699 2493 in
2751 2438 2916 2493 linem
2972 2447 3315 2508 spectantes;
3365 2440 3569 2495 domus

1987 2529 2296 2592 dominum,
2343 2528 2512 2584 Deum
2575 2530 2783 2599 ipsum;
2835 2538 2944 2585 tres
3000 2539 3181 2584 autem
3235 2531 3558 2596 nominavit,

1989 2621 2148 2676 Iidem
2198 2620 2250 2675 in
2283 2619 2498 2676 Patrem
2549 2633 2602 2676 et
2651 2620 2848 2676 Filium
2899 2632 2954 2677 et
3001 2620 3270 2692 Spiritum
3316 2635 3568 2680 sanctum

1989 2712 2248 2767 innuens.
2271 2713 2495 2767 Amicus
2511 2725 2642 2766 vero
2667 2713 2891 2768 veniens
2916 2726 2947 2768 e
2971 2714 3057 2768 via
3080 2721 3136 2768 et
3157 2714 3306 2770 abeo
3328 2715 3568 2786 hospitio

1989 2813 2270 2875 acceptus,
2308 2805 2537 2874 intelligi
2587 2813 2766 2874 potest
2820 2804 3194 2862 verisimiliter
3218 2807 3474 2878 angelus,
3513 2808 3564 2864 id

1988 2905 2073 2952 est
2103 2897 2281 2968 angeli
2311 2897 2406 2967 qui
2437 2897 2490 2952 in
2517 2897 2778 2953 extremis
2803 2895 3034 2953 veniunt
3055 2899 3124 2954 ad
3152 2897 3568 2968 suscipiendum

1991 3003 2120 3055 nos;
2148 3001 2330 3043 amant
2357 2989 2506 3043 enim
2533 3001 2634 3044 nos
2656 2997 2711 3044 et
2739 2988 2842 3058 ipsi
2864 2996 2927 3042 ut
2962 2989 3184 3058 benigni
3206 2990 3565 3059 benignitatis

1990 3078 2085 3135 Dei
2115 3082 2380 3137 ministri.
2409 3080 2572 3137 Pueri
2593 3082 2682 3151 qui
2713 3083 2771 3135 in
2805 3081 2972 3137 cubili
3003 3083 3330 3152 quiescunt,
3357 3083 3412 3137 hi
3439 3094 3572 3139 sunt

301 3193 506 3263 φέντας
533 3193 608 3257 ὡς
633 3191 703 3248 τὰ
730 3194 919 3248 παιδία
956 3195 1052 3248 καὶ
1081 3195 1140 3249 ὲν
1174 3193 1320 3265 ἁπλῇ
1357 3193 1559 3266 καρδίᾳ
1588 3211 1885 3248 πεπιστευ-

1990 3177 2084 3246 qui
2125 3178 2374 3233 conversi
2402 3186 2532 3233 sunt
2552 3186 2611 3231 ut
2632 3178 2786 3246 pueri
2813 3186 2870 3232 et
2901 3178 2974 3246 in_
2992 3178 3229 3248 simplici
3251 3179 3422 3234 corde
3447 3195 3568 3235 cre‘

300 3285 473 3348 κὸτας
502 3286 578 3354 τῷ
606 3285 1055 3357 Εὐαγγελίῳ,καὶ
1074 3286 1412 3356 ἠξιωμένους
1449 3284 1526 3356 τῷ
1551 3283 1744 3357 Κυρίῳ
1759 3302 1884 3338 συνο

299 3375 690 3432 αναπαύεσθαι
712 3395 726 3409 ·
771 3378 1048 3432 ἀναίδειαν
1079 3377 1132 3430 δὲ
1164 3375 1404 3431 ἐνταῦθα
1453 3378 1602 3445 λέγει
1629 3377 1728 3448 τὴν
1761 3377 1884 3446 μεθ’

300 3463 590 3535 ὑπομονῆς
618 3466 1018 3537 ἐπιτεταμένην
1054 3467 1388 3536 προσευχήν.

376 3558 480 3610 Διὰ
502 3559 556 3611 τί
587 3560 686 3629 τῆς
723 3558 982 3628 γυναικὸς
1013 3555 1298 3626 εἰπούσης,
1323 3554 1598 3622 Μακαρία
1625 3554 1663 3622 ἠ
1690 3552 1888 3607 κοιλία

302 3649 341 3714 ἡ
371 3646 752 3711 ,βαστάσασά
801 3662 897 3712 σε,
925 3644 1088 3710 αὐτὸς
1119 3642 1276 3699 εἶπεν
1295 3661 1310 3676 ο
1341 3643 1651 3713 Μενοῦνγε
1695 3641 1888 3711 μακά-

294 3758 421 3808 ριοι
470 3743 524 3795 οι
557 3740 883 3806 ἀκούοντες
917 3740 1024 3794 τὸν
1063 3740 1251 3808 λόγον
1299 3737 1404 3792 τοῦ
1445 3737 1623 3800 Geor");
1653 3735 1750 3788 Διά
1797 3735 1888 3788 τὸν

302 3832 502 3904 καιρὸν
540 3832 634 3886 καὶ
675 3832 804 3896 τοὺς
836 3831 1279 3904 παρισταμένους
1311 3830 1467 3884 τοῦτο
1501 3828 1651 3898 λέγει
1681 3826 1775 3880 καὶ⁸
1800 3825 1889 3879 διά

300 3927 365 3980 τὸ
396 3925 700 3994 φιλότιμον.

380 4018 540 4080 Τίνος
570 4017 759 4070 ἕνεκεν
787 4014 1041 4086 πονηρῶν
1063 4013 1234 4067 ὄντων
1257 4011 1366 4064 τῶν
1390 4007 1722 4081 Φαρισαίων,
1752 4007 1889 4084 πρὸς

301 4108 472 4164 αὐτὸν
497 4105 719 4176 κληθεὶς
750 4106 882 4176 παρ’
908 4104 1028 4167 ἐνὸς
1059 4102 1241 4157 αὐτῶν
1270 4099 1513 4170 dett-73105;
1542 4097 1883 4170 Νουθετῆσαι

301 4195 535 4260 τούτους
567 4194 894 4266 βουλόμενος
925 4194 1020 4246 καὶ
1049 4189 1342 4263 ἡμερῶσαι
1366 4206 1382 4222 ο
1415 4183 1808 4257 ἑσκανδαλίσθη
1831 4183 1888 4240 δὲ

303 4293 332 4343 6
351 4290 652 4356 Φαρισαῖος
667 4287 749 4339 ὅτι
769 4286 830 4338 οὐ
864 4287 968 4354 πρὸ
998 4283 1090 4336 τοῦ
1119 4282 1344 4354 ἀρίστου
1372 4275 1697 4348 ἐϐαπτίσθη,
1726 4280 1889 4332 ἀσυν-

303 4379 478 4439 έτως·
515 4377 719 4446 Μωσῆς
748 4371 856 4444 γὰρ
889 4369 1127 4443 οὐδαμοῦ
1161 4367 1461 4443 προσέταξε
1481 4368 1638 4422 τοῦτο
1687 4367 1888 4420 ποιεῖν’

303 4472 338 4542 ἡ
370 4469 481 4541 γὰρ
511 4467 597 4521 διά
612 4465 720 4520 τῶν
745 4465 956 4519 ὑδάτων
978 4463 1256 4533 ἀπόνιψις,
1284 4458 1551 4532 χρειώδης
1581 4459 1730 4514 ἐστὶν
1753 4458 1888 4529 πρὸς

1995 3265 2258 3320 diderunt
2294 3265 2693 3334 Erangelio,et
2735 3264 2886 3334 digni
2918 3265 3088 3320 habiti
3127 3263 3257 3322 sunt
3295 3281 3422 3321 cuitu
3454 3269 3565 3322 00--

1989 3357 2142 3410 mino
2171 3357 2476 3426 quiescere.
2508 3355 2916 3426 lmprobitatem
2975 3370 3104 3412 vero
3157 3355 3248 3412 hie
3280 3358 3417 3412 dicit
3438 3374 3568 3414 ora-

1989 3447 2193 3502 tionem
2219 3463 2344 3503 cum
2376 3447 2640 3518 patientia
2671 3456 3141 3518 perseverantem.

2057 3538 2221 3593 Vens.
2255 3538 2345 3594 27.
2373 3538 2506 3604 Cur,
2563 3538 2795 3594 muliere
2837 3538 3076 3604 dicente,
3138 3538 3338 3594 Beatus
3389 3549 3568 3596 venter

1988 3631 2152 3700 quite
2171 3633 2424 3700 portavit,
2454 3631 2543 3686 ille
2573 3631 2731 3697 dixit,
2763 3631 3016 3698 Quinimo
3046 3633 3186 3686 beati
3210 3633 3300 3704 qui
3341 3636 3569 3688 audiunt

1990 3723 2203 3775 verbum
2240 3721 2372 3775 Dei?
2429 3721 2662 3791 Propter
2708 3731 2928 3792 tempus
2961 3731 3020 3778 et
3053 3723 3568 3782 circumstautcsita

1990 3812 2255 3884 loquitur,
2288 3821 2341 3867 et
2369 3814 2531 3870 etiam
2560 3814 2628 3870 ad
2657 3814 3008 3885 reficiendam
3043 3813 3284 3871 laudem.

2064 3995 2230 4056 Vsus.
2262 3999 2352 4055 37.
2387 3997 2562 4067 Quam
2611 4001 2685 4057 ob
2733 4016 2957 4056 causam
2982 4043 3000 4069 ,
3063 4002 3191 4057 mali
3227 4016 3352 4057 cum
3389 4014 3572 4058 essent

1989 4089 2275 4154 Pharisaei,
2308 4090 2564 4146 inritatus
2587 4091 2660 4146 ab
2693 4106 2804 4147 uno
2831 4106 2896 4146 ex
2948 4092 3076 4154 illis,
3133 4093 3283 4146 vadit
3313 4091 3380 4146 ad
3404 4094 3575 4146 eum?

1991 4175 2065 4236 Ut
2105 4179 2344 4250 placaret
2383 4189 2440 4234 et
2489 4177 2929 4235 mansuefaceret
2979 4180 3121 4234 illos.
3157 4178 3571 4237 Scandalizatus

1989 4280 2076 4328 est
2104 4281 2286 4327 autem
2317 4270 2628 4326 Pharisaus
2661 4272 2806 4342 quod
2839 4281 2965 4326 ante
2997 4272 3284 4342 prandium
3334 4285 3443 4327 nou
3472 4275 3570 4328 ba—

1988 4365 2226 4438 ptizatus
2251 4374 2414 4431 esset,
2449 4362 2747 4430 immerito;
2779 4363 2992 4436 Moyses
3019 4366 3164 4420 enim
3185 4367 3410 4422 minime
3435 4379 3570 4437 prae-

1989 4465 2209 4527 ceperat
2231 4457 2337 4512 hoc
2363 4472 2526 4528 agere
2554 4473 2568 4519 ;
2601 4471 2726 4510 nam
2761 4454 2970 4511 ablutio
2999 4471 3096 4526 per
3128 4471 3352 4527 aquam,
3389 4459 3572 4513 soriti-

303 4559 484 4632 ῥύπον
524 4553 857 4628 σωματικὸν,
907 4552 1250 4625 ἀκαθαρσίαν
1279 4548 1336 4605 δὲ
1366 4549 1542 4622 ψυχῆς
1575 4547 1884 4615 ἀπαλλάξαι

1990 4548 2092 4603 bus
2149 4548 2396 4617 corporis
2445 4545 2598 4602 utilis
2658 4557 2744 4602 est
2778 4547 3116 4614 amovendis,
3167 4548 3569 4606 immunditiam

297 4651 365 4705 ού
399 4648 643 4703 δύναται.

379 4739 517 4812 Περὶ
546 4739 639 4794 τοῦ
664 4736 937 4810 Ζαχαρίου
955 4727 1016 4789 οῦ
1035 4730 1188 4789 εἶπεν
1208 4733 1438 4805 Κύριος,
1466 4733 1548 4786 ὅτι
1567 4731 1771 4802 μεταξὺ
1795 4729 1886 4785 τοῦ

307 4833 439 4887 ναοῦ
475 4830 570 4884 καὶ
595 4829 690 4883 τοῦ
728 4827 1123 4898 θυσιαστηρίου
1151 4824 1389 4895 ἐσφάγη,
1415 4826 1443 4878 6
1469 4823 1658 4893 Νύσης
1696 4823 1886 4894 φησιν,

300 4924 394 4978 ὃτι
420 4925 446 4976 6
470 4921 650 4993 πατὴρ
677 4919 744 4992 ἦν
771 4917 864 4974 τοῦ
896 4918 1214 4991 Προδρόμου
1237 4935 1249 4948 ο
1277 4917 1372 4970 καὶ
1417 4915 1606 4988 ἐπειδὴ
1647 4915 1748 4968 οὐκ
1779 4915 1889 4968 ἁπ-

303 5015 542 5090 εχώρισε
581 5014 725 5086 μετά
755 5013 847 5066 τὸν
883 5010 1119 5082 ἄφθορον
1153 5010 1311 5063 τόκον
1337 5007 1436 5079 τὴν
1459 5007 1734 5076 παναγίαν
1760 5007 1889 5060 Θεοι

302 5111 466 5163 τόκον
493 5108 715 5178 Μαρίαν
740 5103 836 5159 τοῦ
865 5105 984 5166 ταῖς
1018 5101 1311 5171 παρθένοις
1343 5099 1888 5169 ἀποκεκληρωμένου

304 5201 475 5253 τόπου
514 5202 572 5252 ὲν
604 5194 684 5268 τῷ
727 5194 841 5267 ναῷ
910 5191 1000 5267 (ἦν
1037 5194 1094 5247 δὲ
1123 5189 1272 5254 οὗτος
1301 5194 1329 5244 6
1354 5191 1516 5253 τόπος
1555 5189 1758 5258 μεταξὺ
1790 5189 1886 5242 τοῦ

306 5291 438 5348 ναοῦ
471 5285 682 5346 καὶτοῦ
707 5286 1148 5357 θυσιαστηρίου),
1181 5281 1551 5350 κατέσφαξαν.

918 5413 1168 5468 ΚΕΦΑΔ.
1193 5412 1294 5466 lB'.

380 5532 480 5585 Διά
501 5532 556 5584 τί
585 5529 722 5598 πρὸς
767 5527 858 5582 τὸν
893 5527 1116 5580 εἰπόντα
1159 5523 1332 5594 αὐτῷ,
1363 5523 1725 5586 Διδάσκαλε,
1758 5520 1889 5576 εἰπὲ

304 5623 388 5691 τῷ
414 5621 654 5692 ἀδελφῷ
682 5635 802 5690 μου
825 5621 1185 5689 μερίσασθαι
1207 5618 1331 5687 μετ’
1354 5617 1502 5686 ἐμοῦ
1531 5614 1646 5683 τὴν
1665 5618 1886 5682 κληρο-

303 5718 543 5786 νομίαν,
573 5713 893 5784 ἀποκριθεὶς
927 5708 1108 5764 εἶπενο
1145 5711 1478 5778 Ἄνθρωπε,
1501 5709 1594 5774 τίς
1633 5723 1713 5776 με
1745 5721 1887 5759 κατ-

305 5808 531 5878 έστησε
579 5806 792 5877 κριτὴν
836 5801 1189 5879 ἢλιεριστὴν
1220 5801 1337 5876 1650‘
1375 5798 1573 5878 ὐμᾶς;
1614 5795 1785 5857 Εἶπεν
1833 5798 1890 5852 δὲ

1991 4655 2122 4697 vero
2156 4639 2356 4695 anima:
2385 4637 2606 4694 auferre
2625 4655 2733 4692 non
2764 4645 2965 4708 potest.

2060 4729 2228 4785 Vsus.
2255 4728 2342 4785 5L
2392 4728 2466 4784 De
2510 4725 2779 4782 Zacharia
2829 4727 2896 4781 de
2946 4741 3056 4797 quo
3100 4725 3234 4782 dicit
3280 4725 3569 4792 Dominus,

1989 4822 2135 4893 quod
2161 4821 2303 4876 inter
2331 4820 2593 4891 templum
2629 4827 2682 4873 et
2704 4819 2874 4874 altare
2898 4819 3118 4874 occisus
3144 4826 3250 4882 est,
3282 4818 3566 4890 Nyssenus

1990 4915 2121 4969 dicit
2150 4915 2301 4968 illum
2330 4912 2501 4968 fuisse
2535 4910 2895 4966 Praecursoris
2921 4921 3129 4979 patrem
3157 4927 3172 4977 ;
3204 4918 3259 4964 et
3284 4911 3410 4979 quia
3461 4924 3569 4962 non

1989 5007 2276 5078 prohibuit
2306 5013 2429 5074 post
2452 5003 2865 5058 immaculatum
2906 5011 3120 5072 partum
3156 5013 3404 5056 sanctam
3438 4999 3566 5055 Dei-

1990 5113 2178 5166 param
2209 5096 2436 5151 Mariam
2457 5095 2527 5150 ab
2553 5095 2652 5149 illo
2670 5093 2762 5162 qui
2790 5109 2818 5146 a
2852 5093 3154 5162 virginibus
3197 5093 3572 5162 occupabatur

1989 5189 2112 5244 loco
2141 5189 2194 5243 in
2227 5187 2430 5256 templo
2458 5185 2596 5256 (erat
2629 5193 2810 5239 autem
2843 5183 2932 5238 ille
2956 5185 3110 5239 locus
3133 5183 3276 5238 inter
3302 5183 3565 5252 templum

1987 5291 2043 5337 et
2066 5279 2286 5352 altare),
2328 5279 2572 5335 occisum
2606 5275 2797 5332 fuisse.

2583 5403 2818 5461 CAPUT
2857 5403 2973 5458 XII.

2063 5518 2232 5573 Vens.
2259 5517 2348 5572 15.
2368 5516 2481 5572 Cur
2501 5514 2706 5570 dicenti
2734 5513 2971 5579 cuidam,
2993 5511 3274 5582 Magister,
3295 5512 3386 5566 dic
3410 5511 3571 5582 fratri

1989 5628 2103 5667 meo
2122 5621 2180 5665 ut
2200 5609 2405 5666 dividat
2427 5623 2600 5662 meum
2623 5606 3010 5667 hereditatem,
3035 5604 3318 5672 respondit
3338 5604 3530 5659 dicens
3553 5623 3568 5658 :

1993 5703 2199 5770 Homo,
2225 5703 2345 5772 quis
2385 5717 2466 5755 me
2489 5699 2765 5754 constituit
2782 5697 3020 5766 judicent
3051 5708 3145 5755 aut
3165 5696 3444 5752 divisorem
3479 5710 3572 5750 su-

1977 5812 2083 5866 .per
2113 5795 2238 5850 vos?
2293 5793 2352 5851 id
2399 5800 2584 5847 autem
2631 5790 2796 5859 dixit,
2829 5798 2886 5846 et
2912 5790 3043 5861 quia
3073 5787 3437 5860 anteponebat
3467 5785 3574 5844 istc
