4026 6460
519 411 654 478 1199

1217 410 1605 471 OPUSCULA
1646 407 2276 470 SCRIPTURISTICA
2314 410 2661 471 INCERTgF.
2702 412 3011 475 zE'I'ATlS.

3628 414 3760 479 Ιὶθϐ

515 528 796 584 terrestria
822 526 1045 591 divinis,
1081 533 1133 579 et
1175 525 1302 595 quia
1330 525 1444 593 jam
1484 532 1609 577 ante
1634 524 1847 577 dixerat
1882 539 1895 575 :
1924 524 2086 593 Aufe-

2193 526 2350 580 τοῦτο
2398 527 2494 581 καὶ
2539 527 2628 581 διὰ
2676 528 2738 582 τὸ
2769 529 3086 601 προκρίνειν
3135 527 3301 583 αὐτὸν
3339 527 3410 583 τὰ
3450 531 3614 599 γήϊνα
3658 532 3763 583 τῶν

514 622 651 675 renti
679 619 775 672 tibi
802 630 891 671 tua
917 617 1025 670 uoli
1050 631 1309 670 recusare.
1343 614 1459 669 Non
1487 615 1632 668 enim
1666 624 1769 677 est,
1805 615 2003 684 inquit,
2028 617 2081 669 in

518 710 1020 783 superabundantia
1046 708 1173 773 vita,
1200 722 1326 761 nam
1359 722 1466 761 non
1511 721 1637 760 cum
1670 707 1874 761 divitiis
1903 695 2088 761 citen-

514 807 665 858 ditur
693 805 815 856 vitae
845 815 1119 854 mensura.

586 990 750 1043 Vens.
785 988 873 1040 '52.
910 984 1090 1038 Nolite
1122 986 1322 1050 timere,
1356 984 1751 1054 pusillus-grex,
1778 997 1897 1052 pro,
1924 982 2089 1036 mlite

518 1083 780 1146 difﬁdere,
823 1079 1045 1134 dicitur.
1103 1077 1369 1132 Pusillum
1412 1088 1607 1130 autem
1651 1088 1807 1130 vocat
1844 1085 2085 1139 sanctos,

516 1176 598 1228 vel
632 1175 759 1244 quia
799 1174 1031 1243 pusillus
1062 1172 1212 1225 locus
1263 1170 1315 1222 in
1348 1170 1451 1222 hoc
1496 1169 1703 1221 mundo
1756 1170 1965 1222 sanctis
1997 1183 2087 1221 re-

516 1279 785 1328 servatur,
818 1275 877 1319 nt
903 1264 992 1333 qni
1021 1262 1325 1315 voluntarie
1359 1271 1488 1315 sunt
1518 1274 1823 1329 pauperes;
1852 1260 1931 1312 vel
1959 1260 2088 1328 quia

518 1359 833 1426 angelorum
877 1354 1213 1409 multitudini
1247 1354 1540 1407 inferiores
1579 1363 1708 1407 sunt
1733 1367 1982 1406 numero.

590 1452 755 1505 Vens.
787 1451 877 1505 39.
924 1450 1041 1503 Sint
1080 1447 1245 1499 lumbi
1287 1447 1447 1500 vestri
1473 1447 1777 1513 prcciucti;
1822 1445 1902 1498 vel
1939 1459 2092 1497 mens

520 1550 707 1612 parata
739 1541 809 1595 sit
844 1540 908 1593 ad
950 1538 1323 1607 Operationem
1358 1537 1571 1590 utilium
1609 1554 1621 1589 :
1658 1536 1779 1589 ideo
1830 1535 2093 1589 doctrina:

522 1637 746 1691 lucerna
776 1633 1049 1687 excitetur
1081 1640 1135 1685 et
1180 1629 1434 1683 ardescat
1490 1629 1555 1681 ad
1603 1628 1822 1682 virtutis
1876 1628 2091 1681 exerci-

521 1728 681 1779 tium.
724 1723 950 1792 Nuptias
987 1729 1165 1781 vocat,
1196 1734 1262 1771 eo
1293 1718 1438 1787 quod
1465 1716 1576 1771 illic
1606 1730 1711 1770 non
1743 1717 1885 1768 inest
1920 1712 2092 1767 tristi-

519 1819 594 1871 tia
618 1836 634 1883 ;
662 1816 985 1881 Intempesta
1010 1821 1157 1863 nocte
1187 1810 1337 1871 dicit,
1376 1816 1599 1877 propter
1622 1806 2089 1867 iucertitudinem;

520 1912 575 1964 in
607 1878 848 1962 secunda-
871 1916 918 1959 et
954 1905 1109 1957 tertia
1140 1901 1320 1969 vigilia
1348 1899 1585 1954 ostendit
1636 1898 1737 1951 hos
1767 1899 1859 1966 qui
1889 1911 2085 1964 exspe-
2127 1878 2169 1933 Β

518 2012 662 2057 olant
688 2000 808 2067 ejus
824 1999 1138 2051 adventum.
1162 1994 1330 2057 Beati,
1366 1993 1561 2061 inquit,
1590 1992 1723 2044 servi
1744 1990 1854 2052 illi;
1879 2006 1933 2042 se
1954 1988 2093 2042 enim

511 2092 800 2161 prwciuget
824 2098 873 2142 et
899 2086 1224 2140 ministrabit
1252 2085 1383 2149 illis,
1413 2083 1464 2135 id
1488 2091 1592 2147 est,
1620 2090 1881 2151 tanquam
1909 2095 2091 2148 aequa-

518 2185 663 2239 libus
684 2181 844 2236 nobis
867 2180 1121 2235 succedet
1150 2187 1205 2231 et
1236 2186 1293 2231 ut
1320 2177 1638 2231 laborantes
1675 2174 1965 2237 relevabit,
1992 2171 2095 2224 des

514 2280 673 2335 licias
718 2277 871 2331 nobis
897 2282 1163 2344 przestans
1193 2273 1527 2342 spirituales.
1564 2269 1655 2325 Vel
1687 2272 1861 2339 prima
1887 2267 2091 2337 vigilia,

517 2372 751 2441 primam
802 2376 1039 2427 aetatem,
1065 2364 1330 2429 secunda,
1366 2364 1683 2427 secundam,
1713 2370 1767 2415 et
1807 2361 1965 2416 tertia
2001 2373 2091 2414 se-

516 2468 793 2515 nectutem
835 2455 1059 2512 indicat.

593 2737 755 2791 Vsus.
779 2733 868 2788 48.
902 2732 1013 2787 Cur
1048 2743 1240 2786 servus
1268 2731 1361 2799 qui
1405 2745 1512 2785 non
1553 2730 1811 2801 cognovit
1840 2732 2091 2787 volunta-

518 2838 629 2884 tem
658 2826 870 2881 domini
897 2825 983 2880 sui
1010 2827 1279 2880 rationem
1304 2820 1575 2877 reddidit?
1597 2820 1734 2887 Quia
1760 2836 1868 2875 non
1897 2836 2094 2891 cogno-

520 2935 675 2975 scere
708 2917 898 2981 voluit,
943 2931 1068 2973 cum
1112 2916 1325 2971 discere
1376 2914 1661 2983 potuisset.
1712 2912 1857 2968 Idem
1908 2913 2088 2967 innuit

519 3026 703 3067 sermo
722 3017 973 3078 oportere
1001 3013 1421 3078 cognoscentem
1446 3014 1501 3058 et
1523 3004 1882 3074 negligentem
1903 3003 2091 3058 multis

517 3102 694 3173 plagis
723 3099 999 3169 vapulare.
1036 3098 1273 3154 Dicendo
1301 3116 1316 3151 :
1358 3096 1515 3151 Omni
1544 3095 1630 3148 cui
1654 3094 1879 3147 multum
1901 3095 2089 3149 datum

2191 618 2373 680 θείων,
2406 618 2499 671 καὶ
2527 618 2615 672 διὰ
2638 619 2698 671 τὸ
2723 622 3007 689 προειπεῖν
3026 636 3041 649 '
3094 619 3241 673 Ἀπὸ
3264 619 3333 671 δὲ
3356 619 3462 673 τοῦ
3488 620 3766 688 ανροντος

2189 708 2258 761 τὰ
2288 709 2390 771 σὰ,
2420 706 2506 776 μὴ
2536 708 2791 761 ἀπαίτει.
2818 709 2891 762 Ού
2914 710 3022 779 γάρ
3047 710 3186 774 ἔστι,
3206 708 3392 778 φησιν,
3410 709 3766 779 ὲντῷπεριτ-
3797 707 3805 727 ’

2191 800 2373 853 σεύειν
2418 801 2524 853 τινὶ
2556 802 2588 870 ή
2623 801 2760 872 ζωὴ,
2796 800 2884 855 διὰ
2909 802 2970 855 τὸ
2997 800 3073 873 μὴ
3118 802 3197 873 τῷ
3232 800 3444 872 πλούτῳ
3480 802 3763 855 συνεκτεί-

2192 894 2381 946 νεσθαι
2408 894 2469 946 τδ
2498 894 2596 963 τῆς
2626 894 2774 963 ζωῆς
2802 896 3019 966 μέτρον⁴

2262 984 2336 1035 Τὸ
2377 983 2453 1048 δὲ,
2506 984 2604 1051 Μὴ
2654 985 2843 1053 φοϐοῦ
2882 986 2949 1038 τό
2992 986 3210 1054 μικρὸν
3258 986 3562 1054 ποίμνιον,
3615 982 3769 1036 τοῦτο

2193 1076 2443 1139 ἀντἰτοῦ,
2471 1078 2561 1147 Μὴ
2586 1076 3174 1150 ἀπιστήσῃς,εῐρηται’
3198 1076 3395 1147 μικρὸν
3416 1077 3471 1129 δὲ
3497 1076 3759 1146 ὀνομάζει

2192 1170 2319 1233 τοὺς
2378 1169 2588 1236 ἁγίους,
2636 1170 2670 1239 ἢ
2714 1171 2901 1238 ἐπειδὴ
2953 1171 3286 1240 παράκειται
3349 1170 3619 1239 μικρότης
3660 1170 3770 1230 toi;

2192 1262 2373 1328 ἁγίοις
2402 1262 2459 1313 ὲν
2498 1262 2575 1331 τῷ
2602 1262 2815 1334 κόσμῳ,
2846 1262 2937 1332 ὡςς
2960 1264 3225 1326 ἑκουσίως
3263 1264 3603 1333 ἀκτήμοσιν·
3630 1262 3664 1332 ἢ
3685 1260 3767 1313 διὰ

2194 1354 2257 1406 τὸ
2280 1354 2545 1422 ἡττᾶσθαι
2575 1358 2640 1424 τῇ
2672 1355 2781 1407 τῶν
2810 1354 3059 1423 ἀγγέλων
3086 1354 3306 1425 πληθύῖ.

2270 1449 2595 1499 Ἔστωσαν
2623 1449 2684 1500 al
2716 1448 2946 1517 ὀσφύες
2970 1445 3147 1517 ὑμῶν
3180 1447 3648 1517 περιεζωσμέναι
3668 1462 3681 1475 ·
3710 1446 3769 1498 τὸ

2194 1538 2295 1607 τῆς
2346 1535 2587 1598 διανοίας
2640 1538 2858 1608 ἕτοιμον
2906 1541 2985 1602 είς
3038 1538 3323 1609 φιλεργίαν
3375 1540 3482 1591 τῶν
3517 1538 3768 1609 χρηστῶν

2198 1630 2378 1699 ἔργων
2400 1645 2413 1660 ’
2450 1630 2641 1701 διόπερ
2669 1633 2699 1684 ό
2722 1631 3103 1694 διδασκαλικὸς
3124 1632 3317 1701 λύχνος
3350 1630 3651 1701 ψυχούσθω
3678 1631 3767 1683 καὶ

2195 1720 2508 1790 ἀρδευέσθω
2552 1719 2656 1773 ὑπὸ
2680 1722 2781 1791 τῆς
2821 1722 3139 1790 πρακτικῆς
3190 1721 3416 1792 ἀρετῆς.
3453 1719 3765 1789 οΓάμουςυδὲ

2195 1812 2479 1881 ὀνομάζει,
2505 1811 2595 1865 διὰ
2624 1810 2793 1883 rem,
2824 1812 2964 1866 εἶναι
2995 1813 3201 1867 ἐκεῖθέν
3227 1831 3276 1865 τι
3294 1811 3561 1881 κατηφές.
3600 1808 3763 1878 ’Δωρί

2195 1903 2456 1969 νυκτῶν,
2494 1905 2667 1971 λέγει,
2698 1904 2788 1958 διὰ
2811 1906 2873 1958 τὸ
2898 1905 3129 1975 ἄδηλον
3157 1904 3215 1957 τὸ
3252 1904 3329 1967 δὲ,
3374 1905 3476 1958 Ἐν
3522 1902 3600 1972 τῇ
3641 1903 3766 1956 dev-

2197 1992 2340 2060 τέρᾳ
2374 1993 2473 2045 καὶ
2506 1994 2671 2062 τρίτῃ
2700 1992 2969 2063 φυλακῇ,
2991 1994 3169 2061 λέγειν
3194 1994 3377 2057 αὑτὸν,
3403 1993 3534 2052 τοὺς
3567 1992 3766 2062 ἀναμέ·

2196 2101 2388 2148 νοντας
2422 2086 2521 2156 τὴν
2552 2086 2855 2157 παρουσίαν
2896 2086 3086 2141 αὑτοῦ.
3133 2087 3448 2153 Μακάριοι,
3499 2086 3687 2155 φησὶν,
3718 2084 3765 2137 ol

2193 2173 2405 2227 δοῦλοι
2446 2175 2686 2229 ἐκεῖνοι.
2720 2160 3104 2244 Περιξώσεται
3132 2175 3242 2245 γὰρ
3277 2177 3372 2228 καὶ
3419 2172 3765 2240 διακονήσει

2195 2267 2402 2333 αὐτοῖς
2427 2284 2439 2297 ·
2467 2267 2626 2321 τοῦτό
2659 2269 2827 2335 ἐστιν,
2852 2269 2933 2323 ὅτι
2960 2271 3072 2332 τοῖς
3105 2268 3239 2332 ἴσοις
3265 2268 3412 2339 ἡμᾶς
3446 2266 3767 2337 ἀνταμείψε-

2192 2378 2307 2425 ται,
2339 2364 2434 2416 καὶ
2475 2357 2587 2416 οἷον
2628 2364 2939 2434 κάμνοντας
2966 2364 3357 2435 άνακτήσεται,
3388 2364 3609 2432 τρυφὰς
3643 2362 3764 2432 ἡμῖν

2195 2455 2465 2527 παραθεὶς
2492 2456 2589 2520 τὰς
2615 2458 3008 2527 πνευματικὰς.
3030 2457 3100 2508 ἸΙ
3121 2455 3342 2527 πρώτην
3368 2455 3470 2525 μὲν
3502 2454 3762 2524 φυλακὴν,

2195 2545 2295 2616 τὴν
2324 2544 2547 2617 πρώτην
2567 2546 2810 2615 ἡλικίαν·
2830 2546 3109 2617 δευτέραν,
3132 2548 3230 2616 τὴν
3250 2544 3514 2615 δευτέραν
3538 2547 3760 2615 ἠλικίαν

2194 2636 2412 2706 τρίτην,
2450 2636 2548 2706 τὴν
2574 2636 2665 2688 ἐπὶ
2690 2638 2750 2688 τὸ
2784 2635 2977 2703 γῆρας.

2264 2730 2364 2780 Διὰ
2384 2730 2437 2781 τί
2465 2729 2493 2780 ό
2522 2728 2707 2793 δοῦλος
2730 2731 2758 2783 ό
2790 2729 2866 2799 μή
2905 2730 3065 2797 γνοὺς
3104 2727 3164 2781 ea
3192 2727 3404 2797 θέλημα
3439 2727 3537 2780 τοῦ
3584 2724 3759 2796 κυρίου

2194 2818 2361 2873 αὑτοῦ
2396 2819 2584 2889 ὑπεῖχε
2617 2818 2807 2887 λόγον;
2852 2820 2994 2872 Διότι
3028 2820 3101 2889 μὴ
3129 2819 3395 2890 ἠθέλησεν
3425 2817 3651 2883 εἰδέναι,
3683 2816 3762 2869 δυ-

2194 2911 2428 2978 νάμενος
2471 2910 2663 2980 μαθεῖν
2682 2926 2697 2942 ο
2725 2912 2875 2974 ποῖος
2906 2910 3205 2976 ἀπαλλάξει
3255 2911 3412 2980 λόγος
3437 2909 3537 2963 τοῦ
3576 2912 3758 2981 χρῆναι

2196 2998 2397 3061 πολλὰς
2415 3000 2701 3069 ὑπομεῖναι
2720 3001 2932 3072 πληγὰς
2956 3000 3045 3052 τὸν
3066 3000 3245 3054 εἰδότα
3267 3002 3361 3056 καὶ
3382 2999 3755 3071 ρᾳθυμοῦντας

2197 3091 2401 3157 Εἰπὼν,
2431 3094 2618 3146 Παντὶ
2650 3086 2698 3162 ᾧ
2724 3093 2902 3162 ἐδόθη
2940 3093 3125 3159 πολὺ,
3175 3093 3334 3148 πολὺ
3378 3092 3758 3162 ζητηθήσεται

416 3212 419 3217 λ
516 3204 617 3256 est,
643 3192 867 3245 multum
907 3204 1172 3259 quwremr
1194 3188 1259 3243 ab
1298 3203 1379 3253 eo,
1434 3186 1922 3256 ostenditjgravius
1968 3200 2089 3242 esse

2198 3184 2335 3251 παρ’
2356 3182 2566 3248 αὑτοῦ,
2590 3183 2791 3251 ἔδειξεν
2822 3184 2903 3237 ὅτι
2932 3183 3333 3255 φορτικώτερον
3360 3182 3473 3237 τῶν
3504 3183 3758 3237 ὀιδασκόν·

517 3286 833 3342 docentium
865 3283 1161 3351 judicium.

588 3377 751 3433 νεεδ.
786 3375 875 3430 49.
911 3373 1135 3428 Terram
1162 3380 1320 3426 vocat
1348 3380 1566 3427 nostras
1609 3370 2000 3437 habitationes,
2038 3372 2091 3425 in

517 3472 717 3543 quibus
736 3470 854 3523 vult
878 3466 1095 3522 incendi
1114 3465 1365 3520 celeriter
1388 3464 1626 3518 vividam
1649 3474 1701 3518 et
1723 3464 1935 3533 igneam
1956 3477 2093 3533 prae-

511 3561 809 3619 dicationis
829 3574 1020 3614 eorum
1045 3555 1345 3610 actionem.

1103 3677 1331 3733 CAPUT
1364 3677 1500 3732 XIH.

591 3810 757 3865 Vens.
789 3811 841 3866 Ι.
878 3808 953 3863 De
999 3806 1237 3862 Galilmis
1278 3806 1346 3860 de
1386 3806 1585 3875 quibus
1652 3806 1962 3862 nuntiatum
2010 3817 2094 3864 est

514 3905 737 3959 Christo
761 3900 904 3972 quod
932 3900 1251 3968 sanguinem
1279 3913 1469 3951 eorum
1497 3894 1701 3954 Pilatus
1727 3899 1944 3954 miscuit
1971 3916 2091 3954 eum

520 3993 830 4055 sacriﬁciis,
865 3998 1080 4060 oportet
1107 3988 1247 4041 seire
1279 3987 1415 4043 istos
1450 4002 1572 4042 esse
1596 3996 1815 4043 secutos
1842 3989 2093 4060 dogmata

513 4085 677 4142 Julia:
704 4083 935 4147 Galilaei,
989 4081 1147 4151 cujus
1185 4080 1301 4150 ipse
1329 4078 1508 4135 Lucas
1541 4081 1595 4135 in
1625 4081 1853 4138 Actibus
1881 4095 2096 4154 aposto-

515 4182 695 4234 lorum
729 4174 999 4230 meminit.
1036 4171 1168 4228 Tale
1193 4180 1311 4226 erat
1338 4186 1471 4242 ergo
1492 4170 1644 4227 Iuda:
1662 4172 1886 4242 dogma,
1916 4184 1973 4229 ut
1997 4173 2094 4228 Jo-

514 4273 717 4342 sephus
746 4270 912 4321 dixit:
939 4265 1187 4320 Docebat
1220 4264 1492 4319 neminem
1520 4266 1826 4319 vocandum
1858 4280 1978 4322 esse
1996 4266 2095 4320 do-

513 4364 723 4417 minum
757 4359 859 4413 nisi
882 4373 979 4429 per
1010 4355 1459 4421 familiaritatem,
1498 4362 1552 4408 et
1583 4355 1851 4409 sacriﬁcia
1887 4354 2094 4410 Roma-

514 4471 613 4509 nos
639 4467 767 4523 erga
798 4451 1158 4520 imperatores
1184 4446 1368 4501 oblata
1399 4454 1453 4500 et
1488 4460 1679 4500 eorum
1709 4446 1941 4501 salutem
1983 4462 2091 4501 non

2195 3293 2304 3328 των
2337 3276 2455 3327 ἐστὶ
2481 3275 2541 3329 τὸ
2567 3278 2764 3347 κρῖμα.

2268 3366 2306 3417 Γ
2310 3365 2378 3435 ἦν
2416 3366 2574 3435 ἡμῶν
2616 3366 2685 3419 τὰ
2713 3366 3049 3437 σκηνώματα
3104 3365 3277 3434 λέγει,
3322 3367 3399 3430 είς
3441 3364 3479 3419 ἃ
3524 3365 3756 3435 βούλεται

2195 3458 2405 3527 ταχέως
2437 3457 2746 3527 ἀναφθῆναι
2785 3459 2884 3529 τὴν
2931 3457 3247 3529 ὀξυκίνητον
3282 3458 3381 3529 τῆς
3418 3457 3752 3519 διδασκαλίας

2197 3548 2376 3603 αὐτῶν
2404 3550 2496 3603 καὶ
2526 3549 2792 3621 διάπυρον
2822 3550 3045 3622 πρᾶξιν.

2783 3675 3034 3731 ΚΕΦΔΛ.
3094 3675 3193 3729 ll".

2270 3805 2403 3873 Περὶ
2432 3806 2487 3859 δὲ
2510 3805 2619 3859 τῶν
2644 3805 2944 3860 Γαλιλαίων
2970 3799 3044 3860 ὧν
3073 3805 3417 3877 ἀπήγγειλαν
3438 3805 3520 3877 τῷ
3551 3804 3748 3878 Χριστῷ

2196 3898 2278 3950 ὅτι
2302 3898 2362 3950 τὸ
2392 3893 2532 3969 αἷμα
2558 3899 2739 3952 αὐτῶν
2763 3902 2791 3953 ό
2812 3899 3040 3963 Πιλάτος
3064 3898 3216 3970 ἔμιξε
3244 3901 3383 3971 μετὰ
3411 3900 3522 3954 τῶν
3544 3900 3745 3963 θυσιῶν,

2196 3990 2302 4058 χρὴ
2339 3989 2635 4058 γινώσκειν
2664 3992 2746 4045 ὅτι
2774 3989 2923 4046 οὗτοί
2971 3992 3110 4045 είσιν
3148 3993 3197 4045 oi
3225 3994 3335 4055 τοῖς
3376 3993 3641 4062 δόγμασιν
3673 3992 3744 4056 ti-

2196 4080 2666 4153 ακολουθήσαντὲς
2708 4084 2877 4137 Ἰούδα
2908 4085 3001 4138 τοῦ
3023 4084 3330 4149 Γαλιλαίου,
3350 4079 3411 4140 οὗ
3442 4088 3539 4139 καὶ
3556 4085 3746 4146 αύτδςό

2195 4174 2411 4237 Λουκᾶς
2442 4175 2501 4226 ὲν
2533 4176 2650 4238 ταῖς
2680 4175 2917 4246 Πράξεσι
2962 4176 3071 4229 τῶν
3110 4177 3423 4231 ἀποστόλων
3475 4179 3741 4249 μέμνηται.

2194 4261 2304 4319 Ἱιν
2329 4265 2386 4319 δὲ
2434 4266 2495 4319 τὸ
2533 4265 2711 4334 δόγμα
2749 4267 2842 4321 τοῦ
2898 4268 3088 4335 Ἰούδα,
3136 4270 3212 4333 ὡς
3269 4269 3534 4342 Ἰώσηπος
3581 4268 3743 4337 λέγει·

2196 4356 2442 4409 ἐδίδασκε
2491 4357 2599 4428 γὰρ
2636 4358 2842 4429 μηδένα
2880 4358 3068 4431 κύριον
3111 4360 3291 4429 λέγειν
3326 4362 3467 4433 μήτε
3505 4362 3639 4415 κατὰ
3668 4377 3742 4428 φι-

2195 4448 2565 4520 λοφροσύνην
2603 4452 2699 4504 καὶ
2740 4450 2842 4515 τὰς
2873 4451 3064 4517 θυσίας
3097 4453 3155 4507 δὲ
3178 4452 3277 4517 τὰς
3314 4454 3457 4525 ὑπὲρ
3487 4454 3591 4506 τῶν
3628 4454 3740 4505 Ῥω-

513 4545 815 4600 secundum
852 4540 1086 4610 Moyscm
1121 4552 1261 4601 esse,
1301 4544 1357 4590 et
1399 4535 1628 4590 velanda
1680 4534 1816 4591 fore.
1863 4535 1944 4592 Oh
1979 4537 2091 4593 haec

2201 4541 2377 4611 μαίων
2400 4540 2669 4610 βασιλέων
2717 4545 3168 4616 προσφερομένας
3197 4547 3292 4600 καὶ
3318 4546 3415 4617 τῆς
3447 4548 3623 4601 αὐτῶν
3656 4562 3739 4597 σω-

512 4635 686 4687 iratus
704 4631 914 4685 Pilatus
933 4637 1122 4683 contra
1147 4627 1415 4682 sacriﬁcia
1444 4630 1556 4696 ipsa
1581 4629 1881 4681 secundum
1910 4628 2082 4698 legem

514 4726 582 4778 ab
627 4724 761 4792 ipsis
810 4724 1015 4786 oblata,
1055 4720 1184 4774 illos
1240 4718 1496 4774 occidere
1538 4719 1724 4789 jussit.
1772 4720 1914 4776 Dicit
1955 4736 2087 4790 ergo

513 4815 764 4870 Christus
808 4815 902 4883 qui
954 4811 1102 4879 passi
1155 4820 1315 4865 erant
1348 4824 1460 4863 non
1506 4820 1817 4881 peccatores
1874 4813 2089 4883 pejores

519 4905 713 4971 fuisse,
746 4905 839 4961 sed
870 4914 1187 4974 peccatores
1216 4903 1479 4973 quoniam
1509 4902 1668 4958 divisi
1695 4914 1874 4961 erant.

510 4999 745 5070 Χριστὸς
810 4998 1211 5070 ἁμαρτωλοὺς,
1271 4997 1332 5050 οὺ
1414 4999 1528 5069 μὴν
1596 4999 1706 5054 τῶν
1778 5002 2125 5057 πεπονθότων

510 5110 657 5157 τους.

582 5191 746 5247 Vens.
780 5191 834 5245 4.
888 5189 1081 5245 Turris
1111 5189 1306 5247 cecidit
1337 5190 1391 5245 in
1428 5206 1543 5257 eos,
1577 5200 1632 5246 et
1663 5192 1850 5247 decem
1887 5203 1937 5246 et
1966 5202 2091 5249 octo

509 5284 728 5345 occidit,
758 5283 947 5338 urbem
978 5297 1074 5353 per
1105 5282 1247 5337 hanc
1282 5291 1487 5339 turrem
1518 5283 1869 5355 signiﬁcavit,
1903 5296 1957 5341 et
1988 5301 2090 5356 per

505 5375 742 5440 occisos,
772 5375 1091 5430 mactandos
1124 5389 1155 5428 a
1189 5373 1336 5430 Tito.
1432 5408 1435 5411 λ

580 5553 743 5611 Vens.
780 5555 835 5611 6.
868 5555 1031 5612 Ficus
1060 5557 1319 5627 parabola
1347 5559 1692 5615 sterilitatem
1722 5563 1922 5632 arguit,
1957 5561 2085 5617 folia

503 5654 715 5701 tantum
747 5662 934 5702 amara
958 5650 1311 5719 producentis
1339 5660 1395 5706 et
1415 5650 1575 5707 ﬂores
1603 5655 1668 5708 ad
1692 5656 1950 5724 speciem,
1984 5656 2079 5711 sed

507 5735 743 5791 fructum
768 5752 873 5792 non
905 5739 1165 5797 ferentis:
1190 5751 1274 5797 ter
1300 5742 1433 5799 dicit
1456 5746 1693 5811 venisse;
1715 5761 1808 5814 per
1833 5745 2077 5818 Moysen,

500 5839 604 5891 per
624 5828 958 5897 prophetas,
986 5839 1040 5886 et
1072 5845 1167 5901 per
1200 5832 1400 5903 ipsum.
1439 5834 1760 5907 Evangelica
1790 5840 1890 5895 ista
1916 5838 2073 5903 ﬁcus,

2192 4633 2383 4704 τηρίας
2418 4633 2493 4697 ὡς
2539 4636 2613 4704 μὴ
2661 4636 2726 4688 ἐκ
2755 4635 2851 4689 τοῦ
2888 4638 3131 4700 Μωσέως
3178 4638 3365 4705 οὗσας,
3420 4640 3736 4693 ἁπέκοπτεν·

2194 4724 2290 4777 ἐπὶ
2343 4723 2555 4788 τούτοις
2601 4725 2993 4797 ἀγανακτήσας
3025 4729 3055 4783 ό
3084 4729 3315 4794 Πιλᾶτος
3373 4733 3507 4804 παρ’
3574 4730 3736 4790 αὑταῖς

2194 4816 2313 4878 ταῖς
2353 4816 2495 4869 κατὰ
2530 4815 2620 4870 τὸν
2663 4816 2826 4889 νόμον
2876 4822 3348 4892 προσφερομέναις
3410 4822 3616 4885 θυσίαις
3661 4818 3734 4873 ὑπ’

2197 4908 2416 4973 αὐτῶν,
2493 4910 2836 4980 κατέσφαξεν
2908 4914 3128 4978 αύτούς,
3198 4915 3366 4985 Λέγει
3443 4915 3535 4970 οὖν
3596 4912 3733 4973 αὐτὸς

2194 5007 2481 5078 χείρονας,
2550 5008 2909 5079 ἁμαρτωλοὺς
2959 5011 3016 5064 δὲ
3066 5010 3156 5066 διὰ
3203 5012 3264 5065 τὸ
3318 5014 3601 5068 στασιάσαι
3647 5008 3728 5064 αύ-

2263 5196 2387 5248 Ὅτι
2416 5196 2443 5248 ό
2476 5197 2683 5268 πύργος
2715 5198 2802 5268 ἐφ’
2833 5200 2927 5262 οὓς
2960 5199 3141 5265 ἔπεσε,
3178 5201 3269 5254 καὶ
3315 5202 3441 5266 τοὺς
3487 5196 3726 5255 δεκαοκτὼ

2188 5290 2471 5358 κατέσχεν,
2526 5291 2791 5361 ἐσήμαινε
2832 5291 2920 5345 διὰ
2950 5292 3059 5363 μὲν
3095 5291 3190 5347 τοῦ
3221 5293 3433 5365 πύργου
3457 5336 3472 5360 ,
3523 5295 3613 5364 τὴν
3646 5290 3723 5342 πός

2185 5377 2270 5431 λιν
2297 5398 2311 5412 ·
2353 5381 2441 5433 διὰ
2475 5381 2585 5434 τῶν
2616 5384 3106 5454 καταχωσθέντων,
3146 5388 3272 5450 τοὺς
3304 5387 3605 5447 ἑαλωκότας
3639 5380 3721 5434 ὑπὸ

2187 5470 2372 5526 Τίτου.

2266 5564 2333 5615 Ἦ
2364 5564 2463 5633 τῆς
2498 5566 2671 5637 συκῆς
2728 5568 3036 5640 παραϐολὴ,
3080 5569 3179 5641 τὴν
3233 5568 3506 5640 ἀκαρπίαν
3543 5564 3717 5632 ἐλέγχει

2186 5654 2285 5723 τῆς
2324 5656 2702 5731 Ἰερουσαλὴμ,
2746 5661 2921 5729 φύλλα
2953 5662 3118 5732 μόνον
3160 5663 3336 5733 πικρὰ
3372 5662 3613 5730 ποιούσης
3644 5654 3716 5709 καὶ

2186 5747 2400 5818 ἀνθηρὰ
2438 5750 2517 5820 τῷ
2561 5751 2866 5820 φαίνεσθαι,
2909 5754 3119 5824 καρπὸν
3150 5755 3206 5808 δὲ
3250 5754 3325 5826 μὴ
3350 5752 3595 5825 ἐχούσης·
3622 5742 3714 5816 τρί-

2186 5855 2276 5894 τον
2305 5840 2451 5908 λέγει
2480 5841 2819 5912 ἐληλυθέναι,
2846 5845 2933 5899 διὰ
2967 5847 3268 5909 Μωῦσέως,
3293 5845 3382 5903 διὰ
3407 5843 3509 5898 τῶν
3539 5851 3712 5909 πρθφτγ
