4026 6406
157 387 184 414 ’
274 426 408 495 1201

1394 427 1718 488 SCHDLIA
1755 427 2057 490 VETERA
2098 427 2182 486 IN.
2220 426 2496 486 LUCAM.

3423 420 3565 486 H02

268 541 401 602 τῶν,
441 537 509 594 δι’
543 538 762 593 ἑαυτοῦ.
815 538 880 594 Ἦ
910 537 1244 608 εύαγγελικὴ
1291 537 1453 608 συκῆ,
1497 538 1531 606 ἡ
1563 537 1852 608 ἅνθρωπό-

1977 537 2268 592 iumanitas
2284 543 2371 592 est
2400 553 2415 592 :
2447 535 2646 592 domus
2675 535 2954 600 dominus,
2975 533 3119 592 Deus
3147 533 3343 600 Pater;
3381 535 3560 589 cultor

269 651 370 706 της
403 631 592 685 ἐστίν-⁸
626 633 655 686 6
680 630 1093 702 οἰκοδεσπότης,
1117 631 1145 684 6
1175 629 1310 694 Θεὸς
1357 629 1450 681 καὶ
1479 628 1671 700 Πατήρ
1697 644 1710 657 ·
1749 629 1778 681 6
1806 627 1865 680 δὲ

274 723 659 797 ἀμπελουργὸς
686 764 701 790 ,
743 723 772 777 6
811 721 940 786 Υἱὸς
986 723 1088 777 τοῦ
1129 721 1266 775 Θεοῦ
1295 721 1325 773 6
1355 719 1715 790 φιλοπονῆσαι
1770 721 1865 772 καὶ

237 801 248 842 ξ
273 815 583 887 ἐκκαθᾶραι
609 815 702 868 τὸν
725 813 1027 885 ἀμπελῶνα
1044 812 1234 868 ἐλθών.
1252 813 1311 867 '0
1327 811 1384 866 δὲ
1407 811 1538 874 Θεὸς
1555 811 1648 864 καὶ
1673 809 1864 882 Πατὴρ

274 914 303 966 ό
334 909 429 964 καὶ
461 909 870 976 οἰκοδεσπότης,
900 907 1108 972 ἐκεῖνός
1132 909 1283 962 ἐστιν
1311 907 1340 960 6
1366 903 1606 959 κελεύων
1637 904 1737 975 τὴν
1762 919 1860 956 συ-

276 1004 380 1074 κῆν
412 1001 488 1067 ὡς
531 1001 782 1073 ἄκαρπον
832 999 1163 1070 ἐκκοπῆναι.
1203 997 1278 1052 Τὸ
1307 997 1386 1064 δὲ,
1439 997 1617 1066 Ἄφες
1667 995 1867 1064 αὐτὴν

277 1095 376 1148 καί
407 1095 598 1161 τούτῳ
625 1092 706 1158 τῷ
726 1091 867 1158 ἔτει,
894 1091 1098 1162 λέγειν,
1126 1089 1217 1145 διά
1245 1089 1412 1161 νόμου
1441 1089 1536 1144 καὶ
1569 1087 1867 1160 προφητῶν

273 1188 378 1242 οὐκ
411 1185 836 1255 ὲόελτιώθησαν,
864 1185 960 1238 καὶ
987 1185 1099 1248 τοῖς
1125 1184 1280 1254 ἐμοῖς
1306 1181 1636 1254 ἁρδευθῆναι
1661 1180 1868 1252 δόγμα-

279 1295 401 1332 σιν·
431 1277 508 1344 ὡς
539 1277 588 1331 εἱ
619 1277 718 1348 μὲν
764 1278 1038 1346 ποιήσωσι
1065 1273 1302 1346 καρπὸν,
1339 1269 1401 1328 εὖ
1427 1289 1442 1306 ·
1485 1275 1534 1326 εἰ
1557 1273 1615 1326 δὲ
1651 1273 1751 1344 μὴ,
1785 1273 1866 1336 είς

276 1373 340 1425 τὸ
375 1370 572 1442 μέλλον
601 1369 878 1439 ἐκκόψεις,
909 1370 990 1433 είς
1017 1367 1108 1421 τὸν
1139 1367 1331 1420 ἔπειτα
1357 1365 1529 1419 αἰῶνα
1556 1363 1652 1420 καὶ
1670 1363 1748 1426 είς
1768 1362 1868 1432 τὴν

279 1464 479 1534 κρίσιν.
506 1463 666 1517 Ἐστι
695 1461 751 1516 δὲ
772 1465 804 1531 ἡ
827 1461 927 1533 μὲν
960 1459 1151 1531 πρώτη
1187 1459 1464 1530 ἀθέτησις,
1501 1457 1534 1528 ἡ
1563 1457 1622 1508 ὲν
1651 1455 1728 1526 τῷ
1764 1472 1868 1508 πα-

281 1551 549 1626 ραδείσῳ·
585 1554 618 1626 ἡ
653 1553 906 1624 δευτέρα,
937 1554 970 1622 ἠ
1003 1554 1058 1606 ὲν
1099 1549 1176 1623 τῷ
1227 1551 1410 1622 νόμῳο
1447 1550 1480 1620 ἡ
1517 1547 1700 1620 τρίτη,
1743 1549 1776 1618 ἡ
1809 1548 1868 1601 ὲν

278 1647 346 1716 τῇ
385 1643 596 1715 χάριτι.

361 1735 428 1789 Ἦ
450 1733 844 1804 συγκύπτουσα
865 1733 1063 1804 χαμαὶ,
1091 1731 1260 1787 ἔπαθε
1285 1731 1447 1786 τοῦτο
1472 1732 1537 1784 ἐκ
1569 1729 1870 1800 σατανικῆς

275 1827 628 1899 ἀγριότητος,
659 1827 736 1891 ὡς
775 1826 1185 1899 παρεωραμένη
1243 1826 1406 1896 παρὰ·
1435 1825 1572 1879 Θεοῦ
1598 1824 1665 1878 δι’
1687 1826 1869 1878 οἰκεῖα

271 1921 522 1992 δηλονότι
556 1915 900 1990 πταίσματα.

347 2009 448 2076 T6,
487 2011 741 2075 Ἔξελθε
771 2009 868 2063 καὶ
915 2009 1178 2078 πορεύου
1216 2008 1522 2070 ἐντεῦθεν,
1556 2007 1669 2060 τῶν
1704 2009 1868 2076 Φαρι-

273 2103 449 2157 σαῐων
485 2103 773 2170 λεγόντων,
813 2103 878 2155 ἐκ
927 2101 1124 2171 φθόνου
1165 2101 1318 2158 ἐστί·
1359 2099 1481 2154 οὐδὲ
1529 2099 1638 2170 γάρ
1676 2099 1868 2172 ῆθελον

267 2195 612 2267 ὠφελεῖσθαί
663 2213 858 2262 τινας,
905 2195 1029 2249 οὐδὲ
1082 2193 1414 2266 θεοσημείας
1465 2193 1714 2265 γίνεσθαι
1758 2193 1868 2248 ἀπὸ

271 2289 496 2358 φθόνου.
543 2287 634 2342 Ἐν
655 2287 712 2341 δὲ
738 2287 815 2358 τῷ
845 2287 1026 2356 λέγειν
1057 2287 1280 2353 αὐτοὺς,
1317 2285 1582 2355 Ἡρώδης
1605 2300 1680 2340 σε
1709 2283 1868 2339 θέλει

267 2377 649 2444 ἀποκτεῖναι,
697 2378 1167 2449 προφασιζόμενοι
1218 2376 1407 2446 ελεγον
1441 2379 1536 2431 καὶ
1574 2375 1870 2443 ἐκφοϐοῦν-

267 2489 388 2536 τες.
444 2473 537 2526 Διὸ
581 2473 684 2526 και
719 2473 796 2536 ὡς
845 2472 1134 2541 γινώσκων
1175 2471 1258 2526 ὅτι
1306 2470 1618 2542 ψεύδονται,
1683 2469 1865 2538 λέγει·

264 2564 497 2617 Ειπατε
524 2561 602 2631 τῇ
630 2563 895 2618 ἀλώπεκι
917 2563 1133 2630 ταύτῃ·
1157 2563 1254 2616 καλ⁹
1285 2561 1432 2625 τινὲς
1461 2561 1562 2631 μὲν
1586 2559 1866 2630 ἐνόμισαν,

268 2653 542 2708 ἀλώπεκα
574 2653 668 2708 τὸν
721 2635 968 2724 Ἡρώδην
1019 2651 1202 2718 λέγειν
1223 2668 1238 2684 ·
1293 2649 1392 2721 οὐχ
1421 2647 1594 2712 οὕτως
1628 2647 1684 2701 δὲ
1716 2647 1830 2718 ἔχει
1850 2661 1863 2676 ⁸

267 2748 415 2803 ἀλλὰ
431 2747 693 2801 ἀλώπεκα
713 2745 862 2815 λέγει
890 2746 988 2816 τὴν
1015 2745 1242 2799 ἐκείνων
1261 2741 1548 2813 δολιότητα
1569 2741 1663 2794 καὶ
1682 2739 1871 2793 σκαιό-

264 2858 434 2912 τητα,
486 2840 833 2910 εὐφυέστατα
899 2839 1039 2909 μέση
1093 2837 1376 2909 χρώμενος
1451 2837 1637 2905 φωνῇ·
1670 2833 1730 2886 ού
1760 2833 1870 2902 γὰρ

265 2930 452 2998 εἶπεν,
523 2931 742 3005 Ἐκείνῃ
784 2933 852 3003 τῇ
903 2930 1170 2994 ἀλώπεκι,
1228 2927 1386 2992 ἀλλὰ,
1447 2927 1663 2993 Ταύτῃ.
1711 2923 1867 2977 Ἐπι-

269 3028 386 3098 πλή
398 3045 530 3081 ττων
557 3025 615 3080 δὲ
645 3025 868 3089 αὐτοὺς,
896 3023 1046 3092 λέγει
1065 3039 1078 3054 ο
1111 3019 1261 3076 Ἰδοὺ
1283 3019 1564 3089 δαιμόνια
1591 3015 1870 3071 ἐκϐάλλω

267 3119 378 3174 καὶ
409 3119 604 3184 ἰάσεις
664 3116 956 3172 ἐπιτελῶ’
1000 3114 1090 3169 διὰ
1113 3112 1210 3169 τοῦ
1254 3113 1450 3176 εἰπεῖν,
1502 3109 1866 3177 Τελειοῦμαν,

265 3213 368 3266 τὸν
399 3209 635 3266 θάνατον
680 3209 846 3264 αὑτοῦ
879 3207 1095 3280 μηνύει,
1137 3207 1231 3262 καὶ
1262 3207 1344 3260 ὅτι
1387 3202 1550 3266 ἑκὼν,
1600 3204 1693 3255 καὶ
1738 3199 1864 3254 οὒτε

279 3300 556 3372 Ἡρώδης,
586 3299 711 3353 οὔτε
737 3297 914 3364 αὐτοὶ,
945 3297 1052 3369 πρὸ
1081 3294 1276 3366 καιροῦ
1303 3311 1356 3347 τι
1381 3294 1685 3366 ποιήσαιεν.

343 3393 454 3458 T6,
485 3395 609 3449 Οὐκ
653 3391 965 3461 ἐνδέχεται
1015 3387 1370 3460 προφήτην,
1404 3387 1520 3451 ἐξω
1557 3385 1866 3453 Ἰερουσα-

265 3485 406 3556 λὴμ
421 3485 771 3552 ἀποθανεῖν,
793 3485 976 3557 λέγειν
1008 3484 1190 3548 αὑτὸν,
1214 3481 1286 3546 ὡς
1306 3479 1638 3552 κατηγορίαν
1657 3477 1868 3545 είσάγει

265 3579 371 3633 τὸν
401 3577 581 3648 λόγον.

854 3709 1110 3764 ΚΕΦΑΛ.
1156 3706 1253 3762 lA'.

359 3847 428 3913 ’θ’
447 3859 636 3925 εἰπὼν,
667 3857 968 3928 Μακάριος
1017 3857 1188 3921 ὅστις
1215 3853 1464 3924 φάγεται
1509 3851 1760 3921 ἄριστον
1799 3850 1870 3904 ἐν

266 3949 352 4020 τῇ
381 3950 676 4016 βασιλείᾳ
703 3945 826 4002 τῶν
856 3945 1154 4018 οίιρανῶν,
1187 3945 1250 3998 οὐ
1277 3945 1483 4005 τέλειος
1517 3937 1616 4011 ἦν·
1647 3939 1867 4011 ἐνόμιζε

266 4047 389 4115 γὰρ
422 4041 741 4114 σωματικὴν
769 4041 975 4113 βρῶσιν
1001 4036 1142 4094 εῖναι
1165 4039 1222 4093 ὲν
1253 4037 1332 4108 τῷ
1357 4036 1594 4111 οὐρανῷ.

345 4135 445 4197 T6,
475 4135 814 4204 Ἄνθρωπός
833 4149 926 4198 τις
956 4131 1209 4198 ἐποίησε
1234 4127 1505 4195 δεῖπνον,
1559 4127 1865 4202 ἄνθρωπον,

265 4227 376 4280 τὸν
405 4225 539 4279 Θεὸν
569 4225 665 4279 καὶ
694 4221 918 4295 Πατέρα
951 4222 1128 4289 λέγει·
1162 4221 1222 4272 αἱ
1245 4219 1356 4291 γὰρ
1386 4219 1598 4284 εἰκόνες
1625 4219 1736 4274 τῶν
1761 4237 1867 4273 πα-

269 4317 554 4390 ραϐολῶν,
597 4316 926 4370 πλάττουσιν
979 4312 1239 4384 ἀλήθειαν
1263 4325 1277 4340 ⁶
1310 4311 1412 4366 οὐκ
1441 4311 1605 4366 αὐταὶ¹
1635 4311 1693 4364 δὲ
1733 4310 1869 4366 πάνυ

263 4427 392 4474 τως
421 4409 559 4463 εἰσιν
579 4408 852 4482 ἀλήθειαι.
889 4406 1166 4470 Δεῖπνον,
1219 4405 1374 4476 φησι,
1405 4406 1729 4475 πεποίηκεν,
1764 4405 1866 4458 οὐκ

263 4505 542 4574 ἄριστονο
588 4503 683 4556 ἐπὶ
723 4501 833 4572 γὰρ
874 4499 1156 4569 συντελείᾳ
1188 4497 1250 4551 τδ
1279 4497 1518 4568 Χριστοῦ
1567 4498 1736 4561 πάθος
1767 4498 1868 4568 τὴν

267 4591 678 4663 οἱκουμενικὴν
731 4591 1062 4660 πανήγυριν.
1125 4588 1418 4643 Ἑκάλεσε
1464 4587 1522 4641 δὲ
1567 4585 1862 4684 πολλοὺς,
1898 4629 1944 4684 D

261 4689 348 4742 τὰ
395 4685 570 4756 πλήθη
595 4685 705 4739 τῶν
759 4683 1054 4738 Ἰουδαίων.
1091 4679 1189 4746 Τίς
1229 4679 1288 4734 δὲ
1311 4681 1339 4733 6
1369 4679 1780 4747 ἀπεσταλμένος
1807 4677 1866 4731 ὃν

267 4779 378 4835 καὶ
423 4775 612 4832 δοῦλόν
651 4793 850 4848 φησιν;
892 4775 1069 4838 Αὐτὸς
1101 4775 1130 4828 ό
1159 4771 1395 4843 Χριστὸς
1425 4771 1516 4826 διὰ
1557 4769 1654 4841 τὴν
1688 4771 1870 4840 σάρκα

269 4869 504 4943 μορφὴν
537 4869 728 4924 δούλου
768 4865 1021 4922 ἀνέλαϐε.
1055 4865 1121 4920 Τί
1143 4865 1200 4920 δὲ
1232 4866 1499 4936 ἡτοίμασε
1522 4867 1639 4928 τοῖς
1671 4861 1870 4934 κεκλη-

270 4963 505 5034 μένοιςς
553 4960 870 5032 Ἀμαρτιῶν
915 4959 1132 5029 ἄφεσιν,
1165 4957 1443 5022 υἱοθεσίας
1482 4955 1868 5028 λαμπρότητα.

263 5056 358 5109 Τὸ
395 5054 476 5122 δὲ,
523 5051 813 5123 Ἤρξαντο
862 5051 982 5108 ἀπὸ
1028 5049 1174 5120 μιᾶς
1221 5049 1660 5118 παραιτεῖσθαι,
1716 5047 1873 5102 τοῦτό

265 5150 424 5209 ἔστι,
460 5145 522 5199 τὸ
547 5145 606 5210 ἐξ
652 5145 771 5208 ἑνὸς
805 5143 1149 5214 συνθήματος
1196 5142 1401 5213 μηδένα
1439 5141 1600 5210 λόγον
1635 5157 1868 5212 ποιησα-

231 5303 238 5306 _
268 5237 481 5309 μένους
504 5237 603 5307 τῆς
633 5239 900 5307 κλήσεως,
935 5233 1320 5306 γεωδεστέροις
1343 5233 1618 5298 ἀσυνέτως
1646 5251 1871 5304 προσνε-

227 5319 568 5399 ἶνενευκότες·
601 5330 898 5399 κέκληνται
923 5327 980 5382 δὲ
1012 5325 1130 5382 ἀντ’
1166 5325 1394 5380 ἐκείνων
1417 5327 1466 5379 οἱ
1490 5327 1573 5390 εἰς
1598 5327 1696 5390 τὰς
1734 5327 1872 5382 πλα-

263 5426 436 5486 τείας
457 5423 553 5477 καὶ
584 5425 682 5486 τὰς
720 5421 923 5494 ῥύμας,
957 5419 1008 5474 οἱ
1039 5421 1104 5474 ἐκ
1141 5419 1242 5492 τῆς
1285 5419 1585 5490 Ἰουδαϊκῆς
1630 5419 1871 5491 πληθύος

262 5514 488 5586 ἀσθενῆ
512 5531 570 5570 τε
599 5515 694 5567 καὶ
720 5513 920 5584 ἀγεννῆ
953 5513 1054 5584 τὴν
1081 5511 1322 5567 διάνοιαν
1347 5511 1454 5578 ἕως
1477 5511 1624 5576 τινὸς
1648 5511 1870 5583 ἔχοντες

263 5609 381 5664 καὶ
414 5607 633 5679 ἀφεγγῆ
662 5611 758 5662 καὶ
781 5605 1130 5678 χωλεύουσαν
1151 5620 1166 5639 ·
1191 5606 1366 5674 ὑγιεῖς
1397 5603 1455 5660 δὲ
1478 5605 1572 5660 καὶ
1601 5603 1870 5677 εὔρωστοι

262 5700 377 5754 διὰ
412 5703 508 5771 τῆς
553 5702 632 5764 εἰς
681 5699 920 5771 Χριστὸν
972 5699 1230 5763 πίστεως.
1263 5699 1338 5753 Τὸ
1378 5699 1454 5764 δὲ,
1509 5701 1635 5753 Ἔτι
1685 5703 1870 5770 τόπος

263 5791 440 5858 ἐστὶ,
473 5793 622 5862 λέγει
673 5793 765 5848 τὸν
793 5793 1243 5866 δειπνοκλήτορα,
1277 5795 1367 5850 διὰ
1389 5796 1514 5859 τοὺς
1544 5795 1862 5866 ἀγροικοτέ-

273 5903 419 5959 ρους
449 5887 598 5957 λέγει
626 5889 805 5960 πάντη
839 5889 932 5944 καὶ
963 5893 1386 5966 κτηνοπρεπεῖς.

1969 637 2176 694 autem,
2214 628 2388 684 Filius
2437 626 2532 683 Dei
2587 627 2653 684 ad
2706 628 3064 684 laboraudam
3102 635 3156 682 et
3193 625 3566 682 mundandam

1970 725 2184 794 vineam
2215 723 2463 786 veniens.
2497 720 2640 778 Deus
2668 731 2850 778 autem
2889 719 3053 776 Pater
3077 728 3133 776 et
3163 719 3362 774 domus
3385 718 3567 773 domi-

1969 830 2097 876 nus.
2137 814 2230 870 ille
2267 823 2351 868 est
2384 815 2476 886 qui
2521 815 2680 886 jubet
2713 815 2878 871 ﬁcum
2933 823 2994 870 ut
3041 813 3282 870 sterilem
3313 811 3552 868 succidi.

1969 903 2190 959 Dimitte
2228 904 2384 960 illam
2432 913 2484 960 et
2525 904 2624 958 hoc
2667 920 2830 970 anno,
2885 903 3110 969 dicitur,
3154 918 3254 974 per
3299 903 3470 972 legem
3509 911 3566 958 et

1967 995 2263 1066 prophetas
2306 1011 2418 1052 non
2468 997 2725 1053 meliores
2755 994 2934 1051 eﬂ'ecti
2975 1003 3128 1062 sunt,
3164 1003 3218 1051 et
3259 993 3395 1049 meis
3443 994 3563 1048 sine

1967 1083 2136 1156 rigari
2163 1085 2451 1152 doctrinis,
2486 1086 2759 1157 siquidem
2783 1085 2990 1142 bonum
3015 1083 3252 1141 fecerint
3279 1083 3518 1138 fructum
3542 1099 3558 1149 ;

1973 1178 2059 1232 sin
2085 1186 2294 1244 autem,
2329 1179 2382 1234 in
2419 1179 2666 1234 futurum
2697 1178 2973 1241 succides,
3001 1178 3056 1232 in
3079 1187 3396 1245 sequentem
3429 1189 3564 1229 mta-

1971 1277 2078 1325 tem
2123 1271 2268 1325 etin
2311 1270 2605 1338 judicium.
2638 1271 2821 1327 Prima
2871 1280 3052 1326 autem
3093 1279 3176 1326 est
3225 1269 3558 1342 reprobatio,

1972 1379 2094 1434 qua:
2147 1363 2203 1418 in
2263 1361 2563 1430 Paradiso;
2616 1363 2881 1429 secunda,
2927 1379 3050 1434 quae
3099 1363 3153 1418 in
3211 1363 3356 1432 lege;
3403 1361 3560 1417 tertia

1970 1471 2122 1524 vero,
2155 1471 2276 1528 quae
2304 1456 2358 1512 in
2387 1457 2584 1527 gratia.

2044 1731 2211 1788 Vens.
2260 1732 2350 1788 ll.
2392 1731 2528 1799 Quae
2587 1731 2655 1788 ad
2704 1743 2904 1788 terram
2940 1732 3207 1788 inclinata
3257 1740 3404 1797 erat,
3457 1734 3564 1791 hoc

1971 1825 2284 1896 patiebatur
2317 1841 2383 1880 ex
2427 1823 2648 1880 Satanae
2678 1825 3028 1891 crudelitate,
3068 1835 3331 1896 tanquam
3382 1840 3412 1879 a
3449 1824 3561 1882 Deo

1902 1924 1942 1979 Β
1971 1917 2233 1972 derelicta
2269 1927 2495 1986 propter
2535 1933 2665 1973 suas
2694 1917 2882 1987 culpas
2904 1917 3208 1972 evidenter.

2044 2007 2215 2064 Vsus.
2250 2009 2340 2064 5L
2375 2007 2480 2062 Exi
2504 2018 2553 2062 et
2578 2010 2708 2064 vade
2741 2011 2883 2074 hinc,
2918 2025 3042 2079 qua:
3073 2011 3395 2070 dicuntur-3
3421 2010 3564 2066 Pha-

1974 2102 2172 2165 risaeis,
2221 2116 2287 2157 cx
2357 2099 2562 2156 invidia
2608 2101 2912 2172 prodeunt;
2958 2115 3066 2156 non
3108 2103 3254 2156 enim
3302 2101 3561 2158 volebant

1971 2191 2220 2247 eminere
2269 2193 2584 2264 quospiam,
2618 2207 2722 2248 nec
2753 2191 2938 2247 divina
2973 2191 3130 2265 signa
3182 2193 3391 2256 facere,
3427 2210 3560 2264 pro-

1971 2293 2093 2354 pter
2116 2283 2399 2338 invidiam.
2435 2283 2574 2339 Cum
2611 2295 2795 2339 autem
2835 2283 3028 2340 dicunt
3057 2303 3069 2339 :
3101 2286 3338 2339 Herodes
3372 2286 3482 2340 vult
3511 2296 3561 2342 te

1973 2377 2247 2442 occidere;
2279 2392 2377 2448 per
2419 2386 2744 2448 praetextum
2786 2377 3080 2434 dicunt‘et-
3111 2379 3390 2433 timorem.
3431 2379 3560 2434 Ideo

1973 2483 2316 2538 Cognosccns
2345 2469 2437 2524 ille
2459 2469 2558 2524 hos
2591 2467 2834 2535 mentiri,
2853 2469 2997 2531 dicit
3027 2487 3040 2523 :
3077 2470 3249 2524 Dicite
3273 2470 3416 2540 vulpi
3447 2471 3558 2524 isti.

1973 2559 2208 2629 Quidam
2239 2571 2574 2632 putaverunt
2601 2575 2697 2630 per
2721 2561 2938 2632 vulpem
2958 2561 3225 2618 Herodem
3248 2562 3558 2634 designari;

1975 2668 2086 2707 non
2117 2663 2302 2709 autem
2342 2654 2421 2710 sic
2454 2669 2513 2708 se
2559 2655 2758 2721 habet;
2789 2654 2883 2710 sed
2919 2654 3132 2725 vulpem
3182 2654 3315 2711 dicit
3367 2671 3559 2712 eorum

1974 2746 2235 2801 astutiam
2275 2756 2329 2801 et
2355 2747 2642 2818 ineptiam,
2672 2747 2980 2803 rectissime
3020 2748 3273 2818 proximo
3309 2765 3443 2805 usus
3463 2766 3561 2806 vo—

1975 2835 2194 2900 cabulo,
2239 2853 2346 2890 non
2379 2837 2524 2892 enim
2565 2837 2702 2892 dicit
2749 2838 2899 2908 vulpi
2938 2837 3037 2902 illi,
3068 2839 3163 2894 sed
3203 2839 3316 2893 isti.
3360 2839 3562 2912 Obiur-

1974 2941 2110 2998 gans
2133 2942 2266 2982 vero
2293 2926 2440 2994 illos,
2471 2927 2660 2982 addit:
2699 2927 2832 2983 Ecce
2854 2929 3008 2996 ejicio
3030 2929 3294 2985 dtemonia
3328 2939 3378 2984 et
3411 2931 3562 2985 sani-

1975 3031 2109 3075 tates
2132 3023 2372 3091 perﬁcio;
2393 3023 2647 3086 dicendo,
2673 3022 3046 3089 Cousummor,
3063 3032 3289 3079 mortem
3311 3039 3466 3079 suam
3487 3025 3561 3084 in.-

1975 3114 2201 3180 nuit,.et
2235 3115 2382 3184 quod
2414 3115 2586 3171 libens
2621 3117 2876 3180 moritur,
2906 3126 2961 3172 et
2993 3115 3141 3186 quod
3180 3131 3356 3186 neque
3387 3113 3561 3170 Hero-

1974 3207 2072 3260 des
2098 3221 2274 3278 neque
2293 3208 2398 3278 ipsi
2426 3218 2551 3262 ante
2574 3217 2790 3278 tempus
2815 3209 3092 3279 quoddam
3120 3209 3297 3265 facere
3323 3208 3568 3279 possint.

1897 3268 1940 3326 θ
2045 3268 2212 3354 Vens:
2246 3268 2338 3354 53..
2379 3298 2503 3353 Non
2540 3268 3024 3371 capit-prophetam
3065 3303 3237 3372 perire
3273 3268 3428 3356 eaitra
3459 3299 3556 3355 Je-

1975 3390 2230 3456 rusalem,
2281 3393 2348 3448 de
2389 3407 2449 3448 sc
2493 3393 2646 3462 dicit,
2683 3405 2944 3466 tanquam
2989 3395 3396 3452 accusationem
3434 3409 3558 3449 ver-

1973 3480 2102 3534 bum
2138 3479 2280 3534 istud
2308 3481 2601 3552 adjiciens.

2558 3610 2788 3669 CAPUT
2828 3611 2970 3668 XIV.

2045 3757 2212 3816 Vens.
2253 3759 2336 3816 15.
2371 3759 2476 3827 Qui
2501 3759 2639 3817 dicit
2679 3781 2692 3817 :
2727 3759 2925 3818 Beatus
2956 3761 3048 3833 qui
3085 3761 3428 3816 manducabit
3465 3779 3565 3832 pa.-

1974 3871 2091 3908 nem
2122 3855 2175 3906 in
2209 3871 2363 3924 regno
2399 3857 2676 3922 caelorum,
2715 3872 2824 3911 non
2861 3865 3008 3912 recte
3033 3855 3298 3928 loquitur;
3335 3857 3566 3928 putabat

1971 3946 2114 4000 enim
2150 3947 2488 4016 corporalem
2518 3964 2699 4002 escam
2746 3964 2870 4004 esse
2907 3950 2958 4003 in
2983 3949 3142 4004 cmlo.

2043 4035 2210 4092 Vens.
2239 4039 2292 4094 6.
2315 4038 2490 4093 Homo
2517 4041 2734 4110 quidam
2760 4041 2882 4110 fecit
2905 4059 3129 4097 canam.
3153 4039 3256 4098 Per
3281 4041 3568 4098 hominem

1971 4127 2117 4184 Deus
2179 4131 2336 4186 Pater
2378 4131 2727 4200 designatur;
2765 4131 2951 4200 ﬁgurae
2987 4132 3133 4188 enim
3171 4131 3568 4204 parabolarum.

1973 4235 2166 4275 verum
2213 4222 2457 4292 lingunt;
2491 4223 2584 4278 illa
2615 4233 2795 4278 autem
2839 4240 2950 4278 non
2980 4225 3208 4281 omnino
3239 4233 3370 4280 sunt
3405 4241 3558 4286 vera.

1973 4309 2192 4364 Caznam
2230 4311 2385 4372 dicit.
2438 4327 2545 4365 nun
2599 4311 2914 4380 prandium,
2948 4313 3002 4368 id
3041 4321 3150 4377 est,
3203 4313 3256 4368 in
3295 4329 3561 4370 consum—

1973 4403 2214 4458 matione
2257 4419 2351 4474 per
2375 4404 2582 4459 Clu-isti
2629 4405 2942 4474 passionem
2989 4405 3142 4462 orbis
3172 4408 3560 4478 congregatio-

1973 4509 2121 4549 nem.
2155 4493 2371 4550 Vocavil
2405 4497 2620 4560 multos,
2653 4497 3056 4554 multitudinem
3090 4514 3288 4570 nempe
3336 4497 3558 4554 Iudam-

1975 4602 2120 4642 rum.
2155 4587 2291 4654 Quis
2343 4604 2472 4644 vero
2513 4590 2721 4644 missus
2779 4589 2867 4642 ille
2909 4607 3071 4661 quem
3117 4607 3338 4648 servum
3387 4591 3563 4646 dicit?

1974 4679 2230 4736 Christus
2264 4679 2381 4752 ipse
2423 4681 2516 4752 qui
2562 4698 2657 4751 per
2699 4697 2920 4737 carnem
2957 4681 3188 4738 formam
3228 4683 3374 4740 servi
3407 4699 3563 4740 acce—

1974 4773 2071 4842 pit.
2109 4771 2250 4840 Quid
2293 4777 2506 4844 paravit
2547 4775 2838 4830 invitatis?
2869 4788 3220 4848 peccatorum
3275 4778 3563 4834 remissio-

1975 4883 2122 4935 nem,
2147 4869 2463 4940 adoptionis
2489 4871 2934 4941 praarogativam.
2963 4871 3242 4941 (Imperant
3273 4874 3434 4928 simul
3467 4889 3562 4928 ea:-

1973 4976 2195 5028 cusare;
2220 4962 2270 5017 id
2298 4973 2384 5017 est
2411 4977 2515 5016 una
2539 4963 2928 5018 convenientes
2963 4974 3022 5018 ut
3047 4966 3252 5020 nullius
3285 4965 3561 5020 invitatio-

1975 5068 2097 5107 nem
2133 5053 2394 5119 facerent,
2425 5055 2868 5110 terrestrioribus
2901 5056 3282 5126 imprudenter
3313 5073 3373 5114 se
3399 5057 3562 5112 dede-

1977 5155 2122 5201 runt.
2155 5143 2374 5200 Invitati
2419 5157 2549 5202 sunt
2586 5159 2768 5204 autem
2823 5164 2923 5218 pro
2979 5149 3089 5204 illis
3138 5150 3235 5218 qui
3269 5151 3324 5206 in
3359 5150 3566 5219 plateis

1972 5247 2027 5292 et
2052 5239 2189 5292 vicis
2225 5247 2403 5304 erant,
2450 5237 2545 5310 qui
2573 5254 2604 5293 e
2631 5237 2858 5294 Judaica
2904 5237 3256 5294 multitudine
3299 5239 3558 5303 debilem,

1973 5339 2026 5385 et
2061 5331 2379 5402 ignobilem,
2413 5339 2468 5386 et
2515 5331 2833 5398 obscuram,
2867 5342 2922 5386 et
2966 5331 3216 5388 claudam
3250 5332 3566 5402 usquedqu
3599 5319 3606 5351 ί

1977 5423 2388 5494 intelligentiam
2434 5424 2764 5480 habuerant.
2815 5425 2946 5480 Sani
2988 5435 3169 5480 autem
3227 5435 3282 5479 et
3315 5429 3576 5480 valentes.

1977 5531 2072 5585 per
2101 5517 2260 5572 [idem
2294 5517 2348 5571 in
2385 5515 2667 5572 Christum
2695 5515 2823 5572 iacti
2855 5527 3002 5572 sunt.
3040 5517 3170 5582 Sed,
3195 5517 3369 5572 adhuc
3407 5516 3556 5570 locus

1973 5615 2072 5676 est,
2116 5609 2250 5664 dicit
2278 5624 2474 5664 servus
2499 5609 2562 5662 ad
2621 5607 2967 5664 imitandum
3012 5609 3240 5678 missus,
3289 5609 3360 5666 ob
3396 5609 3564 5666 rusti-

1975 5703 2154 5760 ciores
2179 5711 2232 5759 et
2255 5701 2519 5776 jmncutis
2541 5712 2700 5775 aptos
2731 5704 2802 5762 ita
2844 5704 3080 5762 lucutus.
