4026 6414
518 448 658 514 12θ3

1227 448 1619 511 OPUSCULA
1657 449 2293 514 SCRIPTURISTICA
2335 454 2688 517 INCERTM
2725 457 3036 519 IETATIS.

3647 465 3764 530 1204

587 567 759 623 Vens.
797 563 889 620 28.
943 564 1099 633 Quod
1169 564 1331 620 nobis
1390 580 1455 620 ex
1509 565 1874 621 aediﬁcatione
1938 568 2098 622 turris

2285 570 2360 623 Τὸ
2398 571 2462 625 ἐκ
2487 573 2586 642 τῆς
2608 569 2701 625 τοῦ
2731 571 2942 643 πύργου
2983 572 3273 645 οἰκοδομῆς
3309 575 3440 645 ἡμῖν
3489 576 3769 651 ὑποδηλού.

517 662 845 725 ostenditur,
877 659 983 714 hoc
1005 667 1089 714 est
1118 675 1132 713 :
1158 657 1251 729 qui
1288 659 1633 729 susceperint
1666 659 1831 714 vitam
1874 661 2098 731 egregie

508 755 774 823 dirigere,
810 749 1171 807 snﬂiclentem
1225 751 1279 804 in
1320 765 1387 806 eo
1429 752 1706 815 ardorem,
1739 753 1791 805 in
1830 765 1933 807 suo
1960 765 2097 823 pro-

519 847 701 919 posito
733 844 956 901 stabiles
980 844 1309 899 exhibeant.

514 948 519 951 '
590 936 736 992 Vens
786 938 877 993 5|.
912 940 1012 990 Aut
1044 938 1161 1007 quis
1198 953 1290 991 rea;
1325 939 1498 991 iturus
1534 939 1863 991 committere
1906 936 2105 997 bellum

517 1031 768 1086 adversus
819 1029 986 1091 alium
1046 1046 1238 1100 regem,
1276 1039 1462 1097 etc...;
1524 1030 1583 1091 Id
1633 1046 1698 1088 eo
1741 1031 2102 1105 signiﬁcatur,

517 1134 709 1176 ronlra
749 1122 1095 1178 adversarias
1127 1132 1428 1193 potestates
1471 1123 1633 1183 nobis.
1672 1124 1922 1193 praelium
1958 1137 2101 1190 esse,

519 1225 579 1268 nt
612 1214 745 1269 dicit
771 1213 1093 1286 Apostolus;
1130 1215 1311 1271 adhuc
1338 1216 1501 1270 etiam
1530 1224 1730 1270 contra
1756 1214 2103 1285 prudentiam

515 1306 720 1362 carnis.
752 1306 881 1363 Ideo
917 1307 1086 1363 Deum
1130 1307 1393 1363 habentes
1423 1308 1832 1371 auxiliatorem,
1866 1306 2097 1362 minime

515 1401 583 1455 de
633 1414 767 1468 pace
806 1400 873 1455 ad
930 1409 1152 1457 nostros
1205 1400 1394 1457 hostes
1450 1401 1727 1456 daemones
1770 1399 2100 1470 legationem

516 1493 824 1557 mittamus,
862 1493 1010 1564 quod
1054 1502 1141 1550 est
1187 1493 1543 1564 passionibus
1577 1493 1783 1548 servire
1814 1509 1829 1547 :
1865 1492 1961 1548 sed
1998 1507 2103 1562 po-

513 1585 626 1640 tius
680 1586 788 1641 illis
828 1586 1180 1651 resistamus,
1214 1595 1489 1656 potentem
1530 1584 1699 1640 Deum
1743 1592 1996 1640 nostrum
2044 1586 2099 1640 in

515 1678 785 1735 auxilium
819 1687 936 1736 toto
966 1679 1155 1735 animo
1178 1691 1233 1736 et
1264 1680 1385 1736 sine
1410 1693 1562 1735 mora
1588 1678 1941 1735 advocantes.

1111 1853 1341 1919 CAPUT
1393 1864 1506 1920 XV.

2211 679 2400 735 μενον,
2433 663 2597 718 τοῦτό
2627 666 2796 733 ἐστιν,
2830 665 2919 719 ἵνα
2948 666 3003 721 oi
3036 663 3137 736 τὴν
3166 666 3366 723 εὐκλεᾶ
3406 668 3554 740 ζωὴν
3592 688 3769 745 κατορ-

2206 751 2332 809 θοῦν
2358 753 2626 826 ἑλόμενοι,
2674 754 2776 826 τὴν
2824 754 3104 831 ἀρκοῦσαν
3156 757 3216 813 ιν
3246 757 3421 829 τούτῳ
3459 760 3767 835 προθυμίαν,

2203 845 2281 918 τῷ
2306 846 2519 902 ἑαυτῶν
2546 847 2983 918 ἐγκαταθέμενοι
3013 847 3095 909 νοτ
3123 848 3461 908 διατελῶσιν.

2274 937 2349 995 Τὸ
2390 938 2466 1004 δὲ,
2507 939 2578 994 Ἡ
2607 938 2699 1005 τίς
2728 939 3034 1006 ,βασιλεὺς
3067 942 3469 1010 πορευόμενος
3497 942 3571 1000 ἐν
3614 944 3764 1021 ἑτέρη

2198 1028 2459 1095 ,βασιλεῖ
2501 1029 2839 1098 συμϐαλεῖν
2877 1032 2965 1096 είς
2999 1031 3308 1101 stringor;
3367 1032 3459 1087 καὶ
3507 1034 3577 1090 τὰ
3637 1036 3761 1105 ἑξῆς,

2202 1120 2364 1173 τοῦτο
2391 1120 2667 1191 σημαίνει,
2693 1119 2775 1174 ὅτι
2799 1121 2942 1192 Πρὸς
2957 1122 3053 1186 τὰς
3085 1123 3333 1186 ἐναντίας
3357 1123 3615 1196 δυνάμεις
3634 1129 3770 1182 ἐστὶν

2204 1214 2340 1284 ἡμῖν
2388 1213 2418 1267 ὁ
2455 1213 2629 1282 ἀγὼν,
2676 1213 2862 1277 καθὼς
2894 1215 2922 1266 ὁ
2983 1215 3307 1281 Ἀπόστολός
3340 1234 3542 1289 φησιν·
3602 1219 3680 1276 ἔτι
3724 1222 3773 1274 δὲ

2206 1307 2301 1360 καὶ
2350 1306 2488 1378 πρὸς
2523 1305 2584 1359 τὸ
2635 1306 2891 1377 φρόνημα
2954 1306 3054 1377 τῆς
3093 1308 3315 1376 σαρκός.
3366 1308 3457 1360 Διὸ
3512 1310 3605 1362 τὸν
3656 1312 3773 1365 Θεὸν

2205 1397 2421 1468 ἔχοντες
2450 1397 2666 1469 βοηθὸν,
2696 1397 2966 1475 μηδαμῶς
3001 1398 3131 1469 περὶ⁸
3159 1400 3382 1470 εἰρήνης
3399 1399 3525 1464 τοὺς
3564 1402 3774 1472 ἐχθροὺς

2205 1490 2363 1561 ἡμῶν
2402 1489 2665 1559 δαίμονας
2686 1491 3080 1560 ὲρωτήσωμεν,
3121 1492 3261 1563 ὅπερ
3290 1493 3408 1545 ἐστὶ
3453 1493 3774 1561 δουλωθῆναι

2204 1583 2317 1644 τοῖς
2343 1580 2575 1635 πάθεσιν
2597 1598 2610 1613 ·
2643 1582 2780 1635 ἀλλὰ
2824 1581 3027 1653 μᾶλλον
3066 1584 3415 1654 ἀντιστῶμεν
3456 1585 3661 1652 αὐτοῖς,
3696 1587 3777 1641 τὸν

2205 1673 2467 1745 κραταιὸν
2510 1674 2645 1727 Θεὸν
2685 1674 2844 1744 ἡμῶν
2892 1676 2973 1740 είς
3019 1675 3305 1747 ἀντίληψιν
3355 1677 3635 1750 ὀλοψὺχως
3694 1680 3777 1733 καί

2205 1765 2569 1831 ἀδιαλείπτως
2600 1767 3047 1838 ἐπικαλούμενοι.

2793 1856 3053 1914 ΚΕΦΔΛ.
3101 1860 3201 1914 1Ε’.

585 1976 750 2034 Vens.
777 1975 829 2032 8.
863 1974 936 2030 De
965 1975 1222 2037 drarhma
1257 1976 1330 2035 ita
1364 1975 1606 2045 loquitur
1647 1976 1705 2031 S.
1756 1974 2092 2043 Gregorius:

2272 1964 2407 2036 Περὶ
2434 1967 2532 2037 τῆς
2552 1965 2801 2039 δραχμῆς
2829 1970 3037 2041 φησινὸ
3064 1970 3217 2038 ἆγιος
3249 1972 3556 2047 Γρηγόριος
3587 1974 3773 2043 οὕτως,

513 2066 779 2128 Accendit
821 2066 1103 2123 lucernam
1158 2065 1432 2133 Christus,
1466 2067 1745 2125 evidenter
1786 2080 1942 2124 suam
1976 2079 2099 2119 car—

511 2175 638 2215 nem
669 2159 1088 2231 signiﬁcans,ct
1112 2161 1336 2214 domum
1361 2159 1582 2226 everrit,
1615 2158 1878 2217 mundum
1911 2173 1941 2217 a
1972 2171 2102 2230 pec-

510 2261 636 2313 cato
682 2265 957 2323 purgans;
1006 2250 1325 2313 drachmam
1384 2252 1676 2323 quaesivit,
1718 2253 1770 2308 id
1818 2261 1903 2307 est
1957 2251 2102 2322 regis

509 2347 742 2414 hguram
784 2343 1137 2414 passionibus
1179 2343 1449 2411 deletam;
1494 2354 1548 2400 et
1601 2352 1869 2405 convocat
1895 2343 2103 2403 amicas

508 2434 788 2505 potentias
814 2433 867 2489 in
899 2433 1213 2489 inventione
1240 2432 1533 2502 drachmis,
1560 2445 1613 2491 et
1635 2434 1926 2506 partiripes
1959 2432 2093 2488 facit

510 2542 626 2581 suae
659 2526 883 2594 latitia),
912 2543 1051 2598 quas
1096 2526 1335 2587 instituti
1381 2527 1464 2584 sui
1505 2527 1910 2603 cooperatrices
1957 2526 2099 2583 fece-

508 2628 619 2677 rat.

581 2708 750 2768 Vens.
784 2713 871 2768 Η.
910 2712 1108 2768 Dicens
1141 2712 1409 2770 Dominus
1446 2712 1699 2770 Christus
1728 2715 1937 2769 :Homo
1978 2713 2099 2783 qui-

508 2803 636 2858 dam
658 2804 790 2863 duos
817 2803 982 2872 ﬁlios,
1010 2812 1332 2874 peccatores
1362 2802 1858 2874 indicatetjustos.
1894 2803 2095 2859 Adole-

518 2896 854 2952 scentioretn
889 2913 1022 2953 vero
1062 2897 1195 2957 dicit
1229 2895 1427 2961 (ilium,
1453 2897 1581 2953 'non
1634 2897 1704 2953 ob
1732 2907 1949 2953 aetatem
2000 2897 2099 2953 sed

513 2990 589 3044 ob
616 3004 822 3045 mores.
861 2989 945 3049 Da
974 2989 1105 3043 mihi
1152 2991 1447 3061 portionem
1500 2990 1818 3049 substantia:
1872 3006 1990 3059 quae
2019 3006 2100 3045 me

512 3081 791 3152 contingit,
824 3080 873 3137 id
912 3091 1017 3151 est,
1042 3080 1415 3153 independcns
1447 3083 1569 3139 volo
1608 3098 1730 3139 esse
1756 3090 1811 3137 et
1855 3097 1963 3138 non
1997 3098 2095 3153 pa-

511 3188 634 3233 rere
678 3172 798 3229 tibi.
829 3172 986 3230 Dedit
1028 3184 1210 3232 autem
1243 3174 1319 3231 illi
1345 3186 1498 3247 pater
1522 3175 1665 3247 quod
1693 3175 2087 3245 contingebat,

510 3265 989 3339 independentiam
1021 3276 1115 3322 aut
1142 3268 1312 3343 legem
1346 3268 1672 3327 naturalem.
1713 3267 1938 3337 Peregre
1962 3283 2089 3338 pro-

512 3355 683 3426 fectus
722 3368 823 3423 est,
869 3375 980 3413 non
1022 3358 1203 3413 locum
1256 3357 1352 3412 sed
1406 3357 1747 3415 voluntatem
1784 3366 2029 3420 mutans,
2067 3371 2098 3413 a

508 3448 621 3503 Deo
642 3449 887 3516 recessit,
908 3458 963 3505 et
991 3448 1132 3505 Deus
1155 3465 1376 3520 quoque
1398 3449 1599 3506 abillo.
1634 3448 1929 3519 Dissipavit
1960 3450 2089 3504 sub-

509 3539 767 3593 stantiam
809 3555 984 3605 suam,
1028 3538 1081 3593 id
1130 3547 1235 3605 est,
1273 3539 1581 3594 naturalem
1634 3539 1929 3605 rationem,
1970 3554 2102 3610 pru-

511 3631 777 3697 dentiam.
835 3642 892 3687 et
930 3633 1060 3689 alia.
1110 3630 1275 3688 Facta
1327 3642 1413 3689 est
1456 3641 1637 3688 autem
1674 3632 1753 3687 illi
1803 3631 1976 3689 fames
2001 3648 2101 3687 au-

509 3723 694 3778 diendi
716 3724 941 3781 verbum
988 3722 1102 3779 Dei.
1138 3723 1206 3778 Et
1234 3724 1474 3779 Adhaesit
1502 3724 1597 3778 uui
1639 3725 1834 3779 civium
1871 3724 2100 3796 regionis

510 3814 683 3879 illius,
720 3814 771 3869 id
813 3824 897 3869 est
934 3814 1197 3881 daemoni;
1247 3815 1370 3870 ideo
1400 3812 1552 3868 Misit
1605 3814 1761 3868 illum
1808 3815 1863 3868 in
1917 3814 2100 3869 villam

510 3922 665 3959 suam
715 3915 776 3960 ut
819 3919 1054 3976 pasceret
1089 3924 1299 3977 porcos,
1344 3922 1635 3977 porcorum
1677 3908 1844 3962 vitam
1885 3906 2101 3963 habitu-

509 4013 607 4052 rus
636 4014 651 4052 :
684 3998 758 4052 ita
791 3999 936 4056 enim
973 3998 1540 4057 honorantdaemones
1565 3998 2096 4069 honorantesipsos,

509 4097 563 4144 et
598 4091 858 4160 pascebat
911 4092 1149 4161 porcos!
1189 4089 1554 4147 Veterascens
1583 4091 1729 4146 cnim
1776 4090 1831 4146 in
1866 4091 2103 4155 malitia,

507 4181 837 4251 ﬂagitiorum
880 4182 1072 4237 doctor
1113 4182 1366 4237 eﬂicitur.
1400 4180 1662 4250 Cupiebat
1707 4180 1925 4244 implere
1968 4198 2090 4236 ren-

509 4285 640 4329 trem
674 4292 829 4328 suum
870 4276 932 4329 de
961 4275 1166 4346 siliquis
1206 4291 1339 4346 quas
1386 4275 1535 4342 porci
1576 4273 1994 4336 manducabant.
2050 4282 2099 4327 et

510 4383 661 4422 nemo
701 4366 785 4420 itii
834 4365 1036 4433 dabat;
1066 4366 1117 4420 id
1163 4375 1249 4421 est
1283 4384 1296 4420 :
1329 4365 1468 4420 alios
1510 4364 1654 4420 mala
1702 4364 1932 4429 docens,
1981 4366 2099 4435 ipse

509 4462 784 4521 malorum
840 4474 949 4513 non
985 4459 1293 4514 satietatem
1339 4458 1613 4513 sumebat.
1649 4458 1875 4529 Siliquae
1900 4473 2097 4535 pecca-

506 4560 627 4613 tum
682 4550 950 4614 indicant,
983 4552 1109 4620 quia
1139 4565 1338 4606 suaves
1371 4560 1427 4604 et
1469 4565 1680 4622 asperae
1716 4559 1845 4605 sunt
1886 4550 2011 4615 illze,
2038 4560 2097 4605 nt

506 4651 820 4712 peccatum.
841 4641 911 4696 In
938 4658 993 4695 se
1020 4651 1195 4695 autent
1230 4658 1493 4706 reversus,
1530 4642 1583 4697 id
1616 4651 1701 4697 est
1738 4643 1922 4713 priora
1952 4645 2095 4713 cogi-
2125 4683 2172 4740 D

509 4744 652 4797 tans,
705 4734 883 4789 dixit:
927 4734 1129 4800 Quanti
1183 4735 1496 4789 mercenarii
1544 4736 1717 4802 patris
1771 4737 1873 4789 mei
1919 4737 2092 4791 abun-

506 4824 640 4877 dant
677 4840 832 4893 pane,
886 4824 937 4879 id
981 4833 1084 4888 est,
1133 4822 1432 4878 edocentur
1462 4824 1805 4895 Scripturis!
1858 4825 2092 4897 Surgctts

506 4917 647 4971 venit
695 4918 765 4969 ad
816 4926 1059 4985 patrem;
1111 4931 1345 4987 surgens
1404 4931 1436 4971 a
1494 4917 1775 4986 voluptate
1829 4919 1978 4972 venit
2026 4917 2092 4971 ad

507 5008 705 5064 Deum.
743 5007 875 5064 Cum
901 5019 1077 5063 autem
1110 5010 1283 5063 adhuc
1311 5008 1463 5080 longe
1492 5019 1649 5075 esset,
1681 5010 1731 5064 id
1768 5019 1850 5065 est
1888 5026 2096 5081 praeve-

507 5102 588 5156 nit
617 5100 927 5172 benignitas
968 5101 1383 5170 paenitentiam;
1418 5109 1472 5156 et
1498 5103 1710 5173 reliqua
1738 5104 1940 5159 habent
1973 5118 2096 5175 qua:

504 5198 830 5263 sequuntur.
874 5190 1121 5262 Profer-te
1162 5192 1356 5247 stolam
1389 5194 1643 5263 primam,
1683 5195 1734 5250 id
1774 5206 1877 5262 est,
1908 5195 2094 5253 ﬁdem.

505 5283 576 5337 Et
616 5285 742 5338 dare
778 5284 1032 5338 annulum
1076 5285 1129 5336 in
1182 5284 1443 5354 sigillum,
1480 5285 1531 5340 id
1573 5294 1676 5350 est,
1715 5285 2008 5357 baptisma,
2044 5298 2094 5343 et

504 5376 907 5441 calcet-intenta,
954 5378 1330 5447 evangelicam
1394 5378 1559 5434 viam.
1620 5380 1855 5434 Vitalum
1912 5392 2093 5439 autem

504 5471 835 5540 saginatum,
869 5469 1153 5526 Christum
1193 5470 1539 5527 immolatum
1572 5475 1640 5529 ad
1672 5475 1824 5533 Orbis
1863 5492 2097 5531 conver-

505 5561 741 5618 sionem.
774 5560 845 5617 Et
889 5573 1152 5631 cmperunt
1196 5566 1425 5635 epulari.
1456 5566 1599 5622 Nam
1654 5571 1906 5639 gaudium
1952 5572 2013 5637 ﬁt
2037 5572 2093 5625 in

506 5653 647 5709 cretis
674 5671 831 5723 super
854 5672 961 5711 uno
998 5667 1271 5727 peccatore
1299 5661 1664 5726 paenitentiam
1688 5675 1898 5734 agente.
1933 5664 2091 5733 Quod

507 5754 688 5801 autem
735 5752 1100 5805 murmuravit
1129 5750 1332 5819 scnlor,
1367 5768 1476 5808 non
1506 5753 1767 5809 invidiam
1798 5756 1851 5810 in
1897 5767 2091 5813 sancto

504 5850 628 5892 esse
650 5851 775 5893 cum
812 5850 1127 5908 peccatores
1155 5841 1289 5895 salvi
1313 5842 1471 5908 fiunt,
1506 5846 1601 5900 sed
1636 5849 2089 5914 superabundan-

505 5925 636 5980 tiatn
678 5926 1036 5997 benignitatis
1078 5929 1373 5989 ostendens
1410 5934 1517 5990 hoc
1565 5934 1791 5993 dicitur.
1820 5939 2091 6005 Quoniam

2213 2056 2292 2108 ὅτι
2316 2055 2522 2127 Λύχνον
2551 2054 2656 2129 ἧψε
2684 2060 2939 2129 Χριστὸς,
2963 2061 3209 2131 δηλονότι
3240 2063 3340 2141 τὴν
3368 2066 3567 2121 ἑαυτοῦ
3590 2068 3775 2139 σάρκα,

2209 2148 2301 2201 καὶ
2334 2147 2433 2220 τὴν
2470 2150 2648 2204 οἰκίαν
2696 2151 2967 2223 ἐσάρωσε,
2998 2155 3094 2226 τῆς
3148 2156 3422 2226 ἁμαρτίας
3467 2158 3562 2212 τὸν
3593 2161 3777 2231 κόσμον

2206 2240 2613 2314 ἀποκαθαίρων*
2654 2244 2747 2299 καὶ
2778 2245 2879 2316 τὴν
2932 2245 3183 2320 δραχμὴν
3219 2250 3474 2325 ἐζήτησε,
3513 2253 3613 2324 τὴν
3648 2254 3775 2325 βασιΔ

2206 2333 2364 2406 λικὴν
2396 2337 2582 2390 εἰκόνα
2607 2340 3077 2417 συγκεχωσμένην
3110 2344 3222 2406 τοῖς
3252 2343 3447 2398 πάθεσι
3472 2360 3487 2376 ο
3531 2348 3630 2399 καὶ
3657 2364 3774 2416 συγ-

2207 2428 2360 2481 καλεῖ
2388 2429 2488 2493 τὰς
2527 2430 2690 2498 φίλας
2717 2432 2971 2503 δυνάμεις
3002 2434 3095 2491 ἐπὶ
3121 2437 3188 2509 τῇ
3227 2436 3325 2513 τῆς
3358 2436 3613 2514 δραχμῆς
3636 2440 3775 2511 εὐρέ-

2207 2536 2288 2573 σει
2309 2534 2323 2549 '
2360 2521 2455 2575 καὶ
2480 2525 2779 2588 κοινωνοὺς
2806 2527 3045 2582 ποιεῖται
3082 2528 3182 2601 τῆς
3212 2528 3579 2602 εὐφροσύνης,
3603 2531 3667 2601 ἃς
3692 2532 3778 2586 καὶ

2205 2615 2301 2684 τῆς
2339 2613 2655 2684 οἰκονομίας
2688 2615 2953 2686 μύστιδας
2983 2619 3305 2690 ἐπεποίητο.

2276 2706 2461 2763 Εἰπὼν
2491 2709 2519 2764 ὁ
2558 2709 2843 2787 Δεσπότης
2880 2712 3135 2784 Χριστὸς,
3186 2715 3270 2770 ὅτι
3311 2716 3653 2787 Ἄνθρωπός
3698 2736 3775 2786 τις

2202 2795 2330 2871 εἶχε
2366 2802 2475 2855 δὺο
2514 2801 2714 2870 υἱοὺς,
2767 2805 3132 2880 ἁμαρτωλοὺς
3189 2807 3342 2879 λέγει
3393 2810 3490 2863 καὶ
3527 2810 3773 2875 δικαίους⁸

2203 2894 2471 2967 νεώτερον
2496 2896 2554 2951 δὲ
2585 2897 2734 2968 λέγει
2763 2898 2855 2952 τὸν
2890 2899 3026 2967 υἱὸν,
3058 2901 3119 2954 οὐ
3144 2901 3235 2956 διὰ
3258 2901 3353 2956 τὸν
3399 2902 3619 2974 χρόνον,
3653 2904 3774 2959 ἀλλὰ

2202 2988 2289 3045 διὰ
2317 2991 2410 3044 τὸν
2450 2992 2675 3064 τρόπον.
2711 2993 2784 3048 Te
2821 2993 2903 3060 δὲ,
2941 2995 3054 3061 Δός
3077 3012 3180 3065 μοι
3224 2996 3292 3051 τὸ
3321 2994 3653 3052 ἐπιϐάλλον
3680 2997 3775 3067 μέ-

2196 3099 2306 3151 ρος
2346 3082 2453 3153 τῆς
2494 3085 2736 3152 οὐσίας,
2759 3084 2880 3139 ἀντὶ
2912 3085 3027 3148 τοῦ,
3059 3085 3418 3156 Αὐτεξούσιος
3449 3086 3626 3143 ἐθέλω
3650 3082 3775 3143 εἶναι

2203 3174 2296 3228 καὶ
2323 3175 2423 3249 οὐχ
2451 3176 2701 3231 ὑπείκειν
2751 3192 2877 3231 σοι’
2916 3176 3088 3234 ἔδωκε
3142 3178 3199 3233 δὲ
3238 3179 3387 3251 αὗτῷ
3418 3182 3451 3235 6η
3500 3180 3681 3254 πατὴρ
3720 3181 3779 3234 τὸ

2204 3261 2515 3328 ἐπιϐάλλον,
2547 3266 2647 3337 τὴν
2675 3264 3160 3337 αὒτεξουσιότητα,
3193 3269 3288 3323 τὴν
3332 3273 3567 3342 φυσικὸν
3600 3272 3772 3343 νόμον.

2205 3352 2278 3406 Τὸ
2330 3353 2409 3418 δὲ,
2467 3353 2926 3424 Ἀπεδήμησεν,
2967 3357 3027 3410 οὐ
3076 3359 3316 3426 τοπικῶς
3362 3362 3603 3431 νοήσεις,
3653 3360 3774 3415 ἀλλὰ

2205 3446 2630 3517 πρωιρετικῶς·
2689 3449 2799 3503 ἀπὸ
2844 3448 2982 3504 Θεοῦ
3031 3451 3267 3527 ἀπέστη,
3327 3454 3431 3508 καὶ
3463 3456 3492 3508 ὁ
3520 3453 3651 3519 Θεὸς
3691 3451 3774 3507 ἀπ’

2204 3539 2393 3594 αὐτοῦ.
2430 3540 2504 3593 Τὸ
2533 3541 2610 3608 δὲ,
2648 3540 2963 3609 Ἀνήλωσε
2993 3544 3109 3613 τὴν
3136 3547 3359 3601 οὐσίαν
3385 3546 3601 3610 αὑτοῦ,
3636 3563 3773 3599 τουτ-

2205 3632 2343 3695 έστι,
2383 3632 2474 3687 τὸν
2521 3628 2764 3705 ἔμφυτον
2794 3635 3075 3707 λογισμὸν,
3122 3639 3223 3710 τὴν
3272 3640 3652 3711 σωφροσύνην,
3689 3638 3772 3692 καί

2202 3728 2271 3780 τὰ
2301 3726 2453 3796 ἑξῆς.
2503 3728 2702 3799 Γέγονε
2734 3730 2792 3784 δὲ
2824 3730 2976 3801 αὑτῷ
3013 3730 3173 3802 λιμὸς
3214 3730 3309 3785 τοῦ
3348 3731 3585 3785 ἀκοῦσαι
3627 3731 3773 3797 λόγον

2202 3818 2365 3877 Θεοῦ.
2388 3818 2732 3889 Ἕκολλήθη
2758 3820 2846 3888 δὲ,
2876 3822 3032 3895 φησὶ,
3065 3823 3155 3877 ἑνί
3180 3822 3298 3881 τῶν
3321 3823 3605 3888 πολιτῶν,
3622 3823 3773 3894 ἤγουν

2201 3910 2440 3982 δαίμονι.
2468 3912 2578 3979 Διὸ,
2612 3914 2921 3984 Ἔπεμψεν
2949 3918 3037 3980 είς
3057 3914 3199 3983 τοὺς
3219 3915 3443 3985 ἀγροὺς
3475 3914 3666 3972 αὐτοῦ
3678 3912 3771 3980 βδ-

2202 4016 2378 4059 σκειν
2414 4006 2658 4076 χοίρους
2689 4023 2702 4038 ο
2730 4007 2964 4078 χοιρώδη
2997 4006 3111 4077 βίον
3143 4006 3312 4079 ἔχειν.
3348 4005 3538 4071 Οὕτως
3567 4006 3673 4076 γὰρ
3702 4020 3772 4057 τι·

2207 4097 2381 4169 μῶσιν
2404 4099 2455 4152 οἱ
2485 4097 2743 4170 δαίμονες
2790 4100 2917 4164 τοὺς
2954 4101 3235 4171 τιμῶντας
3280 4099 3505 4165 αὐτούς.
3554 4099 3772 4153 Ἔσοσκε

2201 4191 2259 4247 δὲ
2284 4190 2539 4267 χοίρουςο
2568 4192 2827 4269 χρονίσας
2854 4193 2967 4267 γὰρ
2994 4195 3060 4267 τῇ
3091 4193 3287 4265 κακίᾳ,
3321 4194 3417 4248 καὶ
3464 4191 3771 4252 διδάσκαλος

2202 4285 2442 4349 ἀσωτίας
2476 4284 2709 4354 γίνεται.
2747 4287 2821 4345 Τὸ
2845 4286 2927 4349 δὲ,
2980 4285 3297 4356 Ἐπεθύμει
3341 4286 3411 4341 ἐκ
3448 4284 3571 4340 τῶν
3614 4300 3771 4352 κερα-

2203 4374 2347 4428 τίων
2369 4368 2457 4429 ὧν
2481 4375 2702 4444 ἤσθιον
2720 4378 2774 4431 οἱ
2798 4375 3009 4445 χοῖροι,
3035 4376 3351 4444 καὶοὺδεὶς
3375 4376 3580 4432 ἐδίδου
3604 4374 3767 4439 αὐτῷ,

2200 4466 2361 4521 τοῦτό
2388 4469 2535 4523 ἐστιν
2562 4469 2645 4523 ὃτι
2671 4469 2863 4533 ἄλλους
2896 4470 3165 4525 διδάσκων
3191 4472 3258 4525 τὰ
3283 4470 3454 4534 κακὰ,
3489 4469 3649 4533 αὐτὸς
3674 4467 3774 4521 τῶν

2201 4559 2390 4615 κακῶν
2413 4560 2512 4618 οὐκ
2540 4560 2814 4631 ἐλάμϐανε
2853 4561 3034 4637 κόρον.
3081 4562 3328 4634 Κεράτια
3363 4562 3419 4617 δὲ
3458 4561 3556 4635 τὴν
3605 4562 3766 4632 ἁμαρ-

2201 4651 2324 4706 τίαν
2352 4654 2582 4721 εἰκάζει,
2618 4654 2701 4709 ὅτι
2747 4654 2954 4723 γλυκέα
2995 4655 3147 4710 ἐστὶν
3179 4658 3364 4710 ἐκεῖνα
3415 4656 3510 4709 καὶ
3552 4654 3766 4727 τραχέα,

2201 4743 2391 4817 ὥσπερ
2414 4748 2508 4800 καὶ
2612 4747 2879 4818 ἁμαρτία.
2910 4748 3016 4813 Είς
3042 4747 3260 4804 ἑαυτὸν
3291 4746 3360 4801 δὲ
3390 4747 3605 4814 ἐλθὼν,
3629 4742 3771 4798 τοῦτὸ

2200 4837 2341 4902 ἔστι,
2373 4837 2733 4909 λογισάμενος
2770 4839 2841 4893 τὰ
2876 4838 3177 4910 πρότερον,
3218 4836 3424 4893 sinsi“
3462 4841 3648 4894 Πόσοι
3680 4838 3765 4907 μί-

2198 4931 2355 4986 σθιοι
2377 4928 2483 4984 τοῦ
2495 4930 2725 4997 Πατρός
2741 4946 2862 5005 μου
2889 4930 3362 4999 περισσεύουσιν
3382 4930 3576 5001 ἀρτων
3591 4928 3611 4982 .’
3626 4942 3765 4979 τουτ-

2200 5018 2315 5072 έστι
2359 5018 2761 5091 κατηχούμενοι
2811 5018 2920 5075 ἀπὸ
2973 5022 3227 5095 Γραφῶν.
3281 5021 3577 5087 Ἀναστὰς
3636 5016 3765 5091 ἦλθε

2199 5110 2350 5178 πρὸς
2386 5112 2495 5167 τὸν
2526 5112 2774 5180 πατέρα.
2839 5114 3103 5179 Ἀναστὰς
3159 5117 3224 5169 ὲκ
3259 5115 3358 5185 τῆς
3403 5114 3618 5186 ἡδονῆς,
3648 5108 3763 5181 ἦλθε

2199 5202 2340 5272 πρὸς
2362 5204 2455 5259 τὸν
2489 5203 2644 5259 Θεόν.
2679 5204 2808 5260 Ἔτι
2842 5205 2912 5260 δὲ
2941 5206 3130 5263 αὑτοῦ
3159 5206 3397 5277 μακρὰν
3426 5206 3622 5270 ὄντος,
3656 5200 3763 5256 ἀντὶ

2198 5295 2314 5363 τοῦ,
2346 5295 2653 5366 Προέλαόεν
2684 5298 2723 5368 ἡ
2758 5298 3049 5370 εὐεργεσία
3075 5300 3175 5372 τὴν
3212 5299 3524 5370 μετάνοιαν·
3573 5297 3664 5350 καὶ
3705 5292 3763 5345 τὰ
3789 5316 3797 5375 ,ν

2198 5387 2327 5458 ἑξῆς
2361 5388 2473 5460 ἔχει
2513 5389 2613 5460 τὴν
2659 5390 3019 5449 ἀκολουθίαν.
3067 5391 3380 5462 Ἐνέγκατε
3405 5389 3519 5458 τὴν
3542 5384 3761 5452 στολὴν
3792 5388 3793 5391 ‘

2197 5481 2314 5553 τὴν
2349 5485 2611 5555 πρώτην*
2646 5487 2921 5551 τουτέστι,
2976 5488 3077 5558 τὴν
3111 5488 3314 5542 πίστιν.
3347 5485 3454 5541 Καὶ
3501 5485 3634 5538 δότε
3670 5480 3766 5535 τὸν

2196 5575 2553 5644 δακτύλιον,
2578 5578 2683 5651 τὴν
2718 5579 3015 5653 σφραγῖδα,
3074 5578 3324 5635 τουτέστι
3375 5576 3437 5631 τὸ
3474 5576 3756 5647 βάπτισμα.

2197 5667 2308 5723 Καὶ
2360 5669 2742 5741 ὑποδήματα,
2789 5671 2888 5743 τὴν
2934 5671 3305 5742 εὐαγγελικὴν
3334 5670 3474 5724 ὁδόν.
3530 5669 3758 5733 Μόσχον

2194 5761 2253 5814 δὲ
2283 5764 2589 5831 σιτευτὸν,
2615 5764 2707 5819 τὸν
2731 5764 2969 5821 τυθέντα
3012 5763 3249 5836 Χριστὸν
3285 5762 3424 5838 ὑπὲρ
3454 5761 3549 5833 τῆς
3588 5757 3755 5812 οίκου-

2202 5852 2398 5925 μένης,
2420 5855 2520 5927 τὴν
2556 5856 2879 5929 μετάληψιν.
2900 5856 3008 5915 Καὶ
3038 5856 3302 5926 ἤρξαντο
3330 5851 3758 5924 εὐφραίνεσθαι.

2196 5978 2265 5988 —
2288 5947 2452 6015 Χαρὰ
2487 5950 2597 6019 γὰρ
2622 5951 2848 6021 γίνεται
2889 5951 2959 6006 ἐν
2999 5948 3278 6020 οὐρανοῖς
3333 5947 3426 6019 ἐφ’
3472 5945 3559 6003 ἐνὶ
3585 5943 3748 6012 ἀμαρ-
