4026 6410
547 394 685 461 1207

1264 397 1659 460 OPUSCULA
1695 397 2333 460 SCRIPTURISTICA
2381 399 2734 462 INCERTIE
2774 400 3087 464 IETATIS.

3658 399 3769 469 1205

537 505 994 563 taverat.Sinum
1020 521 1150 565 vero
1203 508 1439 565 Abrahm
1491 508 1678 564 divina
1734 511 1843 564 otia
1897 518 2121 567 sanctus

2236 512 2461 577 θέντας·
2489 512 2725 577 κόλπους
2755 513 2813 566 δὲ
2854 511 3129 584 Ἀϐραὰμ,
3163 509 3264 574 τὰς
3302 508 3583 576 θειοτάτας
3614 511 3769 586 λήξεις

536 594 831 667 Dionysius
864 595 1016 652 dicit.

1121 704 1351 761 CAPUT
1390 704 1551 759 XVII.

608 814 773 871 Vens.
804 815 947 871 5.De
974 815 1383 886 antiquioribus
1411 817 1616 871 sanctis
1648 816 1779 871 dicit
1809 817 2120 886 apostolus,

536 907 639 961 Per
662 908 821 975 ﬁdem
844 908 1079 963 vicerunt
1115 924 1312 978 regna:
1344 908 1576 978 apostoli
1608 923 1738 979 ergo
1776 909 1827 961 id
1863 909 2123 975 scientes,

534 1000 726 1054 dicunt
746 1000 964 1054 Christo
987 999 1235 1070 :Adauge
1266 1001 1411 1053 nobis
1430 999 1609 1068 ﬁdem.
1641 998 1753 1055 Non
1771 1006 1964 1068 petunt
1991 1000 2124 1055 sim-

531 1092 746 1161 pliciter
774 1090 953 1156 ﬁdem,
976 1107 1082 1145 non
1111 1092 1253 1145 enim
1273 1102 1428 1145 erant
1452 1091 1717 1156 inﬁdeles,
1744 1093 1835 1146 sed
1862 1106 2117 1162 augmen-

535 1194 648 1237 tum
684 1183 828 1247 ﬁdei,
865 1183 915 1238 id
938 1194 1021 1239 est
1054 1184 1107 1238 in
1141 1183 1245 1238 ﬁde
1264 1184 1756 1239 conlirmationem.

611 1367 771 1424 Vens.
825 1370 877 1424 7.
929 1369 1059 1435 Quis
1100 1386 1164 1423 ex
1201 1370 1343 1424 vobis
1389 1370 1587 1426 habens
1632 1387 1838 1425 servum
1898 1387 2122 1441 pascen-

538 1468 677 1527 tem;
713 1470 890 1517 etc....
919 1460 1090 1515 Docet
1127 1460 1212 1515 his
1242 1461 1543 1516 Dominieae
1562 1461 1908 1517 auctoritatis
1945 1470 2123 1528 potes.

541 1562 708 1607 tatem
727 1553 1046 1607 utdebitum
1080 1567 1296 1622 semper
1319 1568 1349 1607 a
1373 1553 1594 1609 famulis
1623 1553 1993 1609 obedientiam
2013 1554 2126 1607 exi-

536 1658 704 1713 gere;
750 1659 857 1699 non
890 1644 1062 1710 enim,
1097 1645 1191 1709 ait,
1218 1646 1449 1714 gratiam
1476 1660 1597 1701 esse
1640 1645 1898 1701 fatebitur
1926 1647 2025 1703 etsi
2056 1648 2131 1702 ab

537 1734 631 1789 illo
676 1733 880 1790 factum
911 1735 1233 1807 fueritquod
1262 1737 1375 1791 ﬁeri
1398 1737 1707 1806 oportebat,
1740 1738 1833 1793 sed
1874 1754 1983 1793 non
2011 1740 2122 1793 im-

2227 605 2254 655 ὀ
2285 603 2440 672 ἅγιος
2474 604 2749 667 Διονύσιος
2781 604 2955 672 λέγει.

2813 713 3071 768 ΚΕΦΑΛ.
3106 709 3208 766 IZ'.

2299 824 2421 876 ’Ότι
2448 821 2577 893 περὶ
2602 822 2711 876 τῶν
2735 818 3105 893 ἀρχαιοτέρων
3143 819 3315 889 ἁγίων
3368 820 3534 891 φησιν
3560 822 3587 874 δ
3638 823 3776 879 Ἀπό-

2229 915 2437 978 στολος·
2460 915 2566 969 Διὰ
2606 915 2868 980 πίστεως
2920 914 3406 985 κατηγωνίσΜο
3461 915 3777 983 βασιλείας.

2225 1010 2289 1061 Οἱ
2314 1008 2603 1062 ἀπόστολοι
2636 1005 2729 1059 οῦν
2755 1005 2914 1061 τοῦτο
2942 1007 3163 1073 εἰδότες,
3196 1005 3414 1075 λέγουσι
3447 1005 3527 1077 τῷ
3556 1007 3775 1081 Χριστῷ·

2226 1100 2493 1168 Πρόσθες
2515 1099 2660 1167 ἡμῖν
2678 1099 2908 1153 πίστιν.
2929 1098 3047 1152 Οὐκ
3074 1098 3286 1153 αἰτοῦσι
3305 1098 3361 1152 δὲ
3382 1098 3566 1152 πίστιν
3589 1100 3772 1165 ἀπλῶςο

2226 1194 2284 1246 οὐ
2321 1193 2430 1262 γὰρ
2484 1187 2624 1260 ἦσαν
2678 1190 2922 1245 ἄπιστον
2972 1189 3112 1244 ἀλλά
3170 1190 3493 1262 προσθήκην
3544 1190 3776 1257 πὶστεως,

2224 1282 2475 1336 τουτέστι
2507 1282 2607 1351 τὴν
2647 1280 2727 1341 εἰς
2756 1279 2915 1332 τοῦτο
2948 1279 3266 1349 βεϐαίωσιν.

2302 1374 2422 1427 Ὅτι
2478 1373 2561 1437 τὸ,
2628 1374 2723 1438 Τίς
2758 1371 2826 1437 ἐξ
2875 1371 3044 1440 ὑμῶν
3081 1370 3309 1426 δοῦλον
3357 1372 3516 1440 ἔχων
3572 1372 3782 1441 ποιμαί-

2227 1482 2433 1529 νοντα,
2464 1465 2657 1519 καὶτὰ
2714 1465 2863 1535 ἑξῆς,
2911 1464 3154 1518 διδάσκει
3205 1464 3287 1519 δτι
3326 1465 3427 1535 τῆς
3474 1465 3783 1535 Δεσποτικῆς

2227 1556 2479 1623 ἐξουσίας
2511 1557 2544 1625 ἡ
2575 1555 2808 1624 δύναμις
2837 1557 2913 1620 ὡς
2943 1556 3169 1626 ὄφλημα
3209 1554 3486 1627 πανταχοῦ
3523 1554 3666 1626 παρὰ
3695 1554 3784 1608 τῶν

2227 1648 2458 1703 οἰκετῶν
2486 1647 2642 1719 ζητεῖ
2678 1648 2778 1720 τὴν
2804 1648 3111 1720 ὑποταγὴν.
3144 1647 3220 1701 Οὐ
3252 1647 3362 1718 γὰρ
3408 1647 3588 1718 χάριν,
3620 1647 3781 1716 φησιν,

2229 1741 2580 1812 ὁμολογήσει,
2607 1742 2713 1796 κᾶν
2738 1742 2790 1795 εἰ
2817 1742 3028 1811 γίνοιτο
3061 1740 3194 1811 παρ’
3215 1740 3383 1796 αὐτοῦ
3409 1742 3522 1794 πᾶν
3547 1741 3676 1810 ὅπερ
3700 1741 3781 1793 ἔδει

536 1826 731 1896 plenti,
746 1827 1048 1897 periculum
1083 1837 1163 1882 est
1184 1846 1197 1895 ;
1215 1829 1460 1898 implenti
1479 1838 1685 1894 autem,
1718 1830 1866 1884 nulla
1886 1830 2121 1887 habetur

2231 1833 2503 1903 γενέσθαι’
2540 1830 2678 1887 ἀλλά
2716 1832 2792 1903 μὴ
2829 1832 3169 1904 πληροῦντος
3200 1832 3325 1904 μὲν,
3372 1832 3635 1896 κίνδυνος·
3660 1833 3780 1901 πλη-

539 1920 738 1987 gratia.

618 2010 784 2065 Vens.
829 2011 917 2067 21.
974 2011 1242 2066 Dicenda:
1286 2011 1521 2081 Regnum
1550 2012 1641 2067 Dei
1692 2015 1839 2069 intra
1887 2031 1975 2068 vos
2023 2024 2122 2078 est,

538 2102 670 2171 quid
706 2103 923 2156 innuit?
967 2104 1025 2156 In
1069 2104 1273 2158 nostris
1322 2117 1518 2175 nempe
1550 2120 1674 2161 esse
1722 2106 2125 2171 voluntatibus,

538 2193 668 2246 illud
708 2209 933 2263 regnum
958 2194 1183 2264 eligere.

614 2283 776 2336 Vens.
810 2284 900 2337 22.
924 2283 1065 2349 Quid
1116 2284 1298 2341 dicere
1326 2285 1715 2343 vultChristus
1737 2303 1861 2343 cum
1886 2288 1995 2343 ait:
2027 2288 2129 2343 Ve-

536 2373 683 2427 nieut
709 2374 818 2429 dies
836 2375 1048 2444 quando
1065 2375 1437 2431 desiderabitis
1456 2376 1627 2432 videre
1646 2393 1809 2431 unum
1828 2377 1969 2432 diem
1992 2375 2128 2431 Filii

536 2464 787 2531 hominis,
810 2474 859 2519 et
883 2482 986 2520 non
1016 2467 1303 2521 videbitis?
1333 2466 1387 2523 ιιι
1411 2477 1514 2531 est,
1545 2468 1664 2539 ejus
1700 2470 1752 2524 in
1791 2478 1938 2524 terra
1992 2484 2126 2525 con-

537 2554 866 2609 versationis
896 2572 911 2621 ;
944 2556 1197 2625 quamvis
1221 2555 1415 2610 ultimo
1455 2571 1588 2611 cum
1623 2556 1715 2611 illo
1758 2555 1932 2611 futuri
1967 2557 2126 2612 estis.

537 2642 654 2699 Hoc
701 2656 884 2698 autem
936 2645 1075 2700 dixit
1119 2644 1189 2700 ob
1226 2645 1614 2702 tribulationes
1662 2661 1801 2717 quas
1857 2645 2131 2703 debebant

540 2735 817 2791 sustinere
851 2751 880 2789 a
919 2736 1193 2807 tyrannis.

1090 2843 1346 2917 CAPUT;
1380 2846 1571 2903 xvut.

612 2956 778 3013 Vens.
805 2955 1011 3023 2.Quis
1039 2972 1163 3015 esse
1185 2967 1367 3029 potest
1396 2960 1486 3015 hic
1507 2960 1674 3029 iudex
1708 2959 1894 3015 ?dicat
1924 2959 2128 3015 David:

2231 1925 2458 1995 ροῦντος
2489 1923 2567 1984 δὲ,
2602 1922 2831 1993 οὐδεμία
2862 1922 3014 1976 ἔσται
3044 1923 3226 1994 χάρις.

2313 2017 2402 2070 Ἐν
2431 2014 2508 2085 τῷ
2539 2016 2746 2084 λέγειν,
2782 2016 2867 2069 ὅτι
2904 2015 2976 2070 Ἣ
2990 2014 3284 2080 βασιλεία
3308 2012 3417 2069 τοῦ
3460 2014 3610 2068 Θεοῦ
3636 2013 3786 2078 ἐντὸς

2228 2110 2397 2179 ὑμῶν
2424 2108 2580 2172 ἐστι,
2632 2107 2686 2160 τί
2722 2108 2899 2176 λέγει;
2945 2107 3066 2160 Ὅτι
3128 2106 3218 2160 Ἐν
3264 2108 3385 2168 ταῖς
3427 2106 3786 2177 προαιρέσεσιν

2229 2202 2405 2273 ὑμῶν,
2439 2201 2597 2272 φησὶ,
2630 2203 2810 2255 κεῖται
2837 2200 2899 2254 τὸ
2930 2198 3260 2265 ἐκλέξασθαι
3285 2198 3517 2271 ταύτην.

2300 2295 2368 2348 Ti
2386 2293 2567 2364 λέγειν
2592 2292 2843 2363 βούλεται
2874 2292 3110 2364 Χριστὸς
3138 2290 3215 2346 ὅτ’
3246 2291 3314 2345 ἂν
3341 2292 3415 2363 φῇ
3438 2308 3455 2324 ο
3505 2290 3786 2346 Ἐλεύσον-

2229 2404 2324 2441 ται
2345 2386 2559 2456 ήμέραι
2590 2385 2689 2440 ὅτε
2710 2384 3117 2454 ἐπιθυμήσετε
3129 2384 3280 2454 μίαν
3302 2381 3422 2439 τῶν
3449 2383 3683 2452 ἡμερῶν
3699 2380 3787 2435 τοῦ

2238 2478 2375 2533 Υιοῦ
2402 2476 2509 2533 τοῦ
2531 2476 2850 2546 ἀνθρώπου
2878 2475 3048 2541 ἰδεῖν,
3080 2473 3180 2529 καὶ
3209 2475 3320 2531 οὐκ
3350 2474 3581 2543 ὄψεσθε
3599 2489 3619 2539 ;
3640 2472 3787 2525 Τουτ-

2230 2572 2365 2631 έστι,
2414 2570 2514 2641 τῆς
2557 2570 2651 2622 ἐπὶ
2685 2569 2789 2639 γῆς
2826 2567 3205 2639 συνδιαγωγῆς
3243 2566 3436 2621 αὐτοῦ·
3495 2565 3670 2621 καίτοι
3709 2562 3788 2617 καὶ

2230 2664 2461 2734 ἔσχατον
2491 2663 2745 2726 συνόντες
2771 2661 2953 2733 αὐτῷ’
2979 2660 3139 2716 τοῦτο
3170 2662 3229 2716 δὲ
3260 2661 3413 2731 ἔλεγε
3446 2660 3538 2715 διά
3569 2658 3665 2723 τὰς
3688 2656 3787 2712 θλί-

2229 2757 2354 2826 ψεις
2382 2755 2450 2820 ἃς
2480 2744 2708 2825 ἔμελλον
2734 2753 3032 2824 ὑπομένειν
3066 2754 3174 2809 ὑπὸ
3206 2754 3316 2809 τῶν
3341 2754 3644 2825 τυράννων.

2816 2862 3072 2919 ΚΕΦΔΛ.
3117 2865 3229 2920 ιη’.

2303 2938 2459 3035 Τίθᾶν
2489 2978 2577 3047 ειη
2597 2978 2627 3031 ὀ
2654 2975 2851 3048 κριτὴς
2880 2968 3063 3041 οὗτοςς
3096 2973 3323 3043 Λεγέτω
3345 2974 3513 3027 Δαδιδ
3531 2989 3546 3003 ·
3579 2972 3641 3025 '0
3664 2971 3789 3037 Θεὸς

539 3045 684 3102 Deus
703 3047 868 3119 iudex
883 3049 1092 3119 justus,
1128 3051 1284 3118 fortis
1312 3060 1360 3105 et
1380 3054 1618 3122 patiens;
1646 3062 1707 3107 ut
1746 3052 1924 3107 audiri
1953 3061 2126 3123 potest

2232 3070 2443 3140 κριτὴς
2476 3045 2709 3135 δίκαιοξ
2737 3045 2836 3123 κάι
2874 3068 3129 3139 ισχυρὸς
3164 3069 3262 3121 καὶ
3292 3069 3693 3137 μακρόθυμος·
3728 3064 3787 3125 ὡς

538 3139 703 3194 etiam
724 3140 952 3197 dicens:
994 3140 1173 3212 Neque
1198 3146 1263 3196 ab
1284 3159 1496 3213 egressu
1526 3144 1674 3211 solis,
1707 3160 1870 3215 neque
1933 3144 1999 3197 ab
2038 3160 2120 3199 oe-

539 3249 689 3298 easu,
714 3249 875 3304 neque
896 3250 928 3287 a
948 3233 1168 3289 desertis
1194 3235 1481 3301 montibus,
1503 3237 1752 3306 quoniam
1780 3234 1920 3291 Deus
1931 3236 2126 3306 iudex,

542 3334 648 3380 est.
682 3325 857 3381 Habet
893 3334 1079 3382 autem
1127 3328 1285 3398 quasi
1321 3329 1603 3398 propriam
1641 3329 1917 3385 civitatem
1951 3329 2125 3396 Deus,

538 3431 837 3486 quamnam
857 3417 1003 3473 illam
1024 3416 1379 3476 ?Eeclesiam.
1403 3418 1654 3475 Gloriosa
1665 3421 1812 3475 dicta
1830 3430 1954 3475 sunt
1970 3421 2036 3476 de
2054 3432 2125 3486 te,

539 3505 729 3560 civitas
767 3506 883 3564 Dei.
902 3506 1008 3562 Ista
1036 3508 1231 3565 civitas
1255 3510 1487 3566 imitatio
1519 3519 1602 3567 est
1625 3511 1864 3568 caelestis
1889 3512 2129 3568 civitatis

536 3594 859 3654 Jerusalem.
890 3599 1058 3654 Deum
1080 3614 1188 3656 non
1211 3600 1454 3667 timebat,
1477 3618 1653 3673 neque
1679 3603 1953 3658 hominem
1975 3617 2130 3659 reve-

538 3690 802 3745 rebatur:
840 3690 987 3747 Deus
1010 3694 1156 3747 enim
1191 3708 1303 3749 non
1339 3693 1509 3749 Deum
1535 3695 1698 3749 habet
1726 3710 1891 3765 quem
1915 3695 2125 3761 timeat,

541 3785 1012 3853 nequeﬂiominem
1043 3802 1205 3856 quem
1235 3797 1543 3843 revereatur
1564 3802 1958 3858 ;personarum
1984 3788 2126 3844 enim

540 3877 790 3945 acceptio
818 3890 931 3929 non
957 3884 1042 3931 est
1070 3878 1212 3947 apud
1258 3878 1435 3933 illum.

614 4074 781 4130 Vens.
807 4076 859 4130 5.
884 4075 1079 4132 Ornnis
1103 4078 1284 4132 anima
1312 4078 1366 4130 in
1391 4075 1634 4133 Ecclesia
1659 4079 1842 4132 calum
1854 4078 2124 4134 uiatorem

539 4171 719 4225 virum
744 4186 869 4225 cum
902 4171 1187 4240 reliquerit
1222 4181 1276 4226 et
1303 4171 1581 4241 reiecerit,
1612 4179 1669 4226 et
1697 4170 1983 4227 Christum
2010 4188 2127 4227 am-

539 4261 700 4333 plexa
732 4262 914 4327 fuerit,
940 4263 1101 4318 vidua
1125 4271 1229 4331 est,
1249 4273 1303 4318 et
1326 4263 1587 4318 sollicitat
1609 4264 1758 4319 omni
1776 4264 1866 4319 die
1890 4272 1947 4318 et
1969 4274 2129 4319 nocte

538 4355 805 4423 indicem,
839 4355 1053 4411 dicens:
1101 4354 1333 4410 Vindiea
1367 4371 1453 4411 me
1501 4357 1571 4411 ab
1620 4356 1938 4413 adversario
1982 4372 2125 4412 meo.

541 4446 677 4513 Quis
707 4454 790 4502 est
818 4456 1001 4502 autem
1042 4446 1132 4501 hic
1163 4446 1521 4503 adversarius
1545 4448 1753 4514 icontra
1804 4462 1966 4518 quem
2005 4463 2130 4517 pre-

2233 3164 2381 3219 εστιν
2414 3161 2581 3217 αὐτοῦ
2622 3161 2856 3217 ἀκοῦσαι
2891 3162 2987 3215 καὶ
3037 3161 3202 3216 πάλιν
3233 3161 3511 3228 λέγοντος,
3544 3161 3622 3213 ὅτι
3662 3159 3787 3213 Οὔτε

2232 3254 2301 3319 ἐξ
2333 3253 2583 3319 ἐξόδων,
2616 3254 2757 3308 οὔτε
2783 3252 2905 3307 ἀπὸ
2950 3250 3219 3323 δυσμῶν,
3259 3251 3398 3305 οὔτε
3422 3250 3547 3304 ἀπὸ
3585 3247 3788 3318 ἐρήμων

2231 3344 2438 3415 ὀρέων,
2495 3346 2589 3399 ὅτι
2621 3347 2653 3400 ό
2699 3343 2845 3411 Θεὸς
2871 3344 3081 3413 κριτής
3099 3344 3293 3399 ἐστιν·
3322 3343 3435 3413 ἔχει
3467 3342 3526 3396 δὲ
3553 3342 3626 3403 ὡς
3658 3338 3791 3393 πόλιν

2235 3439 2373 3493 ἰδίαν
2404 3441 2433 3493 ὁ
2463 3438 2597 3501 Θεὸς
2628 3478 2643 3503 ,
2694 3437 2857 3493 ποίαν
2896 3436 3138 3508 sati-tm;
3176 3438 3289 3507 Τὴν
3331 3434 3674 3506 Ἐκκλησίαν.
3703 3432 3786 3485 Δε-

2229 3529 2575 3599 δοεασμένα
2593 3528 2864 3597 ἐλαλήθη
2894 3529 3029 3599 περὶ
3058 3529 3197 3593 σοῦ,
3230 3529 3270 3598 ἢ
3297 3530 3483 3593 πόλις
3505 3527 3610 3583 τοῦ
3639 3524 3783 3582 Θεοῦ.

2227 3621 2377 3693 Αὕτη
2410 3624 2444 3694 ἡ
2482 3622 2638 3687 πόλις
2691 3622 2922 3693 μιμημά
2954 3623 3071 3674 ὲστι
3114 3620 3213 3690 τῆς
3263 3619 3673 3692 οὐρανοπόλεως
3703 3616 3785 3669 Ἰευ

2232 3718 2538 3789 ρουσαλήμ.
2573 3718 2730 3787 Μήτε
2764 3717 2899 3771 Θεὸν
2934 3716 3296 3787 φοϐούμενος,
3330 3716 3473 3786 μήτε
3524 3714 3784 3785 ἄνθρωπον

2228 3808 2648 3880 ἐντρεπόμενος·
2677 3809 2705 3860 ὁ
2736 3808 2846 3879 γὰρ
2873 3806 3007 3869 Θεὸς
3040 3805 3164 3860 οὔτε
3213 3805 3348 3859 Θεὸν
3390 3804 3506 3876 ἔχει
3548 3804 3606 3859 δν
3642 3802 3786 3874 cpqu-

2230 3905 2496 3975 θήσεται,
2525 3902 2646 3957 οὐδὲ
2698 3902 2987 3973 ἄνθρωπον
3032 3902 3095 3956 ὃν
3139 3902 3549 3972 ὲντραπήσεται
3575 3915 3589 3931 ·
3644 3912 3785 3969 προσ-

2229 3996 2521 4068 ωποληψια
2554 3997 2666 4068 γὰρ
2684 3995 2786 4050 οὐκ
2811 3995 2928 4049 ἔστι
2965 3996 3097 4067 παρ’
3132 3994 3303 4066 αὐτῷ.

2302 4094 2458 4147 Πᾶσα
2494 4090 2641 4163 ψυχὴ
2680 4089 3114 4161 ὲκκλησιαστικὴ
3164 4089 3198 4159 ἡ
3245 4088 3338 4143 τόν
3386 4104 3527 4141 ποτε
3574 4082 3788 4141 διάϐολον

2227 4184 2398 4255 ἄνδρα
2428 4184 2637 4239 ἐάσασα
2672 4183 2766 4236 καὶ
2792 4181 3169 4254 ἀπορρίψασα,
3198 4179 3294 4233 κα)⁵
3332 4180 3570 4251 Χριστὸν
3598 4180 3785 4243 ὲνστερ·

2229 4277 2521 4349 νισαμένη,
2563 4278 2708 4347 χήρα
2751 4274 3033 4344 τυγχάνει,
3074 4276 3170 4329 καὶ
3210 4273 3391 4327 δέεται
3423 4273 3550 4327 καθ’
3578 4273 3783 4336 ἑκάστην

2228 4371 2446 4443 ἡμέραν
2473 4372 2567 4424 καὶ
2600 4369 2772 4424 νύκτα
2814 4368 2909 4422 τοῦ
2937 4366 3151 4439 κριτοῦ,
3189 4367 3455 4441 λέγουσα·
3501 4360 3787 4433 Ἐκδίκησόν

2236 4483 2304 4538 με
2331 4466 2440 4520 ἀπὸ
2470 4462 2566 4518 τοῦ
2596 4462 2870 4518 ἀντιδίκου
2896 4479 3019 4533 μου.
3052 4459 3149 4524 Τίς
3174 4459 3219 4513 δ’
3250 4459 3319 4514 ἂν
3345 4459 3431 4532 εἴη
3477 4460 3507 4513 ὁ
3551 4457 3784 4515 ἀντίδικος

545 4552 743 4593 camur
775 4548 934 4593 nocte
960 4552 1026 4592 ac
1042 4538 1328 4593 die?dicat
1356 4538 1637 4607 apostolus
1670 4539 1899 4595 Petrus:
1920 4537 2126 4605 Filioli,

2236 4560 2359 4613 καθ’
2406 4550 2469 4611 οὗ
2508 4555 2783 4628 εὐχόμεθα
2828 4553 3021 4618 νυκτὸς
3070 4552 3165 4607 καὶ
3212 4553 3458 4624 ἡμέρας
3519 4550 3724 4619 Λεγέτω
3763 4546 3784 4596 ὁ

542 4631 882 4684 aduersarius
932 4640 1097 4684 uester
1129 4630 1397 4695 diabolus,
1428 4640 1485 4684 ut
1539 4631 1620 4684 leo
1675 4632 1887 4701 rugiens
1934 4634 2129 4687 circuit

540 4736 783 4791 quwrens
832 4736 985 4790 quem
1010 4720 1245 4774 devoret.

613 4910 781 4968 Vens.
836 4912 890 4966 ϐ.
930 4909 1104 4967 Judex
1147 4910 1474 4982 iniquitatis,
1533 4926 1641 4967 non
1696 4911 2009 4983 estlDeus,
2071 4922 2130 4966 ut

542 5005 700 5060 multi
722 5004 979 5075 loquaces
995 5005 1207 5069 dicunt,
1228 5004 1321 5061 sed
1340 5004 1562 5076 quidam
1584 5005 1877 5076 eratjudex
1903 5005 2129 5075 iniquus

540 5097 595 5152 in
628 5095 725 5151 illo
748 5104 1013 5166 tempore,
1046 5094 1552 5168 utChrysostomus
1575 5095 1774 5165 inquit,
1804 5097 1858 5151 in
1876 5112 2039 5166 quem
2060 5112 2125 5151 ex

538 5192 660 5261 ipso
689 5189 1007 5261 parabolam
1049 5189 1268 5245 instruit
1303 5188 1581 5245 Christus.
1640 5188 1769 5244 Vult
1813 5202 1997 5245 autem
2034 5205 2131 5259 per

540 5283 593 5337 id
635 5283 928 5339 ostendere
962 5295 1071 5337 non
1103 5282 1434 5337 cessandum
1464 5296 1589 5338 esse
1617 5282 1686 5338 ab
1718 5282 1990 5337 oratione.
2034 5281 2128 5337 Di-

540 5375 714 5431 cenda
727 5390 879 5444 vero,
906 5372 1117 5441 Quanto
1130 5376 1302 5446 magis
1322 5373 1484 5429 Pater
1499 5391 1581 5430 ves
1589 5384 1666 5429 ter
1680 5375 1931 5439 catestis,
1948 5376 2122 5430 alium

541 5482 666 5524 esse
682 5470 931 5540 iniquum
945 5470 1208 5539 judicem,
1232 5469 1402 5524 alium
1421 5483 1544 5525 esse
1578 5468 1751 5525 Deum
1766 5468 1995 5525 iudicat.
2017 5468 2121 5524 Sed

538 5575 666 5615 eum
695 5561 1029 5616 intellexeris
1056 5562 1226 5617 Deum
1254 5576 1379 5618 esse
1394 5562 1640 5632 iudicem
1672 5561 1999 5633 iniquitatis,
2023 5578 2131 5619 non

544 5651 767 5707 timebis
789 5653 976 5708 dicere
1006 5653 1158 5708 illum
1186 5669 1308 5710 esse
1333 5653 1573 5723 iudicem
1606 5653 1913 5727 iniquitatis
1940 5666 1995 5712 et
2018 5670 2126 5712 non

546 5740 800 5809 iustitia:
831 5743 991 5799 Iusto
1025 5746 1164 5802 enim
1197 5747 1281 5802 (ex
1301 5763 1404 5801 non
1426 5748 1659 5803 exsistit.

2234 4651 2531 4713 ἀπόστολος
2560 4650 2797 4720 Πέτρος·
2836 4647 3067 4711 Τεκνία,
3104 4648 3137 4700 ό
3165 4646 3471 4711 ἀντίδικος
3499 4642 3660 4714 ὑμῶν
3682 4636 3784 4692 διά-

2236 4746 2435 4809 ϐολος,
2462 4741 2544 4808 ὡς
2575 4740 2733 4795 ,λέων
2766 4739 3107 4808 ὼρυόμενος
3142 4736 3436 4807 διέρχεται
3465 4734 3648 4804 ζητῶν
3677 4742 3784 4785 τινα

2234 4831 2569 4887 καταπιεῖν.

2307 4927 2429 4980 Ὅτι
2461 4927 2489 4979 ὁ
2521 4925 2714 4995 κριτὴς
2742 4924 2842 4993 τῆς
2870 4922 3105 4987 ἀδικίας,
3143 4921 3245 4975 οὐκ
3293 4921 3444 4976 ἔστιν
3488 4923 3517 4974 ὁ
3560 4918 3701 4983 Θεὸς,
3725 4915 3783 4975 ὡς

2234 5018 2283 5069 οἱ
2313 5014 2500 5069 πολλοὶ¹
2533 5013 2899 5085 φλυαροῦντες
2929 5012 3209 5081 λέγουσιν·
3243 5011 3380 5065 ἀλλά
3407 5029 3493 5076 τις
3529 5008 3595 5082 ἦν
3618 5005 3781 5078 κριτὴς

2236 5105 2420 5168 ἄδικος
2452 5104 2572 5158 κατ’
2620 5104 2799 5158 ἐκεῖνο
2842 5102 3058 5173 καιροῦ,
3086 5103 3161 5167 ὡς
3194 5105 3222 5156 ὁ
3242 5102 3622 5173 Χρυσόστομος
3642 5099 3782 5165 λέγει,

2238 5196 2376 5268 πρὸς
2400 5195 2458 5248 ὃν
2488 5195 2551 5260 ὲξ
2592 5192 2761 5249 αὐτοῦ
2805 5192 2903 5265 τὴν
2931 5194 3251 5265 παραϐολὴν
3284 5195 3521 5248 ποιεῖται
3552 5189 3780 5265 Χριστός

2241 5287 2489 5359 βούλεται
2537 5286 2597 5340 δὲ
2642 5285 2730 5340 διὰ
2775 5286 2964 5339 τούτου
3012 5286 3207 5351 δεῖξαι,
3245 5285 3319 5357 μὴ
3358 5287 3613 5339 έκκακεῖν
3651 5283 3702 5334 ὲν
3722 5276 3781 5347 τῷ

2237 5377 2657 5450 προσεύχεσθαι.
2702 5377 2793 5431 Ἐν
2813 5376 2871 5431 δὲ
2915 5379 2994 5449 τῷ
3037 5377 3238 5447 λέγειν,
3273 5380 3452 5444 Πόσῳ
3501 5375 3722 5448 μᾶλλον
3755 5370 3781 5422 δ

2236 5471 2441 5540 [latim
2470 5470 2639 5540 ὑμῶν
2672 5473 2705 5525 ό
2738 5469 3017 5539 οὐράνιος
3048 5472 3067 5525 .'
3118 5471 3277 5526 ἄλλον
3310 5467 3451 5525 εἶναι
3493 5472 3583 5525 τὸν
3628 5467 3781 5523 ἄδικον

2238 5563 2453 5637 κριτὴν,
2495 5563 2591 5617 καὶ
2624 5564 2785 5618 ἄλλον
2831 5564 2923 5617 τὸν
2964 5564 3119 5618 Θεὸν.
3165 5563 3309 5619 Ἀλλ’
3334 5564 3427 5617 ὅτε
3459 5562 3684 5632 ἀκούσῃς
3708 5554 3779 5608 τὸν

2237 5657 2372 5713 Θεὸν
2396 5655 2592 5728 κριτὴν
2629 5656 2867 5724 ἀδικίας,
2911 5657 2987 5727 μὴ
3017 5656 3260 5729 φοϐηθῇς
3288 5657 3463 5711 εἰπεῖν
3491 5653 3643 5710 αὐτὸν
3678 5665 3778 5720 κρι-

2237 5751 2337 5821 τὴν
2362 5747 2597 5815 ἀδικίας,
2630 5746 2729 5804 καὶ
2761 5749 2821 5803 οὐ
2847 5748 3222 5821 δικαιοσύνηςο
3251 5751 3465 5815 Δικαίῳ
3489 5748 3594 5820 γὰρ
3621 5743 3773 5813 νόμος

2243 5846 2312 5900 οὐ
2334 5840 2545 5897 κεῖται.
