4026 6436
317 432 464 501 1209
1419 436 1748 498 SCHOLIA
1779 439 2076 504 VETERA
2107 445 2190 506 IN
2224 447 2510 511 LUC’AM.

325 455 464 501 IZUU
1419 455 1748 498 δυΠυἹᾸΛ
1785 455 1872 499 VB

325 591 330 594 .
383 542 490 598 Τοῦ
524 543 823 616 Φαρισαίου
854 541 948 598 καὶ
972 543 1066 598 τοῦ
1105 543 1340 599 τελώνου
1374 545 1410 614 ἡ
1435 545 1720 617 παραϐολὴ
1755 546 1872 601 ὑπο-

1979 455 2076 504 nA
2107 455 2187 506 IN
2224 455 2510 511 LUCAM.
3417 455 3580 530 1-210

2065 551 2232 609 Vens.
2271 553 2358 609 10.
2377 553 2639 612 Pharisaei
2673 563 2726 612 et
2745 557 3022 628 publicani
3051 561 3308 630 parabola
3341 570 3579 624 ostendit

304 635 581 690 δείκνυσιν
613 635 695 688 ὅτι
732 635 1110 704 ἐπιστημόνως
1135 633 1217 688 δεῖ
1244 636 1682 708 προσεύχεσθαι·
1717 635 1872 690 πολλὰ

1997 653 2249 713 oportere
2307 646 2544 703 scienter
2587 663 2766 706 orare.
2807 649 2972 706 Multa
3017 653 3163 708 enim
3222 655 3370 711 illius
3421 670 3579 714 erant

307 722 421 792 γὰρ
465 721 634 776 αὑτοῦ
683 721 752 776 τά
802 721 1142 794 ἐγκλήματα.
1199 723 1512 796 Ἐθαύμασε
1565 725 1676 796 γὰρ
1723 725 1872 789 αὐτὸς

1995 745 2250 806 peccata:
2283 739 2526 810 seipsum
2553 741 2954 810 admirabatur,
2988 753 3044 800 et
3089 745 3296 802 multos
3344 759 3578 806 exteros

305 813 494 875 αὐτὸν.
517 813 616 868 καὶ
653 813 882 878 πολλοὺς
912 815 1132 887 ἐτέρους
1161 815 1257 870 σὺν
1280 815 1356 888 τῷ
1387 816 1604 892 τελώνῃ,
1626 819 1886 889 κατέκρι-

1991 845 2114 882 cum
2145 831 2872 900 publicanocondemnabat.
2906 834 3108 890 Verum
3134 838 3300 909 igitur
3316 850 3400 895 est
3429 843 3576 912 quod

305 921 419 958 νεν.
459 903 684 974 Ἀληθές
725 899 819 958 οὖν
857 904 922 958 τδ
953 906 1340 978 γεγραμμένον
1366 909 1551 980 ῥητὸν,
1591 911 1678 964 ὅτι
1711 910 1872 964 Ἔστι

1995 922 2258 990 scriptum
2289 933 2374 978 est
2410 929 2636 980 verbum
2664 966 2678 990 ,
2717 925 2906 980 Justus
2945 928 3082 997 perit
3111 899 3399 998 inviustitia
3447 899 3576 986 ενα.

303 995 538 1062 δίκαιος
561 995 988 1066 ἀπολλύμενος
1009 997 1080 1052 ἐν
1103 998 1311 1067 δικαίῳ
1343 1002 1552 1057 αὐτοῦ.

379 1085 500 1140 Ὅτι
530 1085 646 1150 πῶς
674 1087 704 1140 6
739 1089 839 1156 μὲν
865 1089 1158 1160 Φαρισαῖος
1186 1091 1746 1166 μεγαλορῤημονήσας
1791 1096 1888 1148 ἐπὶ.

2072 1101 2230 1159 Vens.
2257 1104 2342 1158 14.
2365 1105 2656 1172 Quomodo
2681 1106 2994 1164 Pharisaeus
3009 1109 3227 1178 quidem
3247 1112 3572 1180 superbiens

301 1180 417 1242 τοῖς
463 1178 685 1243 οἰκείοις
737 1180 1070 1252 δικαιώμασι
1119 1183 1538 1254 κατακέκριται,
1587 1187 1622 1240 6
1652 1179 1872 1242 δι”ιὼε

1990 1190 2046 1246 in
2070 1193 2308 1262 propriis
2332 1193 2562 1264 justitiis
2593 1197 3016 1263 condemnatur,
3049 1197 3152 1252 Job
3177 1178 3357 1254 autem
3395 1203 3448 1256 in
3473 1218 3572 1257 eo-

303 1271 402 1324 ἐπὶ
430 1272 603 1340 τούτῳ
633 1273 781 1344 αύτῷ
810 1275 1010 1344 μᾶλλον
1037 1279 1132 1330 xui.
1155 1277 1536 1346 δεδικαίωται;
1579 1281 1703 1334 Ὀτι
1731 1277 1885 1346 οὗτος

304 1357 409 1429 μὲν
462 1359 688 1429 μηδενὸς
728 1361 1146 1428 ἀντιπίπτοντος
1205 1366 1304 1420 καὶ
1364 1368 1791 1438 παρακινοῦντος
1847 1372 1882 1443 ἢ

299 1449 666 1522 ἐρεθίζοντος,
711 1456 1212 1526 μεγαλορῤημονεῖ·
1249 1459 1278 1511 6
1307 1458 1364 1512 δὲ
1394 1462 1454 1513 ἐν
1497 1460 1596 1531 μὲν
1624 1461 1704 1533 τῷ
1733 1464 1885 1518 εὐδο-

299 1545 512 1612 κιμεῖν,
563 1543 798 1614 ικρυδεν
842 1545 1069 1614 ἑαυτόνο
1104 1548 1162 1600 ἐν
1212 1547 1271 1602 δὲ
1325 1549 1402 1620 τῷ
1455 1555 1882 1626 κατηγορεῖσθαι

298 1634 408 1688 ὑπὸ
442 1634 538 1688 τοῦ
584 1635 812 1706 Ἐλιφάζ
850 1635 884 1708 ἢ
916 1637 1012 1690 τοῦ
1052 1639 1318 1705 διαϐόλου,
1347 1641 1640 1698 ἀποδύεται
1671 1646 1738 1699 τὰ
1761 1646 1881 1699 ἐπι-

295 1726 577 1798 φερόμενα
608 1727 950 1799 ἐγκλήματα.
986 1730 1132 1802 (Τοῦ
1159 1733 1644 1804 Πηλουσιὼτου.)

371 1818 494 1870 Ὅτι
525 1817 674 1887 λέγει
694 1821 722 1873 6
739 1821 1154 1894 εύαγγελιστὴς,
1167 1825 1250 1877 ὅτι
1274 1825 1466 1880 οὐδὲν
1484 1829 1710 1884 τούτων
1729 1847 1880 1886 συν-

1986 1281 2108 1336 dem
2127 1284 2302 1348 magis
2321 1281 2680 1352 iustiﬁcetur?
2702 1287 2838 1354 Quia
2861 1287 2952 1344 ille
2973 1288 3192 1358 quidem
3213 1290 3432 1346 nemine
3447 1305 3573 1344 con-

1987 1373 2291 1428 tradicente
2337 1374 2422 1428 vel
2440 1377 2695 1431 turbante
2721 1386 2812 1432 aut
2840 1379 3138 1446 excitante,
3171 1381 3458 1451 superbit;
3481 1380 3572 1436 hic

1987 1477 2116 1518 vero
2150 1478 2278 1518 cum
2300 1464 2554 1520 laudatur
2590 1481 2650 1520 se
2670 1467 2988 1537 abscondit;
3015 1478 3070 1526 et
3111 1487 3234 1526 cum
3263 1481 3560 1526 accusatur

1987 1556 2055 1609 ab
2072 1556 2300 1626 Eliphsz
2324 1557 2406 1610 vel
2438 1573 2468 1614 a
2487 1558 2728 1624 diabolo,
2763 1559 2914 1616 illata
2940 1563 3168 1618 crimina
3197 1565 3428 1634 repellit.
3450 1563 3504 1634 (1
3511 1574 3567 1618 ια

1985 1646 2314 1718 Pclusiota.)

2053 1828 2220 1885 Vens.
2255 1831 2344 1886 3i.
2381 1831 2522 1886 Dicit
2557 1834 2890 1903 evangelista
2923 1849 2940 1889 :
2977 1835 3134 1890 Nihil
3168 1836 3360 1890 Irarum
3406 1837 3567 1892 intel-

291 1907 479 1978 ἦκαν,
508 1910 648 1966 ἀλλ’
679 1907 756 1982 ἦν
781 1911 959 1968 τοῦτο
997 1915 1064 1969 τὸ
1087 1891 1256 1986 ῥῆμα
1311 1922 1732 1990 κεκριμμένον
1776 1925 1872 1980 da.”

1982 1923 2245 1986 (exerunt,
2275 1922 2366 1976 sed
2391 1933 2507 1977 erat
2537 1924 2748 1978 verbum
2779 1925 2923 1979 istud
2965 1925 3340 1982 absconditum
3369 1929 3433 1982 ab
3463 1930 3570 1983 eis.

289 2000 515 2068 αὐτῶν,
547 2001 718 2073 ἤγουν
756 2004 885 2078 περὶ
915 2005 1012 2076 τῆς
1036 2006 1405 2072 ἀναστάσεως.
1437 2009 1536 2062 Διά
1555 2011 1878 2084 τί;Ὲπειδὴ

287 2091 509 2146 οὐδέπω
565 2093 788 2164 ᾔδεισαν
837 2097 1084 2166 ἀκριϐῶς
1129 2098 1196 2151 τὰ
1230 2100 1382 2170 παρὰ
1426 2101 1536 2155 τῶν
1583 2104 1878 2175 προφητῶν

287 2183 383 2238 ἐπ’
407 2185 558 2256 αὐτῷ
588 2186 882 2258 λεγόμενα,
909 2187 984 2251 ὡς
1009 2189 1202 2254 ἁλιεῖς.

361 2279 494 2332 Ὀτι
519 2281 548 2332 6
572 2279 774 2349 τυφλὸς
821 2281 1038 2336 ἀκούων
1079 2282 1190 2335 τῶν
1230 2283 1486 2355 Γραφῶν,
1519 2286 1614 2340 καὶ
1644 2288 1752 2341 ἀπὸ
1780 2288 1874 2343 τοῦ

285 2371 460 2426 Δαϐὶδ
505 2373 598 2426 καὶ
639 2373 771 2427 Θεὸν
815 2371 964 2446 εἶχεν
1002 2376 1185 2440 αὑτὸν,
1237 2377 1331 2430 καὶ
1390 2379 1876 2450 ἐπιστομιζόμενος

283 2465 396 2518 οὐκ
426 2465 626 2518 ἔπαυεν
649 2481 661 2496 ·
695 2465 817 2520 ὅθεν
847 2470 941 2520 καὶ
975 2467 1198 2522 ἀκούει·
1246 2467 1318 2523 Ἦ
1361 2471 1564 2537 πίστις
1607 2487 1725 2526 σου
1774 2472 1876 2527 σέ-

283 2561 454 2615 σωκέ
483 2577 556 2614 σε
577 2577 590 2591 ·
617 2559 810 2630 ἀφίησι
840 2559 897 2612 δὲ
924 2561 1086 2614 αὑτὸν
1114 2560 1298 2615 λαλεῖν
1341 2561 1436 2614 καὶ
1467 2561 1618 2633 βοᾷν,
1642 2562 1742 2634 τὴν
1780 2563 1874 2616 πί-

283 2672 414 2708 στιν
442 2653 608 2708 αὑτοῦ
641 2653 902 2708 δεικνύων
933 2656 1045 2718 τοῖς
1074 2653 1351 2710 συνοῦσιν.

357 2747 489 2802 ὀτι
537 2745 656 2816 φῶς
701 2744 925 2815 γέγονεν
967 2747 1000 2818 ἡ
1047 2747 1199 2816 φωνὴ
1229 2745 1307 2818 τῷ
1347 2747 1565 2818 τυφλῷ·
1598 2747 1663 2802 ἐκ
1696 2749 1874 2818 φωτὸς

279 2839 398 2910 γὰρ
437 2833 507 2909 ἦν
556 2839 586 2892 6
615 2837 772 2908 λόγος
817 2837 1109 2908 ἀληθινοῦ*
1151 2831 1308 2902 οὗτος
1359 2839 1530 2903 ἰαθεὶς
1590 2840 1875 2910 ἠκολούθει

281 2928 349 2984 αὖ
357 2927 456 3000 τῷ.

859 3021 1115 3076 ΚΕΦΑΛ.
1165 3022 1266 3076 ΙΘν.

355 3128 460 3184 Διά
487 3129 540 3184 τί
577 3131 608 3184 6
635 3131 904 3201 Ζακχαῖος
952 3133 980 3184 6
1008 3130 1248 3203 τελώνης
1295 3131 1701 3204 ὑποδεξάμενος
1731 3137 1874 3206 Χρι-

1985 2012 2040 2068 ld
2083 2024 2186 2080 εει,
2219 2015 2286 2070 de
2317 2015 2956 2085 resurrectione,quare?
2979 2015 3118 2084 Quia
3149 2020 3389 2074 nondum
3419 2030 3567 2075 recte

1981 2107 2228 2162 sciebant
2279 2123 2400 2175 qua:
2450 2106 2518 2161 de
2545 2106 2656 2174 [illo
2691 2121 2722 2160 a
2762 2109 3046 2178 prophetis
3093 2107 3437 2176 dicebantur,
3475 2118 3564 2164 ut-

1981 2205 2108 2268 pote
2149 2198 2470 2266 piscatores.

2051 2287 2216 2344 Vens.
2250 2289 2339 2344 55.
2371 2288 2559 2346 Cacus
2591 2291 2822 2346 audiens
2847 2290 3186 2362 Scripturas,
3206 2290 3358 2344 illum
3387 2301 3443 2345 ut
3473 2290 3563 2346 Fi-

1979 2377 2110 2432 lium
2132 2375 2300 2432 David
2324 2387 2378 2434 et
2399 2377 2570 2434 Deum
2589 2379 2799 2447 habuit,
2821 2390 2876 2435 et
2902 2383 3140 2436 clama-re
3170 2396 3278 2436 non
3298 2383 3562 2436 cessavit.

1979 2465 2133 2524 Unde
2152 2468 2322 2536 audit,
2351 2467 2512 2525 Fides
2535 2483 2630 2526 tua
2657 2483 2706 2527 te
2725 2473 2931 2527 salvum
2951 2474 3096 2543 fecit.
3137 2473 3278 2528 Sinit
3310 2488 3434 2526 eum
3457 2490 3559 2526 au-

1977 2569 2085 2616 tem
2124 2563 2272 2634 loqui
2299 2571 2353 2618 et
2377 2564 2638 2630 clamare,
2669 2575 2728 2622 ut
2755 2567 3006 2622 ostendat
3048 2567 3410 2638 praesentibus
3436 2567 3560 2636 ejus

1977 2653 2162 2708 ﬁdem.

2047 2743 2214 2800 Vens.
2234 2743 2326 2799 ιε.
2347 2743 2465 2800 Lux
2493 2744 2634 2802 facta
2657 2754 2740 2802 est
2769 2761 2871 2800 vox
2895 2762 2996 2802 sua
3022 2763 3188 2814 casco,
3207 2763 3238 2804 e
3261 2749 3383 2803 luce
3407 2748 3554 2802 enim

1975 2845 2094 2892 erat
2118 2837 2367 2893 veritatis
2393 2853 2598 2893 sermo.
2631 2839 2738 2894 Iste
2763 2849 2994 2896 sanatus
3031 2841 3368 2912 sequebatur
3398 2855 3552 2894 eum.

2565 3021 2800 3080 CAPUT
2831 3021 2979 3077 XIX.

2049 3129 2214 3186 Vens.
2247 3131 2303 3188 8.
2339 3131 2452 3187 Cur
2485 3131 2754 3187 Zachzeus
2783 3133 3114 3202 publicanus
3147 3131 3242 3203 qui
3275 3130 3558 3187 Christum

287 3224 433 3285 στὸν,
477 3224 590 3285 τοῖς
631 3221 984 3293 ἠδικημένοις
1015 3223 1354 3294 τετραπλοῦν
1391 3225 1675 3293 ἀπέδωκες
1711 3227 1869 3281 Κατὰ

1979 3222 2205 3292 excepit,
2257 3221 2344 3275 his
2388 3237 2529 3290 quos
2565 3221 2913 3277 deiraudavit
2953 3221 3320 3291 quadruplum
3343 3219 3556 3275 reddit?

284 3312 376 3367 τὸν
404 3315 572 3383 νόμον
603 3313 762 3367 τοῦτο
788 3311 1085 3384 πεποίηκε,
1127 3315 1222 3368 τὸν
1248 3313 1540 3368 κελεύοντα
1587 3317 1708 3370 ἀντὶ
1749 3316 1870 3382 ἑνὸς

283 3408 528 3477 τέσσαρα
597 3403 847 3476 πρόϐατα
890 3405 1256 3460 ἀποτιννύειν.
1327 3406 1388 3460 ὐ
1449 3406 1550 3476 μέν
1597 3409 1868 3479 Ζακχαῖος

284 3497 500 3566 ἀγνοῶν
537 3495 566 3549 δ
595 3495 790 3560 ἐποίει,
831 3495 1022 3566 θερμῷ
1067 3495 1216 3567 ζήλῳ
1270 3496 1572 3568 φερόμενος
1609 3499 1704 3553 καὶ
1737 3499 1868 3570 θείῳ

287 3589 454 3661 ἔρωτι
501 3587 854 3660 φλεγόμενος,
887 3589 980 3642 ἐπὶ
1031 3589 1372 3661 συκομορέαν
1401 3591 1690 3662 ἀνέτρεχεν
1711 3610 1724 3622 ·
1756 3595 1784 3646 6
1811 3593 1868 3646 δέ

285 3697 348 3750 γε
385 3678 598 3751 Κύριος
629 3680 891 3750 μυστικόν
925 3697 976 3734 τι
1011 3681 1320 3754 θεωρήσας,
1356 3681 1548 3752 ἔλεγε·
1583 3683 1870 3754 Κατάὸηθι

288 3770 564 3836 ἐντεῦθεν,
601 3771 873 3842 κατάϐηθι
903 3773 1013 3826 ἀπὺ
1040 3773 1138 3841 τῆς
1197 3775 1538 3845 συκομορὲας
1557 3789 1572 3806 ο
1601 3775 1870 3847 μνήσθητι

286 3860 368 3913 ὅτι
389 3861 420 3914 6
452 3857 624 3929 Ἀδὰμ
641 3860 976 3931 γυμνωθεὶς,
1003 3861 1220 3933 ύπὶτὴν
1249 3863 1422 3934 συκῆν
1443 3863 1744 3935 ἐκρύπτετο
1761 3881 1778 3898 ο
1805 3866 1870 3919 σὺ

289 3952 462 4006 θέλων
496 3951 760 4023 σωθῆναι,
807 3953 901 4006 ἐπὶ
953 3955 1126 4024 συκῆν
1174 3955 1248 4026 μὴ
1305 3957 1576 4027 ἀνάτρεχε
1595 3975 1612 3990 ο
1668 3957 1752 4012 δεῖ
1801 3975 1872 4028 με

286 4044 448 4098 τοῦτο
499 4044 564 4098 τδ
611 4047 917 4117 συκόμορον
963 4045 1213 4117 ξηρᾶναι,
1281 4047 1378 4101 καὶ
1421 4047 1552 4103 ἄλλο
1603 4051 1872 4119 φυτεῦσαι

289 4138 714 4207 οταυρόχριστον
741 4136 978 4210 δένδρον.

365 4227 430 4280 '0
469 4227 671 4291 σκοπὸς
698 4229 798 4298 τῆς
827 4229 1110 4302 παρούσης
1153 4234 1494 4305 παραϐολῆς,
1538 4237 1670 4310 ὃλην
1717 4253 1868 4310 παρ·-

289 4321 414 4391 ιστᾷ
427 4323 525 4390 τῆς
549 4321 792 4391 Χριστοῦ
817 4324 1132 4395 οἰκονομίας
1151 4325 1252 4398 τὴν
1276 4327 1529 4398 δύναμιν.
1550 4329 1871 4402 Ἀνθρωπος

285 4413 394 4481 γὰρ
425 4411 500 4464 ὢν
545 4413 712 4483 ἀνέϐη
767 4414 958 4470 λαϐεῖν
1015 4417 1195 4488 ἑαυτῷ
1254 4418 1569 4489 βασιλείαν·
1627 4423 1870 4492 δηλονότι

285 4503 768 4588 ἐνανθρωνπήσαντι
814 4507 894 4577 τῷ
919 4507 1034 4579 Υῑῷ
1062 4511 1090 4563 ό
1123 4511 1312 4582 Πατήρ
1355 4513 1450 4568 καὶ
1477 4515 1509 4586 ἡ
1543 4513 1638 4569 τοῦ
1689 4515 1866 4586 Λόγου

287 4597 588 4660 ὑπόστασις
625 4596 828 4652 δέδωκε
879 4598 956 4675 τῷ
1004 4600 1398 4672 προσλήμματι
1437 4605 1536 4675 τὴν
1567 4603 1864 4675 βασιλείαν.

287 4689 348 4741 Οί
371 4689 431 4742 δέ
461 4687 750 4758 μισοῦντες
775 4673 1018 4744 αύτδνόἱ
1047 4691 1283 4758 πολῖται,
1310 4693 1463 4748 αὐτοί
1485 4673 1626 4749 εἰσιν
1653 4699 1704 4751 oi
1741 4697 1872 4751 Ἰου-

285 4775 449 4832 δαῖοι.
501 4778 696 4843 Ποίους
728 4778 786 4832 δὲ
835 4778 1061 4844 δούλους
1091 4780 1328 4846 καλέσας
1371 4783 1584 4848 τούτοις
1629 4785 1868 4856 διένειμε

285 4869 386 4934 τὰς
417 4871 556 4926 δίκα
588 4873 759 4941 μνᾶς;
782 4873 922 4936 Τοὺς
953 4872 1194 4938 τελείους
1237 4874 1336 4945 τὴν
1363 4875 1499 4944 ἕξιν,
1515 4879 1644 4940 τοὺς
1700 4895 1872 4948 μυστ-

287 4964 528 5033 αγωγεῖν
581 4962 806 5034 ἐτέρους
859 4964 1098 5028 εἰδότας·
1137 4967 1580 5039 ὑποστρέψαντος
1639 4971 1776 5040 μετὰ
1807 4971 1870 5025 τὸ

288 5051 474 5108 λαϐεῖν
501 5055 602 5128 τὴν
647 5056 932 5125 βασιλείαν
975 5058 1072 5112 τοῦ
1111 5059 1402 5130 ἀνθρώπου
1451 5061 1546 5115 τοῦ
1579 5061 1868 5132 εὐγενοῦς,

289 5145 544 5214 εὐγενοῦς
569 5147 658 5202 διὰ
683 5148 782 5220 τὴν
812 5147 1044 5220 θεότητα
1073 5149 1246 5218 δντος,
1279 5153 1679 5224 ἐντρυφήσουσι
1709 5155 1870 5208 65m-

289 5239 689 5305 πλασιάσαντες
737 5241 830 5296 καὶ
872 5243 1469 5308 πενταπλασιάσαντες.
1531 5247 1746 5301 Ἐπάνω
1775 5243 1869 5301 οῦν

288 5331 420 5387 δέκα
446 5333 654 5388 πόλεων
679 5335 712 5405 ἢ
742 5337 902 5389 πέντε
930 5337 1286 5405 γενήσονται·
1315 5339 1580 5403 τουτέστι,
1605 5339 1869 5411 δοξασθή-

293 5439 474 5479 σονται
522 5425 786 5490 πλειόνως
827 5427 861 5498 ἦ
909 5426 1202 5499 πρότερον·
1241 5429 1432 5499 ἀτιμία
1467 5429 1524 5483 δέ
1552 5429 1706 5485 ἔσται
1757 5433 1869 5496 τοῖς

290 5513 434 5586 ὄκνῳ
459 5516 750 5588 νικηθεῖσι.
786 5517 878 5587 Τῷ
914 5518 972 5572 δὲ
1005 5518 1276 5589 κρύψαντε
1307 5519 1369 5573 τὸ
1399 5520 1676 5589 τάλαντον,
1712 5539 1866 5576 τουτ-

292 5604 408 5660 ἐστι
430 5611 530 5678 τὴν
555 5609 718 5678 χάριν
761 5609 826 5680 ἣν
854 5610 1086 5674 ἕκαστος
1115 5609 1296 5676 ἔλαϐε,
1339 5611 1516 5680 λέγει’
1546 5613 1646 5667 Διά
1674 5613 1732 5667 τί
1753 5615 1866 5678 τοῖς

291 5697 672 5765 τραπεζίταις;
720 5697 1006 5762 τουτέστι,
1057 5697 1158 5751 Διά
1205 5699 1258 5753 τί
1299 5699 1374 5770 μὴ
1419 5699 1740 5772 προῦθηκας
1786 5703 1868 5764 είς

293 5785 592 5843 ἀπόλαυσιν
631 5789 742 5853 τοῖς
787 5783 848 5844 εὗ
885 5789 1048 5844 εἰδόσι
1090 5789 1406 5860 δοκιμάζειν
1445 5791 1512 5846 τὰ
1544 5791 1694 5860 παρὰ
1734 5791 1862 5860 eoi};

308 5874 448 5946 Ἐγὼ
479 5881 586 5953 γὰρ
610 5877 803 5944 ἐλθὼν,
829 5877 1042 5950 ἔπραξα
1075 5879 1162 5945 ἂν,
1201 5879 1360 5935 τοῦτό
1393 5879 1860 5952 ἐστι’),Ὰπῄτησα

1977 3310 2287 3368 Secundum
2318 3311 2490 3383 legem
2523 3311 2627 3366 hoc
2667 3311 2798 3366 fecit
2835 3311 3243 3382 praecipientem
3295 3323 3395 3380 pro
3440 3323 3550 3364 una

1971 3411 2210 3477 quatuor
2243 3417 2374 3459 oves
2431 3403 2666 3459 solvere.
2714 3403 2978 3459 Zachaaus
3016 3401 3239 3474 quidem
3305 3401 3560 3456 nesciens

1971 3497 2114 3567 quod
2155 3495 2370 3566 agebat,
2403 3495 2618 3550 ardenti
2667 3495 2783 3550 zelo
2833 3505 3017 3550 motus
3043 3505 3096 3549 et
3135 3493 3324 3548 divino
3364 3507 3554 3546 amore

1971 3589 2228 3660 ﬂagrans,
2257 3589 2310 3642 in
2345 3602 2689 3659 sycomorum
2740 3585 3010 3642 ascendit.
3061 3583 3326 3640 Dominus
3369 3593 3550 3637 autem

1973 3683 2357 3752 mysteriosum
2380 3679 2509 3748 quid
2532 3692 2764 3733 cernens
2783 3677 2940 3733 dixit.
2973 3675 3251 3731 Descende
3275 3675 3422 3740 inde,
3459 3675 3556 3728 de-

1975 3773 2176 3828 scende
2209 3787 2237 3826 a
2257 3785 2584 3840 sycomoro:
2612 3778 2888 3825 memento
2910 3769 3082 3824 Adam
3115 3768 3407 3831 nudatum,
3451 3767 3555 3822 sub

1975 3867 2080 3920 ﬁcu
2113 3881 2173 3921 se
2204 3863 2596 3925 abscondisse:
2627 3873 2684 3917 tu
2705 3863 2897 3918 volens
2922 3862 3146 3928 salvari,
3171 3861 3224 3914 in
3257 3859 3416 3915 ﬁcum
3445 3873 3556 3912 non

1973 3959 2210 4014 ascende
2237 3974 2251 4011 :
2274 3965 2491 4026 Oportet
2531 3971 2621 4010 me
2659 3955 2800 4010 hanc
2831 3969 3182 4025 sycomorum
3227 3952 3438 4006 siccare
3460 3993 3475 4017 ,
3501 3963 3554 4005 ct

1974 4049 2139 4104 aliam
2169 4048 2418 4118 plantare
2445 4045 2648 4101 Christi
2685 4045 2933 4102 cruciﬁxi
2966 4045 3242 4099 arborem.

2050 4231 2213 4288 Vens.
2249 4229 2336 4286 12.
2371 4229 2718 4300 Propositum
2771 4227 3057 4298 praesentis
3099 4225 3393 4296 parabolae,
3431 4223 3556 4278 uni—

1972 4338 2190 4380 versam
2251 4321 2488 4377 instituti
2537 4318 2744 4375 Christi
2797 4318 3056 4372 virtutem
3099 4315 3342 4371 exhibet.
3380 4313 3556 4369 Homo

1975 4417 2120 4473 enim
2167 4431 2295 4470 cum
2341 4421 2509 4477 esset,
2551 4409 2798 4466 ascendit
2839 4409 3090 4478 accipere
3128 4407 3230 4462 sibi
3277 4421 3550 4476 regnum;

1974 4507 2259 4563 evidenter
2281 4503 2491 4560 homini
2513 4502 2656 4558 facto
2679 4501 2820 4556 Filio
2851 4499 3012 4554 Pater
3043 4507 3100 4553 et
3123 4496 3288 4552 Verbi
3315 4511 3550 4566 persona

1973 4601 2121 4658 dedit
2136 4606 2441 4668 assumptae
2461 4593 2791 4651 humanitati
2813 4591 3234 4662 rcgnum.Cives
3253 4598 3432 4643 autem
3454 4587 3548 4658 qui

1972 4707 2098 4748 eum
2129 4690 2380 4755 oderant,
2403 4687 2577 4743 Judaei
2606 4694 2753 4742 sunt.
2775 4683 2926 4751 Quos
2951 4697 3084 4738 vero
3111 4697 3298 4736 servos
3321 4695 3550 4744 vocans,

1973 4783 2160 4838 divisit
2187 4781 2270 4836 eis
2300 4779 2488 4836 decem
2523 4776 2726 4832 muas?
2775 4774 3056 4832 Perfectos
3087 4773 3359 4836 moribus,
3413 4771 3554 4825 alios

1975 4873 2196 4928 initiare
2225 4872 2484 4928 scientes.
2535 4867 2787 4925 Reverso
2838 4875 2966 4938 post
2995 4875 3278 4936 acceptum
3327 4877 3554 4932 regnum

1973 4965 2195 5021 homine
2225 4963 2420 5029 nobili,
2449 4961 2620 5018 nobili
2651 4959 2876 5032 quidem
2905 4961 2975 5013 ob
2998 4958 3364 5022 divinitatem,
3397 4957 3552 5011 laeta-

1973 5061 2180 5116 buntur
2207 5057 2301 5128 qui
2328 5055 2622 5126 decuplum
2647 5055 2911 5116 fecerant,
2935 5063 2990 5107 et
3019 5052 3114 5121 qui
3156 5049 3550 5121 quintuplum;

1972 5167 2100 5207 nam
2123 5165 2286 5220 super
2309 5149 2494 5204 decem
2515 5145 2870 5217 autquinque
2889 5145 3142 5198 civitates
3177 5145 3338 5198 ﬁent:
3364 5141 3419 5195 id
3443 5149 3550 5202 est,

1973 5242 2436 5300 Gloriﬁcabuntur
2469 5239 2640 5310 magis
2672 5253 2834 5309 quam
2869 5247 3048 5293 antea.
3094 5235 3338 5291 Dedecus
3368 5241 3548 5288 autem

1971 5333 2077 5389 erit
2122 5333 2210 5387 his
2239 5331 2328 5402 qui
2361 5329 2582 5401 pigritia
2615 5327 2852 5399 superati
2881 5337 3032 5383 sunt.
3067 5325 3130 5380 Ei
3163 5325 3260 5396 qui
3287 5324 3548 5378 talentum

1971 5426 2278 5490 abscondit,
2309 5423 2362 5478 id
2393 5429 2479 5478 est
2499 5421 2730 5492 gratiam
2759 5433 2925 5490 quam
2953 5418 3186 5489 quisque
3205 5414 3434 5485 recepit,
3469 5411 3550 5468 di-

1970 5521 2044 5576 cit
2073 5537 2088 5574 :
2119 5517 2300 5586 Quare
2343 5530 2450 5571 non
2482 5513 2680 5569 dedisti
2711 5511 3017 5577 tabulariis,
3053 5509 3108 5564 id
3142 5517 3248 5573 est,
3277 5505 3388 5561 Cur
3439 5519 3546 5561 non

1969 5605 2298 5679 proposuisti
2335 5606 2390 5660 in
2423 5617 2644 5660 usuram
2690 5602 2778 5658 his
2828 5601 2922 5672 qui
2949 5601 3088 5656 bene
3125 5606 3392 5654 noverant
3417 5611 3548 5667 pro.

1971 5699 2102 5755 bare
2127 5711 2249 5769 quae
2269 5703 2428 5752 erant
2457 5695 2601 5766 apud
2646 5694 2730 5748 te?
2762 5693 2876 5763 Ego
2899 5691 3046 5746 enim
3071 5691 3296 5746 veniens
3325 5688 3541 5760 exegis-

1972 5804 2108 5855 sem,
2124 5788 2176 5843 id
2193 5787 2671 5859 est,{ﬂogavissem
2685 5799 2812 5842 cum
2833 5797 3004 5839 usura
3031 5783 3176 5854 quod
3197 5797 3380 5837 meum
3405 5792 3546 5836 erat.

1973 5881 2038 5938 Et
2066 5879 2140 5936 illi
2161 5877 2380 5949 quidem
2401 5879 2544 5934 bona
2568 5883 2918 5948 receperunt;
2943 5873 2996 5930 hi
3032 5883 3214 5931 autem
3231 5873 3324 5944 qui
3361 5872 3544 5928 nolue-
