  <div class='ocr_page' id='page_1' title='image "/cluster/home/n/w/nwhite01/storage/ocr_20150623/106/coo.31924054870104/621.png"; bbox 0 0 4026 6458; ppageno 0'>
   <div class='ocr_carea' id='block_1_1' title="bbox 501 443 3004 514">
    <p class='ocr_par' dir='ltr' id='par_1_1' title="bbox 501 443 3004 514">
     <span class='ocr_line' id='line_1_1' title="bbox 501 443 3004 514; baseline -0.003 -1"><span class='ocrx_word' id='word_1_1' title='bbox 501 448 639 514; x_wconf 74' lang='grc'><strong>1215</strong></span> <span class='ocrx_word' id='word_1_2' title='bbox 1205 449 1595 511; x_wconf 78' lang='lat' dir='ltr'><strong>OPUSCULA</strong></span> <span class='ocrx_word' id='word_1_3' title='bbox 1635 445 2269 506; x_wconf 78' lang='lat' dir='ltr'><strong>SCRIPTURISTICA</strong></span> <span class='ocrx_word' id='word_1_4' title='bbox 2300 443 2649 503; x_wconf 58' lang='lat' dir='ltr'><strong>INCERTZE</strong></span> <span class='ocrx_word' id='word_1_5' title='bbox 2690 443 3004 505; x_wconf 60' lang='lat' dir='ltr'><strong>.ETATIS.</strong></span> 
     </span>
    </p>
   </div>
   <div class='ocr_carea' id='block_1_2' title="bbox 3614 447 3738 514">
    <p class='ocr_par' dir='ltr' id='par_1_2' title="bbox 3614 447 3738 514">
     <span class='ocr_line' id='line_1_2' title="bbox 3614 447 3738 514; baseline 0.024 -3"><span class='ocrx_word' id='word_1_6' title='bbox 3614 447 3738 514; x_wconf 76' lang='grc'><strong>1216</strong></span> 
     </span>
    </p>
   </div>
   <div class='ocr_carea' id='block_1_3' title="bbox 567 559 2092 634">
    <p class='ocr_par' dir='ltr' id='par_1_3' title="bbox 567 563 2074 634">
     <span class='ocr_line' id='line_1_3' title="bbox 567 563 2074 634; baseline -0.002 -14"><span class='ocrx_word' id='word_1_7' title='bbox 567 565 733 621; x_wconf 71' lang='lat' dir='ltr'><strong>Vens.</strong></span> <span class='ocrx_word' id='word_1_8' title='bbox 764 563 856 622; x_wconf 80' lang='lat'><strong>28.</strong></span> <span class='ocrx_word' id='word_1_9' title='bbox 894 564 1007 619; x_wconf 87' lang='lat' dir='ltr'><strong>Cur</strong></span> <span class='ocrx_word' id='word_1_10' title='bbox 1035 565 1277 634; x_wconf 74' lang='lat' dir='ltr'><strong>increpat</strong></span> <span class='ocrx_word' id='word_1_11' title='bbox 1320 563 1510 619; x_wconf 79' lang='lat' dir='ltr'><strong>flentes</strong></span> <span class='ocrx_word' id='word_1_12' title='bbox 1557 563 1819 617; x_wconf 84' lang='lat' dir='ltr'><strong>mulieres</strong></span> <span class='ocrx_word' id='word_1_13' title='bbox 1854 563 2074 633; x_wconf 82' lang='lat' dir='ltr'><strong>quando</strong></span> 
     </span>
    </p>
   </div>
   <div class='ocr_carea' id='block_1_4' title="bbox 2193 559 3736 634">
    <p class='ocr_par' dir='ltr' id='par_1_4' title="bbox 2249 559 3736 630">
     <span class='ocr_line' id='line_1_4' title="bbox 2249 559 3736 630; baseline 0.002 -17"><span class='ocrx_word' id='word_1_14' title='bbox 2249 559 2347 614; x_wconf 79' lang='grc' dir='ltr'><strong>Διὰ</strong></span> <span class='ocrx_word' id='word_1_15' title='bbox 2370 559 2421 612; x_wconf 83' lang='grc' dir='ltr'><strong>τί</strong></span> <span class='ocrx_word' id='word_1_16' title='bbox 2460 561 2691 630; x_wconf 71' lang='grc' dir='ltr'><strong>ἐπιτιμᾷ</strong></span> <span class='ocrx_word' id='word_1_17' title='bbox 2713 559 2811 624; x_wconf 79' lang='grc' dir='ltr'><strong>τὰς</strong></span> <span class='ocrx_word' id='word_1_18' title='bbox 2854 560 3151 624; x_wconf 80' lang='grc' dir='ltr'><strong>κλαιούσας</strong></span> <span class='ocrx_word' id='word_1_19' title='bbox 3206 563 3470 629; x_wconf 73' lang='grc' dir='ltr'><strong>γυναῖκας</strong></span> <span class='ocrx_word' id='word_1_20' title='bbox 3502 562 3592 616; x_wconf 85' lang='grc' dir='ltr'><strong>ὅτε</strong></span> <span class='ocrx_word' id='word_1_21' title='bbox 3653 567 3736 620; x_wconf 68' lang='grc' dir='ltr'><strong>ἐπὶ</strong></span> 
     </span>
    </p>
   </div>
   <div class='ocr_carea' id='block_1_5' title="bbox 499 650 2092 725">
    <p class='ocr_par' dir='ltr' id='par_1_5' title="bbox 499 652 2068 725">
     <span class='ocr_line' id='line_1_5' title="bbox 499 652 2068 725; baseline -0.004 -13"><span class='ocrx_word' id='word_1_22' title='bbox 499 659 566 713; x_wconf 84' lang='lat' dir='ltr'><strong>ad</strong></span> <span class='ocrx_word' id='word_1_23' title='bbox 602 673 815 713; x_wconf 82' lang='lat' dir='ltr'><strong>crucem</strong></span> <span class='ocrx_word' id='word_1_24' title='bbox 867 658 1015 712; x_wconf 84' lang='lat' dir='ltr'><strong>ibat?</strong></span> <span class='ocrx_word' id='word_1_25' title='bbox 1042 656 1109 711; x_wconf 89' lang='lat' dir='ltr'><strong>Ut</strong></span> <span class='ocrx_word' id='word_1_26' title='bbox 1141 655 1502 725; x_wconf 84' lang='grc' dir='ltr'><strong>τροπαιοῦχος</strong></span> <span class='ocrx_word' id='word_1_27' title='bbox 1545 656 1762 710; x_wconf 84' lang='lat' dir='ltr'><strong>mortis.</strong></span> <span class='ocrx_word' id='word_1_28' title='bbox 1796 652 1876 709; x_wconf 86' lang='lat' dir='ltr'><strong>Illi</strong></span> <span class='ocrx_word' id='word_1_29' title='bbox 1922 654 2068 708; x_wconf 90' lang='lat' dir='ltr'><strong>enim</strong></span> 
     </span>
    </p>
   </div>
   <div class='ocr_carea' id='block_1_6' title="bbox 2193 650 3739 725">
    <p class='ocr_par' dir='ltr' id='par_1_6' title="bbox 2193 650 3739 723">
     <span class='ocr_line' id='line_1_6' title="bbox 2193 650 3739 723; baseline 0.004 -19"><span class='ocrx_word' id='word_1_30' title='bbox 2193 652 2266 704; x_wconf 73' lang='grc' dir='ltr'><strong>τὸν</strong></span> <span class='ocrx_word' id='word_1_31' title='bbox 2297 650 2527 721; x_wconf 80' lang='grc' dir='ltr'><strong>σταυρὸν</strong></span> <span class='ocrx_word' id='word_1_32' title='bbox 2550 652 2785 721; x_wconf 79' lang='grc' dir='ltr'><strong>ἦρχετος</strong></span> <span class='ocrx_word' id='word_1_33' title='bbox 2829 651 2915 714; x_wconf 80' lang='grc' dir='ltr'><strong>Ὦς</strong></span> <span class='ocrx_word' id='word_1_34' title='bbox 2952 651 3312 723; x_wconf 83' lang='grc' dir='ltr'><strong>τροπαιοῦχος</strong></span> <span class='ocrx_word' id='word_1_35' title='bbox 3337 653 3430 706; x_wconf 87' lang='grc' dir='ltr'><strong>τοῦ</strong></span> <span class='ocrx_word' id='word_1_36' title='bbox 3472 655 3701 710; x_wconf 80' lang='grc' dir='ltr'><strong>θανάτου</strong></span> <span class='ocrx_word' id='word_1_37' title='bbox 3726 675 3739 689; x_wconf 88' lang='grc'><strong>·</strong></span> 
     </span>
    </p>
   </div>
   <div class='ocr_carea' id='block_1_7' title="bbox 498 743 2092 821">
    <p class='ocr_par' dir='ltr' id='par_1_7' title="bbox 498 746 2070 821">
     <span class='ocr_line' id='line_1_7' title="bbox 498 746 2070 821; baseline -0.004 -16"><span class='ocrx_word' id='word_1_38' title='bbox 498 750 589 821; x_wconf 85' lang='lat' dir='ltr'><strong>qui</strong></span> <span class='ocrx_word' id='word_1_39' title='bbox 620 752 787 805; x_wconf 84' lang='lat' dir='ltr'><strong>invite</strong></span> <span class='ocrx_word' id='word_1_40' title='bbox 818 749 1050 802; x_wconf 89' lang='lat' dir='ltr'><strong>moritur</strong></span> <span class='ocrx_word' id='word_1_41' title='bbox 1072 746 1484 801; x_wconf 78' lang='lat' dir='ltr'><strong>commiseratio</strong></span> <span class='ocrx_word' id='word_1_42' title='bbox 1507 747 1763 801; x_wconf 81' lang='lat' dir='ltr'><strong>solatium</strong></span> <span class='ocrx_word' id='word_1_43' title='bbox 1792 746 1967 817; x_wconf 67' lang='lat' dir='ltr'><strong>amart,</strong></span> <span class='ocrx_word' id='word_1_44' title='bbox 1994 746 2070 799; x_wconf 88' lang='lat' dir='ltr'><strong>illi</strong></span> 
     </span>
    </p>
   </div>
   <div class='ocr_carea' id='block_1_8' title="bbox 2193 743 3737 821">
    <p class='ocr_par' dir='ltr' id='par_1_8' title="bbox 2193 743 3737 818">
     <span class='ocr_line' id='line_1_8' title="bbox 2193 743 3737 818; baseline 0.003 -21"><span class='ocrx_word' id='word_1_45' title='bbox 2193 743 2251 813; x_wconf 77' lang='grc' dir='ltr'><strong>τῷ</strong></span> <span class='ocrx_word' id='word_1_46' title='bbox 2277 744 2376 813; x_wconf 80' lang='grc' dir='ltr'><strong>μὲν</strong></span> <span class='ocrx_word' id='word_1_47' title='bbox 2403 744 2511 812; x_wconf 79' lang='grc' dir='ltr'><strong>γὰρ</strong></span> <span class='ocrx_word' id='word_1_48' title='bbox 2538 743 2722 796; x_wconf 73' lang='grc' dir='ltr'><strong>ἄκοντι</strong></span> <span class='ocrx_word' id='word_1_49' title='bbox 2763 743 3439 816; x_wconf 77' lang='grc' dir='ltr'><strong>συμπάθειαπαράκλησιν</strong></span> <span class='ocrx_word' id='word_1_50' title='bbox 3461 748 3642 818; x_wconf 75' lang='grc' dir='ltr'><strong>φέρει·</strong></span> <span class='ocrx_word' id='word_1_51' title='bbox 3667 750 3737 818; x_wconf 84' lang='grc' dir='ltr'><strong>τῷ</strong></span> 
     </span>
    </p>
   </div>
   <div class='ocr_carea' id='block_1_9' title="bbox 499 838 2075 910">
    <p class='ocr_par' dir='ltr' id='par_1_9' title="bbox 499 838 2075 910">
     <span class='ocr_line' id='line_1_9' title="bbox 499 838 2075 910; baseline -0.002 -15"><span class='ocrx_word' id='word_1_52' title='bbox 499 852 682 897; x_wconf 87' lang='lat' dir='ltr'><strong>autem</strong></span> <span class='ocrx_word' id='word_1_53' title='bbox 728 842 819 910; x_wconf 86' lang='lat' dir='ltr'><strong>qui</strong></span> <span class='ocrx_word' id='word_1_54' title='bbox 851 841 1105 903; x_wconf 86' lang='lat' dir='ltr'><strong>libenter,</strong></span> <span class='ocrx_word' id='word_1_55' title='bbox 1138 841 1390 905; x_wconf 87' lang='lat' dir='ltr'><strong>injuriam</strong></span> <span class='ocrx_word' id='word_1_56' title='bbox 1433 839 1577 892; x_wconf 84' lang='lat' dir='ltr'><strong>facit.</strong></span> <span class='ocrx_word' id='word_1_57' title='bbox 1615 838 1739 893; x_wconf 87' lang='lat' dir='ltr'><strong>Ideo</strong></span> <span class='ocrx_word' id='word_1_58' title='bbox 1771 838 2075 907; x_wconf 80' lang='lat' dir='ltr'><strong>increpavit</strong></span> 
     </span>
    </p>
   </div>
   <div class='ocr_carea' id='block_1_10' title="bbox 498 931 2077 1002">
    <p class='ocr_par' dir='ltr' id='par_1_10' title="bbox 498 931 2077 1002">
     <span class='ocr_line' id='line_1_10' title="bbox 498 931 2077 1002; baseline -0.001 -14"><span class='ocrx_word' id='word_1_59' title='bbox 498 935 639 993; x_wconf 82' lang='lat' dir='ltr'><strong>illas.</strong></span> <span class='ocrx_word' id='word_1_60' title='bbox 687 944 741 987; x_wconf 91' lang='lat' dir='ltr'><strong>et</strong></span> <span class='ocrx_word' id='word_1_61' title='bbox 784 933 963 987; x_wconf 86' lang='lat' dir='ltr'><strong>futura</strong></span> <span class='ocrx_word' id='word_1_62' title='bbox 995 932 1294 986; x_wconf 85' lang='lat' dir='ltr'><strong>evenienda</strong></span> <span class='ocrx_word' id='word_1_63' title='bbox 1343 931 1614 1001; x_wconf 60' lang='lat' dir='ltr'><strong>praedixit,</strong></span> <span class='ocrx_word' id='word_1_64' title='bbox 1647 948 1767 1002; x_wconf 64' lang='lat' dir='ltr'><strong>quae</strong></span> <span class='ocrx_word' id='word_1_65' title='bbox 1798 932 2077 987; x_wconf 63' lang='lat' dir='ltr'><strong>Romano.</strong></span> 
     </span>
    </p>
   </div>
   <div class='ocr_carea' id='block_1_11' title="bbox 500 1025 1121 1079">
    <p class='ocr_par' dir='ltr' id='par_1_11' title="bbox 500 1025 1121 1079">
     <span class='ocr_line' id='line_1_11' title="bbox 500 1025 1121 1079; baseline 0 -1"><span class='ocrx_word' id='word_1_66' title='bbox 500 1042 615 1078; x_wconf 89' lang='lat' dir='ltr'><strong>rum</strong></span> <span class='ocrx_word' id='word_1_67' title='bbox 648 1025 851 1078; x_wconf 88' lang='lat' dir='ltr'><strong>bellum</strong></span> <span class='ocrx_word' id='word_1_68' title='bbox 884 1025 1121 1079; x_wconf 84' lang='lat' dir='ltr'><strong>induxit.</strong></span> 
     </span>
    </p>
   </div>
   <div class='ocr_carea' id='block_1_12' title="bbox 573 1115 2077 1185">
    <p class='ocr_par' dir='ltr' id='par_1_12' title="bbox 573 1115 2077 1185">
     <span class='ocr_line' id='line_1_12' title="bbox 573 1115 2077 1185; baseline 0 -16"><span class='ocrx_word' id='word_1_69' title='bbox 573 1117 732 1170; x_wconf 70' lang='lat' dir='ltr'><strong>Vens.</strong></span> <span class='ocrx_word' id='word_1_70' title='bbox 769 1116 859 1170; x_wconf 80' lang='lat' dir='ltr'><strong>5i.</strong></span> <span class='ocrx_word' id='word_1_71' title='bbox 894 1115 1125 1185; x_wconf 77' lang='lat' dir='ltr'><strong>Lignum</strong></span> <span class='ocrx_word' id='word_1_72' title='bbox 1152 1115 1327 1170; x_wconf 86' lang='lat' dir='ltr'><strong>viride</strong></span> <span class='ocrx_word' id='word_1_73' title='bbox 1364 1117 1607 1185; x_wconf 85' lang='lat' dir='ltr'><strong>scipsum</strong></span> <span class='ocrx_word' id='word_1_74' title='bbox 1646 1116 1798 1180; x_wconf 80' lang='lat' dir='ltr'><strong>dicit,</strong></span> <span class='ocrx_word' id='word_1_75' title='bbox 1840 1116 1911 1171; x_wconf 90' lang='lat' dir='ltr'><strong>ob</strong></span> <span class='ocrx_word' id='word_1_76' title='bbox 1936 1116 2077 1170; x_wconf 89' lang='lat' dir='ltr'><strong>divi-</strong></span> 
     </span>
    </p>
   </div>
   <div class='ocr_carea' id='block_1_13' title="bbox 500 1204 2078 1275">
    <p class='ocr_par' dir='ltr' id='par_1_13' title="bbox 500 1204 2078 1275">
     <span class='ocr_line' id='line_1_13' title="bbox 500 1204 2078 1275; baseline 0.001 -19"><span class='ocrx_word' id='word_1_77' title='bbox 500 1221 623 1258; x_wconf 88' lang='lat' dir='ltr'><strong>nam</strong></span> <span class='ocrx_word' id='word_1_78' title='bbox 656 1206 709 1258; x_wconf 92' lang='lat' dir='ltr'><strong>in</strong></span> <span class='ocrx_word' id='word_1_79' title='bbox 736 1221 838 1260; x_wconf 83' lang='lat' dir='ltr'><strong>suo</strong></span> <span class='ocrx_word' id='word_1_80' title='bbox 864 1221 1095 1275; x_wconf 88' lang='lat' dir='ltr'><strong>corpore</strong></span> <span class='ocrx_word' id='word_1_81' title='bbox 1129 1205 1293 1258; x_wconf 90' lang='lat' dir='ltr'><strong>vitam</strong></span> <span class='ocrx_word' id='word_1_82' title='bbox 1329 1204 1716 1269; x_wconf 85' lang='lat' dir='ltr'><strong>immortalem,</strong></span> <span class='ocrx_word' id='word_1_83' title='bbox 1774 1212 1826 1258; x_wconf 89' lang='lat' dir='ltr'><strong>et</strong></span> <span class='ocrx_word' id='word_1_84' title='bbox 1866 1204 2078 1258; x_wconf 89' lang='lat' dir='ltr'><strong>fructus</strong></span> 
     </span>
    </p>
   </div>
   <div class='ocr_carea' id='block_1_14' title="bbox 500 1297 2078 1369">
    <p class='ocr_par' dir='ltr' id='par_1_14' title="bbox 500 1297 2078 1369">
     <span class='ocr_line' id='line_1_14' title="bbox 500 1297 2078 1369; baseline 0.002 -20"><span class='ocrx_word' id='word_1_85' title='bbox 500 1308 555 1351; x_wconf 81' lang='lat' dir='ltr'><strong>et</strong></span> <span class='ocrx_word' id='word_1_86' title='bbox 588 1298 751 1353; x_wconf 88' lang='lat' dir='ltr'><strong>tlores</strong></span> <span class='ocrx_word' id='word_1_87' title='bbox 780 1300 1196 1369; x_wconf 88' lang='lat' dir='ltr'><strong>producentem.</strong></span> <span class='ocrx_word' id='word_1_88' title='bbox 1225 1297 1381 1363; x_wconf 77' lang='lat' dir='ltr'><strong>Quod</strong></span> <span class='ocrx_word' id='word_1_89' title='bbox 1414 1307 1595 1351; x_wconf 86' lang='lat' dir='ltr'><strong>autem</strong></span> <span class='ocrx_word' id='word_1_90' title='bbox 1626 1297 1780 1359; x_wconf 87' lang='lat' dir='ltr'><strong>dicit.</strong></span> <span class='ocrx_word' id='word_1_91' title='bbox 1821 1297 1927 1350; x_wconf 82' lang='lat' dir='ltr'><strong>tale</strong></span> <span class='ocrx_word' id='word_1_92' title='bbox 1956 1305 2078 1352; x_wconf 86' lang='lat' dir='ltr'><strong>est:</strong></span> 
     </span>
    </p>
   </div>
   <div class='ocr_carea' id='block_1_15' title="bbox 504 1386 2079 1458">
    <p class='ocr_par' dir='ltr' id='par_1_15' title="bbox 504 1386 2079 1458">
     <span class='ocr_line' id='line_1_15' title="bbox 504 1386 2079 1458; baseline -0.001 -16"><span class='ocrx_word' id='word_1_93' title='bbox 504 1386 562 1442; x_wconf 92' lang='lat' dir='ltr'><strong>Si</strong></span> <span class='ocrx_word' id='word_1_94' title='bbox 591 1405 696 1453; x_wconf 87' lang='lat' dir='ltr'><strong>me,</strong></span> <span class='ocrx_word' id='word_1_95' title='bbox 731 1390 929 1458; x_wconf 86' lang='lat' dir='ltr'><strong>inquit,</strong></span> <span class='ocrx_word' id='word_1_96' title='bbox 962 1390 1127 1443; x_wconf 86' lang='lat' dir='ltr'><strong>tantis</strong></span> <span class='ocrx_word' id='word_1_97' title='bbox 1156 1398 1209 1441; x_wconf 90' lang='lat' dir='ltr'><strong>et</strong></span> <span class='ocrx_word' id='word_1_98' title='bbox 1238 1397 1346 1442; x_wconf 90' lang='lat' dir='ltr'><strong>tam</strong></span> <span class='ocrx_word' id='word_1_99' title='bbox 1395 1390 1555 1441; x_wconf 70' lang='lat' dir='ltr'><strong>saevis</strong></span> <span class='ocrx_word' id='word_1_100' title='bbox 1587 1397 1953 1441; x_wconf 87' lang='lat' dir='ltr'><strong>oneraverunt</strong></span> <span class='ocrx_word' id='word_1_101' title='bbox 1983 1402 2079 1455; x_wconf 90' lang='lat' dir='ltr'><strong>0p-</strong></span> 
     </span>
    </p>
   </div>
   <div class='ocr_carea' id='block_1_16' title="bbox 498 1477 2072 1550">
    <p class='ocr_par' dir='ltr' id='par_1_16' title="bbox 498 1477 2072 1550">
     <span class='ocr_line' id='line_1_16' title="bbox 498 1477 2072 1550; baseline -0.001 -17"><span class='ocrx_word' id='word_1_102' title='bbox 498 1480 736 1550; x_wconf 86' lang='lat' dir='ltr'><strong>probriis</strong></span> <span class='ocrx_word' id='word_1_103' title='bbox 756 1479 987 1536; x_wconf 85' lang='lat' dir='ltr'><strong>Romani</strong></span> <span class='ocrx_word' id='word_1_104' title='bbox 1010 1480 1208 1534; x_wconf 82' lang='lat' dir='ltr'><strong>milites</strong></span> <span class='ocrx_word' id='word_1_105' title='bbox 1222 1489 1274 1532; x_wconf 89' lang='lat' dir='ltr'><strong>et</strong></span> <span class='ocrx_word' id='word_1_106' title='bbox 1294 1477 1511 1531; x_wconf 91' lang='lat' dir='ltr'><strong>illorum</strong></span> <span class='ocrx_word' id='word_1_107' title='bbox 1538 1477 1823 1546; x_wconf 60' lang='lat' dir='ltr'><strong>praefectus</strong></span> <span class='ocrx_word' id='word_1_108' title='bbox 1846 1477 2072 1542; x_wconf 87' lang='lat' dir='ltr'><strong>Pilatus,</strong></span> 
     </span>
    </p>
   </div>
   <div class='ocr_carea' id='block_1_17' title="bbox 500 1567 2077 1641">
    <p class='ocr_par' dir='ltr' id='par_1_17' title="bbox 500 1567 2077 1641">
     <span class='ocr_line' id='line_1_17' title="bbox 500 1567 2077 1641; baseline 0 -19"><span class='ocrx_word' id='word_1_109' title='bbox 500 1571 630 1640; x_wconf 82' lang='lat' dir='ltr'><strong>quid</strong></span> <span class='ocrx_word' id='word_1_110' title='bbox 665 1569 866 1625; x_wconf 78' lang='lat' dir='ltr'><strong>facient</strong></span> <span class='ocrx_word' id='word_1_111' title='bbox 912 1572 1068 1625; x_wconf 82' lang='lat' dir='ltr'><strong>vobis</strong></span> <span class='ocrx_word' id='word_1_112' title='bbox 1103 1572 1248 1641; x_wconf 81' lang='lat' dir='ltr'><strong>ligno</strong></span> <span class='ocrx_word' id='word_1_113' title='bbox 1274 1572 1429 1626; x_wconf 91' lang='lat' dir='ltr'><strong>arido</strong></span> <span class='ocrx_word' id='word_1_114' title='bbox 1459 1580 1515 1625; x_wconf 89' lang='lat' dir='ltr'><strong>et</strong></span> <span class='ocrx_word' id='word_1_115' title='bbox 1542 1570 1735 1635; x_wconf 85' lang='lat' dir='ltr'><strong>sterili,</strong></span> <span class='ocrx_word' id='word_1_116' title='bbox 1765 1567 2077 1623; x_wconf 71' lang='lat' dir='ltr'><strong>Jndzeorum</strong></span> 
     </span>
    </p>
   </div>
   <div class='ocr_carea' id='block_1_18' title="bbox 502 1658 2078 1729">
    <p class='ocr_par' dir='ltr' id='par_1_18' title="bbox 502 1658 2078 1729">
     <span class='ocr_line' id='line_1_18' title="bbox 502 1658 2078 1729; baseline -0.002 -16"><span class='ocrx_word' id='word_1_117' title='bbox 502 1660 729 1729; x_wconf 87' lang='lat' dir='ltr'><strong>populo,</strong></span> <span class='ocrx_word' id='word_1_118' title='bbox 773 1660 1030 1715; x_wconf 87' lang='lat' dir='ltr'><strong>bellantia</strong></span> <span class='ocrx_word' id='word_1_119' title='bbox 1064 1660 1437 1715; x_wconf 85' lang='lat' dir='ltr'><strong>Romanorum</strong></span> <span class='ocrx_word' id='word_1_120' title='bbox 1490 1658 1728 1729; x_wconf 81' lang='lat' dir='ltr'><strong>agmina,</strong></span> <span class='ocrx_word' id='word_1_121' title='bbox 1770 1658 1973 1711; x_wconf 87' lang='lat' dir='ltr'><strong>nullam</strong></span> <span class='ocrx_word' id='word_1_122' title='bbox 2026 1673 2078 1711; x_wconf 87' lang='lat' dir='ltr'><strong>In</strong></span> 
     </span>
    </p>
   </div>
   <div class='ocr_carea' id='block_1_19' title="bbox 503 1748 2081 1822">
    <p class='ocr_par' dir='ltr' id='par_1_19' title="bbox 503 1748 2081 1822">
     <span class='ocr_line' id='line_1_19' title="bbox 503 1748 2081 1822; baseline -0.004 -17"><span class='ocrx_word' id='word_1_123' title='bbox 503 1750 625 1821; x_wconf 85' lang='lat' dir='ltr'><strong>ipso</strong></span> <span class='ocrx_word' id='word_1_124' title='bbox 668 1750 983 1807; x_wconf 70' lang='lat' dir='ltr'><strong>Iudaeorum</strong></span> <span class='ocrx_word' id='word_1_125' title='bbox 1021 1752 1220 1822; x_wconf 92' lang='lat' dir='ltr'><strong>populo</strong></span> <span class='ocrx_word' id='word_1_126' title='bbox 1255 1752 1585 1805; x_wconf 89' lang='lat' dir='ltr'><strong>mirabilium</strong></span> <span class='ocrx_word' id='word_1_127' title='bbox 1631 1757 1685 1803; x_wconf 93' lang='lat' dir='ltr'><strong>et</strong></span> <span class='ocrx_word' id='word_1_128' title='bbox 1724 1749 1962 1802; x_wconf 87' lang='lat' dir='ltr'><strong>fructum</strong></span> <span class='ocrx_word' id='word_1_129' title='bbox 1992 1748 2081 1816; x_wconf 88' lang='lat' dir='ltr'><strong>jn-</strong></span> 
     </span>
    </p>
   </div>
   <div class='ocr_carea' id='block_1_20' title="bbox 2174 834 3751 910">
    <p class='ocr_par' dir='ltr' id='par_1_20' title="bbox 2174 834 3751 910">
     <span class='ocr_line' id='line_1_20' title="bbox 2174 834 3751 910; baseline 0.004 -20"><span class='ocrx_word' id='word_1_130' title='bbox 2174 837 2232 891; x_wconf 81' lang='grc' dir='ltr'><strong>δὲ</strong></span> <span class='ocrx_word' id='word_1_131' title='bbox 2260 836 2457 900; x_wconf 79' lang='grc' dir='ltr'><strong>ἑκόντι,</strong></span> <span class='ocrx_word' id='word_1_132' title='bbox 2488 834 2646 906; x_wconf 75' lang='grc' dir='ltr'><strong>ὓϐριν</strong></span> <span class='ocrx_word' id='word_1_133' title='bbox 2670 852 2686 867; x_wconf 76' lang='grc' dir='ltr'><strong><em>ο</em></strong></span> <span class='ocrx_word' id='word_1_134' title='bbox 2713 835 2803 889; x_wconf 83' lang='grc' dir='ltr'><strong>διὰ</strong></span> <span class='ocrx_word' id='word_1_135' title='bbox 2824 835 2982 890; x_wconf 87' lang='grc' dir='ltr'><strong>τοῦτο</strong></span> <span class='ocrx_word' id='word_1_136' title='bbox 3009 838 3310 910; x_wconf 76' lang='grc' dir='ltr'><strong>ἐπετίμησε</strong></span> <span class='ocrx_word' id='word_1_137' title='bbox 3370 840 3576 904; x_wconf 83' lang='grc' dir='ltr'><strong>ταύτας</strong></span> <span class='ocrx_word' id='word_1_138' title='bbox 3608 857 3622 872; x_wconf 96' lang='grc'><strong>·</strong></span> <span class='ocrx_word' id='word_1_139' title='bbox 3659 844 3751 897; x_wconf 65' lang='grc' dir='ltr'><strong>καῖ</strong></span> 
     </span>
    </p>
   </div>
   <div class='ocr_carea' id='block_1_21' title="bbox 2175 926 3746 1003">
    <p class='ocr_par' dir='ltr' id='par_1_21' title="bbox 2175 926 3746 1003">
     <span class='ocr_line' id='line_1_21' title="bbox 2175 926 3746 1003; baseline 0.003 -22"><span class='ocrx_word' id='word_1_140' title='bbox 2175 928 2243 981; x_wconf 82' lang='grc' dir='ltr'><strong>τὰ</strong></span> <span class='ocrx_word' id='word_1_141' title='bbox 2300 927 2563 998; x_wconf 86' lang='grc' dir='ltr'><strong>μέλλοντα</strong></span> <span class='ocrx_word' id='word_1_142' title='bbox 2630 926 3007 998; x_wconf 58' lang='grc' dir='ltr'><strong>συμβήσεσθαι</strong></span> <span class='ocrx_word' id='word_1_143' title='bbox 3086 933 3483 1001; x_wconf 75' lang='grc' dir='ltr'><strong>προεμήνυσεν,</strong></span> <span class='ocrx_word' id='word_1_144' title='bbox 3554 932 3693 1003; x_wconf 73' lang='grc' dir='ltr'><strong>ᾇπερ</strong></span> <span class='ocrx_word' id='word_1_145' title='bbox 3722 937 3746 986; x_wconf 87' lang='lat'><strong>6</strong></span> 
     </span>
    </p>
   </div>
   <div class='ocr_carea' id='block_1_22' title="bbox 2189 1019 3090 1091">
    <p class='ocr_par' dir='ltr' id='par_1_22' title="bbox 2189 1019 3090 1091">
     <span class='ocr_line' id='line_1_22' title="bbox 2189 1019 3090 1091; baseline 0.001 -18"><span class='ocrx_word' id='word_1_146' title='bbox 2189 1019 2475 1088; x_wconf 82' lang='grc' dir='ltr'><strong>Ῥωμαίων</strong></span> <span class='ocrx_word' id='word_1_147' title='bbox 2504 1019 2738 1088; x_wconf 84' lang='grc' dir='ltr'><strong>πόλεμος</strong></span> <span class='ocrx_word' id='word_1_148' title='bbox 2778 1020 3090 1091; x_wconf 71' lang='grc' dir='ltr'><strong>εἰργάσατο.</strong></span> 
     </span>
    </p>
   </div>
   <div class='ocr_carea' id='block_1_23' title="bbox 2250 1110 3737 1183">
    <p class='ocr_par' dir='ltr' id='par_1_23' title="bbox 2250 1110 3737 1183">
     <span class='ocr_line' id='line_1_23' title="bbox 2250 1110 3737 1183; baseline 0.002 -20"><span class='ocrx_word' id='word_1_149' title='bbox 2250 1110 2417 1163; x_wconf 87' lang='grc' dir='ltr'><strong>Ξύλον</strong></span> <span class='ocrx_word' id='word_1_150' title='bbox 2446 1111 2611 1181; x_wconf 78' lang='grc' dir='ltr'><strong>ὑγρὸν</strong></span> <span class='ocrx_word' id='word_1_151' title='bbox 2645 1112 2836 1164; x_wconf 77' lang='grc' dir='ltr'><strong>ἑαυτὸν</strong></span> <span class='ocrx_word' id='word_1_152' title='bbox 2866 1112 3035 1179; x_wconf 88' lang='grc' dir='ltr'><strong>λέγει,</strong></span> <span class='ocrx_word' id='word_1_153' title='bbox 3062 1110 3149 1165; x_wconf 74' lang='grc' dir='ltr'><strong>διὰ</strong></span> <span class='ocrx_word' id='word_1_154' title='bbox 3194 1112 3294 1180; x_wconf 83' lang='grc' dir='ltr'><strong>τήν</strong></span> <span class='ocrx_word' id='word_1_155' title='bbox 3321 1114 3378 1166; x_wconf 79' lang='grc' dir='ltr'><strong>έν</strong></span> <span class='ocrx_word' id='word_1_156' title='bbox 3407 1112 3484 1182; x_wconf 83' lang='grc' dir='ltr'><strong>τῷ</strong></span> <span class='ocrx_word' id='word_1_157' title='bbox 3533 1113 3737 1183; x_wconf 80' lang='grc' dir='ltr'><strong>σώματι</strong></span> 
     </span>
    </p>
   </div>
   <div class='ocr_carea' id='block_1_24' title="bbox 2179 1202 3747 1277">
    <p class='ocr_par' dir='ltr' id='par_1_24' title="bbox 2179 1202 3747 1277">
     <span class='ocr_line' id='line_1_24' title="bbox 2179 1202 3747 1277; baseline 0.001 -21"><span class='ocrx_word' id='word_1_158' title='bbox 2179 1203 2344 1256; x_wconf 82' lang='grc' dir='ltr'><strong>αὑτοῦ</strong></span> <span class='ocrx_word' id='word_1_159' title='bbox 2375 1202 2525 1255; x_wconf 90' lang='grc' dir='ltr'><strong>θείαν</strong></span> <span class='ocrx_word' id='word_1_160' title='bbox 2553 1203 2699 1273; x_wconf 77' lang='grc' dir='ltr'><strong>ζωὴν</strong></span> <span class='ocrx_word' id='word_1_161' title='bbox 2727 1202 2826 1274; x_wconf 83' lang='grc' dir='ltr'><strong>τὴν</strong></span> <span class='ocrx_word' id='word_1_162' title='bbox 2854 1204 3189 1275; x_wconf 80' lang='grc' dir='ltr'><strong>ἀμάραντον,</strong></span> <span class='ocrx_word' id='word_1_163' title='bbox 3233 1205 3328 1257; x_wconf 79' lang='grc' dir='ltr'><strong>καὶ</strong></span> <span class='ocrx_word' id='word_1_164' title='bbox 3358 1204 3423 1258; x_wconf 80' lang='grc' dir='ltr'><strong>τδ</strong></span> <span class='ocrx_word' id='word_1_165' title='bbox 3475 1204 3747 1277; x_wconf 74' lang='grc' dir='ltr'><strong>ἔγκαρπον</strong></span> 
     </span>
    </p>
   </div>
   <div class='ocr_carea' id='block_1_25' title="bbox 2180 1294 3746 1367">
    <p class='ocr_par' dir='ltr' id='par_1_25' title="bbox 2180 1294 3746 1367">
     <span class='ocr_line' id='line_1_25' title="bbox 2180 1294 3746 1367; baseline 0.001 -19"><span class='ocrx_word' id='word_1_166' title='bbox 2180 1298 2273 1349; x_wconf 75' lang='grc' dir='ltr'><strong>καὶ</strong></span> <span class='ocrx_word' id='word_1_167' title='bbox 2294 1295 2543 1359; x_wconf 77' lang='grc' dir='ltr'><strong>εὐθαλές”</strong></span> <span class='ocrx_word' id='word_1_168' title='bbox 2572 1294 2600 1348; x_wconf 88' lang='grc' dir='ltr'><strong>δ</strong></span> <span class='ocrx_word' id='word_1_169' title='bbox 2628 1295 2687 1349; x_wconf 82' lang='grc' dir='ltr'><strong>δὲ</strong></span> <span class='ocrx_word' id='word_1_170' title='bbox 2714 1295 2884 1363; x_wconf 84' lang='grc' dir='ltr'><strong>λέγει,</strong></span> <span class='ocrx_word' id='word_1_171' title='bbox 2908 1294 3150 1349; x_wconf 79' lang='grc' dir='ltr'><strong>τοιοῦτόν</strong></span> <span class='ocrx_word' id='word_1_172' title='bbox 3179 1297 3347 1349; x_wconf 79' lang='grc' dir='ltr'><strong>ἐστιν·</strong></span> <span class='ocrx_word' id='word_1_173' title='bbox 3370 1295 3431 1348; x_wconf 85' lang='lat' dir='ltr'><strong>Ei</strong></span> <span class='ocrx_word' id='word_1_174' title='bbox 3455 1297 3579 1365; x_wconf 75' lang='grc' dir='ltr'><strong>ἐμὲ,</strong></span> <span class='ocrx_word' id='word_1_175' title='bbox 3604 1301 3746 1367; x_wconf 62' lang='grc' dir='ltr'><strong>φησὶ,</strong></span> 
     </span>
    </p>
   </div>
   <div class='ocr_carea' id='block_1_26' title="bbox 2181 1386 3748 1457">
    <p class='ocr_par' dir='ltr' id='par_1_26' title="bbox 2181 1386 3748 1457">
     <span class='ocr_line' id='line_1_26' title="bbox 2181 1386 3748 1457; baseline 0.003 -17"><span class='ocrx_word' id='word_1_176' title='bbox 2181 1386 2457 1450; x_wconf 80' lang='grc' dir='ltr'><strong>τοιαύταις</strong></span> <span class='ocrx_word' id='word_1_177' title='bbox 2482 1387 2683 1450; x_wconf 78' lang='grc' dir='ltr'><strong>δειναῖς</strong></span> <span class='ocrx_word' id='word_1_178' title='bbox 2734 1387 3171 1457; x_wconf 77' lang='grc' dir='ltr'><strong>ύποόεϐλήκασιν</strong></span> <span class='ocrx_word' id='word_1_179' title='bbox 3221 1388 3467 1455; x_wconf 78' lang='grc' dir='ltr'><strong>ἀτιμίαις</strong></span> <span class='ocrx_word' id='word_1_180' title='bbox 3519 1389 3572 1441; x_wconf 73' lang='grc' dir='ltr'><strong>οἱ</strong></span> <span class='ocrx_word' id='word_1_181' title='bbox 3624 1389 3748 1444; x_wconf 65' lang='lat' dir='ltr'><strong>&#39;l’m-</strong></span> 
     </span>
    </p>
   </div>
   <div class='ocr_carea' id='block_1_27' title="bbox 2186 1478 3744 1550">
    <p class='ocr_par' dir='ltr' id='par_1_27' title="bbox 2186 1478 3744 1550">
     <span class='ocr_line' id='line_1_27' title="bbox 2186 1478 3744 1550; baseline -0.001 -17"><span class='ocrx_word' id='word_1_182' title='bbox 2186 1479 2365 1548; x_wconf 84' lang='grc' dir='ltr'><strong>μαίων</strong></span> <span class='ocrx_word' id='word_1_183' title='bbox 2396 1478 2723 1548; x_wconf 86' lang='grc' dir='ltr'><strong>στρατιῶται</strong></span> <span class='ocrx_word' id='word_1_184' title='bbox 2748 1482 2842 1533; x_wconf 78' lang='grc' dir='ltr'><strong>καὶ</strong></span> <span class='ocrx_word' id='word_1_185' title='bbox 2869 1481 2898 1532; x_wconf 97' lang='lat'><strong>6</strong></span> <span class='ocrx_word' id='word_1_186' title='bbox 2926 1479 3132 1532; x_wconf 87' lang='grc' dir='ltr'><strong>τούτων</strong></span> <span class='ocrx_word' id='word_1_187' title='bbox 3156 1479 3472 1550; x_wconf 77' lang='grc' dir='ltr'><strong>στρατηγὸς</strong></span> <span class='ocrx_word' id='word_1_188' title='bbox 3502 1481 3744 1545; x_wconf 74' lang='grc' dir='ltr'><strong>Πιλᾶτος,</strong></span> 
     </span>
    </p>
   </div>
   <div class='ocr_carea' id='block_1_28' title="bbox 2183 1569 3751 1645">
    <p class='ocr_par' dir='ltr' id='par_1_28' title="bbox 2183 1569 3751 1645">
     <span class='ocr_line' id='line_1_28' title="bbox 2183 1569 3751 1645; baseline 0.003 -23"><span class='ocrx_word' id='word_1_189' title='bbox 2183 1572 2236 1622; x_wconf 88' lang='grc' dir='ltr'><strong>τί</strong></span> <span class='ocrx_word' id='word_1_190' title='bbox 2261 1569 2548 1639; x_wconf 82' lang='grc' dir='ltr'><strong>δράσουσιν</strong></span> <span class='ocrx_word' id='word_1_191' title='bbox 2572 1570 2699 1641; x_wconf 83' lang='grc' dir='ltr'><strong>ύμῖν</strong></span> <span class='ocrx_word' id='word_1_192' title='bbox 2725 1570 2799 1639; x_wconf 82' lang='grc' dir='ltr'><strong>τῷ</strong></span> <span class='ocrx_word' id='word_1_193' title='bbox 2825 1570 2975 1642; x_wconf 80' lang='grc' dir='ltr'><strong>ξηρῷ</strong></span> <span class='ocrx_word' id='word_1_194' title='bbox 3004 1569 3144 1641; x_wconf 81' lang='grc' dir='ltr'><strong>ξύλῳ</strong></span> <span class='ocrx_word' id='word_1_195' title='bbox 3171 1572 3261 1624; x_wconf 73' lang='grc' dir='ltr'><strong>καὶ</strong></span> <span class='ocrx_word' id='word_1_196' title='bbox 3285 1572 3524 1641; x_wconf 75' lang='grc' dir='ltr'><strong>ἀκάρπῳ</strong></span> <span class='ocrx_word' id='word_1_197' title='bbox 3546 1572 3623 1642; x_wconf 80' lang='grc' dir='ltr'><strong>τῷ</strong></span> <span class='ocrx_word' id='word_1_198' title='bbox 3651 1573 3751 1645; x_wconf 81' lang='grc' dir='ltr'><strong>λαῷ</strong></span> 
     </span>
    </p>
   </div>
   <div class='ocr_carea' id='block_1_29' title="bbox 2183 1659 3752 1730">
    <p class='ocr_par' dir='ltr' id='par_1_29' title="bbox 2183 1659 3752 1730">
     <span class='ocr_line' id='line_1_29' title="bbox 2183 1659 3752 1730; baseline 0.004 -19"><span class='ocrx_word' id='word_1_199' title='bbox 2183 1659 2292 1712; x_wconf 87' lang='grc' dir='ltr'><strong>τῶν</strong></span> <span class='ocrx_word' id='word_1_200' title='bbox 2353 1659 2626 1712; x_wconf 84' lang='grc' dir='ltr'><strong>Ἰουδαίων</strong></span> <span class='ocrx_word' id='word_1_201' title='bbox 2683 1660 3171 1729; x_wconf 82' lang='grc' dir='ltr'><strong>προσπολεμοῦντα</strong></span> <span class='ocrx_word' id='word_1_202' title='bbox 3190 1660 3256 1714; x_wconf 83' lang='grc' dir='ltr'><strong>τὰ</strong></span> <span class='ocrx_word' id='word_1_203' title='bbox 3310 1661 3421 1714; x_wconf 85' lang='grc' dir='ltr'><strong>τῶν</strong></span> <span class='ocrx_word' id='word_1_204' title='bbox 3477 1662 3752 1730; x_wconf 84' lang='grc' dir='ltr'><strong>Ῥωμαίων</strong></span> 
     </span>
    </p>
   </div>
   <div class='ocr_carea' id='block_1_30' title="bbox 2187 1751 3752 1823">
    <p class='ocr_par' dir='ltr' id='par_1_30' title="bbox 2187 1751 3752 1823">
     <span class='ocr_line' id='line_1_30' title="bbox 2187 1751 3752 1823; baseline 0.004 -20"><span class='ocrx_word' id='word_1_205' title='bbox 2187 1751 2547 1821; x_wconf 80' lang='grc' dir='ltr'><strong>στρατόπεδα,</strong></span> <span class='ocrx_word' id='word_1_206' title='bbox 2583 1751 2747 1821; x_wconf 80' lang='grc' dir='ltr'><strong>μηδὲν</strong></span> <span class='ocrx_word' id='word_1_207' title='bbox 2792 1753 2878 1804; x_wconf 78' lang='grc' dir='ltr'><strong>ἐπ’</strong></span> <span class='ocrx_word' id='word_1_208' title='bbox 2913 1751 3062 1820; x_wconf 81' lang='grc' dir='ltr'><strong>αύτῷ</strong></span> <span class='ocrx_word' id='word_1_209' title='bbox 3084 1752 3164 1822; x_wconf 84' lang='grc' dir='ltr'><strong>τῷ</strong></span> <span class='ocrx_word' id='word_1_210' title='bbox 3196 1752 3309 1823; x_wconf 85' lang='grc' dir='ltr'><strong>λαῷ</strong></span> <span class='ocrx_word' id='word_1_211' title='bbox 3343 1754 3453 1806; x_wconf 89' lang='grc' dir='ltr'><strong>τῶν</strong></span> <span class='ocrx_word' id='word_1_212' title='bbox 3495 1755 3752 1810; x_wconf 74' lang='grc' dir='ltr'><strong>Ἰουδαίων</strong></span> 
     </span>
    </p>
   </div>
   <div class='ocr_carea' id='block_1_31' title="bbox 504 1841 2092 1918">
    <p class='ocr_par' dir='ltr' id='par_1_31' title="bbox 504 1842 2080 1911">
     <span class='ocr_line' id='line_1_31' title="bbox 504 1842 2080 1911; baseline -0.002 -14"><span class='ocrx_word' id='word_1_213' title='bbox 504 1842 667 1897; x_wconf 64' lang='lat' dir='ltr'><strong>stitia“:</strong></span> <span class='ocrx_word' id='word_1_214' title='bbox 711 1843 1027 1897; x_wconf 81' lang='lat' dir='ltr'><strong>habentium</strong></span> <span class='ocrx_word' id='word_1_215' title='bbox 1066 1859 1245 1897; x_wconf 89' lang='lat' dir='ltr'><strong>rerum</strong></span> <span class='ocrx_word' id='word_1_216' title='bbox 1283 1851 1596 1907; x_wconf 84' lang='lat' dir='ltr'><strong>cernentes,</strong></span> <span class='ocrx_word' id='word_1_217' title='bbox 1629 1856 1862 1911; x_wconf 83' lang='lat' dir='ltr'><strong>quantm</strong></span> <span class='ocrx_word' id='word_1_218' title='bbox 1912 1856 2080 1894; x_wconf 81' lang='lat' dir='ltr'><strong>causa</strong></span> 
     </span>
    </p>
   </div>
   <div class='ocr_carea' id='block_1_32' title="bbox 2193 1841 3753 1918">
    <p class='ocr_par' dir='ltr' id='par_1_32' title="bbox 2193 1841 3753 1918">
     <span class='ocr_line' id='line_1_32' title="bbox 2193 1841 3753 1918; baseline 0.004 -24"><span class='ocrx_word' id='word_1_219' title='bbox 2193 1842 2426 1910; x_wconf 80' lang='grc' dir='ltr'><strong>δηλονότι</strong></span> <span class='ocrx_word' id='word_1_220' title='bbox 2495 1841 2961 1911; x_wconf 81' lang='grc' dir='ltr'><strong>τεθαυμασμένων</strong></span> <span class='ocrx_word' id='word_1_221' title='bbox 3016 1844 3111 1897; x_wconf 73' lang='grc' dir='ltr'><strong>καὶ</strong></span> <span class='ocrx_word' id='word_1_222' title='bbox 3158 1844 3369 1916; x_wconf 82' lang='grc' dir='ltr'><strong>καρπὸν</strong></span> <span class='ocrx_word' id='word_1_223' title='bbox 3420 1845 3753 1918; x_wconf 75' lang='grc' dir='ltr'><strong>δικαιοσύνης</strong></span> 
     </span>
    </p>
   </div>
   <div class='ocr_carea' id='block_1_33' title="bbox 498 1927 2092 2006">
    <p class='ocr_par' dir='ltr' id='par_1_33' title="bbox 498 1930 2084 2001">
     <span class='ocr_line' id='line_1_33' title="bbox 498 1930 2084 2001; baseline -0.001 -14"><span class='ocrx_word' id='word_1_224' title='bbox 498 1932 711 2001; x_wconf 83' lang='lat' dir='ltr'><strong>justum</strong></span> <span class='ocrx_word' id='word_1_225' title='bbox 740 1933 885 1989; x_wconf 88' lang='lat' dir='ltr'><strong>foret</strong></span> <span class='ocrx_word' id='word_1_226' title='bbox 918 1932 1043 1988; x_wconf 88' lang='lat' dir='ltr'><strong>illos</strong></span> <span class='ocrx_word' id='word_1_227' title='bbox 1074 1934 1283 1987; x_wconf 87' lang='lat' dir='ltr'><strong>honore</strong></span> <span class='ocrx_word' id='word_1_228' title='bbox 1304 1941 1362 1988; x_wconf 90' lang='lat' dir='ltr'><strong>et</strong></span> <span class='ocrx_word' id='word_1_229' title='bbox 1391 1932 1547 1986; x_wconf 88' lang='lat' dir='ltr'><strong>venia</strong></span> <span class='ocrx_word' id='word_1_230' title='bbox 1581 1932 1776 2001; x_wconf 80' lang='lat' dir='ltr'><strong>dignos</strong></span> <span class='ocrx_word' id='word_1_231' title='bbox 1805 1930 1992 1985; x_wconf 88' lang='lat' dir='ltr'><strong>haberi</strong></span> <span class='ocrx_word' id='word_1_232' title='bbox 2015 1932 2084 1986; x_wconf 86' lang='lat' dir='ltr'><strong>ab</strong></span> 
     </span>
    </p>
   </div>
   <div class='ocr_carea' id='block_1_34' title="bbox 2193 1927 3753 2006">
    <p class='ocr_par' dir='ltr' id='par_1_34' title="bbox 2193 1927 3753 2006">
     <span class='ocr_line' id='line_1_34' title="bbox 2193 1927 3753 2006; baseline 0.004 -22"><span class='ocrx_word' id='word_1_233' title='bbox 2193 1933 2420 2002; x_wconf 73' lang='grc' dir='ltr'><strong>ἐχόντων</strong></span> <span class='ocrx_word' id='word_1_234' title='bbox 2478 1932 2768 2001; x_wconf 86' lang='grc' dir='ltr'><strong>βλέποντες</strong></span> <span class='ocrx_word' id='word_1_235' title='bbox 2797 1973 2814 1997; x_wconf 93' lang='grc'><strong>,</strong></span> <span class='ocrx_word' id='word_1_236' title='bbox 2871 1935 2959 2001; x_wconf 76' lang='grc' dir='ltr'><strong>ἐφ’</strong></span> <span class='ocrx_word' id='word_1_237' title='bbox 3019 1927 3101 1997; x_wconf 77' lang='grc' dir='ltr'><strong>οἷς</strong></span> <span class='ocrx_word' id='word_1_238' title='bbox 3151 1931 3220 2005; x_wconf 78' lang='grc' dir='ltr'><strong>ἦν</strong></span> <span class='ocrx_word' id='word_1_239' title='bbox 3274 1935 3419 1998; x_wconf 70' lang='grc' dir='ltr'><strong>εἰκὸς</strong></span> <span class='ocrx_word' id='word_1_240' title='bbox 3461 1937 3631 2006; x_wconf 82' lang='grc' dir='ltr'><strong>τιμῆς</strong></span> <span class='ocrx_word' id='word_1_241' title='bbox 3673 1939 3753 1992; x_wconf 81' lang='grc' dir='ltr'><strong>καὶ</strong></span> 
     </span>
    </p>
   </div>
   <div class='ocr_carea' id='block_1_35' title="bbox 506 2021 2081 2094">
    <p class='ocr_par' dir='ltr' id='par_1_35' title="bbox 506 2021 2081 2094">
     <span class='ocr_line' id='line_1_35' title="bbox 506 2021 2081 2094; baseline -0.001 -18"><span class='ocrx_word' id='word_1_242' title='bbox 506 2024 643 2093; x_wconf 84' lang='lat' dir='ltr'><strong>ipsis</strong></span> <span class='ocrx_word' id='word_1_243' title='bbox 674 2024 833 2079; x_wconf 67' lang='lat' dir='ltr'><strong>fimo</strong></span> <span class='ocrx_word' id='word_1_244' title='bbox 857 2039 985 2079; x_wconf 87' lang='lat' dir='ltr'><strong>vero</strong></span> <span class='ocrx_word' id='word_1_245' title='bbox 1014 2024 1342 2079; x_wconf 78' lang='lat' dir='ltr'><strong>eombnrent</strong></span> <span class='ocrx_word' id='word_1_246' title='bbox 1374 2039 1471 2077; x_wconf 79' lang='lat' dir='ltr'><strong>vos</strong></span> <span class='ocrx_word' id='word_1_247' title='bbox 1514 2033 1573 2077; x_wconf 94' lang='lat' dir='ltr'><strong>ut</strong></span> <span class='ocrx_word' id='word_1_248' title='bbox 1604 2022 1811 2094; x_wconf 76' lang='lat' dir='ltr'><strong>lignum</strong></span> <span class='ocrx_word' id='word_1_249' title='bbox 1843 2021 2081 2087; x_wconf 87' lang='lat' dir='ltr'><strong>aridum,</strong></span> 
     </span>
    </p>
   </div>
   <div class='ocr_carea' id='block_1_36' title="bbox 505 2112 2083 2187">
    <p class='ocr_par' dir='ltr' id='par_1_36' title="bbox 505 2112 2083 2187">
     <span class='ocr_line' id='line_1_36' title="bbox 505 2112 2083 2187; baseline 0.001 -19"><span class='ocrx_word' id='word_1_250' title='bbox 505 2113 561 2168; x_wconf 91' lang='lat' dir='ltr'><strong>id</strong></span> <span class='ocrx_word' id='word_1_251' title='bbox 590 2124 695 2178; x_wconf 88' lang='lat' dir='ltr'><strong>est,</strong></span> <span class='ocrx_word' id='word_1_252' title='bbox 723 2129 822 2171; x_wconf 90' lang='lat' dir='ltr'><strong>vos</strong></span> <span class='ocrx_word' id='word_1_253' title='bbox 850 2117 1247 2187; x_wconf 73' lang='lat' dir='ltr'><strong>expugnabunt</strong></span> <span class='ocrx_word' id='word_1_254' title='bbox 1272 2116 1343 2171; x_wconf 89' lang='lat' dir='ltr'><strong>ob</strong></span> <span class='ocrx_word' id='word_1_255' title='bbox 1380 2126 1620 2173; x_wconf 76' lang='lat' dir='ltr'><strong>vestram</strong></span> <span class='ocrx_word' id='word_1_256' title='bbox 1647 2116 1703 2169; x_wconf 92' lang='lat' dir='ltr'><strong>in</strong></span> <span class='ocrx_word' id='word_1_257' title='bbox 1737 2112 2083 2171; x_wconf 88' lang='lat' dir='ltr'><strong>Salvatorem</strong></span> 
     </span>
    </p>
   </div>
   <div class='ocr_carea' id='block_1_37' title="bbox 505 2204 864 2274">
    <p class='ocr_par' dir='ltr' id='par_1_37' title="bbox 505 2204 864 2274">
     <span class='ocr_line' id='line_1_37' title="bbox 505 2204 864 2274; baseline 0.003 -15"><span class='ocrx_word' id='word_1_258' title='bbox 505 2204 864 2274; x_wconf 82' lang='lat' dir='ltr'><strong>impietatem.</strong></span> 
     </span>
    </p>
   </div>
   <div class='ocr_carea' id='block_1_38' title="bbox 534 2293 2087 2370">
    <p class='ocr_par' dir='ltr' id='par_1_38' title="bbox 534 2293 2087 2370">
     <span class='ocr_line' id='line_1_38' title="bbox 534 2293 2087 2370; baseline 0.006 -22"><span class='ocrx_word' id='word_1_259' title='bbox 534 2332 537 2333; x_wconf 48' lang='grc' dir='ltr'><strong>ν</strong></span> <span class='ocrx_word' id='word_1_260' title='bbox 582 2293 740 2351; x_wconf 67' lang='lat' dir='ltr'><strong>Vsus.</strong></span> <span class='ocrx_word' id='word_1_261' title='bbox 773 2298 861 2353; x_wconf 75' lang='lat'><strong>&#39;59.</strong></span> <span class='ocrx_word' id='word_1_262' title='bbox 896 2298 1186 2365; x_wconf 84' lang='lat' dir='ltr'><strong>Quomodo</strong></span> <span class='ocrx_word' id='word_1_263' title='bbox 1221 2298 1503 2357; x_wconf 70' lang='lat' dir='ltr'><strong>Matthaens</strong></span> <span class='ocrx_word' id='word_1_264' title='bbox 1533 2300 1751 2370; x_wconf 86' lang='lat' dir='ltr'><strong>quidem</strong></span> <span class='ocrx_word' id='word_1_265' title='bbox 1788 2310 1841 2357; x_wconf 91' lang='lat' dir='ltr'><strong>et</strong></span> <span class='ocrx_word' id='word_1_266' title='bbox 1869 2300 2087 2358; x_wconf 76' lang='lat' dir='ltr'><strong>Marcus</strong></span> 
     </span>
    </p>
   </div>
   <div class='ocr_carea' id='block_1_39' title="bbox 503 2387 2085 2461">
    <p class='ocr_par' dir='ltr' id='par_1_39' title="bbox 503 2387 2085 2461">
     <span class='ocr_line' id='line_1_39' title="bbox 503 2387 2085 2461; baseline 0.005 -22"><span class='ocrx_word' id='word_1_267' title='bbox 503 2387 643 2441; x_wconf 82' lang='lat' dir='ltr'><strong>duos</strong></span> <span class='ocrx_word' id='word_1_268' title='bbox 676 2388 1121 2445; x_wconf 81' lang='lat' dir='ltr'><strong>dicuntlatrones</strong></span> <span class='ocrx_word' id='word_1_269' title='bbox 1152 2391 1371 2445; x_wconf 85' lang='lat' dir='ltr'><strong>Christo</strong></span> <span class='ocrx_word' id='word_1_270' title='bbox 1408 2393 1781 2461; x_wconf 88' lang='lat' dir='ltr'><strong>improperare</strong></span> <span class='ocrx_word' id='word_1_271' title='bbox 1812 2392 1865 2447; x_wconf 94' lang='lat' dir='ltr'><strong>in</strong></span> <span class='ocrx_word' id='word_1_272' title='bbox 1898 2408 2085 2459; x_wconf 83' lang='lat' dir='ltr'><strong>cruce,</strong></span> 
     </span>
    </p>
   </div>
   <div class='ocr_carea' id='block_1_40' title="bbox 504 2473 2088 2551">
    <p class='ocr_par' dir='ltr' id='par_1_40' title="bbox 504 2473 2088 2551">
     <span class='ocr_line' id='line_1_40' title="bbox 504 2473 2088 2551; baseline 0.007 -23"><span class='ocrx_word' id='word_1_273' title='bbox 504 2473 688 2531; x_wconf 86' lang='lat' dir='ltr'><strong>Lucas</strong></span> <span class='ocrx_word' id='word_1_274' title='bbox 734 2492 862 2533; x_wconf 89' lang='lat' dir='ltr'><strong>vero</strong></span> <span class='ocrx_word' id='word_1_275' title='bbox 911 2496 1079 2534; x_wconf 91' lang='lat' dir='ltr'><strong>unum</strong></span> <span class='ocrx_word' id='word_1_276' title='bbox 1113 2482 1361 2536; x_wconf 79' lang='lat' dir='ltr'><strong>tantum?</strong></span> <span class='ocrx_word' id='word_1_277' title='bbox 1386 2482 1651 2551; x_wconf 89' lang='lat' dir='ltr'><strong>quoniam</strong></span> <span class='ocrx_word' id='word_1_278' title='bbox 1686 2483 1740 2537; x_wconf 93' lang='lat' dir='ltr'><strong>in</strong></span> <span class='ocrx_word' id='word_1_279' title='bbox 1785 2484 1944 2538; x_wconf 91' lang='lat' dir='ltr'><strong>initio</strong></span> <span class='ocrx_word' id='word_1_280' title='bbox 1976 2485 2088 2539; x_wconf 90' lang='lat' dir='ltr'><strong>duo</strong></span> 
     </span>
    </p>
   </div>
   <div class='ocr_carea' id='block_1_41' title="bbox 505 2566 2089 2641">
    <p class='ocr_par' dir='ltr' id='par_1_41' title="bbox 505 2566 2089 2641">
     <span class='ocr_line' id='line_1_41' title="bbox 505 2566 2089 2641; baseline 0.004 -18"><span class='ocrx_word' id='word_1_281' title='bbox 505 2566 748 2625; x_wconf 75' lang='lat' dir='ltr'><strong>latrones</strong></span> <span class='ocrx_word' id='word_1_282' title='bbox 788 2571 986 2626; x_wconf 90' lang='lat' dir='ltr'><strong>similia</strong></span> <span class='ocrx_word' id='word_1_283' title='bbox 1018 2570 1221 2629; x_wconf 71' lang='lat' dir='ltr'><strong>Iudaeis</strong></span> <span class='ocrx_word' id='word_1_284' title='bbox 1251 2574 1729 2641; x_wconf 88' lang='lat' dir='ltr'><strong>conviciabantur,</strong></span> <span class='ocrx_word' id='word_1_285' title='bbox 1765 2575 1890 2629; x_wconf 85' lang='lat' dir='ltr'><strong>illos</strong></span> <span class='ocrx_word' id='word_1_286' title='bbox 1930 2576 2089 2630; x_wconf 82' lang='lat' dir='ltr'><strong>blan-</strong></span> 
     </span>
    </p>
   </div>
   <div class='ocr_carea' id='block_1_42' title="bbox 506 2661 2092 2735">
    <p class='ocr_par' dir='ltr' id='par_1_42' title="bbox 506 2661 2092 2735">
     <span class='ocr_line' id='line_1_42' title="bbox 506 2661 2092 2735; baseline 0.003 -19"><span class='ocrx_word' id='word_1_287' title='bbox 506 2661 722 2717; x_wconf 90' lang='lat' dir='ltr'><strong>dientes</strong></span> <span class='ocrx_word' id='word_1_288' title='bbox 753 2664 800 2718; x_wconf 89' lang='lat' dir='ltr'><strong>si</strong></span> <span class='ocrx_word' id='word_1_289' title='bbox 853 2663 992 2719; x_wconf 85' lang='lat' dir='ltr'><strong>forte</strong></span> <span class='ocrx_word' id='word_1_290' title='bbox 1037 2665 1278 2735; x_wconf 85' lang='lat' dir='ltr'><strong>aliquam</strong></span> <span class='ocrx_word' id='word_1_291' title='bbox 1334 2679 1492 2734; x_wconf 87' lang='lat' dir='ltr'><strong>opem</strong></span> <span class='ocrx_word' id='word_1_292' title='bbox 1530 2663 1674 2734; x_wconf 89' lang='lat' dir='ltr'><strong>apud</strong></span> <span class='ocrx_word' id='word_1_293' title='bbox 1710 2665 1833 2719; x_wconf 91' lang='lat' dir='ltr'><strong>illos</strong></span> <span class='ocrx_word' id='word_1_294' title='bbox 1867 2664 2092 2720; x_wconf 83' lang='lat' dir='ltr'><strong>invene-</strong></span> 
     </span>
    </p>
   </div>
   <div class='ocr_carea' id='block_1_43' title="bbox 2189 2024 3754 2098">
    <p class='ocr_par' dir='ltr' id='par_1_43' title="bbox 2189 2024 3754 2098">
     <span class='ocr_line' id='line_1_43' title="bbox 2189 2024 3754 2098; baseline 0.004 -21"><span class='ocrx_word' id='word_1_295' title='bbox 2189 2024 2402 2093; x_wconf 85' lang='grc' dir='ltr'><strong>φειδοῦς</strong></span> <span class='ocrx_word' id='word_1_296' title='bbox 2435 2025 2730 2094; x_wconf 79' lang='grc' dir='ltr'><strong>ἀξιωθῆναι</strong></span> <span class='ocrx_word' id='word_1_297' title='bbox 2756 2025 2855 2095; x_wconf 82' lang='grc' dir='ltr'><strong>τῆς</strong></span> <span class='ocrx_word' id='word_1_298' title='bbox 2888 2028 3021 2098; x_wconf 84' lang='grc' dir='ltr'><strong>παρ’</strong></span> <span class='ocrx_word' id='word_1_299' title='bbox 3061 2026 3275 2093; x_wconf 78' lang='grc' dir='ltr'><strong>αὑτῶνς</strong></span> <span class='ocrx_word' id='word_1_300' title='bbox 3312 2028 3515 2097; x_wconf 74' lang='grc' dir='ltr'><strong>μᾶλλον</strong></span> <span class='ocrx_word' id='word_1_301' title='bbox 3565 2029 3621 2082; x_wconf 76' lang='grc' dir='ltr'><strong>δὲ</strong></span> <span class='ocrx_word' id='word_1_302' title='bbox 3670 2048 3754 2083; x_wconf 82' lang='grc' dir='ltr'><strong>κα-</strong></span> 
     </span>
    </p>
   </div>
   <div class='ocr_carea' id='block_1_44' title="bbox 2187 2117 3755 2191">
    <p class='ocr_par' dir='ltr' id='par_1_44' title="bbox 2187 2117 3755 2191">
     <span class='ocr_line' id='line_1_44' title="bbox 2187 2117 3755 2191; baseline 0.003 -22"><span class='ocrx_word' id='word_1_303' title='bbox 2187 2117 2553 2171; x_wconf 87' lang='grc' dir='ltr'><strong>τακαύσουσιν</strong></span> <span class='ocrx_word' id='word_1_304' title='bbox 2584 2119 2728 2188; x_wconf 81' lang='grc' dir='ltr'><strong>ὑμᾶς</strong></span> <span class='ocrx_word' id='word_1_305' title='bbox 2746 2118 2938 2188; x_wconf 84' lang='grc' dir='ltr'><strong>ῶσπερ</strong></span> <span class='ocrx_word' id='word_1_306' title='bbox 2970 2118 3125 2183; x_wconf 76' lang='grc' dir='ltr'><strong>ξύλον</strong></span> <span class='ocrx_word' id='word_1_307' title='bbox 3146 2119 3329 2190; x_wconf 73' lang='grc' dir='ltr'><strong>ξηρὸν,</strong></span> <span class='ocrx_word' id='word_1_308' title='bbox 3357 2121 3527 2191; x_wconf 77' lang='grc' dir='ltr'><strong>ήγουν</strong></span> <span class='ocrx_word' id='word_1_309' title='bbox 3557 2121 3755 2191; x_wconf 80' lang='grc' dir='ltr'><strong>πολιορ-</strong></span> 
     </span>
    </p>
   </div>
   <div class='ocr_carea' id='block_1_45' title="bbox 2190 2205 3627 2275">
    <p class='ocr_par' dir='ltr' id='par_1_45' title="bbox 2190 2205 3627 2275">
     <span class='ocr_line' id='line_1_45' title="bbox 2190 2205 3627 2275; baseline 0.005 -18"><span class='ocrx_word' id='word_1_310' title='bbox 2190 2205 2421 2271; x_wconf 80' lang='grc' dir='ltr'><strong>κήσουσι</strong></span> <span class='ocrx_word' id='word_1_311' title='bbox 2451 2206 2553 2274; x_wconf 85' lang='grc' dir='ltr'><strong>τῆς</strong></span> <span class='ocrx_word' id='word_1_312' title='bbox 2573 2205 2653 2267; x_wconf 90' lang='grc' dir='ltr'><strong>είς</strong></span> <span class='ocrx_word' id='word_1_313' title='bbox 2684 2205 2775 2259; x_wconf 73' lang='grc' dir='ltr'><strong>τὸν</strong></span> <span class='ocrx_word' id='word_1_314' title='bbox 2808 2206 3037 2275; x_wconf 82' lang='grc' dir='ltr'><strong>Σωτῆρα</strong></span> <span class='ocrx_word' id='word_1_315' title='bbox 3068 2208 3388 2273; x_wconf 80' lang='grc' dir='ltr'><strong>δυσσεϐείας</strong></span> <span class='ocrx_word' id='word_1_316' title='bbox 3418 2209 3627 2264; x_wconf 76' lang='grc' dir='ltr'><strong>ἕνεκεν.</strong></span> 
     </span>
    </p>
   </div>
   <div class='ocr_carea' id='block_1_46' title="bbox 2261 2294 3755 2370">
    <p class='ocr_par' dir='ltr' id='par_1_46' title="bbox 2261 2294 3755 2370">
     <span class='ocr_line' id='line_1_46' title="bbox 2261 2294 3755 2370; baseline 0.004 -21"><span class='ocrx_word' id='word_1_317' title='bbox 2261 2294 2388 2359; x_wconf 86' lang='grc' dir='ltr'><strong>Πῶς</strong></span> <span class='ocrx_word' id='word_1_318' title='bbox 2415 2296 2693 2361; x_wconf 76' lang='grc' dir='ltr'><strong>Ματθατος</strong></span> <span class='ocrx_word' id='word_1_319' title='bbox 2729 2297 2829 2367; x_wconf 85' lang='grc' dir='ltr'><strong>μὲν</strong></span> <span class='ocrx_word' id='word_1_320' title='bbox 2853 2301 2947 2351; x_wconf 76' lang='grc' dir='ltr'><strong>καὶ</strong></span> <span class='ocrx_word' id='word_1_321' title='bbox 2974 2299 3201 2370; x_wconf 72' lang='grc' dir='ltr'><strong>Μάρκος</strong></span> <span class='ocrx_word' id='word_1_322' title='bbox 3238 2302 3373 2364; x_wconf 71' lang='grc' dir='ltr'><strong>τοὺς</strong></span> <span class='ocrx_word' id='word_1_323' title='bbox 3419 2301 3515 2355; x_wconf 91' lang='grc' dir='ltr'><strong>δύο</strong></span> <span class='ocrx_word' id='word_1_324' title='bbox 3553 2302 3755 2369; x_wconf 80' lang='grc' dir='ltr'><strong>λέγουσι</strong></span> 
     </span>
    </p>
   </div>
   <div class='ocr_carea' id='block_1_47' title="bbox 2191 2386 3754 2460">
    <p class='ocr_par' dir='ltr' id='par_1_47' title="bbox 2191 2386 3754 2460">
     <span class='ocr_line' id='line_1_47' title="bbox 2191 2386 3754 2460; baseline 0.004 -20"><span class='ocrx_word' id='word_1_325' title='bbox 2191 2386 2394 2459; x_wconf 73' lang='grc' dir='ltr'><strong>λῃστὰς</strong></span> <span class='ocrx_word' id='word_1_326' title='bbox 2434 2387 2689 2442; x_wconf 79' lang='grc' dir='ltr'><strong>ὀνειδίσαι</strong></span> <span class='ocrx_word' id='word_1_327' title='bbox 2738 2388 2830 2441; x_wconf 77' lang='grc' dir='ltr'><strong>τὸν</strong></span> <span class='ocrx_word' id='word_1_328' title='bbox 2878 2387 3101 2460; x_wconf 83' lang='grc' dir='ltr'><strong>Κύριον,</strong></span> <span class='ocrx_word' id='word_1_329' title='bbox 3167 2391 3382 2453; x_wconf 77' lang='grc' dir='ltr'><strong>Λουκᾶς</strong></span> <span class='ocrx_word' id='word_1_330' title='bbox 3418 2390 3487 2444; x_wconf 62' lang='grc' dir='ltr'><strong>δὲ’</strong></span> <span class='ocrx_word' id='word_1_331' title='bbox 3516 2392 3608 2445; x_wconf 80' lang='grc' dir='ltr'><strong>τὸν</strong></span> <span class='ocrx_word' id='word_1_332' title='bbox 3634 2392 3754 2457; x_wconf 68' lang='grc' dir='ltr'><strong>ἕνας</strong></span> 
     </span>
    </p>
   </div>
   <div class='ocr_carea' id='block_1_48' title="bbox 2195 2478 3758 2554">
    <p class='ocr_par' dir='ltr' id='par_1_48' title="bbox 2195 2478 3758 2554">
     <span class='ocr_line' id='line_1_48' title="bbox 2195 2478 3758 2554; baseline 0.003 -23"><span class='ocrx_word' id='word_1_333' title='bbox 2195 2478 2317 2531; x_wconf 85' lang='grc' dir='ltr'><strong>Ὅτι</strong></span> <span class='ocrx_word' id='word_1_334' title='bbox 2372 2480 2431 2531; x_wconf 79' lang='grc' dir='ltr'><strong>ὲν</strong></span> <span class='ocrx_word' id='word_1_335' title='bbox 2494 2479 2637 2550; x_wconf 81' lang='grc' dir='ltr'><strong>ἀρχῇ</strong></span> <span class='ocrx_word' id='word_1_336' title='bbox 2663 2479 2761 2548; x_wconf 85' lang='grc' dir='ltr'><strong>μὲν</strong></span> <span class='ocrx_word' id='word_1_337' title='bbox 2799 2480 2848 2532; x_wconf 83' lang='grc' dir='ltr'><strong>οἱ</strong></span> <span class='ocrx_word' id='word_1_338' title='bbox 2868 2479 2963 2533; x_wconf 92' lang='grc' dir='ltr'><strong>δύο</strong></span> <span class='ocrx_word' id='word_1_339' title='bbox 3026 2480 3223 2552; x_wconf 81' lang='grc' dir='ltr'><strong>λῃσταὶ</strong></span> <span class='ocrx_word' id='word_1_340' title='bbox 3280 2484 3637 2554; x_wconf 85' lang='grc' dir='ltr'><strong>παραπλήσια</strong></span> <span class='ocrx_word' id='word_1_341' title='bbox 3660 2485 3758 2545; x_wconf 81' lang='grc' dir='ltr'><strong>τοῖς</strong></span> 
     </span>
    </p>
   </div>
   <div class='ocr_carea' id='block_1_49' title="bbox 2192 2568 3754 2641">
    <p class='ocr_par' dir='ltr' id='par_1_49' title="bbox 2192 2568 3754 2641">
     <span class='ocr_line' id='line_1_49' title="bbox 2192 2568 3754 2641; baseline 0.001 -18"><span class='ocrx_word' id='word_1_342' title='bbox 2192 2568 2468 2632; x_wconf 83' lang='grc' dir='ltr'><strong>Ἰουδαίοις</strong></span> <span class='ocrx_word' id='word_1_343' title='bbox 2518 2568 2868 2639; x_wconf 77' lang='grc' dir='ltr'><strong>ἐφθέγγοντο,</strong></span> <span class='ocrx_word' id='word_1_344' title='bbox 2922 2571 3269 2641; x_wconf 77' lang='grc' dir='ltr'><strong>χαριζόμενοι</strong></span> <span class='ocrx_word' id='word_1_345' title='bbox 3333 2573 3543 2635; x_wconf 79' lang='grc' dir='ltr'><strong>αὐτοῖς,</strong></span> <span class='ocrx_word' id='word_1_346' title='bbox 3599 2572 3754 2635; x_wconf 70' lang='lat' dir='ltr'><strong>sim;</strong></span> 
     </span>
    </p>
   </div>
   <div class='ocr_carea' id='block_1_50' title="bbox 2192 2660 3751 2734">
    <p class='ocr_par' dir='ltr' id='par_1_50' title="bbox 2192 2660 3751 2734">
     <span class='ocr_line' id='line_1_50' title="bbox 2192 2660 3751 2734; baseline 0.001 -20"><span class='ocrx_word' id='word_1_347' title='bbox 2192 2661 2315 2715; x_wconf 78' lang='grc' dir='ltr'><strong>τινὰ</strong></span> <span class='ocrx_word' id='word_1_348' title='bbox 2351 2660 2600 2733; x_wconf 85' lang='grc' dir='ltr'><strong>βοήθειαν</strong></span> <span class='ocrx_word' id='word_1_349' title='bbox 2624 2661 2836 2733; x_wconf 74' lang='grc' dir='ltr'><strong>εὕροιεν</strong></span> <span class='ocrx_word' id='word_1_350' title='bbox 2867 2664 2994 2731; x_wconf 83' lang='grc' dir='ltr'><strong>παρ’</strong></span> <span class='ocrx_word' id='word_1_351' title='bbox 3021 2663 3232 2730; x_wconf 51' lang='grc' dir='ltr'><strong>αὐτῶνθ</strong></span> <span class='ocrx_word' id='word_1_352' title='bbox 3264 2664 3451 2734; x_wconf 72' lang='grc' dir='ltr'><strong>ἐπειδὴ</strong></span> <span class='ocrx_word' id='word_1_353' title='bbox 3499 2664 3557 2717; x_wconf 76' lang='grc' dir='ltr'><strong>δὲ</strong></span> <span class='ocrx_word' id='word_1_354' title='bbox 3618 2665 3751 2733; x_wconf 68' lang='lat' dir='ltr'><strong>amp</strong></span> 
     </span>
    </p>
   </div>
   <div class='ocr_carea' id='block_1_51' title="bbox 513 2752 2092 2825">
    <p class='ocr_par' dir='ltr' id='par_1_51' title="bbox 513 2753 2088 2825">
     <span class='ocr_line' id='line_1_51' title="bbox 513 2753 2088 2825; baseline 0.002 -17"><span class='ocrx_word' id='word_1_355' title='bbox 513 2753 649 2809; x_wconf 78' lang='lat' dir='ltr'><strong>rint.</strong></span> <span class='ocrx_word' id='word_1_356' title='bbox 684 2753 790 2809; x_wconf 89' lang='lat' dir='ltr'><strong>Sed</strong></span> <span class='ocrx_word' id='word_1_357' title='bbox 822 2764 1113 2825; x_wconf 83' lang='lat' dir='ltr'><strong>postquam</strong></span> <span class='ocrx_word' id='word_1_358' title='bbox 1145 2772 1266 2824; x_wconf 64' lang='lat' dir='ltr'><strong>quae</strong></span> <span class='ocrx_word' id='word_1_359' title='bbox 1294 2756 1687 2825; x_wconf 79' lang='lat' dir='ltr'><strong>exspectabant</strong></span> <span class='ocrx_word' id='word_1_360' title='bbox 1712 2756 1922 2811; x_wconf 90' lang='lat' dir='ltr'><strong>inutilia</strong></span> <span class='ocrx_word' id='word_1_361' title='bbox 1973 2756 2088 2811; x_wconf 90' lang='lat' dir='ltr'><strong>visa</strong></span> 
     </span>
    </p>
   </div>
   <div class='ocr_carea' id='block_1_52' title="bbox 2193 2752 3756 2825">
    <p class='ocr_par' dir='ltr' id='par_1_52' title="bbox 2194 2752 3756 2825">
     <span class='ocr_line' id='line_1_52' title="bbox 2194 2752 3756 2825; baseline 0 -20"><span class='ocrx_word' id='word_1_362' title='bbox 2194 2752 2543 2822; x_wconf 86' lang='grc' dir='ltr'><strong>προσεδόκων</strong></span> <span class='ocrx_word' id='word_1_363' title='bbox 2582 2753 2857 2824; x_wconf 80' lang='grc' dir='ltr'><strong>ἦργησαν,</strong></span> <span class='ocrx_word' id='word_1_364' title='bbox 2884 2754 3110 2824; x_wconf 83' lang='grc' dir='ltr'><strong>θάτερος</strong></span> <span class='ocrx_word' id='word_1_365' title='bbox 3145 2754 3253 2808; x_wconf 88' lang='grc' dir='ltr'><strong>τῶν</strong></span> <span class='ocrx_word' id='word_1_366' title='bbox 3272 2754 3509 2825; x_wconf 83' lang='grc' dir='ltr'><strong>λῃστῶν,</strong></span> <span class='ocrx_word' id='word_1_367' title='bbox 3528 2754 3682 2816; x_wconf 81' lang='grc' dir='ltr'><strong>αὑτός</strong></span> <span class='ocrx_word' id='word_1_368' title='bbox 3704 2771 3756 2805; x_wconf 84' lang='grc' dir='ltr'><strong>τε</strong></span> 
     </span>
    </p>
   </div>
   <div class='ocr_carea' id='block_1_53' title="bbox 510 2843 2092 2917">
    <p class='ocr_par' dir='ltr' id='par_1_53' title="bbox 510 2846 2090 2911">
     <span class='ocr_line' id='line_1_53' title="bbox 510 2846 2090 2911; baseline 0.003 -13"><span class='ocrx_word' id='word_1_369' title='bbox 510 2854 661 2911; x_wconf 85' lang='lat' dir='ltr'><strong>sunt,</strong></span> <span class='ocrx_word' id='word_1_370' title='bbox 695 2862 839 2901; x_wconf 89' lang='lat' dir='ltr'><strong>unus</strong></span> <span class='ocrx_word' id='word_1_371' title='bbox 877 2861 910 2901; x_wconf 94' lang='lat' dir='ltr'><strong>e</strong></span> <span class='ocrx_word' id='word_1_372' title='bbox 946 2846 1251 2902; x_wconf 88' lang='lat' dir='ltr'><strong>latronibus</strong></span> <span class='ocrx_word' id='word_1_373' title='bbox 1280 2856 1337 2901; x_wconf 89' lang='lat' dir='ltr'><strong>et</strong></span> <span class='ocrx_word' id='word_1_374' title='bbox 1379 2846 1433 2900; x_wconf 91' lang='lat' dir='ltr'><strong>in</strong></span> <span class='ocrx_word' id='word_1_375' title='bbox 1478 2863 1540 2902; x_wconf 88' lang='lat' dir='ltr'><strong>se</strong></span> <span class='ocrx_word' id='word_1_376' title='bbox 1583 2862 1838 2901; x_wconf 82' lang='lat' dir='ltr'><strong>reversus</strong></span> <span class='ocrx_word' id='word_1_377' title='bbox 1884 2857 1988 2909; x_wconf 87' lang='lat' dir='ltr'><strong>est,</strong></span> <span class='ocrx_word' id='word_1_378' title='bbox 2032 2856 2090 2902; x_wconf 87' lang='lat' dir='ltr'><strong>et</strong></span> 
     </span>
    </p>
   </div>
   <div class='ocr_carea' id='block_1_54' title="bbox 2193 2843 3754 2917">
    <p class='ocr_par' dir='ltr' id='par_1_54' title="bbox 2194 2843 3754 2917">
     <span class='ocr_line' id='line_1_54' title="bbox 2194 2843 3754 2917; baseline 0.001 -19"><span class='ocrx_word' id='word_1_379' title='bbox 2194 2843 2429 2914; x_wconf 70' lang='grc' dir='ltr'><strong>ἀνένηφε</strong></span> <span class='ocrx_word' id='word_1_380' title='bbox 2463 2845 2557 2897; x_wconf 71' lang='grc' dir='ltr'><strong>καὶ</strong></span> <span class='ocrx_word' id='word_1_381' title='bbox 2581 2845 2672 2899; x_wconf 74' lang='grc' dir='ltr'><strong>τὸν</strong></span> <span class='ocrx_word' id='word_1_382' title='bbox 2702 2844 2862 2898; x_wconf 74' lang='grc' dir='ltr'><strong>ἄλλον</strong></span> <span class='ocrx_word' id='word_1_383' title='bbox 2888 2846 2968 2908; x_wconf 84' lang='grc' dir='ltr'><strong>είς</strong></span> <span class='ocrx_word' id='word_1_384' title='bbox 2992 2844 3153 2899; x_wconf 90' lang='grc' dir='ltr'><strong>τοῦτο</strong></span> <span class='ocrx_word' id='word_1_385' title='bbox 3180 2846 3575 2917; x_wconf 81' lang='grc' dir='ltr'><strong>προετρέπετο.</strong></span> <span class='ocrx_word' id='word_1_386' title='bbox 3600 2846 3754 2900; x_wconf 78' lang='grc' dir='ltr'><strong>Πόθεν</strong></span> 
     </span>
    </p>
   </div>
   <div class='ocr_carea' id='block_1_55' title="bbox 510 2927 2092 3006">
    <p class='ocr_par' dir='ltr' id='par_1_55' title="bbox 510 2933 2092 2992">
     <span class='ocr_line' id='line_1_55' title="bbox 510 2933 2092 2992; baseline 0.001 -3"><span class='ocrx_word' id='word_1_387' title='bbox 510 2933 744 2989; x_wconf 85' lang='lat' dir='ltr'><strong>alterum</strong></span> <span class='ocrx_word' id='word_1_388' title='bbox 779 2935 844 2990; x_wconf 78' lang='lat' dir='ltr'><strong>ad</strong></span> <span class='ocrx_word' id='word_1_389' title='bbox 886 2936 1031 2990; x_wconf 83' lang='lat' dir='ltr'><strong>idem</strong></span> <span class='ocrx_word' id='word_1_390' title='bbox 1078 2936 1492 2992; x_wconf 80' lang='lat' dir='ltr'><strong>exhortabatur.</strong></span> <span class='ocrx_word' id='word_1_391' title='bbox 1534 2935 1689 2991; x_wconf 88' lang='lat' dir='ltr'><strong>Unde</strong></span> <span class='ocrx_word' id='word_1_392' title='bbox 1725 2945 1909 2991; x_wconf 86' lang='lat' dir='ltr'><strong>autem</strong></span> <span class='ocrx_word' id='word_1_393' title='bbox 1950 2951 2092 2991; x_wconf 85' lang='lat' dir='ltr'><strong>unus</strong></span> 
     </span>
    </p>
   </div>
   <div class='ocr_carea' id='block_1_56' title="bbox 2193 2927 3756 3006">
    <p class='ocr_par' dir='ltr' id='par_1_56' title="bbox 2194 2927 3756 3006">
     <span class='ocr_line' id='line_1_56' title="bbox 2194 2927 3756 3006; baseline 0.001 -21"><span class='ocrx_word' id='word_1_394' title='bbox 2194 2931 2251 2985; x_wconf 84' lang='grc' dir='ltr'><strong>δὲ</strong></span> <span class='ocrx_word' id='word_1_395' title='bbox 2280 2933 2313 2985; x_wconf 75' lang='grc' dir='ltr'><strong>ὁ</strong></span> <span class='ocrx_word' id='word_1_396' title='bbox 2329 2927 2411 2995; x_wconf 74' lang='grc' dir='ltr'><strong>εἷς</strong></span> <span class='ocrx_word' id='word_1_397' title='bbox 2433 2932 2735 3001; x_wconf 72' lang='grc' dir='ltr'><strong>ἅνένηψενς</strong></span> <span class='ocrx_word' id='word_1_398' title='bbox 2760 2931 2913 2987; x_wconf 69' lang='grc' dir='ltr'><strong>οὔπω</strong></span> <span class='ocrx_word' id='word_1_399' title='bbox 2932 2934 3046 3006; x_wconf 78' lang='grc' dir='ltr'><strong>γὰρ</strong></span> <span class='ocrx_word' id='word_1_400' title='bbox 3070 2929 3139 3005; x_wconf 82' lang='grc' dir='ltr'><strong>ἦν</strong></span> <span class='ocrx_word' id='word_1_401' title='bbox 3168 2935 3237 2988; x_wconf 87' lang='grc' dir='ltr'><strong>τὰ</strong></span> <span class='ocrx_word' id='word_1_402' title='bbox 3259 2934 3511 2989; x_wconf 76' lang='grc' dir='ltr'><strong>κατὰτδν</strong></span> <span class='ocrx_word' id='word_1_403' title='bbox 3541 2936 3756 3006; x_wconf 77' lang='grc' dir='ltr'><strong>σταυρὸν</strong></span> 
     </span>
    </p>
   </div>
   <div class='ocr_carea' id='block_1_57' title="bbox 512 3022 2092 3096">
    <p class='ocr_par' dir='ltr' id='par_1_57' title="bbox 512 3022 2092 3096">
     <span class='ocr_line' id='line_1_57' title="bbox 512 3022 2092 3096; baseline 0.003 -21"><span class='ocrx_word' id='word_1_404' title='bbox 512 3022 568 3076; x_wconf 94' lang='lat' dir='ltr'><strong>in</strong></span> <span class='ocrx_word' id='word_1_405' title='bbox 592 3038 651 3077; x_wconf 83' lang='lat' dir='ltr'><strong>se</strong></span> <span class='ocrx_word' id='word_1_406' title='bbox 673 3038 929 3079; x_wconf 76' lang='lat' dir='ltr'><strong>reversus</strong></span> <span class='ocrx_word' id='word_1_407' title='bbox 956 3033 1063 3089; x_wconf 89' lang='lat' dir='ltr'><strong>est,</strong></span> <span class='ocrx_word' id='word_1_408' title='bbox 1102 3026 1343 3079; x_wconf 89' lang='lat' dir='ltr'><strong>nondum</strong></span> <span class='ocrx_word' id='word_1_409' title='bbox 1369 3027 1516 3080; x_wconf 89' lang='lat' dir='ltr'><strong>enim</strong></span> <span class='ocrx_word' id='word_1_410' title='bbox 1548 3026 1761 3080; x_wconf 87' lang='lat' dir='ltr'><strong>viderat</strong></span> <span class='ocrx_word' id='word_1_411' title='bbox 1798 3040 1920 3096; x_wconf 67' lang='lat' dir='ltr'><strong>qua</strong></span> <span class='ocrx_word' id='word_1_412' title='bbox 1949 3024 2092 3079; x_wconf 86' lang='lat' dir='ltr'><strong>facta</strong></span> 
     </span>
    </p>
   </div>
   <div class='ocr_carea' id='block_1_58' title="bbox 510 3116 2096 3188">
    <p class='ocr_par' dir='ltr' id='par_1_58' title="bbox 510 3116 2096 3188">
     <span class='ocr_line' id='line_1_58' title="bbox 510 3116 2096 3188; baseline 0.003 -18"><span class='ocrx_word' id='word_1_413' title='bbox 510 3124 645 3170; x_wconf 76' lang='lat' dir='ltr'><strong>sunt</strong></span> <span class='ocrx_word' id='word_1_414' title='bbox 682 3116 736 3170; x_wconf 91' lang='lat' dir='ltr'><strong>in</strong></span> <span class='ocrx_word' id='word_1_415' title='bbox 772 3132 937 3173; x_wconf 82' lang='lat' dir='ltr'><strong>cruce</strong></span> <span class='ocrx_word' id='word_1_416' title='bbox 975 3119 1255 3188; x_wconf 76' lang='lat' dir='ltr'><strong>prodigia?</strong></span> <span class='ocrx_word' id='word_1_417' title='bbox 1302 3117 1345 3172; x_wconf 83' lang='grc' dir='ltr'>Ε</span> <span class='ocrx_word' id='word_1_418' title='bbox 1397 3118 1579 3174; x_wconf 83' lang='lat' dir='ltr'><strong>verbis</strong></span> <span class='ocrx_word' id='word_1_419' title='bbox 1612 3116 1851 3173; x_wconf 87' lang='lat' dir='ltr'><strong>fortasse</strong></span> <span class='ocrx_word' id='word_1_420' title='bbox 1894 3119 2096 3188; x_wconf 78' lang='lat' dir='ltr'><strong>quibus</strong></span> 
     </span>
    </p>
   </div>
   <div class='ocr_carea' id='block_1_59' title="bbox 509 3205 2094 3278">
    <p class='ocr_par' dir='ltr' id='par_1_59' title="bbox 509 3205 2094 3278">
     <span class='ocr_line' id='line_1_59' title="bbox 509 3205 2094 3278; baseline 0.003 -19"><span class='ocrx_word' id='word_1_421' title='bbox 509 3205 770 3261; x_wconf 77' lang='lat' dir='ltr'><strong>Christus</strong></span> <span class='ocrx_word' id='word_1_422' title='bbox 798 3207 966 3263; x_wconf 87' lang='lat' dir='ltr'><strong>libere</strong></span> <span class='ocrx_word' id='word_1_423' title='bbox 994 3206 1212 3264; x_wconf 86' lang='lat' dir='ltr'><strong>Patrem</strong></span> <span class='ocrx_word' id='word_1_424' title='bbox 1244 3209 1627 3278; x_wconf 87' lang='lat' dir='ltr'><strong>compellabat,</strong></span> <span class='ocrx_word' id='word_1_425' title='bbox 1670 3209 1851 3273; x_wconf 84' lang='lat' dir='ltr'><strong>Pater,</strong></span> <span class='ocrx_word' id='word_1_426' title='bbox 1884 3210 2094 3264; x_wconf 78' lang='lat' dir='ltr'><strong>dimitte</strong></span> 
     </span>
    </p>
   </div>
   <div class='ocr_carea' id='block_1_60' title="bbox 511 3294 1924 3371">
    <p class='ocr_par' dir='ltr' id='par_1_60' title="bbox 511 3294 1924 3371">
     <span class='ocr_line' id='line_1_60' title="bbox 511 3294 1924 3371; baseline 0.004 -21"><span class='ocrx_word' id='word_1_427' title='bbox 511 3294 625 3352; x_wconf 72' lang='lat' dir='ltr'><strong>illis</strong></span> <span class='ocrx_word' id='word_1_428' title='bbox 645 3297 741 3350; x_wconf 78' lang='lat' dir='ltr'><strong>hoc</strong></span> <span class='ocrx_word' id='word_1_429' title='bbox 765 3309 1063 3365; x_wconf 79' lang='lat' dir='ltr'><strong>peccatum,</strong></span> <span class='ocrx_word' id='word_1_430' title='bbox 1090 3302 1324 3355; x_wconf 74' lang='lat' dir='ltr'><strong>nesciunt</strong></span> <span class='ocrx_word' id='word_1_431' title='bbox 1358 3303 1498 3355; x_wconf 75' lang='lat' dir='ltr'><strong>enim</strong></span> <span class='ocrx_word' id='word_1_432' title='bbox 1522 3300 1659 3370; x_wconf 87' lang='lat' dir='ltr'><strong>quod</strong></span> <span class='ocrx_word' id='word_1_433' title='bbox 1696 3301 1924 3371; x_wconf 79' lang='lat' dir='ltr'><strong>faciunt.</strong></span> 
     </span>
    </p>
   </div>
   <div class='ocr_carea' id='block_1_61' title="bbox 586 3385 2093 3461">
    <p class='ocr_par' dir='ltr' id='par_1_61' title="bbox 586 3385 2093 3461">
     <span class='ocr_line' id='line_1_61' title="bbox 586 3385 2093 3461; baseline 0.007 -22"><span class='ocrx_word' id='word_1_434' title='bbox 586 3385 747 3443; x_wconf 75' lang='lat' dir='ltr'><strong>Vsus.</strong></span> <span class='ocrx_word' id='word_1_435' title='bbox 773 3389 865 3444; x_wconf 69' lang='grc'><strong>42.</strong></span> <span class='ocrx_word' id='word_1_436' title='bbox 891 3388 1176 3447; x_wconf 69' lang='grc' dir='ltr'><strong>Μαιιιιαιιιε</strong></span> <span class='ocrx_word' id='word_1_437' title='bbox 1206 3393 1426 3461; x_wconf 87' lang='lat' dir='ltr'><strong>quidem</strong></span> <span class='ocrx_word' id='word_1_438' title='bbox 1454 3403 1507 3447; x_wconf 90' lang='lat' dir='ltr'><strong>et</strong></span> <span class='ocrx_word' id='word_1_439' title='bbox 1527 3393 1745 3449; x_wconf 81' lang='lat' dir='ltr'><strong>Marcus</strong></span> <span class='ocrx_word' id='word_1_440' title='bbox 1770 3393 2093 3449; x_wconf 86' lang='lat' dir='ltr'><strong>festinantes</strong></span> 
     </span>
    </p>
   </div>
   <div class='ocr_carea' id='block_1_62' title="bbox 512 3478 2094 3555">
    <p class='ocr_par' dir='ltr' id='par_1_62' title="bbox 512 3478 2094 3555">
     <span class='ocr_line' id='line_1_62' title="bbox 512 3478 2094 3555; baseline 0.005 -23"><span class='ocrx_word' id='word_1_441' title='bbox 512 3478 624 3534; x_wconf 87' lang='lat' dir='ltr'><strong>alia</strong></span> <span class='ocrx_word' id='word_1_442' title='bbox 653 3495 879 3537; x_wconf 88' lang='lat' dir='ltr'><strong>narrare</strong></span> <span class='ocrx_word' id='word_1_443' title='bbox 925 3498 1097 3554; x_wconf 86' lang='lat' dir='ltr'><strong>usque</strong></span> <span class='ocrx_word' id='word_1_444' title='bbox 1141 3483 1208 3538; x_wconf 88' lang='lat' dir='ltr'><strong>ad</strong></span> <span class='ocrx_word' id='word_1_445' title='bbox 1249 3484 1403 3551; x_wconf 91' lang='lat' dir='ltr'><strong>illud,</strong></span> <span class='ocrx_word' id='word_1_446' title='bbox 1432 3484 1701 3541; x_wconf 85' lang='lat' dir='ltr'><strong>Latrones</strong></span> <span class='ocrx_word' id='word_1_447' title='bbox 1752 3486 2094 3555; x_wconf 82' lang='lat' dir='ltr'><strong>impropera-</strong></span> 
     </span>
    </p>
   </div>
   <div class='ocr_carea' id='block_1_63' title="bbox 511 3568 2092 3646">
    <p class='ocr_par' dir='ltr' id='par_1_63' title="bbox 511 3568 2092 3646">
     <span class='ocr_line' id='line_1_63' title="bbox 511 3568 2092 3646; baseline 0.006 -22"><span class='ocrx_word' id='word_1_448' title='bbox 511 3568 650 3626; x_wconf 79' lang='lat' dir='ltr'><strong>bant</strong></span> <span class='ocrx_word' id='word_1_449' title='bbox 683 3574 733 3627; x_wconf 90' lang='lat' dir='ltr'><strong>el</strong></span> <span class='ocrx_word' id='word_1_450' title='bbox 770 3612 784 3635; x_wconf 92' lang='lat'><strong>,</strong></span> <span class='ocrx_word' id='word_1_451' title='bbox 846 3574 1113 3644; x_wconf 87' lang='lat' dir='ltr'><strong>reliquam</strong></span> <span class='ocrx_word' id='word_1_452' title='bbox 1164 3586 1444 3646; x_wconf 72' lang='lat' dir='ltr'><strong>gestorum</strong></span> <span class='ocrx_word' id='word_1_453' title='bbox 1478 3577 1534 3632; x_wconf 92' lang='lat' dir='ltr'><strong>in</strong></span> <span class='ocrx_word' id='word_1_454' title='bbox 1583 3594 1747 3633; x_wconf 88' lang='lat' dir='ltr'><strong>cruce</strong></span> <span class='ocrx_word' id='word_1_455' title='bbox 1802 3579 2092 3634; x_wconf 87' lang='lat' dir='ltr'><strong>historiam</strong></span> 
     </span>
    </p>
   </div>
   <div class='ocr_carea' id='block_1_64' title="bbox 510 3665 2092 3740">
    <p class='ocr_par' dir='ltr' id='par_1_64' title="bbox 510 3665 2092 3740">
     <span class='ocr_line' id='line_1_64' title="bbox 510 3665 2092 3740; baseline 0.006 -23"><span class='ocrx_word' id='word_1_456' title='bbox 510 3665 1006 3733; x_wconf 62' lang='lat' dir='ltr'><strong>praetermiserunt.</strong></span> <span class='ocrx_word' id='word_1_457' title='bbox 1051 3666 1232 3723; x_wconf 85' lang='lat' dir='ltr'><strong>Lucas</strong></span> <span class='ocrx_word' id='word_1_458' title='bbox 1277 3679 1460 3723; x_wconf 84' lang='lat' dir='ltr'><strong>autem</strong></span> <span class='ocrx_word' id='word_1_459' title='bbox 1518 3670 1700 3737; x_wconf 87' lang='lat' dir='ltr'><strong>priora</strong></span> <span class='ocrx_word' id='word_1_460' title='bbox 1749 3671 2092 3740; x_wconf 66' lang='lat' dir='ltr'><strong>praeteriens,</strong></span> 
     </span>
    </p>
   </div>
   <div class='ocr_carea' id='block_1_65' title="bbox 512 3757 2094 3829">
    <p class='ocr_par' dir='ltr' id='par_1_65' title="bbox 512 3757 2094 3829">
     <span class='ocr_line' id='line_1_65' title="bbox 512 3757 2094 3829; baseline 0.004 -20"><span class='ocrx_word' id='word_1_461' title='bbox 512 3763 775 3824; x_wconf 71' lang='lat' dir='ltr'><strong>tanquam</strong></span> <span class='ocrx_word' id='word_1_462' title='bbox 835 3757 906 3812; x_wconf 90' lang='lat' dir='ltr'><strong>ab</strong></span> <span class='ocrx_word' id='word_1_463' title='bbox 944 3757 1070 3814; x_wconf 87' lang='lat' dir='ltr'><strong>aliis</strong></span> <span class='ocrx_word' id='word_1_464' title='bbox 1105 3758 1249 3814; x_wconf 90' lang='lat' dir='ltr'><strong>dicta</strong></span> <span class='ocrx_word' id='word_1_465' title='bbox 1282 3799 1298 3825; x_wconf 96' lang='lat'><strong>,</strong></span> <span class='ocrx_word' id='word_1_466' title='bbox 1329 3775 1453 3829; x_wconf 73' lang='lat' dir='ltr'><strong>qua:</strong></span> <span class='ocrx_word' id='word_1_467' title='bbox 1491 3761 1958 3829; x_wconf 59' lang='lat' dir='ltr'><strong>prastermiserant</strong></span> <span class='ocrx_word' id='word_1_468' title='bbox 1996 3761 2094 3827; x_wconf 90' lang='lat' dir='ltr'><strong>illi,</strong></span> 
     </span>
    </p>
   </div>
   <div class='ocr_carea' id='block_1_66' title="bbox 515 3845 2096 3918">
    <p class='ocr_par' dir='ltr' id='par_1_66' title="bbox 515 3845 2096 3918">
     <span class='ocr_line' id='line_1_66' title="bbox 515 3845 2096 3918; baseline 0.006 -20"><span class='ocrx_word' id='word_1_469' title='bbox 515 3845 573 3898; x_wconf 91' lang='lat' dir='ltr'><strong>in</strong></span> <span class='ocrx_word' id='word_1_470' title='bbox 604 3856 708 3911; x_wconf 90' lang='lat' dir='ltr'><strong>est,</strong></span> <span class='ocrx_word' id='word_1_471' title='bbox 755 3848 921 3905; x_wconf 89' lang='lat' dir='ltr'><strong>unius</strong></span> <span class='ocrx_word' id='word_1_472' title='bbox 964 3849 1194 3904; x_wconf 89' lang='lat' dir='ltr'><strong>latronis</strong></span> <span class='ocrx_word' id='word_1_473' title='bbox 1232 3850 1654 3906; x_wconf 87' lang='lat' dir='ltr'><strong>conversionem</strong></span> <span class='ocrx_word' id='word_1_474' title='bbox 1703 3862 1913 3918; x_wconf 83' lang='lat' dir='ltr'><strong>narrat,</strong></span> <span class='ocrx_word' id='word_1_475' title='bbox 1952 3854 2096 3907; x_wconf 90' lang='lat' dir='ltr'><strong>inci-</strong></span> 
     </span>
    </p>
   </div>
   <div class='ocr_carea' id='block_1_67' title="bbox 513 3934 2099 4010">
    <p class='ocr_par' dir='ltr' id='par_1_67' title="bbox 513 3934 2099 4010">
     <span class='ocr_line' id='line_1_67' title="bbox 513 3934 2099 4010; baseline 0.007 -25"><span class='ocrx_word' id='word_1_476' title='bbox 513 3934 717 4004; x_wconf 85' lang='lat' dir='ltr'><strong>piendo</strong></span> <span class='ocrx_word' id='word_1_477' title='bbox 766 3952 799 3992; x_wconf 85' lang='lat' dir='ltr'><strong>a</strong></span> <span class='ocrx_word' id='word_1_478' title='bbox 838 3938 1019 3994; x_wconf 87' lang='lat' dir='ltr'><strong>verbis</strong></span> <span class='ocrx_word' id='word_1_479' title='bbox 1064 3955 1187 4009; x_wconf 71' lang='lat' dir='ltr'><strong>qua:</strong></span> <span class='ocrx_word' id='word_1_480' title='bbox 1225 3941 1363 3995; x_wconf 78' lang='lat' dir='ltr'><strong>dixit</strong></span> <span class='ocrx_word' id='word_1_481' title='bbox 1419 3941 1729 3997; x_wconf 86' lang='lat' dir='ltr'><strong>Dominus:</strong></span> <span class='ocrx_word' id='word_1_482' title='bbox 1788 3942 1968 4010; x_wconf 82' lang='lat' dir='ltr'><strong>Pater,</strong></span> <span class='ocrx_word' id='word_1_483' title='bbox 2013 3943 2099 3996; x_wconf 80' lang='lat' dir='ltr'><strong>di-</strong></span> 
     </span>
    </p>
   </div>
   <div class='ocr_carea' id='block_1_68' title="bbox 515 4025 835 4083">
    <p class='ocr_par' dir='ltr' id='par_1_68' title="bbox 515 4025 835 4083">
     <span class='ocr_line' id='line_1_68' title="bbox 515 4025 835 4083; baseline 0.013 -6"><span class='ocrx_word' id='word_1_484' title='bbox 515 4025 668 4081; x_wconf 79' lang='lat' dir='ltr'><strong>mitte</strong></span> <span class='ocrx_word' id='word_1_485' title='bbox 702 4027 835 4083; x_wconf 76' lang='lat' dir='ltr'><strong>illis.</strong></span> 
     </span>
    </p>
   </div>
   <div class='ocr_carea' id='block_1_69' title="bbox 590 4115 2103 4195">
    <p class='ocr_par' dir='ltr' id='par_1_69' title="bbox 590 4115 2103 4195">
     <span class='ocr_line' id='line_1_69' title="bbox 590 4115 2103 4195; baseline 0.008 -26"><span class='ocrx_word' id='word_1_486' title='bbox 590 4115 757 4174; x_wconf 71' lang='lat' dir='ltr'><strong>Vens.</strong></span> <span class='ocrx_word' id='word_1_487' title='bbox 788 4121 876 4175; x_wconf 67' lang='grc' dir='ltr'><strong>ιδ.</strong></span> <span class='ocrx_word' id='word_1_488' title='bbox 909 4120 1199 4189; x_wconf 87' lang='lat' dir='ltr'><strong>Quomodo</strong></span> <span class='ocrx_word' id='word_1_489' title='bbox 1232 4124 1451 4180; x_wconf 88' lang='lat' dir='ltr'><strong>Domini</strong></span> <span class='ocrx_word' id='word_1_490' title='bbox 1507 4126 1805 4195; x_wconf 90' lang='lat' dir='ltr'><strong>promissio</strong></span> <span class='ocrx_word' id='word_1_491' title='bbox 1833 4128 1901 4183; x_wconf 91' lang='lat' dir='ltr'><strong>ad</strong></span> <span class='ocrx_word' id='word_1_492' title='bbox 1933 4127 2103 4182; x_wconf 89' lang='lat' dir='ltr'><strong>latro-</strong></span> 
     </span>
    </p>
   </div>
   <div class='ocr_carea' id='block_1_70' title="bbox 2197 3020 3759 3099">
    <p class='ocr_par' dir='ltr' id='par_1_70' title="bbox 2197 3020 3759 3099">
     <span class='ocr_line' id='line_1_70' title="bbox 2197 3020 3759 3099; baseline 0.004 -24"><span class='ocrx_word' id='word_1_493' title='bbox 2197 3022 2534 3093; x_wconf 78' lang='grc' dir='ltr'><strong>θεασάμενος</strong></span> <span class='ocrx_word' id='word_1_494' title='bbox 2558 3024 2835 3094; x_wconf 79' lang='grc' dir='ltr'><strong>θαύματα.</strong></span> <span class='ocrx_word' id='word_1_495' title='bbox 2856 3026 2970 3079; x_wconf 63' lang='grc' dir='ltr'><strong>«Ἐκ</strong></span> <span class='ocrx_word' id='word_1_496' title='bbox 2993 3024 3102 3079; x_wconf 88' lang='grc' dir='ltr'><strong>τῶν</strong></span> <span class='ocrx_word' id='word_1_497' title='bbox 3126 3026 3306 3092; x_wconf 80' lang='grc' dir='ltr'><strong>λόγων</strong></span> <span class='ocrx_word' id='word_1_498' title='bbox 3352 3027 3485 3091; x_wconf 73' lang='grc' dir='ltr'><strong>ἴσως</strong></span> <span class='ocrx_word' id='word_1_499' title='bbox 3520 3020 3696 3099; x_wconf 84' lang='grc' dir='ltr'><strong>ὧνπερ</strong></span> <span class='ocrx_word' id='word_1_500' title='bbox 3728 3029 3759 3081; x_wconf 85' lang='lat'><strong>6</strong></span> 
     </span>
    </p>
   </div>
   <div class='ocr_carea' id='block_1_71' title="bbox 2196 3111 3754 3191">
    <p class='ocr_par' dir='ltr' id='par_1_71' title="bbox 2196 3111 3754 3191">
     <span class='ocr_line' id='line_1_71' title="bbox 2196 3111 3754 3191; baseline 0.004 -24"><span class='ocrx_word' id='word_1_501' title='bbox 2196 3114 2403 3185; x_wconf 81' lang='grc' dir='ltr'><strong>Κύριος</strong></span> <span class='ocrx_word' id='word_1_502' title='bbox 2440 3116 2722 3187; x_wconf 75' lang='grc' dir='ltr'><strong>παρρησία</strong></span> <span class='ocrx_word' id='word_1_503' title='bbox 2750 3111 2904 3170; x_wconf 75' lang='grc' dir='ltr'><strong>εἷπεν</strong></span> <span class='ocrx_word' id='word_1_504' title='bbox 2946 3116 3085 3189; x_wconf 73' lang='grc' dir='ltr'><strong>πρὸς</strong></span> <span class='ocrx_word' id='word_1_505' title='bbox 3115 3117 3207 3172; x_wconf 75' lang='grc' dir='ltr'><strong>τὸν</strong></span> <span class='ocrx_word' id='word_1_506' title='bbox 3245 3118 3469 3191; x_wconf 81' lang='grc' dir='ltr'><strong>Πατέρα</strong></span> <span class='ocrx_word' id='word_1_507' title='bbox 3504 3136 3518 3149; x_wconf 85' lang='grc'>·</span> <span class='ocrx_word' id='word_1_508' title='bbox 3559 3118 3754 3187; x_wconf 75' lang='grc' dir='ltr'><strong>Πάτερ,</strong></span> 
     </span>
    </p>
   </div>
   <div class='ocr_carea' id='block_1_72' title="bbox 2119 3206 3761 3298">
    <p class='ocr_par' dir='ltr' id='par_1_72' title="bbox 2119 3206 3761 3298">
     <span class='ocr_line' id='line_1_72' title="bbox 2119 3206 3761 3298; baseline 0.004 -38"><span class='ocrx_word' id='word_1_509' title='bbox 2119 3240 2162 3298; x_wconf 74' lang='lat' dir='ltr'><strong>C</strong></span> <span class='ocrx_word' id='word_1_510' title='bbox 2196 3206 2343 3276; x_wconf 71' lang='grc' dir='ltr'><strong>ἄφες</strong></span> <span class='ocrx_word' id='word_1_511' title='bbox 2368 3208 2574 3275; x_wconf 82' lang='grc' dir='ltr'><strong>αὐτοῖς</strong></span> <span class='ocrx_word' id='word_1_512' title='bbox 2600 3208 2717 3278; x_wconf 78' lang='grc' dir='ltr'><strong>τὴν</strong></span> <span class='ocrx_word' id='word_1_513' title='bbox 2751 3210 3050 3281; x_wconf 76' lang='grc' dir='ltr'><strong>ἁμαρτίαν</strong></span> <span class='ocrx_word' id='word_1_514' title='bbox 3070 3213 3312 3281; x_wconf 71' lang='grc' dir='ltr'><strong>ταύτην*</strong></span> <span class='ocrx_word' id='word_1_515' title='bbox 3336 3215 3410 3268; x_wconf 87' lang='grc' dir='ltr'><strong>οὐ</strong></span> <span class='ocrx_word' id='word_1_516' title='bbox 3434 3213 3547 3283; x_wconf 80' lang='grc' dir='ltr'><strong>γὰρ</strong></span> <span class='ocrx_word' id='word_1_517' title='bbox 3575 3213 3761 3267; x_wconf 76' lang='grc' dir='ltr'><strong>οῖδασι</strong></span> 
     </span>
    </p>
   </div>
   <div class='ocr_carea' id='block_1_73' title="bbox 2194 3298 2587 3356">
    <p class='ocr_par' dir='ltr' id='par_1_73' title="bbox 2194 3298 2587 3356">
     <span class='ocr_line' id='line_1_73' title="bbox 2194 3298 2587 3356; baseline 0.008 -4"><span class='ocrx_word' id='word_1_518' title='bbox 2194 3300 2252 3352; x_wconf 83' lang='grc' dir='ltr'><strong>τί</strong></span> <span class='ocrx_word' id='word_1_519' title='bbox 2277 3298 2587 3356; x_wconf 82' lang='grc' dir='ltr'><strong>ποιοῦσιν.</strong></span> 
     </span>
    </p>
   </div>
   <div class='ocr_carea' id='block_1_74' title="bbox 2268 3393 3753 3469">
    <p class='ocr_par' dir='ltr' id='par_1_74' title="bbox 2268 3393 3753 3469">
     <span class='ocr_line' id='line_1_74' title="bbox 2268 3393 3753 3469; baseline 0.001 -23"><span class='ocrx_word' id='word_1_520' title='bbox 2268 3393 2392 3447; x_wconf 83' lang='grc' dir='ltr'><strong>Ὀτι</strong></span> <span class='ocrx_word' id='word_1_521' title='bbox 2421 3394 2450 3447; x_wconf 90' lang='lat'><strong>6</strong></span> <span class='ocrx_word' id='word_1_522' title='bbox 2500 3394 2598 3463; x_wconf 85' lang='grc' dir='ltr'><strong>μὲν</strong></span> <span class='ocrx_word' id='word_1_523' title='bbox 2646 3394 2929 3459; x_wconf 85' lang='grc' dir='ltr'><strong>Ματθαῖος</strong></span> <span class='ocrx_word' id='word_1_524' title='bbox 2979 3394 3073 3450; x_wconf 63' lang='grc' dir='ltr'><strong>καὶ¹</strong></span> <span class='ocrx_word' id='word_1_525' title='bbox 3128 3396 3358 3469; x_wconf 81' lang='grc' dir='ltr'><strong>Μάρκος</strong></span> <span class='ocrx_word' id='word_1_526' title='bbox 3418 3396 3753 3467; x_wconf 73' lang='grc' dir='ltr'><strong>ἐπειγόμενοι</strong></span> 
     </span>
    </p>
   </div>
   <div class='ocr_carea' id='block_1_75' title="bbox 2195 3480 3753 3560">
    <p class='ocr_par' dir='ltr' id='par_1_75' title="bbox 2195 3480 3753 3560">
     <span class='ocr_line' id='line_1_75' title="bbox 2195 3480 3753 3560; baseline 0.003 -23"><span class='ocrx_word' id='word_1_527' title='bbox 2195 3484 2333 3555; x_wconf 74' lang='grc' dir='ltr'><strong>πρὸς</strong></span> <span class='ocrx_word' id='word_1_528' title='bbox 2366 3485 2532 3556; x_wconf 69' lang='grc' dir='ltr'><strong>ἕτερα</strong></span> <span class='ocrx_word' id='word_1_529' title='bbox 2580 3487 2831 3551; x_wconf 79' lang='grc' dir='ltr'><strong>εἰπόντες</strong></span> <span class='ocrx_word' id='word_1_530' title='bbox 2857 3486 2963 3551; x_wconf 69' lang='grc' dir='ltr'><strong>ἕως</strong></span> <span class='ocrx_word' id='word_1_531' title='bbox 2996 3480 3059 3541; x_wconf 76' lang='grc' dir='ltr'><strong>οὗ</strong></span> <span class='ocrx_word' id='word_1_532' title='bbox 3095 3488 3367 3554; x_wconf 79' lang='grc' dir='ltr'><strong>ὠνείδιζον</strong></span> <span class='ocrx_word' id='word_1_533' title='bbox 3400 3489 3565 3543; x_wconf 80' lang='grc' dir='ltr'><strong>αὑτὸν</strong></span> <span class='ocrx_word' id='word_1_534' title='bbox 3595 3490 3642 3541; x_wconf 80' lang='grc' dir='ltr'><strong>οἱ</strong></span> <span class='ocrx_word' id='word_1_535' title='bbox 3669 3488 3753 3560; x_wconf 76' lang='grc' dir='ltr'><strong>λῃ-</strong></span> 
     </span>
    </p>
   </div>
   <div class='ocr_carea' id='block_1_76' title="bbox 2199 3576 3750 3652">
    <p class='ocr_par' dir='ltr' id='par_1_76' title="bbox 2199 3576 3750 3652">
     <span class='ocr_line' id='line_1_76' title="bbox 2199 3576 3750 3652; baseline -0.001 -20"><span class='ocrx_word' id='word_1_536' title='bbox 2199 3577 2342 3643; x_wconf 81' lang='grc' dir='ltr'><strong>σταὶ,</strong></span> <span class='ocrx_word' id='word_1_537' title='bbox 2374 3576 2446 3635; x_wconf 81' lang='grc' dir='ltr'><strong>τὰ</strong></span> <span class='ocrx_word' id='word_1_538' title='bbox 2472 3577 2637 3634; x_wconf 84' lang='grc' dir='ltr'><strong>λοιπὰ</strong></span> <span class='ocrx_word' id='word_1_539' title='bbox 2667 3579 2767 3651; x_wconf 85' lang='grc' dir='ltr'><strong>τῆς</strong></span> <span class='ocrx_word' id='word_1_540' title='bbox 2793 3579 3036 3651; x_wconf 73' lang='grc' dir='ltr'><strong>ἱστορίας</strong></span> <span class='ocrx_word' id='word_1_541' title='bbox 3075 3580 3178 3650; x_wconf 83' lang='grc' dir='ltr'><strong>τῆς</strong></span> <span class='ocrx_word' id='word_1_542' title='bbox 3217 3581 3346 3652; x_wconf 79' lang='grc' dir='ltr'><strong>περὶ</strong></span> <span class='ocrx_word' id='word_1_543' title='bbox 3402 3582 3500 3635; x_wconf 83' lang='grc' dir='ltr'><strong>τὸν</strong></span> <span class='ocrx_word' id='word_1_544' title='bbox 3546 3582 3750 3651; x_wconf 70' lang='grc' dir='ltr'><strong>σταυρδν</strong></span> 
     </span>
    </p>
   </div>
   <div class='ocr_carea' id='block_1_77' title="bbox 2199 3669 3750 3743">
    <p class='ocr_par' dir='ltr' id='par_1_77' title="bbox 2199 3669 3750 3743">
     <span class='ocr_line' id='line_1_77' title="bbox 2199 3669 3750 3743; baseline 0.001 -20"><span class='ocrx_word' id='word_1_545' title='bbox 2199 3669 2523 3741; x_wconf 71' lang='grc' dir='ltr'><strong>παρέλιπον,</strong></span> <span class='ocrx_word' id='word_1_546' title='bbox 2553 3670 2772 3735; x_wconf 78' lang='grc' dir='ltr'><strong>Λουκᾶς</strong></span> <span class='ocrx_word' id='word_1_547' title='bbox 2798 3671 2857 3725; x_wconf 77' lang='grc' dir='ltr'><strong>δὲ</strong></span> <span class='ocrx_word' id='word_1_548' title='bbox 2910 3671 3184 3743; x_wconf 78' lang='grc' dir='ltr'><strong>ἀφέμενος</strong></span> <span class='ocrx_word' id='word_1_549' title='bbox 3204 3672 3313 3725; x_wconf 89' lang='grc' dir='ltr'><strong>τῶν</strong></span> <span class='ocrx_word' id='word_1_550' title='bbox 3359 3676 3658 3743; x_wconf 85' lang='grc' dir='ltr'><strong>προτέρων,</strong></span> <span class='ocrx_word' id='word_1_551' title='bbox 3687 3675 3750 3736; x_wconf 79' lang='grc' dir='ltr'><strong>ὡς</strong></span> 
     </span>
    </p>
   </div>
   <div class='ocr_carea' id='block_1_78' title="bbox 2200 3760 3750 3838">
    <p class='ocr_par' dir='ltr' id='par_1_78' title="bbox 2200 3760 3750 3838">
     <span class='ocr_line' id='line_1_78' title="bbox 2200 3760 3750 3838; baseline 0.003 -25"><span class='ocrx_word' id='word_1_552' title='bbox 2200 3760 2353 3830; x_wconf 74' lang='grc' dir='ltr'><strong>παρὰ</strong></span> <span class='ocrx_word' id='word_1_553' title='bbox 2408 3763 2527 3825; x_wconf 72' lang='grc' dir='ltr'><strong>τοῖς</strong></span> <span class='ocrx_word' id='word_1_554' title='bbox 2578 3760 2761 3826; x_wconf 75' lang='grc' dir='ltr'><strong>ἄλλοις</strong></span> <span class='ocrx_word' id='word_1_555' title='bbox 2813 3763 3153 3834; x_wconf 74' lang='grc' dir='ltr'><strong>εἰρημένων,</strong></span> <span class='ocrx_word' id='word_1_556' title='bbox 3204 3767 3274 3819; x_wconf 81' lang='grc' dir='ltr'><strong>τὰ</strong></span> <span class='ocrx_word' id='word_1_557' title='bbox 3333 3766 3750 3838; x_wconf 80' lang='grc' dir='ltr'><strong>παραλειφθέντα</strong></span> 
     </span>
    </p>
   </div>
   <div class='ocr_carea' id='block_1_79' title="bbox 2201 3850 3744 3925">
    <p class='ocr_par' dir='ltr' id='par_1_79' title="bbox 2201 3850 3744 3925">
     <span class='ocr_line' id='line_1_79' title="bbox 2201 3850 3744 3925; baseline 0.001 -21"><span class='ocrx_word' id='word_1_558' title='bbox 2201 3850 2456 3916; x_wconf 72' lang='grc' dir='ltr'><strong>ἐκείνοις,</strong></span> <span class='ocrx_word' id='word_1_559' title='bbox 2496 3852 2747 3905; x_wconf 85' lang='grc' dir='ltr'><strong>τουτέστι</strong></span> <span class='ocrx_word' id='word_1_560' title='bbox 2797 3852 2894 3923; x_wconf 83' lang='grc' dir='ltr'><strong>τὴν</strong></span> <span class='ocrx_word' id='word_1_561' title='bbox 2944 3852 3038 3907; x_wconf 83' lang='grc' dir='ltr'><strong>τοῦ</strong></span> <span class='ocrx_word' id='word_1_562' title='bbox 3074 3854 3193 3917; x_wconf 76' lang='grc' dir='ltr'><strong>ἑνὸς</strong></span> <span class='ocrx_word' id='word_1_563' title='bbox 3226 3854 3426 3925; x_wconf 80' lang='grc' dir='ltr'><strong>λῃστοῦ</strong></span> <span class='ocrx_word' id='word_1_564' title='bbox 3470 3855 3744 3924; x_wconf 71' lang='grc' dir='ltr'><strong>ἐπίγνωσιν</strong></span> 
     </span>
    </p>
   </div>
   <div class='ocr_carea' id='block_1_80' title="bbox 2204 3944 3741 4019">
    <p class='ocr_par' dir='ltr' id='par_1_80' title="bbox 2204 3944 3741 4019">
     <span class='ocr_line' id='line_1_80' title="bbox 2204 3944 3741 4019; baseline 0.001 -22"><span class='ocrx_word' id='word_1_565' title='bbox 2204 3945 2428 4015; x_wconf 76' lang='grc' dir='ltr'><strong>ἱστορεῖ,</strong></span> <span class='ocrx_word' id='word_1_566' title='bbox 2446 3944 2663 4015; x_wconf 77' lang='grc' dir='ltr'><strong>ἅπὺτῆς</strong></span> <span class='ocrx_word' id='word_1_567' title='bbox 2684 3946 2867 4015; x_wconf 81' lang='grc' dir='ltr'><strong>φωνῆς</strong></span> <span class='ocrx_word' id='word_1_568' title='bbox 2889 3945 3195 4017; x_wconf 76' lang='grc' dir='ltr'><strong>ἀρξάμενος</strong></span> <span class='ocrx_word' id='word_1_569' title='bbox 3220 3947 3287 4018; x_wconf 75' lang='grc' dir='ltr'><strong>ἢν</strong></span> <span class='ocrx_word' id='word_1_570' title='bbox 3310 3950 3337 4001; x_wconf 90' lang='grc' dir='ltr'><strong>ό</strong></span> <span class='ocrx_word' id='word_1_571' title='bbox 3359 3948 3565 4019; x_wconf 84' lang='grc' dir='ltr'><strong>Κύριος</strong></span> <span class='ocrx_word' id='word_1_572' title='bbox 3591 3944 3741 4001; x_wconf 78' lang='grc' dir='ltr'><strong>εἶπεν·</strong></span> 
     </span>
    </p>
   </div>
   <div class='ocr_carea' id='block_1_81' title="bbox 2202 4033 2852 4103">
    <p class='ocr_par' dir='ltr' id='par_1_81' title="bbox 2202 4033 2852 4103">
     <span class='ocr_line' id='line_1_81' title="bbox 2202 4033 2852 4103; baseline -0.005 -14"><span class='ocrx_word' id='word_1_573' title='bbox 2202 4033 2416 4103; x_wconf 79' lang='grc' dir='ltr'><strong>Πάτερ,</strong></span> <span class='ocrx_word' id='word_1_574' title='bbox 2446 4034 2596 4103; x_wconf 78' lang='grc' dir='ltr'><strong>ἄφες</strong></span> <span class='ocrx_word' id='word_1_575' title='bbox 2624 4034 2852 4100; x_wconf 82' lang='grc' dir='ltr'><strong>αὐτοῖς.</strong></span> 
     </span>
    </p>
   </div>
   <div class='ocr_carea' id='block_1_82' title="bbox 2265 4124 3751 4200">
    <p class='ocr_par' dir='ltr' id='par_1_82' title="bbox 2265 4124 3751 4200">
     <span class='ocr_line' id='line_1_82' title="bbox 2265 4124 3751 4200; baseline 0.002 -22"><span class='ocrx_word' id='word_1_576' title='bbox 2265 4124 2389 4189; x_wconf 83' lang='grc' dir='ltr'><strong>Πῶς</strong></span> <span class='ocrx_word' id='word_1_577' title='bbox 2420 4127 2453 4195; x_wconf 91' lang='grc' dir='ltr'><strong>ή</strong></span> <span class='ocrx_word' id='word_1_578' title='bbox 2491 4125 2584 4178; x_wconf 90' lang='grc' dir='ltr'><strong>τοῦ</strong></span> <span class='ocrx_word' id='word_1_579' title='bbox 2606 4124 2871 4178; x_wconf 73' lang='grc' dir='ltr'><strong>Δεσπότω</strong></span> <span class='ocrx_word' id='word_1_580' title='bbox 2897 4125 3186 4197; x_wconf 84' lang='grc' dir='ltr'><strong>ὑπόσχεσις</strong></span> <span class='ocrx_word' id='word_1_581' title='bbox 3221 4128 3302 4189; x_wconf 85' lang='grc' dir='ltr'><strong>εἰς</strong></span> <span class='ocrx_word' id='word_1_582' title='bbox 3332 4126 3419 4181; x_wconf 80' lang='grc' dir='ltr'><strong>τὸν</strong></span> <span class='ocrx_word' id='word_1_583' title='bbox 3455 4129 3650 4200; x_wconf 82' lang='grc' dir='ltr'><strong>λῃστὴν</strong></span> <span class='ocrx_word' id='word_1_584' title='bbox 3667 4145 3751 4180; x_wconf 87' lang='grc' dir='ltr'><strong>πε-</strong></span> 
     </span>
    </p>
   </div>
   <div class='ocr_carea' id='block_1_83' title="bbox 516 4216 2092 4291">
    <p class='ocr_par' dir='ltr' id='par_1_83' title="bbox 516 4217 2092 4290">
     <span class='ocr_line' id='line_1_83' title="bbox 516 4217 2092 4290; baseline 0.001 -19"><span class='ocrx_word' id='word_1_585' title='bbox 516 4227 641 4271; x_wconf 87' lang='lat' dir='ltr'><strong>nem</strong></span> <span class='ocrx_word' id='word_1_586' title='bbox 676 4217 897 4287; x_wconf 88' lang='lat' dir='ltr'><strong>impleta</strong></span> <span class='ocrx_word' id='word_1_587' title='bbox 928 4218 1051 4273; x_wconf 84' lang='lat' dir='ltr'><strong>est?</strong></span> <span class='ocrx_word' id='word_1_588' title='bbox 1078 4227 1339 4290; x_wconf 87' lang='lat' dir='ltr'><strong>tanquam</strong></span> <span class='ocrx_word' id='word_1_589' title='bbox 1371 4236 1399 4275; x_wconf 89' lang='lat' dir='ltr'><strong>a</strong></span> <span class='ocrx_word' id='word_1_590' title='bbox 1434 4219 1544 4275; x_wconf 91' lang='lat' dir='ltr'><strong>Deo</strong></span> <span class='ocrx_word' id='word_1_591' title='bbox 1578 4222 1740 4274; x_wconf 81' lang='lat' dir='ltr'><strong>facta.</strong></span> <span class='ocrx_word' id='word_1_592' title='bbox 1773 4218 1830 4274; x_wconf 91' lang='lat' dir='ltr'><strong>Si</strong></span> <span class='ocrx_word' id='word_1_593' title='bbox 1865 4221 2012 4274; x_wconf 89' lang='lat' dir='ltr'><strong>enim</strong></span> <span class='ocrx_word' id='word_1_594' title='bbox 2048 4221 2092 4273; x_wconf 84' lang='lat' dir='ltr'><strong>in</strong></span> 
     </span>
    </p>
   </div>
   <div class='ocr_carea' id='block_1_84' title="bbox 2193 4216 3748 4291">
    <p class='ocr_par' dir='ltr' id='par_1_84' title="bbox 2206 4216 3748 4291">
     <span class='ocr_line' id='line_1_84' title="bbox 2206 4216 3748 4291; baseline 0.001 -23"><span class='ocrx_word' id='word_1_595' title='bbox 2206 4216 2512 4286; x_wconf 86' lang='grc' dir='ltr'><strong>πλήρωται;</strong></span> <span class='ocrx_word' id='word_1_596' title='bbox 2564 4216 2649 4279; x_wconf 82' lang='grc' dir='ltr'><strong>Ὠς</strong></span> <span class='ocrx_word' id='word_1_597' title='bbox 2678 4216 2835 4269; x_wconf 91' lang='grc' dir='ltr'><strong>Θεοῦ·</strong></span> <span class='ocrx_word' id='word_1_598' title='bbox 2870 4218 2919 4270; x_wconf 82' lang='grc' dir='ltr'><strong>εἰ</strong></span> <span class='ocrx_word' id='word_1_599' title='bbox 2944 4217 3052 4288; x_wconf 74' lang='grc' dir='ltr'><strong>γὰρ</strong></span> <span class='ocrx_word' id='word_1_600' title='bbox 3080 4218 3176 4271; x_wconf 77' lang='grc' dir='ltr'><strong>καὶ</strong></span> <span class='ocrx_word' id='word_1_601' title='bbox 3208 4220 3266 4271; x_wconf 77' lang='grc' dir='ltr'><strong>ἐν</strong></span> <span class='ocrx_word' id='word_1_602' title='bbox 3289 4218 3389 4291; x_wconf 69' lang='grc' dir='ltr'><strong>ᾅδῃ</strong></span> <span class='ocrx_word' id='word_1_603' title='bbox 3417 4221 3646 4291; x_wconf 80' lang='grc' dir='ltr'><strong>ὑπῆρχε,</strong></span> <span class='ocrx_word' id='word_1_604' title='bbox 3671 4220 3748 4272; x_wconf 71' lang='grc' dir='ltr'><strong>καὶ</strong></span> 
     </span>
    </p>
   </div>
   <div class='ocr_carea' id='block_1_85' title="bbox 518 4306 2092 4382">
    <p class='ocr_par' dir='ltr' id='par_1_85' title="bbox 518 4310 2092 4382">
     <span class='ocr_line' id='line_1_85' title="bbox 518 4310 2092 4382; baseline 0.001 -17"><span class='ocrx_word' id='word_1_605' title='bbox 518 4310 756 4376; x_wconf 88' lang='lat' dir='ltr'><strong>inferno,</strong></span> <span class='ocrx_word' id='word_1_606' title='bbox 775 4320 833 4366; x_wconf 89' lang='lat' dir='ltr'><strong>et</strong></span> <span class='ocrx_word' id='word_1_607' title='bbox 864 4312 918 4366; x_wconf 92' lang='lat' dir='ltr'><strong>in</strong></span> <span class='ocrx_word' id='word_1_608' title='bbox 946 4313 1086 4367; x_wconf 71' lang='lat' dir='ltr'><strong>coelo</strong></span> <span class='ocrx_word' id='word_1_609' title='bbox 1112 4313 1289 4378; x_wconf 85' lang='lat' dir='ltr'><strong>adest,</strong></span> <span class='ocrx_word' id='word_1_610' title='bbox 1326 4313 1418 4368; x_wconf 91' lang='lat' dir='ltr'><strong>sed</strong></span> <span class='ocrx_word' id='word_1_611' title='bbox 1450 4315 1613 4368; x_wconf 88' lang='lat' dir='ltr'><strong>etiam</strong></span> <span class='ocrx_word' id='word_1_612' title='bbox 1654 4312 1708 4366; x_wconf 92' lang='lat' dir='ltr'><strong>in</strong></span> <span class='ocrx_word' id='word_1_613' title='bbox 1734 4311 2010 4382; x_wconf 83' lang='lat' dir='ltr'><strong>paradiso,</strong></span> <span class='ocrx_word' id='word_1_614' title='bbox 2045 4328 2092 4373; x_wconf 70' lang='lat' dir='ltr'><strong>ul</strong></span> 
     </span>
    </p>
   </div>
   <div class='ocr_carea' id='block_1_86' title="bbox 2193 4306 3742 4382">
    <p class='ocr_par' dir='ltr' id='par_1_86' title="bbox 2206 4306 3742 4380">
     <span class='ocr_line' id='line_1_86' title="bbox 2206 4306 3742 4380; baseline 0.001 -21"><span class='ocrx_word' id='word_1_615' title='bbox 2206 4308 2265 4361; x_wconf 82' lang='grc' dir='ltr'><strong>ὲν</strong></span> <span class='ocrx_word' id='word_1_616' title='bbox 2294 4306 2528 4379; x_wconf 80' lang='grc' dir='ltr'><strong>οὐρανῷ,</strong></span> <span class='ocrx_word' id='word_1_617' title='bbox 2562 4306 2702 4361; x_wconf 85' lang='grc' dir='ltr'><strong>ἀλλὰ</strong></span> <span class='ocrx_word' id='word_1_618' title='bbox 2727 4308 2822 4361; x_wconf 76' lang='grc' dir='ltr'><strong>καὶ</strong></span> <span class='ocrx_word' id='word_1_619' title='bbox 2876 4309 2936 4361; x_wconf 82' lang='grc' dir='ltr'><strong>ὲν</strong></span> <span class='ocrx_word' id='word_1_620' title='bbox 2965 4308 3043 4379; x_wconf 80' lang='grc' dir='ltr'><strong>τῷ</strong></span> <span class='ocrx_word' id='word_1_621' title='bbox 3106 4309 3422 4380; x_wconf 82' lang='grc' dir='ltr'><strong>παραδείσῳ</strong></span> <span class='ocrx_word' id='word_1_622' title='bbox 3482 4312 3557 4375; x_wconf 83' lang='grc' dir='ltr'><strong>ὼς</strong></span> <span class='ocrx_word' id='word_1_623' title='bbox 3609 4310 3742 4371; x_wconf 72' lang='grc' dir='ltr'><strong>Θεός.</strong></span> 
     </span>
    </p>
   </div>
   <div class='ocr_carea' id='block_1_87' title="bbox 518 4398 2092 4474">
    <p class='ocr_par' dir='ltr' id='par_1_87' title="bbox 518 4403 2092 4474">
     <span class='ocr_line' id='line_1_87' title="bbox 518 4403 2092 4474; baseline 0.001 -17"><span class='ocrx_word' id='word_1_624' title='bbox 518 4403 697 4470; x_wconf 88' lang='lat' dir='ltr'><strong>Deus,</strong></span> <span class='ocrx_word' id='word_1_625' title='bbox 749 4404 1011 4474; x_wconf 82' lang='lat' dir='ltr'><strong>Apostolo</strong></span> <span class='ocrx_word' id='word_1_626' title='bbox 1074 4406 1308 4470; x_wconf 83' lang='lat' dir='ltr'><strong>dicente,</strong></span> <span class='ocrx_word' id='word_1_627' title='bbox 1357 4406 1441 4461; x_wconf 86' lang='lat' dir='ltr'><strong>Ne</strong></span> <span class='ocrx_word' id='word_1_628' title='bbox 1498 4409 1613 4462; x_wconf 82' lang='lat' dir='ltr'><strong>sine</strong></span> <span class='ocrx_word' id='word_1_629' title='bbox 1658 4406 1805 4461; x_wconf 75' lang='lat' dir='ltr'><strong>nobis</strong></span> <span class='ocrx_word' id='word_1_630' title='bbox 1858 4423 2092 4461; x_wconf 80' lang='lat' dir='ltr'><strong>consum-</strong></span> 
     </span>
    </p>
   </div>
   <div class='ocr_carea' id='block_1_88' title="bbox 2193 4398 3749 4474">
    <p class='ocr_par' dir='ltr' id='par_1_88' title="bbox 2209 4398 3749 4473">
     <span class='ocr_line' id='line_1_88' title="bbox 2209 4398 3749 4473; baseline 0.029 -23"><span class='ocrx_word' id='word_1_631' title='bbox 2209 4401 2332 4452; x_wconf 88' lang='grc' dir='ltr'><strong>Ὅτι</strong></span> <span class='ocrx_word' id='word_1_632' title='bbox 2359 4399 2456 4453; x_wconf 77' lang='grc' dir='ltr'><strong>καὶ</strong></span> <span class='ocrx_word' id='word_1_633' title='bbox 2501 4398 2596 4452; x_wconf 89' lang='grc' dir='ltr'><strong>τοῦ</strong></span> <span class='ocrx_word' id='word_1_634' title='bbox 2648 4399 2972 4454; x_wconf 80' lang='grc' dir='ltr'><strong>Ἀποστόλου</strong></span> <span class='ocrx_word' id='word_1_635' title='bbox 2993 4400 3244 4469; x_wconf 75' lang='grc' dir='ltr'><strong>λέγοντος</strong></span> <span class='ocrx_word' id='word_1_636' title='bbox 3274 4418 3288 4431; x_wconf 89' lang='grc'><em>’</em></span> <span class='ocrx_word' id='word_1_637' title='bbox 3318 4403 3453 4456; x_wconf 64' lang='grc' dir='ltr'><strong>Ἵνα</strong></span> <span class='ocrx_word' id='word_1_638' title='bbox 3471 4403 3557 4473; x_wconf 65' lang='grc' dir='ltr'><strong>μὴ</strong></span> <span class='ocrx_word' id='word_1_639' title='bbox 3599 4400 3749 4472; x_wconf 52' lang='grc' dir='ltr'><strong>νωρὶς</strong></span> 
     </span>
    </p>
   </div>
   <div class='ocr_carea' id='block_1_89' title="bbox 519 4491 2092 4571">
    <p class='ocr_par' dir='ltr' id='par_1_89' title="bbox 519 4499 2092 4571">
     <span class='ocr_line' id='line_1_89' title="bbox 519 4499 2092 4571; baseline 0.002 -19"><span class='ocrx_word' id='word_1_640' title='bbox 519 4512 746 4565; x_wconf 78' lang='lat' dir='ltr'><strong>meumr,</strong></span> <span class='ocrx_word' id='word_1_641' title='bbox 778 4499 1056 4568; x_wconf 90' lang='lat' dir='ltr'><strong>quomodo</strong></span> <span class='ocrx_word' id='word_1_642' title='bbox 1074 4499 1291 4569; x_wconf 76' lang='lat' dir='ltr'><strong>excepit</strong></span> <span class='ocrx_word' id='word_1_643' title='bbox 1314 4500 1452 4554; x_wconf 87' lang='lat' dir='ltr'><strong>latro</strong></span> <span class='ocrx_word' id='word_1_644' title='bbox 1478 4501 1817 4570; x_wconf 84' lang='lat' dir='ltr'><strong>paradisum?</strong></span> <span class='ocrx_word' id='word_1_645' title='bbox 1836 4502 1962 4571; x_wconf 87' lang='lat' dir='ltr'><strong>quia</strong></span> <span class='ocrx_word' id='word_1_646' title='bbox 1995 4517 2092 4555; x_wconf 73' lang='lat' dir='ltr'><strong>non</strong></span> 
     </span>
    </p>
   </div>
   <div class='ocr_carea' id='block_1_90' title="bbox 2193 4491 3753 4571">
    <p class='ocr_par' dir='ltr' id='par_1_90' title="bbox 2209 4491 3753 4570">
     <span class='ocr_line' id='line_1_90' title="bbox 2209 4491 3753 4570; baseline -0.001 -24"><span class='ocrx_word' id='word_1_647' title='bbox 2209 4491 2380 4563; x_wconf 73' lang='grc' dir='ltr'><strong>ἡμῶν</strong></span> <span class='ocrx_word' id='word_1_648' title='bbox 2434 4493 2811 4561; x_wconf 60' lang='lat' dir='ltr'><strong>relate-106m,</strong></span> <span class='ocrx_word' id='word_1_649' title='bbox 2875 4494 2992 4558; x_wconf 78' lang='grc' dir='ltr'><strong>πῶς</strong></span> <span class='ocrx_word' id='word_1_650' title='bbox 3019 4494 3294 4549; x_wconf 74' lang='grc' dir='ltr'><strong>ἀπέλαϐεν</strong></span> <span class='ocrx_word' id='word_1_651' title='bbox 3350 4495 3379 4549; x_wconf 87' lang='lat'><strong>6</strong></span> <span class='ocrx_word' id='word_1_652' title='bbox 3426 4496 3624 4570; x_wconf 78' lang='grc' dir='ltr'><strong>λῃστὴς</strong></span> <span class='ocrx_word' id='word_1_653' title='bbox 3674 4494 3753 4545; x_wconf 73' lang='grc' dir='ltr'><strong>τὸν</strong></span> 
     </span>
    </p>
   </div>
   <div class='ocr_carea' id='block_1_91' title="bbox 519 4577 2092 4660">
    <p class='ocr_par' dir='ltr' id='par_1_91' title="bbox 519 4590 2091 4660">
     <span class='ocr_line' id='line_1_91' title="bbox 519 4590 2091 4660; baseline 0.001 -15"><span class='ocrx_word' id='word_1_654' title='bbox 519 4591 612 4646; x_wconf 86' lang='lat' dir='ltr'><strong>illa</strong></span> <span class='ocrx_word' id='word_1_655' title='bbox 639 4600 723 4647; x_wconf 89' lang='lat' dir='ltr'><strong>est</strong></span> <span class='ocrx_word' id='word_1_656' title='bbox 750 4590 1044 4660; x_wconf 84' lang='lat' dir='ltr'><strong>promissio</strong></span> <span class='ocrx_word' id='word_1_657' title='bbox 1064 4591 1135 4646; x_wconf 92' lang='lat' dir='ltr'><strong>de</strong></span> <span class='ocrx_word' id='word_1_658' title='bbox 1151 4606 1259 4660; x_wconf 88' lang='lat' dir='ltr'><strong>qua</strong></span> <span class='ocrx_word' id='word_1_659' title='bbox 1284 4592 1484 4645; x_wconf 87' lang='lat' dir='ltr'><strong>Paulus</strong></span> <span class='ocrx_word' id='word_1_660' title='bbox 1518 4593 1685 4658; x_wconf 89' lang='lat' dir='ltr'><strong>dicit,</strong></span> <span class='ocrx_word' id='word_1_661' title='bbox 1717 4594 1809 4647; x_wconf 89' lang='lat' dir='ltr'><strong>sed</strong></span> <span class='ocrx_word' id='word_1_662' title='bbox 1842 4592 2091 4647; x_wconf 67' lang='lat' dir='ltr'><strong>cheStia</strong></span> 
     </span>
    </p>
   </div>
   <div class='ocr_carea' id='block_1_92' title="bbox 2193 4577 3749 4660">
    <p class='ocr_par' dir='ltr' id='par_1_92' title="bbox 2201 4581 3749 4658">
     <span class='ocr_line' id='line_1_92' title="bbox 2201 4581 3749 4658; baseline 0 -24"><span class='ocrx_word' id='word_1_663' title='bbox 2201 4581 2565 4651; x_wconf 75' lang='grc' dir='ltr'><strong>παράδεισονς</strong></span> <span class='ocrx_word' id='word_1_664' title='bbox 2621 4583 2744 4637; x_wconf 83' lang='grc' dir='ltr'><strong>Ὅτι</strong></span> <span class='ocrx_word' id='word_1_665' title='bbox 2809 4582 2911 4637; x_wconf 83' lang='grc' dir='ltr'><strong>οὐκ</strong></span> <span class='ocrx_word' id='word_1_666' title='bbox 2964 4584 3103 4655; x_wconf 83' lang='grc' dir='ltr'><strong>αὐτή</strong></span> <span class='ocrx_word' id='word_1_667' title='bbox 3158 4587 3308 4640; x_wconf 67' lang='grc' dir='ltr'><strong>ἐστιν</strong></span> <span class='ocrx_word' id='word_1_668' title='bbox 3374 4589 3409 4658; x_wconf 87' lang='grc' dir='ltr'><strong>ή</strong></span> <span class='ocrx_word' id='word_1_669' title='bbox 3483 4583 3749 4656; x_wconf 76' lang='grc' dir='ltr'><strong>ἐπαγγελία</strong></span> 
     </span>
    </p>
   </div>
   <div class='ocr_carea' id='block_1_93' title="bbox 521 4683 2104 4754">
    <p class='ocr_par' dir='ltr' id='par_1_93' title="bbox 521 4683 2104 4754">
     <span class='ocr_line' id='line_1_93' title="bbox 521 4683 2104 4754; baseline -0.001 -17"><span class='ocrx_word' id='word_1_670' title='bbox 521 4684 685 4737; x_wconf 86' lang='lat' dir='ltr'><strong>bona.</strong></span> <span class='ocrx_word' id='word_1_671' title='bbox 716 4683 835 4737; x_wconf 84' lang='lat' dir='ltr'><strong>Non</strong></span> <span class='ocrx_word' id='word_1_672' title='bbox 866 4683 1012 4736; x_wconf 86' lang='lat' dir='ltr'><strong>enim</strong></span> <span class='ocrx_word' id='word_1_673' title='bbox 1043 4684 1097 4736; x_wconf 89' lang='lat' dir='ltr'><strong>in</strong></span> <span class='ocrx_word' id='word_1_674' title='bbox 1149 4684 1470 4751; x_wconf 87' lang='lat' dir='ltr'><strong>paradisum</strong></span> <span class='ocrx_word' id='word_1_675' title='bbox 1499 4685 1657 4737; x_wconf 82' lang='lat' dir='ltr'><strong>nobis</strong></span> <span class='ocrx_word' id='word_1_676' title='bbox 1680 4699 1708 4735; x_wconf 91' lang='lat' dir='ltr'><strong>a</strong></span> <span class='ocrx_word' id='word_1_677' title='bbox 1736 4683 1848 4739; x_wconf 87' lang='lat' dir='ltr'><strong>Deo</strong></span> <span class='ocrx_word' id='word_1_678' title='bbox 1873 4684 2104 4754; x_wconf 88' lang='lat' dir='ltr'><strong>promit-</strong></span> 
     </span>
    </p>
   </div>
   <div class='ocr_carea' id='block_1_94' title="bbox 519 4771 2106 4843">
    <p class='ocr_par' dir='ltr' id='par_1_94' title="bbox 519 4771 2106 4843">
     <span class='ocr_line' id='line_1_94' title="bbox 519 4771 2106 4843; baseline 0.001 -17"><span class='ocrx_word' id='word_1_679' title='bbox 519 4774 657 4828; x_wconf 90' lang='lat' dir='ltr'><strong>titur</strong></span> <span class='ocrx_word' id='word_1_680' title='bbox 684 4774 907 4828; x_wconf 90' lang='lat' dir='ltr'><strong>intrare.</strong></span> <span class='ocrx_word' id='word_1_681' title='bbox 943 4771 1043 4827; x_wconf 90' lang='lat' dir='ltr'><strong>Ubi</strong></span> <span class='ocrx_word' id='word_1_682' title='bbox 1066 4773 1352 4842; x_wconf 87' lang='lat' dir='ltr'><strong>impletum</strong></span> <span class='ocrx_word' id='word_1_683' title='bbox 1381 4784 1465 4828; x_wconf 88' lang='lat' dir='ltr'><strong>est</strong></span> <span class='ocrx_word' id='word_1_684' title='bbox 1495 4776 1641 4843; x_wconf 87' lang='lat' dir='ltr'><strong>quod</strong></span> <span class='ocrx_word' id='word_1_685' title='bbox 1672 4775 1843 4830; x_wconf 77' lang='lat' dir='ltr'><strong>dixit:</strong></span> <span class='ocrx_word' id='word_1_686' title='bbox 1879 4776 2106 4840; x_wconf 80' lang='lat' dir='ltr'><strong>Quando</strong></span> 
     </span>
    </p>
   </div>
   <div class='ocr_carea' id='block_1_95' title="bbox 522 4863 2107 4935">
    <p class='ocr_par' dir='ltr' id='par_1_95' title="bbox 522 4863 2107 4935">
     <span class='ocr_line' id='line_1_95' title="bbox 522 4863 2107 4935; baseline 0.003 -18"><span class='ocrx_word' id='word_1_687' title='bbox 522 4863 793 4918; x_wconf 64' lang='lat' dir='ltr'><strong>exultat”</strong></span> <span class='ocrx_word' id='word_1_688' title='bbox 833 4864 1007 4933; x_wconf 79' lang='lat' dir='ltr'><strong>fuero,</strong></span> <span class='ocrx_word' id='word_1_689' title='bbox 1033 4881 1211 4919; x_wconf 79' lang='lat' dir='ltr'><strong>omnes</strong></span> <span class='ocrx_word' id='word_1_690' title='bbox 1240 4866 1446 4918; x_wconf 74' lang='lat' dir='ltr'><strong>traham</strong></span> <span class='ocrx_word' id='word_1_691' title='bbox 1482 4865 1551 4917; x_wconf 82' lang='lat' dir='ltr'><strong>ad</strong></span> <span class='ocrx_word' id='word_1_692' title='bbox 1590 4866 1873 4935; x_wconf 79' lang='lat' dir='ltr'><strong>meipsum?</strong></span> <span class='ocrx_word' id='word_1_693' title='bbox 1900 4866 2014 4922; x_wconf 84' lang='lat' dir='ltr'><strong>Hoc</strong></span> <span class='ocrx_word' id='word_1_694' title='bbox 2051 4869 2107 4921; x_wconf 91' lang='lat' dir='ltr'><strong>in</strong></span> 
     </span>
    </p>
   </div>
   <div class='ocr_carea' id='block_1_96' title="bbox 523 4956 2110 5027">
    <p class='ocr_par' dir='ltr' id='par_1_96' title="bbox 523 4956 2110 5027">
     <span class='ocr_line' id='line_1_96' title="bbox 523 4956 2110 5027; baseline 0.002 -17"><span class='ocrx_word' id='word_1_695' title='bbox 523 4970 685 5011; x_wconf 85' lang='lat' dir='ltr'><strong>cruce</strong></span> <span class='ocrx_word' id='word_1_696' title='bbox 738 4956 1014 5027; x_wconf 85' lang='lat' dir='ltr'><strong>impletum</strong></span> <span class='ocrx_word' id='word_1_697' title='bbox 1066 4965 1152 5012; x_wconf 86' lang='lat' dir='ltr'><strong>est</strong></span> <span class='ocrx_word' id='word_1_698' title='bbox 1201 4967 1257 5013; x_wconf 91' lang='lat' dir='ltr'><strong>et</strong></span> <span class='ocrx_word' id='word_1_699' title='bbox 1309 4957 1365 5011; x_wconf 91' lang='lat' dir='ltr'><strong>in</strong></span> <span class='ocrx_word' id='word_1_700' title='bbox 1432 4962 1776 5013; x_wconf 88' lang='lat' dir='ltr'><strong>ascensione.</strong></span> <span class='ocrx_word' id='word_1_701' title='bbox 1818 4960 1878 5015; x_wconf 89' lang='lat' dir='ltr'><strong>In</strong></span> <span class='ocrx_word' id='word_1_702' title='bbox 1944 4975 2110 5015; x_wconf 88' lang='lat' dir='ltr'><strong>cruce</strong></span> 
     </span>
    </p>
   </div>
   <div class='ocr_carea' id='block_1_97' title="bbox 523 5047 2107 5119">
    <p class='ocr_par' dir='ltr' id='par_1_97' title="bbox 523 5047 2107 5119">
     <span class='ocr_line' id='line_1_97' title="bbox 523 5047 2107 5119; baseline 0.003 -18"><span class='ocrx_word' id='word_1_703' title='bbox 523 5047 769 5118; x_wconf 90' lang='lat' dir='ltr'><strong>quidem,</strong></span> <span class='ocrx_word' id='word_1_704' title='bbox 815 5048 947 5119; x_wconf 91' lang='lat' dir='ltr'><strong>quia</strong></span> <span class='ocrx_word' id='word_1_705' title='bbox 1000 5049 1205 5119; x_wconf 87' lang='lat' dir='ltr'><strong>incepit</strong></span> <span class='ocrx_word' id='word_1_706' title='bbox 1239 5051 1441 5106; x_wconf 90' lang='lat' dir='ltr'><strong>multos</strong></span> <span class='ocrx_word' id='word_1_707' title='bbox 1498 5052 1776 5109; x_wconf 81' lang='lat' dir='ltr'><strong>attrahere</strong></span> <span class='ocrx_word' id='word_1_708' title='bbox 1805 5069 1928 5109; x_wconf 90' lang='lat' dir='ltr'><strong>cum</strong></span> <span class='ocrx_word' id='word_1_709' title='bbox 1976 5070 2107 5109; x_wconf 88' lang='lat' dir='ltr'><strong>cen-</strong></span> 
     </span>
    </p>
   </div>
   <div class='ocr_carea' id='block_1_98' title="bbox 524 5140 2110 5213">
    <p class='ocr_par' dir='ltr' id='par_1_98' title="bbox 524 5140 2110 5213">
     <span class='ocr_line' id='line_1_98' title="bbox 524 5140 2110 5213; baseline 0.006 -20"><span class='ocrx_word' id='word_1_710' title='bbox 524 5140 673 5194; x_wconf 87' lang='lat' dir='ltr'><strong>turio</strong></span> <span class='ocrx_word' id='word_1_711' title='bbox 710 5140 903 5197; x_wconf 83' lang='lat' dir='ltr'><strong>videns</strong></span> <span class='ocrx_word' id='word_1_712' title='bbox 926 5157 1048 5211; x_wconf 67' lang='lat' dir='ltr'><strong>quae</strong></span> <span class='ocrx_word' id='word_1_713' title='bbox 1079 5142 1278 5197; x_wconf 77' lang='lat' dir='ltr'><strong>ﬁebant</strong></span> <span class='ocrx_word' id='word_1_714' title='bbox 1310 5143 1636 5213; x_wconf 80' lang='lat' dir='ltr'><strong>gloriﬁcavit</strong></span> <span class='ocrx_word' id='word_1_715' title='bbox 1665 5145 1857 5211; x_wconf 89' lang='lat' dir='ltr'><strong>Deum,</strong></span> <span class='ocrx_word' id='word_1_716' title='bbox 1883 5156 1941 5201; x_wconf 91' lang='lat' dir='ltr'><strong>et</strong></span> <span class='ocrx_word' id='word_1_717' title='bbox 1970 5148 2110 5202; x_wconf 90' lang='lat' dir='ltr'><strong>latro</strong></span> 
     </span>
    </p>
   </div>
   <div class='ocr_carea' id='block_1_99' title="bbox 526 5231 2109 5306">
    <p class='ocr_par' dir='ltr' id='par_1_99' title="bbox 526 5231 2109 5306">
     <span class='ocr_line' id='line_1_99' title="bbox 526 5231 2109 5306; baseline 0.006 -22"><span class='ocrx_word' id='word_1_718' title='bbox 526 5247 634 5286; x_wconf 86' lang='lat' dir='ltr'><strong>non</strong></span> <span class='ocrx_word' id='word_1_719' title='bbox 659 5231 865 5289; x_wconf 87' lang='lat' dir='ltr'><strong>videns.</strong></span> <span class='ocrx_word' id='word_1_720' title='bbox 902 5231 1289 5290; x_wconf 83' lang='lat' dir='ltr'><strong>Percutiebant</strong></span> <span class='ocrx_word' id='word_1_721' title='bbox 1309 5244 1491 5289; x_wconf 88' lang='lat' dir='ltr'><strong>autem</strong></span> <span class='ocrx_word' id='word_1_722' title='bbox 1522 5246 1739 5306; x_wconf 88' lang='lat' dir='ltr'><strong>pectora</strong></span> <span class='ocrx_word' id='word_1_723' title='bbox 1764 5254 1864 5294; x_wconf 87' lang='lat' dir='ltr'><strong>sua</strong></span> <span class='ocrx_word' id='word_1_724' title='bbox 1892 5237 2109 5294; x_wconf 74' lang='grc' dir='ltr'><strong>,ιυάωο-</strong></span> 
     </span>
    </p>
   </div>
   <div class='ocr_carea' id='block_1_100' title="bbox 526 5325 2107 5395">
    <p class='ocr_par' dir='ltr' id='par_1_100' title="bbox 526 5325 2107 5395">
     <span class='ocr_line' id='line_1_100' title="bbox 526 5325 2107 5395; baseline 0.006 -20"><span class='ocrx_word' id='word_1_725' title='bbox 526 5334 647 5377; x_wconf 84' lang='lat' dir='ltr'><strong>rum</strong></span> <span class='ocrx_word' id='word_1_726' title='bbox 683 5325 873 5395; x_wconf 85' lang='lat' dir='ltr'><strong>aliqui,</strong></span> <span class='ocrx_word' id='word_1_727' title='bbox 901 5328 1158 5383; x_wconf 88' lang='lat' dir='ltr'><strong>commoti</strong></span> <span class='ocrx_word' id='word_1_728' title='bbox 1192 5327 1485 5383; x_wconf 87' lang='lat' dir='ltr'><strong>admodum</strong></span> <span class='ocrx_word' id='word_1_729' title='bbox 1509 5337 1565 5383; x_wconf 89' lang='lat' dir='ltr'><strong>et</strong></span> <span class='ocrx_word' id='word_1_730' title='bbox 1606 5331 1673 5385; x_wconf 90' lang='lat' dir='ltr'><strong>ad</strong></span> <span class='ocrx_word' id='word_1_731' title='bbox 1693 5331 2107 5388; x_wconf 83' lang='lat' dir='ltr'><strong>conversionem</strong></span> 
     </span>
    </p>
   </div>
   <div class='ocr_carea' id='block_1_101' title="bbox 530 5418 829 5477">
    <p class='ocr_par' dir='ltr' id='par_1_101' title="bbox 530 5418 829 5477">
     <span class='ocr_line' id='line_1_101' title="bbox 530 5418 829 5477; baseline 0.027 -8"><span class='ocrx_word' id='word_1_732' title='bbox 530 5418 829 5477; x_wconf 86' lang='lat' dir='ltr'><strong>tendentes.</strong></span> 
     </span>
    </p>
   </div>
   <div class='ocr_carea' id='block_1_102' title="bbox 1103 5657 1550 5714">
    <p class='ocr_par' dir='ltr' id='par_1_102' title="bbox 1103 5657 1550 5714">
     <span class='ocr_line' id='line_1_102' title="bbox 1103 5657 1550 5714; baseline -0.007 0"><span class='ocrx_word' id='word_1_733' title='bbox 1103 5657 1330 5714; x_wconf 78' lang='lat' dir='ltr'><strong>CAPUT</strong></span> <span class='ocrx_word' id='word_1_734' title='bbox 1361 5658 1550 5713; x_wconf 78' lang='lat' dir='ltr'><strong>XXIV.</strong></span> 
     </span>
    </p>
   </div>
   <div class='ocr_carea' id='block_1_103' title="bbox 600 5780 2115 5859">
    <p class='ocr_par' dir='ltr' id='par_1_103' title="bbox 600 5780 2115 5859">
     <span class='ocr_line' id='line_1_103' title="bbox 600 5780 2115 5859; baseline 0.005 -22"><span class='ocrx_word' id='word_1_735' title='bbox 600 5780 770 5841; x_wconf 70' lang='lat' dir='ltr'><strong>Vens.</strong></span> <span class='ocrx_word' id='word_1_736' title='bbox 812 5786 901 5844; x_wconf 62' lang='lat'><strong>15.</strong></span> <span class='ocrx_word' id='word_1_737' title='bbox 943 5785 1055 5842; x_wconf 88' lang='lat' dir='ltr'><strong>Cur</strong></span> <span class='ocrx_word' id='word_1_738' title='bbox 1092 5796 1315 5857; x_wconf 86' lang='lat' dir='ltr'><strong>apparet</strong></span> <span class='ocrx_word' id='word_1_739' title='bbox 1364 5787 1643 5859; x_wconf 85' lang='lat' dir='ltr'><strong>discipulis</strong></span> <span class='ocrx_word' id='word_1_740' title='bbox 1697 5790 1953 5847; x_wconf 86' lang='lat' dir='ltr'><strong>euntibus</strong></span> <span class='ocrx_word' id='word_1_741' title='bbox 1991 5790 2115 5845; x_wconf 76' lang='lat' dir='ltr'><strong>Em-</strong></span> 
     </span>
    </p>
   </div>
   <div class='ocr_carea' id='block_1_104' title="bbox 535 5877 2109 5943">
    <p class='ocr_par' dir='ltr' id='par_1_104' title="bbox 535 5877 2109 5943">
     <span class='ocr_line' id='line_1_104' title="bbox 535 5877 2109 5943; baseline 0.006 -15"><span class='ocrx_word' id='word_1_742' title='bbox 535 5877 745 5930; x_wconf 81' lang='lat' dir='ltr'><strong>maum?</strong></span> <span class='ocrx_word' id='word_1_743' title='bbox 773 5877 1041 5943; x_wconf 82' lang='lat' dir='ltr'><strong>Quoniam</strong></span> <span class='ocrx_word' id='word_1_744' title='bbox 1074 5878 1293 5935; x_wconf 87' lang='lat' dir='ltr'><strong>interim</strong></span> <span class='ocrx_word' id='word_1_745' title='bbox 1328 5880 1708 5940; x_wconf 80' lang='lat' dir='ltr'><strong>incredulitate</strong></span> <span class='ocrx_word' id='word_1_746' title='bbox 1766 5883 2109 5939; x_wconf 83' lang='lat' dir='ltr'><strong>laborabant.</strong></span> 
     </span>
    </p>
   </div>
   <div class='ocr_carea' id='block_1_105' title="bbox 2208 4673 3748 4746">
    <p class='ocr_par' dir='ltr' id='par_1_105' title="bbox 2208 4673 3748 4746">
     <span class='ocr_line' id='line_1_105' title="bbox 2208 4673 3748 4746; baseline 0.001 -20"><span class='ocrx_word' id='word_1_747' title='bbox 2208 4673 2279 4743; x_wconf 84' lang='grc' dir='ltr'><strong>ἦν</strong></span> <span class='ocrx_word' id='word_1_748' title='bbox 2310 4674 2520 4736; x_wconf 85' lang='grc' dir='ltr'><strong>Παῦλος</strong></span> <span class='ocrx_word' id='word_1_749' title='bbox 2557 4674 2725 4742; x_wconf 82' lang='grc' dir='ltr'><strong>λέγει,</strong></span> <span class='ocrx_word' id='word_1_750' title='bbox 2760 4674 2898 4729; x_wconf 76' lang='grc' dir='ltr'><strong>ἀλλὰ</strong></span> <span class='ocrx_word' id='word_1_751' title='bbox 2923 4676 2995 4728; x_wconf 81' lang='grc' dir='ltr'><strong>τὰ</strong></span> <span class='ocrx_word' id='word_1_752' title='bbox 3016 4676 3244 4746; x_wconf 80' lang='grc' dir='ltr'><strong>οὐράνια</strong></span> <span class='ocrx_word' id='word_1_753' title='bbox 3285 4679 3488 4745; x_wconf 81' lang='grc' dir='ltr'><strong>ἀγαθά·</strong></span> <span class='ocrx_word' id='word_1_754' title='bbox 3546 4680 3604 4733; x_wconf 84' lang='grc' dir='ltr'><strong>ού</strong></span> <span class='ocrx_word' id='word_1_755' title='bbox 3660 4676 3748 4746; x_wconf 77' lang='grc' dir='ltr'><strong>γὰρ</strong></span> 
     </span>
    </p>
   </div>
   <div class='ocr_carea' id='block_1_106' title="bbox 2210 4766 3737 4838">
    <p class='ocr_par' dir='ltr' id='par_1_106' title="bbox 2210 4766 3737 4838">
     <span class='ocr_line' id='line_1_106' title="bbox 2210 4766 3737 4838; baseline 0.003 -21"><span class='ocrx_word' id='word_1_756' title='bbox 2210 4766 2290 4829; x_wconf 86' lang='grc' dir='ltr'><strong>εἰς</strong></span> <span class='ocrx_word' id='word_1_757' title='bbox 2320 4767 2648 4837; x_wconf 83' lang='grc' dir='ltr'><strong>παράδεισον</strong></span> <span class='ocrx_word' id='word_1_758' title='bbox 2677 4768 2809 4838; x_wconf 87' lang='grc' dir='ltr'><strong>ήμίν</strong></span> <span class='ocrx_word' id='word_1_759' title='bbox 2846 4768 3241 4838; x_wconf 67' lang='grc' dir='ltr'><strong>ἐπαγγέλλεται</strong></span> <span class='ocrx_word' id='word_1_760' title='bbox 3265 4773 3293 4824; x_wconf 87' lang='lat'><strong>6</strong></span> <span class='ocrx_word' id='word_1_761' title='bbox 3313 4772 3447 4835; x_wconf 81' lang='grc' dir='ltr'><strong>Θεὸς</strong></span> <span class='ocrx_word' id='word_1_762' title='bbox 3481 4770 3737 4825; x_wconf 70' lang='grc' dir='ltr'><strong>εἰσελθεῖν.</strong></span> 
     </span>
    </p>
   </div>
   <div class='ocr_carea' id='block_1_107' title="bbox 2272 4856 3741 4929">
    <p class='ocr_par' dir='ltr' id='par_1_107' title="bbox 2272 4856 3741 4929">
     <span class='ocr_line' id='line_1_107' title="bbox 2272 4856 3741 4929; baseline 0.007 -20"><span class='ocrx_word' id='word_1_763' title='bbox 2272 4856 2384 4909; x_wconf 90' lang='grc' dir='ltr'><strong>Ποῦ</strong></span> <span class='ocrx_word' id='word_1_764' title='bbox 2405 4858 2763 4929; x_wconf 81' lang='grc' dir='ltr'><strong>πεπλήρωται</strong></span> <span class='ocrx_word' id='word_1_765' title='bbox 2784 4858 2845 4913; x_wconf 81' lang='grc' dir='ltr'><strong>τδ</strong></span> <span class='ocrx_word' id='word_1_766' title='bbox 2862 4859 3172 4929; x_wconf 86' lang='grc' dir='ltr'><strong>λεγόμενον,</strong></span> <span class='ocrx_word' id='word_1_767' title='bbox 3195 4862 3279 4915; x_wconf 85' lang='grc' dir='ltr'><strong>ὅτι</strong></span> <span class='ocrx_word' id='word_1_768' title='bbox 3303 4861 3425 4915; x_wconf 84' lang='grc' dir='ltr'><strong>Ὄτ’</strong></span> <span class='ocrx_word' id='word_1_769' title='bbox 3442 4862 3520 4917; x_wconf 77' lang='grc' dir='ltr'><strong>ἂν</strong></span> <span class='ocrx_word' id='word_1_770' title='bbox 3534 4856 3741 4929; x_wconf 67' lang='grc' dir='ltr'><strong>ὑψωθῶ,</strong></span> 
     </span>
    </p>
   </div>
   <div class='ocr_carea' id='block_1_108' title="bbox 2210 4949 3744 5022">
    <p class='ocr_par' dir='ltr' id='par_1_108' title="bbox 2210 4949 3744 5022">
     <span class='ocr_line' id='line_1_108' title="bbox 2210 4949 3744 5022; baseline 0.002 -21"><span class='ocrx_word' id='word_1_771' title='bbox 2210 4949 2344 5002; x_wconf 82' lang='grc' dir='ltr'><strong>τότε</strong></span> <span class='ocrx_word' id='word_1_772' title='bbox 2358 4951 2591 5017; x_wconf 74' lang='grc' dir='ltr'><strong>πάντας</strong></span> <span class='ocrx_word' id='word_1_773' title='bbox 2627 4951 2868 5005; x_wconf 77' lang='grc' dir='ltr'><strong>ἑλκύσω</strong></span> <span class='ocrx_word' id='word_1_774' title='bbox 2886 4952 3038 5021; x_wconf 78' lang='grc' dir='ltr'><strong>πρὸς</strong></span> <span class='ocrx_word' id='word_1_775' title='bbox 3056 4953 3318 5022; x_wconf 80' lang='grc' dir='ltr'><strong>ἐμαυτόν</strong></span> <span class='ocrx_word' id='word_1_776' title='bbox 3326 4970 3346 5018; x_wconf 88' lang='grc'><strong><em>;</em></strong></span> <span class='ocrx_word' id='word_1_777' title='bbox 3360 4955 3531 5007; x_wconf 86' lang='grc' dir='ltr'><strong>Τοῦτο</strong></span> <span class='ocrx_word' id='word_1_778' title='bbox 3555 4953 3640 5007; x_wconf 66' lang='grc' dir='ltr'><strong>καὶ</strong></span> <span class='ocrx_word' id='word_1_779' title='bbox 3668 4950 3744 5004; x_wconf 74' lang='grc' dir='ltr'><strong>ἐπὶ</strong></span> 
     </span>
    </p>
   </div>
   <div class='ocr_carea' id='block_1_109' title="bbox 2211 5040 3742 5115">
    <p class='ocr_par' dir='ltr' id='par_1_109' title="bbox 2211 5040 3742 5115">
     <span class='ocr_line' id='line_1_109' title="bbox 2211 5040 3742 5115; baseline 0.008 -24"><span class='ocrx_word' id='word_1_780' title='bbox 2211 5040 2305 5092; x_wconf 87' lang='grc' dir='ltr'><strong>τοῦ</strong></span> <span class='ocrx_word' id='word_1_781' title='bbox 2338 5041 2573 5112; x_wconf 86' lang='grc' dir='ltr'><strong>σταυροῦ</strong></span> <span class='ocrx_word' id='word_1_782' title='bbox 2606 5044 2986 5113; x_wconf 86' lang='grc' dir='ltr'><strong>πεπλήρωται,</strong></span> <span class='ocrx_word' id='word_1_783' title='bbox 3020 5046 3113 5099; x_wconf 80' lang='grc' dir='ltr'><strong>καὶ</strong></span> <span class='ocrx_word' id='word_1_784' title='bbox 3147 5048 3246 5099; x_wconf 70' lang='grc' dir='ltr'><strong>ἐπὶ</strong></span> <span class='ocrx_word' id='word_1_785' title='bbox 3290 5048 3383 5115; x_wconf 81' lang='grc' dir='ltr'><strong>τῆς</strong></span> <span class='ocrx_word' id='word_1_786' title='bbox 3419 5045 3709 5115; x_wconf 75' lang='grc' dir='ltr'><strong>ἀναλήψεως</strong></span> <span class='ocrx_word' id='word_1_787' title='bbox 3729 5054 3742 5069; x_wconf 90' lang='grc'><strong>⁹</strong></span> 
     </span>
    </p>
   </div>
   <div class='ocr_carea' id='block_1_110' title="bbox 2212 5132 3741 5209">
    <p class='ocr_par' dir='ltr' id='par_1_110' title="bbox 2212 5132 3741 5209">
     <span class='ocr_line' id='line_1_110' title="bbox 2212 5132 3741 5209; baseline 0.006 -24"><span class='ocrx_word' id='word_1_788' title='bbox 2212 5132 2305 5185; x_wconf 76' lang='grc' dir='ltr'><strong>ἐπὶ</strong></span> <span class='ocrx_word' id='word_1_789' title='bbox 2332 5133 2429 5201; x_wconf 77' lang='grc' dir='ltr'><strong>μὲν</strong></span> <span class='ocrx_word' id='word_1_790' title='bbox 2465 5132 2559 5187; x_wconf 87' lang='grc' dir='ltr'><strong>τοῦ</strong></span> <span class='ocrx_word' id='word_1_791' title='bbox 2580 5135 2837 5205; x_wconf 84' lang='grc' dir='ltr'><strong>σταυροῦ,</strong></span> <span class='ocrx_word' id='word_1_792' title='bbox 2861 5137 2943 5189; x_wconf 86' lang='grc' dir='ltr'><strong>ὅτι</strong></span> <span class='ocrx_word' id='word_1_793' title='bbox 2968 5137 3169 5207; x_wconf 76' lang='grc' dir='ltr'><strong>ἤρξατο</strong></span> <span class='ocrx_word' id='word_1_794' title='bbox 3197 5138 3516 5209; x_wconf 77' lang='grc' dir='ltr'><strong>σαγηνεύειν</strong></span> <span class='ocrx_word' id='word_1_795' title='bbox 3534 5134 3741 5194; x_wconf 65' lang='grc' dir='ltr'><strong>πολλοὺς.</strong></span> 
     </span>
    </p>
   </div>
   <div class='ocr_carea' id='block_1_111' title="bbox 2213 5225 3741 5301">
    <p class='ocr_par' dir='ltr' id='par_1_111' title="bbox 2213 5225 3741 5301">
     <span class='ocr_line' id='line_1_111' title="bbox 2213 5225 3741 5301; baseline 0.001 -23"><span class='ocrx_word' id='word_1_796' title='bbox 2213 5225 2335 5279; x_wconf 74' lang='grc' dir='ltr'><strong>ὅθεν</strong></span> <span class='ocrx_word' id='word_1_797' title='bbox 2365 5229 2458 5280; x_wconf 75' lang='grc' dir='ltr'><strong>καὶ</strong></span> <span class='ocrx_word' id='word_1_798' title='bbox 2495 5230 2523 5281; x_wconf 92' lang='lat'><strong>6</strong></span> <span class='ocrx_word' id='word_1_799' title='bbox 2548 5229 2947 5300; x_wconf 81' lang='grc' dir='ltr'><strong>ἑκατόνταρχος</strong></span> <span class='ocrx_word' id='word_1_800' title='bbox 2982 5231 3107 5284; x_wconf 75' lang='grc' dir='ltr'><strong>ἰδὼν</strong></span> <span class='ocrx_word' id='word_1_801' title='bbox 3136 5232 3204 5285; x_wconf 75' lang='grc' dir='ltr'><strong>τὰ</strong></span> <span class='ocrx_word' id='word_1_802' title='bbox 3251 5233 3535 5301; x_wconf 83' lang='grc' dir='ltr'><strong>γινόμενα.</strong></span> <span class='ocrx_word' id='word_1_803' title='bbox 3562 5229 3741 5295; x_wconf 63' lang='grc' dir='ltr'><strong>ἐδόξατε</strong></span> 
     </span>
    </p>
   </div>
   <div class='ocr_carea' id='block_1_112' title="bbox 2213 5318 3736 5394">
    <p class='ocr_par' dir='ltr' id='par_1_112' title="bbox 2213 5318 3736 5394">
     <span class='ocr_line' id='line_1_112' title="bbox 2213 5318 3736 5394; baseline 0 -24"><span class='ocrx_word' id='word_1_804' title='bbox 2213 5318 2304 5370; x_wconf 82' lang='grc' dir='ltr'><strong>τὸν</strong></span> <span class='ocrx_word' id='word_1_805' title='bbox 2335 5320 2468 5373; x_wconf 84' lang='grc' dir='ltr'><strong>Θεόν</strong></span> <span class='ocrx_word' id='word_1_806' title='bbox 2498 5335 2512 5350; x_wconf 83' lang='grc'><strong>·</strong></span> <span class='ocrx_word' id='word_1_807' title='bbox 2555 5322 2647 5373; x_wconf 78' lang='grc' dir='ltr'><strong>καὶ</strong></span> <span class='ocrx_word' id='word_1_808' title='bbox 2684 5324 2713 5375; x_wconf 89' lang='lat'><strong>6</strong></span> <span class='ocrx_word' id='word_1_809' title='bbox 2734 5322 2957 5393; x_wconf 81' lang='grc' dir='ltr'><strong>λῃστὴς,</strong></span> <span class='ocrx_word' id='word_1_810' title='bbox 2992 5323 3066 5394; x_wconf 79' lang='grc' dir='ltr'><strong>μὴ</strong></span> <span class='ocrx_word' id='word_1_811' title='bbox 3123 5324 3267 5378; x_wconf 87' lang='grc' dir='ltr'><strong>ίδὼν.</strong></span> <span class='ocrx_word' id='word_1_812' title='bbox 3295 5326 3561 5379; x_wconf 82' lang='grc' dir='ltr'><strong>Ἐτυπτον</strong></span> <span class='ocrx_word' id='word_1_813' title='bbox 3592 5321 3736 5376; x_wconf 76' lang='grc' dir='ltr'><strong>δὲκαὶ</strong></span> 
     </span>
    </p>
   </div>
   <div class='ocr_carea' id='block_1_113' title="bbox 2213 5410 3743 5488">
    <p class='ocr_par' dir='ltr' id='par_1_113' title="bbox 2213 5410 3743 5488">
     <span class='ocr_line' id='line_1_113' title="bbox 2213 5410 3743 5488; baseline 0.001 -25"><span class='ocrx_word' id='word_1_814' title='bbox 2213 5410 2281 5465; x_wconf 75' lang='grc' dir='ltr'><strong>τὰ</strong></span> <span class='ocrx_word' id='word_1_815' title='bbox 2303 5411 2471 5481; x_wconf 85' lang='grc' dir='ltr'><strong>στήθη</strong></span> <span class='ocrx_word' id='word_1_816' title='bbox 2512 5413 2621 5465; x_wconf 91' lang='grc' dir='ltr'><strong>τῶν</strong></span> <span class='ocrx_word' id='word_1_817' title='bbox 2664 5415 3109 5481; x_wconf 82' lang='grc' dir='ltr'><strong>Ἰουδαίωντινὲς,</strong></span> <span class='ocrx_word' id='word_1_818' title='bbox 3151 5422 3595 5488; x_wconf 85' lang='grc' dir='ltr'><strong>κατανυττόμενοι</strong></span> <span class='ocrx_word' id='word_1_819' title='bbox 3639 5412 3743 5465; x_wconf 72' lang='grc' dir='ltr'><strong>πᾶν·</strong></span> 
     </span>
    </p>
   </div>
   <div class='ocr_carea' id='block_1_114' title="bbox 2214 5506 3209 5580">
    <p class='ocr_par' dir='ltr' id='par_1_114' title="bbox 2214 5506 3209 5580">
     <span class='ocr_line' id='line_1_114' title="bbox 2214 5506 3209 5580; baseline 0.005 -23"><span class='ocrx_word' id='word_1_820' title='bbox 2214 5520 2321 5568; x_wconf 79' lang='grc' dir='ltr'><strong>τως</strong></span> <span class='ocrx_word' id='word_1_821' title='bbox 2355 5506 2448 5559; x_wconf 79' lang='grc' dir='ltr'><strong>καὶ</strong></span> <span class='ocrx_word' id='word_1_822' title='bbox 2469 5507 2548 5570; x_wconf 81' lang='grc' dir='ltr'><strong>είς</strong></span> <span class='ocrx_word' id='word_1_823' title='bbox 2578 5507 2874 5575; x_wconf 78' lang='grc' dir='ltr'><strong>ἐπίγνωσιν</strong></span> <span class='ocrx_word' id='word_1_824' title='bbox 2902 5509 3209 5580; x_wconf 78' lang='grc' dir='ltr'><strong>ἐρχόμενοι.</strong></span> 
     </span>
    </p>
   </div>
   <div class='ocr_carea' id='block_1_115' title="bbox 2808 5654 3226 5709">
    <p class='ocr_par' dir='ltr' id='par_1_115' title="bbox 2808 5654 3226 5709">
     <span class='ocr_line' id='line_1_115' title="bbox 2808 5654 3226 5709; baseline 0.007 -3"><span class='ocrx_word' id='word_1_825' title='bbox 2808 5654 3059 5708; x_wconf 72' lang='grc' dir='ltr'><strong>ΚΕΦΛΛ.</strong></span> <span class='ocrx_word' id='word_1_826' title='bbox 3100 5657 3226 5709; x_wconf 68' lang='lat' dir='ltr'><strong>KA&#39;.</strong></span> 
     </span>
    </p>
   </div>
   <div class='ocr_carea' id='block_1_116' title="bbox 2288 5780 3737 5858">
    <p class='ocr_par' dir='ltr' id='par_1_116' title="bbox 2288 5780 3737 5858">
     <span class='ocr_line' id='line_1_116' title="bbox 2288 5780 3737 5858; baseline -0.003 -19"><span class='ocrx_word' id='word_1_827' title='bbox 2288 5786 2387 5840; x_wconf 73' lang='grc' dir='ltr'><strong>Διὰ</strong></span> <span class='ocrx_word' id='word_1_828' title='bbox 2414 5786 2821 5857; x_wconf 83' lang='grc' dir='ltr'><strong>τίὲπιφαίνεται</strong></span> <span class='ocrx_word' id='word_1_829' title='bbox 2840 5788 2948 5851; x_wconf 82' lang='grc' dir='ltr'><strong>τοῖς</strong></span> <span class='ocrx_word' id='word_1_830' title='bbox 2968 5786 3237 5858; x_wconf 80' lang='grc' dir='ltr'><strong>μαθηταῖς</strong></span> <span class='ocrx_word' id='word_1_831' title='bbox 3255 5790 3365 5852; x_wconf 80' lang='grc' dir='ltr'><strong>τοῖς</strong></span> <span class='ocrx_word' id='word_1_832' title='bbox 3406 5780 3737 5857; x_wconf 79' lang='grc' dir='ltr'><strong>πορευομένοις</strong></span> 
     </span>
    </p>
   </div>
   <div class='ocr_carea' id='block_1_117' title="bbox 2218 5877 3736 5952">
    <p class='ocr_par' dir='ltr' id='par_1_117' title="bbox 2218 5877 3736 5952">
     <span class='ocr_line' id='line_1_117' title="bbox 2218 5877 3736 5952; baseline 0 -20"><span class='ocrx_word' id='word_1_833' title='bbox 2218 5882 2295 5944; x_wconf 82' lang='grc' dir='ltr'><strong>είς</strong></span> <span class='ocrx_word' id='word_1_834' title='bbox 2341 5879 2617 5951; x_wconf 77' lang='grc' dir='ltr'><strong>Ἐμμαούς</strong></span> <span class='ocrx_word' id='word_1_835' title='bbox 2647 5897 2662 5947; x_wconf 89' lang='grc'>;</span> <span class='ocrx_word' id='word_1_836' title='bbox 2708 5879 2926 5951; x_wconf 79' lang='grc' dir='ltr'><strong>Ἐπειδὴ</strong></span> <span class='ocrx_word' id='word_1_837' title='bbox 2962 5880 3187 5951; x_wconf 64' lang='grc' dir='ltr'><strong>ἀπιστία</strong></span> <span class='ocrx_word' id='word_1_838' title='bbox 3225 5880 3433 5952; x_wconf 72' lang='grc' dir='ltr'><strong>εἴχοντο</strong></span> <span class='ocrx_word' id='word_1_839' title='bbox 3469 5879 3627 5940; x_wconf 81' lang='grc' dir='ltr'><strong>τέως·</strong></span> <span class='ocrx_word' id='word_1_840' title='bbox 3666 5877 3736 5925; x_wconf 67' lang='grc' dir='ltr'><strong>καὶ</strong></span> 
     </span>
    </p>
   </div>
  </div>
