4026 6432
264 344 403 410 1217

1338 346 1664 408 SCHOLIA
1698 343 1994 407 VETERA
2043 344 2120 405 IN
2154 345 2529 408 JOANNEM.

3414 352 3549 416 1218

266 459 407 524 πῶς,
434 458 685 514 ἄκουσον.
717 459 951 529 Λέγουσι
980 460 1109 532 γὰρ,
1152 461 1235 515 ὅτι
1296 461 1495 533 Ἡμεῖς
1546 462 1850 533 ἠλπίζομεν

1986 457 2267 525 luomodo,
2314 460 2465 514 audi.
2523 459 2724 516 Dicunt
2787 460 2932 516 enim
2963 480 2976 516 :
3011 460 3122 517 Nos
3195 466 3550 533 Sperabamus

263 551 347 604 ὅτι
402 550 567 615 αὑτός
634 554 772 605 ἐστι*
840 554 936 606 καὶ
994 554 1105 606 τῶν
1161 555 1442 621 γυναικῶν
1497 557 1557 609 δὲ
1590 558 1641 609 οἱ
1704 556 1854 626 λόγοι

266 643 402 696 ὡσεὶ
431 642 594 715 λῆρος
657 645 960 715 ἐφάνησαν,
1026 647 1120 700 καὶ
1145 647 1278 702 ἄλλα
1317 648 1571 717 λέγουσιν
1623 650 1853 704 τοιαῦτα

264 736 462 792 πολλὰ.

343 830 442 883 Διὰ
492 830 545 882 τί
576 833 715 903 μετὰ
736 834 833 906 τὴν
851 835 1147 890 ἀνάστασιν
1175 835 1379 906 ὁμιλῶν
1413 836 1597 899 αὐτοῖς
1616 837 1855 905 ἄφαντος

267 924 489 991 ἐγένετο
513 925 608 977 ἀπ’
651 926 869 993 αὺτῶνς
917 926 1030 981 ἰνα
1058 928 1137 991 είς
1180 928 1406 981 πλείονα
1458 929 1621 982 πόθον
1655 929 1856 993 αὐτοὺς

266 1016 661 1086 ὲφελκύσηται,
693 1020 868 1083 ἄλλως
901 1038 957 1074 τε
1008 1021 1063 1074 δὲ
1097 1022 1192 1075 καὶ
1220 1022 1321 1075 οὐκ
1347 1016 1484 1091 εἶχε,
1532 1022 1720 1092 φησὶν,
1773 1021 1854 1075 ἔτι

265 1104 331 1157 τὸ
365 1105 526 1176 σῶμα
554 1108 613 1159 τὸ
643 1108 784 1161 θεῖον
814 1111 988 1162 ἐκεῖνο
1016 1110 1188 1173 οὕτως
1231 1111 1308 1174 ὼς
1354 1111 1620 1182 πρότερον
1674 1112 1856 1167 συνδιι

266 1200 427 1267 ἀγειν
460 1199 578 1269 μετ’
604 1200 783 1254 αὐτῶν
817 1201 902 1256 ἀεί
923 1220 936 1232 ·
967 1202 1294 1275 λεπτότερον
1333 1204 1444 1275 γὰρ
1472 1201 1539 1277 ἦν
1563 1205 1857 1277 καζθεοει-

262 1288 424 1344 δέστε
435 1309 548 1362 ρον.

338 1383 464 1437 Ὅτι
493 1386 593 1439 οὐκ
620 1386 758 1457 αὐτῇ
786 1390 852 1458 τῇ
872 1387 992 1461 ὥρᾳ
1008 1382 1169 1459 εὗρον
1183 1392 1311 1453 τοὺς
1330 1390 1540 1445 δώδεκα
1558 1394 1653 1446 καὶ
1669 1394 1853 1464 ἀπήγ-

266 1476 459 1545 γειλαν
487 1478 557 1532 τὰ
583 1479 726 1532 κατὰ
764 1481 855 1533 τὸν
885 1482 1091 1551 Κύριον
1132 1484 1225 1536 καὶ
1252 1484 1352 1553 τὴν
1381 1484 1520 1551 ὁδὸν,
1552 1486 1689 1539 ἀλλὰ
1715 1486 1857 1556 μετά

266 1585 425 1632 τινας
454 1570 604 1640 ὥρας
638 1573 769 1635 ὅσας
787 1573 934 1637 εἰκὸς
959 1570 1029 1645 ἦν
1044 1575 1229 1639 αὐτοῖς
1256 1576 1479 1647 ποιῆσαι
1492 1578 1552 1631 τὸ
1581 1578 1857 1651 διάστημα

265 1661 380 1715 τῶν
420 1663 683 1734 ἐξήκοντα
717 1667 948 1720 σταδίων
989 1667 1303 1737 βαδίζοντας
1323 1685 1335 1698 ·
1372 1671 1429 1723 ἐν
1457 1664 1544 1733 αἶς
1572 1671 1660 1725 διὰ
1684 1673 1855 1742 μέσου

265 1756 369 1809 καὶ
402 1759 429 1809 6
486 1758 766 1827 Δεσπότης
819 1759 976 1831 ὤφθη
1034 1761 1114 1832 τῷ
1157 1762 1383 1831 Σίμωνι.
1437 1765 1697 1819 Κάκεῖνοι
1756 1765 1856 1837 μὲν

1964 551 2090 621 quia
2129 553 2242 621 ipse
2270 561 2387 619 est;
2417 563 2472 608 et
2501 554 2790 611 mulierum
2843 571 3127 611 sermones
3176 560 3332 627 quasi
3376 577 3549 630 nugas

1964 643 2264 710 aestimant,
2297 655 2351 699 et
2382 645 2491 700 alia
2517 646 2706 701 dicunt
2729 648 2896 703 multa
2931 648 3154 704 similia.

2037 825 2202 883 Vens.
2231 828 2320 882 51.
2351 830 2461 885 Cur
2499 842 2621 903 post
2652 834 3106 888 resurrectionem
3133 834 3262 888 dum
3292 834 3552 889 confabu-

1965 918 2170 974 laretur
2214 935 2340 976 cum
2371 925 2473 987 eis,
2524 928 2749 979 evanuit
2809 927 2878 980 ab
2905 927 3079 979 oculis
3112 926 3349 981 eorum?
3384 924 3454 981 Ut
3482 928 3548 981 ad

1965 1010 2146 1081 majus
2203 1014 2536 1070 desiderium
2592 1018 2717 1072 illos
2765 1020 3079 1083 adduceret,
3156 1020 3312 1073 aliter
3369 1027 3549 1074 autem

1964 1127 2073 1167 non
2140 1110 2325 1175 habet,
2379 1113 2532 1177 dicit,
2596 1129 2798 1183 corpus
2863 1114 3002 1168 istud
3057 1114 3301 1167 divinum
3372 1116 3551 1168 adhuc

1964 1210 2249 1264 vobiscum
2287 1218 2347 1262 ttt
2402 1216 2561 1262 antea
2621 1223 2841 1278 semper
2897 1209 3234 1274 conversari;
3295 1208 3551 1262 subtilius

1964 1304 2110 1358 enim
2151 1302 2392 1357 divinius
2423 1300 2627 1355 factum
2653 1312 2755 1357 est.

2038 1394 2204 1449 Vens.
2238 1394 2327 1449 35.
2365 1392 2483 1447 Non
2536 1393 2590 1446 in
2660 1394 2775 1462 ipsa
2807 1395 2941 1447 hora
2971 1394 3299 1449 invenerunt
3347 1392 3555 1446 duode-

1964 1487 2071 1543 cim
2103 1495 2158 1540 et
2217 1493 2580 1539 narraverttnt
2608 1483 2677 1539 de
2719 1483 2948 1537 Domino
2975 1494 3029 1538 et
3071 1485 3138 1538 de
3194 1486 3412 1548 itinere,
3456 1483 3548 1537 sed

1967 1590 2089 1649 post
2117 1579 2324 1648 aliquot
2356 1578 2546 1643 horas,
2572 1584 2841 1646 quantum
2894 1590 3115 1630 necesse
3144 1575 3246 1629 fuit
3274 1584 3331 1629 ut
3372 1575 3551 1629 eundo

1966 1682 2352 1743 percurrerent
2433 1673 2719 1741 sexaginta
2793 1670 3098 1727 stadiorum
3153 1673 3274 1723 iter.
3343 1670 3555 1723 lutet-ia

1968 1769 2234 1824 Dominus
2263 1767 2516 1837 apparuit
2546 1781 2764 1836 quoque
2819 1763 3053 1826 Simoni,
3084 1772 3139 1816 et
3181 1762 3271 1815 alii
3302 1761 3558 1815 dicebant

261 1846 459 1915 ἔλεγον
485 1852 598 1913 τοῖς
639 1851 760 1905 δυσὶ
813 1854 894 1906 ὅτι
956 1852 1126 1916 ὅντως
1175 1854 1383 1926 ἠγέρθη
1419 1857 1447 1909 6
1503 1855 1708 1927 Κύριος
1760 1859 1858 1913 καὶ

1986 1861 2049 1915 iis
2074 1860 2291 1914 duobus
2320 1859 2449 1928 quia
2476 1873 2607 1913 vere
2640 1858 2891 1912 surrexit
2927 1854 3195 1909 Dominus
3224 1864 3278 1909 et
3307 1858 3558 1923 apparuit

260 1936 426 2008 ὤφθη
461 1938 538 2008 τῷ
552 1940 789 2011 Σίμωνι’
822 1942 980 1995 αὐτοὶ
1001 1943 1068 1996 δὲ
1108 1944 1404 2014 ἐξηγοῦντο
1434 1946 1505 2000 τὰ
1532 1949 1589 1999 ὲν
1612 1950 1677 2019 τῇ
1727 1948 1853 2018 ὁδῷ,

263 2032 367 2084 καὶ
415 2031 491 2096 ὡς
539 2032 794 2103 ἐγνώσθη
853 2036 1037 2100 αὐτοῖς
1058 2036 1117 2088 ὲν
1171 2038 1238 2106 τῇ
1282 2038 1472 2092 κλάσει
1514 2038 1638 2105 τοῦ,
1664 2041 1851 2110 ἄρτου.

1966 1952 2217 2018 Simoni;
2254 1952 2341 2006 isti
2389 1966 2571 2005 autem
2612 1951 2912 2004 narrabant
2969 1964 3089 2018 quae
3130 1958 3279 2017 gesta
3321 1955 3473 2000 erant
3505 1946 3556 1999 itt

1959 2045 2069 2109 via,
2125 2052 2179 2098 et
2237 2043 2514 2113 quomodo
2560 2050 2933 2111 cognoverunt
2968 2054 3093 2094 eum
3161 2038 3214 2092 in
3280 2037 3553 2092 l‘ractione

268 2124 470 2179 Ταῦτα
494 2125 580 2191 δὲ,
612 2128 767 2198 φησὶ,
786 2130 1143 2183 λαλούντων
1162 2124 1383 2196 αὐτῶν,
1407 2132 1589 2198 αὐτὸς
1613 2132 1763 2200 ἔστη
1788 2134 1859 2185 ἐν

1986 2136 2140 2189 lanis.
2197 2134 2336 2187 Dum
2402 2145 2580 2187 autent
2628 2133 2940 2203 loquuntur,
3010 2131 3142 2185 dicit
3197 2131 3551 2200 evangelista,

256 2214 437 2287 μέσῳ
464 2217 685 2286 αὐτῶν,
710 2222 910 2275 οὐκέτι
934 2221 1359 2292 κρατουμένων
1381 2222 1499 2278 τῶν
1534 2222 1859 2294 ὀφθαλμῶν

1986 2243 2070 2295 pse
2104 2229 2249 2282 stetit
2307 2228 2361 2280 in
2394 2227 2562 2281 medio
2606 2242 2808 2291 eorum,
2874 2240 2978 2279 non
3037 2224 3201 2279 oculis
3234 2225 3344 2278 suis
3382 2223 3552 2294 ﬁden-

260 2307 491 2364 αὐτῶν.

340 2394 462 2448 Ὅτι
490 2393 571 2461 τὸ,
606 2398 969 2467 Εὐλογήσας
1004 2401 1231 2469 αὐτοὺς
1268 2403 1591 2474 ἀνεφέρετο
1620 2409 1708 2473 εἰς
1753 2410 1862 2461 τὸν

1965 2320 2121 2374 tium.

2034 2409 2202 2466 Vens.
2235 2411 2324 2465 5i.
2362 2410 2680 2464 Benedicens
2706 2411 2781 2464 eis
2810 2410 3081 2478 ferebatur
3116 2409 3172 2461 in
3204 2408 3410 2471 malum,
3434 2416 3556 2477 post

262 2486 557 2555 οὐρανὸν,
631 2490 770 2559 μετὰ
812 2495 1227 2564 τεσσαράκοντα
1285 2497 1502 2568 ἡμέρας
1557 2500 1662 2570 χρὴ
1718 2504 1860 2554 νοεῖν

1986 2503 2324 2575 ιυιιιιτειςὶιιια
2369 2503 2486 2559 dies
2564 2504 2764 2558 factum
2809 2517 2932 2559 esse
2982 2500 3392 2572 intelligendum
3450 2514 3557 2555 est.

268 2577 589 2648 γεγονέναι.

268 2773 3539 2809 m

1472 2949 1774 3037 KATA
1850 2952 2360 3040 ΙΩΑΝΝΗΝ
2382 3015 2399 3045 .

1200 3304 1715 3398 SCHOLIA
1792 3309 1919 3398 ΙΝ
1994 3308 2614 3401 JOANNEM.

1086 3501 1174 3560 Ex
1233 3498 1469 3563 iisdem
1529 3500 1928 3564 membranis
1985 3500 2399 3567 bibliothecae
2440 3506 2787 3569 Vaticana.

724 3822 1121 3880 ΚΕΦΑΛΛΙΟΝ

338 3957 455 4012 Διὰ
469 3955 523 4011 τί
543 3954 651 4010 ἀπὸ
672 3952 951 4022 θεολογίας
972 3954 1177 4025 ἦρξατο
1201 3970 1215 4019 ;
1238 3953 1354 4007 Ἵνα
1378 3954 1452 4025 μὴ
1470 3955 1536 4024 τῇ
1564 3954 1673 4007 τῶν
1695 3953 1874 4007 ἄλλων

282 4047 696 4119 εὐαγγελιστῶν
763 4047 908 4101 κατὰ
973 4048 1152 4117 σάρκα
1206 4046 1461 4115 γεννήσει
1537 4045 1871 4111 ἀκολουθῶν,

281 4144 555 4213 νομίσωσι
577 4144 669 4196 τὸν
699 4139 935 4210 Χριστὸν
968 4140 1016 4192 οἱ
1057 4138 1337 4209 ἄνθρωποι
1375 4138 1529 4208 ψιλὸν
1562 4139 1870 4210 ἄνθρωπον·

281 4237 405 4291 ἀλλ’
438 4235 530 4290 οὖν
555 4234 677 4287 οὐδὲ
710 4226 865 4296 οὗτος
896 4232 996 4302 τῆς
1028 4232 1343 4301 οἰκονομίας
1386 4230 1663 4301 ἠμέλησεν
1709 4249 1723 4262 °
1759 4233 1875 4286 ἀλλ’

283 4330 411 4384 οὐδὲ
451 4330 649 4382 ἐκεῖνοι
679 4326 748 4380 τὰ
804 4325 949 4379 κατὰ
1001 4326 1182 4398 σάρκα
1242 4323 1516 4393 λέγοντες,
1567 4324 1665 4395 τῆς
1725 4324 1877 4391 Θείας

283 4422 599 4492 γεννήσεως
641 4420 944 4491 ἠμέλησαν.
976 4417 1077 4473 Διὰ
1107 4418 1159 4470 τί
1181 4414 1356 4483 εἶπεν,
1406 4419 1509 4472 Ἐν
1548 4416 1743 4487 ἀρχῇ;
1778 4418 1879 4472 Διὰ

284 4519 353 4569 τὸ
390 4516 515 4577 τοὺς
545 4513 869 4583 ἀνθρώπους
897 4512 958 4565 τὺ
990 4510 1361 4582 πρεσϐύτερον
1393 4511 1581 4582 τιμᾷν,
1620 4512 1713 4564 καὶ
1735 4512 1879 4564 τίθε-

289 4609 417 4663 σθαι
445 4608 596 4663 Θεόν.
626 4609 725 4663 Διὰ
760 4607 834 4667 τί.
859 4606 1015 4676 ἀφεὶς
1041 4605 1131 4658 τὸν
1165 4604 1406 4674 Πατέρα,
1445 4604 1574 4674 περὶ
1613 4603 1708 4657 τοῦ
1746 4604 1876 4658 Υίοῦ

284 4705 633 4773 διαλέγεται;
666 4703 811 4758 Διότι
850 4703 1055 4765 ἐκεῖνος
1086 4700 1246 4771 δῆλος
1279 4696 1369 4770 ἦν,
1396 4699 1498 4754 κᾶν
1530 4700 1604 4772 μὴ
1635 4700 1711 4762 ὡς
1762 4701 1878 4752 Πα-

287 4799 419 4869 τὴρ,
452 4797 567 4851 ἀλλ’
609 4796 703 4850 οὖν
721 4796 795 4860 ὡς
838 4796 971 4859 Θεὸς
1003 4811 1018 4826 ο
1047 4796 1075 4848 6
1106 4794 1161 4847 δὲ
1196 4793 1322 4858 Υἱὸς
1367 4794 1636 4863 ἠγνοεῖτο.
1670 4792 1745 4845 Τὸ
1796 4793 1877 4856 δὲ,

286 4886 436 4953 'Hr,
460 4890 612 4943 οὐδὲν
635 4889 825 4959 ἕτερον
855 4887 1025 4959 δηλοῖ,
1060 4888 1108 4941 εί
1144 4887 1219 4959 μὴ
1260 4886 1354 4940 τοῦ
1407 4881 1549 4938 εἶναι
1580 4884 1881 4954 δηλωτικὸν

299 4987 398 5040 καὶ
436 4985 684 5050 ἀπείρως
710 4978 870 5036 εἶναι.
917 4982 1113 5052 Λόγον
1141 4980 1196 5033 δὲ
1245 4978 1411 5033 αὐτὸν
1454 4977 1633 5044 καλεῖ,
1664 4977 1753 5031 ἵνα
1805 4975 1880 5047 μὴ

1181 3825 1479 3882 ΠΡΩΤΟΝ.

1908 3833 1952 3892 ο

2476 3832 2704 3890 CAPUT
2745 3834 3042 3893 PRIMUM.

2053 3961 2219 4018 Vens.
2261 3964 2308 4018 l.
2338 3962 2450 4018 Cur
2475 3978 2506 4019 a
2566 3965 2833 4036 theologia
2868 3967 3095 4038 incepit?
3129 3966 3210 4024 Ne
3241 3970 3288 4026 si
3338 3971 3573 4029 aliorum

1978 4056 2440 4125 evangelistarum
2473 4056 2539 4111 de
2577 4059 2930 4126 generatione
2981 4061 3284 4115 secundum
3342 4078 3562 4118 carnem

1980 4148 2351 4203 narrationem
2375 4159 2595 4203 secutus
2626 4159 2793 4214 esset,
2824 4153 3061 4207 habeant
3086 4153 3367 4209 Christum
3388 4157 3569 4210 homi-

1980 4256 2077 4295 nes
2105 4250 2161 4294 ut
2187 4256 2398 4295 merum
2436 4241 2737 4307 hominem;
2765 4242 2860 4296 sed
2893 4244 3058 4314 igitur
3094 4259 3276 4315 neque
3332 4245 3574 4302 Joannes

1981 4333 2411 4386 incarnationem
2471 4333 2729 4401 neglexit,
2773 4350 2953 4403 neque
2980 4335 3073 4389 alii
3116 4353 3237 4406 qua:
3282 4338 3349 4391 de
3407 4354 3573 4391 carne

1981 4434 2139 4478 erant
2186 4425 2429 4479 dicentes
2481 4424 2721 4479 divinam
2777 4427 2897 4495 ejus
2928 4430 3337 4497 generationem
3382 4446 3572 4499 parum

1982 4524 2332 4571 curaverunt.
2363 4515 2475 4570 Cur
2506 4517 2641 4571 dicit
2668 4534 2680 4569 :
2710 4518 2773 4571 In
2814 4520 3073 4588 principio
3105 4521 3128 4571 ἲ
3155 4519 3293 4585 Quia
3326 4521 3576 4576 homines

1981 4608 2126 4676 quod
2160 4622 2314 4665 vetns
2355 4611 2527 4679 magis
2581 4620 2666 4663 est
2692 4611 2963 4665 honorant
2994 4622 3047 4666 et
3086 4612 3254 4667 Detttn
3304 4622 3574 4668 statuunt.

1982 4702 2095 4757 Cur
2160 4702 2372 4756 Patrem
2430 4704 2675 4769 mittens,
2735 4706 2803 4759 de
2830 4704 2967 4759 Filio
3018 4706 3263 4761 disserit?
3292 4708 3430 4774 uitia
3490 4708 3579 4762 ille

1983 4796 2315 4850 noscebatur
2360 4797 2460 4851 etsi
2490 4812 2598 4851 non
2631 4808 2689 4852 ut
2742 4798 2917 4862 Pater,
2952 4799 3045 4853 sed
3094 4808 3273 4853 tamen
3323 4810 3381 4854 ut
3413 4800 3578 4855 Deus.

1983 4885 2161 4941 Itilius
2194 4896 2377 4940 autem
2424 4902 2531 4942 non
2586 4888 3042 4951 cognoscebatur.
3080 4886 3207 4944 Haec
3240 4905 3367 4956 vox,
3425 4889 3576 4953 Erat,

1984 4982 2124 5036 nihil
2161 4981 2311 5037 aliud
2340 4983 2584 5037 ostendit
2629 4983 2734 5036 nisi
2776 4998 2897 5037 esse
2921 4983 3204 5037 evidenter
3257 4994 3312 5038 et
3346 4984 3573 5037 intiuite.

290 5079 548 5151 παθητὴν
598 5078 699 5149 τὴν
751 5078 1008 5147 γέννησιν
1090 5074 1474 5143 ὑπολάϐωμεν,
1539 5073 1636 5126 καὶ
1677 5071 1764 5124 διὰ
1822 5070 1866 5124 τί

1995 5072 2223 5129 Verbum
2266 5086 2446 5130 autem
2480 5074 2633 5127 illum
2675 5084 2854 5139 vocat,
2892 5091 2961 5128 ne
3001 5077 3415 5141 generationem
3449 5091 3579 5144 pas-

287 5173 628 5241 ἁπαγγεῖλαι
668 5172 736 5224 τὰ
768 5169 863 5223 τοῦ
894 5169 1127 5237 Πατρός.
1161 5166 1263 5219 Διὰ
1294 5167 1534 5235 τίΛόγον
1559 5161 1711 5216 εἶπεν
1744 5162 1866 5232 μετὲ

1988 5171 2204 5225 sibilem
2246 5185 2642 5239 supponamus,
2676 5176 2731 5223 et
2756 5173 2883 5239 quia
2915 5187 3036 5239 qua:
3063 5169 3241 5224 Patris
3282 5178 3407 5223 sunt
3438 5185 3578 5223 nui:-

287 5272 394 5337 τῆς
415 5265 512 5318 τοῦ
570 5266 776 5337 ἄρθρου
852 5263 1211 5334 προσθήκης;
1274 5260 1465 5321 Ὅπως
1515 5258 1624 5311 τῶν
1674 5255 1878 5309 λοιπῶν

288 5359 469 5425 λόγων
522 5358 734 5427 χωρίσῃ
759 5372 774 5386 ·
819 5354 980 5427 οὐσίᾳ.
1011 5353 1121 5424 γὰρ
1166 5352 1381 5421 ἀπαθὴς
1415 5344 1570 5414 οὗτος
1603 5351 1697 5403 καὶ
1730 5349 1881 5409 Θεός.

293 5452 423 5506 "Ott
449 5450 582 5503 Θεὸν
601 5451 696 5502 καὶ
725 5448 859 5502 Θεὸν
883 5445 1052 5500 εἰπὼν
1088 5445 1205 5515 (καὶ
1230 5444 1364 5516 γὰρ,
1386 5442 1551 5509 Θεὸς,
1588 5441 1773 5512 φησὶν.
1806 5435 1885 5509 ἦν

292 5550 327 5600 ό
380 5542 620 5614 Λόγος),
671 5542 773 5596 οὐκ
806 5540 1066 5612 ἐμφαίνει
1114 5557 1169 5593 τι
1212 5538 1377 5610 μέσον
1424 5537 1523 5608 τῆς
1582 5534 1836 5605 θεότητος
1866 5547 1882 5563 ·

292 5637 488 5708 ἐπειδὴ
520 5636 620 5707 οὐχ
652 5630 817 5707 ἦττον
845 5633 978 5698 Θεὸς
1004 5634 1033 5687 ό
1057 5633 1211 5696 Υἱός.

377 5746 618 5801 ’Ὀτιδιὰ
670 5741 791 5808 τοῦ,
854 5743 957 5798 Ἐν
1020 5738 1178 5810 ἀρχῇ
1231 5734 1329 5808 ἦν,
1374 5737 1436 5792 τὸ
1484 5736 1656 5789 ἀΐδιον
1713 5728 1878 5786 αὑτοῦ

1988 5262 2177 5315 tiabat.
2210 5262 2322 5315 (Zur
2352 5261 2578 5315 verbum
2606 5272 2767 5316 vueat
2795 5278 2919 5315 euut
2950 5260 3294 5330 appositione
3325 5261 3583 5316 articuli?

1994 5353 2061 5409 Ut
2092 5369 2122 5408 a
2159 5354 2385 5423 reliquis
2445 5352 2639 5410 Verbis
2684 5355 3017 5423 distinguat:
3068 5354 3374 5409 substantia
3434 5354 3580 5409 enim

1979 5446 2344 5515 jmpassihilis
2368 5447 2456 5500 ille
2478 5457 2532 5501 et
2560 5447 2719 5501 Deus.
2754 5448 2924 5502 Deum
2956 5458 3009 5501 et
3032 5446 3198 5501 Deum
3222 5446 3582 5512 nominando,

1989 5553 2115 5592 nam
2150 5537 2311 5603 Deus,
2355 5539 2453 5604 ait,
2514 5550 2626 5593 erat
2671 5540 2917 5605 Verbum,
2954 5554 3059 5594 non
3124 5538 3329 5593 indicat
3376 5537 3582 5605 aliqu’d

1989 5631 2225 5685 medium
2264 5634 2316 5686 in
2334 5634 2633 5697 divinitate;
2660 5649 2783 5691 cum
2817 5649 2923 5687 non
2940 5633 3122 5687 minus
3140 5631 3284 5686 Deus
3302 5630 3369 5684 sit
3390 5628 3581 5685 Filius.

2063 5722 2207 5778 Vens
2229 5725 2285 5777 2.
2320 5724 2581 5790 Dicenda,
2623 5725 2686 5778 In
2735 5726 3002 5794 principio
3030 5733 3181 5788 erat,
3221 5722 3583 5777 aeternitatem

299 5841 546 5897 δείκνυσι
582 5854 594 5869 ³
627 5837 716 5892 διὰ
748 5834 804 5889 δὲ
838 5834 955 5903 τοῦ,
1005 5829 1193 5901 Οὗτος
1222 5832 1301 5902 ἦν
1327 5832 1397 5886 ἐν
1416 5827 1575 5899 ἀρχῇ
1616 5825 1766 5897 πρὸς
1788 5824 1866 5878 rei

2000 5822 2119 5891 ejus
2151 5820 2419 5884 ostendit;
2458 5818 2587 5873 Erat
2614 5821 2668 5873 in
2695 5819 2954 5888 principio
2976 5817 3115 5887 apud
3147 5815 3311 5873 Deum
3337 5833 3357 5882 ;
3390 5832 3457 5872 nc
3494 5831 3585 5870 ar-
