4026 6444
526 383 666 448 1219

1235 372 1631 438 OPUSCULA
1669 368 2308 432 SCRIPTURISTICA
2343 366 2691 430 ΙΝΕΕΒΉΕ
2732 370 3042 433 AETATIS.

3665 335 3792 434 :22;

519 497 759 559 bitreris,
789 495 985 564 inquit,
1027 495 1374 564 praecessisse
1407 494 1780 549 exsisteutiam
1818 489 2020 555 Patris;
2051 499 2111 544 ut

2235 490 2393 551 θεὸν,
2433 489 2604 560 δηλοῖ,
2641 490 2724 542 ὅτι
2771 490 2860 561 Μὴ
2921 490 3150 564 νομίσῃς
3199 485 3589 560 πρεσϐυτέραν
3645 485 3794 546 εἶναι.

521 591 668 644 enim
706 588 838 641 solis
878 585 1134 655 splendor
1186 587 1277 654 qui
1305 600 1371 640 ex
1421 585 1536 654 ipsa
1573 594 1766 638 natura
1822 582 1954 637 solis
2002 589 2108 644 est,

527 697 632 734 non
671 678 1028 749 posteriorem
1061 692 1180 731 esse
1227 677 1470 732 dicimus
1525 675 1658 730 solis
1683 686 1916 739 naturae,
1960 671 2034 726 ita
2059 680 2112 726 et

524 769 760 824 Verbum
785 785 849 822 cx
894 783 962 822 eo
987 776 1183 822 estnec
1209 782 1274 822 eo
1303 767 1579 837 posterius
1609 777 1712 822 est.

594 943 760 998 Vens.
781 944 835 999 3.
873 939 1067 996 Omnia
1092 959 1182 1011 per
1212 943 1382 1011 ipsum
1415 945 1558 1014 facta
1595 953 1716 996 sunt
1739 956 1758 995 :
1789 943 1839 996 id
1870 953 1976 1006 est,
2001 955 2109 997 non

527 1037 702 1091 solum
739 1035 1019 1090 seusibilia
1047 1044 1102 1089 et
1128 1034 1384 1100 \‘isibilia,
1426 1035 1521 1090 sed
1550 1036 1714 1089 etiam
1777 1035 2110 1104 spiritualin.

599 1127 717 1181 Non
740 1137 954 1196 Oportet
982 1138 1162 1181 autem
1185 1127 1399 1182 ﬁnalem
1427 1137 1614 1182 notam
1643 1142 1754 1181 non
1773 1127 1840 1180 ad
1860 1129 1914 1179 in
1947 1141 2112 1197 appo-

527 1236 657 1274 nere
708 1228 765 1271 ut
796 1218 1006 1272 faciunt
1091 1217 1333 1272 hatrctici
1380 1219 1656 1274 dicentes:
1713 1219 1858 1286 quod
1913 1217 2115 1272 factum

521 1323 607 1366 est
660 1314 712 1365 in
777 1312 894 1380 ipso
959 1314 1064 1362 vita
1129 1317 1292 1377 erat;
1373 1310 1617 1364 volentes
1674 1307 1939 1378 Spiritum
1989 1324 2118 1362 sau-

524 1416 671 1457 ctum
697 1412 1003 1456 creaturam
1027 1401 1226 1455 dicere.
1252 1401 1451 1456 Deinde
1477 1402 1546 1455 de
1564 1403 1840 1456 creatione
1870 1403 2117 1470 loquens,

524 1495 714 1564 adjicit
742 1496 809 1549 de
837 1491 1178 1564 providentia
1216 1511 1230 1546 :
1257 1492 1324 1549 Ut
1353 1497 1627 1549 enimnon
1647 1495 1962 1548 dubitemus
1987 1509 2122 1561 quu-

528 1589 689 1640 modu
719 1585 914 1640 fecetit
941 1585 1092 1647 dicit,
1129 1583 1194 1638 In
1223 1587 1338 1655 ipso
1391 1587 1495 1640 vita
1517 1595 1656 1649 erat;
1701 1585 1752 1639 id
1778 1594 1879 1647 est,
1915 1585 1968 1638 in
1999 1584 2119 1652 ipso

525 1679 707 1732 omnia
738 1680 945 1743 vivunt,
978 1688 1034 1734 et
1077 1680 1128 1730 in
1166 1677 1282 1747 ipso
1321 1678 1714 1748 providentur;
1745 1687 1796 1731 et
1848 1676 1993 1743 quod
2057 1676 2124 1729 de

525 1771 686 1824 Patre
715 1769 913 1824 dicitur
950 1791 962 1826 :
1001 1772 1062 1826 In
1095 1774 1208 1841 ipso
1243 1771 1489 1834 vivimus,
1521 1782 1788 1821 movemur
1825 1776 1874 1820 et
1909 1781 2116 1819 sumtis.

2221 583 2372 650 φησὶ,
2407 583 2506 652 τὴν
2536 577 2770 650 ὓπαρξιν
2819 581 2914 635 τοῦ
2952 581 3166 653 Πατρός
3200 597 3214 614 ⁸
3246 581 3322 645 ὡς
3372 581 3484 652 γὰρ
3541 576 3604 634 τδ
3629 582 3796 634 ἀπαύ-

2219 689 2408 742 γασμα
2443 670 2536 724 τοῦ
2565 671 2719 741 ἡλίου
2757 672 2814 738 ἐξ
2837 671 3006 742 αὐτῆς
3030 671 3090 724 ὃν
3119 673 3218 741 τῆς
3247 670 3341 725 τοῦ
3369 671 3532 742 ἡλίου
3569 670 3796 739 φύσεως,

2221 765 2319 833 οὐχ
2355 763 2580 833 ὕστερον
2610 759 2752 816 εἷναί
2783 781 2964 832 φαμεν
2987 765 3088 834 τῆς
3119 764 3348 835 ἡλιακῆς
3374 763 3604 832 φύσεως
3633 777 3647 791 ·
3671 761 3801 817 οὕτω

2221 853 2318 904 καὶ
2341 851 2371 903 ό
2405 851 2597 918 Λόγος,
2623 852 2717 903 καὶ
2741 852 2796 917 ἐξ
2825 850 3013 916 αὑτοῦ,
3063 854 3159 905 καὶ
3219 852 3318 923 οὐχ
3351 851 3478 906 ὖστε
3490 871 3593 924 ρον
3623 851 3801 905 αὐτοῦ.

2293 945 2417 998 Ὅτι
2446 945 2527 1008 τὸ,
2582 943 2784 998 Πάντα
2831 943 2908 997 δι’
2958 945 3146 998 αὐτοῦ
3175 944 3449 1014 ἐγένετο·
3530 947 3804 998 τουτέστιν

2221 1037 2280 1089 οὐ
2305 1038 2370 1089 τὰ
2405 1036 2640 1105 αἰσθητὰ
2663 1037 2756 1089 καὶ
2789 1035 2958 1101 ἁπτὰ,
2982 1036 3119 1090 ἀλλὰ
3150 1035 3246 1090 καὶ
3274 1037 3341 1089 τὰ
3368 1037 3568 1105 νοητά..

2292 1124 2367 1177 Οὐ
2405 1126 2510 1196 χρὴ
2541 1124 2596 1177 δέ
2630 1127 2730 1194 τὴν
2757 1124 2969 1178 τελείαν
2998 1125 3232 1197 στιγμὴν
3253 1126 3371 1180 οὑδέ
3398 1127 3456 1179 ἓν
3484 1127 3786 1195 ἐπιθεῖναι,

2227 1219 2368 1272 κατὰ
2409 1219 2534 1280 τοὺς
2568 1218 2910 1288 αἱρετικούς’
2947 1217 3152 1272 ἐκεῖνοι
3185 1219 3295 1288 γὰρ
3329 1218 3503 1282 οὕτως
3535 1217 3804 1287 λέγουσιν·

2235 1310 2301 1361 Ὃ
2329 1308 2573 1376 γέγονεν,
2605 1309 2662 1360 ἐν
2699 1308 2848 1378 αὐτῷ
2875 1308 2990 1381 ζωὴ
3017 1304 3105 1380 ἦν·
3139 1308 3455 1380 βουλόμενοι
3486 1308 3553 1362 τὸ
3593 1310 3810 1380 Πνεῦμα

2221 1398 2287 1451 τὸ
2330 1397 2507 1466 ἅγιον,
2539 1395 2749 1468 κτίσμα
2781 1397 2988 1476 λέγειν.
3019 1394 3152 1453 Εἶτα
3191 1397 3364 1453 εἰπὼν
3401 1403 3537 1469 περὶ
3588 1400 3691 1468 τῆς
3726 1401 3812 1472 δη-

2229 1489 2543 1558 μιουργίας,
2575 1488 2771 1555 ἐπάγει
2808 1490 2902 1542 καὶ
2934 1491 3062 1560 περὶ
3104 1486 3205 1558 τῆς
3240 1491 3524 1561 προνοίας.
3561 1491 3686 1545 Ἵνα
3714 1491 3815 1563 γὰρ

2236 1582 2312 1652 μὴ
2342 1582 2646 1635 ἀπιστῶσιν
2666 1581 2747 1636 ὃτι
2778 1581 2896 1646 πῶς
2927 1581 3129 1647 ἔκτισε,
3163 1583 3335 1652 λέγει·
3380 1585 3485 1639 Ἔν
3517 1584 3687 1650 αὐτῷ
3711 1586 3812 1652 ζωὴ

2229 1666 2328 1739 ἦν·
2365 1671 2644 1724 τουτέστιν
2707 1673 2788 1724 ὗτι
2814 1674 2872 1724 ἐν
2899 1671 3051 1740 αὑτῷ
3093 1670 3158 1742 ζῇ
3190 1674 3393 1738 πάντα,
3421 1675 3520 1726 καὶ
3553 1674 3618 1725 ἐν
3675 1674 3814 1740 αὑτῴ

2238 1761 2555 1826 προνοεῖται
2577 1774 2593 1791 ·
2620 1758 2649 1812 ὃ
2687 1760 2780 1813 καὶ
2811 1761 2942 1832 περὶ
2974 1759 3072 1812 τοῦ
3117 1761 3351 1831 Πατρός·
3387 1761 3520 1816 Ὀτι
3563 1762 3640 1815 ἐν
3665 1759 3815 1826 αὐτῷ

2241 1846 2452 1917 ζῶμεν,
2484 1849 2581 1903 καί
2606 1851 2953 1919 κινούμεθα,
2979 1849 3080 1905 καί
3099 1851 3310 1922 ἐσμέν.

601 1939 763 1995 Vens.
795 1941 846 1996 ό.
882 1941 1023 2008 Quid
1080 1953 1213 1999 est:
1290 1940 1412 1996 Vita
1477 1954 1592 1996 erat
1647 1942 1740 1994 tua:
1794 1939 2123 1992 hominum?

2308 1941 2373 1993 Τί
2402 1944 2541 2006 ἐστι,
2577 1941 2687 1995 Καί
2715 1940 2754 2006 ἠ
2785 1941 2901 2010 ζωὴ
2935 1937 3017 2012 ἦν
3042 1943 3108 1996 τὸ
3137 1941 3264 2012 φῶς
3300 1941 3422 1997 τῶν
3448 1940 3814 2012 offendatur;

527 2031 864 2100 Spiritualem
886 2034 1016 2088 dicit
1042 2035 1216 2089 lucem
1231 2035 1471 2088 animam
1499 2035 1670 2102 ipsam
1694 2032 2117 2086 illuminantem.

598 2125 762 2181 Vens.
789 2128 841 2180 5.
863 2127 1001 2193 Quid
1027 2138 1112 2182 est
1133 2144 1152 2183 :
1177 2127 1290 2180 Lua:
1317 2129 1370 2180 in
1395 2126 1619 2180 tenebris
1648 2122 2124 2178 iucet?Tenebras

524 2226 685 2273 vocat
725 2232 817 2274 aut
855 2229 1086 2275 mortem
1121 2229 1216 2274 aut
1277 2234 1544 2274 errorem.
1600 2216 1898 2288 Gregorius
1938 2221 2121 2268 autem

526 2325 755 2381 Iitagnus
776 2312 840 2366 de
873 2327 1038 2366 carne
1066 2311 1269 2367 Christi
1301 2310 1572 2381 intelligit;
1605 2309 1697 2363 alii
1736 2319 1918 2362 autem
1944 2305 2122 2360 luci-nt

523 2403 1044 2470 dicunt‘doctrinam
1074 2421 1215 2460 esse.
1246 2403 1490 2458 Tenebrte
1515 2419 1629 2456 eam
1661 2417 1763 2454 non
1783 2400 2122 2468 comprehen-

522 2496 732 2551 derunt.
782 2493 918 2564 Quia
976 2514 1151 2569 neque
1206 2514 1364 2552 error
1412 2499 1566 2552 illum
1599 2494 1900 2566 superavit,
1944 2507 2125 2561 neque

524 2604 691 2652 mors,
732 2604 908 2660 neque
942 2590 1194 2644 humana:
1227 2591 1532 2660 passiones.

602 2726 759 2783 Vens.
788 2729 840 2784 6.
874 2728 1027 2794 Fuit,
1087 2745 1195 2784 non
1267 2737 1430 2784 natus
1473 2738 1580 2791 est,
1629 2741 1754 2782 esse
1803 2725 2124 2796 simpliciter

523 2825 782 2886 ostendit;
817 2824 1203 2878 sedmissiouis
1254 2823 1424 2891 ipsius
1461 2821 1682 2874 modum
1717 2817 1942 2872 iudicat.

603 2916 766 2969 Vens.
801 2917 851 2970 9.
901 2915 1178 2968 illuminat
1211 2931 1414 2968 onmem
1443 2914 1732 2977 hominem,
1761 2922 1816 2965 et
1841 2909 2122 2981 quomodo

529 3006 682 3058 multi
713 3015 842 3058 sunt
872 3005 1153 3059 siucluce?
1191 3005 1411 3058 veniens
1435 3003 1580 3058 enim
1615 3003 1669 3056 in
1696 3016 1916 3057 omnem
1945 3001 2121 3054 homi-

531 3109 656 3148 nem
695 3093 896 3147 illuxit.

604 3263 778 3319 Vens.
821 3263 901 3320 l0.
937 3262 999 3317 Et
1055 3264 1279 3317 mundus
1321 3280 1439 3317 eum
1483 3279 1584 3316 non
1642 3264 1876 3332 cognorit
1915 3279 1928 3316 :
1963 3279 2125 3316 mun-

529 3359 659 3414 dum
685 3358 757 3412 ibi
780 3357 924 3427 quod
953 3367 1213 3411 terrestre
1235 3368 1289 3410 et
1310 3357 1553 3426 ignobile
1579 3364 1665 3410 est
1686 3366 1868 3423 γουσι,
1893 3365 1947 3409 et
1978 3355 2122 3423 quod

525 3452 733 3506 mundo
756 3451 1017 3504 adhaeret.

600 3542 764 3597 Vens.
799 3544 884 3595 11.
918 3539 980 3594 In
998 3541 1215 3610 propria
1251 3542 1406 3606 venit,
1439 3537 1735 3595 deJudaeis
1760 3539 1972 3595 dictum
2011 3546 2122 3605 cst,

527 3644 793 3704 tanquam
829 3634 1104 3704 praecipuo
1127 3644 1183 3686 et
1210 3633 1417 3702 potenti
1483 3634 1702 3702 populo.
1742 3631 1914 3697 Quem
1943 3631 2125 3686 locum

527 3727 782 3795 linquens
828 3725 920 3795 qui
947 3725 1131 3778 omnia
1182 3725 1369 3793 replet,
1427 3724 1612 3777 venit?
1658 3721 1863 3776 Locum
1904 3722 2126 3792 quidem

529 3819 742 3872 nullum
788 3817 1038 3879 mutavit,
1068 3816 1160 3870 sed
1204 3815 1270 3868 ad
1304 3831 1402 3868 nus
1437 3813 1820 3869 descendendo
1852 3813 1954 3866 hoc
1980 3811 2125 3868 fecit.

604 3907 772 3964 Vens.
821 3907 904 3962 12.
944 3907 1100 3961 Dedit
1145 3906 1220 3960 eis
1279 3915 1587 3976 potestatem
1641 3903 1785 3972 ﬁlios
1839 3903 1932 3956 Dei
1967 3903 2127 3972 ﬁeri:

533 4003 658 4056 Non
690 4001 827 4056 dixit
865 4000 992 4054 fecit
1037 4015 1154 4065 eos,
1195 3999 1286 4053 sed
1327 3999 1466 4052 dedit
1527 3998 1600 4050 eis
1659 4004 1992 4065 potestatem.
2057 3993 2127 4048 Et

539 4092 764 4148 Verbum
790 4108 916 4145 caro
951 4093 1153 4160 factum
1181 4100 1297 4155 est;
1323 4105 1429 4144 non
1456 4099 1652 4142 natura
1675 4091 1798 4156 ejus
1826 4089 1880 4141 in
1903 4100 2126 4142 carnem

534 4193 928 4248 transmutata,
974 4183 1066 4237 sed
1125 4191 1381 4236 manente
1421 4182 1566 4250 quod
1598 4188 1738 4247 erat,
1773 4188 1828 4232 et
1890 4177 2124 4232 formam

531 4278 675 4332 seni
723 4277 1045 4346 accipiente.
1082 4274 1307 4328 Factum
1337 4283 1437 4338 est,
1484 4274 1688 4327 dicitur
1747 4271 2121 4337 materialiter,

533 4381 594 4424 ut
648 4371 720 4425 ita
749 4370 956 4434 dicam,
1004 4368 1070 4422 ob
1108 4383 1204 4422 eos
1259 4367 1351 4437 qui
1399 4367 1742 4422 contendunt
1773 4379 1898 4418 eum
1958 4363 2127 4418 fuisse

533 4464 914 4514 tantasticum.

2232 2033 2444 2105 Νοητδν
2485 2036 2602 2104 φῶς
2626 2035 2778 2104 λέγει
2812 2037 2913 2106 τὴν
2939 2034 3117 2108 ψυχὴν
3152 2037 3388 2106 φωτίζον
3418 2041 3623 2110 αὑτήν.

2297 2122 2362 2176 Τί
2415 2125 2586 2189 ἐστιν,
2653 2125 2736 2178 ὅτι
2790 2124 2861 2178 Τὸ
2897 2123 3025 2194 φῶς
3061 2125 3134 2180 ἐν
3182 2122 3256 2193 τῇ
3306 2128 3527 2194 σκοτίᾳ
3588 2127 3814 2196 palma;

2227 2215 2456 2270 Σκοτίαν
2487 2217 2665 2286 λέγει,
2699 2218 2732 2289 ἢ
2769 2218 2861 2272 τὸν
2895 2217 3150 2284 θάνατον,
3183 2219 3216 2290 ἦ
3247 2216 3346 2289 τὴν
3386 2219 3636 2291 πλάνην.
3681 2216 3810 2274 Ὀὂὲ

2231 2309 2406 2378 μέγας
2435 2311 2768 2381 Γρηγόριος,
2795 2311 2894 2383 τὴν
2927 2313 3068 2366 κατὰ
3108 2312 3290 2384 σάρκα
3323 2312 3418 2367 τοῦ
3461 2312 3711 2387 Χριστοῦ
3733 2312 3814 2366 λέ-

2226 2419 2332 2470 γει·
2368 2403 2520 2456 ἄλλοι
2559 2404 2732 2475 δὲτὴν
2757 2402 2983 2476 διδαχὴν
3003 2404 3228 2474 λέγουσι
3260 2404 3396 2474 φῶς.

2308 2496 2380 2550 Ἣ
2407 2497 2623 2550 σκοτία
2652 2495 2723 2550 δὲ
2751 2498 2902 2552 αὐτὸ
2931 2499 3004 2552 οὐ
3046 2497 3399 2554 κατέλαϐεν.
3441 2497 3665 2570 Ἐπειδὴ
3697 2495 3807 2551 οὔτε

2223 2589 2257 2660 ἠ
2295 2589 2472 2658 πλάνη
2509 2589 2759 2659 ἐνίκησεν
2784 2589 2968 2658 αὐτὸν,
3000 2587 3124 2643 οὔτε
3159 2589 3409 2655 θάνατος,
3456 2585 3588 2644 οὔτε
3633 2591 3700 2644 τὰ
3728 2592 3811 2643 ἁν-

2227 2680 2475 2753 θρώπινα
2502 2682 2674 2754 πάθη.

2307 2774 2600 2844 Ἐγένετο,
2629 2776 2692 2828 οὐ
2720 2776 2780 2828 τὸ
2808 2775 3132 2846 ἐγεννήθηῆ
3161 2776 3220 2829 τδ
3240 2772 3381 2831 εῖναι
3415 2775 3610 2841 ἅπλῶς
3641 2775 3803 2849 δηλοῖ,

2225 2866 2360 2920 ἀλλὰ
2393 2866 2493 2936 τῆς
2528 2867 2836 2937 ἀποστολῆς
2867 2869 3041 2940 αὐτῆς
3063 2869 3154 2922 τὸν
3187 2869 3387 2939 τρόπον
3411 2870 3589 2942 δηλοῖ.

2304 2955 2379 3009 Τὸ
2416 2955 2670 3026 φωτίζον
2722 2956 2921 3010 πάντα
2949 2957 3289 3025 ἄνθρωπον.
3320 2959 3430 3013 Καὶ
3461 2961 3585 3025 πῶς
3621 2957 3807 3028 ἀφώτι-

2228 3065 2345 3101 στοι
2381 3047 2600 3114 πολλοί;
2626 3048 2699 3101 Τό
2726 3065 2791 3118 γε
2823 3043 2959 3119 ἧκον
2991 3050 3071 3114 είς
3103 3049 3285 3116 αὑτὸν,
3319 3052 3499 3107 πάντα
3526 3050 3803 3123 ἐφώτισεν.

2307 3258 2416 3312 Kai
2441 3261 2476 3312 ό
2502 3260 2733 3328 κόσμος
2755 3257 2950 3313 αὐτὸν
2975 3261 3087 3314 οὐκ
3127 3260 3300 3331 ἔγνω.
3333 3262 3555 3332 Κόσμον
3585 3258 3803 3314 ἐνταῦθα

2234 3347 2296 3404 τὸ
2327 3351 2550 3421 χυδαῖον
2607 3351 2706 3404 καὶ
2751 3350 3001 3423 δημῶδες
3044 3352 3216 3420 λέγει,
3255 3353 3439 3408 καὶτὸ
3493 3354 3574 3426 τῷ
3630 3354 3803 3422 κόσμῳ

2239 3444 2695 3516 προσηλωμένον.

2312 3540 2416 3605 Είς
2449 3539 2523 3593 τὰ
2551 3538 2674 3591 ἴδια
2707 3533 2875 3608 ἦλθε.
2910 3537 3044 3610 Περὶ
3082 3541 3192 3592 τῶν
3235 3538 3504 3593 Ἰουδαίων
3538 3537 3706 3608 λέγει,
3737 3533 3800 3597 ὡς

2239 3629 2520 3698 ἐξαιρέτου
2555 3628 2687 3683 λαοῦ
2717 3633 2812 3684 καὶ
2851 3631 3190 3701 περιουσίου.
3222 3632 3378 3684 Ποῖον
3407 3633 3573 3688 τόπον
3607 3628 3799 3701 ἀφεὶςό

2237 3721 2304 3772 τὰ
2342 3719 2520 3772 πάντα
2549 3720 2776 3792 πληρῶν
2798 3716 2970 3792 ﬁliis;
3001 3723 3183 3776 Τόπον
3231 3722 3332 3792 μὲν
3359 3724 3556 3779 οὐδένα
3595 3721 3798 3794 ἧμειψει

2237 3815 2302 3884 τῇ
2330 3813 2388 3866 δέ
2419 3813 2554 3883 πρὸς
2581 3815 2729 3884 ἡμᾶς
2761 3814 3171 3882 συγκαταδάσει
3195 3815 3356 3868 τοῦτο
3386 3817 3705 3887 εἰργάσατο.

2313 3903 2573 3958 Ἔδωκεν
2594 3905 2800 3972 αὐτοῖς
2815 3907 3111 3972 ἐξουσίαν
3135 3906 3318 3961 τέκνα
3337 3908 3485 3962 Θεοῦ
3518 3907 3796 3978 γενέσθαι.

2238 3997 2352 4050 Οὐκ
2396 3993 2568 4064 εἶπεν,
2623 3999 2704 4052 ὅτι
2751 3995 3038 4067 Ἐποίησεν
3099 3997 3319 4067 αὐτοὺς,
3365 4000 3502 4064 ἀλλ’,
3563 3999 3800 4052 Ἔδωκεν

2235 4088 2443 4154 αὐτοῖς
2465 4090 2779 4154 ἐξουσίαν.
2808 4119 2880 4132 —-
2917 4090 3024 4145 Καί
3060 4093 3093 4144 ό
3134 4091 3327 4161 Λόγος
3365 4091 3526 4161 σὰρξ
3556 4089 3794 4161 ἐγένετο.

2236 4183 2312 4239 Οὐ
2339 4185 2437 4254 τῆς
2462 4183 2680 4252 φύσεως
2700 4182 2864 4238 αὐτοῦ
2899 4181 3315 4256 μεταπεσούσης
3335 4187 3414 4249 είς
3447 4186 3647 4256 σάρκα,
3679 4180 3798 4235 ἀλλὰ

2241 4277 2512 4347 μενούσης
2561 4275 2734 4343 αὐτῆς
2784 4276 2922 4346 ὅπερ
2955 4271 3044 4348 ἦν,
3091 4277 3192 4349 τὴν
3224 4277 3318 4330 τοῦ
3363 4277 3553 4331 δούλου
3603 4272 3796 4348 μορφὴν

2235 4366 2636 4438 ἀναλαὸιύσης.
2663 4368 2735 4420 Τὸ
2763 4367 2840 4432 δὲ,
2887 4368 3158 4438 Ἐγένετο
3179 4409 3195 4434 ,
3245 4367 3566 4440 πρόσκειται
3601 4366 3796 4436 παχέως

2233 4459 2379 4514 οὕτω
2413 4474 2530 4520 πως
2554 4459 2643 4512 διὰ
2675 4461 2801 4525 τοὺς
2827 4459 3080 4525 λέξοντας
3109 4459 3273 4516 αὐτὸν
3300 4462 3358 4514 ἐν
3381 4461 3672 4531 φαντασίᾳ.

605 4551 773 4607 Vens.
807 4553 894 4605 li.
931 4551 1072 4617 Quid
1103 4560 1208 4617 est,
1238 4550 1511 4603 Habitavit
1536 4550 1592 4602 in
1615 4548 1803 4602 nobis?
1845 4546 2123 4601 Habitavit

2307 4552 2374 4605 Τί
2401 4553 2516 4605 ἐστι
2543 4551 2623 4615 τὸ,
2677 4551 3072 4620 Ἐσκήνωσεν
3103 4554 3174 4606 ἐν
3197 4553 3383 4623 mir;
3413 4555 3506 4618 Τὸ,
3546 4548 3793 4617 ἐσκήνω-

533 4661 642 4700 non
670 4646 810 4698 idem
834 4653 994 4697 sonat
1036 4657 1104 4697 ac
1142 4643 1372 4707 habitat;
1411 4643 1484 4696 ita
1517 4650 1577 4694 ut
1603 4657 1670 4694 ex
1709 4640 1814 4694 hoc
1863 4649 2128 4710 sequatur

537 4735 684 4802 quod
746 4731 977 4786 Verbum
1021 4747 1147 4784 caro
1207 4730 1408 4798 factum
1464 4738 1562 4783 est.
1617 4727 1848 4783 Divinus
1903 4729 2126 4799 quidem

536 4826 821 4896 apostolus
873 4822 1077 4877 Paulus
1133 4820 1297 4878 Verbi
1351 4825 1718 4893 cognit'onem
1796 4821 2002 4876 habere
2059 4836 2130 4875 ex

539 4923 692 4985 parte
744 4914 900 4986 dicit.
967 4913 1196 4983 Magnus
1255 4923 1437 4966 autent
1477 4912 1810 4984 evangelista
1863 4910 2126 4976 Joannes,

535 5008 740 5064 vidisse
781 5009 918 5061 dicit
974 5009 1188 5076 plenam
1233 5006 1460 5077 gloriam
1509 5007 1647 5076 eius,
1689 5006 1919 5077 gloriam
1977 5007 2130 5076 quasi

540 5099 806 5170 Unigeniti
839 5117 874 5153 a
942 5098 1127 5162 Patre,
1186 5101 1395 5169 plenum
1443 5101 1635 5170 gratia
1687 5108 1736 5153 et
1773 5099 2030 5153 ueritatis.
2062 5098 2129 5152 Et

536 5209 809 5266 nusquam
870 5194 1090 5264 quidem
1171 5203 1400 5248 sanctus
1487 5193 1692 5248 Paulus
1759 5191 2128 5262 cognitionem

535 5299 796 5358 tauquam
831 5286 927 5341 Dci
964 5285 1126 5342 Verbi
1151 5304 1214 5341 ex
1239 5299 1392 5356 parte
1457 5287 1659 5341 habere
1695 5284 1852 5352 dicit;
1908 5300 2033 5338 nam
2063 5299 2129 5338 ex

536 5379 950 5448 operationibus
1010 5388 1222 5434 tantum
1283 5377 1692 5447 quodammodo
1749 5378 2127 5448 cognoscitur.

535 5471 790 5541 Cognitio
841 5472 987 5524 enim
1033 5471 1102 5524 de
1138 5469 1230 5524 illo
1284 5471 1588 5523 secundum
1651 5467 2020 5522 substantiam
2078 5475 2133 5521 et

536 5578 851 5631 personant,
898 5564 1101 5631 pariter
1153 5562 1411 5615 ninnibus
1459 5562 1668 5630 angelis
1717 5570 1771 5614 et
1815 5560 2134 5616 hominibus

536 5662 717 5707 exstat
755 5655 1038 5707 inaccessa
1067 5663 1119 5706 et
1144 5654 1196 5706 in
1229 5654 1378 5706 nullo
1419 5654 1551 5706 nulli
1577 5651 1845 5706 habenda.
1901 5652 2135 5706 Sanctus

539 5755 718 5798 autem
750 5744 993 5800 Joannes
1035 5746 1344 5816 perfectum
1380 5762 1478 5816 pro
1511 5746 1831 5800 hominibus
1862 5747 2134 5800 incarna-

541 5835 705 5890 tionis
740 5836 900 5891 Verbi
938 5854 1246 5894 sermonem
1289 5841 1528 5906 faciens,
1586 5840 1816 5911 gloriam
1868 5838 2030 5894 Verbi
2078 5848 2134 5892 ut

2205 4657 2371 4709 -σεν,
2411 4642 2473 4695 οὺ
2503 4643 2701 4697 ταυτόν
2723 4644 2840 4697 ἐστι
2880 4642 2957 4715 τῷ
2991 4643 3318 4716 σκηνοῦντν
3345 4645 3488 4699 ὥστε
3529 4646 3595 4698 ἐκ
3622 4639 3790 4696 τούτου

2233 4735 2400 4806 ἐλύθη
2465 4737 2562 4789 καὶ
2640 4736 2724 4801 τὸ,
2793 4735 2848 4787 '0
2899 4737 3092 4806 Λόγος
3139 4737 3299 4806 σὰρξ
3333 4734 3592 4808 ἐγένετο.
3635 4731 3690 4787 '0
3714 4728 3794 4802 μὲν

2234 4829 2380 4893 θεῖος
2404 4830 2703 4894 ἀπόστολος
2737 4827 2948 4892 Παῦλος
2998 4828 3098 4900 τὴν
3136 4827 3232 4882 τοῦ
3281 4829 3456 4899 Λόγου
3500 4826 3696 4897 γνῶσιν
3739 4821 3791 4872 ἑκ

2238 4921 2445 4992 μέρους
2495 4921 2602 4990 ἔφη
2639 4920 2959 4990 γινώσκειν·
3000 4922 3028 4974 ό
3084 4921 3143 4974 δέ
3208 4921 3384 4992 μέγας
3425 4911 3791 4989 εὐαγγελιστὴς

2248 5015 2526 5085 Ἰωάννης,
2561 5013 2853 5067 τεθεᾶσθαι
2904 5013 3055 5082 λέγει
3088 5014 3293 5082 πλήρη
3337 5013 3453 5081 τὴν
3493 5011 3678 5077 δόξαν
3703 5004 3790 5059 αὐο

2233 5105 2363 5170 τοῦ,
2405 5105 2594 5170 δόξαν
2624 5106 2705 5172 ὡς
2759 5105 3139 5175 Μονογενοῦς
3178 5105 3337 5173 παρὰ
3369 5105 3617 5171 Πατρός,
3653 5091 3790 5159 ποιῆσ

2227 5219 2346 5270 ρης
2373 5201 2617 5272 χάριτος
2652 5201 2748 5254 καὶ
2779 5202 3090 5269 ἀληθείας.
3119 5200 3226 5252 Καὶ
3256 5201 3466 5270 μήποτε
3491 5201 3519 5250 ὸ
3551 5199 3644 5267 μὲν
3662 5197 3790 5258 ἅγιος

2236 5293 2450 5357 Παῦλος
2483 5294 2585 5365 τὴν
2623 5293 2699 5356 ὡς
2741 5291 2878 5345 Θεοῦ
2927 5294 3102 5361 Λόγου
3139 5290 3342 5360 γνῶσιν
3392 5289 3454 5342 ἐκ
3489 5290 3679 5361 μέρους
3705 5280 3789 5345 ἔεὲη

2235 5385 2551 5454 γινώσκειν.
2593 5383 2690 5437 Ἐκ
2715 5384 2824 5454 γὰρ
2855 5381 2963 5439 τῶν
2991 5381 3284 5452 ἐνεργειῶν
3330 5381 3512 5443 ποσῶς
3549 5380 3695 5450 μόνον
3719 5388 3788 5437 τιν

2235 5475 2526 5532 νώσκεται.
2558 5477 2624 5529 Ἢ
2657 5476 2765 5545 γὰρ
2786 5474 2875 5527 ἐπ’
2903 5473 3052 5545 αὐτῷ
3083 5475 3200 5528 κατ’
3228 5473 3419 5528 οὐσίαν
3445 5490 3505 5526 τε
3547 5471 3641 5526 καὶ
3679 5458 3785 5518 ὑπό·

2239 5585 2432 5621 στασιν
2449 5567 2671 5636 γνῶσις,
2696 5571 2896 5638 ὁμοίως
2919 5569 3084 5621 πᾶσιν
3119 5566 3371 5635 ἀγγέλοις
3397 5582 3456 5619 τε
3491 5567 3584 5620 καὶ
3612 5554 3786 5627 ἀνθρώ·

2239 5675 2364 5722 ποις
2397 5658 2707 5726 καθέστηκε
2735 5659 2937 5722 ἄϐατος
2961 5700 2973 5720 ,
3007 5658 3128 5711 κατ’
3159 5657 3311 5710 οὐδὲν
3348 5656 3520 5710 οὐδενὶ
3557 5659 3787 5724 γινωσκο·

2243 5752 2402 5822 μένη.
2447 5752 2505 5804 ’0
2560 5751 2617 5804 δέ
2651 5750 2810 5820 ἅγιος
2853 5749 3109 5820 Ἰωάννης
3153 5748 3360 5803 τέλειον
3403 5751 3461 5802 ὲν
3513 5743 3788 5813 ἀνθρώποις

2239 5846 2331 5899 τὸν
2359 5845 2456 5914 τῆς
2483 5844 2956 5915 ὲνανθρωπὴσεως
3012 5840 3104 5896 τοῦ
3155 5842 3330 5910 Λόγου
3388 5840 3614 5912 μυηθεὶς
3637 5832 3781 5905 λόγον.
