4026 6426
324 370 462 435 1221

1389 365 1713 430 SCHOLIA
1751 361 2046 425 VETERA
2080 360 2161 421 IN
2194 360 2576 422 JOANNEM.

3454 367 3593 431 1222

311 482 411 551 τὴν
432 481 509 543 ώς
545 480 725 551 σάρκα
760 482 935 551 Λόγου
971 480 1127 546 δόξαν
1152 479 1255 550 ἔφη
1287 477 1612 532 θεάσασθαιο
1644 475 1891 528 τουτέστι

2009 471 2055 524 in
2085 486 2247 525 carne
2276 470 2480 526 vidisse
2509 472 2648 525 dixit
2678 489 2691 525 :
2727 470 2777 525 id
2818 478 2925 537 est,
2956 472 3247 537 rationem,
3278 474 3363 528 vel
3393 490 3592 545 propo-

302 575 402 629 ’τὸν
430 575 627 641 Λόγον,
658 576 827 645 ἦγουν
854 575 946 628 τὸν
977 574 1177 627 σκοπὸν
1204 570 1327 625 καθ’
1359 571 1417 625 ὃν
1442 573 1472 624 ὁ
1500 570 1638 634 Θεὸς
1667 568 1896 639 γέγονεν

310 666 622 737 ἄνθρωπος,
649 666 830 737 πλήρη
865 665 1093 735 χάριτος
1140 664 1411 717 ἐθεάσατο
1465 662 1565 715 καὶ
1605 660 1889 731 ἀληθείας.

311 758 387 811 Ού
419 757 529 827 γὰρ
563 757 698 809 καθὸ
726 756 849 809 κατ’
883 756 1073 809 οὐσίαν
1106 757 1237 819 Θεὸς
1288 755 1384 808 καὶ
1414 755 1491 825 τῷ
1541 753 1663 825 Θεῷ
1716 754 1895 825 Πατρὶ

308 848 601 918 ὀμοούσιος
633 849 663 900 ὁ
687 849 999 920 Μονογενης
1024 848 1396 920 κεχαρίτωται
1418 864 1431 887 ε
1466 846 1602 901 ἀλλὰ
1629 847 1764 899 καθὸ
1787 845 1891 914 φύ-

310 957 396 993 σει
430 941 558 993 κατ’
610 940 926 1009 οἰκονομίαν
988 940 1216 1009 γέγονεν
1248 940 1561 1010 ἄνθρωπος,
1617 938 1713 991 καὶ
1761 940 1894 1007 ἡμῖν

308 1032 599 1105 ὁμοούσιος
664 1032 732 1085 δι’
790 1034 938 1104 ἡμᾶς
987 1034 1361 1104 κεχαριτωται
1405 1035 1531 1095 τοὺς
1590 1032 1893 1103 χρῄζοντας

310 1127 534 1196 χάριτος
550 1128 614 1180 ὲκ
642 1126 735 1180 τοῦ
767 1126 1135 1199 πληρώματος
1169 1127 1359 1189 αὑτοῦ,
1391 1128 1480 1181 διὰ
1513 1126 1717 1189 παντὸς
1748 1122 1892 1177 κατὰ

308 1220 497 1273 πᾶσαν
523 1218 679 1290 ἡμῶν
712 1221 998 1292 προκοπὴν
1028 1219 1129 1291 τὴν
1155 1218 1528 1286 ἀναλογοῦσαν
1556 1216 1718 1288 χάριν
1744 1216 1890 1286 δεχό-

311 1328 494 1382 μενος.
533 1312 695 1365 Ὥστε
724 1313 752 1365 ὁ
780 1311 871 1365 τὸν
901 1312 1076 1380 Λόγον
1107 1312 1313 1365 τέλειον
1341 1313 1400 1364 ὲν
1434 1310 1588 1378 αὐτῷ
1612 1308 1890 1377 φυλάξας,

308 1402 580 1473 ἀϐέϐηλον
612 1402 706 1458 τοῦ
736 1404 805 1457 δι’
828 1406 860 1475 ἡ
870 1406 978 1475 μᾶς
1009 1405 1388 1476 σαρκωθέντος
1416 1401 1553 1457 Θεοῦ
1592 1403 1769 1470 Λόγου
1793 1402 1891 1472 τὴν

308 1496 496 1569 πλήρη
522 1498 748 1567 χάριτος
778 1498 870 1551 καὶ
899 1498 1160 1569 ἀληθείας
1197 1498 1494 1571 κομίσηται
1518 1499 1675 1563 δόξαν
1698 1496 1791 1550 τοῦ
1821 1495 1889 1550 δι’

309 1590 457 1659 ἡμᾶς
499 1589 692 1643 ἑαυτὸν
722 1588 844 1644 καθ’
865 1592 1014 1663 ἡμᾶς
1044 1591 1389 1657 δοξάσαντος,
1423 1592 1516 1646 καὶ
1562 1591 1891 1661 άγιάσαντος

308 1680 458 1735 κατὰ
511 1681 612 1753 τὴν
669 1683 839 1736 αὑτοῦ
887 1683 1212 1754 παρουσίαν.
1250 1685 1374 1737 ”Οτ’
1418 1684 1660 1770 Arg-dp,
1698 1685 1887 1754 φησὶν,

2002 564 2168 618 situm
2199 572 2418 632 propter
2460 564 2606 635 quod
2632 563 2776 620 Deus
2811 563 2976 619 homo
3013 564 3188 621 factus
3218 575 3322 632 est,
3371 554 3603 637 plenum.

2000 657 2189 724 gratiae
2219 663 2274 709 et
2296 655 2539 711 veritatis
2566 656 2722 711 vidit.
2764 655 2883 711 Non
2906 659 3052 713 enim
3098 668 3260 728 prout
3284 659 3601 713 secundum

2002 746 2368 801 substantiam
2420 746 2564 803 Deus
2599 761 2653 803 et
2710 748 2821 803 Deo
2888 749 3034 805 Patri
3098 752 3591 807 consubstantialis

2001 835 2329 913 Unigenitus
2360 840 2532 908 gratia
2556 844 2793 896 donatus
2820 852 2924 907 est;
2955 843 3048 898 sed
3086 854 3249 913 prout
3271 855 3466 899 natura
3500 860 3595 913 per

1999 912 2440 983 incarnationem
2463 928 2642 983 iactus
2671 939 2755 984 est
2795 930 2979 996 homo,
3013 912 3278 986 etinobis
3346 912 3595 986 consub-

1997 1021 2290 1084 stantialie,
2320 1030 2539 1090 propter
2569 1038 2671 1077 nos
2696 1022 2881 1091 gratia
2942 1023 3177 1077 donatus
3210 1032 3296 1078 est
3358 1024 3593 1093 gratiam

1997 1109 2330 1179 accipientes
2353 1127 2418 1165 ex
2441 1112 2560 1180 ejus
2587 1112 2926 1182 plenitudine
2945 1123 2999 1168 et
3029 1113 3256 1168 omnino
3276 1114 3342 1167 ad
3370 1130 3590 1168 omnem

1996 1212 2246 1255 nostrum
2272 1201 2578 1271 profectum
2612 1204 3082 1273 proportionatam
3110 1206 3344 1275 gratiam
3370 1205 3583 1275 recipit:

1994 1289 2067 1346 ita
2095 1300 2152 1346 ut
2175 1292 2444 1347 rationem
2478 1292 2779 1363 perfectam
2828 1298 2882 1349 in
2920 1311 2978 1351 se
2999 1311 3356 1361 conservans,
3389 1306 3593 1368 myste-

1996 1383 2139 1437 rium
2177 1382 2269 1437 Dei
2306 1383 2464 1439 Verbi
2499 1395 2718 1454 propter
2744 1403 2845 1442 nos
2877 1387 3148 1441 incarnati
3190 1404 3302 1458 pra:
3328 1404 3387 1443 se
3452 1390 3587 1443 ierat

1994 1474 2353 1542 plenitudinis
2393 1476 2581 1546 gratia:
2629 1477 2983 1542 et,veritatis
3043 1480 3298 1549 gloriam,
3327 1480 3447 1549 ejus
3498 1483 3591 1550 qui

1998 1576 2224 1636 propter
2255 1582 2356 1622 nos
2387 1579 2441 1622 ct
2468 1569 2770 1623 secundum
2806 1586 2907 1624 nos
2948 1586 3010 1625 se
3038 1572 3215 1640 ipsum
3246 1573 3591 1642 gloriticavit,

1996 1665 2053 1711 et
2083 1659 2452 1715 sanetitieavit
2492 1675 2590 1729 per
2637 1676 2793 1715 suam
2840 1663 3182 1730 praesentiam
3215 1678 3231 1727 ;
3286 1662 3417 1716 Cum
3454 1665 3593 1716 enim

300 1771 542 1838 ἐκεῖνος
566 1748 909 1841 ξρανερωθῇ,
941 1748 1131 1843 ductor
1179 1773 1341 1840 αὐτῷ
1376 1748 1657 1843 ἑσόιῖοθα.

2009 1748 2221 1809 licitur.
2271 1751 2380 1820 ipse
2418 1751 2873 1821 manifestabitur,
2902 1754 3103 1807 similes
3126 1754 3175 1807 ei
3209 1754 3430 1808 erimus.
3464 1753 3594 1807 ωο-

304 1869 391 1935 ὠς
432 1869 815 1938 Μονογενοῦς
865 1872 1027 1939 παρὰ
1060 1872 1310 1941 Πατρός,
1369 1870 1610 1940 πλήρης
1647 1870 1888 1941 χάριτος

305 1959 410 2012 καὶ
439 1960 748 2027 ἀληθείας.
782 1961 856 2014 To
880 1961 959 2026 δὲ,
995 1962 1097 2028 ὡς,
1126 1961 1361 2017 ἐνταῦθα
1389 1946 1510 2032 duxi
1542 1961 1883 2032 παραδολῆς,

304 2048 426 2104 ἀλλ’
455 2048 772 2121 ὁμοιώσεως
792 2067 807 2082 ·
849 2054 970 2107 ἀντὶ
994 2054 1111 2119 τοῦ,
1143 2054 1277 2108 Οἵαν
1311 2053 1552 2124 ἔπρεπεν
1598 2054 1747 2125 ἔχειν
1793 2072 1889 2126 μο-

306 2141 505 2213 νογενῆ
535 2143 630 2197 καὶ
664 2145 889 2215 γνήσιον
914 2145 1040 2202 Υίδν
1055 2146 1205 2201 ὄντα.

394 2233 651 2306 Ἰωάννης
686 2239 959 2308 μαρτυρεί
983 2240 1113 2308 περὶ
1147 2239 1336 2304 αὑτοῦ,
1362 2239 1507 2304 τίνος
1537 2240 1701 2311 χάριν
1729 2240 1889 2293 τοῦτο

307 2324 483 2393 λέγει.
530 2325 653 2378 Ὅτι
693 2327 903 2398 μεγάλη
943 2325 1012 2400 ἦν
1066 2332 1100 2400 ἡ
1133 2331 1261 2395 δόξα
1297 2330 1419 2383 τότε
1454 2330 1551 2383 τοῦ
1615 2330 1885 2397 Ἰωάννου,

306 2417 406 2469 καὶ
430 2416 685 2472 τοσοῦτον
712 2419 949 2490 μεγάλη,
984 2421 1067 2474 ὃτι
1091 2422 1184 2475 καὶ
1219 2420 1484 2492 Ἰώσηπος
1518 2421 1605 2475 διὰ
1638 2421 1739 2491 τὴν
1760 2421 1887 2475 τού-

307 2523 404 2561 του
432 2508 694 2581 τελευτὴν
727 2510 877 2578 λέγει
905 2511 1006 2581 τὴν
1051 2512 1205 2565 πόλιν
1244 2512 1631 2582 ἀφανισθῆναι.
1668 2513 1732 2565 Τί
1770 2515 1887 2566 ἐστι

308 2598 392 2662 τὸ,
424 2599 705 2670 κέκραγε;
730 2603 843 2670 Τὴν
871 2603 1184 2676 παρρησίαν
1207 2602 1370 2656 αὐτοῦ
1397 2604 1482 2657 διὰ
1502 2603 1694 2658 τούτου
1715 2605 1885 2676 δηλοῖ.

311 2690 409 2753 Τὸ,
436 2693 822 2761 Ἐμπροσθέν
844 2712 965 2765 μου
988 2696 1256 2765 γέγονεν,
1288 2695 1377 2750 ὅτι
1401 2696 1634 2766 πρῶτός
1644 2715 1764 2767 μου
1785 2695 1888 2769 ἦν,

306 2782 342 2836 ὁ
370 2783 563 2837 ὀπίσω
585 2802 705 2854 μου
753 2786 1099 2857 ἐρχόμενος.
1125 2788 1217 2854 Τὸ,
1253 2789 1463 2854 ὀπίσω,
1509 2791 1629 2843 ἀντὶ
1681 2790 1797 2857 τοῦ,
1833 2791 1891 2845 'U

312 2876 433 2945 μετ’
460 2875 563 2945 ἐμὲ
608 2881 916 2949 κηρύττων.
968 2882 1042 2933 Τὸ
1072 2882 1153 2947 δὲ,
1199 2882 1545 2951 ἔμπροσθέν
1570 2900 1713 2953 μου,
1747 2886 1892 2949 ἀντὶ,

309 2965 431 3034 τοῦ,
456 2967 865 3042 λαμπρότερος,
898 2972 1265 3044 ἐντιμότερος.
1298 2974 1371 3027 Τὸ
1408 2974 1486 3039 δὲ,
1520 2974 1753 3043 πρῶτός
1774 2994 1896 3045 μου

1992 1841 2131 1895 riam
2175 1845 2328 1912 quasi
2385 1837 2652 1914 Unigeniti
2686 1862 2719 1898 α
2776 1843 2980 1909 Patre,
3022 1845 3236 1914 plenum
3291 1847 3485 1916 gratitz
3545 1856 3595 1899 et

1990 1934 2232 1988 ueritatis
2255 1951 2274 1990 :
2306 1936 2485 2004 quasi,
2521 1936 2594 1990 ibi
2626 1952 2735 1990 non
2768 1940 3232 2004 comparationem
3270 1939 3365 1993 sed
3400 1940 3598 1993 simili-

1994 2024 2239 2078 tudinem
2301 2026 2507 2079 indicat
2539 2043 2555 2091 ;
2587 2026 2640 2079 id
2676 2034 2784 2088 est,
2817 2025 3045 2094 gloriam
3071 2026 3287 2094 qualem
3339 2028 3595 2081 convenit

1994 2114 2193 2171 habere
2216 2117 2557 2186 unigenitum
2596 2125 2651 2171 et
2683 2117 2963 2186 proprium
2997 2115 3212 2171 Filium.

2064 2245 2232 2304 Vsus.
2264 2248 2349 2301 15.
2372 2245 2609 2302 Joannes
2631 2247 3006 2302 testiinonium
3053 2247 3303 2317 perhibet
3340 2248 3407 2302 de
3438 2248 3589 2318 ipso;

1992 2337 2155 2405 cujus
2208 2352 2374 2392 causa
2418 2338 2522 2391 hoc
2564 2336 2805 2391 dicitur?
2852 2336 2990 2401 Quia
3049 2353 3244 2407 magna
3309 2351 3427 2393 erat
3460 2348 3594 2394 tunc

1994 2427 2167 2497 gloria
2196 2427 2449 2491 Joannis,
2487 2439 2543 2483 et
2571 2438 2779 2500 quanto
2815 2430 3096 2499 majorem,
3140 2430 3287 2500 quod
3315 2430 3589 2501 Josephus

1992 2518 2128 2575 dicit
2156 2536 2252 2590 per
2280 2522 2401 2590 eius
2429 2534 2659 2576 mei-tem
2693 2522 2966 2577 civitatem
3005 2523 3359 2577 obscuratam
3398 2524 3590 2580 fuisse.

1995 2611 2135 2679 Quid
2172 2622 2255 2669 est
2292 2613 2462 2679 istud,
2506 2613 2817 2670 Clamavit?
2877 2615 2991 2671 Hoc
3040 2615 3351 2670 ostenditur
3383 2615 3502 2684 ejus
3539 2614 3590 2667 in

1996 2704 2234 2759 dicendo
2271 2704 2523 2761 libertas.
2551 2705 2656 2772 Qui
2694 2719 2815 2762 ante
2845 2726 2924 2762 me
2955 2707 3129 2778 factus
3163 2715 3263 2773 est,
3289 2709 3414 2778 quia
3442 2709 3593 2776 prior

1996 2812 2076 2851 me
2098 2808 2237 2863 erat,
2283 2808 2401 2868 post
2438 2816 2517 2852 me
2545 2812 2793 2854 venturus
2841 2813 2937 2855 est.
2993 2800 3143 2865 Post,
3192 2800 3244 2855 id
3299 2812 3381 2855 est
3416 2842 3432 2867 ,
3464 2800 3595 2856 Post

1996 2904 2085 2942 me
2124 2891 2465 2959 praedicans;
2512 2891 2647 2947 Ante
2684 2909 2788 2958 me,
2833 2892 2886 2947 id
2918 2904 3022 2959 est,
3050 2893 3312 2957 nobilior,
3345 2894 3593 2964 dignior;

2001 2978 2162 3033 Prior
2196 2998 2277 3035 me
2315 2992 2453 3047 erat,
2489 2984 2616 3053 quia
2648 3000 2755 3037 non
2785 3000 2850 3037 ex
2908 2984 3153 3054 profectu
3199 2986 3405 3055 aliquo,
3442 2986 3595 3055 prior

307 3057 410 3133 ἦν,
446 3062 569 3116 Ὅτι
602 3063 702 3116 οὐκ
727 3064 790 3116 ἐκ
844 3080 990 3128 τινος
1037 3066 1345 3137 προκοπῆς,
1384 3067 1542 3138 φησι,
1578 3067 1797 3139 πρῶτόν
1824 3085 1891 3139 με

2009 3088 2086 3127 me
2109 3088 2232 3127 (um
2262 3074 2356 3138 sit,
2389 3084 2514 3145 post
2552 3091 2636 3130 ine
2659 3057 2782 3132 esse
2805 3078 3028 3147 incepit,
3061 3078 3154 3133 sed
3188 3095 3405 3149 semper
3430 3078 3587 3150 prior

307 3154 439 3208 ὄντα
470 3154 646 3209 ὀπίσω
668 3156 972 3229 πεποίηκεν
999 3134 1166 3226 εἶναι,
1198 3134 1316 3212 ἀλλ’
1351 3134 1690 3230 ἀεὶνπρῶτος
1710 3134 1891 3231 ἦν’-εί

2009 3173 2135 3230 παι,
2167 3166 2385 3221 etiamsi
2418 3177 2605 3237 postea
2640 3170 2870 3223 venerit.

308 3245 405 3298 xui.
437 3244 564 3299 ὕστε
572 3263 667 3317 ρον
702 3249 1090 3318 παραγίνεται.

381 3339 447 3392 Τί
478 3341 594 3394 ἐστι
631 3339 711 3408 τὸ,
771 3341 875 3397 Ἐκ
919 3344 1027 3399 τοῦ
1070 3344 1465 3415 πληρώματος
1498 3347 1688 3402 αὐτοῦ
1719 3347 1893 3417 ἡμεῖς

307 3430 535 3498 πάντες
564 3431 898 3502 ἐλάϐομεν;
929 3435 1052 3489 Ὅτι
1094 3436 1157 3489 ού
1192 3436 1463 3508 μεθεκτὴν
1488 3437 1603 3508 ἔχει
1644 3439 1745 3510 τὴν
1788 3438 1893 3492 δω-

311 3524 465 3594 ρεὰν,
488 3523 629 3577 ἀλλὰ
646 3524 967 3597 αὐτοπηγὴν
988 3528 1083 3581 καὶ
1110 3527 1428 3599 αὑτορίζαν,
1462 3527 1604 3581 ὥστε
1639 3526 1764 3581 ἀντὶ
1795 3527 1891 3581 τοῦ

310 3614 669 3686 ὑπερτελείου
702 3615 956 3686 βούλεται
1001 3618 1183 3686 λέγειν
1230 3619 1291 3671 τὸ
1325 3619 1500 3689 ὄνομα
1534 3618 1631 3672 τοῦ
1666 3618 1891 3689 πληρώ-

310 3722 503 3778 ματος.
534 3709 644 3763 Καὶ
683 3709 862 3779 χάριν
887 3711 1025 3765 ἀντὶ
1062 3711 1325 3782 χάριτοςο
1356 3712 1480 3765 ἀντὶ
1509 3713 1609 3783 τῆς
1630 3712 1889 3780 παλαιᾶς,

307 3797 411 3869 τὴν
444 3800 662 3866 καινήν.

381 3892 510 3946 Ὀτι
537 3892 618 3958 τὸ,
664 3894 768 3947 Ὧν
814 3896 901 3960 εἰς
955 3894 1061 3950 τὸν
1103 3896 1338 3950 κόλπον
1397 3896 1504 3951 τοῦ
1545 3898 1793 3967 Πατρὸς,
1835 3897 1897 3951 τὸ

307 3982 593 4056 ὁμοούσιον
624 3984 795 4055 δηλοῖ.

383 4075 508 4131 Ὀτι
534 4076 798 4148 τδηΈνὼ
845 4077 1015 4148 φωνὴ
1044 4077 1317 4144 ,βοῶντος
1362 4080 1435 4132 ἐν
1467 4077 1541 4147 τῇ
1573 4077 1897 4147 ἐρήμῳ,λέ-

311 4185 432 4237 γειν
453 4170 615 4223 αὐτὸν
643 4171 760 4233 πῶς
796 4173 1067 4242 νοήσομεν
1098 4189 1113 4237 ;
1162 4171 1285 4224 Ἐπὶ
1317 4173 1411 4224 τὸν
1434 4174 1721 4241 προφήτην
1760 4188 1893 4224 κατ-

313 4260 539 4330 έφυγεν,
584 4262 898 4329 ἀξιόπιστον
935 4263 1093 4333 λόγον
1116 4265 1307 4317 ποιῶνο
1340 4264 1433 4317 καὶ
1462 4265 1571 4333 γὰρ
1602 4265 1630 4316 ὁ
1666 4262 1894 4325 Ἡσαΐας

308 4351 469 4406 τοῦτό
500 4371 685 4425 φησιν.

2069 3352 2236 3409 Vens.
2268 3352 2352 3408 16.
2384 3354 2525 3421 Quid
2550 3364 2633 3411 est
2657 3373 2671 3409 :
2705 3356 2779 3410 De
2800 3358 3125 3427 plenitudine
3146 3358 3261 3427 ejus
3292 3376 3386 3413 nos
3409 3376 3592 3414 omnes

1996 3448 2338 3516 accepimus?
2373 3448 2513 3515 Quia
2542 3466 2650 3503 non
2695 3451 3159 3506 communicatam
3201 3452 3584 3507 liberalitatem

1998 3538 2181 3602 habet,
2215 3540 2309 3594 sed
2347 3542 2626 3610 propriam
2670 3543 2909 3597 radicem
2944 3553 2995 3598 et
3027 3544 3233 3598 fontem
3269 3542 3323 3598 in
3355 3562 3414 3598 se
3457 3561 3590 3613 pos-

1998 3631 2290 3693 sidentem.
2323 3633 2400 3687 ita
2447 3642 2507 3687 ut
2549 3649 2646 3703 pro
2688 3635 3196 3704 superabundantia
3222 3638 3365 3691 sumi
3398 3637 3591 3692 debeat

1996 3736 2102 3776 vox
2134 3723 2429 3793 plenitudo,
2468 3723 2537 3777 Et
2570 3726 2799 3794 gratiam
2841 3742 2937 3795 pro
2979 3728 3196 3796 gratia;
3245 3726 3298 3781 id
3331 3736 3435 3793 est,
3488 3743 3592 3797 pro

1996 3815 2192 3881 veteri,
2232 3830 2450 3871 novam.

2073 3906 2241 3963 Vnus.
2288 3908 2370 3963 l8.
2409 3908 2519 3977 Qui
2545 3912 2693 3964 estin
2728 3911 2847 3965 sinu
2880 3909 3083 3976 Putris,
3133 3913 3587 3968 consubstantia-

1997 4000 2103 4055 lem
2131 4001 2355 4057 iudicat.

2070 4093 2234 4147 Vens.
2265 4093 2356 4146 ‘25.
2399 4089 2508 4162 Ego
2527 4109 2624 4145 eoa:
2655 4093 2937 4146 clamantis
2957 4096 3009 4147 in
3047 4095 3277 4157 deserto,
3310 4099 3593 4165 quomodo

1999 4184 2226 4254 intelligi
2261 4185 2418 4239 debet
2469 4184 2612 4253 quod
2646 4184 2779 4238 dicit
2820 4184 2844 4235 ἲ
2879 4188 2946 4238 ad
2999 4188 3318 4255 prophetam
3354 4188 3586 4258 aufugit,

1998 4292 2160 4331 suum
2215 4277 2317 4332 [ide
2352 4276 2578 4347 dignum
2615 4291 2930 4331 sermonem
2966 4287 3021 4330 ut
3058 4278 3266 4333 faceret
3301 4296 3313 4332 :
3348 4295 3474 4332 nam
3534 4281 3585 4333 id

2002 4367 2173 4423 Isaias
2203 4368 2357 4422 dicit.

390 4447 498 4500 ’ον
517 4446 688 4516 ὑμεῖς
718 4449 831 4503 οὐκ
868 4447 1089 4503 οἴδατε.
1133 4447 1276 4502 ’Δντὶ
1324 4447 1438 4511 τοῦ,
1481 4446 1616 4517 Περὶ
1645 4440 1705 4501 οὗ
1736 4447 1891 4516 ὑμεῖς

2077 4458 2240 4513 Vsus.
2273 4459 2364 4513 ‘26.
2404 4458 2570 4524 Quem
2598 4476 2683 4512 vos
2717 4459 2977 4523 nescitis;
3014 4458 3064 4512 id
3095 4468 3199 4525 est,
3240 4458 3313 4514 De
3343 4477 3453 4531 quo
3490 4476 3590 4515 vos

311 4538 488 4609 άληθῆ
512 4538 671 4606 δόξαν
696 4541 797 4594 οὐκ
827 4540 1000 4611 ἔχετε.

388 4626 471 4686 οὗ
513 4633 626 4685 οὐκ
679 4632 798 4701 ειμι
851 4633 1021 4698 ἄξιος
1071 4632 1135 4686 τὸ
1184 4632 1467 4702 ὑπόδημα
1520 4631 1729 4687 λῦσαι.
1782 4630 1896 4701 Τὴν

312 4724 551 4794 ἐσχάτην
585 4724 863 4779 διακονίαν
894 4729 953 4779 ὲν
983 4725 1157 4797 τούτῳ
1179 4726 1353 4796 δηλοῖ.

384 4816 485 4871 Διὰ
507 4819 559 4870 τί
587 4819 918 4889 μνημονεύει
940 4822 1022 4874 ὅτι
1044 4820 1217 4875 ταῦτα
1240 4823 1301 4875 ἐν
1328 4819 1625 4891 Βηθαόαρᾷ
1643 4818 1892 4888 ὲγένετο;

314 4906 434 4961 Ἵνα
476 4910 659 4979 μήτις
694 4909 847 4983 εἴπῃ,
890 4913 971 4966 ὅτι
1003 4914 1062 4966 ὲν
1090 4914 1285 4984 γωνίᾳ,
1314 4913 1411 4966 κα)⁴
1443 4913 1545 4966 οὐκ
1596 4913 1655 4964 ὲν
1700 4910 1895 4983 πλήθει

312 5002 783 5074 ἐπαρρησιάσατο.
817 5005 939 5077 Χρὴ
957 5006 1013 5059 δὲ
1035 5004 1350 5076 γινώσκειν,
1368 5007 1450 5061 ὅτι
1469 5005 1537 5061 τὰ
1559 5005 1763 5076 ἀκριϐῆ
1785 5004 1894 5058 τῶν

308 5095 679 5166 ἀντιγράφων,
706 5098 777 5152 ἐν
801 5097 1145 5167 Βηθαόαρᾷ·
1173 5100 1207 5169 ἡ
1246 5100 1356 5169 γάρ
1382 5096 1623 5170 Βηθανία
1648 5097 1772 5167 οὐχὶ
1797 5095 1895 5149 πέ-

311 5210 413 5264 ραν
446 5191 540 5246 τοῦ
605 5192 894 5264 Ἰορδάνου,
961 5192 1077 5246 ἀλλ’
1126 5193 1295 5261 ἐγγὺς
1339 5192 1449 5246 τῶν
1505 5191 1894 5264 Ἰεροσολύμων

309 5285 481 5340 ἐστίν.

387 5375 514 5430 Ἴδε
550 5379 583 5430 ὁ
629 5375 821 5445 ἀμνὸς
853 5374 963 5430 τοῦ
1013 5374 1182 5429 Θεοῦ.
1248 5374 1445 5446 Ἀμνὸν
1504 5374 1669 5427 αὐτὸν
1714 5373 1892 5437 καλεῖ,

308 5469 409 5538 τῆς
441 5469 784 5539 προφητείας
813 5468 1252 5538 ἀναμιμνήσκων
1273 5467 1475 5530 αὐτοὺς
1505 5467 1600 5520 τοῦ
1640 5466 1893 5534 Ἡσαΐου,

310 5561 411 5615 καὶ
442 5561 541 5629 τῆς
577 5562 736 5623 σκιᾶς
764 5560 858 5615 τοῦ
884 5561 1077 5614 τύπου.

386 5657 772 5728 Ἕμπίοσθέν
809 5675 930 5727 μου
955 5658 1222 5728 γέγονεν.
1279 5656 1426 5711 Ἀντί
1456 5658 1574 5722 τοῦ,
1621 5657 1898 5727 ἐντιμότε-

315 5767 427 5821 ροςσ
463 5750 812 5821 ἐντιμότερος
852 5750 909 5803 δὲ
952 5749 1040 5803 διὰ
1078 5750 1140 5803 τὸ
1177 5749 1440 5820 βαπτίσαι
1490 5752 1549 5804 ὲν
1609 5748 1893 5821 Πνεύματι

313 5844 477 5915 ἁγίῳ,
510 5843 597 5898 διὰ
624 5842 687 5897 τὸ
711 5841 811 5905 τὰς
837 5842 1118 5914 ἁμαρτίας
1148 5841 1336 5897 λασεῖν
1374 5842 1466 5895 τοῦ
1494 5842 1721 5911 κόσμου.

1999 4566 2185 4606 veram
2224 4552 2536 4622 opinionem
2562 4568 2669 4605 non
2712 4551 2942 4606 habetis.

2075 4641 2241 4699 Vens.
2284 4642 2369 4696 ‘27.
2414 4643 2580 4710 Cujus
2640 4659 2741 4696 non
2792 4659 2907 4696 sum
2941 4644 3133 4713 dignus
3175 4645 3588 4698 calceamentum

1997 4735 2233 4801 solvere;
2260 4736 2429 4789 inium
2468 4735 2833 4790 ministerium
2867 4735 2970 4789 hoc
3000 4736 3297 4806 signiﬁcat.

2075 4826 2232 4884 Vens.
2285 4826 2374 4883 28.
2415 4826 2528 4883 Cur
2578 4839 2768 4882 narrat
2830 4827 2947 4882 hate
2996 4834 3050 4881 in
3102 4827 3408 4884 Bcthahara
3446 4829 3589 4885 facta

1998 4918 2209 4976 fuisse?
2238 4919 2313 4975 Ne
2347 4920 2472 4991 quis
2502 4920 2646 4974 dicat
2673 4920 2825 4973 illum
2861 4919 2914 4972 in
2952 4920 3155 4989 angulo
3178 4929 3230 4974 et
3260 4936 3368 4975 non
3398 4937 3585 4975 coram

1998 5010 2349 5066 multitudine
2402 5010 2569 5065 libere
2624 5009 2861 5063 locutum
2914 5024 3061 5063 esse.
3124 5012 3350 5077 Oportet
3402 5019 3584 5064 autum

1997 5108 2139 5161 scire
2166 5113 2311 5158 recte
2333 5103 2515 5157 dicere
2531 5101 2776 5171 qna-dam
2795 5101 3151 5169 exemplaria,
3181 5102 3236 5154 in
3254 5100 3582 5166 Bcthabara,

1999 5210 2124 5248 nam
2152 5192 2414 5246 Bethania
2448 5208 2555 5247 non
2615 5202 2699 5245 est
2732 5201 2884 5246 trans
2938 5189 3254 5259 Jordancm,
3304 5193 3396 5246 sed
3426 5194 3583 5261 juxta

1995 5284 2295 5341 Jerusalem
2316 5295 2421 5339 est.

2076 5376 2245 5433 Vens.
2277 5379 2368 5433 29.
2407 5377 2541 5432 Ecce
2576 5379 2757 5449 Agnus
2812 5377 2939 5441 Dei;
2993 5394 3193 5450 agnum
3223 5394 3349 5433 eum
3403 5389 3586 5446 vocat,

1998 5468 2302 5539 prophetia:
2340 5467 2450 5523 illis
2488 5468 2809 5523 memoriam
2864 5483 3129 5524 revocans
3166 5467 3341 5535 lsaite,
3378 5478 3432 5524 et
3460 5485 3584 5523 um-

1996 5560 2218 5614 brarum
2259 5558 2465 5629 ﬁgurze.

2076 5650 2240 5708 Vsus.
2278 5652 2369 5706 30.
2406 5654 2539 5705 Ante
2580 5669 2659 5706 me
2688 5651 2861 5720 fartus
2902 5663 3001 5715 est,
3060 5654 3109 5708 id
3158 5663 3264 5722 est,
3302 5651 3582 5715 Nobilior;

2002 5745 2241 5801 nobilior
2257 5753 2463 5807 autem,
2490 5744 2620 5813 quia
2647 5745 2948 5814 baptizabit
2969 5745 3020 5801 in
3042 5745 3246 5819 Spiritu
3278 5755 3497 5813 sancto,
3522 5749 3584 5797 ιιι

2004 5837 2300 5894 tollendum
2330 5847 2611 5907 peccatum
2647 5838 2858 5892 mundi.
