4026 6444
508 368 648 431 1223

1245 359 1633 421 OPUSCULA
1673 354 2314 417 SCRIPTUBISTICA
2353 354 2702 415 INCERTIE
2741 355 3051 415 ΑΞΤΑΤῙΞ.

3642 355 3765 424 liii

582 474 746 529 Vsus.
783 471 872 526 55.
897 469 965 524 Et
1003 485 1097 540 ego
1124 469 1426 522 nesciebam
1482 483 1622 529 eum,
1655 466 1785 521 dicit
1809 483 1824 531 ;
1849 465 1976 529 quia
2006 480 2098 519 se-

2273 464 2448 532 Κάγὼ
2466 465 2578 517 οὐκ
2612 462 2785 532 ᾔδειν
2809 464 3017 528 αὐτὸν,
3037 460 3210 528 λέγει,
3241 459 3331 515 διὰ
3358 459 3420 514 τὸ
3444 458 3594 517 εἶναι
3614 466 3765 519 αὗτδν

504 566 748 624 cundum
793 577 1015 619 carnem
1048 562 1166 630 ejus
1199 568 1466 629 cognatus
1498 574 1673 614 eram.
1737 558 1950 613 Etenim
1994 573 2094 611 an-

509 663 664 731 gelus
696 657 877 711 Marias
907 635 1044 708 dixit
1069 672 1082 707 :
1110 652 1249 706 Ecce
1277 650 1558 705 Elizabeth
1582 660 1814 721 cognata
1856 658 1970 703 tua.
2021 646 2095 702 Ut

508 766 641 819 ergo
685 763 792 802 non
859 746 1111 801 videatur
1156 744 1329 814 gratia
1361 745 1599 798 donatus
1634 758 1758 797 esse
1788 743 1860 796 ob
1896 755 2094 811 cogna-

510 845 736 902 tionem,
765 838 936 893 dicit:
966 836 1086 889 Vidi
1114 835 1379 905 Spiritum
1411 834 1804 888 descendentem
1835 834 1891 886 in
1917 832 2092 887 illum.

508 933 593 997 Et,
626 930 796 1000 Super
815 944 969 1000 quem
996 929 1187 983 videris
1218 927 1483 996 Spiritum
1515 926 1935 979 descendentem.
1967 923 2095 977 Haec

508 1026 712 1089 omnia,
765 1021 983 1077 veritati
1037 1034 1288 1075 consona
1339 1020 1559 1088 quidem
1614 1018 1768 1084 dicit,
1807 1025 1861 1070 ct
1906 1032 2003 1087 per
2029 1032 2095 1070 ea

509 1118 759 1186 conjeetu
771 1130 861 1169 ras
885 1114 1099 1169 adimit.

578 1208 742 1264 Vens.
785 1208 876 1263 36.
912 1206 1231 1275 Respiciens
1258 1203 1447 1260 Iesum
1483 1204 1882 1263 ambulantem.
1924 1202 2085 1266 dixit,

508 1302 675 1366 Ecce;
708 1312 766 1354 ut
785 1299 988 1369 duplici
1011 1300 1199 1360 modo,
1224 1313 1322 1368 per
1350 1298 1540 1351 oculos
1559 1308 1613 1349 et
1631 1310 1729 1363 per
1750 1309 1958 1360 vocent,
1984 1310 2092 1348 tton

508 1393 800 1447 obsecutos
829 1390 1152 1444 altraltcrtrt.

583 1483 742 1539 Vens.
776 1482 866 1537 38.
892 1482 1006 1536 Cur
1052 1483 1373 1550 interrogat,
1420 1478 1567 1544 Quid
1610 1479 1876 1549 queritis,
1910 1478 2095 1532 omnia

506 1576 733 1632 sciens?
770 1576 840 1631 Ut
867 1574 1109 1629 adducat
1137 1587 1232 1625 eos
1256 1572 1325 1623 ad
1355 1585 1415 1625 se
1449 1585 1546 1639 per
1578 1569 2092 1639 interrogationem.

578 1667 859 1724 Vens.39.
891 1665 996 1731 Qui
1028 1666 1165 1719 alius
1195 1663 1329 1717 dicit
1370 1680 1386 1717 :
1426 1660 1553 1715 Non
1595 1661 1749 1714 liabet
1801 1661 1891 1713 ubi
1934 1667 2093 1727 caput

508 1760 724 1815 reclinet
756 1756 931 1813 Filius
953 1758 1204 1821 hominis,
1231 1752 1511 1824 quomodo
1562 1754 1651 1808 hic
1690 1752 1863 1808 dicit:
1917 1750 2095 1804 Venite

2197 554 2441 622 συγγενῆ
2466 553 2611 607 κατὰ
2648 553 2850 623 σάρκα,
2886 553 2995 606 Καὶ
3036 553 3145 622 γὰρ
3172 554 3200 606 ὀ
3236 551 3469 620 ἄγγελος
3505 554 3650 626 πρὸς
3678 556 3766 627 τὴν

2194 646 2447 713 Μαρίαν·
2508 644 2657 699 Ἰδοὺ
2714 644 3020 698 Ἐλισάϐετ
3070 644 3109 712 ἠ
3141 644 3446 713 συγγενής
3477 660 3626 700 σου.
3663 645 3772 702 Ἵνα

2194 736 2287 790 οῦν
2323 737 2398 806 μὴ
2417 736 2546 806 δόξῃ
2588 732 2913 805 χαρίζεσθαι
2956 733 3047 787 διὰ
3080 733 3179 803 τὴν
3219 734 3549 801 συγγένειαν
3599 735 3770 801 τοῦτο,

2196 830 2332 899 φησὶ
2361 831 2477 895 καὶ,
2494 830 2627 882 ’Ὁτι
2652 827 2928 896 τεθέαμαι
2951 829 3019 880 τὸ
3044 826 3288 897 Πνεῦμα
3304 827 3672 883 καταϐαῖνον
3691 829 3773 883 ἐπ’

2195 922 2384 976 αὐτόν
2409 936 2421 948 ·
2476 922 2593 982 καὶ,
2627 920 2749 989 Ἐφ’
2781 920 2874 988 ,ὃν
2910 920 2989 973 ἂν
3027 920 3164 987 Ζδῃς
3202 920 3268 974 τὸ
3313 922 3561 990 Πνεῦμα
3610 939 3775 977 scata-

2196 1015 2424 1068 ϐαῖνον.
2457 1012 2645 1066 Ταῦτα
2681 1014 2885 1077 πάντα,
2916 1012 3199 1083 ἀληθεύων
3234 1015 3333 1081 μὲν
3370 1014 3549 1081 λέγει,
3591 1017 3691 1086 τὴν
3723 1016 3773 1070 δὲ

2196 1103 2451 1157 ὑπόνοιαν
2482 1104 2721 1175 ἀναιρεῖ.

2269 1196 2394 1250 Ὅτι
2444 1196 2727 1267 manu“
2768 1196 2848 1267 τῷ
2906 1197 3085 1269 Ἰησοῦ
3144 1197 3550 1269 περιπατοῦντι
3601 1199 3772 1269 λέγει·

2200 1289 2316 1345 Ἴδε
2335 1305 2349 1321 ·
2379 1290 2465 1342 ἵνα
2493 1289 2690 1353 διττῶς
2716 1293 2813 1344 καὶ
2838 1291 2927 1344 διὰ.
2956 1291 3065 1344 τῶν
3092 1291 3410 1362 ὀφθαλμῶν,
3442 1293 3541 1345 καὶ
3565 1293 3657 1347 διὰ
3686 1294 3778 1365 τῆς

2198 1381 2386 1452 φωνῆς
2414 1383 2540 1445 τοὺς
2569 1384 2644 1454 μὴ
2679 1385 3129 1455 προσεσχηκότας
3156 1386 3471 1457 ἑλκύσηται.

2266 1474 2365 1528 Διὰ
2394 1475 2447 1527 τι
2468 1476 2667 1547 ἐρωτᾷ,
2701 1478 2762 1529 Tl
2784 1476 3029 1542 dedere;
3057 1479 3085 1531 6
3116 1478 3293 1531 πάντα
3324 1478 3650 1546 γινώσκωνς
3674 1480 3780 1535 Ἵνα

2198 1564 2567 1635 ἐφελκύσηται
2609 1567 2809 1628 αὐτοὺς
2832 1567 2919 1620 διὰ
2948 1567 3045 1635 τῆς
3079 1568 3426 1637 ἐρωτήσεως.

2274 1660 2371 1722 Ὃς
2402 1657 2640 1728 ἀλλαχοῦ
2671 1659 2841 1727 λέγει,
2865 1661 2948 1713 ὅτι
3003 1663 3127 1714 Οὐκ
3160 1661 3287 1729 ἔχει
3321 1662 3439 1715 ποῦ
3466 1661 3588 1727 τὴν
3607 1677 3780 1731 κεφα-

2197 1752 2323 1819 λὴν
2347 1752 2550 1806 κλῖναι
2571 1755 2603 1807 ό
2642 1754 2775 1818 Υἱὸς
2805 1754 2910 1807 τοῦ
2959 1753 3298 1821 ἀνθρώπου.
3330 1755 3449 1817 πῶς
3473 1747 3585 1809 ὧδε
3609 1753 3774 1822 λέγει’

505 1864 558 1907 et
576 1853 788 1907 videte?
828 1850 948 1905 Non
996 1849 1107 1903 illic
1142 1850 1198 1901 itt
1232 1848 1398 1901 domo
1423 1862 1535 1901 non
1567 1861 1790 1900 manere
1813 1844 1972 1907 dixit,
2000 1843 2093 1898 sed

2208 1817 2500 1910 Ἔρχεσθε
2531 1844 2628 1896 καὶ
2659 1843 2848 1908 loetc;
2877 1846 2952 1897 Οὐ
2992 1817 3159 1914 τὸμὴ
3189 1846 3377 1915 μένειν
3400 1848 3458 1897 ἐν
3492 1847 3647 1917 οἰκίᾳ
3673 1817 3779 1899 ἐλε-

510 1961 620 2000 tton
646 1944 927 2015 possidere
963 1944 1184 1995 domum
1220 1954 1322 1994 nec
1358 1939 1755 1994 habitationem
1786 1938 2091 2007 propriam.

508 2037 645 2098 (Zur,
707 2050 832 2089 cum
880 2034 948 2087 ad
1005 2032 1159 2087 illum
1209 2031 1493 2085 venissent
1542 2028 1770 2084 Joannis
1823 2028 2097 2098 discipuli,

507 2127 843 2197 evangelista
862 2125 1073 2180 notavit
1090 2122 1322 2177 dicendo
1346 2140 1358 2175 :
1382 2120 1537 2174 Hora
1556 2130 1670 2174 erat
1687 2120 1841 2184 quasi
1860 2120 2100 2173 decima?

512 2220 581 2277 Ut
611 2220 830 2274 illorum
863 2219 1117 2273 arderent
1139 2230 1238 2285 per
1276 2216 1470 2269 horam
1505 2213 1841 2269 ostenderet.

577 2398 748 2455 Vsus.
779 2399 869 2453 Η.
905 2396 1017 2452 Cur
1038 2396 1269 2452 alterius
1297 2410 1404 2449 non
1448 2393 1714 2449 indicavit
1744 2408 1970 2458 nomen,
2004 2391 2097 2448 sed

507 2503 722 2549 tantum
763 2491 994 2548 Andreae
1042 2504 1242 2545 nomen
1265 2489 1287 2543 ?
1309 2487 1449 2554 Quia
1473 2488 1591 2557 ipse
1620 2486 1713 2557 qui
1743 2486 1934 2542 scribit
1958 2495 2096 2540 erat.

579 2670 753 2735 Vens.
787 2676 877 2732 42.
922 2674 1036 2731 Cur
1094 2672 1277 2728 dicit:
1324 2670 1401 2726 Tu
1453 2671 1722 2726 vocaberis
1775 2669 2003 2740 Cepltas,
2045 2679 2102 2725 et

509 2787 645 2837 non,
681 2772 796 2841 Ego
830 2781 881 2824 te
904 2767 1148 2822 vocabo?
1179 2765 1319 2832 Quia
1351 2775 1481 2819 tunc
1519 2765 1729 2819 initium
1756 2774 1896 2830 erat,
1923 2774 1976 2818 et
2008 2779 2102 2819 no-

509 2866 656 2921 lebat
691 2862 1079 2917 auctoritatem
1116 2873 1277 2913 suam
1312 2856 1579 2911 revelare.

581 2951 761 3006 Vens.
796 2952 887 3007 48.
935 2949 1078 3016 Quid
1136 2946 1412 3017 signiﬁcat
1461 2946 1643 3001 illud:
1681 2942 2006 3015 Priusquam
2053 2962 2101 3000 te

513 3044 795 3114 Philippus
843 3056 1075 3106 vocaret,
1134 3060 1250 3096 cum
1281 3058 1418 3096 esses
1468 3042 1562 3095 sub
1593 3042 1720 3111 ﬁcu,
1748 3043 1857 3095 ridi
1899 3055 1948 3095 te
1970 3043 1995 3095 .9
2022 3042 2098 3097 Ea

2200 1951 2297 2003 γεν
2329 1936 2467 1995 ἐκεῖ,
2531 1934 2670 1988 ἀλλὰ
2706 1936 2767 1988 τὸ
2805 1937 2880 2004 μὴ
2908 1937 3167 2007 εὐπορεῖν
3208 1936 3388 1989 οἰκίαν
3419 1937 3519 1991 καὶ
3573 1938 3779 2009 σκέπην

2205 2026 2367 2079 ἰδίαν.
2396 2024 2497 2077 Διὰ
2522 2027 2575 2077 τί
2601 2026 2691 2078 ὅτε
2708 2022 2875 2098 ἦλθον
2901 2026 3039 2097 πρὸς
3059 2027 3221 2080 αὑτὸν
3250 2029 3300 2079 οἱ
3325 2028 3575 2095 μαθηταὶ
3611 2028 3782 2082 Ἰωάν-

2201 2136 2313 2182 νου,
2332 2121 2360 2173 6
2381 2118 2777 2189 εὐαγγελιστὴς
2810 2122 3202 2190 ἐπεσημήνατο
3228 2121 3421 2188 λέγων·
3450 2122 3599 2188 Ὥρα
3616 2117 3692 2192 ἦν
3708 2122 3780 2187 ὡς

2200 2211 2461 2280 δεκάτης
2497 2213 2614 2266 Ἵνα
2646 2214 2747 2284 τὴν
2782 2213 3022 2283 σπουδὴν
3052 2213 3231 2267 αὐτῶν
3258 2216 3323 2268 ὲκ
3357 2214 3454 2285 τῆς
3481 2213 3639 2285 ὥρας
3664 2217 3779 2266 ἑπι-

2200 2303 2461 2376 δείξηται.

2273 2397 2374 2450 Διὰ
2404 2396 2457 2450 τί
2485 2397 2548 2450 τὸ
2570 2398 2668 2451 τοῦ
2705 2398 2895 2467 ἐτέρου
2935 2398 3037 2452 οὐκ
3085 2397 3386 2470 ἐγνώρισεν
3428 2401 3626 2471 ὄνομα,
3655 2400 3778 2454 ἀλλά

2201 2488 2265 2541 τὸ
2296 2487 2390 2540 τοῦ
2435 2487 2690 2559 ’Δνδρέου
2739 2489 2937 2558 μόνον;
2983 2489 3081 2541 Διὰ
3106 2491 3177 2542 »τὸ
3207 2490 3371 2543 αὑτὸν
3402 2487 3550 2545 εἶναι
3578 2491 3669 2544 τὸν
3699 2492 3779 2543 λὲη

2203 2597 2389 2648 γοντα.

2274 2673 2373 2726 Διά
2403 2672 2454 2725 τί
2479 2671 2660 2741 λέγει·
2694 2671 2778 2727 Σὺ
2806 2675 3094 2743 κληθήσῃ
3123 2675 3352 2745 Κηφᾶς,
3390 2679 3486 2730 καὶ
3511 2679 3599 2731 ὅτι
3646 2678 3773 2747 οὐχὶ,

2216 2763 2358 2833 Ἐγώ
2398 2780 2457 2816 σε
2483 2763 2733 2831 ualeat»;
2764 2764 2888 2819 Ὅτι
2914 2767 3053 2829 τέως
3086 2768 3230 2839 ἀρχὴ
3259 2763 3348 2838 ἦν,
3377 2771 3473 2822 καὶ
3495 2771 3597 2823 οὐκ
3627 2770 3772 2825 ἐδού-

2203 2852 2325 2906 λετο
2346 2852 2444 2923 τὴν
2468 2852 2757 2906 αὑθεντίαν
2779 2852 2972 2918 δεῖξαι.

2276 2946 2341 2999 Τί
2367 2948 2628 3017 σημαίνει
2649 2946 2732 3011 τὸ,
2758 2947 2878 3015 Πρὸ
2906 2946 3012 3001 τοῦ
3044 2962 3119 3001 σε
3158 2950 3463 3004 Φίλιπποι·
3509 2950 3773 3020 φωνῆσαι

2205 3042 2351 3095 ὄντα
2378 3040 2493 3095 ὑπὸ
2516 3040 2632 3108 τὴν
2651 3040 2860 3108 συκῆν·
2897 3037 3069 3095 εἶδόν
3101 3057 3212 3106 o'e;
3244 3042 3317 3095 Τὸ
3347 3044 3471 3096 κατ’
3496 3046 3670 3114 αὐτὴν
3689 3045 3775 3114 τὴν

513 3135 704 3188 eadem
744 3135 880 3188 hora
933 3149 1060 3189 cum
1097 3133 1200 3188 sub
1224 3131 1327 3188 licu
1365 3147 1525 3186 nemo
1559 3135 1795 3199 adesset,
1822 3132 2100 3203 Philippus

2208 3131 2359 3201 ὥραν
2392 3132 2480 3183 ὅτε
2514 3132 2574 3184 ὲν
2603 3134 2672 3202 τῇ
2707 3133 2846 3203 συκῇ
2884 3131 3100 3195 οὐδενὸς
3127 3132 3413 3203 παρόντος.
3444 3136 3611 3203 μόνος
3640 3138 3669 3188 6
3694 3136 3776 3186 N-

512 3228 669 3284 solus
693 3227 994 3282 Nathanael
1026 3242 1276 3282 seorsum
1303 3224 1371 3281 de
1390 3225 1610 3281 Christo
1643 3226 1987 3297 loquebatur.

584 3412 751 3469 Vens.
780 3412 875 3468 ιθ.
893 3412 1183 3479 Quomodo
1204 3412 1353 3477 dicit,
1381 3411 1550 3468 llabbi
1569 3414 1592 3466 ?
1614 3412 1686 3467 Tu
1706 3431 1759 3468 es
1781 3412 1954 3467 Filius
1981 3415 2100 3478 Dei,

512 3516 573 3562 ιιι
596 3522 651 3561 es
683 3505 793 3558 (lex
815 3503 1031 3559 Israel?
1065 3503 1260 3558 Filium
1289 3504 1382 3558 Dei
1414 3520 1544 3571 non,
1568 3515 1626 3559 ut
1663 3504 1858 3561 Petrus
1889 3516 2100 3573 postea,

512 3607 712 3654 natura
745 3598 900 3663 dicit,
940 3597 1036 3652 sed
1089 3608 1147 3651 ut
1186 3596 1241 3651 in
1297 3599 1499 3652 virtute
1533 3611 1618 3651 est
1665 3607 1719 3652 et
1764 3607 1955 3668 postea
2001 3598 2091 3651 ha-

512 3689 696 3746 betur.

587 3782 755 3837 Vens.
785 3782 873 3836 51.
907 3780 1022 3836 Cur
1048 3781 1181 3835 dicit
1225 3781 1481 3837 Christus
1518 3798 1531 3835 :
1567 3785 1733 3835 Amen
1782 3783 1900 3837 dico
1937 3783 2103 3848 vobis,

2207 3222 2408 3285 λιππος
2430 3221 2511 3292 τῷ
2556 3221 2854 3294 Ναθαναὴλ
2910 3220 3031 3275 κατ’
3063 3221 3203 3275 ἰδίαν
3258 3224 3387 3295 περὶ
3421 3224 3666 3295 Χριστοῦ
3705 3225 3773 3277 δι-

2203 3322 2444 3391 ελέγετο.

2278 3414 2401 3477 Πῶς
2432 3409 2585 3467 εἶπεν
2601 3412 2753 3484 αὐτῷ
2777 3413 2977 3468 Ῥαϐὄί
3001 3454 3017 3478 ,
3042 3412 3124 3467 σὺ
3155 3408 3214 3466 el
3243 3415 3275 3467 ό
3316 3413 3447 3480 Υἱὸς
3478 3414 3589 3469 τοῦ
3618 3413 3772 3477 Θεοῦ,

2203 3508 2286 3562 σὺ
2307 3504 2368 3561 εἷ
2392 3513 2425 3562 ό
2450 3508 2755 3573 ,βασιλεὺς
2782 3506 2889 3561 τοῦ
2934 3507 3223 3575 Ἰσραήλς
3255 3507 3383 3561 Υἱὸν
3416 3507 3554 3562 Θεοῦ
3585 3509 3679 3577 οὐχ
3708 3508 3772 3569 ὡς

2206 3600 2233 3651 6
2263 3598 2467 3668 Πέτρος
2499 3597 2727 3669 ὕστερον
2753 3598 2937 3668 φύσει,
2968 3598 3083 3652 ἀλλ’
3114 3597 3189 3662 ὡς
3224 3600 3281 3652 ἑν
3314 3599 3486 3671 ἀρετῇ
3531 3600 3659 3653 δντα
3690 3600 3773 3651 καὶ

2207 3688 2335 3743 its-cs
2344 3706 2435 3760 ρον
2468 3689 2942 3761 προσδοκώμενον.

2279 3780 2378 3832 Διὰ
2404 3779 2454 3832 τί
2478 3775 2631 3833 εἶπεν
2659 3782 2688 3833 ὁ
2718 3782 2955 3852 Χριστός
2973 3796 2988 3813 ·
3039 3782 3270 3851 Ἀπάρτι
3302 3781 3535 3851 ὄψεσθε
3555 3781 3659 3837 τὸν
3687 3780 3772 3834 οὐ·

514 3874 759 3930 uidebt’tis
805 3873 994 3927 caelum
1026 3884 1289 3942 apertum,
1314 3876 1439 3929 etc?
1471 3875 1515 3927 A
1554 3886 1696 3929 terra
1728 3890 1786 3930 se
1822 3875 2101 3944 paululum

2208 3871 2394 3939 ρανὸν
2413 3871 2740 3939 ἀνεῳγότα,
2767 3874 2863 3926 καὶ
2889 3873 2956 3927 τὰ
2980 3874 3147 3959 ἑξῆς)
3188 3874 3322 3927 Ἀπὸ
3355 3874 3456 3944 τῆς
3482 3876 3590 3944 γῆς
3622 3872 3767 3926 αὑτὸν

514 3966 758 4028 elevans,
816 3966 945 4034 quia
998 3963 1141 4019 Deus
1193 3976 1310 4032 est;
1360 3967 1714 4021 Ascendentes
1778 3967 2007 4029 indicat,
2052 3968 2106 4021 in

514 4070 702 4121 cruce,
732 4056 787 4111 in
812 4056 1158 4121 ascensione,
1197 4058 1253 4111 in
1281 4060 1562 4127 sepultura
1594 4068 1647 4114 et
1676 4059 1730 4113 in
1758 4059 2104 4130 baptismate.

1153 4274 1386 4333 CAPUT
1408 4276 1473 4332 ll.

602 4418 768 4477 Vsus.
802 4422 854 4476 4.
885 4420 1026 4488 Quid
1057 4422 1185 4475 mihi
1222 4431 1271 4475 et
1320 4421 1417 4475 tibi
1448 4430 1552 4487 est,
1580 4420 1809 4475 mulier?
1866 4420 2105 4474 nonduin

2210 3963 2633 4054 κατασμιέιρῶν,
2653 3965 2736 4018 ὅτι
2768 3966 2901 4028 Θεός
2931 3967 3072 4022 ἐστι.
3106 3967 3179 4019 T6
3210 3966 3291 4030 δὲ,
3327 3967 3770 4029 ἀναϐαίνοντας,

2209 4056 2378 4126 δηλοῖ,
2417 4058 2511 4109 ἐπὶ
2554 4057 2649 4110 τοῦ
2684 4058 2919 4128 σταυροῦ
2953 4060 3046 4112 καὶ
3076 4060 3172 4127 τῆς
3215 4059 3539 4131 ἀναλήψεως
3580 4059 3668 4113 καὶ
3690 4056 3769 4111 τοῦ

2208 4149 2380 4218 τάφου
2412 4149 2619 4203 καὶτοῦ
2654 4150 2898 4220 ἱδρῶτος.

2808 4280 3060 4334 ΚΕΦΛΔ.
3118 4280 3173 4331 B'
3185 4319 3198 4335 .

2284 4425 2357 4476 Τὸ
2387 4424 2464 4489 δὲ,
2502 4425 2562 4479 Τί
2589 4424 2721 4492 ἐμοὶ
2747 4424 2844 4479 καὶ
2871 4425 2995 4492 σοὶ,
3018 4427 3231 4495 γύναι;
3259 4427 3424 4481 οὔπω
3450 4428 3585 4497 ἥκει
3608 4430 3644 4496 ἠ
3668 4425 3767 4493 ὥρη

520 4514 655 4567 venit
684 4512 814 4565 liora
844 4528 982 4565 mea.
1015 4512 1309 4581 Propterea
1345 4515 1416 4566 ita
1448 4511 1718 4583 loquitur,
1750 4522 1808 4566 ut
1838 4525 1946 4566 non
1982 4528 2101 4571 sus-

2208 4532 2349 4585 μου,
2370 4516 2561 4568 τούτου
2590 4516 2753 4569 ἕνεκα
2783 4516 2989 4585 ἔλεγεν,
3014 4517 3154 4571 ὥστε
3190 4518 3264 4588 μὴ
3297 4520 3702 4589 ὐποπτευθῆναι
3720 4515 3768 4567 τὸ

526 4603 671 4673 pieio
730 4602 994 4655 habeatur
1040 4602 1104 4655 de
1170 4601 1313 4656 laeto
1369 4603 1639 4657 miraculo
1696 4620 1709 4657 :
1756 4603 1955 4657 etenim
1997 4618 2107 4656 non

524 4693 807 4763 oportebat
832 4707 862 4744 a
893 4700 1067 4745 matre
1084 4693 1287 4761 expeti,
1320 4694 1412 4746 sed
1433 4693 1502 4746 ab
1534 4692 1797 4747 invitatis.
1824 4691 1968 4759 Quid
1992 4702 2109 4747 est:

529 4779 783 4834 Nondum
808 4781 945 4833 venit
997 4781 1128 4834 hora
1158 4781 1313 4834 mea9
1341 4779 1458 4835 Non
1498 4782 1761 4834 horarum
1804 4782 2111 4837 necessitati

527 4872 835 4938 subjectus,
873 4885 1051 4939 neque
1097 4871 1357 4925 horarum
1419 4872 1745 4930 observator
1776 4886 1859 4931 est
1911 4888 2116 4948 tempo-

528 4975 654 5015 rum
688 4961 949 5025 Creator;
984 4961 1076 5015 sed
1105 4959 1250 5029 quod
1303 4961 1489 5016 omnia
1533 4961 1587 5016 in
1620 4973 1864 5034 tempore
1914 4978 2113 5018 conve-

530 5054 739 5108 nienter
770 5063 1028 5123 operatur
1068 5071 1081 5108 :
1117 5069 1244 5108 cum
1274 5054 1532 5125 discipuli
1563 5057 1807 5112 nondum
1844 5057 2113 5121 viderant,

529 5163 706 5218 neque
732 5147 931 5218 aliquis
966 5149 1271 5202 amicorum
1302 5148 1369 5203 ad
1406 5148 1458 5205 id
1492 5151 1745 5206 hortatus
1772 5149 1970 5216 fuerat,
2004 5165 2113 5204 non

529 5250 643 5294 erat
700 5240 770 5293 oh
804 5239 1067 5294 miracula
1102 5251 1302 5310 notus;
1339 5240 1461 5296 ideo
1489 5241 1643 5310 dicit,
1686 5240 1942 5297 Nondum
1978 5241 2115 5297 venit

530 5330 664 5384 hora
694 5346 835 5385 mea.

597 5423 766 5480 Vsus.
800 5424 853 5479 5.
884 5423 1020 5479 Dicit
1044 5436 1222 5481 mater
1247 5425 1367 5496 ejus
1397 5426 1666 5483 ministris
1704 5445 1718 5483 :
1755 5428 2116 5498 Quodcunque

532 5517 727 5571 dixerit
768 5518 931 5584 vobis,
968 5519 1147 5585 [acite.
1178 5518 1399 5574 Sciebat
1422 5520 1567 5574 enim
1598 5522 1874 5592 repulsam
1906 5541 2015 5579 non
2050 5540 2116 5580 ex

534 5606 814 5661 debilitate
838 5623 980 5671 esse,
1014 5610 1108 5663 sed
1141 5610 1287 5679 quod
1312 5611 1432 5682 ipse
1470 5626 1581 5666 non
1617 5613 1833 5669 volebat
1855 5616 1909 5670 itt
1949 5616 2118 5672 mira-

536 5695 656 5747 cula
683 5698 900 5754 irruens
914 5700 1107 5754 videri.

609 5781 776 5842 Vsus.
811 5788 862 5843 6.
894 5787 1370 5863 Nou'slmpliriter
1401 5795 1537 5852 dicit
1575 5817 1587 5852 :
1631 5797 1929 5856 Secundum
1965 5805 2115 5858 miri—

2214 4609 2501 4679 γινόμενον
2560 4608 2769 4679 Θαῦμα.
2825 4610 2935 4663 Καὶ
2990 4612 3099 4680 γὰρ
3129 4612 3189 4663 οὺ
3230 4615 3381 4683 παρὰ
3432 4613 3530 4682 τῆς
3586 4609 3769 4683 μητρὸς

2214 4700 2649 4771 παρακληθῆναι
2682 4701 2872 4773 ἐχρῆν,
2915 4702 3031 4755 ἀλλ’
3065 4702 3172 4756 ὑπὸ
3205 4704 3315 4756 τῶν
3347 4705 3675 4775 κληίέντων.
3715 4699 3767 4752 Τί

2214 4794 2329 4845 ἐστι
2357 4792 2441 4857 τὸ,
2462 4793 2640 4847 Οὔπω
2676 4792 2807 4861 ἣκει
2838 4794 2875 4860 ἡ
2905 4793 3027 4863 ὥρα
3050 4814 3171 4865 μου
3193 4813 3213 4862 ;
3249 4797 3363 4849 Οὐκ
3396 4798 3610 4868 ἀνάγκῃ
3633 4794 3767 4866 ὡρῶν

2215 4884 2602 4955 ὑποκείμενος,
2642 4886 2764 4937 οὐδὲ
2791 4886 2941 4957 ὥρας
2984 4888 3479 4960 παρατηρούμενος
3517 4893 3546 4942 6
3587 4888 3768 4959 χρόνων

2216 4976 2584 5046 Δημιουργὸς·
2617 4975 2733 5027 ἀλλ’
2762 4977 2844 5030 ὅτι
2870 4978 3050 5032 πάντα
3075 4980 3217 5048 μετὰ
3249 4980 3446 5050 καιροῦ
3492 4979 3767 5053 προσηκόν-

2215 5084 2326 5130 τως
2378 5068 2704 5137 ἐργάζεται·
2743 5069 2865 5122 ἐπεὶ
2922 5071 2973 5122 ol.
3028 5072 3266 5141 μαθηταὶ
3309 5074 3522 5129 οὐδέπω
3575 5075 3765 5145 ᾔδεσαν·

2217 5158 2339 5213 οὐδὲ
2375 5176 2455 5222 τις
2482 5159 2590 5211 τῶν
2620 5159 2790 5227 φίλων
2817 5162 3121 5232 παρεκάλει
3161 5166 3241 5229 εἰς
3265 5165 3449 5228 τοῦτο,
3478 5168 3598 5220 οὐδὲ
3630 5165 3768 5233 δῆλος

2218 5246 2285 5321 ἦν
2318 5251 2454 5323 πρὸς
2495 5249 2785 5321 θαύματαο
2825 5252 2913 5307 διὰ
2951 5255 3111 5310 τοῦτο
3145 5256 3328 5326 λέγει⁹
3392 5260 3565 5314 Οὔπω
3599 5255 3764 5327 ἦκειή

2218 5342 2341 5413 ὥρα
2359 5362 2499 5414 μου.

2293 5436 2419 5489 Ὀτι
2452 5439 2563 5500 τοῖς
2592 5437 2868 5505 διακόνοις
2911 5434 3066 5494 εἶπεν
3099 5441 3132 5511 ή
3175 5443 3361 5514 μήτηρ
3389 5443 3554 5498 αὐτοῦ
3577 5461 3593 5476 ι
3622 5443 3685 5493 ’⁷0
3722 5454 3765 5490 τι

2218 5526 2296 5581 ἂν
2338 5526 2487 5597 λέγῃ
2519 5528 2685 5598 ὑμῖν,
2712 5531 3028 5598 ποιήσατε.
3064 5534 3220 5605 ’ᾘδει
3253 5536 3362 5606 γὰρ
3389 5536 3471 5589 ὅτι
3499 5537 3597 5590 οὐκ
3629 5531 3763 5587 ἀσθε-

2219 5618 2369 5682 νείας
2395 5615 2465 5690 ἦν
2499 5622 2531 5691 ὴ
2564 5624 2923 5694 παραίτησις,
2960 5625 3098 5681 ἀλλὰ
3135 5627 3229 5681 τοῦ
3262 5629 3339 5699 μὴ
3395 5628 3542 5695 δόξαι
3581 5621 3764 5695 ἑπιρῤί-

2216 5727 2375 5765 πτειν
2401 5713 2564 5767 αὐτὸν
2591 5716 2703 5779 τοῖς
2732 5715 3025 5787 θαύμασιν.

2292 5806 2403 5875 Οὐχ
2436 5806 2623 5869 ἀπὶ-ὦς
2652 5808 2707 5861 δὲ
2739 5805 2913 5873 εἶπεν,
2946 5812 3107 5868 Κατὰ
3141 5811 3249 5869 τὸν
3278 5812 3638 5883 καθαρισμὸν
3668 5803 3761 5861 τῶν
