4026 6406
220 373 360 442 1225

1271 363 1596 429 SCIIOLIA
1630 359 1934 427 VETERA
1969 360 2052 422 IN
2091 359 2468 423 IOANNEM.

3365 351 3504 415 15226

232 489 580 550 Ἰουδαίων·
623 486 736 541 ἀλλ’
785 486 873 540 ἵνα
910 485 986 556 μή
1028 501 1172 546 τινες
1220 484 1332 538 τῶν
1392 484 1640 538 ἀπίστων
1681 481 1813 533 ὑπο·-

1932 477 2222 530 ﬁcationem
2257 475 2594 538 Juda'mum,
2621 473 2714 529 sed
2749 489 2816 530 ne
2855 473 3080 542 quidam
3140 485 3206 524 ex
3250 470 3508 524 incredu-

218 583 528 638 πτεὺσωσιν
579 579 664 631 ὅτι
720 577 954 650 τρυγίας
986 593 1070 640 τις
1112 575 1500 646 ὲναπομείνας,
1541 569 1659 626 εἶτα
1709 573 1804 625 τοῦ

219 679 412 737 ὕδατος
433 672 825 743 ἐπιϐληθέντος
847 671 942 723 καὶ
969 670 1287 742 κραθέντος,
1313 666 1455 731 οἶνος
1478 666 1806 728 λεπτότατος

218 773 434 841 γέγονε,
470 767 745 820 δείκνυσιν
774 765 858 817 ὅτι
890 764 1152 818 οὐδέποτε
1187 765 1374 816 ἐκεῖνα
1407 761 1632 830 γέγονεν
1661 759 1808 812 οἴνου

119 861 122 866 ’
217 862 436 931 δοχεῖιν
475 857 664 928 ἐπειδὴ
719 855 828 926 γὰρ
879 855 1108 926 ἄνυδρός
1153 857 1302 908 ἐστιν
1352 857 1386 926 ή
1443 853 1806 921 Παλαιστίνη,

219 955 314 1006 καὶ
352 952 456 1004 οὑκ
504 945 572 1020 ἦν
609 948 881 1020 πολλαχοῦ
936 951 1144 1020 κρήνας
1175 948 1488 1020 εὑρίσκειν,
1533 947 1809 1018 ἐπλήρουν

225 1045 314 1096 ἀεὶ
363 1042 462 1103 τὰς
494 1040 685 1112 ὑδρίας
734 1039 949 1104 ὓδατος,
985 1039 1128 1093 ὥστε
1165 1041 1240 1112 μὴ
1279 1041 1497 1111 τρέχειν
1526 1040 1603 1101 είς
1645 1055 1812 1091 ποτα-

223 1134 388 1204 μοὺς,
423 1135 474 1184 εἰ
529 1131 766 1201 γένοιντο
819 1132 1145 1201 ἀκάθαρτοι.
1197 1129 1286 1198 Ἐξ
1324 1133 1424 1184 οὑκ
1452 1131 1622 1183 ὅντων
1661 1129 1718 1182 δὲ
1748 1129 1810 1182 οὑ

222 1227 370 1279 ποιεῖ
400 1220 574 1288 οἶνον,
609 1225 962 1295 περικόπτων
997 1221 1139 1278 ἑκὼν
1171 1224 1232 1278 τὸ
1267 1223 1495 1294 μέγεοος
1537 1223 1814 1286 τῶν,θαυ-

225 1319 435 1390 μάτων.

293 1411 416 1462 ὐτι
449 1407 668 1479 πρῶτον
692 1407 771 1478 τῷ
798 1405 1193 1479 ἀρχιτρικλίνῳ
1226 1407 1450 1478 δοθῆναι
1476 1408 1715 1473 κελεύει,
1739 1406 1816 1470 ὠς

225 1507 472 1576 νήφοντι.
507 1504 620 1558 Καὶ
651 1503 764 1574 γὰρ
814 1504 863 1556 οἱ
895 1504 994 1574 τὴν
1037 1503 1298 1574 τοιαύτην
1335 1503 1612 1556 διακονίαν
1652 1520 1815 1556 πεπι-

225 1594 509 1666 στευμένοι
547 1593 784 1664 μάλιστά
831 1595 938 1647 εἰσι
992 1595 1279 1664 νήφοντες,
1323 1593 1465 1648 ὥστε
1519 1597 1576 1648 ἐν
1624 1595 1816 1666 κόσμῳ

223 1689 318 1740 καὶ
361 1687 518 1752 τάξει
559 1687 736 1741 πάντα
791 1682 1154 1741 διατίθεσθαι.
1201 1686 1288 1743 Εἰ.
1316 1687 1427 1756 γὰρ
1477 1691 1588 1754 τοῖς
1636 1689 1817 1752 ἄλλοις

219 1779 408 1848 ἐδοθη,
447 1775 600 1832 εἷπον
634 1778 700 1832 ἂν
745 1779 828 1832 ὅτι
862 1777 1147 1850 μεθύουσι,
1191 1778 1288 1832 κο.)⁵
1337 1779 1555 1850 ἀλόγοις
1603 1779 1702 1834 καὶ
1739 1781 1815 1852 μὴ
1849 1830 1892 1889 Β

220 1871 594 1942 διακρίνουσιν
625 1872 795 1924 ἔδωκε
832 1873 999 1926 πιεῖν.

289 2006 394 2058 Διά
427 2005 482 2058 τί
506 2008 602 2060 τὸν
635 2007 871 2076 νυμφίον
900 2005 1182 2077 ἐφώνησεν
1207 2010 1236 2060 6
1267 2008 1692 2080 ἀρχιτρίκλινος,
1727 2009 1822 2063 καὶ

220 2099 280 2151 οὐ
313 2099 444 2162 τοὺς
475 2100 794 2166 διακόνους-ς
828 2099 988 2154 Οὕτω
1025 2103 1134 2172 γὰρ
1160 2100 1226 2154 ἂν
1257 2103 1354 2156 καὶ
1387 2104 1448 2155 τὸ
1487 2101 1672 2174 θαῦμα
1733 2103 1822 2166 ἐξ·

222 2191 534 2264 εκαλὺφθηο
559 2194 684 2246 κατ’
700 2193 1016 2264 οἰκονομίαν
1047 2195 1240 2262 γέγονε
1269 2195 1450 2258 τοῦτο,
1470 2195 1556 2249 ἵνα
1585 2197 1659 2267 μὴ
1690 2197 1822 2250 πάν-

220 2299 314 2347 τες
338 2284 564 2353 γνῶσιν.
586 2283 708 2339 Ὅτι
735 2289 762 2338 6
780 2286 1060 2356 βασιλικὸς
1080 2286 1168 2340 διὰ
1191 2287 1352 2340 τοῦτο
1376 2289 1540 2342 αὑτὸν
1565 2290 1701 2360 πρὸς
1723 2289 1821 2362 τήν

219 2375 314 2428 τοῦ
380 2371 572 2439 πᾶιδδς
639 2377 831 2443 ὑγείαν
890 2379 1372 2449 προσεκαλέσατο,
1407 2381 1498 2434 διὰ
1527 2381 1588 2436 τὺ
1627 2385 1824 2453 μαθεῖν

221 2467 386 2520 τοῦτο
413 2469 577 2523 αὑτὸν
606 2473 967 2542 πεποιηκέναι
997 2473 1060 2526 τὸ
1087 2479 1335 2545 σημεῖον·
1363 2477 1502 2548 ὅπερ
1525 2480 1618 2531 καὶ
1643 2497 1822 2548 παρτ-

221 2561 402 2633 δηλῶν
460 2565 488 2617 ὁ
547 2565 940 2636 εὑαγγελιστὴς
1001 2567 1224 2636 ἔλεγεν,
1290 2570 1423 2622 ὅπου
1485 2570 1707 2638 ἐποίησε
1764 2569 1825 2623 τὸ

225 2647 374 2724 ὕδωρ
403 2649 548 2708 οἶνον
570 2673 586 2689 ο
613 2657 712 2728 οὑχ
746 2659 934 2723 ἁπλῶς
968 2659 1024 2712 δὲ
1051 2655 1194 2714 οἶνον
1212 2662 1487 2733 εποίησεν,
1518 2663 1654 2717 ἀλλά
1681 2659 1824 2717 οἶνον

223 2746 536 2802 κάλλιπον.

294 2883 400 2938 Διά
429 2883 482 2937 τί
527 2884 734 2957 κατέϐη
785 2887 864 2950 εἰς
904 2889 1318 2961 Καπερναούμς
1363 2887 1440 2944 Ἦ
1472 2891 1562 2945 διὰ
1604 2893 1704 2963 τὴν
1743 2896 1823 2962 είς

225 2974 462 3046 Μητέρα
492 2977 687 3050 τιμὴν,
727 2979 794 3032 ἵν’
841 2981 1278 3058 ἀποκαταστήσῃ
1313 2984 1409 3056 τὴν
1451 2986 1680 3056 Μητέρα
1731 2989 1826 3042 καὶ

223 3070 353 3132 τοὺς
395 3070 682 3139 ἀδελφούς.
729 3075 839 3128 Καὶ
904 3076 994 3132 διὰ
1061 3078 1116 3132 τί
1164 3082 1245 3144 είς
1305 3082 1681 3156 Καπερναοὺμ
1728 3086 1825 3138 οὑκ

221 3161 458 3234 ἐποίησε
488 3167 721 3236 σημεῖα;
743 3168 868 3222 Ὅτι
899 3170 996 3240 οὑχ
1035 3171 1206 3240 ὑγιῶς
1246 3175 1604 3244 προσέκειντο
1637 3177 1817 3247 αὐτῷ·

1932 3163 2288 3218 immoderate
2332 3163 2484 3216 illum
2553 3163 2822 3230 urgebant
2870 3179 2884 3216 :

223 3251 320 3307 καὶ
350 3255 511 3310 τοῦτο
532 3258 802 3330 ἐδήλωσεν
858 3262 1028 3316 εἰπών
1048 3280 1062 3294 ο
1095 3265 1208 3318 Καὶ
1235 3265 1348 3332 σὺ,
1380 3269 1774 3340 Καπερναοὺμ
1794 3311 1812 3336 ,

224 3349 262 3414 ἡ
310 3347 428 3415 ἕως
459 3350 578 3406 τῶν
601 3353 873 3422 οὐρανῶν
927 3357 1266 3425 ὑψωθεῖσα,
1293 3359 1404 3426 ἕως
1459 3361 1609 3428 ᾅδου
1638 3379 1814 3418 κατα-

225 3441 420 3510 ϐήσῃ.

293 3534 400 3588 Διά
441 3536 536 3589 τοῦ
574 3539 880 3604 εἰπεῖν,ὅτι
916 3537 1034 3597 Ἦν
1069 3544 1252 3614 ἐγγὺς
1296 3545 1363 3599 τὸ
1421 3547 1638 3618 Πάσχα.
1695 3549 1817 3604 τῶν

238 3625 570 3692 Ἰουδαίων,
599 3631 872 3687 δείκνυσιν
904 3637 1039 3706 ἡμῖν
1082 3637 1250 3692 ὅτιού
1281 3638 1390 3710 πρὸ
1424 3641 1640 3694 πολλῶν
1671 3643 1814 3697 πάνυ

223 3718 458 3788 ἡμερῶν
483 3721 578 3774 τοῦ
609 3723 806 3796 Πάσχα
835 3726 1194 3784 ὲὸαπτίσατο.

301 3811 428 3864 Ὀτι
466 3815 594 3879 τοὺς
644 3817 963 3884 πωλοῦντας
1006 3824 1102 3875 καὶ
1148 3825 1522 3894 ἀγοράζοντας
1565 3830 1818 3897 ἐξέϐαλεν

226 3903 292 3956 ἐκ
343 3904 442 3956 τοῦ
493 3906 640 3976 ἱεροῦ
691 3908 901 3978 λέγων·
947 3913 1042 3982 Μὴ
1085 3917 1306 3971 ποιεῖτε
1351 3921 1458 3972 τὸν
1498 3917 1669 3974 οἷκον
1711 3925 1819 3978 τοῦ

225 3997 468 4064 Πατρός
490 4015 634 4067 μου,
677 3995 848 4056 οἷκον
868 4004 1158 4074 ἐμπορίου
1179 4023 1190 4036 ·
1224 4009 1412 4080 ἕτερος
1449 4012 1506 4064 δὲ
1537 4013 1820 4082 εὐαγγελι-

228 4087 364 4160 στὴς
393 4088 566 4158 λέγει,
600 4094 910 4164 σπήλαιον
946 4099 1212 4167 λῃστῶν.
1254 4103 1518 4157 Ὅθεν-οὑ
1545 4107 1689 4158 κατά
1728 4107 1820 4160 τὸν

226 4179 395 4232 αὑτὸν
425 4183 617 4252 καιρὸν
655 4184 946 4258 ἀμφότερα
980 4191 1204 4257 γέγονεν
1223 4208 1240 4224 ο
1272 4194 1389 4246 ἐκεῖ
1419 4195 1518 4265 μὲν
1543 4196 1652 4268 γάρ
1683 4199 1819 4269 πρὸς

226 4271 366 4324 αὑτὸ
389 4271 452 4324 τὸ
481 4274 654 4338 πάθος
692 4276 886 4343 ἐλθὼν,
915 4281 1154 4337 ἐνταῦθα
1178 4284 1235 4337 δὲ
1274 4286 1333 4339 ἐν
1368 4289 1677 4359 προοιμίοις
1711 4291 1818 4343 τῶν

227 4363 481 4433 σημείων
523 4367 835 4439 ὑφειμένως
862 4374 927 4442 τῇ
958 4373 1299 4446 ἐπιτιμήσει.
1352 4377 1506 4432 Ἐπεὶ
1543 4379 1637 4435 οὑν
1665 4387 1757 4434 καὶ
1791 4386 1818 4435 6

225 4454 390 4526 λόγος
426 4460 522 4512 καὶ
546 4463 575 4514 ὀ
607 4462 800 4531 χρόνος
829 4464 1120 4538 διάφορος,
1151 4469 1313 4538 διχῶς
1348 4470 1410 4524 τὸ
1442 4473 1709 4542 πραχθέν.

301 4551 432 4604 ’Ὀτι
458 4553 519 4605 τὸ
546 4553 726 4622 λέγειν
747 4557 966 4622 αὐτοὺς,
999 4561 1060 4614 Τί
1081 4562 1336 4630 σημεῖον
1357 4563 1655 4630 δεικνύεις
1675 4565 1818 4634 ἡμῖν

225 4643 319 4698 ὅτι
378 4645 569 4700 ταῦτα
615 4648 844 4715 ποιεῖς
879 4651 1118 4722 ἐσχάτης
1163 4655 1421 4721 ἀπονοίας
1463 4657 1622 4710 ἐστί’
1661 4660 1817 4712 ποίου

226 4737 340 4806 γὰρ
371 4742 599 4806 σημείου
628 4741 788 4810 χρεία
813 4735 881 4812 ἦν
903 4742 1042 4797 ὥστε
1073 4746 1142 4798 τὰ
1165 4747 1352 4811 κακῶς
1383 4749 1646 4819 γινόμενα
1675 4752 1818 4804 παῦ-

226 4843 344 4892 σαι,
376 4829 544 4901 ἤγουν
573 4833 702 4896 τοὺς
730 4833 1151 4906 ἁμαρτάνοντας
1178 4841 1638 4912 ἐπιστρέφεσθαι;

330 4925 432 4974 Οτι
474 4924 572 4989 τὸ,
618 4926 862 4981 Λύσατε
902 4930 1001 4983 καὶ
1044 4931 1262 5001 ἐγερῶ,
1305 4933 1401 4987 δύο
1448 4937 1662 5003 εἰσάγει
1693 4941 1819 5010 νοή-

229 5031 406 5083 ματα,
448 5017 544 5070 καὶ
579 5018 660 5070 ὅτι
693 5020 1087 5092 ἀναστήσεται,
1126 5027 1220 5080 καὶ
1247 5026 1330 5079 ὅτι
1358 5028 1490 5092 Θεὸς
1522 5031 1550 5081 6
1581 5029 1822 5102 ἀναστή-

226 5121 340 5158 σων
365 5124 378 5136 ·
409 5107 602 5160 ἑαυτὸν
634 5109 744 5180 γὰρ
773 5107 929 5164 εἶπεν
949 5128 965 5143 ·
1007 5115 1242 5184 Ἐγερῶ.

293 5200 423 5263 Πῶς
450 5201 672 5271 νοητέον
704 5205 792 5270 τὸ,
835 5204 938 5259 Ἐν
977 5209 1436 5278 τεσσαράκοντα
1471 5213 1570 5268 καί
1593 5213 1664 5278 ἐξ
1699 5215 1822 5270 ἕτε-

225 5307 337 5345 σιν
377 5293 734 5364 ᾠκοδομήθη
786 5300 820 5351 ὁ
875 5299 1054 5365 vade;
1101 5301 1214 5371 Τὴν
1256 5302 1492 5374 ὑστέραν
1529 5307 1820 5378 οἰκοδομὴν

223 5383 538 5454 ἐδήλωσεν·
595 5389 688 5442 ἐπὶ
735 5391 844 5460 γάρ
894 5391 1079 5462 Κύρου
1132 5393 1312 5464 ἦρχθη
1353 5395 1414 5448 τὸ
1464 5396 1660 5468 ἔργον,
1699 5399 1818 5454 εἶτα

227 5478 510 5548 ἀνεκόπη·
551 5479 692 5549 μετά
715 5481 774 5534 δὲ
800 5481 974 5536 ταῦτα
1015 5483 1176 5538 πάλιν
1209 5486 1386 5558 ῆρχθη
1422 5490 1515 5542 ἐπὶ
1551 5492 1780 5562 Δαρείου
1801 5509 1816 5524 ·

225 5570 328 5625 ἐπὶ
359 5571 466 5642 γὰρ
493 5571 838 5644 Σολομῶντος
873 5576 950 5640 εἰς
984 5577 1160 5630 εἴκοσι
1187 5577 1282 5649 ἐτη
1310 5580 1556 5652 ἐκτίσθη.

838 5761 1089 5816 ΚΕΦΑΛ.
1132 5761 1206 5818 Γ.

301 5843 428 5900 Ὀτι
457 5847 485 5900 ό
517 5843 829 5934 Νικόδημος
869 5850 1064 5915 νυκτὸς
1126 5853 1328 5925 ἦρχετο
1349 5866 1362 5882 ⁶
1406 5853 1656 5924 ἐφοϐεῖτο
1687 5856 1816 5928 γάρ.

481 5940 754 6005 Pyram"
782 5945 898 6004 Gn.
927 5945 1088 6008 CVI.

1912 572 1981 626 lis
2048 571 2402 641 suspicentur
2445 569 2683 639 aliquem
2740 565 2902 621 faeces
2947 565 3258 634 reliquisse,
3308 562 3508 618 deinde

1912 677 2053 732 aqua
2111 662 2311 732 injecta
2345 670 2400 716 et
2452 660 2718 726 innnista,
2776 659 2962 712 vinum
3019 656 3380 712 teuuissinnm
3425 654 3510 708 fa-

1911 764 2061 812 ctum
2102 771 2242 820 esse,
2300 755 2542 810 ostendit
2573 753 2721 824 quod
2753 753 2858 820 illa:
2890 766 3042 806 urnte
3081 767 3361 820 nunquam
3395 749 3508 802 vini

1913 849 2214 920 receptoria
2269 847 2503 902 fuissent
2554 863 2569 913 ;
2645 861 2772 900 cum
2847 846 2996 900 enim
3047 843 3337 900 Palu-siina
3388 841 3510 897 sine

1915 953 2056 1008 aqua
2084 939 2176 1003 sit,
2199 949 2250 994 ct
2281 939 2498 992 diflicile
2547 942 2618 993 sit
2669 938 2722 991 in
2761 937 2946 990 multis
2977 937 3114 990 locis
3139 937 3320 989 fontes
3353 934 3508 987 inve-

1914 1029 2056 1094 nire,
2082 1029 2382 1098 implebant
2423 1045 2644 1097 semper
2693 1029 2918 1098 liydrias
2960 1043 3123 1098 aqua.
3160 1041 3228 1080 ne
3258 1026 3321 1078 ad
3356 1025 3508 1078 rivos

1916 1131 2229 1182 currerent.
2265 1123 2310 1178 si
2345 1123 2542 1192 impuri
2595 1123 2807 1176 ίίιϊοιιι.
2847 1121 2951 1175 Sed
2996 1137 3026 1173 e
3061 1117 3233 1173 nihilo
3275 1133 3379 1171 non
3422 1117 3508 1170 vi-

1919 1229 2050 1268 uum
2083 1211 2237 1280 facit,
2263 1223 2455 1282 sponte
2481 1213 2737 1267 minuens
2767 1212 3016 1266 miraculi
3048 1209 3508 1280 magnitudinem.

1991 1394 2157 1447 Vens.
2182 1392 2234 1446 8.
2262 1391 2448 1445 Primo
2471 1392 2851 1446 architriclino
2883 1391 3012 1447 ferri
3031 1393 3206 1464 jubet,
3241 1405 3505 1464 tanquam

1916 1485 2132 1556 jejuno.
2161 1484 2298 1539 Nam
2328 1485 2420 1554 qui
2459 1486 2564 1540 tale
2602 1486 2971 1539 ministerium
3020 1487 3248 1556 implent
3278 1489 3507 1542 multum

1921 1589 2050 1634 sunt
2081 1589 2472 1647 temperantes,
2513 1589 2570 1633 ut
2614 1579 2805 1634 Omnia
2846 1594 2970 1633 cum
3017 1579 3209 1634 ordine
3229 1589 3278 1634 ct
3311 1590 3508 1634 ornatu

1919 1671 2236 1740 disponant.
2285 1671 2340 1724 Si
2378 1672 2522 1724 enim
2557 1671 2684 1726 aliis
2739 1671 2928 1726 datum
2977 1669 3192 1735 fuisset,
3240 1671 3515 1726 diceretur

1922 1764 2029 1819 illis
2061 1763 2172 1830 jam
2202 1764 2390 1826 ebriis.
2427 1773 2480 1818 ct
2507 1763 2627 1818 sine
2660 1763 2900 1826 ratione,
2933 1772 2986 1817 ct
3009 1779 3118 1816 non
3150 1762 3512 1819 discernenti-

1927 1855 2027 1908 bus
2055 1865 2244 1924 potnm
2271 1854 2444 1908 fuisse
2461 1855 2674 1908 datum.

1997 1997 2166 2053 Vsus.
2192 1997 2379 2054 9.Cur
2411 2012 2678 2067 sponsum
2731 2007 2946 2052 vocarit
2991 1995 3424 2063 arcliitriclinus,
3462 2008 3518 2053 et

1927 2111 2034 2148 non
2065 2093 2384 2147 ministros?
2417 2091 2493 2146 Ita
2525 2093 2673 2146 enim
2703 2092 3030 2145 miraculum
3053 2091 3354 2146 revelatum
3375 2091 3514 2146 inis-

1927 2196 2040 2252 set;
2073 2201 2141 2240 ex
2196 2185 2448 2239 instituto
2494 2183 2640 2238 istud
2698 2182 2900 2237 factum
2944 2193 3030 2238 est
3087 2197 3158 2238 ne
3193 2197 3389 2238 omnes
3418 2198 3516 2238 co-

1925 2287 2278 2345 gnoscerent.
2311 2274 2556 2346 Regulus
2588 2274 2712 2330 ideo
2749 2275 2902 2328 illum
2949 2275 3016 2328 ad
3067 2273 3358 2330 sanitatem
3405 2275 3516 2329 tilio

1926 2369 2162 2424 dandam
2191 2369 2426 2431 vocavit,
2476 2368 2621 2437 quod
2656 2367 2926 2422 didicerat
2965 2367 3116 2422 illum
3164 2369 3268 2424 hoc
3297 2367 3512 2439 signum

1928 2461 2158 2526 fecisse;
2191 2461 2334 2530 quod
2365 2460 2660 2529 designans
2709 2460 3045 2528 evangelista
3073 2461 3225 2527 dicit,
3257 2461 3349 2515 ubi
3387 2459 3517 2516 fecit

1928 2569 2124 2622 aquam
2149 2552 2368 2618 vinum;
2409 2567 2516 2606 non
2551 2551 2739 2605 vinum
2763 2551 3089 2622 simpliciter
3113 2551 3264 2620 fecit,
3305 2553 3400 2608 sed
3435 2551 3516 2606 vi-

1928 2662 2059 2700 num
2078 2647 2373 2716 optimum.

2001 2884 2166 2939 Vens.
2203 2881 2291 2936 12.
2320 2881 2432 2946 ϐρυι·
2462 2881 2745 2938 descendit
2780 2881 2834 2935 in
2877 2881 3308 2952 Capharnaum?
3357 2884 3520 2940 Certe

1929 2979 2002 3034 ob
2033 2977 2226 3032 matris
2253 2977 2644 3042 reverentiam,
2679 2985 2738 3050 ut
2758 2991 2818 3030 se
2851 2975 3013 3030 matri
3042 2985 3100 3031 et
3123 2975 3387 3033 fratribus
3433 2995 3522 3034 re.

1928 3069 2276 3126 stitueret.Et
2294 3086 2392 3124 cur
2413 3070 2466 3124 in
2487 3069 2874 3138 Capharnaum
2903 3070 3054 3140 signa
3071 3085 3180 3126 non
3199 3069 3520 3139 fecit?0uia

2945 3163 2998 3216 id
3049 3179 3275 3234 quoque
3330 3177 3519 3220 osten-

1919 3255 1999 3310 dit
2028 3255 2252 3310 dicens:
2284 3253 2352 3307 Et
2375 3265 2452 3321 tu,
2478 3253 2880 3324 Caplmrnaum,
2901 3270 3018 3324 qua:
3045 3272 3211 3326 usque
3234 3257 3304 3310 ad
3327 3258 3518 3312 calum

1918 3349 2224 3414 ascendisti,
2251 3349 2321 3402 ad
2359 3348 2628 3417 infernum
2659 3347 3006 3402 descendisti.

1990 3537 2156 3594 Vens.
2179 3537 2266 3592 15.
2292 3536 2532 3592 Dicendo
2557 3535 2842 3606 quoniam,
2868 3533 3034 3602 Prope
3054 3534 3388 3592 eratPasclta
3415 3539 3518 3592 Ju.

1921 3633 2184 3699 deorum,
2214 3631 2460 3686 ostendit
2489 3630 2652 3683 nobis
2698 3627 2844 3699 quod
2894 3627 3085 3697 paucis
3135 3639 3262 3684 ante
3306 3629 3516 3687 Pascha

1920 3725 2115 3780 diebus
2145 3723 2250 3779 iuit
2282 3723 2612 3794 baptizatus.

1994 3817 2163 3873 Vens.
2192 3817 2278 3872 14.
2323 3814 2637 3870 Vendentes
2665 3824 2720 3870 ct
2764 3827 3011 3872 ementes
3056 3813 3218 3886 ejecit
3249 3832 3280 3872 e
3315 3819 3517 3888 templo

1922 3907 2112 3966 dicens
2143 3927 2157 3963 :
2192 3907 2376 3964 Nolite
2403 3909 2578 3977 facere
2605 3909 2820 3960 domum
2852 3907 3035 3962 Patris
3056 3909 3154 3962 mei
3179 3909 3397 3963 domum
3423 3927 3513 3965 ne-

1924 4004 2270 4076 gotiationis;
2302 4004 2446 4058 alius
2475 4003 2810 4072 mangclista
2835 4001 2990 4066 dicit,
3023 3999 3328 4071 speluncam
3349 4003 3520 4060 latro-

1925 4118 2073 4156 num.
2105 4099 2262 4155 Unde
2299 4099 2552 4169 arguitur
2583 4114 2688 4150 non
2723 4097 2914 4150 codem
2951 4107 3197 4167 tempore
3222 4107 3517 4172 utrumque

1925 4193 2127 4248 factum
2155 4206 2277 4246 esse
2294 4207 2309 4256 ;
2329 4205 2451 4243 nam
2475 4189 2584 4243 illic
2607 4190 2672 4242 ad
2697 4190 3009 4258 passionem
3042 4189 3515 4260 appropinquans,

1925 4287 1998 4342 ibi
2023 4293 2207 4340 autem
2243 4283 2299 4336 in
2341 4282 2498 4336 initio
2524 4281 2810 4351 signorum
2860 4279 3108 4334 modesta
3147 4295 3282 4335 voce
3335 4283 3516 4340 incre-

1926 4378 2123 4449 pando.
2153 4376 2293 4432 Cum
2334 4375 2500 4445 igitur
2543 4383 2758 4444 tempus
2791 4381 2849 4428 et
2890 4387 3074 4428 sermo
3119 4373 3340 4432 diversa
3373 4377 3512 4450 sint,

1925 4473 2010 4528 liis
2039 4472 2170 4526 illud
2197 4471 2398 4524 factum
2423 4477 2527 4523 est.

2001 4563 2168 4618 Vens.
2211 4563 2298 4617 18.
2330 4561 2469 4616 Cum
2524 4559 2602 4614 illi
2635 4559 2825 4615 dicunt
2877 4578 2891 4614 :
2924 4559 3079 4626 Quod
3115 4561 3329 4633 signum
3359 4566 3510 4620 nobis

1927 4658 2157 4716 ostendis
2179 4658 2306 4728 quia
2330 4657 2438 4710 haec
2464 4655 2638 4725 facis?
2669 4669 2938 4710 summam
2969 4653 3302 4710 dementiam
3325 4667 3515 4714 osten<-

1926 4751 2084 4806 dunt.
2114 4750 2288 4818 Cujus
2316 4748 2464 4802 enim
2497 4746 2638 4818 signi
2671 4761 2813 4816 opus
2839 4755 2960 4800 erat
2985 4755 3044 4801 nt
3077 4747 3218 4803 male
3262 4759 3382 4805 acta
3417 4751 3514 4806 de.

1925 4845 2190 4907 sinerent,
2227 4843 2278 4897 id
2305 4851 2392 4898 est
2417 4852 2475 4896 ut
2503 4849 2820 4910 peccatores
2843 4843 3334 4900 converterentur?

1995 4945 2166 5004 Vsus.
2208 4937 2294 4992 i9.
2345 4935 2544 4990 Solvite
2592 4943 2642 4989 et
2672 4934 2948 4998 excitabo,-
3001 4933 3142 4992 duas
3195 4939 3502 4996 Sententias

1925 5029 2178 5094 includit,
2201 5037 2254 5082 et
2284 5027 2430 5096 quod
2477 5033 2742 5094 resurget,
2794 5033 2850 5077 et
2891 5023 3040 5092 quod
3105 5025 3252 5081 Deus
3303 5032 3510 5100 estqui

1926 5131 2202 5190 resurget;
2225 5119 2354 5173 dicit
2380 5117 2526 5171 enim
2553 5117 2726 5170 dese:
2764 5115 3042 5169 Excitabo.
3135 5119 3138 5122 ’
3303 5115 3308 5120 ’

2000 5212 2164 5266 Vens.
2194 5209 2286 5263 20.
2311 5208 2598 5274 Quomodo
2630 5205 3041 5274 intelligendum
3087 5223 3100 5260 :
3135 5207 3510 5282 Quadraginta

1926 5317 1974 5359 ct
2000 5319 2092 5359 sea:
2126 5304 2278 5356 (annis
2319 5299 2643 5367 ludiﬁcatum
2669 5308 2741 5351 est
2769 5299 3058 5366 templum?
3097 5299 3350 5356 Ultimam
3379 5305 3512 5359 aedi.

1928 5398 2238 5452 ficationem
2273 5401 2577 5456 memorat;
2615 5405 2740 5444 nam
2791 5389 2894 5444 sub
2931 5387 3075 5460 Cyro
3105 5392 3382 5462 inceptum
3425 5409 3512 5452 est

1926 5499 2087 5556 opus,
2121 5483 2318 5540 deinde
2357 5483 2768 5552 interruptum;
2805 5491 2992 5550 postea
3035 5498 3167 5538 vero
3200 5501 3392 5542 rursus
3425 5489 3510 5544 in.

1925 5589 2144 5649 ceptum
2177 5587 2261 5632 est
2290 5575 2394 5631 sub
2435 5574 2596 5630 Dario
2623 5593 2636 5640 ;
2667 5575 2770 5628 sub
2803 5573 3096 5632 Salomone
3121 5579 3295 5648 enim,
3319 5581 3508 5652 viginti

1927 5673 2088 5728 annis
2109 5680 2451 5727 exstructum
2486 5669 2609 5726 fuit.

2519 5760 2748 5818 CAPUT
2803 5763 2886 5820 lli.

1999 5855 2168 5914 Vens.
2199 5857 2252 5912 1.
2293 5855 2624 5916 Nicodemus
2677 5869 2838 5920 nocte
2868 5861 3036 5930 venit,
3073 5861 3298 5921 timebat
3335 5867 3506 5926 enim.

3065 5955 3146 6017 39
