4026 6410
551 376 703 438 ’1227

1311 381 1699 441 OPUSCUL.—\
1741 381 2376 444 SCRIPTURISTICA
2419 385 2768 446 INCERTJE
2811 389 3116 454 xETATIS.

3689 394 3802 462 1998

567 489 670 542 iste
699 496 782 541 est
811 487 904 557 qui
934 488 1179 557 loquitur
1205 489 1255 541 in
1278 489 1456 542 medio
1481 489 1769 558 Evangelia
1800 489 1863 542 de
1886 489 2107 544 Christo
2135 509 2146 544 :

2255 488 2420 558 Οὗτός
2467 497 2616 549 ἐστιν
2657 497 2684 548 ό
2719 497 2894 550 λαλῶν
2924 501 2982 552 ὲν
3024 501 3175 570 μέσῳ
3208 501 3301 554 τοῦ
3331 502 3664 572 Εὑαγγελίου
3693 507 3801 576 ὑπὲξ

573 585 717 639 Nam
751 587 1028 639 lcxttdstra
1054 585 1264 654 judirat
1297 585 1551 654 aliquem,
1578 587 1681 638 nisi
1714 587 1862 653 prius
1891 586 2149 639 audiverit

570 680 635 728 ab
651 678 761 746 ipso
783 676 909 746 quid
939 676 1116 728 dicat?
1151 675 1252 729 Iste
1276 691 1443 728 ausus
1466 686 1548 729 est
1567 692 1768 745 corpus
1793 686 2067 744 expetere,
2097 685 2150 729 et

569 769 736 820 altera
764 767 879 819 vice
911 764 1238 820 Nicodemus
1269 767 1401 819 dicit
1438 766 1662 820 Christo
1705 785 1718 820 :
1772 766 1941 820 Nemo
1981 777 2148 834 potest

566 860 738 927 facere
763 858 913 927 signa
956 873 1074 927 quin
1101 858 1258 927 facis,
1293 858 1394 911 uisi
1431 857 1566 910 Deus
1595 858 1756 927 fuerit
1786 875 1903 910 cum
1927 859 2041 912 illo.

636 1046 803 1101 Vsus.
829 1047 882 1101 '5.
914 1047 1054 1114 Quid
1087 1056 1200 1101 est:
1231 1045 1348 1100 Nisi
1365 1048 1482 1115 quis
1511 1057 1721 1101 renatus
1749 1047 1911 1117 fuerit
1932 1065 1996 1101 ex
2016 1047 2146 1112 alto,

565 1156 666 1192 non
694 1146 860 1202 potest
891 1139 955 1191 de
997 1154 1076 1190 me
1129 1139 1252 1191 bene
1286 1137 1564 1205 cogitare?
1605 1135 1688 1190 Ex
1733 1137 1863 1204 alto,
1897 1137 1948 1192 id
1979 1148 2082 1204 est,
2120 1153 2150 1193 c

565 1231 729 1283 creto.

640 1321 804 1374 Vens.
838 1320 1176 1383 5.11urduo,
1205 1331 1259 1372 et
1302 1333 1408 1371 non
1449 1328 1664 1371 tantum
1713 1315 2148 1384 Spiritus,snﬂi-

565 1430 692 1466 cere
713 1422 935 1482 putetur
980 1414 1044 1465 ad
1075 1411 1332 1480 liapt‘smi
1354 1428 1437 1481 pet
1455 1411 1741 1464 rectionem
1761 1411 1784 1463 ?
1801 1410 2150 1481 Compositus

564 1517 648 1560 est
672 1506 833 1559 homo
864 1514 917 1558 et
946 1521 1053 1558 non
1093 1505 1346 1572 simplex,
1383 1514 1441 1556 nt
1483 1513 1627 1558 recte
1680 1505 1914 1567 scimus;
1970 1512 2025 1557 et
2078 1503 2148 1556 ob

564 1613 686 1652 eam
722 1613 836 1651 rem
867 1597 1069 1666 duplici
1107 1605 1161 1650 et
1218 1601 1524 1662 composito
1555 1605 1788 1665 cognata
1837 1603 1888 1648 et
1945 1594 2148 1650 similia

568 1691 811 1745 remedia
841 1690 893 1742 in
923 1689 1263 1744 sanationem
1297 1689 1538 1743 adhibita
1581 1698 1744 1754 sunt;
1774 1688 1988 1758 corpori
2026 1690 2148 1758 qui-

567 1783 692 1836 dem
732 1781 960 1844 visibili,
1005 1796 1145 1849 aqua
1188 1779 1496 1846 sensibilis;
1556 1781 1755 1836 animae
1795 1795 1922 1835 vero
1954 1780 2145 1837 invisi-

565 1874 682 1938 bili,
719 1873 961 1942 Spiritus
988 1871 1372 1941 incorporalis.
1407 1871 1486 1925 Ad
1530 1871 1690 1926 ﬁdem
1722 1881 1974 1934 vocatur,
2025 1889 2147 1942 qua:

485 2021 490 2024 ,
565 1967 685 2019 sine
716 1966 883 2019 verbo
915 1965 1110 2030 datur;
1147 1979 1288 2033 aqua
1339 1972 1522 2017 autem
1569 1963 1789 2034 prodest.
1847 1964 1914 2018 ad
1962 1972 2149 2019 osten-

564 2058 798 2113 dendam
869 2055 1340 2126 puriﬁcationem;
1415 2070 1584 2125 quum
1643 2056 1791 2109 cnim
1869 2055 2147 2112 soleamus

564 2165 765 2219 corpus
827 2147 1052 2204 sordido
1091 2149 1204 2200 luto
1255 2147 1660 2211 deformatum,
1704 2162 1845 2216 aqua
1907 2147 2145 2202 lavantes

561 2240 831 2297 mundum
861 2241 1172 2305 ostendere,
1199 2239 1321 2294 ideo
1348 2249 1400 2292 et
1425 2239 1479 2293 in
1505 2239 1730 2309 mystica
1763 2239 1978 2292 actione
2005 2238 2144 2293 idem

561 2336 897 2404 suscipimus
940 2352 954 2387 :
999 2349 1055 2387 re
1092 2332 1363 2396 sensibili,
1416 2331 1758 2402 spiritualem
1807 2331 2147 2386 ostendimus

561 2428 931 2497 splendorem.
972 2424 1040 2478 Et
1092 2424 1254 2494 paulo
1288 2435 1424 2493 post.
1459 2423 1513 2478 In
1552 2439 1654 2478 usu
1703 2438 1857 2490 vero,
1893 2434 2002 2478 tres
2046 2424 2149 2476 im-

561 2515 867 2572 mersiones
902 2515 1257 2570 adhibentur.
1305 2513 1442 2569 Illud
1493 2515 1614 2569 ideo
1647 2514 1917 2584 contingit
1951 2532 1962 2567 :
1998 2513 2149 2580 Qua-

560 2625 688 2667 tuor
719 2612 987 2666 eletnenta
1017 2609 1423 2680 Cognoscimus,
1455 2623 1484 2663 e
1523 2609 1722 2678 quibus
1747 2607 1988 2663 mundus
2011 2623 2146 2662 con-

561 2715 691 2769 stat,
730 2705 931 2774 iguetu,
963 2717 1166 2766 acrem,
1217 2710 1418 2755 terram
1475 2710 1525 2754 et
1574 2716 1793 2769 aquam.
1847 2699 1989 2754 licus
2018 2713 2147 2769 ergo

564 2808 756 2852 uoster
789 2807 842 2851 et
872 2795 1122 2850 Salvator
1158 2804 1383 2864 propter
1435 2809 1534 2848 nos
1572 2793 2002 2848 incarnationem
2029 2807 2148 2861 per-

569 2894 762 2945 tlciens
803 2890 857 2943 in
884 2904 1051 2944 unum
1073 2904 1137 2942 ex
1166 2887 1249 2941 bis
1274 2899 1509 2955 quatuor
1539 2895 1739 2940 terram
1762 2884 2065 2949 descendit,
2088 2894 2149 2940 ut

568 2985 696 3038 inde
737 2983 900 3036 vitam
943 2981 1283 3050 produceret.
1325 2977 1438 3033 Nos
1466 2979 2150 3047 autembaptismum‘sns-

562 3075 830 3146 cipieutcs
872 3073 925 3127 in
955 3073 1310 3127 imitationem
1365 3071 1597 3136 Domini,
1628 3071 1872 3142 magistri
1909 3082 1964 3126 et
1992 3071 2149 3125 ducis

2255 589 2529 659 Χριστοῦ·
2568 589 2662 654 Μὴ
2703 593 2736 644 ό
2772 592 2955 660 νόμος
2981 593 3152 661 ἡμῶν
3189 594 3372 660 κρίνει
3411 595 3574 661 τινὰ,
3604 597 3704 650 ἐὰν
3739 601 3804 665 μὴ

2254 681 2490 750 ἀκούσῃ
2533 685 2824 750 πρότερον
2861 685 2918 737 τι
2959 685 3165 750 λα.ὶεῖ;
3201 681 3370 750 Οὗτος
3423 690 3524 741 καὶ
3560 690 3804 759 τολμήσας

2255 773 2496 845 ᾐτήσατο
2526 774 2587 826 τὸ
2623 774 2802 844 σῶμα.
2838 777 2950 828 Καὶ
2976 776 3164 849 ἕτερον
3189 778 3246 830 δὲ
3281 781 3307 831 ό
3341 779 3655 849 Νικόδημος
3685 781 3806 849 λέγει

2254 868 2391 937 πρὸς
2440 867 2692 936 Χριστὸν,
2735 869 2815 921 ὅτι
2879 861 3088 934 Οὐδεὶς
3132 869 3382 923 δύναται
3416 871 3487 924 τὰ
3532 872 3741 940 σημεῖα
3781 875 3808 926 ὁ

2253 958 2442 1024 ποιεῖς
2463 957 2730 1028 ποιῆσαι,
2762 960 2871 1014 ἐὰν
2896 960 2976 1029 μὴ
3006 955 3048 1031 ᾖ
3071 963 3103 1014 ό
3132 960 3276 1026 Θεὸς
3293 961 3417 1031 μετ’
3443 961 3659 1015 αὐτοῦ.

2320 1053 2386 1106 Τί
2417 1055 2590 1118 ἐστιν,
2635 1052 2778 1108 Ἐὰν
2800 1053 2886 1124 μή
2924 1072 3013 1121 τις
3047 1053 3310 1124 γεννηθῇ
3344 1054 3600 1115 ἄνωθεν,
3626 1057 3699 1108 οὐ
3727 1057 3808 1109 δύ-

2251 1160 2424 1198 ναται
2455 1145 2591 1213 περὶ
2622 1144 2771 1216 ἐμοῦ
2800 1145 3003 1212 καλῶς
3029 1145 3319 1212 δοξάσαι;
3349 1147 3425 1200 Τὸ
3465 1147 3550 1212 δὲ,
3586 1147 3808 1213 ἀνωθεν,

2251 1237 2315 1289 ἐκ
2344 1236 2439 1288 τοῦ
2474 1237 2730 1307 οὐρανοῦ.

2321 1329 2418 1382 Διὶ
2458 1330 2509 1383 τί
2534 1330 2604 1382 τά
2637 1329 2729 1383 δύο
2757 1329 2851 1384 καὶ
2880 1330 3002 1401 οὐχὶ
3035 1331 3194 1399 μόνον
3221 1331 3280 1383 τὸ
3309 1327 3537 1401 Πνεῦμα
3562 1331 3811 1403 αὔταρκες

2252 1425 2513 1497 ἐνομίσθη
2551 1425 2686 1496 πρὸς
2733 1425 2831 1494 τὴν
2866 1425 3261 1494 συμπλήρωσιν
3287 1423 3382 1475 τοῦ
3422 1423 3810 1494 βαπτίσματος,

2251 1514 2513 1578 Σύνθετος
2545 1515 2573 1567 ὁ
2607 1514 2928 1587 ἅνθρωπος,
2966 1515 3061 1568 καὶ
3089 1515 3186 1584 οὐχ
3213 1513 3449 1579 ἁπλοῦς,
3481 1514 3561 1578 ὡς
3591 1515 3814 1584 ἀκριϐῶς

2250 1607 2597 1679 ἐπιστάμεθα
2623 1623 2635 1638 ”
2669 1608 2765 1661 καὶ
2798 1607 2889 1661 διὰ
2916 1607 3076 1660 τοῦτο
3137 1607 3214 1676 τῷ
3244 1605 3416 1676 διπλῷ
3451 1605 3553 1659 καὶ
3585 1605 3812 1670 συνεζευ-

2249 1700 2436 1771 γμένῳ
2456 1700 2524 1752 τὰ
2547 1699 2782 1768 συγγενῆ
2807 1701 2900 1752 καὶ
2917 1700 3077 1768 ὅμοια
3099 1699 3367 1768 φάρμακα
3385 1696 3527 1767 πρὸς
3545 1695 3816 1768 θεραπείαν

2250 1789 2619 1861 ἀπεκληρώθη
2649 1806 2663 1819 ·
2717 1789 2929 1858 σώματι
2980 1789 3079 1859 μὲν
3121 1789 3200 1860 τῷ
3229 1790 3569 1860 φαινομένῳ,
3604 1789 3742 1858 ὓδωρ
3766 1791 3816 1841 τὸ

2256 1882 2516 1952 αἰσθητόν
2540 1897 2553 1911 ·
2601 1882 2746 1953 ψυχῇ
2779 1881 2836 1934 δὲ
2869 1885 2935 1952 τῇ
2970 1882 3207 1952 ἀοράτῳ,
3245 1879 3473 1950 Πνεῦμα
3508 1881 3571 1934 τὸ
3598 1879 3814 1948 ἀφανές.

2257 1975 2440 2030 πίστει
2489 1973 2824 2044 καλούμενον
2844 2015 2858 2038 ,
2901 1974 3157 2044 ἀρρήτως
3185 1973 3664 2045 παραγενόμενον·
3693 1971 3817 2041 ὕδωρ

2253 2070 2312 2122 δὲ
2342 2070 2639 2139 ὑπηρετεῖ,
2677 2068 2814 2138 πρὸς
2846 2066 3070 2133 ἔνδειξιν
3098 2067 3194 2138 τῆς
3228 2067 3577 2137 καθάρσεως.
3622 2066 3818 2136 Ἐπει”ἠ

2254 2164 2363 2234 γὰρ
2389 2161 2660 2232 εἰώθαμεν
2694 2162 2789 2214 καὶ
2812 2159 2968 2230 ῥύπῳ
2995 2160 3258 2231 βορϐόρου
3293 2161 3354 2214 τὺ
3384 2159 3551 2231 σῶμα
3579 2160 3817 2231 καθυϐρι-

2257 2257 2403 2320 σθὲν,
2431 2257 2584 2311 ὕδατι
2610 2258 2906 2330 ρύπτοντες
2927 2256 3164 2328 καθαρὸν
3187 2257 3512 2325 ἀποφαίνειν
3533 2270 3547 2284 ·
3575 2256 3664 2310 διὰ
3683 2255 3818 2308 τοῦτο

2256 2351 2349 2404 καὶ
2385 2350 2478 2403 ἐπὶ
2507 2353 2607 2418 τῆς
2639 2349 2909 2420 μυστικῆς
2949 2349 3204 2422 πράξεως
3240 2350 3372 2402 αὐτὸ
3404 2347 3815 2421 παραλαμϐάνο-

2258 2460 2390 2514 μεν·
2427 2443 2506 2514 τῷ
2548 2442 2793 2514 αἰσθητῷ
2821 2443 3130 2514 πράγματι,
3168 2442 3264 2513 τὴν
3298 2442 3600 2513 ἀσώματον
3625 2442 3816 2512 δηλοῦν-

2255 2553 2344 2598 τες
2381 2534 2760 2607 λαμπρότητα.
2793 2535 2898 2590 Καὶ
2932 2535 3060 2604 μετ’
3108 2532 3312 2602 ὀλίγα·
3349 2535 3496 2607 Πρὸς
3535 2536 3593 2589 δὲ
3625 2535 3813 2606 χρείαν,

2255 2627 2311 2678 αἱ
2359 2626 2509 2696 τρεῖς
2545 2625 2870 2688 καταδύσεις
2904 2625 3428 2696 παραλαμβάνονται
3454 2641 3468 2653 °
3520 2625 3678 2678 τοῦτο
3708 2642 3812 2692 τυγ-

2254 2717 2408 2786 χάνει
2429 2732 2442 2744 ·
2492 2716 2747 2790 Τέσσαρα
2779 2718 3016 2787 στοιχεῖα
3045 2716 3408 2787 γνωρίζομεν,
3440 2718 3541 2786 ἀφ’
3572 2711 3645 2771 ὧν
3684 2719 3709 2770 ὁ
3735 2717 3813 2768 κό-

2257 2827 2391 2881 σμος
2424 2811 2537 2881 ἔχει
2584 2809 2684 2880 τὴν
2739 2810 3021 2870 σὺστασιν,
3061 2808 3194 2879 πῦρ,
3231 2810 3363 2880 ἀὴρ,
3394 2809 3492 2878 γῆ,
3533 2810 3627 2862 καὶ
3667 2809 3810 2878 ὕδωρ.

2266 2903 2326 2957 ’0
2373 2902 2554 2955 τοίνυν
2574 2902 2741 2965 ιΘεὸς
2772 2902 2929 2972 ἡμῶν
2976 2904 3068 2954 καὶ
3115 2899 3310 2972 Σωτὴρ
3347 2900 3446 2971 τὴν
3495 2902 3638 2971 ὑπὲρ
3674 2901 3810 2970 ἡμῶν

2254 2994 2569 3060 οἰκονομίαν
2603 2994 2849 3065 πληρῶν,
2880 2995 2939 3048 τὸ
2971 2994 3227 3063 τέταρτον
3257 2993 3465 3047 τούτων
3499 2993 3701 3064 ὑπῆλθε
3728 2995 3808 3063 τὴν

2253 3087 2393 3156 γῆν,
2423 3085 2490 3138 ἶν’
2527 3087 2740 3140 ἐκεῖθεν
2776 3088 2877 3156 τὴν
2924 3087 3070 3158 ζωὴν
3125 3087 3382 3158 ἀνατείλῃ
3407 3105 3420 3116 ο
3472 3089 3635 3158 ἡμεῖς
3680 3087 3731 3140 δὲ
3763 3087 3811 3137 τὸ

567 3165 764 3229 nostri,
802 3179 909 3217 non
963 3165 1017 3216 in
1054 3173 1196 3217 terra
1239 3162 1456 3232 quidem
1502 3163 1836 3231 scpelimnr;
1873 3162 1960 3215 illa
1994 3163 2140 3215 enim

2257 3179 2542 3249 βάπτισμα
2571 3179 3093 3249 παραλαμϐάνοντες
3123 3180 3202 3243 εἰς
3236 3179 3469 3248 μίμησιν
3502 3178 3599 3232 τοῦ
3631 3178 3809 3248 Κυρίου

563 3256 766 3311 mortui
799 3264 1009 3308 tantum
1043 3255 1295 3322 corporis
1347 3254 1611 3307 habitatio
1656 3253 1736 3318 lit,
1768 3253 2142 3308 infirmitatem

563 3359 619 3402 et
661 3347 1068 3417 corruptionem
1123 3356 1324 3400 nostra:
1372 3356 1582 3400 natura:
1613 3346 1886 3414 operiens.
1931 3345 2039 3400 Sed
2092 3344 2145 3399 iu

564 3453 856 3510 cognatum
899 3448 1060 3493 terrae
1091 3439 1425 3492 elementum
1473 3453 1672 3507 aquam
1726 3438 2015 3504 intrantes,
2056 3437 2148 3491 illa

564 3543 781 3589 nosmet
804 3533 1170 3596 occultatuus,
1209 3540 1268 3585 ut
1299 3528 1554 3584 Salvator
1582 3539 1766 3598 terra;
1801 3541 1854 3586 et
1877 3541 1958 3585 ter
1990 3531 2036 3584 id
2071 3532 2149 3584 fa-

562 3627 795 3690 cientes,
830 3625 1000 3678 trium
1033 3623 1249 3678 dierum
1291 3623 1412 3694 ejus
1454 3624 1882 3679 resurrectionis
1915 3623 2144 3694 gratiam

562 3717 866 3771 imitamur.

646 3996 810 4052 Vens.
839 3997 892 4050 6.
935 3992 1076 4060 Quid
1123 4000 1208 4048 est
1247 4009 1262 4047 2
1295 3991 1450 4057 Quod
1487 4001 1675 4047 natum
1728 4001 1806 4048 est
1857 4010 1884 4048 e
1909 3990 2144 4064 Spiritu,

562 4089 784 4159 spiritus
809 4086 934 4142 est?
985 4085 1062 4140 lbi
1099 4085 1439 4140 nativitatem
1497 4087 1797 4141 secundum
1833 4087 2062 4158 gloriam
2093 4096 2148 4142 et

561 4183 793 4253 gratiam
827 4181 961 4235 dicit
1013 4195 1110 4250 per
1133 4179 1388 4250 baptismi
1440 4181 1907 4251 regenerationem
1963 4190 2018 4236 et
2046 4181 2144 4235 ad-

563 4276 868 4346 optionem.

637 4367 799 4422 Vens.
839 4367 894 4420 8.
929 4364 1042 4420 Cur
1065 4365 1377 4436 exetuplum
1440 4364 1596 4420 aﬂ‘ert
1626 4365 1816 4421 dicens
1851 4384 1866 4420 :
1911 4363 2144 4434 Spiritus

563 4460 652 4514 ubi
677 4460 784 4514 vult
809 4459 1000 4528 spirat,
1035 4467 1084 4512 et
1118 4474 1293 4512 vocem
1323 4458 1436 4527 ejus
1467 4456 1650 4522 audis,
1681 4458 1771 4512 sed
1803 4460 1969 4512 nescis
2006 4457 2146 4511 unde

2251 3273 2345 3326 καὶ
2373 3271 2696 3325 διδασκάλου
2732 3273 2827 3323 καὶ
2855 3270 3233 3340 καθηγεμόνος
3262 3271 3441 3340 ἡμῶν,
3475 3273 3558 3335 εἰς
3595 3272 3693 3341 γῆν
3727 3269 3807 3338 μὲν

2250 3364 2312 3416 οὐ
2346 3363 2666 3433 θαπτόμεθα
2691 3378 2704 3392 ·
2742 3362 2880 3432 αὑτὴ
2924 3362 3035 3432 γὰρ
3083 3362 3178 3415 τοῦ
3230 3363 3607 3433 νεκρωθέντος
3647 3380 3809 3416 παντε·

2252 3456 2359 3519 λῶς
2399 3455 2650 3526 σώματος
2679 3456 2885 3523 γίνεται
2916 3457 3114 3526 σκέπη,
3141 3457 3240 3524 τὴν
3264 3455 3556 3510 ἀσθένειαν
3585 3458 3675 3510 καὶ
3702 3457 3806 3525 φθο-

2255 3549 2354 3620 ρὰν
2396 3549 2496 3618 τῆς
2543 3548 2758 3618 φύσεως
2805 3549 2962 3620 ἡμῶν
3005 3548 3463 3620 περιστέλλουσα·
3511 3551 3604 3603 ἐπὶ
3643 3551 3695 3602 δὲ
3727 3549 3805 3615 τῆς

2251 3641 2357 3710 γῆς
2378 3641 2438 3691 τὸ
2461 3640 2720 3708 συγγενὲς
2751 3642 3015 3710 στοιχεῖον
3045 3639 3106 3692 τὸ
3137 3639 3279 3709 ὕδωρ
3305 3639 3618 3710 ἐρχόμενοι,
3642 3638 3805 3706 ἐκείνῳ

2251 3732 2479 3795 ἑαυτοὺς
2521 3732 2924 3804 ὲγκρὺπτομεν,
2957 3732 3030 3794 ὡς
3063 3735 3091 3786 ό
3119 3733 3308 3804 Σωτὴρ
3337 3735 3403 3804 τῇ
3437 3736 3511 3804 γῇ
3540 3749 3554 3762 °
3599 3733 3687 3784 ml
3707 3729 3804 3800 τρί-

2250 3841 2341 3877 τον
2388 3814 2546 3876 τόῦτο
2595 3823 2927 3893 ποιήσαντες
2951 3865 2964 3886 ,
2997 3823 3096 3894 τὴν
3126 3824 3426 3896 τριήμερον
3454 3825 3559 3894 τῆς
3596 3822 3806 3878 ἀνάστα·

2251 3931 2389 3978 σεως
2417 3914 2578 3984 χάριν
2609 3912 3026 3983 ὲξεικονίζομεν.

2321 4005 2388 4056 Τί
2421 4005 2558 4057 ἐστι’
2614 4004 2685 4059 Τὸ
2718 4003 3157 4074 γεγεννημένον
3201 4004 3270 4058 ἐκ
3314 4003 3420 4058 τοῦ
3464 3993 3798 4076 Πνεῦματος,

2249 4094 2486 4166 πνεῦμά
2529 4095 2698 4160 eam;
2739 4097 2996 4167 Γέννησιν
3034 4095 3304 4157 ἐνταῦθα.
3347 4099 3444 4168 τὴν
3483 4098 3624 4152 κατὰ
3662 4093 3800 4165 τιμὴν

2249 4188 2345 4240 καὶ
2376 4188 2538 4261 χάριν
2581 4188 2727 4256 λέγει
2771 4188 2860 4241 διὰ
2904 4187 2999 4241 τοῦ
3045 4187 3419 4259 βαπτίσματος
3469 4189 3800 4258 ἀναγέννησιν

2249 4281 2344 4334 καὶ
2372 4279 2666 4339 υἱοθεσίαν.

2320 4371 2420 4424 Διὰ
2440 4371 2492 4424 τί
2517 4371 2671 4442 φέρει
2701 4371 3045 4442 παράδειγμα
3067 4371 3240 4442 λέγων
3261 4389 3276 4402 ο
3304 4373 3376 4428 Τὸ
3404 4374 3646 4444 Πνεῦμα
3671 4371 3799 4425 ὅπου

2249 4462 2409 4517 θέλει
2441 4464 2599 4528 πνεῖ,
2649 4465 2749 4519 καὶ
2794 4465 2909 4533 τὴν
2947 4466 3160 4537 φωνὴν
3199 4467 3388 4520 αὑτοῦ
3417 4467 3675 4531 ἀκούεις,
3709 4463 3797 4517 οὐκ

561 4555 734 4608 veniat
780 4564 830 4608 et
883 4568 986 4622 quo
1029 4551 1224 4605 vadat?
1273 4550 1423 4606 Talis
1457 4561 1542 4606 est
1587 4551 1688 4606 ista
1737 4551 2004 4606 sententia
2038 4569 2051 4604 :
2087 4549 2142 4604 Si

2251 4553 2416 4622 οἶδας
2450 4556 2518 4610 δὲ
2543 4558 2728 4611 πόθεν
2761 4557 2998 4626 ἔρχεται
3031 4558 3131 4612 καὶ
3160 4557 3278 4619 ποῦ
3303 4558 3554 4625 ﬁnirat;
3587 4559 3729 4610 Ἔστι
3752 4550 3795 4606 δὲ

562 4649 734 4712 cuitu,
769 4647 867 4711 ait,
894 4644 1040 4698 venti
1072 4643 1229 4712 cuius
1260 4645 1578 4699 sensatione
1612 4645 1857 4698 auditqu
1886 4645 2144 4714 percipis;

560 4740 670 4791 vim
699 4738 974 4806 explicare
1001 4737 1204 4796 nescis,
1229 4735 1508 4804 quomodo
1545 4736 1712 4790 divini
1749 4736 1985 4804 Spiritus
2017 4753 2142 4805 ope-

560 4831 830 4886 rationem
857 4827 1149 4883 conaberis
1187 4826 1525 4896 intelligere?

636 5012 804 5067 Vens.
833 5008 921 5072 10.
956 5007 1018 5063 Si
1044 5017 1251 5062 terrena
1285 5009 1400 5062 dimi
1433 5007 1574 5061 vobis
1604 5016 1654 5061 et
1681 5024 1785 5062 non
1816 5007 2036 5060 creditis
2065 5007 2141 5072 (id

561 5115 644 5158 est
673 5147 686 5170 ,
718 5103 788 5156 de
841 5100 1116 5170 baptismo
1157 5111 1211 5154 et
1249 5101 1316 5154 de
1351 5099 1634 5152 nativitate
1673 5099 1974 5152 secundum
2018 5114 2143 5167 gra-

561 5197 717 5264 tiam)
745 5191 1056 5258 :Qtto.-nodo
1085 5191 1131 5244 si
1169 5191 1354 5243 dixero
1385 5191 1527 5244 vobis
1555 5190 1784 5244 caelestia
1813 5189 1886 5260 (id
1917 5197 1999 5244 cst
2020 5231 2034 5249 ,
2073 5191 2142 5243 dc

562 5287 820 5343 inell'abili
852 5285 1253 5355 generatione)?
1269 5284 1372 5337 Alii
1409 5294 1591 5338 autem
1631 5293 1905 5337 terrenum
1939 5283 2144 5337 intelli-

559 5383 774 5449 guntdc
807 5377 953 5431 venti
982 5378 1332 5446 operatione;
1369 5376 1414 5429 si
1445 5367 1574 5430 vero
1607 5377 1936 5446 baptismum
1967 5385 2141 5429 terre-

561 5489 688 5525 num
723 5473 876 5534 dicit,
910 5471 990 5524 vel
1015 5471 1144 5539 quia
1177 5471 1228 5522 in
1267 5477 1408 5522 terra
1433 5469 1729 5536 perlicitur,
1758 5469 1839 5523 vel
1866 5484 1960 5538 per
1993 5484 2139 5522 COIII-

561 5566 900 5632 parationem
937 5565 1146 5618 cwlcsti
1175 5563 1347 5632 ipsius
1383 5563 1744 5632 generatioui.

636 5741 800 5797 Vsus.
833 5745 915 5796 15.
952 5744 1063 5798 Cur
1089 5746 1226 5821 divit
1259 5763 1270 5796 :
1309 5744 1475 5796 Nemo
1534 5746 1772 5798 ascendit
1822 5745 1876 5798 in
1932 5745 2138 5812 cwlttm,

568 5833 768 5900 nisiqui
797 5837 1060 5889 descendit
1085 5839 1144 5890 de
1163 5837 1330 5891 calo?
1359 5835 1424 5890 Ut
1449 5835 1805 5892 Nicodemum
1829 5841 2144 5895 emendaret

2246 4649 2307 4701 τὸ
2331 4651 2510 4720 νόημα
2551 4650 2791 4703 τοιοῦτον
2812 4667 2824 4678 ·
2860 4651 2922 4703 Εἰ
2957 4651 3084 4723 γὰρ,
3120 4651 3276 4720 φησὶ,
3303 4649 3399 4704 τοῦ
3429 4641 3722 4721 ἀνέμου,οὗ
3745 4647 3793 4713 τῇ

2248 4743 2498 4812 αἰσθήσει
2528 4742 2659 4814 δέχῃ
2700 4742 2799 4814 τὴν
2836 4744 3028 4813 ἀκοὴν,
3066 4743 3164 4813 τὴν
3193 4743 3370 4814 ὁρμὴν
3403 4743 3457 4796 δὲ
3489 4739 3796 4815 ἑρμηνεῦσαι

2246 4835 2348 4887 οὐκ
2382 4831 2553 4901 οἶδας,
2587 4835 2704 4898 πῶς
2742 4836 2839 4903 τὴν
2867 4836 2975 4889 ἀπὸ
3012 4837 3106 4888 τοῦ
3149 4837 3295 4888 θείου
3330 4835 3641 4906 ίῐνεύματος
3666 4831 3791 4898 ἐνέρο

2249 4943 2404 4992 γειαν
2435 4942 2502 4977 πε
2513 4943 2592 4993 ριε
2604 4926 2781 4998 ργάζῃ
2817 4927 3008 4997 νοῆσαι
3029 4945 3045 4991 ;

2321 5019 2390 5068 El
2426 5017 2500 5070 τὰ
2545 5016 2777 5084 ἐπίγεια
2814 5013 2990 5071 εἶπον
3029 5018 3206 5086 ὑμῖν,
3255 5017 3353 5071 καί
3393 5019 3464 5071 οὺ
3511 5013 3792 5069 πιστεύετε

2251 5108 2564 5174 (τουτέστι,
2623 5111 2754 5177 περὶ
2809 5111 2902 5163 τοῦ
2953 5111 3334 5181 βαπτίσματος
3389 5111 3485 5162 καὶ
3533 5109 3628 5178 τῆς
3679 5102 3793 5159 uati

2248 5201 2410 5270 Χάριν
2449 5202 2758 5270 γεννήσεως
2776 5202 2826 5272 )i‘
2869 5203 2994 5268 πῶς
3034 5203 3142 5256 ἐὰν
3172 5204 3319 5256 εἴπω
3356 5202 3500 5271 ὑμῖν
3545 5202 3614 5254 τὰ
3640 5200 3792 5252 ἐπον-

2240 5291 2422 5358 ράνια
2454 5292 2748 5361 (τουτέστι,
2782 5294 2910 5362 περὶ
2937 5294 3036 5361 τῆς
3066 5291 3519 5364 ἁπορῤήτουλκαὶ
3544 5288 3790 5358 ἀφράστῡυ

2249 5384 2616 5454 γεννήσεως).;
2665 5385 2851 5437 ’Ἄλλοι
2879 5385 2936 5438 δὲ
2987 5385 3047 5436 τὸ
3097 5385 3370 5453 ἐπίγειον,
3418 5384 3546 5453 περὶ
3587 5381 3677 5448 τῆς
3711 5372 3788 5425 τοὖ

2247 5474 2448 5544 ἀνέμου
2484 5476 2766 5545 ἐνεργείας
2799 5475 3032 5529 νοοῦσιν.
3067 5478 3128 5528 Ei
3166 5476 3221 5529 δὲ
3257 5480 3317 5528 τὸ
3358 5474 3656 5543 βάπτισμα,
3693 5463 3788 5519 ἐπί·

2249 5583 2396 5632 γειον
2441 5566 2612 5633 λέγει,
2647 5566 2678 5635 ἢ
2717 5564 2805 5620 διὰ
2851 5567 2910 5620 τὸ
2945 5571 3002 5620 ἐν
3047 5572 3113 5639 τῇ
3147 5570 3216 5638 γῇ
3263 5567 3564 5631 τελεῖσθαι,
3607 5564 3636 5634 ἢ
3679 5556 3785 5629 πρὸς

2251 5659 2538 5728 σύγκρισιν
2574 5659 2674 5725 τῆς
2704 5661 2913 5714 ἄνωθεν
2943 5661 3111 5714 αὐτοῦ
3139 5662 3468 5730 γεννήσεως.

2319 5751 2417 5803 Διὰ
2470 5752 2522 5801 τί
2585 5749 2705 5803 εἷπε
2760 5753 2859 5818 τὸ,
2905 5754 3116 5822 Οὐδεὶς
3173 5753 3539 5819 ἀναϐέϐηκεν
3577 5751 3655 5814 είς
3701 5741 3781 5796 τεν

2249 5841 2542 5910 οὐρανὸν,
2580 5846 2632 5896 εὶ
2657 5843 2744 5914 μὴ
2777 5847 2807 5897 ὁ
2845 5847 2910 5899 ἐκ
2944 5847 3050 5900 τοῦ
3083 5847 3344 5913 οὐρανοῦ
3374 5841 3652 5908 καταὸἀς;
3693 5835 3783 5889 Ἰνσ
