4026 6420
273 351 413 417 1229

1310 345 1658 412 .SC'iOLIA
1689 345 1988 412 VETERA
2019 344 2104 408 ΙΝ
2133 343 2510 408 JOANNEM.

3391 336 3528 400 12130

269 463 366 516 τὸν
423 459 733 532 Νικὸδημον
793 460 1189 531 διορθώσηται,
1251 459 1377 513 ἐπεὶ
1430 461 1637 523 ἐκεῖνος
1666 454 1840 522 εἶπεν,

1986 474 2073 512 um
2095 457 2184 512 ille
2201 455 2433 510 dixerit:
2460 453 2670 508 Scimus
2693 453 2817 524 quia
2842 470 2873 505 (ι
2900 451 3005 507 Deo
3028 451 3212 505 venisti
3253 453 3527 522 magister.

265 557 352 609 ὅτι
397 555 532 608 Ἀπὸ
592 555 741 608 Θεοῦ
781 554 1086 620 ἐλήλυθας
1125 550 1516 618 διδάσκαλος.
1557 550 1846 604 Ἐκκόπτει

268 647 368 701 οὖν
401 646 566 700 αὑτοῦ
607 646 668 701 τὸ
704 647 959 717 φρόνημα
990 647 1069 709 εἰς
1105 645 1167 698 τὸ
1214 645 1289 716 μὴ
1318 643 1462 714 ἔχειν
1503 644 1666 697 αὐτὸν
1703 643 1844 696 διδά-

270 733 495 796 σέιαλον.

345 832 445 884 Διά
500 831 553 884 τί
619 825 780 883 εἷπε·
831 828 940 884 Καὶ
982 828 1171 894 καθὼς
1221 825 1446 894 Μωσῆς
1487 826 1696 893 ὕειτωσε
1743 825 1850 877 τὸν

267 929 412 997 ὄφιν
437 929 508 981 ἐν
543 927 618 995 τῇ
649 926 883 995 ἐρήμου
915 924 1137 996 Πρῶτον
1169 923 1267 992 μὲν
1287 963 1303 987 ,
1344 922 1433 974 ἵνα
1461 919 1724 990 μάθωμεν
1766 918 1850 971 ὅτι

268 1018 516 1088 συγγενῆ
541 1017 611 1070 τὰ
633 1015 842 1070 παλαιά
866 1018 977 1079 τοῖς
1001 1016 1142 1078 νέοις
1165 1052 1179 1078 ,
1206 1013 1302 1066 καὶ
1331 1012 1417 1065 ἵνα
1438 1011 1659 1080 γνῶμεν
1681 1011 1763 1062 ὅτι
1789 1009 1851 1062 οῦ

267 1109 476 1162 κακόν·
535 1108 726 1160 ἔπειτα
777 1107 860 1161 ὅτι
914 1107 964 1158 εί
1011 1106 1147 1174 πρὸς
1196 1104 1382 1156 είκόνα
1423 1102 1632 1172 χαλκῆν
1676 1101 1853 1170 ὄφεως

271 1200 569 1271 βλέποντες
617 1201 668 1252 οἱ
733 1199 978 1252 Ἰουδαῖοι
1030 1197 1288 1269 διέφυγον
1355 1194 1621 1256 θάνατον,
1674 1191 1855 1260 πολλῴ

272 1291 482 1362 μᾶλλον
539 1293 622 1354 εἰς
689 1291 780 1344 τὸν
843 1287 1262 1359 ἐσταυρωμένον
1324 1284 1695 1344 πιστεύοντες.
1758 1281 1858 1334 Διὰ

267 1385 434 1438 τοῦτο
462 1386 742 1454 ἐπήγαγεν
766 1399 780 1415 ο
815 1383 951 1438 Ἵνα
981 1381 1100 1446 πᾶς
1129 1383 1162 1434 ό
1201 1378 1504 1432 πιστεύων
1529 1379 1615 1442 εὶς
1647 1373 1856 1441 αὐτὸν,

266 1475 358 1544 μὴ
389 1476 708 1543 ἀπόληται.

348 1567 421 1620 Τὸ
445 1605 460 1632 ,
493 1568 616 1620 Οὐκ
639 1566 964 1621 ἀπέστειλε
999 1567 1122 1620 τὸν
1164 1565 1301 1620 Υίὸν
1325 1563 1515 1619 αὑτοῦ
1550 1563 1650 1616 ἵνα
1685 1563 1860 1631 κρίνῃ

271 1661 379 1715 τὸν
415 1661 669 1730 κόσμον,
693 1660 830 1715 ἀλλ’
860 1660 962 1716 ἵνα
990 1663 1163 1729 σώσῃ
1191 1659 1298 1713 τὸν
1321 1660 1556 1726 κόσμον
1579 1673 1592 1686 °
1625 1656 1722 1727 τὴν
1753 1657 1861 1727 γάρ

273 1754 486 1822 κρίσιν,
517 1753 706 1825 φησὶν,
731 1753 790 1806 ὲν
822 1756 888 1824 τῇ
916 1753 1150 1825 δευτέρᾳ
1178 1751 1387 1806 ἐλεύσει
1409 1751 1490 1804 δεῖ
1520 1750 1788 1817 γενέσθαι.

361 1847 426 1899 '0
469 1846 771 1899 πιστεύων
809 1847 896 1910 είς
939 1845 1048 1899 τὸν
1104 1845 1274 1910 Πὸν,
1315 1845 1388 1900 οὐ
1431 1844 1714 1911 κρίνεται.
1760 1843 1862 1894 Φυ-

269 1938 493 1992 λάττων
521 1936 764 2008 δηλονότι
797 1937 894 1990 καὶ
926 1936 1026 2002 τὰς
1061 1936 1272 1989 ἐκείνου
1306 1935 1551 1998 ἐντολάς.
1595 1932 1863 1986 Ἐνταῦθα

273 2032 342 2085 δὲ
398 2032 496 2095 τὸ,
542 2031 618 2085 Οὐ
659 2030 1083 2101 κατακρίνεται,
1137 2032 1373 2100 νοήσεις.
1438 2028 1496 2080 '0
1543 2025 1612 2080 δὲ
1638 2025 1724 2096 μὴ
1769 2043 1868 2079 πι-

273 2125 554 2187 στεύων,
598 2122 716 2192 ἤδη
767 2122 1052 2190 κέκριται.
1102 2121 1263 2188 Πῶς;
1299 2121 1421 2175 Ὀτι
1473 2120 1606 2178 αὐτὸ
1639 2120 1700 2172 τὸ
1739 2120 1868 2173 ἁπι-

285 2219 458 2280 στείν,
490 2215 714 2280 κόλασίς
741 2218 879 2281 ἐστι,
909 2219 976 2286 τῇ
1000 2214 1095 2271 τοῦ
1138 2217 1463 2286 πράγματος
1505 2213 1867 2276 καταδικαζόο

281 2325 452 2380 μενος
505 2307 701 2377 φύσει·
756 2307 948 2378 ὥσπερ
981 2309 1009 2362 ὁ
1065 2308 1298 2376 φονεὺς,
1334 2308 1430 2359 καὶ
1475 2304 1550 2377 μὴ
1593 2304 1871 2376 κρίνοντὸς

284 2419 435 2464 τινος
476 2401 551 2473 μὴ
593 2399 1005 2472 καταδικασθῇ,
1048 2402 1116 2472 τῇ
1143 2398 1237 2454 τοῦ
1274 2401 1604 2471 πράγματος
1637 2397 1872 2452 καταδε-

286 2494 544 2547 δίκασται
579 2493 758 2563 φύσει.

379 2585 432 2637 '0
458 2584 647 2640 ποιῶν
683 2583 797 2654 τὴν
826 2585 1141 2652 ἀλήθειαν,
1179 2582 1416 2651 ἔρχεται
1443 2581 1594 2650 πρὸς
1625 2582 1692 2636 τὸ
1726 2579 1873 2650 φῶς.

307 2676 367 2730 Ὀ
395 2676 474 2747 τῷ
502 2676 918 2748 Χριστιανισμῷ
949 2677 1300 2747 προστρέχων
1325 2675 1590 2746 δηλονότι.

368 2770 467 2822 Διὰ
493 2769 587 2822 τοῦ
623 2770 820 2831 εἰπεῖν,
844 2769 948 2834 ὅτι,
981 2769 1144 2822 Μετὰ
1175 2767 1363 2822 ταῦτα
1393 2765 1652 2832 ἐξῆλθεν
1685 2767 1718 2819 ὁ
1768 2767 1878 2831 Ἰη-

293 2861 448 2927 σοῦς
476 2864 563 2930 εἰς
585 2860 701 2931 τὴν
739 2859 1044 2914 Ἰουδαίαν
1074 2859 1213 2930 γῆν,
1247 2860 1522 2913 δείκνυσιν
1551 2859 1634 2928 ὅτι
1665 2859 1723 2910 ὲν
1756 2860 1878 2921 ταῖς

295 2952 346 3004 ές
360 2955 514 3022 ρταίς
547 2953 627 3016 εἰς
652 2951 754 3024 τὴν
794 2949 949 3004 πόλιν
981 2949 1135 3021 ἀνῄει
1177 2949 1275 3002 καὶ
1311 2947 1584 3001 διδάσκειν
1617 2946 1712 2998 καὶ
1751 2944 1879 2997 θαυ-

298 3047 658 3118 ματουργεῖν.
1396 3027 1405 3035 ’

373 3139 496 3192 Ὅτι
533 3139 626 3191 καὶ
661 3138 712 3191 oi
741 3136 982 3208 μαθηταὶ
1019 3134 1114 3190 καὶ
1142 3136 1171 3188 ὁ
1216 3133 1470 3203 Ἰωάννης
1503 3129 1787 3193 ὲϐάπτιζε,
1817 3128 1878 3181 τὸ

295 3234 356 3288 δὲ
383 3233 537 3298 τέλος
561 3231 799 3286 ἐπετίθει
826 3230 1060 3299 Χριστὸς
1081 3229 1142 3282 τὸ
1169 3227 1396 3298 Πνεῦμα
1425 3225 1805 3296 χαριζόμενος.

374 3326 441 3378 Τί
476 3323 733 3396 σημαίνει
763 3323 797 3393 ὴ
830 3321 1098 3392 λεγομένη
1129 3320 1358 3389 ζήτησις
1388 3320 1452 3371 ὲκ
1486 3317 1595 3369 τῶν
1622 3317 1880 3386 μαθητῶν

310 3417 563 3472 Ἰωάννου
617 3416 754 3486 πρός
801 3433 924 3468 τινα
996 3413 1251 3466 Ἰουδαῖον
1309 3411 1440 3479 περὶ
1489 3409 1878 3479 καθαρισμοῦ;

301 3509 418 3579 Τὴν
459 3507 792 3578 ζηλοτυπίαν
837 3505 1017 3560 αὐτῶν
1051 3505 1118 3575 ἢν
1149 3499 1294 3574 εἶχον
1325 3503 1412 3556 ἀεὶ
1448 3501 1583 3572 πρὸς
1628 3501 1756 3563 τοὺς
1787 3500 1878 3552 τοῦ

303 3601 544 3674 Χριστοῦ
574 3601 823 3673 μαθητὰς
843 3600 981 3668 πρὸς
1012 3597 1174 3651 αὐτόν
1202 3614 1263 3649 τε
1284 3595 1374 3648 τὸν
1398 3593 1656 3666 Χριστὸν,
1685 3592 1764 3655 ὡς
1785 3590 1880 3644 τοῦ

305 3695 460 3763 παρὰ
514 3693 694 3748 αὐτῶν
739 3693 1117 3763 βαπτίσματος
1166 3687 1326 3742 πλέον
1375 3685 1590 3757 ἔχοντος
1635 3684 1746 3738 τῶν
1788 3683 1882 3736 τοῦ

305 3786 542 3855 Χριστοῦ
573 3785 833 3857 μαθητῶν
854 3799 868 3812 ⁶
901 3785 983 3837 ὅτι
1010 3784 1067 3836 δὲ
1095 3780 1255 3834 τοῦτό
1283 3782 1424 3844 ἐστι,
1461 3777 1532 3832 τὰ
1560 3775 1687 3846 ἑξῆς
1711 3776 1882 3844 δηλοῖ.

301 3879 508 3934 *Ηλθον
536 3879 646 3950 γὰρ
674 3876 810 3948 πρὸς
843 3874 934 3928 τὸν
961 3874 1215 3942 Ἰωάννην
1244 3872 1524 3939 λέγοντες·
1561 3865 1784 3930 Ῥαόὄί,
1817 3865 1885 3930 ὃς

303 3971 388 4044 ἦν
428 3972 579 4042 μετὰ
621 3967 773 4034 σοῦ,
814 3966 1094 4020 τουτέστιν
1143 3965 1202 4028 ὃς
1241 3965 1395 4030 τάξιν
1438 3962 1550 4032 ἔχει
1605 3956 1883 4031 μαθητοῦ,

305 4063 612 4134 ἀποσχίσας
644 4058 943 4128 βαπτίζει·
993 4059 1114 4113 ἀντὶ
1143 4056 1256 4121 τοῦ,
1292 4049 1366 4126 ’ᾯ
1405 4053 1486 4107 σὺ
1516 4051 1887 4122 μεμαρτύρη-

305 4175 442 4224 κας,
473 4157 595 4210 ἀντὶ
626 4154 746 4219 τοῦ,
779 4155 876 4206 Ὃν
908 4154 972 4206 σὺ
998 4151 1321 4212 sumam.

381 4340 447 4392 Τί
485 4340 602 4392 ἐστι
643 4337 726 4401 τὸ,
758 4332 922 4403 Χιιρᾷ
967 4334 1186 4403 xm’pw;
1221 4329 1319 4384 Διὶ
1363 4329 1424 4381 τὸ
1453 4329 1518 4381 ὲκ
1565 4327 1667 4397 τῆς
1701 4327 1887 4396 φωνῆς

306 4432 404 4486 τοῦ
431 4431 686 4502 Νυμφίου
719 4428 818 4498 τὴν
851 4427 1092 4496 Νύμφην
1127 4423 1446 4490 ἐπιγνῶναι·
1475 4420 1659 4475 αὐτόν.
1703 4421 1767 4471 ’Ὁ
1797 4418 1888 4470 λέο

1952 552 2118 606 ΤοΙΙίι
2149 550 2312 620 igitur
2341 549 2463 618 ejus
2499 547 2815 617 superbiam
2864 548 2916 599 in
2955 561 3063 599 non
3095 544 3348 600 habendo
3399 561 3527 598 eum

1954 642 2299 713 magistrum.

2025 824 2192 879 Vens.
2225 824 2310 878 H.
2342 822 2454 878 Cur
2484 823 2619 877 dixit
2652 845 2662 877 :
2689 820 2837 876 Sicut
2884 819 3091 890 Moyses
3123 819 3378 874 exultavit
3422 835 3535 872 ser-

1953 927 2158 988 pentem
2186 918 2238 971 iu
2269 917 2522 970 deserto?
2556 914 2738 972 Primo
2764 914 3012 985 quidem,
3043 922 3103 968 ut
3131 913 3415 968 discamus
3440 929 3537 969 co-

1955 1021 2116 1082 gnata
2139 1025 2262 1065 esse
2293 1019 2474 1063 vetera
2517 1024 2812 1073 novorum,
2845 1017 2898 1061 et
2939 1019 2997 1061 ut
3035 1021 3438 1076 cognoscamus
3481 1007 3534 1060 id

1957 1121 2066 1160 non
2101 1105 2302 1158 malum
2337 1104 2545 1170 fuisse;
2587 1103 2784 1156 deinde
2816 1103 2860 1157 si
2895 1102 2962 1155 ad
3003 1101 3298 1169 imaginem
3335 1116 3535 1155 aeream

1958 1197 2232 1267 serpentis
2258 1197 2588 1266 aspicientes
2611 1193 2785 1249 Judaei
2811 1203 3041 1248 mortem
3069 1193 3333 1256 vitabant,
3365 1192 3540 1245 multo

1959 1291 2134 1361 magis
2169 1289 2261 1359 qui
2308 1289 2363 1342 in
2417 1288 2740 1342 cruciﬁxum
2791 1287 3052 1352 credunt;
3115 1286 3234 1342 ideo
3279 1285 3480 1355 adjecit
3525 1303 3538 1338 :

1964 1383 2033 1440 Ut
2065 1384 2232 1438 omnis
2249 1381 2338 1450 qui
2373 1381 2537 1434 credit
2557 1382 2608 1433 in
2636 1396 2751 1434 eum
2787 1396 2885 1432 ιιοιι
2910 1389 3110 1448 pereat.

1991 1589 2005 1611 ο
2034 1569 2196 1625 Vsus.
2235 1569 2324 1623 17.
2373 1566 2497 1621 Non
2537 1567 2682 1620 misit
2742 1564 2946 1618 Filium
3029 1583 3183 1619 suum
3231 1576 3288 1619 tu
3339 1567 3543 1636 judicet

1967 1661 2245 1726 mundum,
2275 1660 2367 1714 sed
2427 1667 2486 1712 ut
2535 1657 2702 1711 σαίνει
2758 1656 3033 1710 mundum.
3073 1655 3348 1712 iudicium
3373 1660 3544 1721 enim,

1967 1753 2165 1824 inquit,
2200 1753 2253 1806 in
2281 1751 2527 1806 secundo
2566 1751 2798 1804 adventu
2830 1757 3047 1819 oportet
3072 1749 3210 1804 lieri.

2039 1848 2204 1901 Vnus.
2240 1847 2328 1900 18.
2381 1845 2487 1910 Qui
2545 1843 2710 1898 credit
2748 1844 2802 1896 iu
2852 1843 3072 1909 Filium,
3119 1861 3222 1898 nou
3247 1844 3547 1913 judicatur.

1965 1941 2020 1996 ld
2053 1949 2140 1996 est
2159 1939 2464 2004 evidenter,
2491 1939 2583 2008 qui
2609 1938 2868 1992 observat
2898 1937 3020 2006 ejus
3043 1937 3332 2005 mandata;
3359 1939 3428 1992 ihi
3453 1953 3553 1992 au-

1967 2044 2102 2098 tem,
2129 2030 2248 2085 Non
2285 2030 2710 2093 condemnatur,
2748 2028 3039 2099 intelliges.
3083 2028 3189 2094 Qui
3241 2040 3416 2084 autem
3447 2047 3553 2084 non

1968 2128 2156 2190 credit,
2185 2126 2304 2194 jam
2340 2125 2621 2193 judicatus
2651 2131 2756 2177 est.
2800 2121 3127 2188 Quomodo?
3153 2121 3292 2189 Quia
3325 2123 3441 2192 ipsa
3465 2123 3553 2177 in-

1969 2218 2264 2275 credulitas
2283 2215 2610 2286 supplicium
2629 2223 2712 2268 est
2741 2223 2896 2268 actus
2916 2221 3110 2266 natura
3143 2211 3510 2268 condemnato
3533 2232 3548 2269 :

1971 2321 2030 2366 ιιι
2057 2309 2358 2375 homicida,
2395 2308 2499 2362 etsi
2568 2323 2597 2360 a
2632 2306 2814 2377 iudice
2845 2306 2996 2360 nullo
3023 2307 3419 2360 condemnatus
3443 2307 3554 2361 fue-

1971 2401 2067 2468 rit,
2102 2409 2260 2456 actus
2290 2409 2485 2454 natura
2521 2396 2924 2454 condemnatus
2947 2404 3051 2450 est.
3227 2388 3232 2392 ’

2047 2587 2210 2642 Vens.
2247 2586 2340 2639 2|.
2375 2583 2478 2650 Qui
2501 2583 2629 2654 facit
2659 2583 2954 2647 veritatem,
2978 2583 3116 2637 venit
3163 2583 3232 2636 ad
3263 2584 3456 2638 lucent.
3495 2585 3554 2639 id

1975 2689 2079 2745 est,
2109 2681 2201 2749 qui
2234 2678 2301 2732 ad
2327 2677 2812 2732 Christianismum
2844 2677 3073 2730 accedit.

2049 2772 2216 2825 Vens.
2249 2769 2339 2822 ‘22.
2368 2767 2611 2822 Dicenda
2641 2767 2790 2836 quod
2829 2807 2846 2832 ,
2879 2768 3009 2820 Post
3033 2767 3143 2821 hac
3171 2768 3307 2821 venit
3327 2767 3484 2822 Iesus
3505 2768 3563 2822 iu.

1980 2873 2175 2915 terram
2205 2859 2478 2923 Judaeum,
2509 2859 2749 2913 ostendit
2798 2859 2948 2913 illum
2987 2859 3180 2914 diebus
3213 2859 3367 2916 festis
3399 2863 3452 2915 in
3483 2865 3564 2917 ci-

1981 2955 2200 3008 vitatem
2231 2951 2554 3014 ascendere,
2589 2959 2646 3004 ut
2673 2950 2897 3006 doceret
2939 2959 2994 3005 et
3013 2954 3167 3022 signa
3196 2952 3418 3006 iaceret.

2056 3137 2336 3193 Vens.25.
2369 3137 2635 3207 Discipuli
2672 3147 2726 3191 et
2753 3135 2996 3194 Joannes
3029 3139 3403 3209 baptizabant,
3439 3158 3565 3211 per-

1985 3231 2271 3286 fectionem
2302 3240 2485 3284 autem
2513 3229 2710 3298 adjecit
2738 3229 2993 3284 Christus
3034 3230 3300 3299 Spiritum
3328 3236 3562 3290 donans.

2057 3320 2218 3375 Vens.
2252 3319 2344 3373 25.
2372 3319 2510 3385 Quid
2538 3319 2812 3388 signiﬁcat
2832 3320 3085 3389 quaestio,
3109 3320 3176 3375 dc
3202 3338 3309 3392 qua
3340 3325 3564 3387 dicitur,

1982 3429 2048 3468 ex
2083 3412 2372 3481 discipulis
2400 3409 2630 3464 Joannis
2665 3425 2790 3464 eum
2820 3412 3008 3480 aliquo
3039 3410 3226 3466 Judazo
3267 3415 3336 3468 de
3376 3417 3564 3486 puriﬁ-

1982 3503 2236 3558 catione?
2281 3501 2614 3572 Zelotypiam
2669 3517 2775 3569 qua
2829 3501 2915 3554 isti
2972 3501 3294 3557 laborabant
3346 3523 3564 3576 semper

1985 3605 2175 3651 contra
2205 3595 2410 3650 Christi
2438 3593 2737 3663 discipulos
2758 3605 2812 3648 ct
2839 3605 3030 3649 contra
3059 3597 3238 3666 ipsum
3258 3597 3562 3669 Christum,

1989 3699 2046 3744 ut
2080 3689 2353 3758 baptismo
2415 3689 2484 3741 ab
2534 3686 2669 3756 ipsis
2707 3687 2908 3741 collato
2937 3689 3115 3757 majus
3155 3691 3286 3760 quid
3329 3691 3566 3751 habente

1987 3797 2148 3852 quam
2181 3782 2488 3851 baptismus
2510 3779 2716 3837 Christi
2741 3780 3175 3848 discipulorum;
3209 3785 3352 3854 quod
3377 3794 3563 3841 autem

1990 3877 2042 3930 id
2075 3875 2262 3940 fuerit,
2290 3891 2414 3944 qute
2453 3883 2763 3943 sequuntur
2788 3875 3108 3930 ostendunt.
3139 3874 3272 3931 Nam
3302 3892 3569 3935 venerunt

1988 3969 2054 4023 ad
2077 3966 2343 4022 Joannem
2367 3969 2610 4022 dicentes
2641 3985 2654 4021 :
2687 3967 2872 4032 Rabbi,
2904 3968 2994 4037 qui
3015 3979 3130 4023 erat
3161 3981 3350 4036 tecum,
3385 3973 3435 4027 id
3461 3985 3567 4039 est,

1989 4061 2081 4130 qui
2131 4061 2384 4129 discipuli
2447 4076 2642 4113 nomen
2715 4060 2896 4124 habet,
2949 4075 3239 4130 separatus
3292 4064 3564 4134 baptizat,

1989 4153 2146 4224 quasi
2170 4153 2407 4206 dixerint
2430 4169 2444 4204 :
2472 4152 2573 4205 Cui
2599 4154 3024 4205 tutestimoulum
3049 4154 3384 4222 perhibuisti,
3405 4175 3566 4227 quem

1992 4255 2045 4298 tu
2077 4243 2387 4314 baptizasti.

2065 4337 2234 4392 Vens.
2263 4337 2352 4392 29.
2380 4335 2522 4401 Quid
2545 4343 2651 4396 est,
2687 4332 2898 4388 Caudio
2927 4336 3166 4404 gaudet?
3194 4338 3330 4402 Quia
3363 4357 3394 4394 a
3433 4359 3566 4397 voce

1995 4429 2191 4497 ὃμοιιεὶ
2220 4427 2492 4496 Sponsum
2531 4427 2783 4493 agnoscit
2817 4424 3064 4494 Sponsa;
3107 4429 3251 4494 quod
3295 4431 3428 4484 dicit
3462 4436 3572 4487 tale

308 4547 401 4598 γει
430 4525 670 4579 τοιοῦτόν
731 4527 899 4576 ἐστιν’
939 4522 1058 4574 ἀντὶ
1107 4519 1222 4581 τοῦ,
1287 4519 1350 4570 Ei
1384 4517 1460 4586 μὴ
1501 4514 1808 4585 προσῆλθεν
1850 4514 1870 4564 ’ὁ

1993 4531 2076 4575 est
2103 4540 2114 4574 :
2142 4519 2198 4574 Si
2225 4536 2332 4573 non
2365 4518 2604 4571 venisset
2635 4516 2867 4586 Sponsa,
2901 4517 2950 4569 id
2982 4529 3064 4571 est
3099 4521 3331 4587 populus
3359 4524 3440 4575 vel
3476 4527 3576 4577 lac-

307 4621 540 4692 Νύμφη,
568 4617 848 4672 τουτέστιν
897 4616 925 4667 ὁ
964 4614 1113 4676 λαὸς,
1157 4614 1325 4682 ἤγουν
1352 4613 1385 4681 ὴ
1452 4607 1778 4677 Ἐκκλησία,
1812 4605 1890 4675 τῷ

309 4711 534 4780 νυμφίῳ
581 4707 849 4781 Χριστῷ,
897 4706 1016 4758 τότε
1058 4703 1124 4757 ἂν
1171 4703 1404 4774 ἤλγησα·
1443 4699 1538 4753 νῦν
1589 4699 1645 4751 δὲ
1699 4697 1891 4751 τούτου

313 4805 636 4873 γενομένου,
671 4800 746 4863 ὼς
773 4799 925 4868 φίλος
953 4797 1095 4868 χαρᾷ
1132 4796 1328 4866 χαίρω.

386 4897 452 4948 Τί
487 4895 764 4966 σημαίνει·
803 4893 866 4946 '0
887 4893 1117 4946 ἄνωθεν
1145 4891 1489 4959 ἐρχόμενος,
1511 4885 1712 4940 ἐπάνω
1745 4885 1896 4938 πάν-

310 5007 434 5043 των
485 4989 656 5054 ἐστί;
703 4988 815 5057 Τὴν
867 4985 1317 5056 ὑπερϐάλλουσαν
1362 4982 1464 5051 τῆς
1515 4981 1673 5050 δόξης
1728 4977 1893 5032 αὐτοῦ

315 5082 614 5151 ὑπεροχήν.
647 5079 753 5130 Τὸν
780 5078 838 5130 δὲ
878 5079 940 5129 ὲκ
974 5079 1076 5144 τῆς
1118 5076 1222 5145 γῆς
1274 5073 1405 5126 ὄντα
1459 5073 1555 5125 καὶ
1600 5071 1894 5134 λαλοῦντα,

316 5178 507 5229 ἑαυτὸν
539 5191 725 5244 φησιν,
761 5173 859 5240 οὐχ
903 5173 984 5223 ὅτι
1014 5170 1070 5222 δὲ
1103 5171 1267 5236 γήϊνα
1307 5168 1514 5234 ἔλεγεν,
1549 5167 1683 5220 ἀλλὰ
1714 5181 1897 5234 παρα-

317 5269 534 5322 ϐάλλων
559 5267 628 5319 τὰ
655 5264 823 5318 αὐτοῦ
850 5262 983 5334 πρὸς
1017 5262 1110 5313 τὸν
1143 5260 1399 5330 Χριστόν.

392 5363 516 5414 Ὀτι
562 5361 618 5412 δὲ
667 5356 859 5411 εἶπεν
895 5359 1016 5421 Τὴν
1068 5353 1405 5420 μαρτιφίαν
1454 5351 1640 5404 αὐτοῦ
1698 5349 1898 5414 οὐδεὶς

316 5453 630 5522 λαμϐάνει,
661 5451 783 5503 ἀντὶ
804 5449 922 5512 τοῦ,
974 5447 1198 5513 Ὀλίγοι,
1225 5445 1408 5514 φησίν·
1438 5443 1630 5513 ὥσπερ
1675 5443 1784 5514 γὰρ
1813 5443 1896 5506 τὸ,

319 5545 574 5608 Πάντες,
592 5543 686 5595 ἐπὶ
713 5543 824 5594 τῶν
847 5539 1057 5592 πολλῶν
1089 5539 1313 5602 νοεῖται,
1345 5535 1487 5589 οὕτω
1518 5535 1613 5588 καὶ
1639 5535 1722 5599 τὸ,
1746 5535 1898 5588 οὑδ-

319 5639 432 5702 εὶς,
461 5637 556 5689 ἐπὶ
585 5635 694 5688 τῶν
727 5634 945 5704 ὀλίγων.

393 5729 460 5782 Τί
491 5731 656 5782 ἐστιν’
701 5727 764 5780 '0
795 5727 903 5797 γὰρ
932 5721 1137 5779 λαϐὼν
1175 5720 1363 5776 αὐτοῦ
1398 5723 1514 5789 τὴν
1561 5725 1899 5794 μαρτυρίαν

323 5821 695 5894 ἐσφράγισεν
724 5821 810 5874 ὅτι
861 5822 892 5874 ό
941 5816 1083 5883 Θεὸς
1103 5813 1335 5883 ἀληθής
1357 5815 1567 5882 ἐστιν;
1607 5817 1752 5872 Ἀντί
1779 5817 1896 5880 τοῦ.

1998 4614 2185 4676 clesia,
2226 4613 2292 4666 ad
2333 4627 2592 4681 sponsum
2620 4611 2925 4673 Christum,
2967 4622 3095 4665 tunc
3121 4614 3394 4680 dolebam,
3422 4633 3568 4673 nunc

1999 4719 2181 4763 autem
2209 4710 2312 4762 hoc
2352 4707 2496 4760 iacto
2519 4717 2577 4758 ut
2603 4704 2814 4758 amicus
2845 4704 3044 4774 gaudio
3075 4707 3305 4773 gaudeo.

2070 4895 2236 4949 Vens.
2273 4894 2362 4949 5|.
2395 4893 2534 4960 Quid
2585 4892 2860 4961 signiﬁcat
2889 4910 2904 4945 :
2937 4892 3042 4958 Qui
3087 4895 3365 4950 desursum
3419 4901 3575 4968 venit,

1999 5005 2156 5058 super
2206 5004 2383 5041 omnes
2431 4987 2554 5040 est?
2604 4985 3152 5054 Sttperabuudantem
3204 4989 3388 5057 glorizc
3432 4991 3578 5045 illius

2002 5081 2461 5151 magnitudinem.
2497 5078 2600 5143 Qui
2632 5088 2716 5131 est
2763 5077 2830 5132 de
2857 5088 3000 5132 terra
3033 5091 3089 5132 et
3120 5081 3188 5132 dc
3223 5089 3364 5134 terra
3395 5082 3576 5150 loqui-

2002 5187 2114 5241 tur,
2149 5175 2217 5229 de
2266 5190 2326 5228 se
2355 5173 2506 5235 dicit,
2556 5189 2662 5224 non
2697 5171 2843 5240 quod
2903 5182 3117 5226 terrena
3166 5172 3443 5242 loquatur,
3481 5175 3575 5228 sed

2001 5283 2100 5322 sua
2136 5267 2351 5320 conl’ert
2375 5279 2500 5318 cum
2534 5261 2776 5317 Christo.

2072 5357 2238 5412 Vens.
2271 5357 2360 5412 52.
2404 5355 2784 5410 Testimonium
2810 5355 2922 5423 ejus
2961 5371 3111 5410 nemo
3142 5357 3355 5427 accipit,
3387 5359 3440 5412 id
3470 5370 3576 5423 est,

2001 5450 2166 5503 Pauci
2199 5449 2507 5519 accipiunt;
2541 5460 2602 5501 ut
2627 5449 2772 5500 enim
2804 5463 2996 5502 omnes
3031 5463 3130 5518 pro
3171 5451 3358 5504 multis
3379 5451 3577 5508 intelli-

2001 5543 2168 5612 gitur,
2196 5541 2294 5606 ita,
2319 5539 2511 5605 Nemo,
2543 5554 2642 5610 pro
2676 5539 2887 5609 paucis.

2073 5724 2240 5780 Vens.
2272 5725 2361 5779 ⁸55.
2385 5724 2488 5791 Qui
2509 5733 2594 5780 est
2625 5745 2637 5780 :
2672 5725 2777 5791 Qui
2805 5729 2944 5780 enim
2965 5731 3162 5796 accepit
3190 5728 3302 5796 ejus
3344 5729 3585 5785 testimo-

2006 5820 2173 5888 nium,
2202 5819 2430 5890 siguarit
2461 5819 2586 5891 quia
2635 5818 2773 5874 Deus
2817 5837 2973 5876 verax
3003 5825 3123 5877 est?
3173 5819 3228 5877 Id
3259 5832 3362 5892 est,
3394 5824 3486 5896 qui
3513 5825 3588 5878 illi
