4026 6442
538 344 684 411 1231

1298 347 1693 411 OPUSCULA
1724 349 2360 410 SCRlP’I‘URISTlCA
2391 351 2742 413 INCERTIE
2779 354 3092 417 IETATIS.

3669 365 3780 433 im

541 478 650 516 non
681 459 877 524 credit,
902 459 1046 515 Patri
1072 455 1294 531 quoque
1339 475 1448 516 non
1474 462 1678 529 credit;
1716 477 1865 527 nam,
1888 459 2109 531 Signari.

2233 463 2399 516 Ὥστε
2431 465 2460 517 ὀ
2517 465 2593 536 μὴ
2637 464 2816 537 τούτῳ
2864 469 3156 533 πιστεύων,
3209 471 3302 522 καὶ
3340 468 3414 542 τῷ
3473 473 3649 547 Harp!
3678 481 3785 535 ἀπι.

537 552 628 608 hic
667 553 806 607 idem
839 561 1004 607 sonat
1031 567 1114 616 ac,
1140 549 1443 623 Signiﬁcat.

612 741 774 796 Vens.
800 742 887 794 34.
923 741 1062 807 Quid
1098 751 1182 797 est
1212 759 1226 795 :
1257 741 1380 795 Non
1413 742 1552 797 enim
1602 743 1670 795 ad
1702 759 2001 796 mensuram
2031 742 2124 796 dat

537 833 680 886 Deus
719 831 1019 900 Spiritum?
1043 833 1116 887 lbi
1153 833 1218 887 de
1243 835 1560 901 Operationc
1587 835 1849 904 loquitur.
1869 832 1979 889 Nos
2000 835 2124 902 qui-

533 927 657 978 dem
691 925 878 990 igitur,
913 925 1011 987 ait,
1045 941 1170 980 cum
1208 943 1470 982 mensura
1505 927 1882 996 operationem
1920 927 2121 996 recipi-

531 1035 698 1083 mus;
769 1020 862 1074 ille
906 1031 1089 1075 autem
1145 1020 1360 1091 plenam
1413 1021 1692 1076 omnibus
1741 1019 2118 1090 operationem

530 1121 773 1182 praestat.

1145 1235 1376 1294 CAPUT
1402 1236 1488 1293 IV.

598 1384 765 1438 Vens.
801 1383 854 1438 2.
881 1381 1041 1439 Jesus
1067 1386 1183 1453 ipse
1215 1401 1320 1438 non
1344 1384 1682 1453 baptizabat,
1712 1385 1806 1439 sed
1838 1383 2114 1454 discipuli,

525 1477 618 1532 sed
658 1477 978 1532 nuntiantes
1048 1478 1116 1531 de
1168 1478 1263 1531 illo
1307 1477 1358 1530 id
1412 1478 1668 1531 dicebant
1713 1487 1771 1532 ut
1815 1479 2116 1532 excitarent

526 1573 815 1629 audientes
850 1573 981 1642 quia
1015 1571 1272 1625 Christus
1304 1570 1565 1642 baptizat.
1615 1571 1876 1625 Dicebant
1910 1580 2114 1634 autem,

525 1667 650 1734 quia
676 1682 787 1720 non
810 1665 1220 1734 cognoscebant
1249 1665 1584 1734 propositum
1615 1662 1844 1719 Joannis
1879 1664 2114 1734 quodin

524 1760 806 1813 Christum
845 1757 1096 1811 habebat.

598 1850 764 1904 Vnus.
822 1850 873 1904 4.
927 1845 1217 1913 Quomodo
1275 1846 1688 1917 intelligendum
1745 1865 1758 1901 :

522 1954 694 1995 autem
730 1957 848 1994 eum
875 1940 1104 1992 transire
1129 1954 1221 2008 per
1248 1937 1595 1992 Samariam?
1623 1936 1761 2004 Quia
1790 1938 2117 2008 expulerant.

521 2050 646 2088 eum
677 2032 870 2098 Judaei,
917 2033 984 2086 ad
1015 2043 1207 2100 gentes
1241 2031 1372 2085 ibat.
1424 2029 1579 2086 Unde
1620 2032 1800 2086 vocati
1847 2041 1977 2087 sunt
2007 2032 2107 2086 Sa-

520 2120 808 2188 maritani,
864 2135 920 2179 et
978 2125 1258 2194 quomodo
1322 2124 1606 2179 constituti
1669 2123 1862 2178 erant?
1918 2123 2114 2178 Somor

519 2233 678 2272 tunns
701 2217 926 2288 quidam
947 2216 1231 2270 dicebatur
1257 2233 1284 2269 a
1311 2216 1651 2286 possidente,
1674 2226 1731 2272 ut
1749 2217 1921 2274 lsaias
1938 2218 2110 2272 dicit:

519 2311 588 2364 Et
611 2319 776 2380 caput
802 2308 1088 2364 Somorum
1119 2307 1401 2378 Ephra'im.
1435 2308 1540 2363 Sed
1561 2309 1751 2364 incolae
1776 2325 1884 2364 non
1915 2310 2115 2366 Sama-

518 2405 679 2458 ritani
698 2403 792 2458 Sed
817 2401 1932 2472 lsraelita:vocabanturJemporisautem
1957 2405 2111 2474 lapsu

517 2498 574 2550 in
635 2493 806 2548 Deum
858 2493 1230 2558 oll’mderunt,
1291 2503 1346 2547 et
1398 2507 1659 2563 regnante
1711 2495 1926 2549 Phacee
1961 2497 2114 2550 venit

515 2587 946 2658 Phelgaphasar,
1001 2585 1167 2640 urbes
1201 2588 1346 2658 cepit
1384 2587 1586 2642 multas
1619 2596 1674 2641 et
1703 2585 1853 2641 dedit
1905 2587 2023 2652 Ela,
2057 2597 2114 2641 et

515 2686 664 2738 hunc
693 2682 970 2744 auferens,
1009 2677 1151 2734 Osee
1211 2695 1441 2750 regnum
1488 2679 1658 2736 dedit.
1689 2679 1796 2735 Sed
1848 2680 1903 2734 in
1943 2681 2108 2735 istum

515 2775 870 2845 progrediens
896 2771 1269 2836 Salmanasar,
1288 2773 1432 2842 cepit
1461 2773 1622 2828 urbes
1643 2773 1802 2839 alias,
1829 2783 1884 2828 et
1907 2773 2110 2828 tributa

515 2867 799 2938 imposuit.
839 2866 946 2921 Sed
996 2865 1101 2920 ise
1144 2864 1324 2936 primo
1359 2865 1581 2936 quidem
1619 2867 1886 2935 regnavit,
1920 2875 2110 2936 postea

515 2977 648 3015 vero
682 2974 852 3030 regno
885 2959 1129 3014 excessit
1169 2960 1236 3013 ad
1264 2959 1585 3014 societatem
1615 2959 1942 3029 Ethiopum
1979 2975 2112 3015 con-

516 3051 755 3122 fugiens.
815 3049 1084 3119 Cognovit
1145 3037 1198 3103 id
1249 3048 1511 3120 Assyrius
1561 3060 1617 3104 et
1668 3050 1998 3120 impugnans
2057 3059 2110 3105 et

516 3144 775 3201 auferens
809 3159 923 3210 eos,
959 3158 1067 3198 non
1102 3151 1316 3213 gentem
1350 3141 1462 3197 illic
1493 3157 1716 3197 manere
1757 3142 2004 3212 permisit
2034 3141 2104 3196 ob

515 3239 884 3308 suspicionem
936 3235 1258 3302 seditionis;
1288 3252 1352 3290 ex
1385 3235 1472 3290 his
1517 3243 1720 3300 autem,
1754 3236 2020 3305 plurimos
2051 3235 2106 3288 in

517 3311 875 3402 Babyloniam
908 3336 963 3383 et
989 3327 1216 3382 Mediam
1246 3328 1496 3395 adduxit,
1519 3339 1572 3383 et
1601 3328 1725 3383 inde
1753 3336 1940 3398 gentes
1970 3344 1999 3383 e
2025 3327 2106 3382 di-

514 3429 693 3484 versis
726 3427 859 3482 locis
893 3425 1195 3488 adducens,
1230 3424 1520 3479 constituit
1553 3424 1606 3476 iu
1641 3423 1912 3488 Samaria,
1945 3422 2019 3477 ita
2050 3430 2109 3476 ut

514 3531 792 3592 postremo
832 3534 1090 3575 securum
1126 3519 1229 3573 sibi
1273 3534 1499 3588 regnum
1531 3517 1758 3581 faceret,
1787 3515 1967 3570 locum
2003 3514 2106 3569 ha-

512 3615 770 3668 bentibus
801 3612 1019 3668 incolis.
1056 3609 1267 3677 Quibus
1295 3611 1484 3680 gestis,
1523 3609 1715 3664 volens
1749 3605 1890 3662 Deus
1920 3617 2107 3662 osten-

514 3710 645 3762 dere
681 3721 840 3762 suam
888 3705 1224 3774 potentiam,
1279 3713 1331 3756 et
1364 3717 1424 3756 se
1464 3717 1573 3755 non
1626 3715 1731 3770 per.
1769 3699 2106 3755 debilitatem

517 3796 808 3852 tradidisse
851 3794 1098 3858 Judteos,
1149 3794 1243 3848 sed
1290 3795 1360 3847 ob
1411 3794 1630 3847 illorum
1680 3804 1924 3862 peccata,
1955 3793 2108 3846 misit

519 3894 704 3945 leones
735 3890 789 3942 in
821 3888 1106 3954 barbaros,
1137 3887 1231 3957 qui
1265 3896 1616 3942 vastaverunt
1663 3896 1876 3955 gentem
1911 3895 2105 3940 t0tam.

516 3982 838 4038 Nuntiatum
898 3988 986 4036 est
1031 3994 1163 4049 ergo
1219 3980 1362 4048 regi,
1424 3988 1478 4032 et
1533 3976 1702 4032 mittit
1764 3976 2102 4032 sacerdotem

515 4079 809 4150 quemdam
842 4076 935 4148 qui
965 4075 1073 4129 illis
1117 4073 1384 4144 praeberet
1415 4072 1586 4142 legem
1620 4070 1737 4125 Dei.
1767 4070 1871 4125 Sed
1905 4069 2106 4123 nihilo-

515 4173 702 4226 minus
746 4185 856 4224 non
927 4168 1052 4222 ideo
1110 4179 1175 4220 ex
1235 4163 1577 4236 plenitudine
1633 4176 1746 4217 suae
1805 4159 2103 4231 impietatis

517 4265 930 4319 abscesserunt.
967 4259 1235 4330 Tempore
1288 4258 1497 4328 elapso,
1545 4255 1708 4311 idolis
1754 4257 1973 4325 quidem
2015 4269 2104 4309 re-

518 4357 932 4419 nuntiaverunt,
966 4361 1020 4407 et
1051 4352 1419 4406 adoraverunt
1449 4347 1641 4404 Deum.
1692 4347 1874 4403 Rebus
1917 4347 2008 4411 jta
2044 4363 2103 4402 se

518 4449 869 4514 habentibus,
902 4445 1259 4500 ascendentes
1287 4443 1341 4498 hi
1367 4443 1460 4512 qui
1490 4450 1650 4497 erant
1682 4457 1747 4496 ex
1776 4439 1988 4504 Iudaea,
2021 4442 2099 4493 in-

2230 558 2366 608 στεϊ·
2387 556 2598 629 τὸγὰρ,
2638 558 3073 630 Ἔσεοράγισεν,
3102 561 3354 629 ἐνταῦθα,
3411 559 3654 636 Ἓδειξε,
3705 585 3786 642 ση-

2234 650 2438 720 μαίνει.

2301 743 2366 795 Τί
2390 743 2508 796 ἐστι
2541 743 2626 809 τὸ,
2659 745 2743 798 Οὐ
2775 744 2886 814 γὰρ
2907 745 2975 800 ἐκ
2989 747 3212 816 μέτρου
3234 748 3488 805 δίδωσιν
3510 754 3546 805 ό
3576 753 3712 822 Θεὸς
3735 758 3785 811 τὸ

2230 833 2514 902 Πνεῦμα;
2574 836 2844 890 Ἐνταῦθα
2897 837 2997 906 τὴν
3044 839 3326 908 ἐνέργειαν
3375 841 3553 910 λέγει.
3625 845 3788 916 Ἡμεῖς

2231 926 2332 996 μὲν
2359 923 2477 989 οὖν,
2511 928 2669 998 φησὶ,
2721 929 2907 998 μέτρῳ
2959 929 3060 998 τὴν
3107 931 3393 1001 ἐνέργειαν
3426 934 3784 1008 λαμϐάνομεν·

2223 1017 2386 1081 αὐτὸς
2412 1018 2467 1071 δὲ
2498 1019 2794 1092 ὁλόκληρον
2823 1022 2957 1074 πᾶσι
2989 1021 3087 1094 τὴν
3119 1023 3400 1094 ἐνέργειαν
3443 1029 3696 1099 παρέχει.

2830 1235 3084 1294 ΚΕΦΑΛ.
3125 1241 3198 1294 Δθ.

2295 1384 2420 1437 Ὅτι
2445 1383 2606 1448 αὐτὸς
2626 1386 2654 1438 ὁ
2683 1382 2917 1454 Χριστὸς
2947 1386 3047 1438 οὐκ
3079 1386 3388 1451 ἐϐάπτιζεν,
3417 1388 3537 1442 ἀλλ’
3556 1391 3605 1443 οἱ
3638 1390 3792 1463 μαθη-

2220 1476 2332 1529 ταί·
2359 1477 2410 1528 οἱ
2445 1475 2500 1529 δὲ
2527 1476 2971 1545 ἀπαγγέλλοντες
3004 1477 3191 1544 ἔλεγον
3229 1477 3480 1543 τοιαῦτα,
3521 1481 3671 1544 ὅπως
3726 1485 3792 1536 διο

2223 1567 2482 1638 εγείρωσι
2516 1567 2976 1630 τοὺς’ἀκούοντας
3027 1568 3109 1621 ὅτι
3171 1571 3199 1622 ό
3239 1569 3477 1640 Χριστὸς
3539 1571 3792 1642 βαπτίζει·

2218 1661 2407 1728 ελεγον
2443 1661 2499 1714 δὲ
2524 1660 2598 1731 μὴ
2632 1659 2999 1728 γινώσκοντες
3029 1661 3119 1714 τὸν
3165 1661 3259 1715 τοῦ
3325 1664 3582 1719 Ἰωάννου
3609 1667 3791 1719 σκοπὸν

2216 1753 2274 1806 ὃν
2302 1749 2454 1824 εἶχεν
2479 1757 2560 1816 είς
2595 1753 2854 1824 Χριστόν.

1819 1845 2109 1916 Oportebat

2290 1849 2415 1912 Πῶς
2445 1849 2666 1918 νοητέον
2693 1847 2776 1906 τὸ.
2814 1846 2982 1900 Ἔδει
3017 1847 3084 1900 δὲ
3106 1848 3296 1902 αὐτόν
3339 1849 3684 1919 διέρχεσθαι
3707 1851 3791 1906 διὰ

2217 1940 2327 2010 τῆς
2348 1942 2713 2010 Σαμαρείας-ς
2748 1941 2868 1993 Ὀτ’
2923 1940 3008 2006 ἂν,
3055 1941 3242 2011 φησὶν,
3293 1942 3615 2014 ἀπήλαυνον
3648 1945 3788 1998 αύτῖν

2215 2037 2266 2089 οἱ
2305 2035 2568 2100 Ἰουδαῖοι,
2603 2035 2696 2088 ἐπὶ
2741 2036 2810 2087 τὰ
2843 2033 2972 2104 ἔθνη
3005 2035 3225 2105 ἤρχετο.
3286 2037 3458 2090 Πόθεν
3493 2037 3788 2107 ἐκλήθησαν

2217 2128 2575 2198 Σαμαρεῖται,
2596 2125 2832 2190 καὶπῶς
2864 2128 3203 2197 συνέστησαν
3225 2144 3238 2193 ;
3262 2127 3442 2199 Σομδρ
3461 2128 3523 2181 τὸ
3547 2130 3574 2180 ὅ
3583 2147 3671 2198 ρος
3687 2129 3786 2182 ἐλέ-

2214 2237 2342 2288 γετο
2362 2218 2472 2273 ἀπὸ
2491 2219 2584 2272 τοῦ
2610 2219 2980 2288 κτησαμένου·
3007 2218 3264 2290 καθάπερ
3283 2219 3378 2271 καὶ
3401 2219 3632 2284 Ἡσαΐας
3651 2221 3785 2291 φησί·

2213 2313 2373 2380 Καὶή
2390 2311 2628 2383 κεφαλὴ
2656 2314 2933 2381 Σομόρων
2962 2311 3232 2381 Ἰσῖφραίμ·
3254 2311 3428 2367 ἀλλ’οί
3453 2313 3784 2376 οίκοῦντεςού

2215 2409 2578 2479 Σαμαρεῖται,
2600 2406 2715 2460 ἀλλ’
2735 2406 3070 2478 Ἰσραηλῖται
3093 2405 3361 2474 ἐλέγοντο·
3381 2407 3579 2476 χρόνου
3597 2407 3651 2459 δέ
3673 2421 3785 2476 προ-

2213 2500 2388 2564 ϊόντος
2408 2499 2827 2570 προσέκρουσαν
2856 2497 2933 2568 τῷ
2961 2497 3103 2567 Θεῷ,
3133 2500 3227 2552 καὶ
3247 2499 3676 2568 βασιλεύσαντος
3696 2502 3784 2552 Φα·

2213 2593 2306 2646 κεὲ
2347 2591 2548 2661 ἀνῆλθε
2572 2589 2956 2660 Φελγαφασάρ,
2985 2589 3171 2653 πόλεις
3197 2607 3254 2643 τε
3313 2589 3423 2644 εἷλε
3455 2591 3675 2655 πολλὰς,
3703 2591 3784 2644 καὶ

2213 2685 2443 2740 ἐπέθετο
2471 2684 2550 2755 τῷ
2580 2685 2733 2754 Ἦὶᾷ,
2773 2685 2864 2737 καὶ
2888 2682 3094 2736 ἀνελὼν
3119 2683 3305 2748 αὐτὸν,
3347 2685 3511 2753 Ὠσ.·,ἐ
3525 2684 3622 2755 τὴν
3645 2684 3778 2754 βασι-

2213 2776 2363 2830 λείαν
2380 2776 2568 2830 ἔδωκε·
2587 2777 2680 2829 καὶ
2698 2775 2789 2828 ἐπὶ
2807 2775 2996 2828 τοῦτον
3013 2773 3181 2826 ἐλθὼν
3197 2777 3223 2826 ὁ
3235 2775 3376 2826 Σαλα
3388 2776 3667 2846 μανασέιρ,
3684 2770 3778 2826 εἷλε

2213 2866 2399 2928 πόλεις
2430 2865 2643 2935 ἐτέρας,
2673 2865 2766 2919 καὶ
2797 2866 2964 2935 φόρου
3023 2863 3281 2933 ἐποίησεν
3313 2866 3617 2930 ὑποτελεῖς.
3657 2863 3776 2917 ‘Aii‘

2212 2951 2365 3020 οὗτος
2391 2958 2452 3010 τδ
2489 2957 2587 3027 μὲν
2616 2955 2834 3028 πρῶτον
2879 2951 3066 3026 ἦρξεν·
3102 2955 3403 3025 ὕστερονδὲ
3430 2958 3643 3027 ἀπέστη
3687 2955 3773 3022 τῆς

2212 3049 2410 3118 ἀρχῆς,
2445 3047 2540 3100 καὶ
2559 3048 2694 3118 προς
2717 3049 2816 3117 τὴν
2839 3048 2947 3099 τῶν
2966 3047 3240 3100 Αἰθιόπων
3265 3047 3547 3118 κατέφυγε
3579 3065 3773 3118 συμμα·

2212 3142 2553 3211 χίαν.”Εγνω
2571 3140 2732 3193 τοῦτο
2753 3143 2779 3193 ὁ
2813 3141 3117 3211 Ἀσσύριος,
3135 3143 3230 3194 καὶ
3245 3143 3679 3212 ἐπιστρατεύσας
3695 3140 3774 3192 καὶ

2217 3229 2420 3283 ἀνελὼν
2459 3231 2676 3294 αὐτοὺς,
2709 3229 2894 3282 οὐκέτι
2943 3231 3006 3283 τὸ
3045 3230 3197 3296 ἔθνος
3232 3233 3348 3284 ἐκεῖ
3385 3233 3576 3302 μένειν
3602 3232 3771 3300 ἀφίησι

2215 3321 2304 3375 διὰ
2328 3321 2426 3394 τὴν
2449 3322 2552 3392 τῆς
2589 3322 2832 3385 στάσεως
2876 3322 3134 3392 ὑποψίαν·
3174 3323 3310 3376 ἀλλὰ
3335 3323 3394 3389 ἐξ
3423 3324 3628 3390 αὐτῶν,
3668 3325 3773 3382 τοὺς

2219 3417 2319 3488 μὲν
2372 3419 2452 3480 είς
2495 3416 2794 3470 Βαϐυλῶνα
2849 3417 3024 3486 ἤγαγε
3063 3416 3157 3470 καὶ
3204 3417 3446 3487 Μήδους·
3485 3417 3690 3469 ἐκεῖθεν
3717 3413 3764 3465 δὲ

2216 3509 2348 3577 ἔθνη
2377 3509 2648 3580 διαφόρων
2678 3510 2860 3562 τόπων
2885 3509 3132 3579 ἀγαγὼν,
3162 3510 3468 3580 κατῴκισεν
3503 3511 3560 3562 ἐν
3591 3512 3650 3579 τῇ
3682 3508 3770 3559 21-

2219 3603 2444 3674 μαρείᾳ,
2477 3602 2619 3656 ὥστε
2657 3603 2845 3656 λοιπὸν
2872 3603 3092 3673 ἀσφαλῆ
3127 3602 3276 3673 αὐτῷ
3314 3605 3412 3674 τὴν
3434 3603 3614 3674 ἀρχὴν
3633 3597 3770 3662 εἶναι,

2213 3699 2324 3752 τῶν
2357 3698 2574 3752 οἰκείων
2619 3698 2852 3768 ἐχόντων
2899 3699 2982 3750 τὸν
3012 3701 3199 3750 τόπον.
3239 3697 3461 3750 Τούτων
3487 3698 3548 3751 δὲ
3566 3696 3768 3766 γενομέ-

2215 3811 2342 3854 νων,
2372 3792 2697 3862 βουλόμενος
2743 3792 2770 3844 ό
2823 3791 2955 3855 Θεὸς
2985 3791 3155 3856 δεῖξαι
3187 3792 3286 3861 τὴν
3336 3791 3503 3844 αὑτοῦ
3540 3792 3766 3860 δύναμιν,

2214 3886 2310 3939 καὶ
2340 3884 2415 3948 ὡς
2447 3885 2507 3938 ού
2562 3885 2628 3937 δι’
2676 3884 2961 3938 ἀσθένειαν
3009 3883 3272 3947 ἐξέδωκεν
3317 3880 3768 3946 ’1ουδαίους.ἀλλὰ

2211 3978 2278 4032 δι’
2313 3977 2612 4048 ἀιιαρτίατ,
2647 3980 2915 4047 ἐπαφίησι
2940 3977 3161 4039 λέοντας
3207 3979 3320 4040 τοῖς
3355 3976 3672 4048 βαρϐάροις,
3700 3973 3767 4026 οἰ-

2213 4088 2358 4134 τινες
2412 4070 2770 4140 ἐλυμαίνοντο
2825 4069 2886 4122 τὸ
2918 4068 3069 4132 ἔθνος
3103 4069 3269 4124 ἅπαν.
3334 4069 3654 4139 Ἆπηγγέλη
3688 4064 3766 4119 οὖν

2211 4163 2386 4216 ταῦτα
2415 4162 2494 4233 τῷ
2535 4162 2766 4231 βασιλεῖ,
2803 4161 2899 4215 καὶ
2929 4163 3135 4231 πέμπει
3172 4161 3326 4230 ίερέα
3348 4161 3468 4214 τινά
3496 4163 3590 4216 τὸν
3611 4176 3764 4229 παρα-

2211 4255 2451 4309 δώσοντα
2493 4257 2678 4318 αὐτοῖς
2717 4256 2808 4308 τὸν
2855 4255 2992 4308 Θεοῦ
3052 4254 3238 4323 νόμον·
3289 4254 3404 4308 ἀλλ’
3468 4255 3619 4325 ὅμως
3656 4249 3757 4305 οὐδὲ

2211 4346 2384 4409 οὕτως
2417 4347 2476 4412 ἐξ
2503 4347 2799 4418 ὁλοκλήρου
2827 4348 2928 4417 τῆς
2975 4347 3233 4410 ἀσεϐείας
3275 4347 3612 4416 ἀπέστησαν.
3642 4342 3761 4413 Χρό-

2208 4457 2302 4492 νου
2327 4440 2631 4510 προϊόντος,
2655 4439 2764 4492 τῶν
2791 4419 2892 4510 μὲν
2920 4439 3154 4492 εἰδώλων
3174 4439 3514 4508 ἀπέστησαν,
3534 4437 3759 4492 ἐσέϐοντο

517 4541 728 4596 vidiose
766 4541 822 4593 in
862 4537 986 4592 illos
1015 4551 1074 4592 se
1110 4544 1419 4606 gesserunt,
1452 4534 1609 4603 quasi
1654 4533 1707 4586 in
1737 4533 2101 4601 alienigenas,

2214 4534 2266 4585 δὲ
2296 4535 2389 4585 τὸν
2416 4532 2569 4584 Θεόν·
2607 4533 2701 4584 καὶ
2731 4531 2841 4584 τῶν
2874 4531 3219 4600 πραγμάτων
3254 4531 3310 4582 ἐν
3354 4530 3569 4594 τούτοις
3593 4529 3757 4586 ὄντων,

517 4643 574 4687 et
615 4647 650 4687 a
701 4640 890 4685 monte
942 4627 1321 4681 Samaritanos
1376 4634 1728 4680 vocaverunt.
1779 4623 1900 4677 Non
1936 4638 2102 4690 parva

518 4733 700 4777 autem
730 4720 930 4775 exinde
954 4729 1074 4773 orta
1097 4729 1180 4771 est
1213 4715 1536 4781 inimicitia;
1569 4729 1695 4768 nam
1719 4729 1827 4768 non
1852 4713 2108 4767 omnibus

522 4815 822 4883 Scripturis
847 4813 1164 4874 utebantur,
1186 4811 1279 4865 sed
1304 4809 1506 4877 Moysis
1530 4809 1704 4872 libris,
1724 4808 1948 4860 minime
1975 4822 2106 4862 vero

518 4907 936 4978 prophetarum.
983 4901 1414 4956 Emulabantur
1439 4909 1620 4953 autem
1655 4899 1708 4952 in
1741 4900 1958 4969 generis
2003 4913 2105 4952 no-

519 4999 732 5052 bilitate
766 4997 834 5052 iis
876 4996 1116 5065 aequales
1158 5009 1303 5058 esse,
1344 5001 1396 5046 et
1461 4992 1530 5046 de
1580 4991 1854 5045 Abraham
1905 4989 2108 5059 gloria-

516 5095 739 5154 bantur,
769 5098 824 5144 ct
867 5099 1075 5158 patrem
1125 5088 1276 5141 illum
1315 5101 1439 5140 esse
1483 5099 1596 5154 pra!
1623 5100 1683 5139 se
1712 5083 1980 5147 ferebant,
2015 5091 2106 5136 ut-

517 5196 643 5256 pote
670 5185 762 5255 qui
789 5200 819 5238 e
845 5182 1100 5237 Chald:ea
1143 5190 1306 5236 esset.
1350 5176 1524 5232 εἰοιίωί
1555 5186 1739 5232 autem
1775 5191 1899 5230 cum
1929 5176 2110 5230 omni-

516 5285 620 5337 bus
663 5279 755 5349 qui
793 5277 1072 5349 gentiliter
1108 5275 1393 5339 vivebant,
1444 5272 1545 5326 bos
1595 5286 1814 5340 quoque
1849 5286 2106 5326 exsecra-

515 5377 734 5431 bantur.

583 5562 753 5616 Vsns.
795 5559 850 5612 6.
893 5557 1135 5611 Dicendo
1172 5554 1318 5626 quod
1354 5571 1368 5607 :
1405 5552 1564 5607 Jcsus
1593 5552 1854 5621 fatigatus
1895 5562 2009 5606 erat
2040 5569 2106 5607 ea:

513 5658 721 5716 itinere,
773 5652 1011 5705 ostendit
1059 5651 1208 5702 illum
1264 5649 1334 5701 ita
1378 5647 1632 5700 ardenter
1665 5645 1768 5698 iter
1818 5645 2013 5700 fecisse
2045 5655 2106 5700 ut

517 5747 773 5810 fatigatus
806 5741 963 5795 foret.
998 5743 1114 5795 Non
1145 5738 1571 5808 enimjumentis
1597 5736 1871 5798 utebatur,
1901 5737 2104 5791 docens

516 5852 618 5892 nos
655 5834 1090 5889 mediocritatem
1141 5848 1318 5900 neque
1355 5845 1549 5899 magna
1583 5842 1802 5896 cupere.
1851 5826 1908 5891 _ln
1955 5839 2102 5883 terra

2211 4625 2528 4689 ἀνελθόντες
2554 4628 2602 4678 οἰ
2633 4626 2828 4690 Ἰοῦδα,
2863 4624 3182 4695 ζηλοτύπως
3228 4623 3365 4695 πρὸς
3399 4625 3598 4686 αὐτοὺς
3621 4617 3758 4688 εἶχον.

2211 4721 2307 4773 ἅτε
2348 4720 2485 4790 προς
2517 4718 2871 4786 ἀλλοφύλους,
2908 4719 3002 4771 καὶ
3043 4717 3151 4769 ἀπὸ
3179 4715 3274 4770 τοῦ
3318 4717 3478 4785 ὅρους
3511 4709 3760 4784 Σαμαρεί-

2207 4829 2308 4874 τας
2341 4813 2538 4875 αὐτοὺς
2590 4811 2841 4866 ἐκάλουν.
2879 4811 2988 4864 Καὶ
3019 4811 3078 4863 οὐ
3111 4809 3287 4880 μικρὰ
3321 4809 3574 4862 ἐντεῦθεν
3597 4803 3658 4878 ἦν
3689 4819 3759 4872 φι-

2207 4901 2445 4954 λονεικία
2467 4919 2482 4932 ·
2519 4902 2640 4954 ούδέ
2672 4903 2779 4972 γὰρ
2823 4906 2944 4966 ταῖς
2981 4902 3226 4971 Γραφαῖς
3257 4900 3497 4962 ἁπάσαις
3529 4898 3757 4970 ἐχρῶντο,

2209 4994 2345 5046 ἀλλά
2375 4995 2596 5058 Μωσέα,
2627 4994 2751 5050 τοὺς
2777 4995 2832 5047 δὲ
2858 4996 3165 5064 προφήτας,
3194 4993 3336 5063 οὐχί.
3387 4991 3757 5060 Ἐφιλονείκουν

2213 5089 2397 5158 μέντοι
2427 5090 2504 5151 είς
2537 5088 2636 5158 τὴν
2672 5089 2956 5155 εὐγένειαν
2986 5088 3248 5151 ἰσωθῆναι
3276 5087 3494 5148 αὐτοὺς,
3531 5085 3623 5138 καὶ
3655 5085 3752 5146 ἐφι-

2209 5180 2528 5251 λοτιμοῦντο
2569 5183 2663 5234 ἐπὶ
2703 5181 2780 5252 τῷ
2842 5181 3116 5252 Ἀϐραὰμ,
3182 5180 3278 5233 καὶ
3335 5180 3598 5250 πρόγονον
3624 5172 3754 5228 αὐτὸν

2207 5277 2610 5346 ἐπεγράφοντο,
2663 5275 2759 5329 ἆτε
2829 5274 2937 5328 ἀπὸ
2976 5275 3074 5343 τῆς
3125 5273 3399 5335 Χαλδαίοις
3449 5274 3597 5324 ὅντα.
3630 5260 3753 5319 Οίδέ

2219 5370 2466 5422 Ἰουδαῖοι
2498 5367 2638 5438 μετὰ
2687 5368 2907 5420 πάντων
2961 5366 3070 5419 τῶν
3126 5365 3357 5428 ἐθνικῶς
3414 5363 3647 5431 ζώντων,
3677 5354 3751 5409 καὶ

2207 5462 2432 5525 τούτους
2461 5461 2865 5515 ἐϐδελύσσοντο.

2279 5553 2464 5606 Εἰπὼν
2493 5555 2576 5607 ὅτι
2599 5596 2613 5620 ,
2633 5551 3013 5618 Κεκοπιακὼς
3038 5552 3106 5604 ἐκ
3134 5549 3244 5618 τῆς
3267 5550 3620 5618 ὁδοιπορίας,
3644 5543 3749 5596 ἔδει·

2209 5648 2297 5712 ξεν
2325 5649 2404 5701 ὅτι
2430 5648 2602 5710 οὕτως
2630 5647 2881 5712 ἐϐάδιζεν
2903 5647 3136 5708 εὐτόνως
3167 5645 3241 5707 ὼς
3266 5647 3360 5698 καὶ
3392 5645 3672 5697 κοπιάσαν
3701 5629 3748 5684 οὖ

2208 5739 2317 5808 γὰρ
2347 5738 2662 5806 ὑποζυγίοις
2688 5738 2978 5808 ἐκέχρητο,
3023 5737 3211 5789 παιδεύ
3231 5755 3295 5790 ον
3323 5738 3453 5806 ἡμῖν
3484 5735 3546 5786 τὸ
3565 5731 3750 5796 ἀπέρξτ·

2207 5848 2320 5893 τον,
2366 5831 2460 5882 καὶ
2497 5831 2571 5901 μὴ
2602 5829 2815 5880 πολλῶν
2848 5829 3077 5882 aiebat.
3129 5829 3253 5881 Ἐτὶ
3300 5828 3404 5897 γῆν
3436 5827 3514 5890 δὲ,
3540 5824 3646 5882 ἀλλ’
3672 5816 3748 5871 οὒκ
