4026 6434
272 444 408 510 1233

1323 441 1646 504 SCI—lOLIA
1683 437 1982 502 VETERA
2022 435 2104 496 IN
2143 413 2521 497 JOANNEM.

3386 439 3529 505 1234.

266 569 358 618 imi
390 566 579 636 θρόνου
612 557 924 631 καθέζεται,
958 565 1052 618 καὶ
1082 563 1235 634 παρά
1258 565 1412 633 πηγῇ
1440 561 1530 614 διὰ
1559 560 1619 629 τὸ
1640 557 1831 628 ψύχος·

1943 569 2070 606 vero
2095 561 2150 606 et
2177 569 2282 606 non
2313 553 2365 606 in
2395 551 2650 606 cathedra
2684 552 2856 617 sedet,
2906 561 2960 608 et
3011 555 3167 622 juxta
3222 553 3424 611 fontem
3454 560 3526 612 ob

263 659 354 712 διὰ
392 657 550 710 τοῦτο
580 661 675 710 καλ¹
711 661 740 710 6
767 657 1164 727 εὐαγγελιστὴς
1217 656 1423 726 ἐδήλου·
1459 650 1573 708 Ἦν
1593 652 1662 705 δὲ
1693 649 1838 704 ὡσεὶ

166 774 174 783 ο
261 751 385 819 ὥρα
415 751 580 818 ἕκτη.
607 751 680 803 Τὸ
708 751 764 804 δὲ
794 751 997 819 ἄτυφον
1025 749 1188 802 αὑτοῦ
1234 749 1486 818 φαίνεται
1513 749 1576 799 ἐκ
1605 743 1700 797 τοῦ
1735 743 1835 812 μό-

263 861 354 896 νον
395 843 822 912 καταλειφθῆναι
850 845 907 896 ὲν
935 844 1000 912 τῇ
1036 841 1159 911 ὁδῷ,
1187 844 1282 894 καὶ
1313 841 1373 893 τὸ
1402 840 1531 910 περὶ
1579 838 1679 900 τὰς
1709 852 1836 906 τρο-

263 939 375 1004 φὰς
426 936 774 1004 ἠμελημένον
813 937 878 988 ἐκ
912 935 1006 987 τοῦ
1061 934 1318 987 ἀπελθεῖν
1394 934 1522 994 τοὺς
1585 929 1838 1000 μαθητὰς

262 1027 535 1096 ἀγοράσαι
561 1025 766 1094 τροφὰς
797 1025 1091 1078 δείκνυται.
1142 1025 1252 1077 Καὶ
1284 1025 1411 1092 μετ’
1467 1022 1662 1090 ὀλίγίιο
1712 1019 1840 1082 Πῶς

259 1117 504 1180 δύναται,
538 1117 724 1185 φησὶν,
767 1115 881 1178 ἴσος
916 1112 1055 1168 εἶναι
1082 1117 1109 1168 6
1141 1115 1267 1177 Υἱὸς
1295 1114 1369 1184 τῷ
1397 1113 1606 1183 Πατρί;
1652 1111 1708 1164 Ὀ
1731 1111 1840 1180 γὰρ

258 1208 393 1270 Θεὸς
423 1206 676 1260 οὐδέποτε
707 1207 894 1277 κοπιᾷο
927 1209 954 1258 6
981 1207 1032 1258 δὲ
1074 1206 1281 1275 Ἰησοῦς
1314 1205 1596 1257 ἐκοπίασε.
1630 1204 1834 1255 Ἀκουε

259 1301 371 1366 γὰρ
424 1297 522 1352 τοῦ
581 1300 863 1370 προφήτου
899 1299 1148 1366 λέγοντος
1212 1296 1460 1350 Ἠσαϊουο
1523 1295 1584 1347 ’0
1618 1295 1761 1359 Θεὸς
1806 1295 1838 1346 ό

258 1387 520 1454 αἰώνιος,
546 1391 580 1442 ὀ
603 1389 750 1454 Θεὸς
767 1392 800 1443 ό
821 1388 1286 1454 κατασκευάσας
1307 1389 1380 1442 τὰ
1396 1389 1547 1456 ἄκρα
1569 1385 1680 1453 τῆς
1703 1382 1836 1454 γῆς,

258 1481 334 1533 οὺ
355 1479 647 1544 πεινάσει,
673 1480 814 1535 οὐδὲ
840 1482 1138 1535 κοπιάσει·
1171 1481 1313 1535 οὐδὲ
1331 1481 1503 1534 ἔστιν
1528 1481 1839 1548 ἑξεύρεσις

258 1570 372 1638 τῆς
391 1571 741 1640 φρονήσεως
771 1574 978 1627 αὑτοῦ.
1027 1573 1291 1644 Σύμφημι
1342 1571 1498 1642 κάγώ
1525 1590 1630 1634 σοι,
1666 1573 1802 1626 Εὺνό
1821 1600 1837 1612 .

259 1679 378 1731 μιε,
409 1665 491 1717 ὄτι
544 1663 677 1728 Θεὸς
711 1665 966 1718 οὐδέποτε
1003 1667 1187 1736 κοπιᾷ·
1240 1665 1356 1718 ἀλλ’
1386 1664 1462 1718 ὅτ’
1496 1665 1562 1718 ἂν
1594 1663 1837 1735 ἀκούσῃς

270 1753 484 1822 Ἰησοῦν
537 1754 929 1808 κεκοπιακέναι
973 1756 1038 1808 ἐκ
1073 1755 1174 1824 τῆς
1231 1755 1567 1828 ὁδοιπορίας,
1611 1753 1688 1825 μὴ
1743 1754 1836 1807 τὸν

251 1845 393 1897 Θεὸν
443 1845 615 1914 Λόγον
653 1846 742 1898 τὸν
789 1849 849 1900 ὲν
898 1847 1046 1917 αὐτῷ
1095 1848 1368 1916 φαντάζου
1417 1848 1832 1910 κεκοπιακέναι,

1944 654 2136 698 :estum
2180 662 2194 698 :
2237 645 2308 699 ob
2346 659 2464 696 eam
2510 659 2620 697 rem
2673 659 2893 714 quoque
2951 647 3286 716 evangelista
3331 649 3465 702 dicit
3510 667 3526 704 :

1949 731 2085 784 Erat
2108 741 2282 784 autem
2325 732 2455 785 liora
2492 734 2648 804 quasi
2687 745 2859 788 sexta.
2901 735 3052 791 Illius
3099 747 3281 791 autem
3311 754 3342 792 a
3380 739 3528 794 fastu

1944 825 2156 879 aversio
2191 826 2435 880 cernitur
2477 827 2529 880 in
2565 842 2630 882 eo
2655 828 2800 898 quod
2844 831 2995 885 solus
3037 831 3090 884 in
3141 831 3336 886 itinere
3372 833 3528 886 iuve-

1945 914 2094 968 nitur
2126 923 2177 968 ct
2211 916 2359 970 illius
2391 918 2535 971 circa
2569 918 2722 972 cibos
2748 919 3115 976 indifferentia
3142 938 3208 975 ex
3245 938 3310 976 eo
3342 933 3529 978 osten-

1944 1008 2092 1061 ditur
2120 1010 2262 1078 quud
2301 1009 2559 1078 discipuli
2592 1010 2841 1074 abierant
2869 1022 2927 1067 ut
2969 1014 3124 1069 cibos
3151 1026 3417 1070 emerent.
3456 1016 3526 1069 Et

1942 1099 2102 1167 paulo
2127 1109 2243 1166 post
2275 1116 2293 1152 :
2319 1099 2608 1166 Quomodo
2643 1111 2844 1170 potest,
2878 1103 3102 1167 dicitur,
3143 1106 3371 1174 aequalis
3403 1122 3528 1162 esse

1945 1194 2090 1247 lilius
2119 1194 2300 1262 patri?
2327 1209 2434 1248 non
2468 1195 2612 1248 enim
2660 1195 2804 1252 Deus
2834 1213 3073 1268 unquam
3107 1199 3400 1268 fatigatur;
3434 1199 3526 1253 Je-

1943 1301 2037 1340 sus
2085 1301 2216 1339 vero
2274 1285 2556 1356 fatigatus,
2595 1300 2735 1343 erat.
2803 1291 2940 1344 Audi
3001 1293 3148 1344 enim
3199 1293 3520 1361 prephetam

1943 1377 2138 1432 Isaiam
2185 1378 2456 1434 dicentem
2505 1397 2518 1433 ι
2565 1379 2702 1434 Deus
2735 1393 2982 1444 retentus,
3019 1383 3156 1437 Deus
3196 1385 3285 1454 qui
3324 1386 3527 1437 conati--

1945 1469 2044 1520 tuit
2089 1478 2244 1524 terra:
2269 1471 2656 1533 extremitates,
2679 1489 2780 1526 non
2803 1476 3020 1536 esui-iet,
3045 1491 3146 1527 non
3167 1474 3522 1543 fatigabitur;

1939 1577 2045 1614 non
2092 1572 2167 1616 est
2207 1563 2436 1616 inventio
2481 1563 2630 1617 illius
2679 1566 2996 1634 prudentitr.
3040 1597 3108 1608 —-
3160 1566 3416 1622 Concedo
3466 1575 3523 1621 et

1941 1669 2042 1724 ago
2071 1654 2190 1717 tibi,
2239 1653 2528 1722 Eunomie,
2582 1654 2754 1712 Deum
2801 1673 3082 1727 nunquam
3137 1657 3390 1727 fatigari;
3424 1658 3522 1713 sed

1941 1747 2163 1816 quando
2192 1748 2432 1802 audieris
2474 1746 2661 1804 Jesum
2697 1749 2983 1820 fatigatum
3027 1764 3148 1805 esse
3194 1765 3261 1803 ex
3307 1749 3522 1814 itinere,

1945 1841 2058 1893 noli
2088 1839 2347 1896 arbitrari
2375 1839 2550 1896 Deum
2597 1840 2833 1897 Verbum
2868 1844 2921 1896 in
2959 1843 3052 1898 Illo
3085 1841 3392 1913 fatigatum,
3428 1843 3524 1897 sed

251 1936 396 1990 ἀλλὰ
425 1903 636 2008 τῆν’τοῦ
661 1937 848 1991 δούλου
887 1903 1124 2008 μοριρήνἰ
1158 1903 1298 2003 Θεὸς,
1317 1939 1427 2010 γὰρ
1455 1939 1577 1992 οὐδὲ
1613 1903 1831 1991 πώποτε

1943 1930 2173 1986 formam
2209 1934 2353 1988 servi
2383 1950 2398 2000 ;
2439 1933 2584 1989 Deus
2613 1935 2761 1990 enim
2798 1949 3078 2006 nunquam
3117 1933 3398 2005 fatigatur,
3428 1936 3528 1988 do-

249 2029 448 2101 κοπιᾷ,
478 2028 650 2094 πάθος
683 2030 784 2085 οὐκ
817 2033 1146 2101 ἐπιδέχεται.
1186 2033 1310 2086 Ὅτι
1344 2032 1403 2085 δὲ
1431 2033 1461 2084 6
1499 2032 1636 2096 Θεὸς
1661 2031 1833 2100 Λόγος

249 2116 327 2191 ἦν
353 2124 418 2192 τῇ
467 2120 562 2176 τοῦ
597 2122 786 2176 δούλου
832 2127 1041 2194 μορφῇ,
1092 2123 1299 2192 λεγέτω
1349 2123 1445 2178 καὶ
1487 2125 1514 2176 6
1555 2123 1832 2194 Ἰωάννηςο

244 2213 365 2268 Καὶ
395 2217 430 2267 ό
457 2217 649 2286 Λόγος
693 2215 852 2286 σὰρξ
900 2215 1159 2285 ἐγένετο,
1207 2217 1305 2270 καὶ
1361 2213 1718 2282 ἐσκήνωσεν
1763 2214 1835 2266 ἐν

245 2306 420 2374 ἡμῖν·
456 2308 518 2360 οὑ
565 2310 796 2378 τραπεὶς
850 2308 948 2360 καὶ
1009 2305 1391 2376 μεταϐληθεὶς,
1447 2305 1585 2358 ἀλλά
1646 2303 1826 2369 σάρκα

244 2398 602 2468 προσλαϐών.
627 2401 744 2455 Ἵνα
780 2395 873 2454 οὖν
901 2399 1085 2470 δειχθῇ
1117 2401 1199 2453 ὅτι
1231 2400 1324 2452 καὶ
1369 2397 1658 2468 ἄνθρωπός
1691 2399 1830 2461 ἐστι,

243 2495 609 2547 κεκοπίακεν.

328 2585 448 2645 Πῶς
475 2587 502 2638 6
525 2584 701 2653 λέγων
729 2588 808 2648 εἰς
837 2587 994 2640 πόλιν
1026 2582 1386 2656 Σαμαρειτῶν
1417 2582 1493 2654 μὴ
1537 2581 1829 2643 εἰσελθεῖν,

242 2675 620 2747 Σαμαρείταις
653 2677 954 2744 διελέγετο;
985 2679 1138 2732 Κατὰ
1169 2677 1342 2747 τύχην
1365 2675 1589 2745 ἐξῆλθεν
1626 2676 1657 2744 ἡ
1689 2672 1830 2744 γυνὴ

239 2769 515 2839 ἀντλῆσαι
548 2769 711 2842 ὕδωρο
749 2770 826 2842 τῷ
879 2770 936 2822 δὲ
993 2768 1214 2840 Χριστῷ
1247 2769 1279 2838 ή
1335 2765 1574 2837 καθέδρα
1605 2763 1698 2818 διὰ
1737 2764 1830 2817 τὸν

242 2857 424 2912 κόπον
447 2858 692 2928 γέγονεν,
717 2861 777 2913 οὐ
805 2861 912 2932 μὴν
937 2860 1026 2914 διὰ
1053 2861 1155 2932 τὴν
1181 2861 1440 2929 γυναῖκα.

323 3042 496 3096 Πόθεν
521 3041 686 3096 αὑτὸν
721 3041 980 3096 Ἰουδαῖον
1021 3042 1317 3113 ἐγνώρισεν
1363 3039 1526 3106 ὄντας
1569 3040 1703 3094 Ἀπὸ
1733 3038 1827 3092 τοῦ

242 3138 532 3211 σχήματος
555 3139 651 3192 καὶ
679 3138 788 3191 ἀπὸ
819 3139 918 3209 τῆς
949 3137 1154 3208 φωνῆς.

1938 2024 2104 2080 lurem
2139 2041 2248 2080 non
2285 2026 2508 2096 patitur.
2535 2025 2639 2082 Sed
2674 2029 2818 2098 quod
2844 2029 2987 2084 Dens
3011 2026 3254 2084 Verbum
3282 2035 3432 2084 esset
3464 2027 3522 2082 in

1937 2118 2078 2173 servi
2111 2119 2308 2185 forma,
2339 2119 2783 2176 dicatJoannes:
2814 2120 2883 2174 Et
2915 2120 3140 2176 Verbum
3168 2136 3292 2174 caro
3319 2119 3523 2190 factum

1934 2220 2035 2275 est,
2057 2222 2106 2266 et
2129 2211 2387 2266 habitavit
2419 2213 2473 2266 in
2495 2213 2665 2268 nobis.
2688 2212 2804 2268 Non
2832 2230 3183 2278 conversum,
3206 2228 3314 2267 non
3340 2222 3526 2269 trans-

1938 2313 2234 2366 mutatnm,
2274 2305 2366 2359 sed
2405 2320 2626 2361 carnem
2666 2322 2989 2373 assumens;
3029 2316 3092 2362 ut
3149 2307 3317 2377 igitur
3342 2315 3526 2361 osten-

1936 2395 2158 2451 deretur
2184 2399 2314 2468 quia
2343 2399 2508 2453 homo
2537 2407 2639 2464 est,
2679 2399 2938 2468 fatigatus
2969 2409 3074 2454 est.

2013 2581 2176 2638 Vsus.
2211 2583 2266 2637 7.
2295 2583 2583 2650 Quomodo
2608 2585 2702 2655 qui
2735 2585 2954 2640 dicebat
2983 2600 3092 2641 non
3121 2587 3330 2643 intrare
3358 2589 3410 2642 in
3436 2589 3524 2644 ei-

1936 2673 2161 2727 vitatem
2197 2671 2699 2740 Samaritanorum,
2733 2674 3523 2748 cumSamaritanisloqueba-

1935 2764 2055 2819 tur?
2082 2762 2246 2821 Forte
2290 2766 2443 2822 venit
2491 2767 2692 2822 mulier
2743 2769 2810 2823 ad
2859 2768 3219 2824 hauriendam
3271 2785 3516 2840 aquam;

1933 2858 2188 2914 Christus
2236 2867 2418 2915 autem
2452 2860 2672 2916 sederat
2701 2871 2926 2932 propter
2960 2861 3370 2930 lassitudinem,
3404 2877 3518 2918 non

1933 2959 2152 3019 propter
2179 2951 2486 3007 mulierem.

2009 3037 2171 3095 Vens.
2200 3041 2250 3096 9.
2307 3042 2463 3097 Unde
2516 3041 2764 3099 Judaeum
2797 3044 2953 3100 illum
2988 3061 3110 3102 esse
3150 3047 3446 3118 cognovit?
3472 3049 3520 3103 Α

1935 3130 2266 3189 vestimento
2297 3145 2353 3189 et
2384 3149 2540 3192 voce.

311 3231 418 3298 Τὸ,
453 3231 645 3285 Πόθεν
687 3231 848 3299 ἔχεις
895 3231 963 3284 τὸ
1005 3230 1165 3297 ὕδωρ
1207 3229 1272 3283 τὸ
1314 3227 1446 3292 ζῶν,
1497 3223 1617 3281 εἷπε
1692 3227 1829 3297 πρὸς

2005 3220 2174 3278 Vens.
2207 3225 2296 3279 Η.
2330 3223 2480 3280 Unde
2505 3227 2667 3282 [tabes
2696 3244 2892 3298 aquam
2913 3230 3102 3292 vivam,
3134 3229 3267 3284 dicit
3289 3229 3343 3284 in
3367 3229 3518 3284 fonte

237 3323 348 3392 τὴν
375 3324 558 3392 πηγὴν
593 3322 921 3387 ὲξετάζουσα
953 3321 1046 3374 τοῦ
1079 3320 1293 3383 ὓδατος,
1324 3320 1386 3372 τὸ
1423 3320 1632 3372 ἐκείνου
1659 3317 1825 3388 ὕδωρ.

237 3413 383 3466 υύδὲ
411 3412 542 3484 γὰρ,
575 3413 734 3483 φησὶ,
758 3412 1024 3484 κρείττων
1048 3407 1098 3464 εἷ
1127 3413 1223 3465 τοῦ
1265 3409 1479 3472 Ἰακὼϐ,
1515 3410 1603 3462 ἵνα
1645 3411 1831 3480 κρεῖτι

236 3523 339 3559 τον
373 3504 516 3576 ὕδωρ
557 3504 686 3577 δῷς.

319 3598 443 3660 Πῶς
475 3597 622 3666 λέγει
650 3614 664 3650 °.
709 3597 919 3652 Ἰακὼϐ
940 3600 972 3650 ό
1015 3595 1209 3663 πατὴρ
1237 3593 1404 3664 ἡμῶν
1441 3595 1664 3648 ἔδωκεν
1688 3593 1832 3662 ἡμῖν

237 3691 365 3758 τὴν
386 3691 591 3760 πηγὴν
615 3691 846 3760 ταύτην
867 3707 887 3756 ;
906 3691 1026 3761 Χρὴ
1068 3688 1359 3755 γινώσκειν
1387 3689 1470 3741 ὅτι
1509 3689 1538 3740 6
1567 3688 1732 3751 τόπος
1759 3682 1824 3757 ἧν

236 3786 377 3839 ἔνθα
428 3786 557 3856 περὶ
589 3785 688 3854 τῆς
715 3785 904 3848 Δείνας
926 3785 976 3837 οἱ
1023 3783 1153 3854 περὶ
1181 3783 1272 3836 τὸν
1323 3781 1456 3836 Λενῖ
1484 3783 1577 3835 καὶ
1601 3779 1828 3851 Συμεὼν

233 3876 706 3946 ἀγανακτοῦντες,
765 3878 858 3930 τὸν
927 3876 1166 3948 χαλεπὸν
1218 3877 1430 3928 ἐκεῖνον
1491 3875 1827 3945 εἰργάσαντο

235 3969 426 4040 φόνον.

316 4061 476 4112 Ποῖόν
508 4060 623 4112 ἐστι
663 4058 722 4112 τὸ
752 4057 896 4128 ὕδωρ
945 4059 1004 4111 τὸ
1039 4057 1148 4124 ζῶν
1175 4058 1204 4110 ὃ
1231 4057 1380 4125 λέγει
1412 4056 1647 4127 Χριστὸς
1681 4072 1825 4126 παρ-

233 4150 428 4220 (iam;
467 4149 527 4204 Ὀ
561 4149 846 4220 καθαρμὸς
876 4149 935 4214 ἐξ
959 4149 1147 4216 αὐτοῦ,
1167 4148 1259 4203 καλ¹
1285 4149 1317 4218 ἡ
1357 4146 1654 4218 παραψυχὴ
1686 4148 1720 4216 ἡ
1761 4146 1826 4196 ὲκ

237 4243 505 4304 πίστεως.

317 4336 390 4389 Τὸ
411 4379 425 4403 ,
453 4338 519 4390 Ol
540 4335 792 4406 πατέρες
823 4332 993 4403 ’ἡμῶν
1019 4332 1090 4386 ἐν
1123 4331 1200 4398 τῷ
1243 4331 1363 4398 ὄρει
1395 4329 1586 4396 τούτῳ
1632 4341 1824 4397 προσ-

1932 3313 2254 3383 εᾳυῖείιιὶιιε
2281 3331 2482 3385 aquam
2507 3319 2826 3388 exquirens.
2853 3318 3108 3388 Nunquid
3151 3323 3324 3388 enim,
3353 3321 3510 3384 dicit,

1932 3407 2109 3477 major
2137 3423 2198 3464 es
2227 3406 2418 3477 Jacnh,
2450 3418 2509 3464 ut
2536 3411 2816 3466 meliorem
2843 3411 2942 3468 des
2968 3415 3211 3483 aquam?

2001 3587 2170 3642 Vens.
2218 3591 2302 3644 l2.
2345 3590 2631 3658 Quomodo
2663 3592 2796 3648 dicit
2837 3613 2850 3648 :
2902 3593 3070 3649 Iacob
3126 3609 3281 3665 pater
3331 3609 3516 3654 noster

1929 3681 2074 3737 dedit
2111 3683 2258 3738 nobis
2302 3685 2442 3738 hunc
2470 3689 2729 3755 puteum?
2759 3685 2995 3757 Oportet
3031 3689 3174 3746 seire
3209 3691 3355 3748 hunc
3388 3707 3514 3749 esse

1930 3773 2113 3829 locum
2147 3775 2239 3830 ubi
2267 3786 2488 3846 prepter
2524 3777 2713 3834 Dinatn
2747 3781 2840 3834 lilii
2877 3780 3004 3837 Levi
3045 3790 3100 3837 et
3131 3783 3351 3838 Sitneon
3384 3785 3508 3840 irati

1931 3877 2173 3924 atrocem
2206 3869 2350 3924 hanc
2375 3870 2580 3926 eadem
2610 3871 2873 3928 fecerant.

2006 4057 2168 4113 Vens.
2219 4058 2307 4114 Η.
2355 4060 2544 4127 Qualis
2595 4069 2680 4118 est
2733 4077 2876 4132 aqua
2924 4063 3113 4118 vivens
3160 4079 3324 4134 quam
3379 4065 3514 4120 dicit
3599 4121 3602 4124 .

1937 4149 2189 4205 Christus
2217 4151 2518 4206 Prtesmre?
2547 4153 2854 4222 puriﬁcatio
2897 4171 3019 4222 quae
3067 4171 3132 4210 ex
3161 4156 3280 4226 ipso
3303 4166 3408 4223 est,
3455 4169 3512 4214 et

1925 4240 2171 4296 levamen
2205 4244 2350 4311 quod
2378 4253 2553 4298 estex
2589 4243 2716 4300 ﬁde.

1998 4333 2162 4388 Vsus.
2196 4334 2288 4389 20.
2317 4334 2504 4390 Patres
2532 4339 2701 4391 nostri
2723 4339 2774 4390 in
2795 4349 2969 4392 monte
2992 4341 3093 4394 isto
3125 4332 3506 4408 «duraverunt,

229 4431 575 4494 εκύνησαν,
607 4430 733 4490 τοὺς
773 4429 901 4499 περὶ
948 4427 1041 4480 τὸν
1101 4424 1351 4494 Ἀϐραὰμ
1380 4423 1548 4494 δηλοῖο
1585 4423 1680 4476 καὶ
1713 4422 1820 4492 γὰρ

1943 4424 1992 4477 le
2030 4426 2304 4480 Abraham
2337 4427 2500 4495 dicit;
2545 4429 2746 4484 ctenim
2806 4430 2917 4486 illic
2949 4431 3130 4486 fertur.
3154 4434 3301 4490 hunc
3325 4436 3500 4491 lilium

229 4523 359 4575 ἐκεῖ
389 4538 520 4590 φασι
541 4522 631 4574 τὸν
662 4520 772 4573 υἱὸν
801 4518 1204 4590 ἁνενηνοχέναι.

315 4613 440 4677 Πῶς
453 4614 620 4682 λέγει,
637 4614 718 4666 ὅτι
760 4611 958 4681 Ὑμεῖς
985 4608 1380 4678 προσκυνεῖτε
1402 4606 1433 4662 ὃ
1458 4608 1569 4661 οὐκ
1592 4604 1826 4668 οἵδιιτε;
1862 4607 1902 4661 D

231 4707 366 4759 Ὀτι
399 4705 621 4776 μερικὸν
651 4703 781 4756 Θεὸν
804 4703 900 4756 καὶ
914 4701 1138 4754 τοπικὸν
1167 4699 1416 4768 ἐνόμιζον
1440 4692 1616 4750 εἶναι’
1645 4695 1822 4750 οὕτως

232 4797 353 4866 γὰρ
376 4799 472 4849 καὶ
501 4797 740 4866 Πέρσαις
777 4797 1094 4866 πέμψαντες
1145 4791 1511 4862 ἀπήγγειλαν,
1541 4790 1624 4843 ὅτι
1655 4788 1684 4840 6
1723 4786 1819 4841 τοῦ

229 4890 412 4944 τόπου
441 4888 572 4952 Θεὸς
589 4889 785 4951 αὐτοὺς
801 4887 1140 4955 λυμαίνεται.
1167 4885 1291 4948 Πῶς
1309 4884 1476 4953 λέγει,
1499 4885 1583 4936 ὅτι
1627 4881 1822 4950 Ἡμεῖς

229 4980 705 5050 προσκυνοῦμεν
733 4979 764 5033 ὅ
803 4980 1088 5048 οἴδαμεν;
1119 4979 1259 5048 Πρὸς
1289 4977 1388 5048 τὴν
1431 4976 1688 5029 ὑπόνοιαν
1715 4974 1817 5044 τῆς

227 5069 497 5140 γυναικὸς
529 5070 698 5138 λέγει’
733 5065 845 5138 εἶχε
898 5070 1008 5140 γὰρ
1037 5068 1198 5122 αὑτὸν
1232 5069 1309 5132 ὠς
1342 5069 1634 5139 προφήτην
1680 5066 1814 5120 Ἰου-

228 5157 407 5210 δαῖον.

310 5249 603 5314 Τοιούτους
629 5250 738 5320 γὰρ
767 5253 794 5304 6
825 5251 1015 5320 Πατὴρ
1059 5250 1185 5312 τοὺς
1239 5250 1685 5321 προσκυνοῦντας
1715 5252 1816 5304 αὐ·

230 5343 330 5397 τὸν
352 5344 526 5414 ζητεῖ,
557 5344 685 5408 τοὺς
708 5343 783 5414 μὴ
810 5344 958 5413 τόπῳ
983 5361 1047 5395 πε
1057 5343 1394 5412 ρικλεῐοντας
1422 5343 1520 5411 τὴν
1539 5343 1814 5412 λατρείαν.

313 5438 536 5508 Πνεῦμα
562 5439 591 5491 ὀ
617 5438 748 5501 Θεὸς
800 5439 859 5492 τὸ
889 5437 1178 5504 ἀσώματον
1202 5437 1373 5504 λέγει.
1403 5441 1497 5491 καὶ
1526 5438 1610 5491 ὅτι
1649 5439 1680 5506 ἡ
1712 5437 1810 5491 λα-

232 5533 398 5604 τρεία
434 5533 600 5586 αὑτοῦ
654 5531 945 5602 ἀσώματος
979 5531 1122 5584 θέλει
1155 5525 1317 5594 εἶναι,
1363 5531 1457 5583 καὶ
1506 5530 1595 5584 διὰ
1626 5529 1722 5583 τοῦ
1757 5531 1816 5583 έν

236 5627 384 5695 ἡμῖν
403 5623 696 5692 ἀσωμάτου
724 5623 1108 5696 προέρχεσθαι.

315 5715 488 5770 Πόθεν
514 5717 854 5787 Σαμαρεῖται
892 5717 952 5768 τὸ
986 5715 1292 5786 προσδοκᾷν
1337 5713 1427 5767 τὸν
1458 5715 1695 5784 Χριστὸν
1729 5712 1812 5769 εἴ·

236 5827 358 5880 χον,
388 5819 482 5861 τὸν
516 5809 720 5862 Μωσέα
743 5809 922 5880 μόνον,
959 5808 1075 5863 ἀλλ’
1109 5809 1169 5861 οὐ
1199 5809 1326 5870 τοὺς
1354 5807 1640 5877 προφήτας
1667 5807 1818 5883 ἔχον)

235 5915 372 5962 τες;
420 5898 515 5952 Ἐκ
550 5897 645 5952 τοῦ
675 5899 853 5980 λέγειν
887 5899 977 5953 τὸν
1015 5897 1232 5965 Ἰακὼϐ,
1270 5901 1351 5952 ὅτι
1389 5901 1511 5951 Ουκ
1542 5897 1816 5967 ἐκλείψει

1925 4517 2209 4572 obtulisse.

2008 4606 2173 4661 Vsus.
2218 4608 2307 4662 Ἡ.
2347 4610 2636 4674 Quomodo
2689 4611 2821 4666 dicit
2864 4630 2878 4666 :
2933 4610 3032 4667 Vos
3091 4614 3331 4671 adoratis
3365 4619 3506 4688 (ιιιίά

1930 4699 2182 4752 nescitis?
2206 4698 2346 4765 Quia
2373 4701 2759 4770 particularem
2803 4712 2856 4758 et
2887 4705 3115 4759 Ioealem
3151 4705 3320 4761 Deum
3347 4721 3508 4779 puta-

1930 4793 2062 4844 bant
2092 4806 2234 4847 esse.
2265 4791 2341 4846 Ita
2371 4793 2516 4846 enim
2551 4791 2734 4849 Persis
2765 4796 3044 4852 mittentes
3096 4799 3506 4868 nuntiaverant,

1929 4879 2097 4934 Deum
2132 4881 2236 4936 loci
2285 4883 2406 4937 illos
2445 4883 2784 4954 depopulari.
2839 4886 3126 4953 Quomodo
3173 4890 3348 4946 dicit:
3389 4893 3505 4948 Nos

1929 4975 2216 5028 adoramus
2248 4975 2386 5045 quod
2417 4976 2983 5034 scimus?Secundutn
3017 4983 3263 5038 mulieris
3293 4987 3509 5054 opinio-

1930 5084 2054 5123 nem
2103 5067 2368 5139 loquitur,
2412 5083 2534 5138 qum
2584 5071 2821 5126 habebat
2861 5089 2984 5127 eum
3033 5077 3356 5146 prepltetam
3411 5075 3510 5131 Ju-

1931 5159 2132 5215 dueum.

2006 5250 2160 5305 Vt-zns.
2209 5253 2299 5306 23.
2347 5251 2505 5307 Tales
2533 5253 2676 5307 enim
2705 5252 2868 5309 Pater
2906 5259 3106 5326 quaerit
3138 5260 3229 5327 qui
3265 5259 3504 5316 adorent

1889 5363 1895 5368 ·
1927 5358 2076 5406 eum,
2104 5343 2197 5412 qui
2226 5344 2344 5398 loco
2376 5360 2481 5398 non
2517 5344 2812 5400 terminent
2839 5363 2994 5402 suain
3031 5351 3426 5404 adoratinnetu.

2000 5433 2166 5488 Vsus.
2197 5435 2286 5490 24.
2318 5435 2555 5504 Spiritus
2587 5447 2670 5492 εει
2702 5436 2844 5492 Deus
2871 5441 3258 5510 incorporalis,
3297 5442 3500 5512 inquit,

1927 5536 1981 5582 et
2016 5527 2161 5582 illius
2191 5527 2439 5582 adoratio
2470 5528 2832 5598 incorporalis
2859 5532 3022 5585 ctiam
3069 5549 3191 5588 esse
3220 5534 3402 5596 debet,
3449 5543 3505 5590 et

1925 5634 1990 5674 ex
2033 5621 2360 5690 incorporali
2397 5629 2580 5674 nostra
2613 5631 2768 5691 parte
2796 5623 2968 5677 exire.

2001 5711 2168 5767 Vens.
2202 5713 2294 5768 25.
2330 5712 2484 5768 Unde
2515 5712 2849 5785 Samaritani
2885 5718 3324 5786 expectationem
3355 5719 3492 5776 Mes-

1928 5805 2024 5860 sias
2067 5804 2362 5870 habebant,
2409 5806 2500 5876 qui
2536 5821 2733 5877 nempe
2787 5807 3026 5880 Moyscm
3074 5811 3249 5867 solum
3293 5822 3348 5868 et
3394 5829 3502 5868 non

1926 5898 2226 5972 prophetas
2258 5897 2654 5956 admittebant?
2679 5901 2720 5956 Ε
2753 5902 2933 5959 verbis
2961 5901 3130 5960 Jacob
3160 5920 3176 5960 :
3209 5899 3329 5957 Non
3357 5904 3503 5972 aufe-
