4026 6406
235 331 370 440 ιέθτ

1299 375 1620 436 SCHOLIA
1663 373 1964 437 VETERA
2006 375 2090 438 IN
2127 375 2504 438 JOANNEM.

3370 369 3509 436 19.33

306 461 432 536 Ὅτι
462 481 522 536 τ’)
551 485 607 536 ἐν
635 485 702 556 τῇ
739 484 1046 557 προϐατικῇ
1079 485 1436 560 κολυμϐήθρᾳ
1467 487 1814 560 τελούμενον,

1999 485 2160 540 Vens.
2191 485 2246 537 ‘2.
2277 485 2431 550 Quod
2477 485 2531 537 in
2563 481 2840 553 prohatica
2863 482 3074 554 piscina
3105 483 3506 554 complebatur,

232 575 403 639 τύπος
432 571 500 648 ἦν
529 576 624 630 τοῦ
656 578 1053 648 βαπτίσματος.

307 666 434 722 Ὅτι
463 665 558 732 οὓς
594 669 796 740 ἀπῄτει
840 669 1027 724 πίστιν
1071 671 1132 725 οὐ
1181 670 1286 743 πρὸ
1335 671 1447 725 τῶν
1495 672 1815 744 θαυμάτων,

233 757 375 811 ἀλλὰ
434 759 576 831 μετά
618 760 680 814 τὸ
737 761 868 816 ἰδεῖν
927 763 1091 818 αὑτὸν
1148 763 1406 836 θαύματα
1478 766 1822 838 πεποιηκότα

231 851 458 925 ἀπῄτει.

307 941 449 1018 Ἦρε
473 947 530 1002 δὲ
555 947 647 1001 τὸν
673 947 868 1004 ἑαυτοῦ
895 950 1224 1022 κράϐαττον,
1250 951 1440 1022 ἔπειὸὴ
1457 951 1574 1024 ἅμα
1593 951 1816 1024 ἤκουσε,

234 1038 542 1102 πιστεύσας
572 1040 803 1112 ἠγέρθη.
839 1041 938 1094 Διά
971 1041 1022 1096 τί
1067 1043 1168 1096 οὐκ
1199 1043 1477 1114 ἐρωτῶσιν
1516 1043 1699 1110 αὐτόν,
1726 1042 1823 1107 Τίς

235 1132 388 1185 ἐστιν
417 1133 446 1185 ὁ
488 1133 726 1204 ποιήσας
782 1134 910 1204 ὑγιῆ
941 1153 956 1200 ;
987 1134 1124 1201 ἀλλ’,
1167 1136 1220 1188 '0
1260 1137 1444 1190 εἰπών
1467 1153 1566 1190 σοι
1593 1155 1606 1168 ·
1635 1133 1826 1206 τΑρον

234 1223 348 1276 τὸν
376 1224 712 1294 κράϐϐατόν
736 1243 884 1292 σου;
917 1227 1054 1282 Ἀπὸ
1084 1229 1285 1300 πολλῆς
1315 1232 1682 1301 κακουργίας·
1712 1233 1825 1287 ἄνω

235 1317 350 1389 γὰρ
396 1320 492 1372 καὶ
535 1319 689 1373 κάτω
735 1319 835 1392 τὴν
884 1322 1152 1377 δοκοῦσαν
1198 1323 1514 1396 παράϐασιν
1546 1327 1628 1390 εἰς
1661 1326 1827 1397 μέσον

235 1405 377 1481 ἦγον
416 1411 511 1466 τοῦ
542 1414 846 1471 Σαϐϐάτου.

313 1505 412 1559 Διά
445 1505 496 1558 τί
527 1506 778 1572 ἐξένευσε
804 1509 1041 1580 ποιήσας
1073 1509 1133 1563 τὸ
1163 1509 1378 1580 θαῦμας
1404 1511 1525 1564 Ἵνα
1563 1511 1638 1583 μὴ
1665 1511 1828 1566 πλέον

241 1597 642 1670 παρασκευάσῃ
673 1599 872 1664 αὐτοὺς
915 1599 1184 1670 ὲκκαῆναι
1209 1617 1223 1631 ο
1248 1596 1358 1656 οἵδε
1415 1603 1526 1672 γάρ
1563 1603 1655 1656 καὶ
1707 1601 1831 1673 ὄψις

245 1689 389 1760 μόνη
428 1689 523 1743 τοῦ
572 1690 1036 1763 διαφθονουμένου
1076 1693 1138 1747 οὐ
1193 1695 1393 1768 μικρὸν
1451 1696 1564 1760 τοῖς
1600 1695 1832 1766 βασκαί-

237 1796 428 1834 νουσιν
449 1781 653 1836 ἐνιέναι
675 1782 973 1856 σπινθῆρα.
1077 1838 1090 1854 ,

316 1876 416 1928 Διά
441 1874 492 1927 τί
521 1875 689 1946 λέγει’
725 1833 1373 1949 'Ide,uurt1‘1c.rérora¢,
1395 1879 1610 1950 μηκέτι
1650 1880 1832 1951 άμάρ-
1864 1833 1910 1896 Β

239 1981 423 2032 tare;
471 1965 626 2036 ’Ἀμα
677 1967 780 2038 μὲν
817 1968 902 2022 ὅτι
944 1968 1004 2033 ἐξ
1051 1969 1340 2041 ἁμαρτιῶν
1382 1971 1577 2044 ἐτέχθη
1615 1972 1694 2043 τῷ
1731 1971 1832 2026 ἀν-

241 2056 457 2128 Θρὼπῳ
502 2058 564 2112 τὺ
609 2058 864 2130 νόσημαο
917 2059 1111 2114 ἔπειτα
1155 2062 1213 2116 δὲ
1257 2062 1344 2117 ἵνα
1395 2063 1660 2136 μάθωμεν
1693 2065 1830 2137 ὡςή

241 2147 608 2220 ἀτελεύτητος
657 2151 900 2219 κόλασις,
947 2154 1048 2208 οὐκ
1081 2153 1192 2225 ἔχει
1224 2157 1674 2212 ἀποκατάστασιν
1699 2173 1716 2190 ο
1741 2151 1835 2210 οὗ·

241 2259 342 2304 τος
381 2243 490 2315 γάρ
520 2245 870 2318 ἁμαρτήσας,
903 2246 1104 2318 μικροῦ
1143 2249 1253 2302 δεῖν
1284 2248 1413 2320 ὃλην
1441 2249 1587 2322 ζωὴν
1621 2249 1836 2322 ἀνθρώ-

243 2353 356 2389 που
398 2337 711 2402 ἐκολάζετο.
746 2339 882 2393 υύδὲ
923 2340 1034 2411 γὰρ
1061 2341 1122 2392 ὲν
1153 2341 1330 2413 χρόνῳ
1359 2341 1428 2396 τά
1455 2343 1838 2416 ἁμαρτήματα

244 2428 522 2510 κρίνεται,
565 2431 681 2484 ἀλλ’
712 2432 770 2484 ὲν
819 2433 958 2506 αὐτῇ
989 2436 1054 2506 τῇ
1098 2432 1260 2502 φύσει
1291 2434 1401 2487 τῶν
1431 2433 1838 2506 πεπλημμελη-

250 2523 435 2594 μένων
461 2541 475 2555 ·
510 2526 603 2578 καὶ
641 2525 800 2579 τοῦτο
839 2528 897 2581 δὲ
933 2529 1304 2600 μανθάνομεν,
1326 2529 1408 2584 ὅτι
1455 2529 1558 2583 κᾶν
1592 2529 1840 2600 χαλεπὴν

245 2617 434 2688 δῶμεν
475 2619 616 2689 ὑπὲρ
646 2620 934 2692 ἁμαρτιῶν
981 2622 1162 2692 δίκην,
1205 2618 1324 2676 εἶτα
1367 2623 1480 2683 τοῖς
1527 2623 1712 2686 αὐτοῖς
1745 2639 1842 2675 πε-

251 2713 592 2782 ριπέσωμεν,
627 2713 986 2786 χαλεπώτερα
1027 2715 1210 2786 πολλῷ
1249 2716 1556 2785 πεισόμεθα
1593 2717 1798 2786 μᾶλλον
1824 2733 1837 2748 ·

247 2805 332 2870 ὡς
381 2807 704 2880 ἀναίσθητος
766 2808 876 2880 γάρ
925 2810 1016 2864 καὶ
1074 2810 1496 2882 καταφρονητὴς
1551 2811 1844 2875 κολάζεται

248 2899 400 2954 τότε.
445 2901 558 2954 Καὶ
595 2902 686 2955 διὰ
715 2902 770 2955 τί
812 2903 874 2956 ού
910 2903 1113 2968 πάντες
1159 2898 1262 2958 ὧδε
1294 2903 1681 2968 παιδεύονταις
1718 2906 1845 2960 ’Ότι

255 2993 608 3064 μακροτέρας
639 2995 868 3064 δέονται¹
889 2996 1188 3061 κολάσεως,
1226 2997 1260 3069 ἢ
1293 2997 1436 3052 κατὰ
1471 2999 1662 3070 χρόνον
1694 2999 1844 3070 ζωῆς

250 3082 610 3156 ἀνθρωπίνης
632 3102 646 3115 ’
693 3086 788 3140 καὶ
825 3087 907 3140 ὅτι
952 3087 1111 3141 τοῦτό
1147 3089 1288 3155 ἐστι,
1326 3088 1579 3158 λέγοντος
1613 3089 1847 3144 ἄκουσον

253 3175 474 3231 Παύλου
492 3197 505 3210 ·
536 3181 884 3249 Κρινόμενοι
912 3180 978 3236 δὲ
1007 3180 1127 3238 ὑπὸ
1165 3184 1390 3252 Κυρίου
1424 3183 1844 3254 παιδευόμεθα,
1872 3203 1916 3266 C

249 3270 360 3324 ἵνα
392 3271 480 3342 μὴ
527 3274 651 3329 σὺν
703 3273 783 3342 τῷ
826 3276 1034 3344 κόσμῳ
1101 3278 1566 3347 κατακριθῶμεν.
1607 3277 1730 3332 ’Ότι
1775 3280 1846 3334 τὰ

252 3363 546 3435 νοσήματα
573 3365 606 3438 ἢ
648 3365 717 3420 δι’
745 3367 1044 3438 ἁμαρτίας,
1081 3367 1274 3441 ὥσπερ
1303 3369 1399 3424 καὶ
1424 3371 1483 3423 ἐν
1528 3372 1647 3434 ταῖς
1675 3368 1842 3424 Βασι-

253 3456 432 3522 λείαις
461 3459 680 3530 ὁρῶμέν
701 3478 824 3514 τινα
862 3460 1132 3531 ποδαλγία
1157 3461 1566 3533 κατασχεθέντα
1593 3479 1608 3494 ·
1646 3463 1743 3517 καὶ
1777 3463 1846 3518 δι’

256 3550 618 3622 εὐδοκίμησιν
653 3553 731 3616 ὡς
766 3553 862 3606 ἐπὶ
899 3552 997 3608 τοῦ
1040 3553 1160 3608 ἰώϐ
1187 3570 1201 3584 ·
1243 3555 1458 3623 γίνεται
1487 3555 1584 3610 καὶ
1618 3553 1726 3610 ἀπὸ
1751 3557 1848 3627 ῥᾳ-

257 3643 462 3715 θυμίας
486 3647 578 3700 καὶ
607 3647 718 3702 ἀπὸ
742 3647 1208 3721 γαστριμαργίας.

336 3737 460 3792 Ὀτι
510 3738 593 3807 τὸ,
663 3741 728 3794 Ὃ
781 3743 986 3808 Πατήρ
1037 3757 1152 3808 μου
1189 3739 1300 3806 ἕως
1339 3739 1472 3810 ἄρτι
1525 3740 1848 3811 ἐτι-τάζεται,

256 3829 428 3901 κάγὼ
445 3831 776 3902 ἐργάζομαι,
803 3832 864 3886 τὸ
885 3831 1175 3902 ὁμαιούσιον
1200 3830 1442 3886 δείκνυσι
1468 3847 1480 3861 ·
1511 3833 1608 3886 καὶ
1633 3833 1850 3903 ἀνάγων

259 3925 464 3987 αὐτοὺς
497 3925 616 3982 «ἵνα.
644 3925 992 3996 προσέχωσιν
1033 3924 1184 3997 αὐτῷ
1221 3923 1298 3988 ὡς
1338 3923 1459 3995 Θεῷ
1484 3939 1499 3954 ·
1533 3925 1618 3980 ὅτι
1651 3927 1684 3996 ἡ
1719 3943 1852 3999 προ-

259 4019 493 4090 νοητικὴ
532 4018 764 4090 δύναμις
802 4019 895 4072 καὶ
943 4019 1002 4071 ὲν
1035 4017 1303 4087 Σαϐϐάτῳ
1331 4016 1484 4070 ὲστί·
1536 4017 1620 4088 ῥεῖ
1658 4017 1768 4090 γὰρ
1791 4018 1852 4071 τὸ

261 4111 416 4185 ὕδωρ
445 4112 541 4168 καὶ
569 4109 1114 4184 σπερμαίνειπάντα,
1155 4112 1246 4164 καὶ
1280 4107 1436 4174 αὔξει
1467 4110 1565 4164 καὶ
1597 4112 1850 4166 κινεῖται.

338 4206 434 4271 Τὸ,
455 4207 538 4262 οὐ
560 4206 812 4262 δύναται
841 4207 876 4260 ό
906 4204 1040 4270 Υἱὸς
1061 4203 1162 4272 ἀφ’
1185 4201 1405 4278 ἑαυτοῦ
1426 4201 1623 4256 ποιεῖν
1647 4201 1852 4268 οὐδὲν,

261 4301 392 4359 ἀντὶ
411 4301 718 4367 τοῦ,¹¹ᾼνευ
743 4296 852 4354 τοῦ
873 4296 1100 4364 Πατρός
1123 4313 1137 4328 ο
1163 4295 1354 4366 ἦγουν,
1377 4293 1530 4350 οὐδὲν
1547 4293 1850 4366 ἀλλότριον,

263 4395 424 4452 οὐδὲν
437 4395 605 4462 ξένον.
623 4395 688 4448 Et
703 4392 812 4463 γὰρ
833 4390 907 4461 μὴ
921 4389 1080 4444 τοῦτό
1093 4391 1182 4441 ἐστ
1193 4405 1208 4442 ι
1221 4389 1304 4454 τὸ,
1319 4389 1384 4440 '0
1397 4388 1600 4456 Πατήρ
1611 4405 1730 4458 μου
1743 4388 1856 4456 ἕως

264 4491 400 4560 ἄρτι
410 4488 729 4560 ἐργάζεται,
748 4483 910 4553 κάγὼ
925 4483 991 4552 ἐρ
999 4481 1258 4549 γτίζὸμαι,
1273 4479 1726 4550 ἐναντιωθήσεται
1739 4480 1857 4534 τού-

1926 579 2097 647 ligura
2127 585 2245 630 erat
2276 577 2556 646 baptismi.

1991 667 2152 723 Vens.
2195 669 2249 722 ti.
2281 668 2397 723 Non
2441 669 2599 722 [idem
2641 669 2710 724 ab
2737 669 2818 724 eis
2870 671 3116 740 exigebat
3169 677 3296 722 ante
3345 665 3512 718 mira-

1924 762 2092 828 cula,
2163 761 2258 816 sed
2329 772 2620 832 postquam
2679 762 2832 816 illum
2889 762 3152 816 miracula
3217 759 3511 814 facientem

1923 853 2192 920 viderant,
2218 853 2486 923 exigebat.

1999 945 2163 1003 Vens.
2205 951 2258 1004 9.
2301 947 2448 1002 Tulit
2477 949 2762 1020 grabatum
2796 964 2978 1007 suum,
3013 963 3138 1002 cum
3167 944 3332 1000 simul
3359 944 3514 997 audi-

1925 1039 2024 1105 vit,
2058 1038 2289 1093 credens
2313 1039 2574 1093 surrexit.
2611 1037 2722 1094 Cur
2763 1055 2869 1093 non
2917 1039 3070 1092 illum
3125 1037 3464 1104 interrogant
3499 1051 3512 1088 :

1926 1129 2062 1196 Quis
2087 1138 2170 1184 est
2201 1127 2290 1200 qui
2320 1127 2448 1184 fecit
2495 1139 2546 1182 te
2575 1144 2770 1184 sanum
2797 1169 2811 1194 ,
2849 1129 2953 1196 Qui
3006 1127 3145 1180 dixit
3205 1125 3300 1179 tibi
3326 1140 3343 1177 :
3370 1123 3517 1178 Tulle

1928 1219 2209 1290 grabatum
2241 1219 2434 1282 tuum?
2459 1215 2540 1273 0b
2569 1235 2821 1289 magnam
2859 1217 3123 1272 malitiam
3149 1233 3165 1284 ;
3188 1232 3313 1270 nam
3344 1215 3517 1268 indis-

1928 1309 2260 1364 criminatim
2327 1311 2818 1380 transgressionem
2863 1325 3026 1380 quam
3092 1309 3326 1362 libuerat
3375 1305 3516 1359 intra

1932 1402 2232 1458 Sabbatum
2273 1403 2654 1458 admittebant.

2008 1495 2172 1550 Vens.
2211 1495 2300 1550 15.
2350 1495 2464 1551 Car
2508 1493 2804 1549 declinavit
2859 1502 3152 1563 postquam
3189 1491 3522 1545 miraculum

1934 1585 2201 1642 fecisset?
2227 1585 2308 1641 Ne
2347 1585 2523 1656 magis
2557 1585 2643 1640 his
2675 1584 2942 1654 prreberet
2981 1583 3328 1638 excitationis
3364 1597 3525 1636 occa-

1933 1683 2168 1734 sionem.
2202 1676 2421 1734 Sciebat
2444 1677 2590 1732 enim
2625 1677 2801 1733 visum
2834 1675 3009 1730 solum
3043 1674 3162 1744 ejus
3199 1690 3359 1746 quem
3387 1673 3523 1730 ode-

1935 1773 2046 1826 rint
2081 1787 2188 1827 non
2219 1787 2444 1843 parvam
2479 1771 2675 1827 invidis
2703 1771 2997 1828 scintillam
3033 1771 3278 1840 injicere.

2005 1863 2176 1921 Vens.
2208 1865 2297 1919 H.
2329 1864 2441 1920 Cur
2468 1864 2598 1920 dicit
2634 1883 2648 1920 :
2691 1863 2839 1928 Ecce,
2870 1880 3033 1918 sanus
3079 1863 3254 1932 [actus
3308 1879 3383 1928 es,
3415 1859 3526 1916 noli

1933 1957 2388 2030 peccare?Simul
2445 1957 2692 2029 quidem,
2747 1957 2876 2028 quia
2932 1972 2963 2012 e
3017 1956 3258 2028 peccatis
3313 1955 3528 2010 homini

1937 2053 2164 2108 morbus
2201 2039 2357 2109 ortus
2383 2061 2501 2120 est;
2529 2053 2727 2107 deinde
2757 2061 2961 2118 autem,
2997 2059 3057 2106 ut
3087 2049 3369 2105 discamus
3399 2065 3529 2119 sup-

1936 2140 2162 2212 plicium
2214 2149 2480 2196 aeternum
2515 2156 2622 2196 non
2677 2140 2880 2195 habere
2929 2138 3373 2194 redhibitionem.
3421 2135 3530 2192 Iste

1938 2232 2085 2310 enim
2121 2232 2250 2304 quia
2291 2239 2634 2303 peccaverat,
2669 2230 2784 2286 fere
2825 2239 2997 2285 totam
3039 2229 3280 2284 hominis
3318 2245 3414 2298 per
3444 2227 3528 2280 vi-

1939 2335 2048 2378 tam
2086 2325 2434 2394 puniebatur.
2465 2324 2585 2380 Non
2627 2323 2774 2379 enim
2807 2340 2872 2380 ex
2904 2331 3148 2394 tempore
3188 2329 3410 2392 peccata
3447 2322 3531 2390 ju-

1941 2416 2217 2484 dicantur,
2261 2417 2354 2473 sed
2412 2433 2480 2472 ex
2517 2425 2710 2472 natura
2763 2417 2878 2488 ipsa
2934 2415 3292 2494 oti‘cnsarum.
3350 2415 3418 2469 Et
3478 2415 3529 2472 id

1942 2507 2212 2565 discimus
2241 2509 2364 2578 quia
2393 2509 2516 2564 licet
2552 2525 2801 2580 asperam
2836 2511 3028 2564 demus
3058 2507 3124 2563 de
3157 2517 3385 2578 peccato
3417 2523 3532 2577 pce-

1946 2617 2096 2669 nam,
2130 2602 2174 2657 si
2204 2599 2402 2657 deinde
2435 2602 2490 2656 in
2544 2601 2735 2657 eadem
2783 2601 3116 2666 incidamus,
3155 2602 3329 2655 multo
3375 2617 3532 2655 acer-

1944 2694 2102 2750 biora
2139 2694 2255 2751 fore
2303 2697 2634 2753 credendum
2669 2705 2774 2768 est.
2817 2695 2890 2751 Ut
2923 2695 3262 2750 inscnsibilis
3303 2705 3356 2748 et
3401 2712 3534 2749 con~

1947 2795 2183 2858 temptor
2215 2795 2346 2846 tunc
2373 2789 2598 2860 punitur
2636 2797 2731 2844 :et
2761 2805 2860 2843 cur
2893 2805 3001 2842 non
3034 2804 3224 2842 omnes
3261 2787 3331 2842 ibi
3359 2790 3533 2842 corri-

1947 2882 2371 2952 piuntur?quia
2431 2881 2676 2954 longiore
2727 2881 2969 2951 indigent
3021 2896 3182 2950 poena
3228 2895 3392 2951 quam
3438 2895 3536 2946 pro

1948 2981 2200 3046 tempore
2242 2975 2498 3030 humame
2534 2975 2695 3042 vitae;
2734 2987 2786 3030 et
2818 2976 2962 3044 quod
3001 2976 3082 3030 sic
3125 2991 3185 3030 se
3218 2992 3306 3032 res
3343 2975 3533 3031 habeat

1948 3067 2073 3121 audi
2105 3065 2333 3121 Paulum
2370 3069 2675 3134 dicentem;
2703 3066 2949 3122 Judicati
2974 3083 3006 3121 a
3044 3069 3270 3124 Domino
3311 3069 3538 3138 corripi-

1951 3174 2091 3225 mur,
2128 3177 2190 3214 ne
2221 3177 2340 3214 cum
2391 3160 2488 3215 hoc
2528 3162 2726 3216 mundo
2765 3161 3100 3216 damnamur.
3133 3162 3306 3217 Morbi
3355 3163 3540 3218 incur—

1950 3259 2080 3305 runt
2113 3251 2184 3306 ob
2233 3263 2536 3322 peccatum,
2581 3263 2639 3308 ut
2674 3253 2728 3307 in
2766 3254 2985 3324 palatiis
3017 3255 3268 3311 videmus
3301 3255 3538 3326 aliquem

1947 3345 2187 3417 podagra
2237 3347 2604 3415 laborantem,
2653 3357 2706 3403 et
2761 3349 2833 3402 ob
2880 3348 3078 3404 bonam
3113 3349 3339 3414 tamam,
3378 3359 3438 3404 ut
3483 3352 3538 3405 in

1948 3436 2052 3493 Job
2081 3437 2360 3507 videmus;
2393 3439 2649 3496 oriuntur
2685 3439 2851 3495 etiam
2883 3457 2912 3496 e
2937 3441 3154 3512 pigritia
3179 3440 3400 3512 etgula.

2026 3719 2188 3775 Vens.
2229 3719 2314 3774 Π.
2355 3719 2525 3774 Pater
2570 3735 2716 3774 meus
2773 3736 2936 3788 usque
2989 3723 3142 3776 modo
3190 3733 3442 3794 operatur
3493 3737 3546 3781 et

1953 3829 2046 3883 ego
2077 3828 2295 3882 operor,
2339 3812 2973 3870 consubstantialitatem
3025 3817 3305 3883 ostendit;
3347 3827 3403 3874 et
3450 3833 3547 3876 eos

1955 3906 2166 3961 inducit
2208 3907 2275 3962 ab
2305 3905 2666 3961 obediendum
2701 3905 2776 3960 illi
2807 3915 2864 3961 ut
2903 3907 3042 3974 Deo;
3075 3909 3202 3978 quia
3229 3907 3539 3968 Providen-

1955 4000 2046 4055 tia:
2072 3999 2248 4054 virtus
2273 3999 2404 4054 etin
2439 3998 2677 4054 Sabbato
2705 3999 2954 4068 exsistit;
2995 4000 3114 4056 tluit
3139 4005 3282 4057 enim
3304 4019 3468 4075 aqua,
3497 4014 3553 4062 et

1956 4091 2142 4146 omnia
2178 4091 2542 4158 seminantur,
2573 4101 2832 4147 crescunt
2858 4100 2914 4148 et
2937 4104 3246 4150 moventur.

2031 4185 2196 4244 Vens.
2235 4184 2319 4240 l9.
2347 4183 2472 4238 Non
2499 4193 2666 4253 potest
2699 4184 2876 4240 Filius
2903 4201 2936 4240 a
2957 4202 3012 4240 se
3042 4187 3214 4255 [arere
3233 4189 3548 4261 quidquam,
3567 4236 3580 4248 .

1957 4296 2058 4350 pro
2085 4278 2209 4335 Sine
2232 4277 2397 4332 Patre
2414 4277 2504 4342 ;id
2535 4287 2618 4332 est
2648 4277 2784 4332 nihil
2820 4277 3084 4344 alienum,
3119 4279 3252 4335 nihil
3281 4294 3550 4338 onerum.

1961 4373 2019 4428 Si
2054 4373 2199 4428 enim
2219 4371 2371 4444 istud
2399 4387 2507 4424 non
2544 4371 2686 4426 idem
2728 4379 2814 4426 est
2841 4386 2907 4425 ac
2941 4386 2960 4426 :
2993 4371 3160 4426 Pater
3202 4388 3347 4428 ιιιειιδ
3391 4390 3554 4444 usque
3619 4433 3633 4444 ,

1963 4467 2118 4518 modo
2149 4473 2400 4533 operatur
2429 4474 2479 4518 et
2531 4481 2625 4535 ego
2657 4481 2866 4534 operor,
2912 4465 3338 4520 eontradictoria
3377 4467 3557 4522 forent

263 4557 348 4656 τῖε)
369 4557 632 4656 αδδ-ῥητόν·
645 4582 706 4636 Ἃ
727 4577 858 4648 τὰρ,
875 4575 1060 4645 φησιν,
1079 4577 1111 4628 o'
1129 4573 1330 4641 Πατὴρ
1347 4571 1526 4638 ποιεῖ,
1549 4573 1736 4628 ταῦτα
1761 4571 1849 4628 καὶ

1970 4559 2084 4614 lucc
2113 4559 2278 4614 verba
2316 4557 2456 4612 inter
2489 4574 2568 4614 se.
2609 4557 2740 4624 Qua:
2771 4559 2934 4620 enim,
2957 4558 3054 4623 ait,
3077 4557 3238 4614 Pater
3259 4559 3414 4630 facit,
3441 4561 3554 4616 haec

268 4685 304 4738 ό
333 4679 468 4746 Υἱὸς
485 4675 702 4748 ὁμοίως
718 4670 894 4728 ποιεῖ·
928 4671 1022 4723 καὶ
1035 4666 1194 4720 τοῦτο
1217 4667 1274 4722 δὲ
1291 4666 1454 4720 πάλιν
1481 4666 1544 4718 τὸ
1567 4666 1858 4735 ὁμοούσιον

269 4774 448 4844 κυροῖ.
517 4768 630 4828 Καὶ
679 4765 809 4838 μετ’
867 4763 1044 4830 ὀλίγα
1076 4778 1089 4792 ·
1133 4760 1226 4826 Τὸ,
1283 4763 1368 4815 Οὐ
1429 4758 1702 4826 δύναται,
1759 4759 1860 4812 οὐκ

269 4863 582 4927 ἀσθενείας,
613 4859 750 4914 ἀλλὰ
781 4857 881 4930 τῆς
914 4856 1091 4923 ἄκρας
1121 4853 1259 4927 πρὸς
1281 4854 1372 4907 τὸν
1407 4853 1629 4924 Πατέρα
1659 4867 1857 4904 ταυτο-

271 4959 438 5030 φυΐας
480 4972 572 5026 μοι
602 4952 898 5012 πίστωσις·
945 4947 1008 5002 τὸ
1047 4947 1156 5016 γάρ
1199 4944 1467 5031 ἀδύνατον
1511 4944 1598 5014 ἐφ’
1634 4941 1764 4998 Υἱοῦ
1797 4943 1858 4996 οὐ

271 5054 334 5107 το
352 5047 739 5119 ἀνεγχὼρητον
763 5041 1040 5096 δείκνυσιν
1057 5056 1068 5068 ·
1091 5038 1168 5102 ὡς
1188 5038 1250 5092 τὸ
1270 5037 1534 5092 ἀδύνατον
1553 5033 1862 5103 ψεύσασθαι

273 5146 430 5206 Θεὸν,
458 5143 560 5198 οὐκ
588 5137 898 5198 ἀσθενείας,
931 5135 1049 5188 ἀλλ’
1079 5134 1257 5202 ἄκρας
1283 5131 1566 5202 δυνάμεως
1613 5129 1860 5194 ἔνδειξις.

274 5239 491 5311 Σφόδρα
529 5236 642 5307 γὰρ
675 5236 734 5287 ὲν
769 5231 848 5302 τῷ
891 5229 1182 5298 ἀληθεύειν
1226 5225 1427 5296 πολλὴν
1457 5223 1597 5294 ἔχων
1641 5223 1742 5293 τὴν
1768 5221 1864 5275 δύ-

275 5353 464 5404 ναμιν,
511 5333 612 5384 οὐκ
650 5330 717 5384 ἂν
759 5327 853 5382 ὑπ’
895 5323 1181 5386 ἀσθενείας
1222 5320 1574 5392 κατενεχθείη
1627 5319 1766 5386 πρὸς
1803 5317 1866 5371 τὸ

273 5429 468 5502 ψεῦδος
491 5445 505 5459 ·
541 5425 713 5489 οὕτως
753 5423 834 5488 τὸ,
893 5422 978 5475 Οὐ
1011 5419 1262 5472 δύναται
1289 5418 1318 5470 ὁ
1347 5417 1480 5481 Υίύς
1511 5415 1614 5483 ἀφ’
1645 5412 1864 5468 ἑαυτοῦ

275 5523 474 5580 ποιεῖν
494 5520 698 5586 οὐδὲν,
727 5513 1109 5586 ἀνεγχώρητόν
1139 5527 1274 5581 φησι
1303 5509 1394 5562 τὸν
1433 5509 1564 5562 Υἱόν
1591 5507 1864 5579 διῃρημέ-

277 5635 378 5689 νην
404 5614 498 5668 τοῦ
531 5613 750 5682 -Πατρὸς
783 5609 930 5679 ἔχειν
971 5607 1272 5676 ἐνέργειαν.
1305 5604 1380 5656 Οὐ
1415 5601 1524 5671 γὰρ
1551 5601 1778 5654 δυνατὸν
1804 5599 1866 5653 τὸ

278 5709 532 5778 γέννημα
593 5705 721 5774 δίχα
779 5701 874 5755 τοῦ
944 5699 1309 5768 γεννήσαντος
1369 5695 1425 5746 τί
1489 5694 1698 5746 ποιεῖν·
1765 5691 1867 5744 οὑκ

277 5797 518 5868 ἐγχωρεῖ
541 5794 604 5848 τὸ
632 5791 977 5861 ἀπαύγασμα
1005 5789 1128 5859 δίχα
1151 5787 1244 5841 τοῦ
1273 5785 1486 5854 Πατρὸς
1515 5782 1830 5838 ἀνατέλλειν
1850 5798 1864 5814 '

281 5890 385 5948 οὐκ
429 5889 606 5942 ἔνεστι
637 5888 727 5941 τὸν
771 5885 962 5941 κλάδον
1005 5884 1128 5953 δίχα
1167 5880 1266 5952 τῆς
1303 5879 1456 5952 ῥίζης
1502 5879 1691 5950 φέρειν
1729 5894 1866 5950 καρο

1967 4661 2016 4706 et
2045 4650 2092 4704 F
2097 4653 2222 4706 ilius
2247 4651 2500 4706 similiter
2533 4651 2661 4721 facit
2691 4669 2711 4708 .'
2743 4652 2864 4707 ctid
2893 4667 3088 4709 rursus
3110 4653 3556 4711 consubstantia-

1968 4745 2174 4800 litatem
2200 4745 2400 4816 arguit.
2435 4743 2500 4798 Et
2521 4743 2678 4814 paulo
2709 4753 2848 4813 post.
2881 4741 3006 4798 Non
3033 4752 3229 4814 potest,
3267 4761 3560 4816 argumen-

1972 4848 2088 4894 tum
2121 4848 2334 4896 estnon
2359 4839 2718 4901 inﬁrmitatis,
2744 4838 2838 4894 sed
2866 4853 3100 4895 summa:
3129 4837 3270 4892 Patri
3299 4839 3560 4894 similitu-

1971 4932 2139 4988 dinis.
2191 4919 2327 4986 Nam
2383 4932 2804 5002 impossibilitas
2857 4930 2911 4984 in
2961 4930 3073 4985 lilio
3130 4947 3239 4984 non
3307 4931 3560 4986 illicitum

1972 5027 2264 5097 signiﬁcat,
2297 5037 2354 5080 ut
2389 5026 2808 5096 impossibilitas
2847 5025 3142 5080 mentiendi
3175 5025 3228 5080 in
3277 5024 3386 5080 Deo
3422 5025 3565 5080 indi-

1973 5123 2119 5176 cium
2153 5129 2237 5175 est
2283 5135 2389 5176 non
2437 5119 2796 5184 inﬁrmitatis,
2845 5118 2938 5174 sed
2976 5133 3208 5173 summa:
3247 5119 3560 5188 potestatis.

1973 5213 2110 5269 Nam
2155 5229 2410 5284 magnam
2443 5213 2680 5268 maxime
2717 5212 2784 5267 ad
2819 5210 3108 5266 dicendam
3142 5210 3428 5265 veritatem
3465 5213 3563 5264 ha-

1975 5309 2114 5364 hcns
2150 5306 2474 5378 potentiam,
2523 5321 2630 5360 non
2681 5303 3004 5359 inﬁrmitate
3049 5302 3289 5358 ferretur
3315 5319 3560 5373 unquam

1975 5404 2042 5458 ad
2083 5401 2471 5466 mendacium;
2509 5400 2582 5454 ita
2617 5413 2742 5453 cum
2771 5413 2875 5452 non
2907 5405 3076 5465 potest
3117 5394 3297 5450 Filius
3323 5413 3356 5450 a
3383 5413 3438 5452 se
3475 5397 3565 5466 [a-

1975 5511 2092 5551 cere
2145 5495 2454 5564 quidquam,
2499 5489 2751 5546 illicitum
2797 5487 2996 5544 dicitur
3033 5503 3153 5544 esse
3217 5489 3330 5542 tilio
3380 5501 3438 5544 ut
3471 5488 3567 5542 ha-

1975 5592 2104 5646 beat
2156 5587 2472 5643 distinctam
2523 5601 2551 5640 a
2585 5586 2757 5654 [patre
2804 5582 3204 5653 operationem.
3255 5582 3374 5638 Non
3418 5585 3566 5638 enim

1977 5685 2237 5756 possibile
2277 5691 2359 5738 est
2417 5681 2662 5752 genitum
2697 5689 2852 5734 extra
2909 5681 3210 5748 genitorem
3263 5677 3566 5747 quidquam

1979 5779 2181 5844 facere,
2209 5791 2320 5834 non
2345 5775 2474 5830 licet
2503 5773 2848 5844 splendorem
2877 5779 3030 5826 extra
3055 5778 3264 5839 patrem
3295 5768 3570 5828 emittere,

1979 5889 2090 5930 neu
2141 5872 2266 5928 licet
2313 5879 2570 5926 truncum
2601 5873 2756 5922 extra
2783 5863 3024 5922 radicem
3075 5863 3315 5920 fructum
3347 5863 3560 5922 facere;
