4026 6428
348 437 480 503 1241

1415 440 1736 501 SCI—IOLIA
1781 439 2082 502 VETERA
2121 440 2204 502 IN
2239 441 2622 506 JOANNEM.

3463 447 3608 514 1242

345 553 439 606 ἐπὶ
471 555 607 607 πᾶσι
644 553 878 620 δικαίοις
915 553 1209 624 ὲφθέγγου,
1247 553 1362 608 σῶα
1397 555 1614 618 πάντως
1641 555 1709 607 τὰ
1747 555 1908 622 κεφά-

2024 556 2249 610 omnino
2278 559 2455 628 capita
2491 557 2895 628 Seripturarum
2941 557 3348 628 pronosuisscs.
3384 559 3495 614 Cur
3518 563 3605 616 di-

343 642 473 700 λαια
505 645 612 700 τῶν
659 647 894 717 Γραφῶν
934 648 1258 718 προέφερες.
1306 647 1405 700 Διὰ
1450 645 1502 700 τί
1537 647 1720 708 αὐτοῖς
1750 646 1919 713 λέγει,

341 739 445 802 ὅτι,
488 736 609 804 Τὴν·
637 739 842 805 κρίσιν
873 737 1081 794 πᾶσαν
1103 739 1323 792 δέδωκε
1358 737 1438 804 τῷ
1475 738 1583 802 Υίῷ
1601 753 1620 802 ;
1655 739 1734 800 είς
1761 738 1924 806 φόϐον

342 829 540 891 αὐτοὺς
589 829 875 899 ἐμϐάλλων
897 847 910 862 ·
945 829 1134 899 ὥσπερ
1162 829 1218 882 δὲ
1246 829 1566 886 τὺ.⁹Ἐδωκε
1596 827 1769 897 ζωὴν,
1802 829 1924 882 ἀντὶ

339 922 460 986 τοῦ,
509 921 834 992 Ἐγέννησεν
864 923 1025 992 αὑτὸν
1065 921 1265 988 ζῶντα,
1303 922 1468 985 ἔστιν,
1499 922 1674 984 οὕτως
1709 923 1804 973 καὶ
1833 921 1920 986 τὸ,

345 1013 612 1067 Ἔδωκεν
631 1013 792 1078 αὐτῷ
815 1017 1036 1082 κρίσιν,
1057 1016 1177 1068 ἀντὶ
1199 1014 1316 1074 τοῦ,
1337 1014 1543 1085 Κριτὴν
1578 1013 1741 1066 αὐτὸν
1767 1013 1921 1079 ἐγέν-

342 1123 495 1174 νησε.
529 1105 700 1158 Πάλιν
752 1108 818 1158 ἐκ
844 1107 938 1159 10-3
961 1109 1159 1166 εἰπεῖν,
1189 1105 1250 1158 '0
1287 1106 1489 1172 Πατήρ
1512 1123 1634 1174 μου
1661 1105 1770 1170 ἕως
1791 1105 1924 1172 ἄρτι

339 1194 675 1263 ἐργάζεται,
705 1198 870 1266 κάγὼ
915 1197 1256 1267 ἐργάζομαι,
1307 1197 1476 1262 ἔδειξε
1531 1199 1590 1251 τὸ
1638 1199 1922 1268 ὁμότιμον.

351 1287 656 1355 Ἠθὲλησαν
683 1291 848 1342 αὐτὸν
875 1291 962 1343 διὰ
991 1291 1148 1344 τοῦτο
1179 1291 1496 1343 ἀποκτεῖναι
1534 1291 1814 1344 Ἰουδαῖοι·
1843 1289 1925 1342 διὸ

339 1378 441 1446 τὴν
475 1377 621 1444 λέξιν
670 1380 772 1450 μὲν
801 1381 1099 1451 καθυφίησι
1123 1421 1137 1443 ,
1171 1382 1240 1434 τὰ
1271 1383 1517 1452 νοήματα
1565 1383 1622 1435 δὲ
1666 1382 1733 1435 τὰ
1783 1382 1924 1436 αὐτὰ

339 1471 666 1541 προτίθησιν
700 1473 844 1525 οὕτω
870 1473 1047 1541 λέγων
1071 1489 1086 1504 ο
1123 1476 1206 1527 Οὐ
1236 1473 1486 1528 δύναται
1520 1473 1716 1527 ποιεῖν
1741 1473 1926 1527 οὐδὲν

337 1563 439 1630 ἀφ’
463 1562 682 1617 ἑαυτοῦ
726 1567 758 1618 ό
801 1566 955 1630 Υἱός.
985 1559 1116 1618 Εἶτα
1157 1565 1318 1618 πάλιν
1355 1565 1449 1618 ἐπὶ
1480 1565 1550 1617 τὰ
1606 1563 1786 1634 ὑψηλὰ
1825 1567 1922 1617 ἁνι-

335 1655 459 1722 άγει
491 1655 666 1722 λέγων
691 1671 708 1687 ⁸
747 1659 807 1710 Ἀ
841 1659 949 1726 γὰρ
975 1657 1051 1712 ἂν
1075 1658 1306 1722 ἐκεῖνος
1337 1656 1500 1726 ποιῇ,
1539 1659 1705 1728 φησὶ,
1737 1657 1925 1710 ταῦτα

333 1747 436 1802 καί
465 1749 502 1803 ὁ
525 1749 658 1815 Υίὸς
685 1749 922 1818 ὁμοίως,
961 1750 1114 1821 φησι,
1156 1750 1330 1802 ποιεῖ.
1367 1745 1497 1802 Εἶτα
1544 1750 1707 1802 πάλιν
1739 1749 1832 1801 ἐπὶ
1857 1747 1924 1801 τὸ

2025 648 2100 702 cit
2159 649 2242 703 eis
2290 650 2452 719 quia,
2495 649 2664 704 Omne
2695 649 2962 720 judicium
3000 651 3144 704 dedit
3183 649 3367 704 Filio?
3398 651 3525 706 lllos
3549 659 3610 706 ut

2025 740 2078 793 in
2113 749 2318 795 metum
2365 742 2610 812 injiciat;
2643 743 2785 798 sicut
2824 753 3028 808 autem,
3069 744 3218 795 dedit
3247 743 3448 806 1-itam,
3484 759 3604 813 pro,

2023 830 2212 900 genuit
2235 846 2360 885 enm
2387 832 2680 891 viventem.
2703 833 2906 887 dicitur
2929 849 2944 897 ;
2975 833 3071 896 ita,
3092 833 3242 886 Dedit
3265 834 3312 888 ei
3317 834 3604 902 judicium,

2024 935 2144 989 pro,
2173 924 2363 992 genuit
2389 939 2514 978 eum
2538 925 2795 990 iudicem,
2825 924 3048 978 dicitur.
3079 925 3303 987 lterum,
3347 925 3604 990 dicendo,

2023 1011 2190 1068 Pater
2224 1031 2370 1068 meus
2423 1031 2588 1085 usque
2639 1016 2793 1068 modo
2837 1025 3089 1084 operatur
3139 1026 3189 1069 et
3255 1031 3346 1085 ego
3395 1031 3604 1084 operor,

2025 1107 2263 1160 ostendit
2307 1108 2598 1177 puritatem
2659 1109 2961 1179 dignitatis.
2997 1107 3268 1163 Volebant
3299 1123 3424 1162 eum
3473 1123 3604 1177 pro-

2024 1205 2142 1266 pter
2193 1197 2298 1250 ltoc
2334 1206 2574 1254 mactare
2620 1197 2980 1264 ludati;idco
3023 1215 3330 1255 sermonem
3381 1200 3601 1269 quidem

2025 1286 2249 1352 omittit,
2283 1289 2583 1344 sententias
2631 1297 2814 1344 autem
2871 1289 3090 1345 easdem
3119 1291 3340 1366 profert
3393 1291 3466 1343 ita
3521 1289 3604 1342 di-

2023 1379 2243 1434 cendo:
2275 1378 2397 1433 Non
2459 1391 2628 1450 potest
2680 1379 2856 1436 Filius
2903 1400 2936 1436 a
2988 1401 3043 1438 se
3075 1384 3252 1452 facere
3289 1383 3601 1452 quidquam.

2026 1471 2232 1526 Deinde
2257 1471 2452 1525 iterum
2477 1473 2542 1526 ad
2567 1473 2820 1527 sublimia
2845 1475 3038 1528 attollit
3063 1475 3288 1529 dicens:
3319 1473 3601 1538 Quatenim

2025 1565 2118 1618 ille
2144 1564 2347 1634 fecerit,
2379 1564 2490 1618 hac
2515 1575 2564 1618 et
2593 1562 2765 1618 Filius
2797 1565 3044 1618 similiter
3063 1565 3214 1634 facit.
3245 1564 3448 1618 Deinde
3481 1579 3603 1616 rur-

2023 1671 2120 1711 sus
2139 1658 2207 1711 ad
2243 1657 2534 1710 humiliora
2561 1657 2900 1710 descendens
2925 1674 2938 1709 :
2967 1655 3118 1710 Sicut
3145 1659 3284 1710 enim
3313 1655 3476 1709 Pater
3517 1671 3604 1707 su-

2023 1749 2180 1803 scitat
2210 1757 2448 1802 mortuos
2479 1759 2530 1802 et
2565 1749 2815 1818 vici/icat,
2848 1749 2926 1802 ita
2951 1757 3000 1803 et
3031 1747 3228 1801 Filius.
3263 1746 3466 1802 Deinde
3495 1747 3598 1798 ltu-

329 1840 754 1912 ταπεινότερον·
781 1841 1008 1909 Ὠσπερ
1048 1844 1160 1912 γὰρ
1204 1846 1238 1897 ὀ
1275 1841 1481 1910 Πατὴρ
1512 1842 1726 1910 ἐγείρει
1773 1839 1908 1906 τοὺς

2025 1839 2156 1895 mile
2185 1839 2348 1896 simul
2377 1849 2434 1895 et
2471 1841 2708 1895 sublime
2742 1857 2756 1893 :
2791 1839 2976 1910 Neque
3003 1841 3141 1893 enim
3184 1838 3354 1892 Pater
3388 1837 3606 1905 judicut

328 1931 588 2016 νεκροὺς
622 1909 718 1987 ita!
745 1909 1269 2001 (wouocei,ioiirm¢
1301 1936 1398 1989 xui
1505 1909 1656 1999 Υίός.
1693 1930 1826 1988 Εἶτα
1852 1933 1908 1986 τὸ

2023 1947 2360 2003 quemquam,
2389 1931 2480 1986 sed
2517 1949 2672 1986 omne
2691 1909 2959 2002 Judicium
3005 1931 3148 1985 dedit
3197 1927 3384 1993 Filio;
3411 1939 3604 1999 postea

325 2022 588 2074 ταπεινὸν
616 2023 751 2092 ὁμοῦ
777 2025 870 2077 καὶ
905 2025 1139 2096 ὑψηλόνο
1177 2025 1329 2080 οὐδὲ
1359 2027 1468 2094 γὰρ
1499 2029 1530 2080 ὀ
1563 2025 1765 2094 Πατὴρ
1791 2025 1914 2093 κρί-

323 2129 422 2164 νει
465 2112 685 2168 οὐδένά
705 2154 720 2178 ,
752 2115 912 2170 ἀλλὰ
952 2119 1066 2182 τὴν
1095 2118 1300 2186 κρίσιν
1329 2116 1540 2172 πᾶσαν
1575 2115 1797 2170 δέδωκε
1833 2115 1916 2181 τῷ

335 2197 472 2262 Υίῷ.
511 2197 642 2254 Εἶτα
673 2202 767 2256 ἐπὶ
795 2201 858 2255 τὸ
892 2203 1250 2274 ὑψηλότατον·
1284 2206 1418 2260 ἰνα
1454 2206 1678 2272 πάντες
1703 2205 1915 2274 τιμῶσι

323 2289 442 2342 τὸν
473 2291 605 2342 Υίὸν
631 2291 827 2358 καθὼς
853 2293 1060 2364 τιμῶσι
1088 2295 1195 2348 τὸν
1220 2297 1472 2363 Πατέρα.
1495 2295 1681 2360 Οὕτως
1713 2299 1806 2350 τὸν
1830 2297 1920 2350 λό-

323 2397 429 2448 γον
476 2383 746 2436 ποικίλλει
767 2401 782 2417 ·
819 2385 964 2440 ὥστε
1007 2389 1120 2450 τοῖς
1153 2389 1251 2457 μὲν
1281 2388 1404 2441 τότε.
1437 2391 1693 2454 γενέσθαι
1739 2391 1913 2444 εὐπα-

326 2475 611 2542 ράὅεκτον,
641 2477 880 2541 καὶτοὺς
900 2477 992 2530 νῦν
1023 2477 1376 2551 ὠφεληθῆναι
1405 2481 1512 2533 ἀπὸ
1532 2481 1640 2534 τῶν
1669 2482 1911 2552 ὑψηλῶν.

324 2562 464 2620 Εἶτα
485 2567 570 2620 ὅτι
597 2569 1016 2639 συμπέπλεκται
1047 2572 1080 2642 ἡ
1103 2573 1238 2642 τιμὴ
1267 2573 1362 2626 τοῦ
1398 2573 1530 2626 Υἱοῦ
1555 2577 1621 2643 τῇ
1655 2577 1789 2645 τιμῇ
1815 2577 1916 2629 τοῦ

323 2662 567 2734 Πατρός,
591 2663 760 2735 λέγει’
803 2667 858 2720 Ὀ
877 2668 970 2738 ,μὴ
995 2667 1182 2738 τιμῶν
1207 2669 1314 2723 τὸν
1336 2669 1496 2735 Υίὸν,
1527 2671 1598 2724 οὐ
1631 2668 1772 2741 τιμᾷ
1805 2673 1922 2726 τὸν

321 2755 586 2825 Πατέρα.

398 2855 473 2908 Τὸ
497 2855 575 2919 δὲ,
599 2857 703 2921 Είς
726 2856 930 2926 κρίσιν
949 2858 1062 2912 οὐκ
1089 2857 1345 2927 ἔρχεται,
1373 2858 1534 2912 ἀλλὰ
1549 2859 1914 2927 μεταϐέϐηκε

315 2947 446 3004 ἀπὸ
469 2948 576 3002 τοῦ
607 2949 874 3004 θανάτου
907 2950 1060 3017 πρὸς
1091 2949 1210 3019 τὴν
1237 2949 1412 3019 ζωὴν,
1443 2953 1524 3015 τὸ,
1553 2953 1658 3018 Εἰς
1684 2953 1910 3020 κρίσιν,

317 3040 449 3093 ἀντὶ
483 3040 609 3105 τοῦ,
645 3041 720 3094 Οὐ
768 3041 1084 3105 κολάζεται,
1115 3043 1176 3094 οὐ
1214 3043 1624 3112 κατακρίνεται.
1669 3043 1911 3096 Θάνατον

315 3129 386 3186 δὲ
405 3171 422 3196 ,
449 3130 514 3184 οὐ
549 3131 759 3188 τοῦτον.
805 3132 944 3184 ἀλλὰ
976 3133 1068 3186 τὸν
1097 3131 1318 3187 αἰώνιον
1337 3149 1353 3166 ·
1391 3133 1581 3203 ὥσπερ
1614 3133 1712 3186 καὶ
1741 3133 1908 3204 ζωὴν,

313 3221 390 3276 (οὗ
421 3222 657 3292 ταύτην,
689 3223 830 3278 ἀλλὰ
855 3225 956 3295 τὴν
985 3225 1234 3279 αἰωνίαν.

401 3317 678 3383 Ἔρχεται
733 3313 856 3384 ὥρα
903 3316 1002 3369 καὶ
1053 3317 1171 3371 νῦν
1219 3317 1412 3382 ἐστιν,
1463 3315 1562 3370 ὅτε
1605 3317 1664 3370 οἱ
1705 3315 1907 3384 νεκροί

311 3408 634 3463 ἀκούσωσι
664 3407 776 3476 τῆς
804 3408 1011 3478 φωνῆς
1041 3408 1148 3463 τοῦ
1182 3410 1318 3464 Υίοῦ
1341 3409 1658 3477 ἀνθρώπου
1687 3410 1785 3464 καί
1815 3407 1908 3476 ξή-

315 3516 559 3554 σονται.
605 3502 740 3570 Περὶ
772 3503 1023 3573 Λαζάρου
1064 3503 1158 3554 καὶ
1197 3501 1357 3555 τοῦτο
1393 3503 1594 3570 ὁμοίιος
1629 3501 1799 3568 λέγει.
1845 3557 1848 3562 _

397 3591 630 3658 Ὥσπερ
645 3591 774 3662 γὰρ,
800 3593 984 3662 φησὶν,
1005 3596 1038 3644 ὁ
1062 3592 1266 3662 Πατὴρ
1286 3594 1316 3645 ἕ
1319 3609 1410 3661 χει
1429 3590 1582 3658 ζωὴν
1601 3592 1670 3644 ἐν·
1689 3589 1906 3655 ἐαυτῷ,

314 3682 510 3748 οὕτως
536 3683 720 3738 ἔδωκε
743 3685 840 3736 καὶ
865 3690 946 3750 τῲ
971 3683 1078 3749 Υίῷ
1101 3683 1255 3752 ζωὴν
1275 3684 1440 3754 ἔχειν
1461 3685 1534 3736 ἐν
1555 3683 1768 3748 ἐαυτῷ.
1797 3681 1911 3752 Τὴν

315 3772 418 3825 τοῦ
445 3814 458 3838 ,
492 3773 678 3828 ἔδωκε
703 3815 716 3836 ,
753 3775 898 3839 λέξιν
949 3775 1182 3828 ὶνταῦθα
1227 3769 1442 3829 τέθεικε
1474 3775 1567 3829 ἐπὶ
1613 3775 1695 3845 τῷ
1738 3773 1908 3839 δεῖξαι

317 3865 486 3936 μόνον
515 3867 586 3920 τὰ
629 3867 722 3918 δύο
756 3869 1027 3936 πρόσωπα
1049 3883 1062 3898 ·
1111 3868 1144 3936 ἦ
1174 3867 1332 3920 τοῦτο
1370 3867 1550 3935 λέγει,
1579 3868 1640 3920 τὸ
1669 3869 1908 3939 ἐγείρειν

313 3957 572 4025 νεκροὺ;,
613 3956 758 4010 οὕτω
791 3958 886 4011 καὶ
925 3959 1001 4028 τῷ
1043 3957 1157 4029 Υίῷ
1203 3959 1436 4012 δέδωκε·
1467 3960 1626 4012 τοῦτο
1670 3960 1752 4026 δὲ,
1805 3961 1906 4029 τῆς

313 4047 674 4110 ὑποστάσεως
707 4049 768 4100 τὸ
796 4051 1223 4120 ἀπαράλλακτον
1249 4050 1478 4119 είιάγει.

393 4140 486 4206 Τὸ,
507 4143 716 4210 Καθὼς
756 4145 954 4198 ἀκούω
993 4143 1194 4212 κρίνω,
1228 4144 1414 4214 δηλοῖ,
1443 4144 1502 4197 οὐ
1533 4143 1903 4212 διδασκαλίαν,

307 4237 456 4294 ἀλλὰ
493 4236 553 4288 τὺ
587 4235 687 4305 τῆς
723 4235 906 4306 ψήφου
951 4235 1086 4289 ἴσον·
1120 4236 1194 4298 ὡς
1237 4237 1302 4289 ἂν
1339 4235 1510 4303 ἔλεγε*
1541 4235 1699 4289 Οὕτω
1733 4237 1904 4306 κρίνω

308 4328 522 4383 ὡσανεὶ
557 4327 717 4391 αὐτὸς
762 4330 790 4382 ό
837 4328 1026 4399 Πατὴρ
1055 4331 1082 4381 ὁ
1116 4329 1316 4398 κρίνων
1356 4328 1463 4397 εἴη.
1507 4329 1573 4381 Τί
1604 4329 1794 4398 λέγει’
1843 4329 1905 4383 Ἠ

307 4421 518 4490 κρίσις
543 4421 581 4488 ὴ
610 4421 725 4490 ἐμὴ
747 4421 946 4476 δικαία
978 4422 1169 4484 ἐστίν,
1196 4422 1286 4475 ὅτι
1315 4424 1387 4476 οὐ
1410 4419 1558 4488 ζητῶ
1581 4421 1646 4475 τὸ
1675 4421 1904 4490 θέλημα

307 4515 382 4573 τὸ
413 4513 580 4583 ἐμὸν,
638 4516 732 4568 καὶ
777 4514 847 4568 τὰ
893 4515 1054 4583 ὲξῆςς
1107 4513 1279 4568 Τοῦτο
1319 4516 1377 4568 δὲ
1418 4515 1656 4568 τοιοῦτόν
1709 4518 1857 4570 ἐστιν
1885 4533 1899 4547 ·

2022 2025 2090 2080 ad
2140 2025 2576 2092 sublimissima;
2623 2024 2692 2079 Ut
2739 2041 2916 2078 omnes
2961 2024 3310 2092 honoriﬁcent
3371 2021 3602 2083 Filium,

2021 2118 2156 2171 sicut
2189 2117 2541 2188 honoriﬁcam
2583 2116 2822 2171 Patrem.
2851 2117 2924 2171 Ita
2959 2129 3268 2170 sermonem
3313 2112 3510 2174 variat,
3545 2121 3604 2164 ut

2026 2209 2112 2263 his
2139 2225 2264 2278 qua:
2307 2219 2442 2265 tunc
2481 2210 2778 2264 audiebant
2831 2209 2990 2263 ﬁeret
3021 2207 3396 2277 acccptabilis,
3429 2214 3486 2259 et
3515 2204 3604 2257 his

2023 2302 2118 2371 qui
2155 2317 2300 2356 nunc
2343 2302 2531 2372 legunt
2575 2303 2864 2356 utilitatem
2911 2309 3129 2370 praestet
3160 2315 3226 2353 ex
3264 2297 3602 2352 sublimitate

2021 2387 2318 2450 sermonis.
2373 2394 2573 2448 Deinde
2619 2393 2746 2464 quia
2787 2393 3090 2463 completus
3135 2399 3220 2448 est
3251 2391 3432 2444 honor
3475 2389 3598 2442 Filii

2021 2487 2229 2542 honore
2271 2485 2474 2554 Patris,
2502 2487 2633 2542 dicit
2665 2504 2679 2540 :
2713 2485 2818 2552 Qui
2862 2503 2968 2541 non
3005 2484 3322 2554 honori/icat
3365 2479 3594 2543 Filium,

2019 2595 2122 2634 non
2153 2579 2471 2651 honori/icat
2507 2579 2751 2636 Patrem.
3209 2565 3224 2572 ’

2089 2861 2260 2919 Vens.
2289 2865 2383 2919 24.
2419 2865 2488 2920 1η
2516 2865 2782 2935 judicium
2818 2881 2923 2918 non
2967 2862 3127 2926 venit,
3172 2859 3265 2915 sed
3317 2858 3530 2914 transiit
3565 2877 3598 2916 α

2018 2965 2189 3010 morte
2235 2956 2306 3010 ad
2343 2957 2508 3010 vitam
2531 2973 2556 3023 ,'
2583 2957 2636 3009 iu
2658 2956 2950 3024 judicium,
2983 2968 3104 3022 pro,
3135 2967 3242 3005 non
3275 2951 3503 3021 punitur
3543 2961 3601 3007 et

2013 3062 2123 3101 non
2149 3049 2567 3113 condemnatur,
2597 3049 2748 3104 dicit.
2785 3047 2930 3100 Mors
2966 3045 3057 3099 illa
3087 3057 3196 3097 non
3227 3051 3312 3098 est
3356 3056 3600 3111 praesens

2017 3155 2189 3204 mors,
2217 3140 2311 3194 sed
2337 3151 2538 3196 aeterna
2569 3157 2586 3206 ;
2619 3141 2764 3195 sicut
2797 3139 2905 3192 vita
2941 3152 3050 3191 non
3084 3145 3166 3190 est
3204 3149 3466 3204 praesens,
3499 3134 3594 3188 sed

2015 3239 2221 3284 aeterna
2260 3231 2394 3284 vita.

2087 3319 2253 3377 Vens.
2293 3321 2384 3374 25.
2435 3319 2588 3374 Venit
2621 3321 2754 3374 liora
2793 3329 2844 3374 et
2879 3335 3020 3374 nunc
3067 3327 3168 3382 est,
3208 3315 3420 3388 quando
3454 3331 3596 3369 mor-

2013 3415 2094 3467 tui
2121 3414 2336 3467 audient
2364 3429 2536 3467 vocem
2571 3411 2707 3466 Filii
2729 3413 2955 3466 hominis
2985 3421 3031 3466 et
3063 3411 3251 3465 vivent.
3285 3409 3360 3465 De
3389 3408 3598 3464 Lazaro

2013 3515 2068 3562 et
2089 3507 2140 3560 id
2166 3507 2416 3560 similiter
2451 3506 2605 3561 dicit.

2083 3596 2249 3652 Vens.
2281 3597 2370 3652 26.
2403 3597 2550 3652 Sicut
2577 3597 2741 3661 enim,
2791 3597 2888 3660 ait,
2943 3595 3110 3672 fater
3151 3596 3303 3650 habet
3347 3599 3512 3650 vitam
3539 3596 3595 3648 in

2009 3694 2310 3758 semetipso.
2334 3692 2411 3744 ita
2445 3690 2590 3744 dedit
2625 3701 2674 3743 et
2719 3687 2864 3742 Filio
2887 3690 3081 3742 habere
3125 3691 3291 3742 vitam
3327 3690 3382 3742 in
3409 3696 3597 3742 semet-

2009 3783 2142 3850 ipso,
2179 3784 2322 3837 hanc
2351 3797 2539 3838 vocem
2575 3783 2721 3836 dedit
2777 3783 2850 3836 ibi
2917 3783 3140 3836 adhibet
3192 3781 3256 3834 ad
3305 3779 3597 3834 ostenden-

2009 3877 2140 3930 dum
2171 3883 2383 3928 tantum
2423 3875 2563 3930 duas
2594 3889 2894 3945 personas;
2924 3875 3008 3929 vel
3045 3875 3096 3928 id
3131 3874 3284 3938 dicit,
3325 3873 3596 3926 suscitare

2010 3975 2280 4030 mortuos,
2311 3969 2386 4022 ita
2415 3977 2469 4022 et
2511 3968 2660 4021 dedit
2691 3966 2856 4030 Filio,
2899 3967 3004 4021 hoc
3051 3977 3230 4021 autem
3289 3963 3598 4035 hypostasis

2010 4058 2426 4113 similitudinem
2465 4058 2694 4114 inducit.

2085 4149 2246 4204 Vens.
2281 4149 2372 4204 '50.
2406 4148 2555 4204 Sicut
2604 4151 2766 4202 audio
2783 4149 3008 4218 judico,
3039 4148 3278 4204 ostendit
3323 4163 3434 4200 non
3472 4161 3590 4200 ma-

2006 4241 2316 4312 gisterium,
2347 4243 2438 4297 sed
2466 4242 2752 4302 sentcntiae
2783 4241 3065 4310 puritatem
3103 4257 3118 4304 ;
3157 4241 3313 4306 quasi
3339 4237 3544 4292 diceret
3574 4253 3588 4288 :

2005 4331 2080 4384 lla
2102 4331 2312 4401 judico,
2344 4341 2402 4385 ut
2430 4332 2545 4400 ipse
2573 4331 2732 4383 Pater
2765 4330 3058 4399 judicaret.
3101 4328 3242 4394 Quid
3269 4327 3542 4398 signiﬁcat
3573 4343 3588 4380 :

2003 4422 2278 4476 Judt'cium
2307 4440 2476 4476 meum
2508 4423 2717 4492 justum
2757 4431 2857 4487 est,
2887 4423 3014 4492 quia
3046 4438 3150 4476 non
3179 4437 3360 4492 quwro
3400 4421 3590 4474 volun-

2006 4526 2170 4570 tatem
2211 4531 2398 4579 meam,
2426 4515 2544 4570 etc?
2575 4515 2726 4568 Istud
2770 4516 2875 4569 tale
2905 4523 2990 4569 cst
3021 4532 3036 4569 ε
3076 4515 3390 4568 Debuerunt
3418 4513 3590 4567 Judaei

311 4605 587 4678 Ἐμελλον
613 4607 793 4677 λέγειν
823 4607 972 4677 αὖτῷ
1001 4610 1050 4661 oi.
1086 4609 1348 4661 Ἰουδαῖοι·
1399 4609 1544 4662 Ἐὰν
1571 4607 1653 4664 σὺ
1683 4627 1901 4678 μαρτυ-

2015 4608 2196 4661 dicere
2228 4607 2303 4660 illi
2335 4624 2348 4658 :
2381 4605 2438 4660 Si
2467 4617 2521 4659 tu
2547 4607 2901 4660 testimonium
2922 4603 3129 4660 dederis
3153 4607 3215 4659 de
3238 4615 3288 4658 te
3321 4607 3458 4674 ipso,
3487 4615 3592 4658 tes--

299 4700 428 4772 ρῇς
478 4699 613 4769 περὶ
653 4699 951 4765 σεαυτοῦ,
987 4703 1024 4769 ἡ
1070 4701 1368 4770 μαρτυρία
1409 4717 1526 4755 σου
1574 4702 1686 4755 οὐκ
1727 4703 1902 4755 ἐστιν

305 4795 624 4862 ἀληθείας.
675 4796 774 4848 Διὰ
829 4793 988 4848 τοῦτο
1039 4790 1132 4848 οὖν
1181 4793 1473 4865 προλαϐὼν
1523 4794 1682 4847 τοῦτο
1731 4790 1852 4846 εἷπε
1880 4833 1896 4857 ,

221 4937 228 4958 ξ
306 4888 515 4941 ὡσανεὶ
552 4888 728 4956 ἔλεγε·
765 4887 926 4950 Ἴσως
957 4888 1132 4958 ἐρεῖτέ
1169 4903 1280 4956 μοι·
1311 4887 1402 4940 Σοὶ
1437 4888 1497 4940 οὑ
1540 4886 1892 4955 πιστεύομεν”

303 4981 434 5036 οὐδὲ
467 4981 578 5048 γὰρ
628 4979 808 5050 ἐαυτῷ
859 4982 1215 5051 μαρτυρήσας
1251 4979 1562 5046 ἀξιόπιστος
1595 4983 1652 5034 ὲν
1685 4979 1898 5052 ἀνθρὼ-

307 5091 456 5136 ποις.
488 5075 564 5125 Οὐ
588 5073 768 5126 τοίνυν
797 5073 933 5142 πρὸς
954 5073 1052 5142 τὴν
1075 5072 1232 5138 ἀξίαν
1259 5071 1355 5144 τὴν
1379 5073 1571 5138 αὑτοῦ,
1601 5071 1736 5134 ἀλλὰ
1759 5074 1895 5140 πρὸς

305 5167 408 5238 τὴν
443 5165 700 5219 ὑπόνοιαν
736 5164 834 5233 τὴν
867 5163 1092 5214 ἐκείνων
1114 5203 1127 5226 ,
1165 5165 1259 5216 καὶ
1289 5166 1388 5232 τὴν
1423 5163 1723 5233 μέλλουσαν
1764 5165 1893 5233 παρ’

307 5259 536 5310 ἐκείνων
591 5255 864 5308 ἀντίθεσιν
919 5252 1276 5319 ἐπάγεσθαι,
1323 5252 1538 5314 δεικνὺς
1578 5251 1762 5314 αὐτοῖς
1811 5253 1892 5304 ὅτι

307 5345 419 5402 οἶδε
449 5347 630 5402 αὐτῶν
673 5347 742 5398 τὰ
770 5346 1058 5414 ἀπόρῤητα
1088 5345 1186 5413 τῆς
1215 5342 1478 5405 διανοίας.
1520 5343 1690 5396 Ὅταν
1716 5343 1770 5396 δὲ
1801 5343 1892 5395 λέ-

306 5457 416 5505 γει,
441 5441 522 5493 ὅτι
557 5436 816 5504 Ἀληθής
838 5437 1009 5489 ἐστιν
1030 5433 1067 5502 ἡ
1097 5434 1396 5502 μαρτυρία
1421 5433 1612 5489 αὐτοῦ
1637 5475 1651 5496 .
1709 5435 1893 5487 αὐτῶν

307 5529 552 5583 δείκνυσι
577 5529 686 5581 τῶν
721 5527 1066 5599 πραγμάτων
1095 5523 1192 5596 τὴν
1225 5523 1407 5592 φύσιν.

381 5623 508 5676 Ὅτι
531 5621 606 5685 ὡς
633 5621 767 5675 Θεὸν
793 5620 1106 5684 ἀξιόπιστον
1131 5619 1294 5672 αὐτὸν
1314 5617 1422 5670 ἔδει
1450 5615 1714 5688 νομίζειν,
1741 5621 1891 5691 τρεῖς

310 5713 654 5786 παραγαγὼν
693 5713 1000 5784 μαρτυρίας
1040 5709 1146 5764 τῶν
1180 5709 1490 5780 λεγομένων
1515 5748 1530 5775 ,
1561 5710 1630 5764 τὰ
1652 5710 1790 5782 ἔργα
1820 5711 1916 5796 τὰ¹

311 5809 404 5870 ὑπ’
434 5805 598 5860 αὐτοῦ
629 5807 906 5874 γινόμενα,
941 5803 1034 5857 τπιῦ
1069 5803 1286 5875 Πατρὸς
1316 5802 1413 5872 τὴν
1449 5804 1756 5874 μαρτυρίαν
1781 5843 1795 5868 ,
1828 5807 1890 5860 τὸ

323 5898 568 5958 Ἰωάννου
599 5899 876 5969 κήρυγμα.
915 5895 1198 5968 Ἐπιεέρει
1227 5895 1378 5965 γοῦν·
1419 5897 1634 5963 Ἄλλος
1659 5895 1830 5954 ἐστίν
1853 5901 1886 5953 ό

2007 4699 2286 4753 timonium
2314 4709 2462 4751 tuum
2506 4716 2610 4752 non
2647 4709 2722 4754 est
2772 4715 2973 4754 verum.
3025 4699 3154 4753 Ideo
3192 4697 3357 4768 igitur
3388 4713 3593 4765 praeve-

2003 4789 2161 4843 niens
2195 4789 2248 4843 id
2277 4790 2434 4854 dixit,
2468 4791 2623 4861 quasi
2655 4793 2859 4846 diceret
2895 4790 3144 4846 :Forsan
3177 4789 3372 4844 dicetis
3413 4787 3586 4842 mihi:

2003 4875 2118 4934 Non
2149 4880 2245 4934 tibi
2273 4883 2549 4937 credimus
2572 4899 2586 4948 ;
2609 4899 2716 4936 non
2739 4883 2884 4936 enim
2914 4883 3008 4952 qui
3039 4883 3183 4937 dese
3215 4879 3588 4936 testimonium

2003 4972 2335 5044 dat,dignus
2363 4975 2466 5029 ﬁde
2507 4984 2590 5030 est
2617 4975 2758 5030 inter
2801 4975 3074 5030 homines.
3107 4973 3224 5028 Non
3267 4975 3432 5045 igitur
3465 4988 3590 5042 pro--

2003 5073 2121 5133 pter
2150 5083 2304 5119 suam
2356 5067 2700 5136 dignitatem,
2737 5067 2832 5120 sed
2865 5075 3092 5135 prapter
3139 5067 3354 5122 illorum
3403 5065 3588 5134 suspi-

2001 5156 2238 5218 cionem,
2281 5165 2336 5210 et
2368 5155 2732 5224 objectionem
2767 5173 2888 5227 quae
2917 5157 2990 5211 ab
3033 5157 3144 5211 illis
3183 5157 3381 5227 Opponi
3413 5157 3579 5210 debe-

1979 5247 2116 5313 .b:tt,
2147 5249 2386 5303 ostendit
2413 5249 2494 5303 eis
2526 5265 2586 5304 se
2633 5251 2995 5320 cogitationes
3028 5265 3220 5304 eorum
3253 5248 3575 5303 abscondita

2000 5355 2229 5394 noscere
2265 5359 2279 5394 :
2320 5356 2490 5409 quum
2532 5357 2659 5394 vero
2693 5342 2825 5397 dicit
2860 5357 3048 5395 verum
3081 5356 3202 5396 esse
3231 5355 3391 5394 suum
3423 5341 3578 5396 testi-

1998 5435 2268 5498 monium,
2304 5434 2543 5489 ostendit
2572 5449 2752 5489 rerum
2783 5436 3024 5505 ipsarum
3051 5444 3327 5490 naturam.

2069 5619 2234 5674 Vens.
2268 5621 2356 5675 51.
2393 5619 2549 5687 Quod
2573 5631 2628 5676 ut
2659 5621 2826 5676 Deum
2855 5622 3168 5678 credibilem
3201 5621 3348 5676 illum
3379 5621 3578 5678 habere

1997 5721 2268 5784 oporteat,
2293 5717 2394 5768 tria
2435 5715 2642 5784 profert
2669 5715 2980 5771 testimonia
3021 5729 3246 5770 suorum
3279 5713 3576 5780 dicterum.

1995 5823 2159 5877 opera
2206 5824 2329 5878 quae
2361 5809 2430 5864 ab
2462 5810 2582 5880 ipso
2613 5817 2740 5864 sunt
2765 5807 2931 5873 facta,
2962 5807 3138 5864 Patris
3175 5807 3571 5872 testimonium,

1995 5909 2048 5955 et
2072 5899 2302 5957 Joannis
2344 5901 2698 5972 praeconium.
2735 5899 2898 5956 Infert
2943 5915 3159 5971 nempe,
3189 5897 3340 5954 Alius
3371 5911 3446 5952 est
3485 5899 3582 5969 qui
