4026 6436
426 353 561 419 1243

1170 356 1562 417 ΟΡΗΞΕΗΙΛ
1604 354 2238 417 SCRIPTURISTICA
2279 352 2632 417 INCERTzE
2669 352 2975 412 ZETATIS.

3553 348 3687 413 1244

426 469 783 525 testimonium
821 467 1053 537 perhibet
1083 468 1147 521 de
1180 484 1279 532 me,
1316 480 1364 522 et
1396 469 1506 521 scio
1544 468 1668 537 quia
1707 483 1883 520 verum
1928 477 2003 521 est
2037 519 2038 525 η

2145 463 2421 531 παρτυρῶν
2449 463 2581 529 περὶ
2610 463 2777 531 ἐμοῦ,
2809 466 2903 516 καί
2929 459 3061 515 οῖδα
3086 460 3172 514 ὅτι
3199 461 3428 530 ἀληθής
3445 464 3625 516 ἐστιν
3652 464 3687 529 ἠ

428 562 785 615 testimonium
835 562 980 629 ejus;
1037 560 1103 614 de
1160 559 1371 613 Joanne
1418 562 1668 630 loquens.
1705 558 1783 613 Ne
1826 570 2006 613 autem

2145 556 2403 624 ναρτυρία
2428 555 2651 621 αὑτοῦ,
2685 554 2813 625 περὶ
2855 555 3106 607 Ἰωάννου
3134 554 3328 623 λέγων.
3364 557 3477 608 ’Ὶνα
3510 555 3569 608 δὲ
3622 555 3692 626 μὴ

428 655 635 714 dicant,
677 662 739 708 ut
768 654 860 707 tibi
898 654 1153 723 placeret,
1208 656 1310 706 hoc
1364 652 1510 716 fecit,
1548 653 1740 707 addit:
1780 650 1884 705 Vos
1920 651 2012 703 mi-

428 743 573 795 sistis
606 743 674 795 ad
694 742 977 808 Joannem,
1006 754 1053 795 et
1095 742 1455 796 testimonium
1482 743 1748 811 perhibuit
1778 742 2007 795 veritati.

2113 649 2366 717 λέγωσιν,
2390 650 2472 701 ὅτι
2526 648 2898 718 Χαριξόμενός
2944 665 3025 699 σοι
3052 648 3207 701 τοῦτο
3246 649 3501 717 ἐποίησεν
3528 690 3543 710 ,
3576 651 3691 700 ἑπι-

2114 742 2305 810 φέρει”
2361 736 2561 807 ’Υμεῖς
2609 737 3029 792 ἀπεστάλκατε
3066 737 3215 805 πρὸς
3264 738 3555 806 Ἰωάννην
3601 739 3695 790 καὶ

432 833 550 887 Νοη
584 834 752 899 enim,
782 836 877 900 ait,
918 835 1228 900 misissetis,
1266 834 1313 889 si
1354 850 1464 889 non
1497 834 1813 889 credibilem
1855 833 2009 887 illum

2145 832 2529 905 ιεμαρτύρηκε
2568 829 2644 898 τῇ
2674 831 2922 897 ἀληθείᾳ
2948 847 2961 857 ’
2999 831 3098 883 οὐκ
3130 830 3193 883 ἂν
3220 830 3275 884 δὲ
3298 873 3313 894 ,
3362 832 3554 902 φησὶν,
3590 835 3694 885 ἀπ-

439 925 792 981 habuissetis.

507 1035 667 1089 Vsus.
701 1034 791 1089 34.
832 1034 972 1101 Quid
1000 1044 1116 1088 :cst
1160 1034 1268 1105 Ego
1298 1052 1399 1088 non
1429 1035 1493 1087 ab
1531 1034 1739 1087 homine
1776 1033 2014 1087 testimo-

2117 923 2415 989 εστεῐλατε,
2443 923 2489 975 εί
2526 922 2600 994 μὴ
2626 922 2941 988 ἀξιόπιστον
2970 924 3133 976 αὑτὸν
3163 925 3409 995 ἡγεῖσθε.

2191 1033 2257 1086 Τί
2290 1034 2406 1086 ἐστι
2437 1036 2497 1086 τὸ
2518 1073 2533 1098 ,
2584 1033 2732 1103 Ἐγὼ
2768 1035 2927 1100 παρὰ
2973 1035 3289 1102 ἀνθρώπου
3334 1034 3449 1103 τὴν
3471 1052 3703 1104 μαρτυ-

436 1127 580 1180 nium
612 1126 844 1191 recipio;
890 1127 978 1180 sed
1022 1128 1129 1180 [nec
1162 1127 1277 1180 dico
1324 1137 1380 1179 ut
1434 1142 1520 1178 vos
1568 1125 1700 1178 salvi
1737 1126 2015 1194 sitis?ego

2145 1125 2257 1176 νίαν
2285 1126 2357 1177 οὐ
2394 1124 2699 1193 λαμϐάνω,
2746 1127 2908 1180 ἀλλὰ
2952 1127 3137 1180 ταῦτα
3173 1126 3328 1195 λέγω
3373 1128 3473 1181 ἵνα
3530 1126 3701 1195 ὑμεῖς

436 1220 682 1288 quidem,
716 1221 914 1290 inquit,
946 1234 1052 1273 non
1090 1218 1317 1288 agebam
1350 1218 1497 1271 illius
1528 1215 1862 1281 testimonio,
1889 1232 2014 1269 cum

435 1308 579 1364 Deus
632 1310 759 1375 sim,
816 1309 1079 1364 humano.
1129 1310 1401 1375 Quoniam
1458 1318 1641 1361 autem
1709 1307 1881 1375 magis
1942 1306 2017 1359 illi

436 1402 673 1457 oheditis
719 1418 883 1472 quam
926 1402 1085 1469 mihi,
1122 1401 1248 1457 ideo
1282 1401 1437 1456 vobis
1473 1398 1851 1455 testimonium
1900 1398 2020 1469 ejus

439 1491 678 1559 profero.

512 1601 673 1656 Vens.
706 1603 794 1659 55.
829 1602 1134 1657 Lucernam
1182 1603 1464 1658 ardentem
1502 1615 1684 1661 ,vocat
1727 1604 2020 1671 Joannem,

438 1694 569 1763 quia
597 1710 705 1749 non
730 1695 1004 1764 propriam
1038 1696 1215 1749 lucem
1252 1695 1487 1755 habebat
1514 1696 1609 1749 sed
1646 1696 1825 1751 lucem
1857 1694 2021 1764 spiri-

2119 1214 2389 1281 σωθῆτε;
2434 1214 2576 1282 Ἐγὼ
2615 1214 2736 1283 μὲν,
2773 1214 2929 1284 φησὶ,
2966 1214 3065 1267 οὐκ
3110 1214 3339 1284 ἐδεόμην
3371 1214 3467 1283 τῆς
3506 1211 3701 1264 τούτου

2124 1307 2467 1377 μαρτυρίας,
2522 1306 2654 1369 Θεὸς
2699 1306 2795 1372 ὢν,
2835 1309 2936 1376 τῆς
2984 1305 3365 1377 ἀνθρωπίνης’
3398 1304 3593 1377 ἐπειδὴ
3646 1304 3701 1356 δὲ

2125 1374 2326 1467 μᾶλλον
2370 1396 2520 1466 αὐτῷ
2558 1400 2852 1466 προσέχετε
2885 1374 3030 1468 ἢπερ
3071 1374 3218 1465 ἐμοὶ,
3248 1374 3337 1450 διά
3366 1374 3523 1449 τουτο
3557 1398 3701 1467 ὑμᾶς

2121 1490 2528 1558 ἀναμιμνήσκω
2549 1492 2647 1559 τῆς
2676 1490 2985 1559 μαρτυρίας
3013 1489 3201 1543 αὑτοῦ.

2198 1597 2405 1667 Λύχνιον
2452 1598 2507 1651 δὲ
2553 1598 2845 1668 καιόμενον
2880 1598 3027 1665 λέγει
3061 1599 3151 1652 τὸν
3196 1599 3484 1668 Ἰωάννην,
3523 1599 3616 1654 διὰ
3646 1600 3705 1652 τὸ

2129 1688 2202 1758 μὴ
2227 1688 2442 1742 οἴκοθεν
2476 1688 2621 1758 ἔχειν
2651 1688 2711 1742 τὺ
2743 1689 2889 1757 φῶς.
2915 1691 3031 1742 ἀλλ’
3060 1692 3169 1743 ἀπὸ
3198 1692 3293 1761 τῆς
3324 1691 3418 1744 τοῦ
3448 1691 3705 1760 Πνεῦμα-

441 1796 534 1842 tus
563 1788 774 1857 gratiae.
805 1787 946 1853 Quid
970 1796 1053 1841 est
1082 1806 1095 1841 :
1140 1786 1238 1840 Vos
1266 1786 1507 1840 voluistis
1535 1788 1605 1840 ad
1633 1787 1817 1840 horam
1835 1786 2021 1840 exsul-

2145 1795 2216 1840 :0;
2242 1778 2485 1847 χάριτος.
2524 1779 2567 1830 Τ
2573 1777 2588 1830 ί
2630 1779 2745 1830 ἐστι
2780 1779 2861 1844 τὸ,
2910 1779 3103 1848 Ὑμεῖς
3143 1780 3486 1847 ἠθελήσατε
3522 1782 3707 1851 ἀγαλ-

445 1892 557 1933 tore
604 1880 660 1933 in
686 1880 799 1933 luce
859 1881 972 1947 ejus
996 1881 1021 1932 .9
1052 1881 1358 1935 ostenditur
1393 1880 1522 1950 quia
1560 1879 2023 1949 recept-rantqui-

443 1973 565 2027 dem
603 1988 725 2042 qua:
756 1988 784 2025 a
834 1972 1044 2028 Joanne
1077 1974 1422 2039 dicebantur,
1453 1984 1508 2030 et
1564 1983 1791 2029 rectum.
1818 1974 1886 2028 de
1928 1973 2023 2027 illo

441 2063 709 2128 judicium
738 2073 980 2132 egerant,
1012 2065 1106 2121 sed
1134 2067 1434 2134 temporale
1467 2074 1522 2122 et
1548 2082 1656 2120 non
1691 2066 1885 2120 stabile
1919 2064 2024 2119 fuit

446 2154 548 2208 hoc
574 2153 837 2208 studium.
875 2154 929 2209 Si
967 2156 1113 2210 enim
1146 2168 1609 2225 perseverassent,
1643 2157 1897 2213 celeriter
1929 2172 2027 2212 eos

444 2249 863 2302 manuduxisset
889 2248 953 2302 ad
976 2247 1281 2304 Christum.

516 2357 682 2411 Vens.
714 2357 804 2413 56.
838 2359 978 2424 Quid
1022 2370 1106 2413 est
1152 2377 1166 2413 :
1202 2358 1312 2429 Ego
1350 2369 1525 2412 autent
1579 2360 1743 2413 habeo
1787 2361 2029 2414 testimo—

446 2451 594 2503 nium
628 2451 843 2519 majus.’
876 2452 925 2505 id
976 2460 1079 2513 est,
1116 2450 1293 2521 majus
1333 2449 1561 2507 Joannis
1604 2452 1949 2513 testimonio;
1978 2460 2032 2507 et

446 2543 607 2610 quale
650 2545 719 2598 sit
779 2545 921 2599 istud
955 2545 1251 2599 ostendens
1294 2546 1421 2599 dicit
1453 2563 1466 2599 :
1498 2545 1669 2613 Opera
1718 2546 1857 2599 enim
1911 2562 2031 2615 qua:

447 2635 591 2687 dedit
618 2635 744 2689 mihi
779 2635 937 2691 Pater
959 2626 1015 2690 ut
1039 2637 1259 2705 faciam,
1282 2638 1634 2691 testimonium
1654 2638 1885 2705 perhibet
1906 2638 2032 2708 quia

450 2725 620 2779 Pater
646 2727 788 2778 misit
820 2744 921 2781 me.

526 2816 694 2872 Vsus.
736 2819 826 2872 37.
869 2820 975 2884 Qui
1015 2820 1159 2874 misit
1199 2836 1278 2874 me
1306 2820 1491 2885 Pater,
1522 2822 1633 2888 ipse
1674 2823 2033 2876 testimonium

450 2907 708 2975 perhibuit
732 2908 797 2961 de
826 2926 924 2963 me.
954 2909 1098 2965 Ubi?
1126 2911 1343 2980 quando
1370 2911 1508 2965 dixit
1548 2931 1562 2966 :
1600 2910 1705 2966 Hic
1735 2926 1813 2967 est
1856 2912 2037 2967 Filius

455 3017 597 3054 metu
628 3000 875 3055 dilectus.

527 3091 667 3156 Quid
695 3103 779 3148 est
808 3112 821 3148 :
852 3094 1034 3164 Neque
1084 3111 1257 3149 vocem
1299 3095 1415 3165 ejus
1471 3098 1744 3151 audistis?
1777 3096 1828 3151 id
1882 3098 2033 3164 dicit,

2124 1869 2450 1936 λιασθῆναι
2489 1869 2640 1938 πρὸς
2676 1869 2840 1938 ὥραν
2881 1871 2951 1925 ἐν
2990 1869 3069 1937 τῷ
3092 1873 3236 1941 φωτὶ
3280 1874 3514 1937 autcf);
3548 1877 3711 1944 Δηλοῖ

2126 1963 2209 2015 ὅτι
2242 1960 2574 2024 ἀπεδέξαντο
2606 1962 2706 2031 μὲν
2731 1961 2801 2015 τὰ
2827 1962 3096 2033 εἰρημένα
3125 1965 3274 2033 παρὰ
3311 1966 3587 2031 Ἰωάννου,
3619 1967 3712 2019 καὶ

2126 2054 2291 2124 ὀρθὴν
2321 2055 2450 2125 περὶ
2480 2055 2647 2109 αὑτοῦ
2676 2056 2861 2127 κρίσιν
2888 2052 3056 2127 εἶχον,
3087 2058 3229 2111 ἀλλά
3272 2059 3615 2129 πρόσκαιρος
3644 2054 3711 2129 ἦν

2128 2144 2225 2199 καὶ
2256 2144 2511 2209 ἀϐέϐαιος
2545 2149 2731 2216 ἐκείνη
2776 2151 2808 2218 ή
2844 2149 3072 2219 σπουδή.
3106 2151 3168 2203 Εἰ
3213 2150 3323 2220 γὰρ
3366 2150 3670 2220 ἐπέμειναν
3694 2192 3709 2217 ,

2128 2240 2340 2307 ταχέως
2369 2239 2437 2293 ἂν
2471 2241 2670 2305 αὐτοὺς
2704 2243 3116 2313 ἐχειραγὼγησε
3150 2244 3284 2314 πρὸς
3309 2246 3573 2316 Χριστόν.

2202 2349 2269 2403 Τί
2288 2351 2345 2403 δέ
2368 2352 2484 2403 ἐστι
2508 2351 2591 2418 τὺ,
2631 2353 2779 2420 Ἐγὼ
2803 2352 2871 2406 δὲ
2891 2354 3009 2422 ἔχω
3030 2354 3146 2422 τὴν
3156 2358 3490 2423 μαρτυρίαν
3512 2353 3712 2423 pallio;

2132 2442 2241 2495 Τοῦ
2285 2442 2555 2507 Ἰωάννου,
2592 2445 2686 2497 καὶ
2719 2446 2879 2497 ποίαν
2910 2446 3137 2517 ταύτην,
3191 2446 3368 2517 δηλῶν
3414 2448 3604 2515 λέγει·
3641 2451 3714 2500 Τὰ

2131 2531 2275 2601 ἔργα
2316 2534 2355 2587 d
2384 2534 2571 2588 ἔδωκέ
2608 2554 2710 2604 μοι
2741 2540 2774 2589 ό
2806 2536 3008 2603 Πατὴρ
3037 2539 3137 2591 ἵνα
3175 2538 3324 2593 ποιῶ
3343 2580 3359 2605 ,
3391 2541 3549 2593 αὐτὰ
3572 2556 3711 2609 gap.

2133 2627 2303 2693 τυρεῖ
2325 2624 2416 2689 ὅτι
2442 2629 2474 2679 ό
2498 2626 2700 2696 Πατήρ
2728 2645 2805 2697 με
2836 2628 3217 2687 ἀπέστειλεν.

2211 2813 2343 2867 ’Ὁτι
2383 2815 2417 2867 ό
2442 2813 2687 2883 πέμψας
2715 2832 2791 2883 με
2823 2814 3026 2883 Πατὴρ
3050 2858 3063 2881 ,
3092 2815 3275 2881 αὐτὸς
3300 2818 3714 2886 μεμαρτύρηκε

2136 2907 2271 2975 περὶ
2290 2905 2459 2976 ἐμοῦ.
2490 2907 2633 2973 Ποῦ;
2664 2909 2778 2961 ὐτ’
2809 2908 2875 2962 ἂν
2902 2904 3081 2961 sinsin
3108 2904 3297 2976 Οὗτός
3323 2910 3495 2964 ἐστιν
3525 2914 3559 2964 ό
3588 2911 3711 2976 nec

2129 3017 2250 3069 μου
2281 3002 2314 3053 ὁ
2347 3000 2681 3067 ἀγαπητός.

2209 3093 2275 3146 Τί
2330 3094 2449 3145 ἔστι
2509 3092 2608 3156 τὸ,
2673 3093 2822 3147 Οὔτε
2871 3092 3084 3162 φωνὴν
3138 3094 3327 3148 αὑτοῦ
3375 3094 3711 3160 ἀκηκόατε,

453 3184 580 3252 quia
618 3186 671 3237 in
716 3184 826 3239 Deo
856 3203 959 3241 non
992 3203 1092 3242 vox
1118 3198 1201 3243 est
1228 3205 1403 3258 neque
1434 3188 1640 3255 facies;
1665 3201 1719 3245 et
1746 3206 1816 3247 ne
1846 3191 2030 3247 dicere

2145 3182 2305 3237 Τοῦτο
2349 3183 2517 3251 λέγει,
2553 3184 2635 3237 ὅτι
2673 3184 2800 3253 περὶ
2830 3184 2963 3238 Θεὸν
3004 3184 3129 3238 οὔτε
3176 3186 3331 3255 φωνή
3390 3188 3568 3250 ἐστιν,
3600 3184 3716 3239 οὔτε

457 3276 669 3343 possint
701 3278 876 3348 Moysi
918 3278 1090 3363 Deum
1122 3281 1366 3336 locutum
1394 3280 1586 3337 fuisse.

528 3446 692 3502 Vens.
727 3450 814 3505 59.
844 3450 960 3505 Non
986 3452 1140 3519 dicit,
1164 3451 1367 3523 Legite,
1398 3454 1514 3517 sed,
1534 3453 1886 3513 Scrutamiui.
1914 3455 2035 3511 Non

454 3543 601 3596 enim
636 3559 781 3598 mera
812 3545 1017 3600 lectura
1052 3557 1337 3616 praestaret
1364 3549 1673 3616 scientiam,
1699 3550 1790 3604 sed
1815 3549 2037 3606 assidua

456 3636 739 3690 ineditatio
774 3648 999 3706 praestat
1029 3641 1173 3708 quod
1212 3642 1502 3709 quaeritur.

534 3725 697 3780 Vens.
730 3728 819 3782 45.
866 3728 939 3783 De
968 3746 1078 3799 quo
1118 3731 1250 3785 dicit
1283 3751 1296 3786 :
1336 3731 1397 3787 Si
1428 3734 1569 3786 alius
1602 3735 1799 3787 uerterit
1851 3734 1907 3787 in
1940 3750 2041 3788 uo-

459 3819 599 3871 miue
655 3834 752 3873 suo
800 3819 955 3873 illum
1002 3823 1419 3890 recipietisIDe
1473 3825 1812 3881 Antichrislo
1865 3825 2044 3897 loqui-

461 3923 571 3969 tur.

1066 4038 1297 4095 CAPUT
1342 4039 1433 4095 Vl.

532 4142 699 4197 Vens.
731 4142 780 4199 Ι.
818 4143 929 4198 Cur
963 4145 1098 4199 abiit
1152 4156 1303 4202 trans
1336 4162 1487 4201 mare
1519 4146 1755 4201 Galilmzrr
1789 4147 2044 4203 Tiberia-

461 4235 671 4289 dis?ut
700 4249 765 4288 ex
812 4234 899 4289 his
939 4252 1059 4306 qua:
1108 4238 1325 4292 dixerat
1359 4238 1619 4292 invidiam
1679 4256 1786 4294 non
1837 4241 2047 4294 excita-

460 4336 564 4382 ret.

537 4420 784 4475 Vens.'5.
816 4420 926 4475 Cur
957 4438 1061 4475 non
1093 4423 1337 4477 ascendit
1369 4423 1420 4477 in
1458 4425 1692 4488 Pascha,
1722 4424 1815 4479 sed
1852 4440 1905 4477 In
1936 4423 2049 4479 Ga—

2138 3269 2281 3336 εἷδος
2304 3288 2317 3301 ·
2344 3272 2501 3326 τοῦτο
2522 3273 2578 3326 δὲ
2607 3268 2761 3328 εἶπεν
2788 3274 2873 3327 ἵνα
2901 3275 2977 3346 μὴ
3001 3276 3166 3347 ἔχωσι
3194 3275 3373 3346 λέγειν
3411 3278 3495 3331 ὅτι
3535 3280 3717 3331 Musei

2136 3365 2439 3437 λελάληκεν
2464 3369 2491 3421 ὁ
2518 3367 2673 3431 Θεὸς.

2211 3456 2325 3509 Οὐκ
2358 3452 2532 3523 εἶπεν,
2572 3458 2898 3528 Ἀνάγνωτε,
2928 3460 3065 3523 ἀλλ’,
3106 3459 3438 3528 Ἐρευνᾶτε·
3465 3462 3528 3513 οὐ
3560 3462 3716 3529 γάρὴ

2138 3545 2271 3617 ψιλὴ
2300 3547 2606 3616 ἀνάγνωσις
2634 3552 2878 3622 παριστᾷ
2901 3550 2999 3622 τὴν
3028 3552 3247 3618 γνῶσιν,
3278 3553 3394 3607 ἀλλ’
3425 3555 3458 3622 ὴ
3482 3554 3715 3624 ἀκριϐὴς

2140 3640 2469 3709 κατανόησις
2504 3642 2807 3713 παρίστησι
2843 3644 2905 3696 τὸ
2945 3643 3302 3714 ζητούμενον.

2216 3731 2353 3801 Περὶ
2399 3732 2545 3795 τίνος
2585 3733 2754 3801 λέγει,
2790 3735 2872 3787 ὅτι
2933 3735 3075 3789 Ἐὰν
3119 3736 3311 3801 ἄλλος
3346 3737 3494 3805 ἔλθῃ
3535 3739 3603 3791 ἐν
3647 3735 3720 3800 τῷ

2146 3823 2294 3889 ιδίῳ,
2326 3824 2563 3879 ἐκεῖνον
2587 3825 2899 3895 λήψεσθε;
2932 3828 3072 3899 Περὶ
3096 3827 3190 3882 τοῦ
3235 3829 3610 3899 ’Δντιχρίστου
3638 3827 3715 3880 λέ-

2147 3932 2258 3985 γει.

2752 4042 3005 4107 ΚΕΦΛΛ.
3039 4046 3131 4111 ς’.

2220 4145 2319 4199 Διὰ
2345 4145 2397 4199 τί
2424 4147 2634 4217 ἀπῆλθε
2670 4148 2844 4215 πέραν
2876 4150 2974 4219 τῆς
3005 4148 3280 4218 Θαλάσσης
3313 4150 3410 4217 τῆς
3436 4150 3719 4211 Γαλιλαίας

2148 4240 2247 4308 τῆς
2270 4239 2622 4309 Τι6εριάδος;
2656 4241 2754 4294 Διά
2784 4242 2842 4295 τὸ
2868 4244 2942 4312 μὴ
2975 4244 3040 4295 ἐκ
3069 4244 3177 4297 τῶν
3203 4245 3511 4314 εἰρημένων
3541 4246 3719 4315 φθόνον

2150 4332 2463 4404 κινηθῆναι.

2221 4427 2320 4478 Διά
2351 4426 2405 4479 τί
2430 4428 2529 4480 οὐκ
2553 4428 2782 4496 ἀνῆλθεν
2812 4428 2906 4481 οὖν
2935 4430 3014 4493 εἰς
3049 4431 3109 4482 τὸ
3144 4429 3353 4501 Πάσχα,
3383 4431 3498 4484 ἀλλ’
3522 4434 3601 4495 εἰς
3634 4431 3720 4502 τὴν

464 4512 627 4576 Ιζιαξιι,
652 4514 833 4567 etillic
866 4514 916 4567 in
941 4513 1360 4582 Capharnaum?
1390 4518 1593 4571 sensim
1623 4518 1837 4571 tandem
1872 4517 2038 4586 legem

2152 4518 2466 4582 Γαλιλαίαν,
2493 4520 2749 4574 κάκεῖθεν
2772 4523 2849 4582 είς
2876 4521 3281 4591 Καπερναούμ;
3321 4525 3530 4593 Ἠρέμα
3553 4524 3721 4576 λοιπὸν

466 4606 734 4671 solvebat,
776 4607 1118 4661 occasionem
1176 4623 1401 4662 sumens
1454 4624 1484 4662 e
1534 4608 1847 4664 Judaeorum
1891 4609 2051 4663 mali-

468 4700 561 4752 tia.

541 4788 707 4845 Vens.
744 4791 796 4844 5.
831 4792 970 4857 Quid
1005 4832 1019 4857 ,
1051 4792 1337 4847 Sublevans
1378 4793 1557 4847 oculos
1595 4811 1719 4849 suos
1753 4804 1801 4849 et
1847 4796 2050 4862 videns,

471 4881 609 4934 dixit
658 4880 795 4946 Quia
846 4899 1122 4952 nunquam
1167 4884 1487 4955 simpliciter
1530 4887 1797 4949 consedit,
1830 4887 1922 4941 sed
1957 4903 2052 4942 eu—

472 4991 590 5029 ram
618 4975 868 5033 habendo
902 4976 968 5032 de
991 4978 1106 5033 suis
1132 4978 1439 5046 discipulis.
1471 4977 1610 5044 Quid
1652 4989 1757 5043 est,
1782 4981 1930 5051 quod
1960 4981 2055 5035 alii

471 5069 819 5139 evangelista:
841 5070 1079 5124 dixerint
1123 5072 1424 5141 discipulos
1457 5073 1780 5127 accedentes
1816 5074 2056 5128 interro-

473 5177 602 5231 gare
650 5171 702 5215 et
738 5162 947 5217 hortari
982 5178 1048 5218 ne
1088 5164 1235 5217 sinat
1262 5162 1404 5217 fame
1452 5164 1649 5234 perire,
1684 5162 1925 5220 Joannes
1956 5182 2057 5220 ειη-η

478 5264 582 5307 tem
643 5255 950 5326 Philippum
995 5270 1025 5309 a
1084 5255 1302 5309 Christo
1350 5256 1716 5327 interrogari?
1747 5256 1881 5310 Mihi
1926 5273 2057 5329 ergo

474 5348 686 5401 videtur
721 5359 950 5419 utraque
977 5364 1096 5402 esse
1136 5363 1284 5410 vera,
1327 5346 1421 5402 sed
1463 5364 1571 5401 non
1608 5349 1659 5403 in
1693 5350 1880 5403 eodem
1919 5358 2058 5404 tem-

474 5457 603 5510 pore
646 5442 847 5497 habita.
887 5443 996 5495 Cur
1046 5441 1344 5510 interrogat
1389 5440 1735 5509 Philippum?
1780 5442 2041 5510 quoniam

475 5534 684 5587 sciebat
749 5534 874 5603 quis
929 5533 1196 5601 indigeret
1253 5534 1461 5599 majore
1519 5532 1888 5587 institutione.
1952 5534 2058 5587 Iste

475 5626 618 5678 enim
651 5636 736 5680 est
768 5627 857 5693 qui
884 5625 1014 5680 dicit
1045 5645 1057 5679 :
1092 5626 1317 5680 Ostende
1348 5624 1499 5679 nobis
1540 5622 1755 5677 Patrem
1790 5632 1839 5678 et
1868 5626 2059 5695 sufﬁcit

480 5715 643 5768 nobis.
672 5714 783 5769 Cur
822 5715 956 5769 dicit
989 5734 1002 5769 :
1034 5713 1420 5770 Undeememus
1437 5733 1623 5786 panes,
1660 5724 1717 5768 ιιι
1739 5717 2058 5770 manducent

488 5804 582 5860 hi?
612 5806 750 5860 Num
793 5818 851 5862 ut
898 5810 1153 5867 ignorans
1216 5826 1336 5866 uttze
1375 5810 1486 5864 ﬁeri
1523 5810 2007 5865 debebant?absit
2043 5828 2056 5876 ;

2156 4612 2448 4665 ὑπεκλύων
2487 4613 2581 4665 τὸν
2626 4613 2817 4683 νόμον,
2849 4616 3107 4687 ἀφορμὴν
3150 4616 3446 4685 λαμϐάνων
3492 4618 3601 4670 ἀπὸ
3634 4616 3719 4686 τῆς

2167 4702 2468 4774 Ἰουδαϊκῆς
2503 4706 2788 4775 πονηρίας.

2226 4799 2291 4850 Τί
2322 4798 2558 4863 ἐστι.τὸ,
2604 4798 2973 4868 Ἀναϐλέψας
3009 4801 3131 4866 τοῖς
3162 4802 3491 4870 ὀφθαλμοῖς
3525 4800 3716 4859 αὐτοῦ,

2155 4886 2362 4957 sister;
2401 4892 2525 4943 ’Ὅτι
2564 4892 2822 4946 οὐδέποτε
2870 4893 3054 4956 ἁπλῶς
3102 4894 3339 4965 ἐκάθητο
3366 4935 3380 4957 ,
3416 4897 3553 4949 ἀλλὰ
3596 4894 3720 4965 μετὰ

2157 4983 2486 5053 κηδεμονίας
2514 4982 2614 5051 τῆς
2650 4983 2785 5054 πρὸς
2815 4981 2942 5047 τοὺς
2977 4984 3245 5054 μαθητάς.
3285 4985 3350 5037 Τί
3390 4987 3538 5039 ἐστιν
3574 4988 3649 5039 ὅτι
3677 4983 3719 5035 ci

2162 5074 2259 5142 μὲν
2292 5073 2438 5127 ἄλλοι
2470 5073 2859 5142 εὐαγγελισταὶ
2894 5074 3018 5137 τοὺς
3052 5074 3300 5145 μαθητάς
3332 5094 3466 5143 φασι
3504 5073 3716 5146 προσελο

2161 5164 2354 5227 θὸντας
2392 5166 2605 5235 ἐρωτᾷν
2644 5165 2741 5218 καὶ
2773 5165 3116 5234 παρακαλεῖν
3154 5165 3298 5229 ,ὥστε
3351 5166 3424 5236 μὴ
3473 5166 3717 5220 ἀπολῦσαι

2159 5257 2357 5319 αὐτοὺς
2378 5259 2615 5328 νήστεις,
2639 5252 2793 5320 οὗτος
2810 5258 2866 5310 δὲ
2890 5261 2929 5311 ὁν
2952 5258 3343 5331 εὐαγγελιστὴς
3367 5260 3459 5313 τὸν
3478 5261 3717 5313 Φίλιππον

2160 5349 2505 5419 ἐρωτηθῆναι
2536 5352 2689 5421 παρὰ
2717 5350 2994 5420 Χριστοῢ;
3024 5353 3183 5405 Δοκεῖ
3208 5349 3300 5405 οὖν
3336 5371 3425 5417 μοι
3457 5353 3717 5421 ἀμφότεραι

2160 5436 2300 5491 εἶναι
2331 5438 2543 5509 ἀληθῆ,
2579 5439 2696 5492 ἀλλ’
2729 5441 2828 5493 οὐκ
2862 5442 2953 5493 ἐπὶ
2985 5440 3077 5493 τοῦ
3108 5441 3274 5494 αὐτοῦ
3313 5443 3578 5513 γενόμενα
3613 5457 3717 5493 και-

2164 5532 2281 5603 ροῦ.
2320 5534 2419 5587 Διὰ
2445 5533 2497 5586 τί
2528 5535 2709 5605 ἐρωτᾷ
2740 5535 2830 5587 τὸν
2861 5535 3159 5600 Φίλιππον;
3205 5535 3421 5605 Ἐπειδὴ
3452 5536 3712 5602 ἐγίνωσκε,

2163 5626 2244 5687 τίς
2289 5625 2467 5678 ἐδέετο
2500 5626 2745 5687 πλείονος
2791 5627 3138 5691 διδασκαλίας
3159 5645 3173 5658 ·
3208 5621 3364 5690 οὗτος
3394 5629 3501 5697 γάρ
3532 5629 3663 5679 ἐστιν
3691 5621 3713 5671 ί

2164 5716 2366 5785 λέγων·
2409 5717 2616 5781 Δεῖξον
2650 5719 2795 5787 ἡμῖν
2827 5719 2934 5773 τὸν
2956 5720 3210 5787 Πατέρα,
3248 5719 3340 5773 καὶ
3373 5718 3543 5787 ἀρκεῖ
3573 5712 3708 5784 ἡμῖν.

2166 5808 2264 5863 Διά
2307 5809 2359 5863 τί
2392 5809 2537 5878 λέγει
2564 5827 2575 5839 ·
2604 5813 2794 5866 Πόθεν
2844 5811 3257 5884 [ἁγοράσομεν
3302 5808 3579 5882 ἄρτους,]
3628 5807 3710 5859 ἵνα
