4026 6456
353 439 488 504 1245

1421 443 1744 506 SﬂHOLIA
1785 445 2090 507 VETERA
2131 447 2214 507 IN
2255 447 2634 526 JOANNEM.

3478 449 3616 514 1246

347 555 621 623 φάγωσιν
665 551 862 620 ditat;
909 554 1060 628 'Apa.
1089 558 1164 623 ὡς
1211 559 1422 627 ἀγνοῶν
1445 561 1506 614 τὸ
1543 561 1738 631 μέλλον
1771 559 1915 628 γενέ-

2035 562 2121 616 sed
2181 564 2310 634 quia
2373 565 2587 620 dixerat
2621 563 2928 634 Philippus,
2967 562 3320 618 Ducentorum
3361 563 3618 618 denario-

351 645 474 698 σθαι
511 661 527 710 ;
581 645 762 714 ἄπαγε
804 649 816 702 ι
853 650 990 702 ἀλλὰ
1046 650 1138 703 διὰ
1193 651 1255 704 τὸ
1296 653 1578 723 εἰρηκέναι
1616 653 1710 705 τὸν
1742 653 1929 705 Φίλιπ-

347 755 469 802 πον,
495 739 581 792 ὄτι
633 742 965 796 Διακοσίων
994 743 1316 812 δηναρίων,
1349 745 1444 798 καὶ
1469 745 1540 800 τὰ
1565 745 1714 816 ἑξῆς.
1755 745 1930 816 Είρω·

347 831 498 884 νικον
529 831 623 886 οὖν
653 833 742 888 τὸν
765 833 924 903 λόγον
960 840 1210 892 ποιεῖται.

419 925 518 976 Atii
545 927 598 977 τί
629 927 721 978 ἐπὶ
755 926 854 994 μὲν
883 928 978 982 τοῦ
1005 931 1384 999 παραλυτικοῦ
1416 932 1511 984 καὶ
1541 931 1637 985 τοῦ
1672 933 1928 1004 Λαζάρου

347 1016 441 1068 καὶ
467 1017 555 1068 ὅτε
589 1015 686 1085 τὴν
724 1018 1002 1074 θάλασσαν
1033 1024 1282 1092 ἐχαλίνου
1331 1026 1434 1078 οὐκ
1472 1023 1676 1094 ηὔξατο
1697 1065 1712 1088 ,
1749 1025 1843 1078 νῦν
1873 1025 1930 1078 δὲ

347 1104 568 1173 εὔχεται
589 1106 838 1173 ;Τύπους
864 1113 994 1180 ἡμῖν
1016 1112 1213 1178 διδοὺς,
1237 1113 1324 1168 ἵνα
1349 1115 1408 1166 ὲν
1433 1112 1508 1183 τῷ
1527 1113 1734 1185 τροφῆς
1759 1131 1930 1184 μετασ-

347 1197 644 1269 λαμϐἁνειν
677 1205 847 1273 ἡμᾶς,
875 1205 1186 1277 εὐχώμεθα.

421 1293 520 1344 Διὶ
563 1293 616 1346 τί
670 1298 1020 1368 συνεχώρησε
1075 1297 1436 1366 περισσεῦσαι
1475 1299 1688 1365 ταῦτα;
1737 1300 1814 1354 οὐ
1861 1299 1929 1353 δι’

345 1383 646 1452 ἐπίδειξιν,
681 1389 796 1442 ἀλλ’
831 1391 919 1444 ἴνα
957 1395 1033 1462 μὴ
1073 1393 1348 1460 φαντασία
1395 1393 1525 1464 δόξῃ
1573 1393 1633 1446 τὸ
1677 1394 1927 1464 γενηθέν.

346 1477 462 1528 Οὐκ
485 1476 656 1532 ἔδωκε
681 1481 736 1533 δὲ
770 1485 880 1544 τοῖς
901 1483 1082 1552 ὄχλοις
1108 1484 1422 1554 βαστάζειν,
1451 1485 1590 1537 ἀλλὰ
1614 1487 1729 1550 τοῖς
1756 1487 1932 1556 μαθη-

343 1576 464 1632 ταῖς
482 1587 497 1602 ·
523 1572 709 1644 ἐπειδὴ
737 1573 962 1638 τούτους
995 1576 1280 1646 μάρτυρας
1305 1575 1414 1629 ἔδει
1433 1572 1573 1630 εἶναι
1605 1577 1807 1648 μᾶλλον
1833 1579 1932 1632 καὶ

345 1666 599 1734 κήρυκας
626 1665 736 1718 τῶν
767 1664 1086 1734 θαυμάτων.

419 1755 541 1808 Ὅτι
579 1755 687 1826 χρὴ
721 1755 1002 1825 θαυμάσαι
1042 1757 1125 1812 ὅτι
1170 1759 1492 1830 ἰσαρίθμους
1522 1760 1634 1814 τῶν
1668 1762 1930 1831 μαθητῶν

342 1850 475 1912 τοὺς
505 1850 760 1917 κοφίνους
801 1849 911 1902 τῶν
957 1849 1227 1920 λειψάνων
1267 1852 1494 1922 ἐποίησε
1535 1854 1926 1924 περισσεῦσαι,

344 1942 436 1992 ἵνα
467 1941 526 1994 ἐν
553 1939 633 2011 τῷ
659 1940 950 2010 βαστάζειν
976 1943 1412 2014 μιμνήσκωνται.

419 2032 518 2086 Διὰ
543 2033 596 2085 τί
629 2032 1003 2103 θαυμάζουσιν
1033 2035 1084 2086 οἱ
1123 2035 1270 2104 ὄχλοι
1303 2035 1464 2089 τοῦτο
1499 2035 1704 2105 μᾶλλον
1733 2037 1794 2090 τὸ
1829 2055 1926 2107 a11-

341 2127 500 2192 μεῖον
543 2140 558 2192 ;
615 2125 692 2176 Δι’
746 2125 1054 2197 ὑπερϐολὴν
1108 2129 1576 2198 γαστριμαργίας.
1619 2129 1684 2182 Τί
1737 2129 1920 2198 λέγει,

335 2215 442 2285 Μὴ
492 2218 904 2287 μεριμνήσητε
929 2258 944 2282 ,
997 2222 1162 2293 φησιν
1187 2260 1202 2284 ,
1233 2225 1321 2286 εὶς
1366 2222 1482 2290 τὴν
1527 2223 1744 2292 αὔριον
1769 2241 1790 2290 ;
1813 2226 1922 2296 Δη-

337 2311 428 2362 λοί
481 2311 537 2364 δὲ
596 2311 748 2364 οὐτὸ
803 2310 880 2381 μή
946 2315 1243 2383 μεριμνᾷν,
1297 2314 1436 2368 ἀλλὰ
1489 2315 1551 2368 τδ
1613 2315 1690 2387 μὴ
1748 2333 1922 2387 προσ-

335 2401 590 2471 ηλῶσθαι
633 2403 712 2474 τῷ
769 2405 962 2475 κόσμῳ
993 2405 1228 2469 καὶτοῖς
1259 2406 1534 2475 βιωτικοῖς
1563 2410 1884 2479 πράγμασιν
1905 2427 1918 2440 ·

333 2495 520 2559 ἔξεστι
547 2495 602 2550 δὲ
629 2496 1002 2568 ἐργαζόμενον
1033 2499 1218 2570 μηδὲν,
1244 2501 1322 2563 είς
1351 2501 1450 2570 τὴν
1484 2499 1675 2570 αὔριον
1719 2502 1924 2573 θησαυ-

337 2587 560 2657 ρίζειν’
619 2590 682 2642 οὐ
740 2589 849 2659 γὰρ
903 2590 1100 2644 ταυτὸν
1166 2592 1410 2662 μέριμνα
1487 2594 1581 2644 καὶ
1661 2595 1916 2664 ἐργασία.

331 2682 406 2733 Τί
463 2683 578 2734 ἐστι
621 2682 680 2735 τὸ
717 2725 732 2748 ,
779 2682 956 2748 Ἐνός
995 2683 1128 2736 ἐστι
1210 2685 1424 2753 χρεία;
1473 2687 1546 2737 υὺ
1583 2687 1714 2757 περὶ
1755 2687 1918 2757 ἔργου

332 2776 438 2828 νῦν
464 2777 579 2828 ἐστι
609 2777 701 2827 καὶ
726 2775 1014 2844 ἐργασίας,
1039 2775 1174 2829 ἀλλὰ
1202 2777 1329 2846 περὶ
1357 2777 1450 2830 τοῦ
1475 2778 1586 2830 δεῖν
1615 2780 1804 2850 καιρὸν
1839 2781 1918 2833 εἰ·

327 2868 484 2928 δέναι
509 2908 524 2930 ,
557 2867 652 2920 καὶ
683 2867 760 2937 μὴ
804 2868 894 2920 τὸν
915 2870 1012 2938 τῆς
1043 2869 1364 2937 ἀκροάσεως
1400 2869 1538 2942 πρὸς
1575 2873 1646 2926 τὰ
1681 2873 1919 2942 σαρκικὰ

329 2961 673 3014 ἀναλίσκειν.
703 2961 776 3014 Οὔ
804 2959 982 3013 τοίνυν
999 2961 1200 3032 ἀργίαν
1223 2963 1550 3033 νομοθετῶν,
1582 2963 1722 3019 ἀλλὰ
1751 2984 1919 3038 προσ·

327 3071 367 3122 η
377 3052 482 3104 λῶν
505 3055 568 3121 τῇ
600 3053 861 3124 ἀκροάσει
887 3053 1058 3108 ταῦτα
1081 3054 1288 3123 ἔλεγεν.

409 3144 476 3196 Τί
501 3146 640 3210 ἐστι,
673 3145 894 3200 Τοῦτον
914 3146 1025 3216 γὰρ
1048 3149 1081 3200 ὀ
1105 3146 1308 3216 Πατὴρ
1331 3147 1736 3219 ἐσφράγισενς
1769 3151 1917 3205 Ἀντὶ

2033 667 2178 718 rum,
2211 663 2318 710 etc.
2371 653 2646 712 lrouicum
2677 655 2844 727 igitur
2869 670 3184 712 sermonem
3219 655 3404 710 habet.

2109 930 2271 984 Vens.
2310 931 2398 986 Η.
2435 929 2546 986 Cur
2579 946 2758 1000 neque
2783 931 2834 984 in
2863 931 3184 1001 paralytico,
3219 946 3399 1000 neque
3429 930 3482 984 in
3511 929 3616 983 La—

2031 1040 2180 1086 zaro,
2205 1040 2377 1094 neque
2399 1026 2620 1094 quando
2643 1041 2792 1080 mare
2815 1026 3047 1088 sedarit,
3071 1025 3281 1090 oravit;
3313 1039 3460 1078 nunc
3485 1039 3616 1078 vero

2031 1117 2185 1170 orat?
2223 1119 2472 1187 exempla
2505 1119 2661 1173 nobis
2696 1128 2756 1172 ut
2809 1120 2922 1182 det,
2967 1127 3028 1174 ut
3074 1120 3127 1173 iu
3179 1119 3449 1174 sumendo
3493 1117 3616 1172 cibo

2031 1219 2278 1260 OI'BIIIIIS.

2108 1300 2272 1356 Vsus.
2309 1301 2392 1356 12.
2423 1302 2536 1356 Cur
2566 1304 2814 1372 permisit
2843 1313 3054 1358 tantum
3079 1303 3373 1372 superare?
3407 1317 3515 1356 non
3547 1301 3614 1356 ad

2031 1395 2478 1460 ostentationem,
2508 1397 2602 1450 sed
2639 1413 2706 1450 ne
2737 1397 3014 1452 videretur
3043 1397 3334 1450 fantastice
3358 1395 3503 1450 istud
3533 1394 3616 1448 l‘a-

2032 1498 2180 1542 ctuin
2205 1502 2350 1542 esse.
2393 1487 2512 1542 Non
2545 1489 2694 1544 dedit
2727 1500 2910 1544 autem
2954 1489 3254 1544 auferenda
3302 1488 3478 1543 turbis
3519 1489 3612 1544 sed

2031 1580 2347 1650 discipulis;
2380 1581 2642 1651 quoniam
2680 1581 2803 1635 illos
2832 1582 3118 1651 oportebat
3153 1591 3320 1638 testes
3358 1597 3480 1637 esse
3517 1596 3616 1652 po-

2032 1674 2142 1730 tius
2173 1682 2230 1728 ct
2249 1689 2540 1744 praecones
2575 1675 2994 1734 miraculorum.

2104 1766 2274 1822 Veiis.
2307 1769 2395 1822 15.
2423 1767 2818 1822 Admirandmn
2861 1777 2945 1822 est
2975 1767 3120 1838 quod
3169 1767 3407 1834 aequales
3442 1767 3612 1820 disci-
3673 1783 3686 1792 ί

2033 1860 2172 1928 pulis
2203 1875 2432 1914 numero
2467 1859 2734 1929 cophinos
2779 1859 3211 1930 lragmentorum
3246 1873 3508 1929 superare
3535 1859 3616 1914 fe-

2029 1953 2190 2014 cerit,
2213 1963 2276 2006 ut
2303 1951 2358 2006 in
2399 1951 2654 2008 tollendis
2685 1951 3060 2008 meminerint.

2102 2045 2267 2100 Vens.
2301 2046 2390 2100 Li.
2417 2045 2532 2102 Cur
2573 2044 2917 2100 admirantur
2963 2044 3137 2098 turba:
3182 2043 3288 2100 hoc
3331 2043 3506 2114 magis
3535 2045 3618 2100 si-

2025 2153 2192 2206 gnum
2232 2137 2256 2190 τ
2287 2145 2508 2207 propter
2545 2136 2684 2206 gula:
2732 2136 3238 2207 immoderantiam.
3277 2137 3393 2192 Cur
3431 2137 3610 2192 dixit:

2027 2205 2109 2282 Ne
2163 2205 2401 2286 solliciti
2435 2205 2566 2282 sitia
2615 2228 2672 2282 in
2747 2205 3042 2282 crastinum
3092 2230 3118 2282 ?
3181 2227 3441 2298 lutelligit
3507 2243 3616 2281 non

2025 2319 2320 2376 sollicitum
2369 2335 2512 2384 esse,
2547 2321 2642 2377 sed
2695 2335 2802 2374 non
2849 2319 3128 2376 adhaerere
3155 2321 3360 2375 mundo
3393 2330 3446 2374 et
3475 2337 3622 2374 mur-

2026 2413 2228 2468 talibus
2285 2412 2544 2484 negotiis.
2613 2411 2764 2468 Licet
2838 2419 3020 2467 autem
3073 2411 3282 2483 absque
3338 2413 3614 2466 anxietate

2024 2506 2077 2560 in
2101 2506 2405 2561 crastinum
2431 2505 2837 2571 tliesaurizare;
2861 2504 2992 2558 illud
3033 2504 3178 2558 enim
3220 2514 3437 2559 nonest
3468 2501 3620 2560 solli-

2031 2599 2218 2654 citudo
2247 2613 2424 2669 neque
2447 2597 2720 2652 anxietas.
2746 2596 2884 2664 Quid
2914 2605 3025 2650 est:
3066 2595 3241 2652 Unum
3263 2607 3339 2650 est
3381 2613 3618 2652 necessa-

2023 2692 2203 2744 rium?
2227 2687 2347 2744 Non
2381 2690 2452 2745 de
2485 2704 2650 2759 Opere
2672 2688 2996 2757 praesentiet
3023 2689 3242 2744 actione
3273 2688 3494 2754 dicitur,
3521 2688 3617 2744 sed

2021 2783 2088 2838 de
2117 2783 2444 2838 necessitate
2460 2781 2918 2850 scienditempus,
2947 2791 2995 2835 et
3024 2796 3132 2835 non
3154 2781 3448 2835 adhibendi
3481 2790 3617 2835 tem-

2021 2890 2124 2945 pus
2164 2873 2462 2928 auditionis
2515 2873 2666 2926 verbi
2720 2873 2785 2925 ad
2849 2871 3100 2925 obeunda
3161 2871 3462 2925 terrestria.
3493 2869 3612 2924 Non

2021 2973 2206 3036 itaque
2223 2965 2395 3020 otium
2421 2964 2814 3034 praéscribens,
2850 2963 2946 3019 sed
2976 2963 3310 3018 auditionem
3333 2978 3615 3018 commcn-

2019 3059 2156 3112 dans
2212 3056 2286 3110 ita
2331 3057 2556 3118 loeutus
2579 3063 2682 3110 est.

2097 3150 2262 3205 Vens.
2297 3150 2390 3204 27.
2426 3149 2566 3216 Quid
2609 3159 2694 3204 est
2733 3167 2748 3204 :
2787 3147 2940 3202 Hunc
2979 3148 3118 3202 enim
3152 3147 3318 3202 Pater
3343 3148 3618 3218 signavit!

327 3235 454 3302 τοῦ,
473 3238 531 3292 '0
559 3237 714 3303 Θεός·
745 3240 1025 3294 τουτέστιν
1049 3239 1300 3306 ἀπέδειξε
1329 3241 1417 3294 διὰ
1445 3242 1545 3312 τῆς
1574 3242 1741 3296 αὑτοῦ
1773 3261 1915 3314 μαρ-

2035 3245 2078 3298 id
2117 3251 2202 3298 est
2234 3286 2248 3306 ,
2301 3241 2445 3298 Deus
2497 3243 2643 3296 hunc
2689 3239 2946 3311 patefecit
3007 3257 3102 3312 per
3153 3257 3318 3296 suum
3363 3242 3615 3296 testiino-

323 3331 548 3403 τυρίας.

411 3440 570 3500 Τίνος
599 3439 788 3494 ἕνεκεν
814 3436 971 3494 εἷπον
993 3458 1004 3471 ·
1027 3443 1093 3496 Οἱ
1119 3442 1372 3510 πατέρες
1397 3443 1567 3514 ἡμῶν
1591 3447 1818 3514 ἔφαγον
1851 3447 1916 3501 τὸ

320 3531 532 3602 μάννα
552 3533 622 3584 ἐν
647 3530 721 3600 τῇ
750 3532 974 3602 trp-rimo;
1011 3532 1344 3602 Νομίζοντες
1374 3534 1535 3590 αὐτὸν
1562 3536 1804 3607 ἐρεθίσαι
1835 3539 1916 3600 εἰς

325 3626 395 3679 τὸ
423 3626 650 3694 ποιῆσαί
677 3644 732 3679 τι
765 3629 990 3696 σημεῖον
1018 3627 1282 3691 τοιοῦτον,
1313 3628 1450 3700 ὅπερ
1493 3629 1691 3692 αὐτοὺς
1725 3629 1916 3702 θρέψει

327 3719 614 3790 σαρκικῶς
633 3736 648 3752 ο
681 3720 840 3772 τοῦτο
867 3721 978 3789 γὰρ
1009 3719 1317 3791 ἐπεθύμουν
1354 3721 1444 3776 διὰ
1473 3725 1916 3796 γαστριμαργίας

326 3813 663 3884 ὑπερϐολήν.

407 3905 506 3958 Διά
537 3905 589 3956 τί
617 3904 788 3972 λέγει’
822 3907 904 3960 Οὐ
933 3905 1157 3974 Μωσῆς
1189 3905 1455 3960 δέδωκεν
1483 3908 1628 3976 ὑμῖν
1660 3908 1768 3962 τὸν
1807 3909 1914 3979 ἅρ-

321 4011 473 4060 τον,
507 3995 600 4048 καὶ
647 3995 714 4048 τὰ
753 3995 914 4067 ἑξῆςς
967 3997 1166 4067 Ἄρτον
1200 3996 1258 4050 δὲ
1306 3997 1561 4066 ἀληθινὸν
1592 3999 1768 4064 καλεῖ,
1812 4002 1914 4054 οὐκ

321 4087 520 4157 ἐπειδὴ
551 4087 744 4158 ψευδὲς
775 4084 843 4160 ἦν
872 4089 930 4141 τὸ
964 4088 1150 4158 θαῦμα
1179 4089 1240 4141 τὸ
1285 4090 1379 4141 ἐπὶ
1413 4088 1508 4141 τοῦ
1561 4090 1762 4161 μάννα,
1793 4092 1910 4147 ἀλλ’

321 4185 413 4237 ὅτι
440 4184 609 4248 τύπος
631 4181 720 4256 ἦν,
753 4185 853 4238 οὐκ
878 4184 1262 4256 αὐτοαλήθεια.

403 4295 502 4348 Διὰ
525 4295 580 4348 τί
617 4297 837 4365 λέγουσι
859 4338 876 4360 ,
900 4298 1098 4366 Κύριε,
1123 4299 1229 4366 δὸς
1249 4303 1398 4370 ἡμῖν
1417 4301 1677 4356 πάντοτε
1697 4302 1914 4357 τοῦτον

323 4389 440 4440 τὸν
469 4383 685 4457 ἄρτοις
723 4389 940 4461 Ἐπειδὴ
971 4389 1050 4444 ἔτι
1081 4393 1340 4463 αἰσθητὸν
1369 4397 1606 4464 πρᾶγμα
1637 4395 1908 4464 ἐνόμιζον.

327 4479 458 4540 Πῶς
483 4481 698 4549 νοητέον
724 4481 808 4546 τὸ,
837 4482 1040 4548 Ἀρτος
1069 4481 1174 4536 τοῦ
1209 4484 1358 4537 Θεοῦ
1384 4485 1557 4538 ἐστιν
1587 4489 1620 4539 ὁ
1648 4485 1911 4552 καταϐὰς

2035 3337 2208 3391 nium.

2108 3444 2272 3500 Vens.
2322 3445 2412 3499 5i.
2450 3442 2624 3512 Cujus
2675 3457 2840 3496 causa
2889 3440 3082 3496 dicunt
3133 3458 3148 3494 :
3201 3439 3394 3500 Patres
3445 3445 3614 3497 nostri

2024 3538 2476 3592 manducaverunt
2518 3550 2716 3588 manna
2749 3533 2804 3586 in
2852 3533 3103 3587 deserto?
3147 3531 3415 3588 Putabant
3461 3533 3613 3588 illum

2027 3630 2270 3684 excitare
2321 3628 2389 3682 ad
2422 3626 2734 3682 faciendum
2771 3625 2988 3694 signum
3027 3625 3156 3688 tale,
3185 3624 3333 3696 quod
3377 3640 3472 3681 eos
3511 3640 3612 3680 nti-

2027 3724 2160 3778 triat
2197 3721 2500 3777 secundum
2541 3735 2797 3786 carnem;
2845 3729 2900 3774 et
2943 3717 2997 3773 id
3039 3717 3336 3788 cupiebant
3391 3727 3614 3788 propter

2025 3815 2166 3885 gula:
2192 3812 2702 3868 immoderantiam.

2099 3905 2267 3959 Vens.
2304 3905 2395 3958 5‘2.
2437 3903 2550 3959 Cur
2593 3903 2728 3958 dicit
2773 3919 2788 3956 :
2835 3901 2957 3956 Non
3012 3901 3223 3974 Moyses
3279 3901 3427 3956 dedit
3468 3900 3616 3956 vobis

2021 4013 2232 4067 panem,
2265 3997 2400 4053 etc.‘!
2443 3997 2649 4054 Panem
2681 4003 2864 4050 autem
2891 4011 3080 4050 verum
3109 4004 3288 4058 vocat,
3324 4012 3434 4050 non
3480 3995 3612 4065 quia

2023 4093 2256 4148 mendax
2307 4091 2476 4146 fuerit
2508 4107 2724 4146 manna:
2762 4089 3096 4162 prodigium,
3137 4089 3234 4146 sed
3273 4091 3404 4160 quia
3441 4089 3614 4161 ﬁgura

2023 4195 2160 4252 erat,
2204 4199 2312 4238 non
2343 4185 2544 4239 veritas
2580 4183 2718 4254 ipsa.
2783 4171 2790 4178 ’

2091 4295 2256 4348 Vsus.
2294 4295 2382 4350 54.
2415 4293 2598 4360 Quare
2625 4293 2819 4347 dicunt
2848 4309 2860 4344 :
2901 4292 3144 4356 Domine,
3173 4291 3242 4346 da
3273 4293 3424 4346 nobis
3471 4309 3610 4346 sem-

2017 4404 2111 4456 per
2127 4403 2313 4457 panem
2335 4386 2512 4442 hunc?
2542 4385 2679 4451 Quia
2714 4385 2894 4460 adhuc
2925 4385 3266 4440 materialem
3307 4401 3420 4440 rem
3454 4393 3610 4454 puta-

2021 4483 2169 4534 bant.
2201 4479 2494 4546 Quomodo
2517 4477 2934 4548 intelligendum
2965 4494 2980 4530 :
3017 4476 3192 4532 Panis
3253 4477 3346 4532 Dei
3398 4486 3476 4532 est
3517 4479 3608 4547 qui

321 4572 398 4625 ἐκ
429 4573 535 4627 τοῦ
561 4571 823 4641 οὐρανοῦ
849 4572 948 4626 καὶ
979 4571 1134 4642 ζωὴν
1161 4575 1368 4644 διδοὺς
1399 4576 1478 4642 τῷ
1513 4579 1760 4647 κόσμῳ;
1795 4579 1910 4632 Οὐκ

2035 4573 2080 4626 te
2105 4572 2232 4626 caelo
2247 4573 2510 4626 descendit
2540 4581 2588 4624 et
2625 4572 2719 4628 dat
2753 4572 2914 4625 vitam
2957 4570 3148 4626 mundo
3189 4571 3214 4624 2’
3243 4567 3365 4625 Non
3393 4569 3604 4624 ludatis

344 4665 622 4729 Ἰουδαίοις
669 4666 830 4736 μόνον
849 4707 864 4731 ,
895 4666 1032 4720 ἀλλὰ
1059 4669 1155 4720 καὶ
1198 4672 1263 4739 τῇ
1315 4672 1631 4742 οἰκουμένῃ.
1665 4671 1821 4741 Ζωὴν
1852 4671 1910 4724 δὲ.

325 4759 501 4826 λέγει,
533 4759 656 4812 ἐπεὶ
683 4757 884 4823 πάντες
916 4755 1054 4830 ἦσαν
1071 4763 1438 4832 νεκρωθέντες
1469 4765 1534 4834 τῇ
1567 4764 1839 4835 ἁμαρτίᾳ.

401 4866 466 4918 Τί
488 4868 604 4919 ἐστι
639 4867 700 4920 τὸ
734 4906 750 4932 ,
797 4866 931 4924 Πᾶν
959 4867 990 4922 ὃ
1019 4867 1243 4922 δέδωκέ
1283 4887 1388 4939 μοι
1431 4873 1466 4924 ὁ
1495 4871 1719 4939 Πατὴρ,
1764 4871 1916 4942 πρὸς

327 4959 435 5028 ἐμὲ
461 4958 630 5026 ἧξει;
658 4959 781 5011 Ὅτι
813 4959 876 5012 οὐ
902 4960 964 5013 τὸ
993 4961 1154 5030 τυχὸν
1188 4963 1422 5032 πρᾶγμα
1455 4964 1488 5033 ἡ
1537 4963 1790 5036 πίστις-ἡ
1827 4966 1910 5028 εἰς

328 5050 519 5116 αὑτὸν,
557 5049 697 5121 ἀλλὰ
731 5049 834 5118 τῆς
881 5050 1087 5104 ἄνωθεν
1119 5051 1292 5105 δεῖται
1333 5053 1532 5124 ῥοπῆς,
1583 5055 1681 5108 καὶ
1731 5055 1913 5125 ψυχῆς

326 5161 473 5206 τινος
498 5142 754 5211 γενναίας
779 5144 872 5195 καὶ
895 5141 1576 5216 εὐγνώμονος,δεχομένης
1606 5147 1790 5201 πίστει
1811 5149 1912 5219 τὴν

325 5233 426 5288 τοῦ
449 5236 778 5306 Πνεύματος
801 5233 1169 5303 ἀποκάλυψιν.

287 5349 304 5364 ⁵
399 5346 497 5399 Διὰ
525 5345 602 5412 τί,
629 5345 894 5398 εἰπόντων
947 5343 1146 5410 αὐτῶν,
1175 5348 1306 5415 Οὐχ
1344 5343 1526 5413 οὗτός
1569 5348 1745 5402 ἐστιν
1786 5348 1908 5416 Ἰη-

325 5437 480 5504 σοῦς
529 5439 562 5492 ὀ
611 5437 742 5504 υίὸς
783 5437 1048 5506 Ἰωσήίρ;
1094 5439 1170 5508 μὴ
1199 5439 1476 5510 ἀπεκρίθη
1525 5440 1746 5502 αὐτοῖς·
1793 5443 1908 5496 Οὐκ

329 5529 446 5597 είμί
474 5547 488 5594 ;
523 5531 621 5582 Διὰ
650 5529 710 5582 τὸ
747 5530 916 5600 μήπω
947 5529 1209 5583 δύνασθαι
1260 5532 1352 5582 τὸν
1399 5531 1714 5602 θαυμαστὸν
1741 5534 1906 5586 τόκον

327 5621 562 5675 ἀκοῦσαι
589 5623 680 5674 τὸν
705 5624 770 5675 ὲκ
802 5623 1104 5693 παρθένου·
1136 5626 1186 5677 εί
1211 5623 1269 5676 δὲ
1303 5622 1392 5676 τὸν
1424 5626 1566 5676 κατὰ
1597 5627 1777 5694 σάρκα
1805 5627 1906 5679 οὐκ

324 5713 590 5782 ἠδύναντο
618 5715 870 5777 ἀκοῦσαι,
930 5713 1109 5784 πολλῷ
1161 5715 1362 5785 μᾶλλον
1399 5716 1497 5787 τὴν
1540 5716 1782 5787 ἄρρητον
1807 5718 1904 5772 καὶ

327 5807 441 5860 ἄνω
463 5807 740 5876 γέννησιν.

395 5895 491 5949 Διὰ
524 5895 576 5948 τί
617 5891 790 5961 εἶπεν,
828 5895 906 5949 ὅτι
975 5896 1186 5964 Οὐδεὶς
1233 5897 1480 5953 δύναται
1507 5899 1705 5954 ἐλθεῖν
1753 5900 1902 5968 πρός

2020 4675 2254 4729 tantum,
2289 4665 2382 4720 sed
2448 4665 2708 4719 universo
2776 4665 2931 4726 orbi;
2973 4664 3136 4719 vitam
3196 4674 3378 4718 autem
3450 4664 3605 4728 dicit,

2018 4770 2144 4809 cuiu
2183 4769 2378 4810 omnes
2407 4765 2592 4809 essent
2621 4756 2822 4810 mortui
2849 4771 2942 4824 per
2976 4753 3280 4824 peccatum.

2087 4861 2252 4918 Vens.
2285 4864 2378 4920 57.
2415 4863 2558 4930 Quid
2587 4873 2675 4920 est
2702 4883 2714 4918 :
2747 4863 2912 4920 Omne
2943 4865 3084 4934 quod
3121 4865 3214 4918 dat
3257 4865 3384 4918 mihi
3423 4862 3604 4931 Pater,

2015 4958 2087 5012 ad
2105 4974 2184 5012 me
2201 4959 2408 5014 veniet?
2431 4959 2560 5028 quia
2585 4973 2692 5011 non
2719 4957 2944 5012 fortuita
2971 4973 3062 5013 res
3079 4967 3164 5012 est
3187 4957 3320 5014 tides
3345 4957 3400 5011 in
3421 4957 3602 5020 illum,

2015 5051 2108 5106 sed
2143 5051 2344 5106 virtute
2377 5067 2442 5106 ex
2467 5051 2582 5106 alto
2603 5051 2829 5121 indiget,
2855 5060 2910 5106 et
2943 5051 3128 5105 anima
3159 5051 3390 5120 quadam
3435 5067 3601 5120 gene-

2013 5159 2140 5199 rosa
2167 5153 2222 5198 et
2259 5143 2607 5214 magnanima
2663 5143 2960 5213 recipiente
2991 5159 3090 5213 per
3145 5141 3300 5196 ﬁdem
3357 5141 3606 5210 Spiritus

2013 5233 2430 5288 revelationein.

2083 5339 2248 5395 Vens.
2279 5340 2370 5394 42.
2393 5341 2502 5394 Cur
2521 5339 2829 5396 dicentibus
2851 5340 2996 5406 illis;
3035 5338 3226 5394 Nonne
3242 5340 3326 5393 hic
3341 5349 3416 5394 est
3435 5341 3596 5396 Jews

2010 5435 2156 5504 ﬁlius
2178 5432 2394 5504 Josepli,
2423 5447 2532 5488 non
2565 5433 2847 5502 respondit
2880 5451 2892 5486 :
2925 5433 3041 5488 Non
3074 5433 3233 5488 sum?
3262 5431 3400 5498 Quia
3451 5449 3592 5488 non-

2010 5528 2141 5582 dum
2173 5535 2426 5598 poterant
2449 5524 2752 5580 mirabilem
2787 5526 3250 5596 comprehendere
3269 5533 3482 5596 partum
3521 5541 3588 5580 ex

2011 5620 2242 5690 virgine.
2281 5619 2338 5673 Si
2381 5628 2563 5672 autem
2613 5627 2828 5686 partum
2873 5619 3173 5674 secundum
3209 5633 3426 5674 carnem
3473 5633 3586 5674 non

2011 5712 2313 5782 intelligere
2347 5710 2672 5780 potuissent,
2698 5713 2870 5766 multo
2928 5712 3110 5767 minus
3161 5712 3484 5769 iucﬂ'abilctn
3533 5724 3589 5770 ιιι

2009 5805 2282 5859 caelestem
2315 5802 2740 5872 generationem.

2081 5897 2240 5953 Visus.
2276 5897 2363 5952 Η,
2396 5895 2689 5952 Curdicit:
2727 5894 2897 5954 Nemo
2927 5909 3096 5970 potest
3151 5917 3318 5970 i'i'mrc
3375 5901 3444 5955 ad
3477 5915 3584 5965 inc,
