4026 6414
459 422 598 486 1217

1204 418 1596 480 OPUSCULA
1637 413 2272 477 SCRIPTURISTICA
2317 411 2670 474 INCERT;E
2712 409 3018 470 lETATIS.

3620 400 3713 467 ‘iiB

459 544 560 597 nisi
594 539 756 594 Pater
786 555 931 591 meus
963 537 1185 590 traxerit
1212 537 1377 588 eum?
1401 534 1518 588 Non
1563 543 1814 587 coactqu
1846 533 2044 593 innuit,

2154 547 2244 598 με,
2272 529 2381 584 ἐὰν
2399 527 2480 597 μὴ
2505 531 2536 581 o'
2560 529 2762 595 Πατὴρ
2787 545 2905 596 μου
2933 525 3166 591 ἐλκύσῃ
3193 509 3420 584 αὑτόνξ
3446 522 3518 574 Ub
3543 521 3632 573 τὸν
3660 525 3716 575 ὲκ

459 636 553 692 sed
579 647 835 704 maguum
866 629 1214 700 recipientem
1237 643 1268 682 a
1306 626 1727 696 Deoauxilium.

536 814 702 869 Vens.
733 813 821 868 45.
857 813 996 880 Quid
1045 822 1131 866 est
1160 811 1310 879 quod
1349 811 1484 866 dicit
1532 810 1837 880 scriptum:
1874 808 2048 863 Erunt

462 925 638 961 omnes
670 906 923 959 docibiles
959 905 1088 958 Dei?
1117 905 1256 971 Quia
1294 915 1422 957 tunc
1458 919 1555 973 per
1611 903 1864 956 homines
1928 919 2050 971 quae

464 1007 591 1051 sunt
615 997 706 1051 Dei
733 997 1017 1052 discebant
1046 1013 1059 1059 ;
1092 1013 1235 1050 nunc
1261 1010 1442 1050 autem
1471 1011 1568 1064 per
1592 995 1769 1064 ipsum
1821 994 1915 1048 Dei
1956 993 2049 1048 Fi-

463 1090 595 1143 lium
626 1099 681 1144 et
711 1099 966 1144 sanctum
994 1087 1285 1156 Spiritum.

534 1181 700 1236 Vens.
737 1181 827 1236 46.
865 1178 1582 1248 Quomodointelligendum
1614 1176 1877 1245 :jPatrem
1900 1195 2052 1234 nemo

459 1271 613 1337 vidit,
643 1271 746 1324 nisi
792 1273 836 1324 is
859 1272 948 1339 qui
987 1280 1064 1323 est
1098 1288 1130 1324 α
1172 1270 1325 1324 Deo?
1353 1269 1472 1323 Non
1522 1279 1739 1340 oportet
1780 1279 1960 1325 autem
1997 1270 2050 1324 id

461 1365 740 1433 iutcligere
780 1363 1078 1419 secundum
1129 1379 1310 1417 causae
1360 1363 1651 1426 rationem,
1689 1378 1814 1417 nam
1859 1379 2052 1418 omnes

460 1473 490 1510 a
524 1457 630 1509 Deo
659 1473 870 1523 sumus,
902 1457 996 1511 sed
1046 1455 1350 1510 secundum
1383 1455 1604 1510 modum
1635 1469 1777 1509 vera:
1826 1470 2053 1525 genera-

461 1548 654 1605 tionis.

533 1642 697 1696 Vens.
735 1639 825 1694 52.
861 1639 967 1705 Qui
1007 1638 1408 1693 manducauerit
1460 1651 1524 1690 ea:
1567 1636 1664 1690 hoc
1719 1651 1874 1705 pane,
1921 1638 2053 1690 vivet

461 1735 512 1786 in
574 1743 855 1787 arteruum.
907 1733 1017 1786 Aut
1059 1747 1280 1785 carnem
1333 1731 1465 1786 dicit
1520 1737 1616 1783 aut
1665 1729 1861 1785 salutis
1909 1743 2051 1797 pra:-

461 1837 646 1893 ecpta.

2153 621 2273 690 βίας
2307 619 2624 684 αἰνίττεται,
2644 619 2781 671 ἀλλὰ
2796 619 2886 672 τὸν
2906 616 3108 687 πολλῆς
3138 613 3351 669 ὲκΘεοῦ
3381 614 3716 670 ἀπολαύοντα

2153 713 2498 782 συμμαχίας.

2224 803 2290 856 Τί
2351 806 2500 856 ἐστιν
2561 803 2766 870 δλέγει
2814 802 3116 873 Γραφικόν·
3177 803 3458 855 Ἔσονται
3509 800 3722 865 πάντες

2151 895 2416 949 διδακτοὶ
2450 895 2599 949 Θεοῦ
2623 912 2640 958 ;
2667 896 2792 947 Ὅτι
2822 896 2944 947 τότε
2979 893 3048 946 δι’
3078 891 3381 962 ἀνθρώπων
3429 891 3722 961 ἐμάνθανον

2150 986 2220 1039 τὰ
2255 985 2349 1039 τοῦ
2379 985 2537 1056 Θεοῦ,
2573 987 2666 1038 νῦν
2695 986 2754 1039 δὲ
2799 986 2867 1039 δι’
2916 985 3084 1039 αὑτοῦ
3117 983 3246 1036 Υἱοῦ
3304 982 3399 1036 τοῦ
3461 982 3597 1036 Θεοῦ
3638 983 3723 1036 καὶ

2152 1077 2245 1131 τοῦ
2281 1078 2439 1146 ἁγίου
2469 1077 2810 1146 Πνεύματος.

2226 1168 2350 1231 Πῶς
2397 1169 2693 1221 ἀκουστέον
2720 1185 2732 1198 ·
2782 1168 2894 1220 Τὸν
2923 1166 3154 1233 Πατέρα
3205 1166 3404 1231 οὐδεὶς
3452 1165 3720 1233 ἐόψακεγ,

2149 1264 2201 1316 ει
2238 1260 2321 1331 μὴ
2353 1264 2386 1314 d
2409 1260 2494 1314 ὢν
2514 1261 2584 1314 ἐκ
2617 1261 2723 1314 τοῦ
2749 1261 2942 1326 Θεοῦ;
2986 1261 3061 1314 Οὐ
3092 1260 3198 1330 χρὴ
3230 1261 3286 1313 δὲ
3322 1260 3462 1313 κατὰ
3494 1259 3586 1311 τὸν
3632 1259 3724 1328 τῆς

2153 1357 2332 1419 αἰτίας
2377 1355 2536 1422 λόγον
2565 1357 2709 1406 νοεῖν
2764 1355 3024 1408 ἐνταῦθα·
3075 1355 3278 1417 πάντες
3335 1352 3446 1421 γὰρ
3498 1353 3563 1405 ὲκ
3596 1350 3722 1404 Θεοῦ

2152 1450 2322 1516 ἐσμεν
2349 1465 2363 1479 ⁸
2399 1447 2536 1502 ἀλλὰ
2588 1447 2729 1501 κατὰ
2769 1447 2860 1500 τὸν
2891 1447 3094 1519 τρόπον
3129 1449 3229 1517 τῆς
3263 1445 3498 1515 ἀληθοῦς
3538 1444 3726 1513 γεννήσ

2155 1559 2314 1605 σεως.

2230 1635 2329 1698 Ὃς
2357 1630 2435 1686 ἂν
2471 1632 2630 1703 φάγῃ
2665 1632 2732 1686 ἑκ
2761 1633 2869 1686 τοῦ
2894 1633 3076 1699 ἄρτου
3100 1632 3337 1693 τούτου,
3371 1629 3613 1696 ζήσεται
3650 1629 3730 1694 είς

2152 1725 2263 1779 τὸν
2289 1721 2494 1780 αἰῶνα.
2525 1727 2596 1779 Ἢ
2626 1725 2725 1796 τὴν
2761 1726 2944 1795 σάρκα
2994 1725 3168 1793 λέγει,
3197 1723 3230 1794 ἢ
3276 1721 3346 1775 τὰ
3371 1724 3618 1792 σωτήρια
3652 1721 3728 1774 δι-

2153 1819 2254 1887 δὰγ
2264 1837 2430 1890 ματα.

537 1917 698 1972 Vens.
741 1916 829 1971 53.
867 1916 976 1969 Cur
1015 1929 1203 1969 verum
1229 1911 1365 1966 dicit
1399 1912 1581 1967 cibum
1638 1921 1692 1966 et
1723 1927 1914 1966 verum
1952 1926 2049 1981 po-

2223 1912 2323 1965 Διὰ
2352 1912 2406 1965 τί
2453 1911 2632 1981 ἀληθῆ
2670 1911 2876 1984 βρῶσιν
2922 1911 3020 1964 καὶ
3056 1908 3237 1981 ἀληθῆ
3267 1910 3471 1975 πόσινς
3520 1907 3620 1960 Διὰ
3670 1907 3726 1958 τὺ

462 2012 616 2066 tum?
642 2011 777 2078 Quia
823 2010 996 2065 salvat
1040 2009 1252 2063 animas
1282 2008 1387 2062 ﬁde
1419 2006 1820 2076 recipientium,
1857 2015 1912 2062 et
1941 2023 2046 2060 non

462 2104 601 2172 perit
633 2104 775 2157 sicut
803 2102 959 2156 cibus
991 2101 1330 2169 temporalis.

535 2210 697 2265 Vens.
736 2210 823 2266 54.
863 2211 968 2274 Qui
1010 2213 1297 2263 manducut
1364 2227 1531 2264 meam
1582 2225 1818 2275 carnem,
1867 2209 1922 2261 in
1971 2225 2050 2261 me

458 2315 671 2359 unum:
704 2303 906 2357 iudicat
943 2318 1106 2356 unam
1168 2318 1265 2372 per
1301 2304 1403 2356 hoc
1452 2304 1629 2372 ipsum
1665 2318 1786 2356 cum
1824 2300 2050 2356 Christo

457 2395 918 2464 conjunctionem,
939 2411 1061 2464 qua:
1098 2410 1161 2449 ex
1192 2395 1676 2450 transformatione
1706 2395 1904 2449 oritur.

537 2483 701 2539 Vens.
733 2485 822 2540 55.
856 2484 994 2550 Quid
1027 2494 1113 2540 est
1143 2503 1156 2539 :
1191 2485 1259 2539 Et
1311 2503 1404 2556 ego
1453 2485 1778 2540 resuscitabo
1817 2501 1938 2539 eum
1993 2487 2048 2539 in

459 2578 743 2632 novissimo
817 2578 939 2632 die?
975 2576 1042 2631 Et
1105 2593 1222 2649 ego,
1272 2577 1511 2633 ostendit
1578 2579 1733 2634 illum
1778 2578 2046 2649 aequalem

458 2670 631 2725 Patri.

533 2782 819 2838 Vens.53.
855 2780 923 2835 Et
984 2799 1079 2852 ego
1130 2783 1242 2836 vivo
1309 2797 1400 2850 per
1469 2780 1705 2846 Patrem,
1774 2781 2051 2851 quomodo

459 2876 912 2947 intelligendum?
949 2876 1105 2941 Quod
1135 2877 1278 2930 sicut
1311 2876 1418 2929 \‘ita
1450 2885 1533 2930 est
1569 2875 1727 2930 Pater
1761 2876 1834 2929 ita
1864 2886 1918 2930 et
1949 2892 2050 2947 ego

461 2970 606 3024 vivo.
648 2967 735 3032 Et,
755 2969 843 3038 qui
865 2967 1146 3020 ntauducat
1171 2984 1271 3032 me,
1290 2978 1337 3021 et
1357 2968 1467 3037 ipse
1482 2969 1611 3021 vivet
1631 2983 1721 3035 per
1736 2984 1839 3022 me.
1873 2967 2046 3022 Vitam

460 3063 653 3116 dicens
704 3060 1019 3130 frequenter
1078 3062 1535 3115 resurrectionem
1583 3060 1802 3115 exhinc.
1834 3061 1946 3115 Cur
1984 3061 2050 3114 dc

458 3155 569 3208 vita
618 3153 819 3224 ubique
852 3151 1287 3222 loquitur?Quia
1350 3151 1711 3207 desiderabile
1765 3162 1849 3206 est
1904 3152 2046 3206 istud

461 3245 798 3312 hominibus,
845 3254 898 3298 et
960 3243 1096 3299 nihil
1145 3255 1255 3299 tam
1310 3244 1617 3313 jucundum
1687 3260 1852 3314 quam
1938 3261 2117 3314 non“

2096 3320 2119 3340 Λ

461 3356 625 3394 ΙΙὌΙΊο

532 3429 697 3485 Vens.
728 3429 821 3485 60.
851 3429 962 3484 Cur
1015 3428 1068 3482 in
1115 3429 1406 3500 synagogis
1448 3436 1503 3483 et
1545 3429 1598 3482 in
1659 3427 1811 3484 festis
1859 3428 2051 3482 diebus

457 3524 728 3578 docebat?
760 3521 888 3577 Sive
929 3521 1150 3590 quidem
1204 3521 1392 3574 volens
1424 3520 1828 3574 multitudinem
1859 3535 2052 3590 appre-

460 3615 721 3679 hendere,
744 3615 859 3668 sive
889 3612 1186 3668 ostendens
1219 3630 1278 3666 se
1321 3629 1426 3666 non
1463 3613 1738 3667 adversari
1772 3613 1940 3666 Patri.

534 3705 701 3760 Vens.
739 3705 831 3760 63.
863 3703 970 3758 Cur
995 3703 1132 3758 dixit
1160 3720 1172 3754 :
1213 3702 1272 3758 Si
1299 3705 1534 3757 videritis
1577 3701 1778 3756 Filium
1815 3703 2051 3757 hominis

459 3798 828 3852 ascendentem
849 3795 939 3848 ubi
967 3805 1078 3848 erat
1100 3795 1292 3863 prius?
1319 3804 1377 3848 ut
1400 3778 1494 3865 per
1524 3795 1628 3849 hoc
1669 3794 1778 3848 illis
1836 3811 2027 3864 persu-

462 3889 554 3942 det
585 3901 643 3942 se
675 3902 783 3940 non
825 3901 950 3941 esse
980 3902 1044 3940 ex
1073 3884 1300 3955 Joseph.

538 3999 707 4055 Vens.
741 3998 824 4053 64.
869 3998 1007 4064 Quid
1031 4007 1114 4054 est
1149 3998 1293 4068 quod
1347 3997 1483 4052 dicit
1513 4019 1526 4053 :
1560 3997 1795 4067 Spiritus
1835 4010 1912 4054 est
1963 4001 2056 4070 qui

459 4095 738 4163 vivi/ient?
770 4091 827 4146 Si
867 4092 1227 4161 spiritualiter
1275 4094 1505 4147 audiunt
1540 4093 1618 4146 illi
1667 4109 1789 4161 qum
1830 4094 1898 4147 ab
1932 4093 2052 4162 ipso

461 4185 741 4239 dicuntur.
766 4183 902 4238 Nam
938 4183 1033 4253 qui
1091 4183 1384 4238 carnaliter
1412 4184 1582 4249 audit,
1611 4185 1743 4238 nihil
1769 4185 2050 4255 proﬁciet:

461 4277 680 4331 carnale
711 4285 892 4330 autem
926 4283 1010 4331 est
1047 4273 1238 4329 audire
1269 4275 1543 4344 quomodo
1586 4291 1615 4330 c
1646 4275 1786 4330 cmlo
1823 4276 2052 4330 descen-

461 4370 624 4434 derit,
681 4379 734 4424 et
775 4369 1050 4439 quomodo
1085 4376 1333 4438 oporteat
1393 4383 1616 4422 carnem
1681 4369 2044 4427 manducare.

467 4476 590 4530 qua:
639 4471 917 4530 oporteret
952 4461 1184 4531 mystice
1228 4470 1282 4515 et
1325 4460 1681 4530 spiritualiter
1727 4461 2046 4529 intelligere.

461 4554 590 4608 Ideo
619 4554 803 4608 addit:
841 4554 1012 4608 Verba
1052 4571 1169 4624 qua:
1192 4553 1400 4607 locutus
1452 4570 1569 4607 sum
1600 4554 1767 4617 vobis,
1826 4555 2048 4619 spiritus

2161 2003 2355 2068 σώζειν
2396 2003 2496 2066 τὰς
2545 2003 2724 2074 ψυχὰς
2771 2003 2884 2055 τῶν
2943 2002 3126 2054 πίστει
3160 2000 3575 2067 λαμϐανόντων,
3623 1995 3731 2049 ἀλλ’

2157 2097 2257 2150 ουκ
2286 2096 2578 2150 ἀπολλύειν
2607 2097 2797 2167 ὥσπερ
2829 2096 2930 2166 τὴν
2965 2094 3303 2166 πρόσκαιρον
3328 2091 3558 2163 βρῶσιν.

2234 2209 2365 2260 Ὀτι
2396 2211 2428 2262 ὁ
2464 2207 2705 2283 τρώγων
2735 2225 2856 2276 μου
2888 2206 3005 2274 τὴν
3036 2206 3255 2275 σάρκα,
3287 2205 3357 2259 ἐν
3385 2205 3514 2274 ἐμοὶ
3553 2203 3729 2273 μένει.

2158 2300 2268 2370 Τὴν
2293 2301 2359 2354 δι’
2391 2298 2556 2353 αὐτοῦ
2587 2299 2679 2353 τοῦ
2715 2301 2771 2353 ὲν
2807 2299 2958 2368 αὐτῷ
2987 2297 3208 2370 Χριστῶ
3229 2299 3534 2369 ἀνάκρασιν
3565 2296 3727 2364 λέγει,

2157 2394 2258 2462 τὴν
2287 2393 2373 2447 διὰ
2405 2394 2504 2465 τῆς
2543 2393 2918 2464 μεταλήψεως.

2229 2488 2294 2542 Τί
2325 2490 2440 2540 ἐστι
2473 2502 2487 2517 ·
2514 2486 2623 2540 Καὶ
2647 2485 2761 2555 ἐγὼ
2779 2484 3110 2550 ἀναστήσω
3125 2483 3314 2539 αὐτὸν
3331 2484 3402 2538 ἐν
3418 2483 3493 2554 τῇ
3513 2482 3729 2553 ἐσχάτῃ

2161 2578 2386 2647 ἡμέρᾳ;
2421 2577 2521 2642 Τὸ,
2559 2576 2752 2646 Κάγὼ,
2784 2576 3056 2630 δείκνυσιν
3106 2575 3268 2630 αὑτὸν
3313 2577 3618 2631 ἰσοστάσιον
3645 2576 3730 2631 τοῦ

2161 2671 2394 2740 Πατρός.

2229 2778 2400 2848 Κάγὼ
2429 2779 2502 2841 ζῶ
2549 2780 2647 2833 διὰ
2703 2779 2812 2832 τὸν
2854 2781 3109 2848 Πατέρα,
3143 2780 3260 2844 πῶς
3318 2781 3575 2851 νοητέον;
3620 2781 3730 2833 Ὀτι

2159 2873 2343 2936 καθώς
2397 2875 2512 2926 ἐστι
2546 2873 2658 2943 ζωὴ
2716 2873 2744 2926 ὁ
2776 2873 2987 2944 Πατὴρ,
3019 2872 3162 2926 οὕτω
3209 2873 3366 2940 κάγὼ
3415 2873 3519 2938 ζῶ.
3557 2873 3660 2926 Καί
3701 2874 3733 2926 ό

2158 2962 2395 3035 τρὼγωῑπ
2414 2985 2510 3036 με,
2537 2965 2817 3032 κάκεῖνος
2839 2966 3079 3032 ζήσεται
3099 2965 3175 3020 δι’
3207 2966 3328 3037 ἐμέ.
3365 2967 3523 3038 Ζωὴν
3572 2966 3732 3034 λέγων

2159 3060 2396 3129 συνεχῶς
2453 3061 2552 3130 τὴν
2618 3061 2916 3114 ἀνάστασιν
2973 3059 3069 3131 τὴν
3106 3061 3338 3114 ἐκεῖθεν.
3381 3061 3481 3114 Διὰ
3515 3061 3567 3114 τί
3601 3059 3730 3127 ζωῆς

2162 3151 2434 3220 μέμνηται
2467 3151 2740 3222 πανταχοῦ
2763 3169 2776 3217 ;
2801 3151 2923 3204 Ὀτι
2943 3150 3192 3204 ποθεινὸν
3217 3151 3376 3204 τοῦτο
3407 3149 3728 3222 ἀνθρώποις,

2159 3243 2250 3294 καὶ
2275 3243 2426 3295 οὐδὲν
2455 3242 2630 3307 οὕτως
2663 3243 2762 3314 ἡδὺ
2793 3243 2868 3308 ὡς
2908 3244 2968 3297 τὸ
2995 3245 3070 3314 μὴ
3100 3243 3415 3298 ἀποθανεῖν.

2227 3426 2326 3478 Διὰ
2357 3425 2410 3478 τί
2441 3427 2498 3478 ὲν
2529 3427 2883 3494 συναγωγαῖς
2913 3426 3008 3478 καὶ
3042 3427 3099 3481 ὲν
3151 3427 3370 3498 ἑορταῖς
3409 3427 3724 3494 ἐδίδασκεν;

2164 3521 2332 3590 ὐμοῦ
2367 3523 2463 3590 μὲν
2491 3519 2551 3573 τδ
2578 3520 2781 3588 πλῆθος
2804 3519 3040 3590 θηρᾶσαι
3070 3519 3263 3586 θέλων,
3291 3522 3563 3591 όμοῦχκαὶ
3617 3522 3719 3575 δει-

2157 3613 2336 3666 κνύων
2363 3613 2557 3666 ἑαυτὸν
2592 3615 2695 3666 οὐκ
2730 3614 2974 3666 ἐναντίον
3005 3614 3082 3684 τῷ
3115 3616 3314 3685 Πατρί.

2226 3705 2323 3756 Διά
2342 3707 2393 3756 τί
2421 3705 2628 3771 ἔλεγενο
2668 3704 2804 3757 Ἐὰν
2824 3705 2988 3772 tanta
3010 3705 3117 3758 τὸν
3131 3707 3269 3772 Υἱὸν
3291 3706 3398 3761 τοῦ
3423 3708 3728 3776 ἀνθρώπου

2154 3795 2559 3848 ἀναϐαίνοντα
2589 3795 2743 3849 ὅπου
2784 3791 2860 3862 ἦν
2888 3797 2954 3850 τὸ
2985 3799 3313 3868 πρότερον;
3348 3803 3458 3854 Καὶ
3503 3802 3590 3855 διὰ
3618 3801 3728 3854 τού·

2154 3905 2264 3940 των
2285 3888 2516 3956 ἀπάγων
2551 3889 2750 3952 αὐτοὺς
2787 3890 2863 3954 ῶς
2889 3891 2988 3943 οὐκ
3018 3892 3133 3943 ἔστι
3163 3891 3257 3944 τοῦ
3303 3893 3528 3965 Ἰωσήφ.

2227 3998 2293 4050 Τί
2340 3999 2486 4051 ἐστιν
2512 3999 2650 4067 ὅπερ
2679 3993 2804 4052 εἷπε
2841 4040 2856 4064 ,
2897 4000 2966 4053 Τὸ
3024 4000 3269 4069 Πνεῦμά
3307 4001 3440 4057 ἐστι
3489 4005 3554 4058 τὸ
3604 4004 3726 4066 (wo-

2164 4090 2418 4156 Jmtoi'r;
2457 4091 2530 4143 Τὸ
2564 4092 2958 4162 πνευματικῶς
2983 4093 3203 4146 ἀκούειν
3224 4095 3425 4158 αὐτοὺς
3456 4095 3567 4149 τῶν
3607 4113 3707 4165 παρ

2155 4182 2318 4236 αὑτοῦ
2349 4183 2684 4254 λεγομένων.
2728 4183 2785 4237 '0
2827 4184 2936 4254 γὰρ
2990 4187 3267 4255 σαρκικῶς
3296 4187 3536 4253 ἀκούων,
3588 4190 3724 4242 οὐδὲν

2153 4275 2595 4346 ὠφεληθήσεται.
2631 4276 2904 4346 Σαρκικδν
2943 4276 2998 4329 δέ
3034 4279 3150 4331 ἐστι
3175 4259 3248 4331 τὸ.
3267 4279 3488 4334 ἀκούειν
3524 4283 3638 4344 πῶς
3669 4283 3726 4334 ἐκ

2153 4367 2248 4420 τοῦ
2289 4369 2522 4438 οὐρανοῦ
2555 4368 2926 4438 καταῦἐόηκε,
2965 4370 3208 4434 καὶπῶς
3249 4371 3357 4425 ἔδει
3421 4372 3522 4440 τὴν
3561 4374 3723 4443 σάρκα

2157 4464 2377 4530 φαγεῖν,
2414 4462 2559 4531 ἆπερ
2592 4462 2697 4514 ἔδει
2726 4461 3007 4532 μυστικῶς
3038 4464 3131 4516 καὶ
3157 4467 3543 4534 πνευματικῶς
3577 4467 3722 4519 νοεῖν.

2155 4554 2246 4607 Διὸ
2271 4556 2362 4606 καὶ
2395 4556 2618 4623 ἐπαγειο
2661 4555 2986 4624 Τὰρήματα
3015 4557 3054 4609 d
3083 4555 3198 4624 ἐγὼ
3221 4556 3542 4626 λελάληκα
3573 4557 3720 4626 ὑμῖν,

459 4657 506 4699 et
559 4647 664 4699 vita
695 4655 836 4714 sunt,
868 4647 919 4700 id
951 4657 1053 4711 est,
1082 4645 1396 4717 Spiritualia
1441 4658 1586 4713 sunt,
1637 4647 1772 4701 nihil
1806 4648 2048 4703 carnalis

2154 4647 2393 4716 πνεῦμὰ
2425 4647 2556 4700 ἐστι
2580 4647 2678 4701 καὶ
2710 4647 2845 4714 (toﬁ.
2876 4649 3159 4713 Τουτέστι,
3192 4649 3547 4717 Πνευματικά
3567 4652 3722 4712 ἐστιν,

461 4738 739 4793 habentia.

538 4825 705 4880 Vens.
735 4829 826 4882 65.
856 4829 1144 4894 Quomodo
1188 4831 1599 4902 intelligendum
1627 4850 1640 4886 ε
1672 4832 1880 4888 Sciebat
1906 4837 2046 4888 enim

463 4920 530 4974 ab
559 4919 716 4974 initio
749 4923 841 4991 qui
878 4933 1045 4977 essent
1078 4941 1182 4978 non
1220 4926 1531 4980 credentes?
1568 4926 1622 4982 id
1651 4935 1756 4990 est,
1787 4943 1817 4982 a
1856 4928 2047 4982 mundi

462 5013 768 5083 principio;
810 5025 864 5070 et
909 5017 1024 5071 haec
1052 5019 1186 5074 dicit
1226 5020 1293 5074 de
1337 5019 1476 5076 Juda
1519 5030 1573 5076 et
1615 5020 1818 5078 Judaeis
1866 5022 2048 5077 incre-

463 5106 630 5161 dulis.

537 5214 704 5270 Vens.
739 5216 824 5271 67.
862 5217 1000 5284 Quid
1029 5218 1232 5275 indicat
1261 5239 1274 5274 :
1305 5221 1449 5290 quod
1482 5224 1634 5276 multi
1666 5224 2046 5295 discipulorum

461 5308 575 5377 ejus
599 5309 838 5363 abierunt
862 5321 1000 5365 retro
1021 5313 1042 5364 .’
1071 5311 1188 5368 Non
1211 5314 1277 5370 de
1299 5315 1586 5370 duodecim
1631 5318 1852 5384 dicitur,
1867 5322 1958 5375 sed
1979 5321 2048 5375 de

462 5402 586 5458 aliis
621 5401 904 5472 discipulis
947 5420 1008 5460 ac
1060 5406 1195 5476 ipsis
1243 5409 1524 5477 apostolis.
1559 5408 1714 5476 Quod
1761 5422 1940 5466 autem
1972 5414 2046 5467 ita

463 5511 522 5547 se
549 5509 637 5550 res
665 5495 883 5564 babcat,
915 5501 1154 5555 ostendit
1180 5503 1324 5572 quod
1357 5503 1642 5575 discipulis
1682 5506 1850 5562 dicit:
1889 5505 2048 5561 Nun-

460 5587 586 5654 quid
609 5597 658 5640 et
692 5603 781 5641 vos
804 5590 957 5645 vultis
985 5593 1128 5647 abire
1145 5595 1170 5647 .9

531 5695 696 5750 Vens.
730 5697 814 5752 69.
851 5698 980 5766 Cur,
1002 5703 1216 5761 dicente
1263 5706 1446 5770 Petro,
1493 5709 1572 5761 Ad
1621 5725 1772 5779 quem
1805 5709 2047 5764 ibimus?

464 5799 572 5837 non
603 5785 818 5840 beatum
842 5791 977 5845 dixit
1000 5793 1149 5848 illum
1184 5797 1437 5853 Christus
1457 5799 1479 5852 ?
1503 5799 1579 5856 Ne
1607 5800 1885 5856 videretur
1914 5803 2043 5871 quia

463 5877 901 5941 Derscvcrabant.
934 5899 992 5938 se
1025 5884 1130 5940 illis
1154 5888 1386 5942 adulari.

2150 4741 2304 4794 οὐδὲν
2333 4741 2528 4812 ἔχοντα
2558 4742 2848 4813 σαρκικόν.

2223 4836 2348 4898 Πῶς
2409 4835 2628 4907 νοητέον
2666 4835 2772 4896 το.
2798 4837 2964 4908 ’ῌδει
3016 4835 3128 4906 τὰρ
3169 4836 3240 4902 ἐξ
3278 4835 3474 4906 ἀρχῆς
3516 4835 3721 4899 οἵτινές

2148 4930 2306 4982 εἰσιν
2326 4927 2486 4997 σιμὴ
2537 4929 2976 4996 materiai-rec;
3028 4930 3162 4984 Ἀπὸ
3210 4930 3544 5002 καταϐολῆς,
3575 4931 3719 5000 φησι,

2148 5021 2356 5091 κόσμου
2382 5039 2396 5053 ·
2427 5021 2586 5075 τοῦτο
2635 5021 2692 5075 δὲ
2730 5024 2860 5094 περὶ
2909 5024 3083 5078 Ἰούδα
3113 5025 3210 5077 καὶ
3242 5023 3350 5077 τῶν
3394 5024 3718 5095 ἀπιστησάνο

2147 5134 2257 5170 των
2293 5117 2586 5170 Ἰουδαίων.

2221 5225 2286 5277 Τί
2305 5225 2476 5294 δηλοῖ,
2501 5227 2584 5279 ὅτι
2617 5229 2840 5281 Πολλοὶ
2883 5227 3002 5280 τῶν
3024 5227 3305 5297 μαθητῶν
3331 5231 3516 5286 αὐτοῦ
3538 5229 3715 5296 ἀπῆλ-

2147 5322 2257 5372 θον
2282 5320 2371 5384 εἱς
2393 5319 2466 5372 τὰ
2489 5320 2722 5382 ἀπίω-ως
2759 5321 2832 5373 Οὐ
2871 5319 2998 5390 περὶ
3022 5321 3132 5375 τῶν
3156 5321 3366 5376 δώδεκα
3397 5324 3561 5391 λέγει,
3594 5323 3712 5376 ἀλλὰ

2150 5411 2276 5481 περὶ
2311 5411 2488 5464 ἄλλων
2521 5412 2784 5483 μαθητῶν
2814 5413 2998 5466 αὐτῶν
3025 5414 3135 5467 τῶν
3189 5415 3526 5470 ἀποστόλωνο
3557 5418 3633 5468 ὅτι
3662 5414 3710 5466 δὲ

2148 5499 2321 5563 οὕτως
2343 5502 2486 5566 ἐστὶ,
2517 5504 2676 5574 δῆλον
2713 5506 2777 5557 ἐκ
2804 5503 2900 5556 τοῦ
2933 5504 3115 5572 λέγειν
3141 5508 3252 5568 τοῖς
3294 5508 3560 5578 μαθηταῖς
3587 5523 3598 5534 ⁶
3625 5503 3711 5570 Μὴ

2148 5596 2247 5649 καὶ
2281 5597 2446 5666 ὑμεῖς
2471 5598 2676 5651 θέλετε·
2702 5597 2990 5667 nimirum

2219 5713 2318 5764 Διὰ
2348 5712 2424 5777 τί,
2452 5713 2699 5775 εἰπόντος
2729 5711 2824 5765 τοῦ
2857 5711 3219 5784 Πέτρου,Ποῦ
3235 5713 3707 5781 ἀπε.ιευσι5μεθα;

2147 5804 2248 5856 οὐκ
2270 5805 2613 5877 ὲμακάρισεν
2642 5805 2808 5859 αὐτὸν
2832 5806 2859 5857 ὁ
2891 5805 3168 5875 Χριστός;
3208 5805 3328 5859 Ἵνα
3370 5807 3443 5878 μὴ
3474 5806 3590 5876 δόξῃ
3630 5801 3706 5856 διὰ

2150 5896 2207 5949 τὸ
2241 5897 2498 5965 ἐμμεῖναι
2531 5898 2748 5967 αὐτοὺς,
2776 5897 3099 5952 κολακεύειν
3128 5897 3345 5960 αὐτούς.
