4026 6424
342 375 478 448 1243

365 501 374 511 ³
941 499 1192 553 ΚΕΦΑΛ.
1233 501 1306 552 Z'.

321 679 330 682 _
405 630 506 684 Διὰ
530 633 584 684 τί
613 631 824 699 λέγουσι
851 631 990 701 πρὸς
1027 631 1190 686 αὑτὸν
1214 632 1261 682 oi
1302 628 1527 696 ἀδελλέοὶ
1571 630 1764 690 αὑτοῦ,
1795 631 1912 682 Με-

1405 379 1728 442 SCHOLIA
1767 371 2062 440 VETERA
2105 377 2186 440 IN
2226 377 2580 441 JOANNEM

1873 519 1878 522 ·
1944 495 1996 553 Α
2629 495 2858 551 CAPUT
2895 496 3012 552 Vll.

3466 385 3600 448 1350

2087 617 2253 674 Vens.
2287 621 2340 676 5.
2369 621 2482 677 Cur
2509 623 2703 678 dicunt
2737 625 2811 678 illi
2837 624 3034 679 fiatres
3062 625 3178 696 ejus
3212 644 3223 678 :
3256 625 3446 680 Transi
3477 625 3600 682 hinc

335 720 543 788 τάὸηθι
599 721 879 775 ἐντεῦθεν
928 723 1016 788 εὶς
1051 722 1165 788 τὴν
1219 720 1566 786 Ἰουδαίαν;
1612 723 1771 773 Δοκεῖ
1815 721 1880 788 μὲ

2016 712 2072 764 in
2115 713 2404 770 Judwam.’
2429 716 2682 772 videntur
2719 719 2937 787 quidem
2991 721 3061 772 ob
3095 717 3396 774 amicitiam
3431 719 3598 775 loculi

334 814 445 870 ἀπὸ
473 812 657 882 φιλίας
685 813 940 884 εἰρῆσθαι
961 830 974 844 ·
1013 813 1130 867 ἔστι
1161 815 1218 868 δὲ
1249 815 1348 884 οὐχ
1379 813 1579 876 οὓτως.
1617 813 1756 866 ἀλλὰ
1804 813 1915 864 δει-

332 908 453 971 λίας
491 908 585 962 καὶ
616 905 919 978 φιλοδοξίας
955 908 1291 961 σκώπτουσι.
1327 908 1399 960 Τὸ
1433 907 1534 977 μὲν
1567 906 1678 976 γὰρ
1714 907 1909 970 εἰπεῖν,

335 999 468 1054 Οὐδὲ
497 999 580 1052 ἔτι
611 1001 669 1051 ἐν
699 999 926 1070 κρυπτῷ
955 1003 1122 1062 ποιεῖ,
1141 999 1339 1052 δειλίαν
1370 999 1748 1068 ἐγκαλούντων
1771 997 1908 1052 ἐστί·

331 1092 392 1144 τὸ
424 1091 480 1144 δὲ
504 1090 598 1144 καὶ
625 1091 802 1144 εἰπεῖν
836 1093 894 1144 ἐν
931 1089 1152 1160 φανερῷ
1185 1085 1348 1156 εἶναι,
1387 1089 1721 1157 φιλοδοξίαν.

399 1271 466 1323 Τί
491 1275 608 1326 ἐστι
650 1269 733 1336 τὸ,
778 1272 842 1322 ’0
871 1273 1074 1340 καιρὸς
1111 1274 1144 1326 ὁ
1165 1271 1307 1340 ἐμὸς
1337 1269 1502 1322 οὔπω
1536 1267 1848 1335 πάρεστιν,
1876 1272 1910 1321 d

327 1364 397 1416 δὲ
437 1365 641 1430 καιρὸς
697 1367 730 1416 ὀ
763 1364 1049 1432 ὑμέτερος
1099 1364 1360 1416 πάντοτε
1409 1361 1667 1430 ἕρημος;
1696 1361 1908 1430 Καιρὸν

327 1455 458 1508 ἴδιον
502 1455 591 1506 τὸν
647 1454 740 1506 τοῦ
799 1455 1034 1523 σταυροῦ
1093 1455 1290 1520 λέγων,
1344 1454 1536 1523 καιρὸν
1573 1453 1631 1505 δὲ
1696 1454 1906 1524 ἔρημον

326 1545 559 1597 πάντοτε
593 1559 606 1573 ’
641 1544 786 1606 Ὅτι,
825 1544 1010 1612 φησὶν,
1045 1546 1146 1596 οὐκ
1177 1545 1568 1613 άναιρήσουσιν
1609 1543 1776 1610 ὑμᾶς,
1802 1544 1907 1598 κᾶν

321 1637 414 1689 ἀεὶ
449 1635 566 1705 μετ’
613 1635 791 1688 αὐτῶν
821 1631 940 1706 ἦτε.
989 1635 1115 1699 Πῶς
1147 1636 1367 1707 νοητέον
1399 1636 1479 1702 τὸ,
1527 1634 1581 1688 Ὁ
1623 1635 1826 1703 καιρὸς
1871 1639 1904 1689 ό

316 1731 464 1798 ἐμὸς
493 1729 658 1784 οὔπω
683 1729 1068 1797 πεπλήρωται
1086 1747 1106 1795 ;
1139 1730 1264 1784 Ὅτι
1303 1729 1412 1782 ἔδει
1439 1731 1534 1782 καὶ
1571 1732 1774 1801 σημεῖα
1807 1747 1902 1798 γε-

315 1821 526 1876 νέσθαι.

391 1916 472 1966 Οὐ
496 1913 747 1966 δύναται
782 1915 814 1967 ὀ
839 1915 1068 1982 κόσμος
1088 1911 1296 1983 μισεῖν
1315 1911 1472 1982 ὑμᾶς
1497 1915 1578 1981 ὡς
1603 1915 1675 1969 τὰ
1703 1915 1894 1969 αὑτοῦ

303 2003 766 2072 ,ϐουλομένους’
817 2002 924 2072 ἐμὲ
973 2003 1062 2067 δὲ,
1108 2005 1264 2073 φησὶ,
1307 2005 1496 2074 μισεῖ,
1551 2006 1633 2058 ὃτι
1687 2005 1894 2076 ἐλέγχω

305 2095 498 2150 αὐτόν.

381 2187 482 2240 Διὰ
511 2185 564 2238 τί
611 2185 714 2240 οὐκ
759 2185 1050 2240 ἀναϐαίνει
1111 2185 1254 2256 μετὰ
1313 2187 1421 2240 τῶν
1460 2186 1730 2255 ἀδελφῶν,
1775 2186 1892 2240 ἀλλ’

303 2279 581 2348 ἐσχατον;
626 2277 800 2330 Τοῦτο
849 2277 948 2346 μὲν
999 2276 1076 2346 μὴ
1137 2275 1464 2347 βουλόμενος
1495 2278 1654 2347 δῆλον
1699 2278 1892 2331 ἐαυτὸν

301 2379 694 2442 καταστήσειν,
726 2371 908 2433 καθὼς
939 2372 1142 2424 ἐκεῖνοι
1170 2370 1452 2425 ἐϐούλοντο
1471 2387 1485 2402 ⁶
1509 2372 1790 2426 ἀναϐαίνει
1809 2373 1886 2439 δὲ,

301 2463 398 2518 ἵνα
429 2463 504 2534 μὴ
553 2463 754 2526 δειλίας
789 2459 930 2516 εἶναι
964 2464 1266 2533 νομίσωσιν
1327 2466 1530 2518 ἐκεῖνοι
1585 2463 1647 2517 τὸ
1703 2468 1887 2535 μεῖναι

297 2557 479 2614 κάτω.

377 2651 534 2714 Τίνος
562 2650 750 2704 ἕνεκεν
790 2651 1084 2720 ζητοῦντες
1123 2650 1308 2714 αὐτὸν,
1344 2650 1446 2703 οὐκ
1475 2649 1740 2717 ὀνομαστὶ
1769 2649 1882 2702 ἕλει

293 2759 424 2814 γον,
453 2744 614 2809 ἀλλὰ,
643 2746 764 2800 [lati
793 2747 967 2799 ἐστιν·
1003 2745 1274 2811 etesia-oc;
1317 2743 1449 2797 Ἀπὸ
1483 2743 1683 2814 πολλῆς
1719 2747 1883 2814 sipo»;-

292 2839 454 2902 νείας
489 2841 584 2892 καὶ
613 2839 834 2907 φθόνου.

374 2931 500 2993 Πῶς
533 2931 752 3002 νοητέον
791 2932 851 2984 τὸ
871 2973 886 2998 ,
919 2931 988 2986 ’11
1011 2931 1124 3000 ἐμὴ
1157 2913 1382 3000 διδαχὴ]
1408 2930 1520 2984 οὐκ
1553 2927 1726 2984 ἐστιν
1741 2929 1878 3000 ἐμὴ,

287 3024 464 3080 ἀλλὰ
503 3026 612 3078 τοῦ
643 3025 995 3093 πέμψαντός
1017 3041 1130 3092 με;
1164 3027 1229 3078 Ὃ
1249 3024 1396 3092 λέγει
1426 3023 1667 3077 τοιοῦτόν
1694 3027 1842 3076 ἐστιν
1861 3039 1876 3052 ο

290 3115 468 3170 Οὐδὲν
511 3117 620 3184 ἔχω
647 3115 1129 3185 παρηλλαγμένον,
1167 3117 1214 3168 εί
1267 3116 1362 3168 καὶ
1412 3116 1707 3178 ὑπόστασις
1742 3116 1876 3186 ἄλλη

2014 818 2156 859 esse.
2183 804 2302 860 Non
2343 819 2524 862 autem
2575 808 2650 864 ita
2680 819 2784 875 est,
2815 810 2906 864 sed
2949 811 3298 865 timiditatem
3331 820 3386 865 et
3411 812 3600 882 gloria:

2014 894 2362 963 cupiditatem
2409 899 2721 952 intendunt.
2789 899 3028 954 Dicendo
3072 900 3238 963 enim,
3295 902 3438 969 quod
3488 915 3596 955 non

2008 986 2122 1056 jam
2169 989 2224 1042 in
2278 990 2492 1044 occulto
2538 990 2730 1054 faciat,
2764 991 3112 1045 timiditatem
3147 992 3594 1062 exprobrantium

2011 1091 2133 1149 est;
2165 1084 2396 1142 dicendo
2448 1095 2628 1140 autem
2679 1089 2859 1156 palam
2912 1101 3053 1152 esse,
3085 1085 3272 1156 gloria:
3327 1085 3596 1156 cupidita-

2011 1182 2144 1230 tein.
3153 1249 3158 1254 ι

2082 1265 2248 1322 Vens.
2285 1269 2340 1325 6.
2370 1268 2511 1335 Quid
2547 1280 2631 1328 est
2660 1292 2674 1327 :
2708 1271 2932 1341 Tempus
2968 1290 3137 1328 meum
3172 1273 3406 1328 nondum
3439 1278 3596 1328 adve-

2011 1358 2106 1422 m't,
2129 1367 2330 1427 tempus
2357 1373 2532 1412 autem
2551 1373 2779 1416 vestrum
2809 1379 3008 1430 semper
3031 1376 3102 1414 est
3123 1367 3414 1429 paratum?
3438 1367 3562 1419 Tro.
3590 1400 3596 1404 -

2011 1463 2110 1517 pus
2133 1463 2294 1502 suum
2324 1451 2695 1506 cruciﬁxionis
2725 1461 2937 1521 tempus
2965 1454 3114 1516 dicit,
3137 1467 3188 1506 et
3220 1463 3431 1524 tempus
3453 1474 3591 1513 sem-

2009 1559 2105 1611 per
2133 1555 2407 1614 paratum.
2433 1545 2594 1614 Quia,
2621 1548 2816 1618 inquit,
2847 1567 2952 1604 non
2981 1567 3076 1604 \os
3100 1551 3367 1612 auferent,
3393 1569 3590 1620 quam-

2011 1635 2096 1689 vis
2127 1652 2346 1706 semper
2399 1655 2523 1693 cum
2583 1641 2663 1695 eis
2704 1641 2937 1696 fueritis.
2971 1641 3257 1708 Quomodo
3283 1645 3588 1713 intelligen-

2007 1725 2136 1780 dum
2167 1744 2180 1780 :
2213 1727 2434 1798 Tempus
2471 1747 2642 1785 meum
2691 1729 2924 1788 nondum
2975 1736 3248 1805 impletum
3293 1747 3374 1791 est
3399 1741 3424 1792 ἵ
3449 1737 3588 1805 Quia

1929 1861 1978 1922 Β
2005 1829 2219 1888 Oportet
2251 1837 2470 1890 quoque
2499 1823 2652 1892 signa
2681 1824 2820 1879 ﬁeri.

2068 1909 2237 1966 Vens.
2274 1912 2324 1968 7.
2361 1913 2484 1967 Non
2511 1925 2680 1982 potest
2712 1917 2939 1971 mundus
2988 1918 3159 1972 odisse
3193 1935 3301 1982 vos,
3335 1928 3587 1992 tanquam

2002 2019 2119 2075 quia
2153 2021 2250 2058 sua
2280 2015 2404 2061 sunt
2456 2009 2720 2076 volentes;
2757 2027 2836 2064 me
2891 2019 3074 2066 autem
3101 2011 3237 2078 odit,
3264 2015 3392 2084 quia
3451 2028 3588 2070 con-

2001 2098 2200 2151 demno
2231 2114 2380 2152 eum.

2077 2187 2242 2244 Vens.
2285 2189 2336 2244 8.
2367 2189 2481 2244 Cur
2525 2207 2632 2245 non
2689 2192 2938 2248 ascendit
2997 2209 3122 2248 cum
3181 2195 3460 2258 fratribus.
3485 2199 3580 2252 sed

2001 2290 2187 2352 postea
2209 2283 2231 2336 ?
2255 2285 2380 2353 quia
2415 2299 2522 2338 non
2559 2285 2674 2338 vult
2701 2287 2918 2355 quidem
2947 2289 3184 2357 seipsum
3219 2290 3574 2346 manifestum

2001 2375 2286 2439 lacerc,ut
2342 2377 2440 2446 ipsi
2483 2377 2773 2432 volebant:
2809 2381 3055 2435 ascendit
3093 2391 3298 2449 autem,
3324 2400 3389 2438 ne
3436 2384 3582 2438 timio

1996 2469 2222 2526 ditatem
2263 2469 2348 2524 isti
2383 2477 2595 2539 putent,
2629 2471 2674 2526 si
2713 2471 2854 2526 infra
2884 2483 3151 2528 maneret.

2059 2647 2224 2706 Vnus.
2249 2651 2334 2704 ll.
2354 2651 2526 2717 Quam
2543 2652 2612 2708 ob
2643 2669 2866 2708 causam
2885 2667 3190 2724 quarrentcs
3217 2671 3342 2712 eum
3358 2674 3465 2713 non
3481 2675 3580 2714 no-

1991 2747 2268 2797 minantes
2301 2745 2511 2807 dicunt,
2539 2747 2656 2813 sed,
2693 2747 2788 2803 Ubi
2819 2757 2896 2802 est
2927 2747 3060 2804 ille?
3082 2747 3164 2804 0b
3193 2765 3444 2821 magnam
3465 2752 3578 2806 iro.

1990 2834 2136 2886 niam
2172 2843 2225 2886 et
2249 2835 2526 2888 invidiam.

2062 2923 2228 2980 Vens.
2273 2926 2358 2980 16.
2409 2925 2698 2994 Quomodo
2742 2928 3156 2999 intelligendum
3189 2948 3205 2986 :
3243 2931 3361 2987 Mea
3387 2935 3580 2989 doctri-

1988 3034 2056 3072 na
2079 3033 2182 3070 non
2201 3029 2276 3072 est
2299 3035 2436 3084 mea,
2460 3020 2550 3074 sed
2573 3021 2688 3088 ejus
2704 3022 2796 3089 qui
2821 3023 2963 3077 misit
2988 3041 3069 3078 me
3085 3025 3111 3078 Σ)
3129 3025 3287 3092 Quod
3307 3027 3440 3082 dicit
3469 3029 3577 3082 tale
3681 3019 3686 3022 ’

1986 3120 2070 3165 est
2100 3126 2114 3164 :
2156 3109 2304 3164 Nihil
2340 3111 2514 3166 habeo
2545 3113 2847 3178 diversum,
2881 3116 3008 3171 licet
3035 3133 3268 3186 persona
3299 3120 3402 3172 alia
3445 3119 3572 3172 sim.

287 3207 436 3276 εἰμί’
471 3206 588 3259 ἀλλ’
615 3205 760 3260 οὕτω
787 3209 884 3260 καὶ
919 3207 1064 3275 λέγω
1090 3208 1184 3260 καὶ
1210 3209 1456 3278 πράττω,
1485 3208 1560 3271 ὡς
1601 3208 1678 3277 μὴ
1728 3209 1879 3278 νομί-

1999 3200 2090 3256 Sed
2115 3203 2191 3258 ita
2225 3203 2419 3274 loquor
2445 3215 2498 3259 et
2540 3221 2645 3276 ago
2669 3215 2728 3261 ut
2775 3223 2886 3262 non
2941 3208 3147 3263 habear
3186 3210 3330 3265 aliud
3381 3210 3510 3282 quid
3541 3227 3574 3266 a

285 3301 488 3366 ζεσθαι
527 3301 713 3372 ἔτερόν
754 3319 806 3353 τι
849 3301 1002 3371 παρὰ
1037 3301 1129 3353 τὸν
1171 3302 1413 3370 Πατέρα.

365 3397 430 3448 Τί
458 3395 612 3466 δηλοῖ
635 3395 735 3462 τὸ,
783 3394 918 3448 Ἐάν
977 3413 1067 3461 τις
1115 3397 1262 3462 θέλῃ
1292 3395 1359 3448 τὸ
1405 3395 1637 3464 θέλημα
1683 3395 1874 3450 αὑτοῦ

281 3487 519 3552 natat-7';
565 3487 882 3551 Τουτὲστιν,
925 3486 984 3539 '0
1016 3488 1267 3556 ,ἐραστὴς
1311 3485 1408 3539 τοῦ
1453 3485 1570 3556 βίου
1609 3485 1704 3540 τοῦ
1753 3487 1876 3540 κατ’

281 3583 498 3650 ἀρετὴν
529 3581 800 3648 γνώσεται
832 3580 963 3649 περὶ
1012 3580 1111 3649 τῆς
1155 3579 1412 3649 διδαχῆς·
1447 3581 1570 3633 ἀντὶ
1609 3581 1726 3648 τοῦ,
1777 3583 1873 3646 ὐς

281 3669 592 3722 ἀποϐλέπει
636 3671 715 3732 εἰς
746 3671 870 3732 τοὺς
924 3671 1234 3741 προφήτας,
1285 3669 1556 3738 γνώσεται
1581 3673 1682 3744 τὴν
1734 3673 1874 3744 ἐμὴν

279 3765 533 3832 διδαχή-ι.

367 3872 489 3925 Ὅτι
519 3873 626 3943 χρὴ
678 3873 952 3940 σκοπῆσαι
980 3874 1065 3927 ὅτι
1108 3872 1204 3926 τοῦ
1247 3874 1483 3928 ταπεινὰ
1537 3873 1872 3944 φθέγγεσθαι

280 3965 476 4028 αὑτὸν,
511 3965 701 4018 πολλαί
731 3968 871 4018 εἰσιν
897 3967 1092 4030 αἰτίαι,
1115 3960 1228 4019 οἷον
1255 3967 1346 4020 διὰ
1369 3967 1428 4020 τὸ
1464 3967 1541 4037 μὴ
1574 3968 1871 4036 ἀγέννητον

277 4055 428 4112 εἶναι
457 4059 782 4128 νομισθῆναι
809 4073 824 4086 ’
847 4058 934 4111 διὰ
954 4059 1016 4110 τὸ
1049 4059 1122 4130 μὴ
1159 4059 1440 4112 ἀντίθεον·
1471 4059 1562 4112 διὰ
1599 4060 1660 4112 τὸ
1688 4059 1871 4130 σάρκα

277 4148 719 4218 περιϐεϐλῆσθαι
744 4165 758 4179 ·
793 4150 882 4202 διὰ
911 4149 972 4202 τὸ
1000 4149 1226 4214 ἀσθενὲς
1263 4149 1374 4203 τῶν
1409 4152 1742 4204 ἀκουόντων
1781 4152 1869 4206 διὰ

279 4244 350 4296 τὸ
409 4241 685 4295 διδάσκειν
747 4243 874 4304 τοὺς
919 4242 1244 4314 ἀνθρώπους
1297 4245 1638 4312 μετριάζειν.
1691 4245 1774 4298 Τὰ
1811 4245 1868 4297 δὲ

275 4333 470 4402 ὑψηλὰ
503 4333 878 4401 φθέγγεσθαι,
923 4335 1054 4404 μίαν
1093 4334 1246 4407 εὖροι
1307 4351 1394 4399 τις
1447 4337 1761 4402 αίτίαν,διὰ
1807 4337 1869 4391 τὸ

279 4425 526 4497 μέγεθος
555 4427 656 4497 τῆς
688 4427 842 4489 θείας
875 4427 1114 4495 φύσεως.

358 4537 424 4590 Τί
453 4538 641 4590 ἐστινὸ
658 4539 824 4606 λέγει,
873 4539 958 4592 ὅτι
990 4541 1074 4593 Οὺ
1098 4539 1326 4607 Μωσῆς
1349 4539 1571 4594 ἔδωκεν
1593 4539 1736 4609 ὑμῖν
1759 4541 1866 4593 τὸν
1899 4575 1940 4628 D

271 4630 510 4698 νόμονς
543 4631 764 4701 Ἐπειδὴ
796 4632 904 4702 γὰρ
934 4631 1228 4684 ἐνεκάλουν
1263 4632 1412 4702 αὐτῷ
1441 4634 1526 4686 ὅτι
1557 4633 1618 4685 τὸ
1649 4633 1863 4687 Σάϐϐα-

269 4739 374 4773 τον
401 4720 692 4790 ἔλυε,πρδς
721 4723 881 4774 τοῦτο
903 4723 1140 4788 ἵσταται,
1167 4723 1368 4776 ὡσανεί
1385 4741 1398 4755 ·
1417 4723 1475 4776 '0
1505 4725 1668 4794 νόμος
1687 4722 1862 4776 εἶπεν·

177 4857 182 4866 .
273 4815 368 4866 Οὐ
398 4815 738 4881 φονεύσεις·
774 4815 932 4883 ὑμεῖς
983 4815 1036 4868 δὲ
1081 4815 1356 4883 φονεύετε.
1392 4817 1648 4885 Ἀφέντες
1681 4812 1776 4870 οὖν
1804 4817 1866 4869 τὸ

273 4907 510 4968 ἑαυτοὺς
543 4907 951 4975 καταδικάζειν,
986 4911 1116 4979 περὶ
1161 4909 1353 4963 τούτου
1406 4911 1531 4979 ἐμοὶ
1567 4909 1862 4978 ’ἐγκαλεῖτε

271 5000 354 5052 ὼε
411 4999 809 5070 παραϐαίνοντι
863 5000 955 5052 τὸν
1005 5002 1172 5070 νόμον
1233 5003 1317 5055 ὅτι
1359 5002 1741 5073 τεθεράπευκα
1772 5003 1866 5056 άν-

271 5091 517 5162 θρωπον.

350 5183 416 5237 Τί
447 5184 596 5252 λέγει
627 5185 739 5249 καὶ,
773 5187 874 5237 Διά
899 5183 956 5236 τί
985 5183 1115 5255 [leg.
1151 5186 1256 5239 Διὰ
1285 5183 1482 5256 τοῦτο]
1519 5185 1742 5254 Μωσῆς
1767 5187 1864 5240 δέη

269 5275 469 5329 δωκεν
501 5275 645 5344 ὑμῖν
688 5277 801 5344 τὴν
836 5274 1183 5344 περιτομὴν,
1238 5277 1352 5343 οὐχ
1375 5276 1466 5329 ὅτι
1497 5278 1567 5330 ἐκ
1597 5277 1704 5330 τοῦ
1733 5280 1862 5330 Mai-

269 5367 432 5433 σέως
459 5368 648 5432 ἐστὶν,
675 5369 809 5422 ἀλλ’
826 5369 894 5420 ἐκ
917 5365 1036 5419 τῶν
1051 5367 1342 5435 πατέρων;
1378 5369 1436 5421 '0
1466 5367 1589 5430 νοῦς
1618 5367 1861 5431 τοιοῦτός

271 5465 396 5515 ἐστι
429 5477 443 5491 ⁸
482 5462 582 5515 Διὰ
639 5461 712 5525 τί,
773 5463 958 5530 φησὶν,
1015 5461 1190 5524 οὐδεὶς
1237 5461 1527 5514 ἐνεκάλεσε
1573 5463 1768 5514 Μωσεῖ
1821 5461 1854 5530 ἢ

267 5553 542 5624 ἡπείθησε
597 5555 878 5608 κελεύοντι
925 5555 1014 5608 διὰ
1057 5554 1158 5624 τὴν
1195 5554 1503 5625 περιτομὴν
1541 5554 1768 5608 λύεσθαι
1797 5554 1860 5607 τὸ

267 5647 597 5714 Σάϐϐατονς
643 5649 896 5717 Δηλονότι
957 5647 1032 5709 ὡς
1073 5647 1375 5709 Σαϐϐάτου,
1405 5647 1504 5718 τῆς
1547 5647 1858 5716 περιτομῆς

267 5737 441 5803 οὔσης
475 5741 841 5810 κυριιιιτέρας,
879 5740 1060 5793 καίτοι
1091 5741 1190 5792 οὐκ
1217 5739 1364 5792 ἔστιν
1399 5741 1465 5792 ἐκ
1489 5739 1584 5792 τοῦ
1609 5741 1856 5801 Μωσέως

268 5834 308 5901 ἡ
333 5832 822 5908 περιτομὴ.Ἱ“αὗτι
858 5833 911 5886 δὲ
939 5833 1092 5900 ἔλεγε
1127 5831 1302 5888 θέλων
1319 5833 1518 5900 δεῖξαι,
1545 5833 1628 5886 ὅτι
1666 5834 1855 5903 μεῖζον

1984 3295 2164 3351 Patre.

2063 3311 2112 3348 tr
2151 3338 2164 3351 .

2027 3311 2226 3438 ε,κ’ἓιιε.
2264 3384 2351 3439 Π.
2381 3384 2522 3452 Quid
2557 3385 2828 3456 signiﬁcat
2857 3405 2870 3441 :
2905 3387 2964 3442 Si
2987 3389 3103 3459 quis
3132 3387 3354 3444 voluerit
3384 3391 3572 3444 uoluit—

1982 3485 2140 3530 tatem
2186 3477 2302 3546 ejus
2351 3479 2571 3548 facere?
2597 3478 2652 3534 ld
2694 3493 2797 3546 est,
2835 3479 2940 3546 Qui
2973 3492 3122 3537 amat
3153 3483 3321 3536 vitam
3359 3499 3482 3552 qua:
3511 3500 3572 3540 es

1978 3573 2278 3626 secundum
2335 3573 2590 3626 virtutem
2649 3583 2945 3642 cognoscet
2985 3575 3052 3630 de
3105 3575 3404 3644 doctrina;
3458 3577 3568 3640 vel,

1976 3661 2078 3728 Qui
2139 3663 2191 3716 in
2241 3665 2536 3733 prOphetas
2587 3667 2833 3736 respicit,
2897 3677 3212 3736 cognoscet
3257 3683 3435 3723 meant
3469 3669 3571 3725 do-

1975 3758 2232 3812 ctrinam.

2045 3865 2214 3922 Vens.
2251 3867 2334 3921 18.
2367 3867 2731 3922 Considerare
2763 3875 2980 3938 oportet
3023 3869 3098 3923 illi
3141 3869 3418 3924 humiliter
3471 3870 3566 3926 lo-

1976 3961 2180 4028 qucndi
2213 3960 2412 4014 multas
2439 3975 2638 4015 causas
2667 3975 2810 4026 esse,
2845 3962 3075 4028 scilicet,
3097 3971 3156 4016 ut
3189 3964 3392 4018 nothus
3420 3979 3564 4032 esse,

1975 4069 2082 4106 non
2117 4061 2436 4121 reputetur;
2475 4061 2534 4106 ut
2569 4067 2679 4106 non
2716 4053 2920 4122 impius
2945 4055 2997 4107 in
3037 4055 3201 4108 Deum
3248 4054 3566 4112 crederetur

1973 4146 2104 4215 quia
2135 4161 2304 4200 carne
2343 4145 2566 4200 indutus
2594 4154 2746 4212 erat;
2775 4147 2902 4216 quia
2954 4147 3160 4201 inﬁrmi
3201 4157 3364 4202 erant
3401 4149 3563 4204 audi-

1977 4249 2166 4305 tores;
2208 4249 2268 4292 ut
2295 4240 2516 4294 doceret
2557 4239 2808 4294 homines
2840 4239 3119 4296 modestos
3153 4255 3296 4307 esse,
3321 4241 3406 4296 vel
3427 4243 3562 4296 sub-

1971 4330 2121 4384 limia
2148 4331 2419 4394 dicentes,
2463 4345 2628 4384 unam
2659 4331 2902 4386 inveniat
2957 4331 3162 4402 aliquis
3207 4347 3432 4386 causam
3487 4333 3560 4388 ob

1977 4421 2412 4493 magnitudinem
2452 4423 2652 4475 divine
2689 4431 2920 4476 natura}.

2039 4531 2206 4586 Vens.
2243 4534 2328 4588 19.
2353 4532 2495 4598 Quid
2549 4541 2634 4587 est
2687 4535 2831 4602 quod
2881 4533 3066 4588 dicit:
3109 4532 3296 4588 Nonne
3345 4533 3556 4606 Moyses

1968 4626 2114 4679 dedit
2167 4626 2314 4680 nobis
2365 4627 2568 4696 legem?
2619 4626 2890 4691 Quoniam
2949 4626 3094 4679 enim
3153 4629 3560 4697 exprobrabant

1969 4721 2042 4774 illi
2077 4721 2223 4790 quod
2255 4719 2550 4774 Sabbatum
2579 4720 2837 4782 solveret,
2859 4720 2980 4773 ideo
3009 4721 3176 4774 instat
3205 4735 3220 4772 :
3249 4719 3358 4774 Lex
3387 4721 3554 4776 dicit:

1969 4809 2094 4865 Non
2117 4812 2364 4876 occides;
2405 4826 2501 4865 vos
2544 4821 2726 4864 autem
2763 4811 3036 4866 occiditis.
3079 4811 3406 4866 Omittentes
3453 4812 3558 4880 igi-

1970 4915 2058 4959 tur
2091 4921 2188 4960 vos
2219 4907 2368 4975 ipsos
2395 4905 2791 4967 condemnare,
2833 4904 2904 4958 de
2935 4904 3037 4959 hoc
3073 4919 3160 4958 me
3193 4906 3464 4960 incusans
3495 4913 3558 4959 ut

1967 4997 2292 5054 violatorem
2325 4999 2484 5068 legis,
2509 4999 2640 5067 quia
2665 4998 2856 5052 sanavi
2891 4998 3197 5053 hominem.

2043 5187 2210 5241 Vsus.
2243 5187 2336 5240 22.
2371 5184 2514 5251 Quid
2569 5185 2750 5238 dicit:
2807 5183 3098 5253 Propterea
3150 5183 3358 5252 Moyses
3405 5183 3552 5236 dedit

1964 5281 2107 5334 vobis
2159 5277 2762 5338 circumcisionem,non
2810 5279 2936 5345 quia
2993 5291 3062 5330 ea:
3119 5277 3298 5347 Moyse
3319 5287 3420 5338 est,
3457 5276 3550 5328 sed

1963 5389 2028 5426 ea:
2051 5371 2337 5440 patribus?
2362 5369 2571 5424 Sensus
2595 5369 2718 5423 talis
2741 5379 2827 5422 est
2857 5387 2870 5423 :
2901 5369 3032 5433 Cur,
3051 5368 3148 5432 ait,
3169 5384 3326 5422 neino
3353 5383 3554 5437 expro-

1963 5465 2140 5518 bravit
2163 5462 2370 5533 Moysi,
2398 5471 2492 5514 aut
2515 5461 2736 5514 obedire
2758 5460 3174 5528 abnuitjubenti
3197 5475 3294 5529 per
3313 5460 3550 5514 circum-

1961 5559 2224 5614 cisionem
2257 5555 2395 5611 solvi
2440 5554 2782 5608 Salibzitum?
2813 5553 3105 5608 Evidenter
3131 5558 3276 5624 quod
3307 5555 3550 5608 Sabbuto

1961 5653 2136 5722 major
2173 5659 2261 5704 est
2293 5649 2664 5708 circumcisio,
2701 5656 2946 5702 attamen
2999 5663 3106 5700 non
3164 5657 3248 5702 est
3288 5663 3316 5700 a
3357 5649 3548 5718 Moyse

1961 5739 2332 5793 circumcisio.
2365 5736 2486 5792 Haec
2519 5749 2698 5791 autem
2725 5737 2864 5791 dixit
2893 5747 2952 5790 ut
2977 5738 3296 5792 ostenderet
3320 5753 3378 5792 se
3407 5753 3547 5807 opus

1958 5833 2380 5890 circumcisione
2413 5831 2588 5899 majus
2627 5829 2838 5886 fecisse.
2869 5827 3108 5884 Dicendo
3161 5839 3342 5884 autem
3373 5842 3546 5884 totum
