4026 6416
502 373 639 440 1255

1243 370 1638 432 OPUSCULA
1676 364 2319 429 SCRIPTURISTICA
2362 362 2712 423 INCERT/E
2752 360 3059 421 AETATIS.

3629 360 3748 424 1256

497 491 618 558 quit
668 501 755 540 me
800 483 979 539 solum
1028 485 1209 545 Pater,
1240 482 1369 551 quia
1400 497 1501 551 ego
1552 480 1747 550 placita
1778 478 1899 548 ejus
1940 476 2082 531 iacio

2189 477 2351 539 αὐτὸς
2398 477 2498 528 οὐκ
2538 475 2720 543 ἀνθῆκέ
2773 491 2841 544 με
2886 472 3047 544 μόνον
3096 472 3126 523 ὁ
3172 470 3385 539 Πατὴρ,
3424 468 3506 523 ὅτι
3547 470 3655 540 ἐγὼ
3694 476 3752 527 τὰ

498 594 734 647 Semper.

572 671 735 724 Vatis.
775 670 861 724 54.
904 668 1045 733 Quid
1087 678 1192 727 est,
1234 666 1338 730 Qui
1378 665 1506 733 facit
1547 673 1841 730 peccatum,
1900 676 2079 716 servus

498 773 576 818 est
623 763 857 830 peccati;
889 777 1064 813 servus
1108 771 1287 812 autem
1336 775 1439 811 non
1502 766 1678 811 manet
1726 758 1780 809 in
1832 756 2081 809 domoin

497 869 772 922 internum,
805 856 942 909 etc.?
967 854 1070 908 Per
1110 854 1223 907 lnec
1264 854 1467 907 sensim
1518 868 1641 921 qua:
1683 868 1748 906 ex
1782 852 1899 921 lege
1927 859 2084 903 erant

498 948 750 1012 destruit,
777 958 829 1001 et
860 948 1098 1015 scipsnm
1134 945 1343 1009 extollit
1372 944 1715 1012 subjiciendo
1740 961 1753 996 :
1775 940 1952 994 Filius
1978 958 2080 993 uu—

497 1050 600 1093 tem
631 1039 821 1092 domus
857 1038 1107 1091 dominus
1140 1046 1214 1091 est
1255 1053 1273 1091 :
1308 1038 1429 1090 ideo
1458 1038 1535 1090 ait
1565 1054 1577 1090 τ
1619 1035 1800 1088 Manet
1837 1035 1890 1087 in
1922 1042 2080 1088 atter-

495 1147 642 1182 num.
680 1129 883 1184 Deinde
905 1130 1202 1184 ostendens
1225 1127 1882 1193 consiibstaiitialitatem,
1913 1126 2078 1181 dicit:

496 1219 555 1275 Si
585 1222 732 1290 ﬁlius
774 1238 860 1274 vos
893 1221 1217 1285 liberaverit,
1258 1219 1411 1273 liberi
1446 1218 1617 1274 eritis.

568 1398 736 1454 Vens.
773 1401 864 1455 44.
912 1400 1015 1456 Vos
1078 1415 1143 1454 ex
1197 1409 1347 1470 patre
1381 1400 1594 1454 diabolo
1617 1402 1765 1465 estis,
1811 1413 1915 1457 etc.
1965 1402 2082 1456 Hoc

491 1493 627 1547 dicit
666 1493 780 1547 illis
829 1494 899 1546 ob
956 1494 1334 1556 homicidium,
1369 1502 1423 1546 et
1461 1493 1581 1547 ideo
1633 1494 1764 1549 illud
1816 1495 2080 1565 subjicit:

494 1583 600 1637 Ille
646 1585 913 1637 homicida
955 1594 1069 1637 erat
1115 1584 1178 1637 ab
1221 1584 1395 1651 initio,
1432 1586 1574 1640 sicut
1604 1602 1721 1649 Vos,
1776 1586 1970 1657 inquit.
2013 1583 2082 1640 Et

496 1678 723 1730 mendax
754 1691 906 1745 pater
928 1678 1065 1740 eius.
1096 1675 1260 1732 Pater
1294 1678 1584 1744 mendacii,
1617 1678 1668 1732 id
1696 1689 1781 1733 est
1804 1679 2078 1744 diabolus,

496 1771 591 1840 qui
625 1771 939 1841 produccns
970 1772 1343 1837 mendacium,
1383 1773 1615 1825 mendax
1641 1782 1748 1827 est.

565 1957 732 2012 VERS.
769 1958 859 2011 46.
896 1956 1027 2022 Quis
1069 1974 1134 2012 ea:
1174 1958 1318 2013 vobis
1358 1969 1542 2028 arguet
1588 1975 1666 2013 me
1713 1960 1778 2014 de
1824 1960 2085 2025 peccato?

492 2050 605 2106 Hoc
652 2067 682 2105 ο
718 2053 1149 2121 prazccdentibus
1184 2052 1346 2107 dictis
1383 2054 1754 2108 c0ncluditur.
1807 2051 2081 2119 Quoniam

492 2145 636 2198 enim
669 2144 834 2208 dixit,
864 2144 1155 2199 Mendaces
1183 2146 1339 2210 estis,
1371 2157 1425 2199 et
1454 2146 1656 2200 diaboli
1692 2148 1827 2201 estis
1860 2146 2084 2200 menda-

491 2250 639 2289 cmm
674 2237 1052 2304 prodiiccntis,
1089 2236 1160 2290 ita
1187 2245 1246 2290 ut
1280 2254 1403 2291 vere
1437 2253 1665 2306 arguere
1693 2254 1799 2291 non
1833 2238 2079 2307 possitis.

490 2338 817 2383 accusantes
852 2339 1029 2383 autem
1083 2346 1220 2384 vane
1272 2330 1564 2385 mendaces
1614 2331 1760 2396 sitis,
1797 2330 2080 2384 mendacis

492 2425 665 2490 patris
712 2423 911 2478 diaboli
961 2424 1089 2487 lilii;
1122 2432 1177 2478 et
1212 2439 1390 2493 neque
1419 2423 1723 2487 Abialiam,
1770 2438 1950 2493 neque
1985 2422 2079 2477 Dei

493 2516 588 2569 lilii
618 2531 740 2569 esse
765 2514 1106 2584 pra'tendite.

555 2608 718 2663 νεεδ.
751 2608 840 2661 ιδ.
871 2606 1096 2662 Minime
1128 2606 1575 2673 dicentesJudiei
1596 2608 1746 2662 illiiin
1775 2608 2081 2663 Samarita-

500 2719 630 2755 num
675 2718 818 2765 esse,
850 2703 1129 2772 quomodo
1181 2703 1369 2756 dicunt
1401 2724 1413 2756 :
1452 2701 1640 2756 Nonne
1683 2702 1808 2756 bene
1826 2703 1906 2756 illi
1933 2704 2080 2758 dice-

493 2796 683 2849 bamus
721 2812 837 2857 nos,
860 2794 1015 2849 (ιυκῖ
1037 2793 1329 2849 Evidciiter
1363 2798 1566 2865 pluries
1595 2796 1866 2851 dixerant.

558 2887 728 2942 Vsus.
762 2887 847 2940 Eii.
882 2887 1168 2953 Quomodo
1194 2887 1528 2941 audiendum
1566 2908 1578 2942 :
1611 2888 1672 2943 Si
1701 2904 1793 2956 ego
1840 2887 2080 2959 gloriﬁco

495 2996 576 3032 me
600 2980 794 3049 ipsum,
814 2979 986 3048 gloria
1022 2996 1137 3032 mea
1168 2980 1302 3033 nihil
1335 2982 1454 3033 est?
1477 2978 1530 3034 Id
1558 2981 1861 3049 dicitjitxla
1886 2996 2079 3035 eorum

422 3142 425 3145 Α
494 3072 841 3140 opinionem;
890 3082 949 3126 ut
1004 3080 1077 3137 ct,
1150 3073 1533 3127 Testimonium
1603 3089 1774 3127 meum
1844 3090 1951 3127 non
2000 3084 2079 3128 est

492 3179 695 3219 verum.

571 3256 738 3311 Vatis.
777 3255 864 3310 56.
899 3255 1038 3323 Quid
1069 3265 1193 3311 cst:
1228 3255 1497 3310 Abraham
1526 3266 1677 3327 pater
1705 3268 1870 3311 vester
1897 3257 2079 3312 exsul-

495 3349 625 3401 tavit
662 3358 717 3401 ut
754 3348 948 3401 videret
976 3349 1115 3402 diem
1150 3366 1344 3413 meum,
1368 3360 1415 3403 et
1448 3351 1597 3412 vidit,
1627 3359 1678 3404 et
1709 3352 1917 3420 gavisus
1956 3351 2085 3406 est?

496 3441 648 3493 hiem
675 3440 746 3493 ibi
772 3440 904 3495 dicit
932 3441 1114 3495 crucis
1142 3442 1308 3508 diem,
1335 3458 1499 3511 quem
1538 3442 1591 3495 in
1626 3442 1904 3498 olilatiOne
1932 3441 2084 3499 Isaac

492 3530 958 3602 praﬁguraverat.
984 3531 1197 3586 Laudat
1226 3543 1407 3587 autem
1441 3533 1719 3587 Abraham
1755 3535 1912 3603 quasi
1942 3550 2077 3604 gau-

494 3626 715 3679 dentem
751 3624 818 3679 de
849 3640 1035 3692 cruce,
1064 3623 1359 3681 ostendere
1391 3626 1580 3683 volens
1613 3641 1673 3682 se
1712 3642 1820 3683 non
1852 3627 2083 3682 invitum

495 3718 564 3771 ad
590 3718 898 3788 passionem
927 3717 1027 3773 ire.

572 3900 741 3956 VERS.
776 3901 867 3956 57.
901 3902 1013 3956 Cur
1042 3900 1229 3957 dicunt
1257 3922 1271 3959 :
1306 3903 1709 3977 Quinquaginta
1741 3925 1906 3962 annos
1953 3926 2087 3963 non-

496 3996 624 4049 dum
655 3994 837 4058 habes,
865 4004 915 4047 et
950 3992 1225 4049 Abraham
1265 3998 1482 4075 vidisti?
1529 3997 1623 4061 Sic
1662 4002 1929 4070 putabant
1957 4018 2082 4057 eum

493 4097 576 4143 tot
601 4102 774 4141 annos
821 4098 1034 4151 natum,
1081 4103 1207 4142 cum
1250 4088 1469 4160 triginta
1504 4100 1715 4147 tantum
1746 4103 1911 4149 natus
1942 4105 2082 4150 erat.

569 4177 731 4233 Vatis.
766 4176 855 4233 58.
892 4177 1033 4244 Quid
1068 4177 1243 4233 dicit:
1277 4180 1575 4251 Antequam
1602 4184 1872 4239 Abraham
1911 4187 2082 4255 ﬁeret,

492 4285 575 4340 ρςι
617 4270 772 4322 sum?
814 4266 884 4323 Ui.
918 4269 1059 4325 Deus
1089 4269 1389 4326 evidenter.
1437 4270 1551 4342 Ego
1597 4290 1737 4339 sum,
1789 4275 1941 4343 dicit,
1989 4276 2085 4332 sed

496 4379 629 4429 non,
652 4362 763 4433 Ego
780 4377 963 4429 cram;
990 4362 1094 4417 lioc
1120 4363 1346 4418 verbum
1369 4366 1630 4435 exprimit
1646 4366 1798 4422 illum
1822 4379 2086 4439 perpetuo

491 4471 614 4509 esse
645 4470 662 4522 ;
692 4464 747 4509 et
788 4454 1162 4524 signiﬁcativa
1210 4472 1432 4528 quoque
1474 4466 1559 4513 cst
1614 4459 1732 4529 ipsa
1765 4476 1891 4527 vox,
1932 4462 2084 4517 omni

2184 567 2395 639 ἀρεστὰ
2424 567 2588 620 αὑτοῦ
2624 567 2760 619 ποιῶ
2794 566 3048 618 πάντοτε.

2256 661 2321 713 Τί
2356 663 2527 725 ἐστιν,
2563 658 2688 725 Πᾶς
2735 662 2769 713 ὁ
2811 657 3002 711 ποιῶν
3045 656 3160 725 τὴν
3206 656 3753 726 ἁμαρτίαν-δοῦλός

2187 754 2323 807 ἐστι
2359 751 2467 818 τῆς
2527 752 2836 821 ἁμαρτίας,
2869 753 2901 805 ό
2946 749 3013 803 δὲ
3043 750 3265 814 δοῦλος
3293 750 3366 802 οὺ
3395 746 3562 817 μένει
3599 749 3665 803 ἐν
3690 751 3753 819 τῇ

2185 847 2345 911 οἰκίᾳ
2398 848 2485 910 εἰς
2522 848 2626 897 τὸν
2674 843 2881 910 αἰῶνα,
2930 845 3024 897 καὶ
3075 843 3142 896 τά
3196 843 3355 912 ὲξῆς;
3417 840 3515 893 Διὰ
3566 843 3755 895 τούτων

2186 937 2371 1008 ἠρέμα
2405 938 2497 990 καὶ
2528 938 2596 990 τά
2628 936 2717 989 διὰ
2752 934 2846 989 τοῦ
2875 936 3041 1006 νόμου
3074 935 3439 1002 καταϐάλλει,
3470 939 3563 991 καὶ
3609 937 3757 991 αὑτὸν

2188 1029 2455 1082 συνιστῶν
2477 1031 2535 1082 ὲν
2562 1028 2637 1099 τῷ
2662 1028 2964 1098 ἐπιφέρεινο
3004 1028 3059 1079 Ὁ
3086 1028 3155 1081 δὲ
3184 1028 3315 1095 Υἱὸς
3343 1029 3759 1096 οἰκοδεσπότης

2185 1122 2322 1175 ἐστί
2347 1138 2362 1153 ’
2387 1122 2469 1175 διὸ
2494 1164 2509 1186 ,
2538 1123 2698 1192 φησὶ,
2723 1121 2899 1176 Μένει
2944 1124 3032 1186 εἰς
3053 1120 3159 1174 τὸν
3177 1120 3390 1184 αἰῶνα,
3406 1119 3537 1175 Εἶτα
3563 1122 3759 1185 δεικνὺς

2185 1218 2246 1271 τὸ
2270 1220 2579 1288 ὁμοούσιον,
2602 1218 2775 1287 λέγει’
2814 1220 2951 1274 Ἐὰν
2972 1221 3004 1273 ό
3036 1218 3169 1284 Υἱὸς
3195 1216 3349 1289 ὑμᾶς
3368 1218 3757 1287 ἐλευθερώσῃ.

2184 1307 2485 1376 ἐλεύθεροι
2518 1308 2754 1363 ἔσεσθε.

2266 1397 2466 1468 ’Υμεῖς
2499 1400 2567 1451 ἐκ
2609 1398 2714 1453 τοῦ
2750 1400 2975 1470 πατρὸς
3014 1400 3121 1455 τοῦ
3152 1400 3438 1456 διαϐόλου
3479 1401 3639 1466 ἐστὲ,
3673 1403 3758 1454 καὶ

2186 1490 2255 1544 τά
2282 1492 2430 1562 ἑξῆς.
2477 1491 2651 1544 Τοῦτο
2694 1492 2844 1559 λέγει
2886 1495 3069 1555 αὐτοῖς
3108 1494 3196 1545 διὰ
3230 1494 3323 1546 τὸν
3354 1495 3537 1561 φόνον,
3574 1495 3663 1548 καὶ
3687 1497 3757 1549 ὅτι

2186 1582 2345 1635 τοῦτο
2381 1584 2650 1655 ἐπιφέρει·
2704 1585 2967 1651 Ἐκεῖνος
3005 1586 3108 1640 ἀπ’
3138 1585 3331 1654 ἀρχῆς
3362 1588 3759 1654 ἀνθρωποκτό-

2184 1696 2292 1745 νος
2320 1679 2515 1743 ἐστὶν,
2549 1677 2761 1751 ὥσπερ,
2795 1680 2946 1750 φησὶ,
2982 1679 3078 1733 καὶ
3134 1680 3312 1749 ὑμεῖς.
3362 1680 3470 1734 Καὶ
3509 1683 3542 1733 ό
3579 1682 3760 1747 πατὴρ

2186 1773 2375 1827 αὑτοῦ
2406 1775 2704 1842 ψεύστης.
2766 1774 2824 1828 ’0
2860 1774 3045 1845 πατὴρ
3076 1773 3170 1827 τοῦ
3200 1772 3454 1842 ψεύδους,
3497 1776 3759 1828 τουτέστιν

2117 1850 2158 1904 Β
2188 1867 2215 1918 ὁ
2244 1865 2509 1933 διάϐολος,
2543 1870 2812 1937 γεννήσας
2841 1867 2903 1919 τὸ
2934 1866 3149 1935 ψεῦδος,
3180 1866 3422 1937 ψεύστης
3454 1868 3622 1921 ἐστίν.

2261 1954 2354 2018 Τὸ,
2403 1957 2497 2022 Τίς
2538 1956 2607 2020 ἐξ
2657 1956 2827 2025 ὑμῶν
2871 1956 3111 2025 ἐλέγχει
3155 1974 3235 2026 με
3268 1958 3403 2025 περὶ
3461 1958 3761 2027 ἀμηρτιάςῖ

2190 2046 2362 2101 Τοῦτο
2413 2051 2478 2102 ὲκ
2511 2047 2604 2102 τοῦ
2654 2050 2767 2105 ἄνω
2816 2050 3109 2117 συνάγεται
3160 2051 3349 2122 ῥητοῦ.
3407 2051 3627 2122 Ἐπειδὴ
3667 2053 3763 2119 γάρ

2189 2141 2365 2208 εἶπεν,
2400 2144 2483 2197 ὅτι
2540 2142 2790 2197 Ψεῦσταί
2826 2146 2972 2209 ἐστε,
3014 2145 3108 2197 καὶ
3138 2144 3230 2197 τοῦ
3259 2144 3318 2197 τὸ
3346 2144 3544 2213 ψεῦδος
3581 2146 3761 2213 γεννή-

2190 2251 2385 2297 σαντος
2414 2234 2668 2288 διαϐόλου
2721 2236 2843 2288 ὲστέ
2870 2252 2884 2265 ·
2922 2234 3063 2288 ὥστε
3116 2235 3192 2306 μὴ
3226 2236 3519 2306 δυνάμενοι
3558 2235 3760 2305 ἀληθῶς

2188 2328 2432 2397 ἐλέγξαι,
2488 2328 2928 2402 κατηγοροῦντες
2972 2329 3027 2382 δὲ
3074 2329 3322 2401 ματαίως
3370 2328 3603 2398 ψεῦσταί
3628 2332 3757 2390 ἐστε.

2185 2420 2424 2491 ψεύστου
2442 2423 2649 2493 πατρὸς
2665 2421 2759 2475 τοῦ
2777 2422 3029 2477 διαϐόλου
3047 2424 3235 2478 τέκνα·
3255 2424 3350 2477 καὶ
3369 2421 3493 2476 οὔτε
3521 2422 3761 2494 Ἁϐραάμ

2186 2532 2348 2587 φατε,
2374 2515 2501 2569 οὔτε
2540 2516 2633 2569 τοῦ
2671 2515 2829 2570 Θεοῦ.

2262 2609 2385 2661 Ὀτι
2434 2607 2673 2678 οὐδαμοῦ
2718 2606 3069 2680 Σαμαρείτην
3118 2608 3280 2662 αὑτὸν
3314 2608 3588 2677 λεγόντων
3640 2608 3759 2661 ’1ου-

2185 2699 2376 2764 δαίων,
2419 2700 2533 2765 πῶς
2571 2701 2841 2770 λέγουσιν,
2874 2704 2956 2755 ὃτι
2984 2704 3066 2755 Οὐ
3123 2703 3325 2769 καλῶς
3355 2703 3548 2758 αὐτὸν
3578 2701 3759 2772 ἐλέγο-

2186 2808 2323 2863 μεν;
2341 2792 2596 2863 Δηλονότι
2626 2793 2888 2857 πολλάκις
2921 2794 3103 2848 αὐτῶν
3140 2795 3426 2850 εἰπόντων.

2262 2881 2386 2946 Πῶς
2412 2883 2652 2953 νοητέον⁹
2699 2882 2843 2936 Ἐὰν
2868 2882 2983 2953 ἐγὼ
3009 2883 3239 2949 δοξάζω
3260 2884 3543 2954 ἐμαυτὸν,
3567 2885 3603 2952 ἡ
3624 2882 3755 2945 δόξα

2178 2989 2302 3041 μου
2328 2972 2512 3027 οὐδέν
2554 2973 2711 3041 ἐστι;
2750 2974 2920 3028 Τοῦτο
2948 2974 3006 3028 δὲ
3044 2976 3179 3046 πρὸς
3227 2977 3325 3047 τὴν
3361 2975 3592 3029 ἐκείνων
3618 2971 3754 3026 εἶπεν

2186 3066 2466 3123 ὑπόνοιαν·
2503 3067 2694 3141 ὥσπερ
2740 3071 2837 3123 καὶ
2890 3076 2976 3134 τὸ,
3037 3069 3108 3125 ἰι
3146 3072 3443 3141 μαρτιφῖα
3490 3087 3611 3139 μου
3658 3068 3754 3120 οὐκ

2107 3194 2152 3251 c
2183 3159 2358 3214 ἐστιν
2377 3160 2633 3229 ἀληθής.

2260 3251 2326 3305 Τί
2354 3252 2524 3318 ἐστιν,
2554 3254 2637 3306 ὅτι
2676 3254 2922 3324 Ἀϐραὰμ
2955 3258 2987 3309 ό
3035 3255 3235 3325 πατὴρ
3279 3255 3445 3325 ὑμῶν
3484 3258 3753 3328 ἠγαλλιά-

2184 3360 2360 3411 σατο,
2400 3345 2502 3398 ἵνα
2545 3346 2644 3413 Ζδῃ
2690 3346 2803 3414 τὴν
2850 3347 3078 3416 ἡμέραν
3116 3349 3230 3417 τὴν
3276 3349 3453 3418 ἐμὴν,
3492 3351 3589 3405 καί
3625 3347 3751 3411 εἶδε.

2186 3436 2288 3490 καὶ
2309 3436 2794 3508 ἑχάρη;⁹ίιμέραν
2822 3440 3056 3494 ἐνταῦθα
3080 3441 3233 3510 λέγει
3256 3442 3352 3513 τὴν
3382 3442 3478 3496 τοῦ
3511 3443 3748 3515 σταυροῦ,

2187 3531 2254 3601 ἣν
2302 3532 2361 3584 ἐν
2411 3534 2475 3603 τῇ
2534 3534 2819 3605 προσφορᾷ
2863 3536 2928 3602 τῇ
2974 3533 3070 3586 τοῦ
3129 3533 3316 3587 Ἰσαάκ
3360 3528 3751 3605 προετύπωσεν.

2200 3623 2450 3677 Ἐπαινεῐ
2494 3625 2552 3679 δὲ
2598 3624 2673 3689 ὡς
2722 3627 3101 3697 εὐφρανθεντα
3142 3627 3229 3680 διὰ
3266 3628 3359 3681 τὸν
3400 3631 3634 3703 σταυρὸν
3678 3630 3754 3682 τδν

2201 3715 2476 3787 Ἁϐραάμ,
2515 3717 2686 3784 δεῖξαι
2718 3718 2886 3773 θέλων
2915 3720 2998 3773 ὅτι
3045 3721 3145 3775 οὐκ
3196 3720 3345 3775 ἄκων
3377 3724 3469 3776 ἐπὶ
3504 3723 3568 3777 τὸ
3598 3722 3751 3785 πάθος

2188 3808 2435 3882 ἔρχεται.

2260 3906 2361 3960 Διὰ
2409 3905 2462 3958 τί
2502 3905 2745 3975 λέγουσι’
2798 3911 3185 3977 Πεντήκοντα
3230 3912 3335 3981 ἔτη
3377 3914 3545 3968 οὔπω
3591 3914 3749 3983 ἔχεις,

2189 3998 2291 4052 καὶ
2333 3999 2593 4071 Ἀϐραὰμ
2624 4001 2925 4072 ἐώρακας;
2966 4003 3153 4069 Οὕτως
3185 4003 3434 4075 ἐνόμιζον
3462 4007 3624 4060 αὐτὸν
3647 4022 3752 4059 toa-

2188 4092 2365 4147 ούτων
2393 4090 2534 4148 εἶναι
2559 4096 2719 4159 ὲτῶν,
2753 4099 3214 4169 τριακοντατριῶν
3240 4100 3392 4155 ὄντα.

2261 4185 2326 4237 Τί
2351 4186 2519 4253 λέγει’
2552 4186 2702 4257 Πρὶν
2739 4190 2983 4259 Ἀϐραὰμ
3016 4192 3314 4260 γενέσθαι,
3340 4190 3454 4261 ἐγώ
3480 4194 3616 4262 situ;
3645 4191 3749 4244 Ὀτι

2188 4274 2263 4337 ὡς
2309 4275 2442 4341 Θεὸς
2486 4278 2747 4348 δηλονότι.
2786 4281 2859 4333 Ἰὸ
2899 4281 2977 4346 δὲ,
3038 4282 3184 4351 Ἐγώ
3224 4284 3362 4351 ειμι,
3400 4282 3604 4352 λέγειν.
3651 4281 3749 4335 ἀλλ’

2187 4369 2493 4439 οὖχὶ,Ἐγὼ
2524 4372 2694 4443 ήμην,
2727 4373 2965 4444 ἔμφασιν
2998 4374 3108 4444 ἔχει
3142 4376 3302 4429 τοῦτο
3329 4375 3565 4447 τὺ,ρἧα
3592 4376 3745 4447 διηνι·

2190 4465 2304 4527 κῶς
2336 4464 2475 4518 εἶναι
2509 4481 2523 4493 ·
2555 4467 2649 4521 καὶ
2679 4470 2993 4539 σημαντική
3028 4471 3177 4523 ἐστιν
3204 4470 3345 4539 αὕτη
3374 4472 3406 4541 ή
3438 4471 3616 4541 ῥῆσις,
3643 4487 3749 4521 παν·

496 4555 744 4617 teinpore
789 4546 1009 4602 soluta:
1043 4546 1168 4604 ideo
1210 4550 1527 4619 blaspliema
1558 4551 1773 4607 videtur
1818 4554 1925 4610 illis
1950 4570 2082 4623 esse

2196 4557 2286 4620 τὸς
2315 4557 2712 4631 ἁπηλλαγμένη
2752 4562 2965 4632 χρόνου·
2999 4562 3081 4616 διὸ
3110 4563 3205 4617 καὶ⁵
3235 4561 3561 4634 βλάσφημον
3587 4562 3751 4622 αὐτοῖς

495 4646 645 4712 quod
677 4642 837 4699 dixit.

1115 4771 1343 4827 CAPUT
1378 4773 1471 4828 IX.

577 4900 747 4958 Vatis.
790 4903 845 4958 2.
882 4904 996 4959 (an
1040 4905 1115 4959 ita
1167 4907 1495 4976 insipienter
1540 4910 1899 4981 interrogant,
1956 4916 2085 4981 Quis

495 4997 750 5067 peccavit,
783 4996 869 5049 hic
896 5004 990 5049 aut
1025 5010 1269 5065 parentes
1302 4998 1459 5068 ejus?
1490 5000 1765 5071 [nsipiens
1792 5014 1875 5059 est
1903 5018 2083 5061 auli'tll

498 5092 880 5160 interrogatio.
912 5088 1051 5143 Nam
1106 5091 1195 5144 ille.
1226 5093 1545 5161 priusquam
1581 5105 1916 5161 nasceretur,
1948 5115 2086 5169 qiio~

497 5184 660 5237 modo
713 5181 1091 5252 peccavisset?
1140 5183 1211 5237 ob
1264 5195 1521 5252 parentes
1574 5196 1755 5240 autem
1807 5193 2086 5257 quomodo

496 5290 688 5343 pinnas
711 5274 975 5334 dedisset,
1009 5274 1332 5343 priusquam
1367 5278 1723 5331 nasceretur?
1752 5282 1935 5349 potius
1964 5283 2088 5352 qui-

495 5372 616 5421 dem
650 5377 906 5437 parentes
930 5367 999 5420 ob
1042 5367 1184 5421 lilios
1224 5384 1239 5421 :
1269 5368 1416 5437 quod
1451 5379 1632 5423 autem
1678 5371 1801 5427 illos
1824 5375 1889 5427 ad
1923 5376 2083 5428 ialcin

498 5460 985 5528 interrogationem
1034 5459 1265 5524 inducit,
1302 5461 1587 5530 paralytici
1623 5466 1953 5521 miraculum
1977 5478 2082 5523 est.

496 5550 631 5606 Nam
663 5552 773 5605 illic
796 5552 937 5606 dixit
959 5551 1010 5607 ei
1037 5550 1292 5609 Christus
1317 5567 1331 5606 :
1358 5551 1488 5607 Noli
1519 5570 1756 5623 peccare,
1776 5577 1837 5613 ne
1855 5564 2087 5615 deterius

494 5649 621 5715 quid
656 5646 749 5699 tibi
777 5632 1071 5716 eo'ntingat.

572 5736 745 5792 Vens.
779 5739 831 5793 6.
867 5738 981 5792 Cur
1034 5738 1258 5808 exspuit
1297 5748 1353 5794 et
1400 5739 1533 5797 fecit
1586 5741 1762 5800 lutum
1804 5757 1859 5802 et
1909 5749 2088 5805 linivit

499 5829 691 5883 ocuios
727 5833 887 5886 caici?
916 5832 1222 5888 Ostendcns
1253 5842 1305 5888 et
1331 5833 1423 5901 qui
1458 5835 1631 5891 Adam
1658 5838 1909 5897 formavit
1935 5842 2085 5896 illum

2190 4648 2362 4701 ἐδόκει
2387 4646 2525 4704 εἶναι
2553 4650 2613 4703 τὸ
2639 4651 2812 4722 ῥῆμα.

2792 4798 3044 4852 ΚΕΦΑΛ.
3074 4798 3155 4853 Θ’.

2264 4922 2361 4973 Διὰ
2391 4922 2439 4973 τί
2470 4920 2638 4985 οὓτως
2669 4922 2879 4992 ἀλόγως
2911 4925 3212 4995 ἐρωτῶσιν,
3232 4927 3313 4980 ὅτι
3354 4928 3447 4993 Τίς
3474 4927 3747 4997 ἧμαρτεν;

2189 5008 2366 5079 οὗτος
2401 5014 2438 5081 ἢ
2475 5017 2530 5067 ol
2559 5015 2756 5083 γονεῖς
2782 5018 2995 5084 αὐτοῦ;
3033 5018 3261 5089 Ἀλογον
3294 5023 3351 5075 δέ
3393 5026 3509 5076 ἐστι
3540 5023 3598 5075 τὸ
3626 5019 3745 5092 ἐρώ-

2188 5122 2359 5175 τημα.
2409 5107 2644 5169 Ἐκεῖνος
2676 5110 2783 5179 γὰρ
2816 5110 2943 5181 πρὶν
2971 5111 3205 5183 γεννηθῇ
3250 5114 3365 5176 πῶς
3396 5114 3463 5167 ἂν
3489 5116 3742 5185 ἥμαρτεν,

2190 5199 2332 5269 ὑπὲρ
2370 5199 2427 5252 δὲ
2464 5200 2668 5266 γονέων
2697 5201 2815 5264 πῶς
2847 5202 2913 5255 ἂν
2952 5204 3047 5255 καὶ
3070 5203 3225 5274 δίκην
3256 5206 3423 5259 ἔδωκε
3444 5248 3459 5272 ,
3488 5208 3611 5275 πρὶν
3643 5221 3745 5271 γεν-

2188 5291 2327 5361 νηθῇ
2352 5308 2366 5357 ἓ
2401 5291 2603 5359 μᾶλλον
2631 5293 2731 5363 μὲν
2757 5289 2850 5346 οὖν
2883 5296 3057 5361 γονεῖς
3082 5295 3222 5367 ὑπὲρ
3248 5299 3473 5362 τέκνων,
3507 5298 3647 5350 ἐστιν
3670 5295 3744 5346 ὅτε

2189 5385 2271 5446 εἰς
2313 5382 2473 5436 τοῦτο
2499 5383 2561 5437 τὸ
2610 5384 2874 5456 ἐρώτημα
2922 5388 3131 5458 ἤγαγεν
3169 5389 3387 5453 αὐτοὺς,
3424 5390 3481 5443 τὸ
3529 5388 3617 5441 τοῦ
3653 5403 3745 5437 πα-

2196 5475 2491 5545 ραλυτικοῦ
2538 5476 2745 5545 θαῦμα·
2779 5480 2897 5531 ἐκεῖ
2934 5480 3043 5549 γάρ
3081 5476 3234 5533 εἶπεν
3259 5481 3408 5550 αὐτῷ
3450 5483 3476 5534 ὁ
3512 5478 3740 5549 Χριστός·

2189 5563 2417 5633 Μηκέτι
2450 5565 2873 5638 ἁμαρτᾷνῘΙιις.
2921 5569 3266 5642 ἁμάρτανε],
3316 5572 3415 5625 ἵνα
3443 5569 3527 5640 μὴ
3566 5565 3743 5637 χεῖρόν

2191 5655 2249 5708 τί
2272 5670 2373 5709 σοι
2406 5656 2550 5725 γένη
2559 5674 2670 5712 ται.

2263 5749 2363 5801 Διά
2418 5748 2471 5801 τί
2522 5748 2722 5802 ἔπτυσε
2783 5753 2877 5805 καὶ
2930 5752 3101 5823 πηλὸν
3154 5756 3384 5825 ποιήσας
3437 5755 3577 5826 ἔχριε
3634 5750 3739 5812 τοὺς

2190 5839 2510 5911 ὀφθαλμοὺς
2562 5840 2656 5893 τοῦ
2715 5843 2954 5913 τδφλοῦο
3002 5846 3278 5900 Δίκνὺων
3317 5850 3399 5902 ὅτι
3466 5851 3491 5903 ὁ
3538 5847 3623 5902 καὶ
3666 5842 3737 5895 τὸν
