4032 6406
526 365 668 432 ῚΞΞ63
1276 369 1664 431 OPUSCULA
1704 369 2331 430 SCRIPTURISTICA
2365 371 2708 434 lNCERTrE
2745 373 3048 434 ZETATIS.
3616 371 3736 440 126i

521 481 636 535 lum
673 492 1017 535 commovere
1067 480 1371 544 studentes,
1419 480 1578 549 quasi
1627 479 1885 537 deberent
1914 480 1988 534 illi
2021 480 2090 535 ob

2145 491 2164 542 ι
2200 486 2295 538 καὶ
2322 485 2436 550 τὴν
2456 485 2635 538 πόλιν
2662 484 2804 548 ;Τδν
2847 483 2974 555 λαὸν
3029 484 3300 536 ἐπισεῖσαι
3347 481 3737 548 σπουδάζοντες,

517 588 648 628 eum
675 570 968 643 periclitari
997 570 1300 642 tyrannidis
1323 571 1662 647 suspicione.

2193 577 2268 638 ὡς
2309 575 2611 646 μελλόντων
2641 574 2820 628 αὐτῶν
2836 573 3162 628 κινδυνεύειν
3212 573 3281 626 δι’
3310 574 3472 628 αὐτὸν
3495 574 3590 625 ἐπὶ
3617 574 3734 627 ὑπο-

2191 667 2290 738 ψίᾳ
2325 665 2656 736 τυραννίδος.
3284 665 3290 672 ’

595 754 757 808 Vens.
783 753 874 807 49.
910 751 1046 818 Quid
1084 753 1356 820 signiﬁcat
1381 751 1528 823 quod
1542 751 1675 808 dicit
1701 753 1982 822 :Princeps
2006 769 2094 806 sa-

2261 757 2327 810 Τί
2355 757 2841 827 σημαίνειωέγει·
2885 758 2941 810 '0
2981 757 3292 827 ἀρχιερεὺς
3336 756 3442 810 τοῦ
3479 755 3743 809 ἐνιαυτοῦ

513 847 783 902 cet-dorum
811 844 936 898 anni
975 844 1116 897 illius
1147 846 1171 898 .9
1207 845 1277 900 Ut
1309 846 1560 900 ostendat
1599 846 1817 900 venales
1846 859 1969 900 esse.
2000 861 2090 900 sa-

2194 849 2477 914 ἐκείνου;
2507 849 2624 904 Ἷνα
2676 849 2826 923 δείξῃ
2875 851 2960 903 ὅτι
3000 844 3366 921 ὠνηταὶ-ἦσαν
3390 849 3443 900 αἱ
3465 849 3628 918 ἁρχαὶ
3648 849 3741 900 τῶν

519 940 800 993 eerdotum
829 936 1255 1007 dignitates;sed
1280 937 1441 990 etiam
1473 937 1662 992 aderat
1683 936 1938 1008 Spiritus,
1966 953 2089 991 nam

2194 941 2406 1011 ἱερέωνο
2451 941 2586 994 ἀλλὰ
2629 941 2721 994 καὶ
2746 940 2917 1004 οὕτως
2937 942 3116 1012 παρῆν
3137 942 3196 994 τὸ
3229 940 3453 1010 Πνεῦμα
3473 956 3486 969 ⁸
3517 943 3745 1010 προεφή-

518 1029 857 1100 prophetarit
878 1029 958 1084 vel
993 1029 1194 1082 invitus
1244 1029 1504 1100 Caiphas.
2051 1104 2056 1108 π

2051 1104 2056 1108 1
2191 1049 2350 1085 τευσε
2375 1031 2485 1102 γὰρ
2522 1033 2615 1086 καὶ
2647 1033 2795 1086 ἄκων
2827 1035 2856 1086 ὁ
2889 1034 3162 1102 Καῖάςρας.

587 1122 751 1177 Vens.
789 1123 876 1178 50.
902 1120 1122 1190 Expedit
1155 1131 1210 1174 ut
1251 1139 1386 1176 unus
1415 1122 1567 1177 homo
1603 1123 1864 1176 moriatur
1901 1132 1949 1175 et
1983 1138 2088 1175 non

2263 1124 2388 1175 Ὅτι
2416 1123 2498 1189 τὸ,
2530 1124 2822 1193 Συμφέρει
2857 1125 2958 1176 ἵνα
2991 1119 3082 1189 εἷς
3110 1125 3418 1192 ἅνθρωπος
3457 1122 3742 1188 ἀποθάνῃ.

517 1226 628 1268 ιοια
659 1231 780 1284 gens
812 1223 1012 1283 pereat.
1045 1213 1123 1266 lta
1163 1229 1256 1267 ore
1298 1214 1604 1269 sacerdotis
1640 1214 1808 1268 utitur
1833 1213 2088 1284 Spiritus,

2191 1214 2286 1268 καὶ
2304 1214 2390 1284 μὴ
2415 1215 2561 1268 ὅλον
2586 1215 2653 1268 τὸ
2679 1214 2852 1282 ἔθνος
2878 1216 3197 1284 ἀπόληται,
3226 1213 3397 1280 οὕτως
3426 1213 3501 1283 τῷ
3533 1215 3746 1283 στόματι

512 1323 608 1360 cor
633 1315 812 1360 autem
840 1320 1042 1360 nocens
1072 1321 1176 1360 non
1204 1307 1375 1376 tangit
1401 1324 1415 1362 :
1457 1307 1528 1363 ita
1562 1307 2088 1372 Nabuchodonosor,

2191 1307 2455 1377 κέχρηται
2495 1306 2569 1370 ὡς
2620 1307 2848 1378 ἱερέως,
2899 1310 3000 1378 τῆς
3048 1309 3104 1362 δὲ
3142 1309 3343 1378 μιαρᾶς
3397 1306 3621 1376 καρδίας
3661 1307 3747 1376 οὐχ

513 1399 747 1465 Pharao,
782 1397 1021 1452 Balaam.

2191 1396 2368 1468 ηψατο
2387 1413 2399 1427 ’
2431 1396 2605 1462 οὕτως
2633 1397 3124 1470 Ναϐουχοδονόσορ,
3162 1401 3255 1452 καὶ
3283 1397 3502 1466 Φαραὼ,
3537 1398 3628 1450 καὶ
3651 1398 3742 1451 Βαο

2191 1489 2359 1544 λαάμ.

585 1576 753 1632 Vsus.
786 1577 873 1632 52.
915 1578 1026 1633 Cur
1058 1577 1217 1643 dicit,
1265 1578 1332 1633 Ut
1356 1579 1498 1649 ﬁlios
1523 1580 1619 1634 Dei
1649 1580 1912 1650 dispersos
1969 1587 2094 1634 con-

2193 1508 2294 1544 Ααα
2346 1529 2359 1543 .

2260 1508 2358 1635 At;
2376 1583 2426 1636 τί
2447 1583 2616 1652 λέγει,
2645 1585 2776 1640 Ἵνα
2796 1585 2870 1642 τὰ
2891 1584 3071 1640 τέκνα
3102 1585 3207 1639 τοῦ
3229 1585 3378 1640 Θεοῦ
3400 1584 3472 1639 τὰ
3493 1584 3750 1654 διεσκορ-

513 1679 750 1740 grcgaret
791 1672 846 1724 in
877 1671 1086 1724 unum?
1114 1669 1281 1726 Filios
1331 1671 1423 1728 Dei
1462 1681 1649 1743 gentes
1678 1683 1835 1728 vocat
1873 1672 1941 1726 ab
1989 1673 2093 1728 hoc

2192 1673 2457 1744 πισμένα
2486 1676 2801 1746 συναγάγῃ
2831 1679 2917 1743 εἱς
2943 1677 3035 1744 Er;
3063 1679 3238 1731 Τέκνα
3267 1677 3402 1732 Θεοῦ
3427 1679 3493 1731 τά
3514 1677 3640 1748 ἔθνη
3665 1695 3751 1730 κα-

512 1764 656 1834 quod
690 1765 930 1818 futurum
968 1775 1070 1818 est.

2131 1835 2139 1836 ί
2193 1764 2276 1818 λεί
2307 1767 2415 1819 ἀπὸ
2452 1766 2546 1820 τοῦ
2582 1769 2868 1836 μέλλοντος
2893 1767 3132 1821 ἔσεσθαι.

1103 1891 1332 1947 CAPUT
1373 1892 1488 1948 XII.
2122 1835 2166 1890 Β

2122 1835 2166 1890 Β
2800 1895 3046 1948 ΚΕΦΑΛ.
3074 1895 3169 1948 IB'.

594 2017 756 2073 Vens.
781 2017 832 2071 6.
877 2017 1006 2080 Cur,
1037 2032 1160 2072 cum
1195 2016 1281 2070 fur
1314 2026 1459 2072 esset
1498 2015 1687 2082 Iudas,
1745 2017 2093 2074 commiserat

2264 2024 2362 2076 Διὰ
2413 2023 2466 2075 τί
2519 2023 2726 2094 κλέπτῃ
2789 2023 2904 2076 ὄντι
2957 2023 3035 2094 τῷ
3106 2023 3276 2093 Ἰούδᾳ
3349 2021 3645 2093 ἐνεχείρισε
3702 2024 3755 2074 τὸ

510 2111 556 2164 ci
581 2107 832 2164 loculos?
865 2108 930 2163 Ut
958 2109 1077 2177 ejus
1107 2109 1390 2163 avaritiam
1420 2110 1700 2165 adimeret.

2193 2115 2612 2187 γλωσσόκομονς
2646 2117 2760 2170 Ἵνα
2788 2117 2884 2185 τὴν
2915 2116 3280 2187 φιλαργυρίαν
3319 2115 3482 2168 αὐτοῦ
3535 2115 3749 2186 ἐκκόψῃ.

592 2201 760 2256 Vens.
793 2202 846 2256 7.
873 2200 985 2256 Cur
1019 2201 1260 2272 loquitur
1297 2203 1368 2257 ibi
1407 2203 1657 2258 Christus
1677 2204 1742 2259 de
1766 2205 2092 2276 sepultura?

2264 2211 2362 2264 Διὰ
2389 2210 2441 2262 τί
2475 2211 2744 2280 μέμνηται
2772 2210 3004 2265 ἐνταῦθα
3033 2210 3062 2262 ὁ
3093 2209 3327 2281 Χριστὸς
3360 2208 3751 2278 ἐνταφιασμοῖά

510 2295 711 2350 Jndam
747 2302 1064 2349 convertere
1089 2296 1299 2360 volens,
1317 2302 1371 2348 et
1393 2295 1681 2350 ostendere
1719 2295 1870 2350 illum
1907 2296 2092 2364 prodi-

2207 2301 2496 2370 Ἐντρὲψαι
2521 2301 2581 2353 τὸ
2624 2300 2826 2352 Ἰούδαν
2855 2299 3199 2370 βουλόμενος.
3228 2300 3321 2354 καὶ
3358 2299 3529 2366 δεῖξαι
3561 2299 3641 2351 ὅτι
3666 2298 3753 2366 τὴν

512 2389 714 2441 tionem
755 2383 1016 2453 cogitare.

2197 2393 2489 2464 προδοσίαν
2523 2396 2651 2445 νοεῖ.

579 2474 748 2530 Vans.
777 2474 864 2528 l5.
919 2473 1032 2527 Cur
1056 2482 1386 2544 acceperunt
1431 2490 1612 2531 ramos
1662 2477 1984 2544 palmarum,
2041 2487 2095 2532 et

2267 2481 2366 2533 Διὰ
2417 2481 2467 2534 τι
2517 2481 2708 2534 ἔλαὸον
2764 2481 2832 2534 τὰ
2886 2481 3014 2552 βάἳα
3071 2481 3179 2536 τῶν
3233 2481 3493 2552 φοινίκων
3547 2481 3641 2535 καὶ
3669 2480 3751 2542 τὸ,

507 2565 884 2618 clantaverunt
927 2559 1204 2626 Horanna,
1253 2563 1399 2633 quod
1469 2565 1860 2634 interpretatur
1905 2567 2094 2621 solre?

2205 2574 2486 2636 Ὡσαννὰ,
2510 2573 2713 2642 ἔλεγον,
2732 2573 2759 2626 ὃ
2779 2573 3172 2645 ἑρμηνεύεται·
3193 2573 3400 2628 Σῶσον
3416 2573 3492 2641 δή
3513 2591 3531 2639 ;
3548 2571 3753 2641 Ἐπειδὴ

511 2655 651 2722 Quia
675 2655 938 2724 majorem
969 2655 1229 2725 propheta
1265 2655 1414 2710 illum
1444 2657 1732 2721 habebant,
1763 2659 2095 2715 admirantes

2197 2665 2420 2736 μεῖζονα
2451 2665 2484 2735 ἢ
2515 2666 2800 2736 προφήτην
2853 2663 3018 2721 αὑτὸν
3044 2662 3209 2736 εἶχον,
3262 2664 3637 2736 θαυμάζοντες
3672 2665 3750 2716 διὰ

510 2758 734 2818 propter
755 2745 1048 2800 Lazarum.

990 2761 1048 2800 η·
2194 2757 2286 2810 τὸν
2317 2757 2582 2826 Λάζαρον.

591 2837 750 2893 Vens.
779 2836 1172 2903 H.Quomodo
1203 2837 1295 2892 alii
1319 2839 1686 2908 evangelista,
1713 2841 1986 2910 inquiunt,
2008 2842 2100 2897 di-

2270 2849 2393 2912 Πῶς
2421 2850 2471 2901 οἱ
2508 2849 2606 2918 μὲν
2639 2849 2808 2915 ἄλλοι,
2847 2852 3028 2919 φασὶν,
3067 2851 3451 2920 εὖαγγελισταὶ
3496 2852 3749 2919 λέγουσιν,

511 2938 648 2984 cunt
676 2930 803 2999 quia
841 2927 990 2982 Misit
1022 2939 1073 2982 et
1095 2930 1272 2982 dixit:
1310 2928 1506 2985 Solvite
1527 2932 1737 2986 mittam
1768 2943 1816 2986 et
1851 2935 2095 3002 pullum;

2196 2943 2278 2996 ὅτι
2316 2943 2590 3010 Ἔπεμψε
2621 2942 2717 2995 καὶ
2743 2939 2912 2996 εἶπεν
2935 2957 2950 2973 ⁶
2971 2944 3212 2999 Λύσατε
3235 2943 3348 3008 τὴν
3373 2943 3520 2996 ὄνον
3543 2943 3637 2996 καὶ
3659 2943 3752 2994 τεν

515 3022 605 3076 hic
633 3035 765 3076 vero
795 3019 931 3075 nihil
958 3019 1134 3074 simile
1162 3020 1327 3086 dicit,
1367 3022 1461 3077 sed
1504 3024 1632 3092 quia
1681 3024 1889 3078 invenit
1935 3023 2095 3080 Jesus

2199 3031 2404 3086 πῶλον
2431 3048 2446 3062 '
2487 3028 2640 3092 οὗτος
2669 3034 2745 3094 δὲ.
2780 3034 2934 3087 οὐδὲν
2965 3034 3204 3087 τοιοῦτον
3225 3049 3238 3063 '
3271 3035 3386 3087 ἀλλ’
3418 3035 3503 3087 ὅτι
3552 3034 3749 3103 ὀνάριον

509 3114 762 3179 asellum,
812 3121 866 3168 et
898 3111 1042 3166 sedit
1089 3127 1256 3182 super
1291 3128 1440 3168 eum.
1489 3113 1731 3184 Utraque
1771 3123 2088 3171 evenerunt.

2153 3170 2166 3191 ,
2201 3123 2413 3193 εὑρὼν,
2470 3125 2723 3179 ἐκάθισεν
2773 3125 2859 3178 ἐπ’
2913 3125 3078 3191 uino;
3149 3125 3458 3193 Ἀμφότερα
3508 3124 3745 3192 ἐγένετο·

510 3206 656 3262 Misit
697 3204 842 3260 enim
878 3211 932 3256 et
966 3201 1236 3258 adductus
1278 3213 1360 3260 est
1402 3213 1458 3259 et
1491 3219 1657 3275 super
1693 3204 1986 3264 adductum
2035 3213 2097 3260 ut

2158 3211 2168 3229 '
2200 3215 2489 3270 ἀπέστειλε
2535 3217 2665 3288 γὰρ,
2703 3216 2798 3269 καὶ
2845 3217 3068 3287 ἠνέχθη,
3119 3217 3211 3270 καὶ
3243 3215 3459 3286 ἐνεχθὲν
3487 3215 3564 3280 ὡς
3595 3213 3750 3283 εὑρὼν

509 3297 791 3352 invrniens
829 3295 985 3349 sedit.

879 3295 985 3348 edit.
2199 3308 2471 3362 ἐκάθισεν.

602 3387 772 3444 Vens.
802 3387 880 3442 19.
915 3387 1164 3450 Dicentes
1180 3385 1442 3444 Pharisaei
1491 3387 1558 3442 ad
1597 3388 1919 3459 semetipsos
1960 3405 1972 3442 :
2003 3387 2097 3443 Vi-

2271 3403 2391 3454 Ὅτι
2421 3404 2468 3456 οι
2497 3403 2741 3468 εἰπόντες
2759 3404 3038 3475 Φαρισαῖοι
3065 3402 3198 3476 πρὸς
3223 3402 3478 3468 ἑαυτούς’
3504 3403 3750 3474 Θεωρεῖτε

508 3480 650 3536 dctis
679 3481 809 3550 quia
861 3477 994 3533 nihil
1029 3477 1310 3546 prolicitis,
1355 3494 1483 3533 ecce
1528 3479 1766 3534 mundus
1806 3488 1927 3549 post
1969 3493 2094 3532 eum

2198 3493 2280 3548 ὅτι
2318 3495 2420 3548 οὐκ
2449 3495 2710 3566 ὠφελεῖτε
2768 3496 2950 3561 οὐδὲν,
2990 3496 3063 3549 ἴδε
3094 3496 3124 3548 ὁ
3153 3495 3356 3566 κόσμος
3376 3495 3555 3549 ὀπίσω
3603 3493 3750 3549 αὐτοῦ

509 3573 659 3634 abit;
689 3587 752 3626 ex
793 3568 1143 3624 credentibus
1173 3581 1353 3638 erant,
1420 3567 1516 3625 sed
1551 3584 1661 3624 non
1717 3578 1904 3639 aperte
1933 3567 2093 3623 fateri

2197 3586 2421 3656 ὑπάγει,
2451 3586 2561 3640 τῶν
2592 3590 2955 3642 πιστευόντων
3003 3587 3102 3660 μὲν
3134 3583 3296 3658 ἦσαν,
3338 3589 3399 3641 οὐ
3443 3588 3750 3659 τολμώντων

509 3664 858 3719 audenuhus.

2195 3677 2252 3732 δὲ
2283 3678 2782 3751 παρρησιάζεσθαι.

585 3751 751 3807 VErts.
786 3753 876 3806 ΞΟ.
911 3752 1012 3819 Qui
1048 3763 1206 3808 erant
1237 3753 1466 3822 gentiles
1505 3752 1596 3822 qui
1639 3753 1994 3808 ascenderant
2036 3767 2096 3810 ut

2269 3771 2423 3836 Τίνες
2460 3767 2600 3842 ἦσαν
2623 3774 2674 3826 οἱ
2707 3772 2966 3844 Ἕλληνες
2989 3775 3036 3826 οι
3053 3773 3450 3839 συναναϐάντες
3483 3775 3571 3828 ἴνα
3595 3791 3747 3844 προσ·

512 3845 807 3898 adorarcnt
867 3848 922 3898 in
975 3844 1062 3898 die
1096 3844 1281 3898 festo?
1309 3843 1412 3910 Cri
1465 3855 1818 3899 accesserunt
1851 3845 2094 3902 dicentes

2196 3864 2504 3935 κυνήσωσιν
2531 3867 2588 3918 ἐν
2612 3869 2676 3938 τῇ
2706 3867 2863 3937 ἑορτῇ
2889 3883 2904 3931 ;
2948 3867 3156 3929 Οῐτινες
3187 3867 3501 3937 προσῆλθον
3565 3869 3653 3920 καὶ
3683 3867 3748 3936 τῷ

513 3935 794 4004 Philippo;
833 3934 1086 3990 Volumus
1110 3935 1292 3989 Jesum
1323 3935 1513 3990 ridere.
1539 3935 1640 4001 Qui
1666 3951 1832 4006 prope
1861 3947 2014 3992 erant
2036 3946 2094 3992 ut

2194 3934 2444 4025 Φιλίππῳ
2493 3934 2780 4024 λέγοντες-ί
2814 3934 3076 4024 θέλομεν
3126 3934 3241 4008 τὸν
3301 3934 3545 4022 Ἰήσοῦν
3595 3934 3745 4011 ἰδεῖν.

514 4029 770 4100 proselyti
827 4030 1050 4096 tierent,
1104 4029 1155 4084 id
1216 4039 1337 4096 est,
1393 4030 1719 4085 accederent
1775 4030 1842 4082 ad
1905 4029 2092 4086 Judai-

2196 4047 2259 4099 Oi
2280 4045 2444 4115 ἐγγὺς
2470 4047 2621 4110 ὄντες
2646 4047 2829 4102 λοιπὸν
2846 4047 2939 4101 τοῦ
2969 4050 3294 4119 προσήλυτοι
3323 4049 3745 4117 γενέσθαι,τουτ·

511 4135 712 4174 sutum.
2196 4138 2312 4192 ἐστι
2340 4139 2417 4210 τῷ
2454 4138 2773 4211 Ἰουδαϊσμῷ
2803 4142 3144 4210 προσελθεῖν.

585 4211 860 4269 ἣκελό.
901 4213 1189 4279 Quomodo
1225 4213 1632 4284 intelligendum
1653 4213 1838 4279 ,Venit
1873 4216 2002 4270 liora
2033 4228 2090 4270 ut

2268 4231 2390 4296 Πῶς
2425 4233 2643 4304 νοητέον
2663 4251 2675 4264 ·
2717 4233 3053 4300 Ἐλήλυθεν
3090 4237 3127 4302 ἡ
3157 4234 3276 4302 ὥρα
3307 4237 3407 4290 ἵνα
3431 4233 3691 4303 δοξασθῇ
3719 4236 3745 4288 ό

509 4305 833 4375 gloriﬁcetur
859 4304 1034 4360 Filius
1080 4306 1174 4362 Dei
1199 4306 1222 4359 7
1245 4306 1514 4373 Quoniam
1550 4309 1782 4378 gentiles
1821 4319 1872 4362 et
1903 4320 2090 4379 gentes

2203 4325 2335 4392 Υἱὸς
2357 4326 2465 4380 τοῦ
2494 4325 2640 4380 Θεοῦ
2658 4342 2677 4389 ;
2719 4326 2938 4396 Ἐπειδὴ
2967 4326 3224 4397 Ἕλληνες
3256 4328 3435 4380 καὶτὰ
3467 4329 3592 4399 ἔθνη
3633 4343 3744 4380 συν-

508 4401 924 4461 (onveniehant,
976 4397 1148 4454 Judzei
1178 4415 1305 4455 vero
1340 4415 1447 4455 non
1483 4403 1799 4467 credebant,
1852 4401 2089 4472 Tempus

2193 4418 2446 4488 ήρχοντο,
2493 4417 2742 4471 Ἰουδαῖοι
2797 4417 2853 4470 δὲ
2881 4420 3160 4488 ἠπίστουν,
3189 4421 3413 4491 Καιρὸς,
3449 4397 3630 4492 φησὶν,
3665 4421 3743 4474 ἐπὶ

507 4501 623 4556 est,
689 4493 904 4563 inquit,
965 4494 1031 4548 ad
1087 4495 1400 4565 passionem
1464 4493 1566 4560 ire,
1630 4496 1885 4550 omnibus
1934 4513 2089 4552 com-

1815 4512 1885 4550 υδ
1934 4513 2089 4552 εοιη’
2117 4522 2169 4581 Ι)
2197 4511 2256 4563 τὸ
2287 4511 2455 4574 πάοος
2489 4510 2662 4564 ἐλθεῖν
2691 4511 2908 4564 πάντων
2941 4513 3407 4582 πεπληρωμένων.

508 4585 688 4655 pletis.

581 4675 749 4730 Vens.
778 4676 869 4730 24.
910 4675 1200 4741 Quomodo
1237 4677 1649 4747 intelligendum
1673 4721 1688 4741 ,
1714 4679 1837 4735 Nisi
1866 4699 2089 4752 granum

2264 4697 2386 4760 Πῶς
2435 4697 2654 4766 νοητέον
2696 4696 2776 4762 τὸ,
2822 4697 2964 4750 Ἐὰν
2995 4697 3079 4766 μὴ
3111 4701 3142 4752 d
3170 4699 3390 4765 κόκκος
3434 4699 3540 4754 τοῦ
3589 4700 3743 4752 σίτου

508 4769 758 4836 frumenti
810 4769 998 4822 radens
1036 4770 1091 4821 in
1127 4781 1324 4823 terram
1373 4784 1638 4825 mortuum
1692 4774 1871 4841 fuerit,
1914 4777 2003 4844 ips:

2191 4790 2398 4842 πεσὼν
2426 4789 2525 4842 ἐπὶ
2543 4788 2658 4856 τὴν
2687 4787 2803 4858 γῆν
2823 4789 3119 4856 ἀποθάνῃ.
3153 4791 3335 4855 αὐτὸς
3360 4793 3547 4858 μόνος
3563 4790 3737 4858 μένει·

505 4859 678 4913 solum
710 4869 917 4925 manet;
937 4861 983 4914 si
1009 4867 1184 4914 autent
1215 4873 1476 4914 mortuum
1499 4863 1681 4931 fuerit,
1703 4865 1934 4932 fructum
1957 4868 2091 4919 mul-

2189 4880 2300 4934 ἐὰν
2335 4881 2403 4934 δὲ
2429 4881 2726 4948 ἀποθάνῃ,
2783 4881 3016 4949 καρπὸν
3049 4885 3249 4935 πολὺν
3281 4882 3480 4951 φέρε-υ
3517 4885 3579 4936 '0
3611 4883 3741 4948 λέγει

508 4964 616 5006 tum
671 4952 869 5021 affert?
925 4951 1081 5018 Quod
1138 4951 1271 5006 dicit
1304 4954 1410 5008 tale
1449 4965 1532 5010 est
1565 4973 1578 5008 ε
1613 4957 1747 5009 (lum
1787 4971 1982 5025 passus
2035 4967 2090 5012 et

2189 4971 2432 5025 τοιοῦτόν
2457 4974 2624 5036 ἐστιν,
2654 4972 2736 5025 ὅτι
2773 4973 3046 5035 Παθόντος
3074 4990 3175 5041 μου
3203 4975 3296 5027 καὶ
3322 4974 3594 5039 θανέντος,
3621 4973 3739 5045 μᾶλ-

505 5055 758 5102 tnortuus
786 5043 970 5110 fuero,
1001 5045 1174 5116 magis
1212 5047 1506 5115 angebitur
1542 5048 1875 5116 praedicatio.

1483 5063 1506 5101 r
1542 5048 1875 5116 praedicatio.
2190 5056 2280 5109 λον
2313 5056 2680 5129 αὐξηθήσεται
2705 5059 2766 5111 τὸ
2794 5061 3075 5130 κήρυγμα.

577 5135 742 5194 Vens.
780 5136 868 5192 25.
909 5136 1049 5203 Quid
1073 5148 1153 5194 est
1176 5156 1188 5191 :
1216 5139 1320 5204 Qui
1343 5150 1488 5194 amat
1507 5143 1742 5195 animam
1769 5141 2085 5209 auam?Qui

2265 5148 2328 5200 Ti
2361 5151 2530 5214 ἐστιν,
2582 5149 2644 5202 '0
2671 5148 2868 5220 φιλῶν
2909 5150 3021 5216 τὴν
3062 5151 3277 5220 ψυχὴν
3318 5153 3535 5217 αὐτοῦ;
3577 5155 3631 5207 Ὀ
3655 5153 3739 5213 τὰς

508 5231 792 5300 passiones
825 5245 956 5286 suas
1000 5228 1130 5285 facit
1150 5230 1472 5299 effrenatas,
1499 5234 1590 5302 qui
1619 5244 1794 5287 autem
1828 5236 1958 5299 odit,
1991 5237 2084 5305 qui

2188 5239 2485 5310 ἐπιθυμίας
2519 5240 2685 5294 αὐτοῦ
2731 5241 2902 5294 ποιῶν
2931 5242 3030 5302 τὰς
3059 5243 3294 5308 ἀτόπους
3318 5261 3330 5276 ·
3360 5249 3392 5299 ό
3413 5244 3736 5314 demoror-,6

505 5341 615 5380 non
652 5326 796 5380 cedit
829 5324 1024 5378 animae
1057 5324 1256 5379 volenti
1290 5327 1560 5381 nocentia.

2191 5332 2265 5401 μὴ
2301 5331 2466 5385 εἴκων
2489 5333 2627 5403 αὐτῇ
2660 5331 2958 5405 κελευούσῃ
2982 5334 3050 5387 τὰ
3085 5335 3410 5404 βλάπτοντα.

576 5416 749 5473 Vens.
782 5418 870 5472 26.
910 5416 1052 5483 Quid
1089 5426 1213 5471 est:
1255 5417 1359 5482 Qui
1398 5420 1530 5471 mihi
1565 5421 1858 5486 ministrat,
1895 5437 1975 5474 me
2006 5438 2087 5475 se-

2257 5424 2322 5476 Ti
2346 5427 2463 5478 ἐστι
2497 5425 2578 5488 τὸ,
2614 5425 2674 5478 '0
2689 5425 2819 5494 ἐμοὶ
2835 5426 3156 5491 διακονῶν,
3181 5429 3308 5497 ἐμοὶ
3330 5430 3732 5490 ἀκολουθείτω

503 5519 698 5580 quatur
718 5511 744 5564 Ρ
767 5507 873 5575 Qui
920 5508 1224 5563 doctrinam
1257 5518 1312 5564 et
1336 5509 1700 5566 obedientiam
1729 5528 1847 5582 pra:
1875 5528 1934 5567 se
1961 5513 2082 5576 fert,

2198 5515 2257 5568 '0
2272 5515 2368 5587 τὴν
2383 5516 2730 5570 διδασκαλίαν
2750 5517 2842 5570 καὶ
2861 5519 3140 5589 ὑποταγὴν
3153 5521 3576 5591 ἐνδεικνύμενος,
3595 5519 3729 5590 φησι,

507 5603 703 5671 inquit,
759 5609 991 5656 mortem
1056 5615 1275 5671 quoque
1329 5616 1505 5656 meam
1568 5603 1829 5659 imitetur.
1881 5603 2085 5661 Deinde

2186 5610 2279 5662 xui.
2309 5608 2401 5662 τὸν
2444 5609 2672 5662 Θάνατόν
2705 5627 2806 5680 μου
2841 5611 3146 5682 μιμείσοω’
3182 5607 3301 5665 εἶτα
3335 5614 3501 5676 τιθεὶς
3541 5613 3600 5666 τὸ
3644 5612 3730 5662 επ-

507 5691 788 5758 prmmium
819 5705 1164 5762 proponens:
1205 5690 1304 5746 Ubi
1340 5709 1452 5746 sum
1471 5709 1585 5762 ego,
1613 5694 1724 5746 illic
1763 5705 1810 5749 et
1844 5697 2083 5752 minister

2187 5701 2372 5765 αθλον,
2409 5703 2542 5755 Ἵνα
2573 5702 2725 5756 ὅπου
2747 5704 2865 5773 εἰμὶ
2890 5704 3024 5774 ἐγὼ,
3050 5708 3082 5759 ὀ
3113 5705 3388 5772 διάκονος
3415 5710 3448 5760 ό
3475 5707 3605 5776 ἐμὸς
3628 5701 3737 5757 ἐκεῖ

506 5796 648 5834 "lqu
676 5794 797 5836 erit.

784 5819 797 5836 .
2186 5798 2352 5848 ἔσται
2364 5836 2376 5849 .
