4032 6406
351 443 488 508 1265

1407 461 1730 524 SCIIOLIA
1769 465 2070 526 VE'l‘ERA
2105 467 2186 528 ΙΝ
2219 468 2596 532 JOANNEM.

3457 479 3594 544 1266

422 561 542 614 Ὅτι
573 563 604 631 ἡ
641 565 767 634 περὶ
794 565 884 619 τὸν
927 567 1152 624 θάνατον
1199 571 1390 640 δειλία,
1427 571 1540 629 οἷον
1580 593 1662 642 το,
1695 578 1898 647 Πάτερ,

2085 580 2252 636 Vens.
2285 581 2373 635 27.
2414 583 2571 638 Circa
2607 595 2832 642 mortem
2869 586 3050 654 timor,
3081 589 3241 658 quale
3277 599 3380 654 est,
3407 589 3588 658 Pater,

345 650 555 748 αῶσόν
571 673 648 724 με
672 657 742 711 ἐκ
769 658 879 726 τῆς
907 659 1059 728 ὥρας
1087 664 1330 731 ταύτης,
1364 667 1458 719 καὶ
1482 668 1580 720 ὅσα
1608 668 1789 738 ὅμοια,
1817 670 1898 740 τῆς

2015 672 2164 726 salva
2197 690 2276 727 me
2302 690 2368 728 ex
2385 674 2482 728 hac
2504 676 2657 740 liora,
2689 685 2742 732 et
2773 688 2976 748 quanta
3015 650 3216 734 similia
3244 650 3394 744 sunt,
3429 650 3590 738 iusti:

341 741 650 813 οἰκονομίας
675 747 844 815 ἐστὶν,
870 751 929 802 οὐ
960 750 1061 820 τῆς
1089 751 1360 823 θεότητος,
1393 757 1558 826 ἤγουν
1583 759 1680 828 τῆς
1702 757 1798 811 ἀνθ
1807 775 1912 830 ρω-

344 832 502 895 πείας
542 834 778 902 φύσεως.

409 921 533 984 Πῶς
562 925 782 994 νοητέον
811 927 892 988 τὸ,
924 923 1134 997 Πάτερ,
1161 929 1427 996 δόξασόν
1448 947 1566 989 σου
1594 935 1658 988 τὸ
1684 937 1910 1006 ὄνομα;

341 1010 512 1064 Τοῦτό
543 1013 714 1082 ἐστιν,
749 1018 954 1086 Ἀγαγε
1002 1021 1186 1074 λοιπὸν
1235 1023 1329 1077 ὲπὶ
1362 1024 1454 1076 τὸν
1493 1025 1724 1096 σταυρόν
1751 1045 1765 1058 ·
1815 1028 1911 1081 καὶ

339 1103 421 1157 ὅτι
449 1104 588 1176 ὑπὲρ
619 1105 876 1174 ἀληθείας
906 1111 1260 1182 ἀποθνήσκει,
1294 1115 1450 1180 δόξαν
1476 1117 1555 1180 είς
1577 1117 1668 1170 τὸν
1696 1118 1826 1171 Θεὸν
1851 1118 1911 1172 τὸ

343 1196 575 1264 πρᾶγμα
640 1198 843 1254 καλῶν.
898 1201 962 1253 Τί
1011 1202 1156 1271 λέγει
1203 1206 1475 1275 ήᾶνωθεν
1543 1208 1732 1278 φωνὴ,
1799 1207 1911 1262 Kal

338 1282 630 1350 ἐδόξασα,
663 1287 760 1340 καί
800 1290 985 1343 πάλιν
1010 1291 1286 1357 δοξάσως
1334 1295 1455 1349 Ὀτι
1499 1295 1756 1364 Ἐδὸξασα
1809 1299 1909 1369 μὲν

334 1373 395 1425 ἐν
423 1377 537 1438 τοῖς
570 1375 674 1446 πρὸ
707 1377 936 1431 τούτου·
971 1380 1181 1448 δοξάσω
1218 1385 1275 1436 δὲ
1307 1385 1400 1438 καὶ
1435 1388 1571 1456 μετὰ
1617 1387 1710 1439 τὸν
1745 1405 1908 1440 σταυ-

335 1463 449 1532 ρόν.

404 1555 502 1608 Διά
531 1557 585 1610 τί
606 1561 634 1611 ὁ
661 1558 816 1630 ὄχλος
862 1561 1101 1627 ἀκοῦσας
1125 1565 1222 1636 τῆς
1250 1566 1455 1636 φωνῆς,
1487 1569 1638 1637 ἔλεγε
1679 1570 1908 1641 βροντὴν

334 1648 656 1716 γεγονέναι;
696 1653 817 1704 Ὅτι
866 1653 1039 1725 τρανῆ
1068 1657 1161 1708 καὶ
1190 1655 1428 1728 εὔσημος
1471 1657 1559 1732 ἦν,
1608 1665 1700 1715 καὶ
1733 1663 1822 1717 διὰ
1847 1665 1908 1716 τὸ

330 1744 546 1809 ταχέως
575 1743 890 1813 ἀποπτῑψαι
919 1747 1182 1820 ἐνομίσθη
1212 1754 1324 1814 τοῖς
1353 1753 1682 1822 παχυτέροις
1707 1753 1904 1826 βροντὴ

330 1833 426 1884 τὶν
448 1828 578 1903 ἦχον
616 1835 915 1892 ἀκούσασιν
933 1855 948 1870 ο
977 1841 1026 1892 οἱ
1053 1841 1107 1892 δὲ
1134 1842 1397 1907 εἰπόντες,
1435 1845 1720 1913 Ἀγγελος
1745 1849 1905 1914 αὐτῷ

331 1924 700 1992 λελάληκεν,
733 1927 996 1999 ἔναρθρον
1028 1931 1127 2002 μὲν
1155 1932 1252 2004 τὴν
1285 1936 1469 2004 φωνὴν
1498 1936 1730 2007 ᾔδεσαν·
1771 1939 1902 1993 τίδὲ
1938 1916 1978 1968 Β

329 2013 426 2085 ἑσή
437 2031 647 2085 μαινεν,
676 2019 865 2073 οὐκέτι
895 2021 1111 2091 ¹ᾔδεσαν.

399 2197 524 2261 Πῶς
550 2203 769 2273 νοητέον
791 2203 872 2267 τὸ,
901 2205 1032 2260 Νῦν
1069 2211 1102 2260 ό
1143 2207 1342 2278 ἅρχων
1370 2211 1476 2266 τοῦ
1509 2215 1742 2283 κόσμου
1767 2219 1902 2270 τού·
1951 2263 1956 2266 .

323 2305 432 2341 του
467 2289 730 2355 κέκριται
747 2310 768 2358 ;
797 2294 975 2364 Δηλοῖ,
1012 2297 1092 2351 ὅτι
1133 2299 1284 2352 Ἐπεὶ
1305 2301 1363 2368 ἐξ
1390 2303 1562 2373 ἀρχῆς
1585 2305 1838 2376 ἠπατήθη
1872 2308 1900 2359 ὁ

325 2379 616 2451 ἄνθρωπος
643 2386 737 2436 καὶ
768 2385 1070 2452 ὑπεύθυνος
1095 2390 1312 2458 ἐγένετο
1337 2395 1431 2446 καὶ
1459 2395 1754 2462 ἀπέθανεν,
1781 2400 1902 2451 ἐπι-

327 2470 563 2543 δημήσει
589 2473 685 2528 καὶ
712 2477 770 2528 ὲν
803 2479 948 2547 ἐμοὶ,
1002 2483 1096 2534 καὶ
1125 2483 1186 2534 οὐ
1219 2484 1416 2552 πράξει
1461 2487 1563 2542 ὅσα
1613 2487 1860 2558 βούλεται
1881 2529 1896 2556 ,

323 2566 421 2616 καὶ
450 2565 538 2618 διὰ
558 2567 715 2620 τοῦτο
739 2569 1158 2642 ὲκδικηθήσεται
1184 2577 1211 2628 ὁ
1239 2577 1442 2647 κόσμος
1465 2595 1479 2608 ⁶
1515 2579 1663 2634 ἄλλοι
1683 2581 1740 2634 δὲ
1770 2583 1898 2653 περὶ

324 2656 563 2711 Πιλάτου
595 2659 755 2714 τοῦτο
787 2663 1024 2719 νοοῦσιν.

394 2749 460 2802 Τί
483 2754 597 2804 ἐστι
630 2752 710 2818 τὺ,
745 2753 868 2806 "Ot’
898 2753 976 2808 ἂν
1023 2757 1240 2827 ὑψωθῶ
1270 2759 1338 2814 ἐκ
1368 2759 1480 2830 τῆς
1509 2761 1643 2830 γῆς,
1665 2763 1898 2831 πάντας

317 2839 564 2894 ἑλκύσω
593 2844 744 2910 πρὸς
791 2845 1086 2915 ὲμαυτόν;
1136 2851 1272 2920 Περὶ
1305 2851 1396 2904 τοῦ
1429 2855 1664 2922 σταυροῦ
1711 2855 1896 2925 λέγει·

321 2933 387 2985 τὸ
437 2935 534 2999 δὲ,
611 2937 864 3004 πάντας,
929 2940 1017 2993 διὰ
1072 2941 1140 2994 τὰ
1197 2941 1322 3013 ἔθνη
1384 2945 1726 3015 πρόσκειται.
1783 2950 1896 3005 Καὶ

319 3023 526 3093 ἄλλως
567 3045 582 3059 ·
645 3030 760 3084 Οὐκ
795 3073 802 3078 .
837 3028 990 3085 εἶπεν
1015 3073 1030 3097 ,
1083 3033 1313 3088 Καλέσω
1342 3075 1357 3102 ,
1411 3037 1562 3104 ἀλλ’,
1624 3039 1898 3096 Ἐλκύσω

319 3118 466 3184 τοὺς
509 3119 774 3188 πάντας·
801 3123 863 3176 τὸ
892 3124 1065 3194 βίαιον
1112 3127 1325 3192 δεικνὺς
1367 3127 1460 3182 τοῦ
1499 3130 1892 3202 -ειιηρύγματος⁹

317 3211 384 3264 τὺ
413 3212 526 3266 τῶν
585 3213 931 3284 Εὖαγγελίων
968 3218 1260 3288 δραστικὸν
1305 3219 1652 3287 ὑποφαίνων,
1695 3223 1756 3275 τὸ
1798 3225 1896 3294 τῆς

319 3303 545 3374 χάριτος
579 3304 754 3376 δηλῶν
794 3308 1186 3377 ἀνεμπόδιστον
1208 3325 1221 3340 '
1255 3309 1338 3362 ὅτι
1378 3311 1586 3374 πάντας
1629 3313 1896 3384 προσάγει

316 3402 390 3469 τῇ
413 3399 617 3464 πίστει,
654 3399 734 3453 ὅτι
775 3399 982 3463 πάντας
1005 3399 1314 3469 εὐεργετεῖν
1350 3402 1682 3470 μηχανᾶται.

391 3492 458 3544 Τί
489 3495 604 3545 ἐστι
627 3493 708 3558 τὸ,
737 3493 867 3546 Ἵνα
895 3493 1010 3546 υἱοί
1036 3492 1232 3562 φωτὸς
1253 3493 1545 3562 γένησθε;
1576 3494 1892 3548 Τουτέστιν·

331 3583 508 3652 Ἐμοί.

391 3675 512 3738 Πῶς
535 3673 752 3746 ωητὲον
780 3673 858 3737 τδ,
892 3675 1024 3728 Ἵνα
1047 3675 1332 3744 πληρωθῇ
1361 3680 1393 3730 ό
1417 3678 1598 3746 λόγος
1626 3678 1700 3732 ὃν
1726 3675 1886 3734 εἶπεν

332 3768 602 3834 Ἦσαΐας;
625 3765 794 3820 Τοῦτο
825 3766 907 3830 τὸ,
938 3767 1058 3832 ἵνα,
1085 3768 1186 3822 οὐκ
1213 3769 1545 3839 αἰτιολογίας
1575 3771 1746 3838 ἐστὶν,
1775 3773 1891 3826 ἀλλ’

307 3860 623 3923 ἐκϐάσεως.

391 3953 513 4015 Πῶς
534 3953 753 4022 νοητέον
767 3953 846 4018 τὸ,
875 3953 1264 4022 Τετύφλωκεν
1281 3952 1480 4008 αὐτῶν
1507 3953 1652 4020 τοὺς
1671 3955 1892 4024 ὀφθαλ-

307 4045 466 4116 μοὺς
495 4045 592 4100 καὶ
620 4045 978 4114 πεπώρωκεν
1008 4045 1210 4099 αὐτῶν
1230 4046 1348 4115 τὴν
1375 4047 1628 4116 καρδίαν
1643 4065 1663 4112 ;
1701 4048 1890 4102 Τοιοῦ-

309 4154 407 4190 τον
439 4137 552 4201 καὶ,
604 4137 954 4205 Παρέδωκεν
999 4137 1224 4204 αὐτοὺς
1260 4141 1346 4204 είς
1378 4138 1664 4208 ἀδόκιμον
1700 4139 1888 4206 νοῦν,

308 4225 473 4281 τοῦτό
502 4231 638 4290 ἐστι,
659 4229 1058 4299 συνεχώρησεν,
1083 4229 1315 4299 ἀφῆκεν.
1337 4230 1411 4283 Οὐ
1431 4229 1538 4301 γὰρ
1560 4229 1888 4300 ἐνεργοῦντα

310 4320 481 4374 αὐτὸν
513 4321 686 4374 ταῦτα
716 4321 884 4389 λέγει,
917 4321 1034 4374 ἀλλ’
1059 4323 1124 4374 ὲκ
1155 4321 1254 4391 τῆς
1279 4321 1679 4392 αὑτοπονηρίας
1712 4321 1887 4377 ταῦτα

308 4415 576 4483 γινόμενα
627 4413 918 4467 δείκνυσιν.
955 4412 1142 4476 Οὕτως
1181 4414 1276 4467 καὶ
1306 4413 1336 4466 ὁ
1364 4413 1514 4484 ἥλιος
1565 4413 1674 4466 τῶν
1722 4413 1885 4467 ἀσθε-

309 4507 548 4560 νούντων
576 4505 804 4578 πλήττει
845 4505 942 4570 τὰς
969 4505 1146 4576 ὕψεις,
1178 4507 1240 4558 οὐ
1293 4507 1444 4577 παρὰ
1469 4506 1568 4576 τὴν
1600 4506 1886 4562 ἀσθένειαν

305 4597 419 4652 τῶν
448 4598 748 4668 ὑποδεχομέ
757 4614 882 4652 νων.

385 4693 506 4746 Ὅτι
533 4691 634 4744 οὐκ
669 4686 842 4756 εἶπεν,
891 4691 949 4744 '0
997 4689 1270 4745 πιστεύων
1309 4691 1452 4762 ἐμοὶ,
1483 4691 1624 4754 ἀλλ’,
1669 4691 1732 4744 '0
1785 4707 1880 4744 πι-

305 4786 543 4839 στεύων
567 4787 654 4850 είς
673 4784 778 4852 ἐμέ
797 4803 808 4816 ·
841 4787 902 4838 τὸ
919 4784 1343 4857 ἀπαράλλακτον
1364 4784 1500 4855 πρὸς
1515 4782 1616 4857 τὴν
1644 4784 1739 4838 τοῦ
1767 4785 1884 4838 Πα-

305 4875 437 4945 τρὸς
466 4875 655 4928 οὐσίαν
685 4875 896 4939 δεικνύς
919 4893 933 4908 ο
983 4877 1168 4945 ὅμοιον
1197 4875 1255 4928 δὲ
1282 4875 1376 4930 καὶ
1413 4875 1494 4941 τὸ,
1526 4875 1618 4932 ,⁸0
1650 4873 1885 4943 θεωρῶν

307 4969 434 5039 ἐμὲ,
460 4969 662 5035 θεωρεῖ
683 4968 790 5022 τὸν
817 4968 1138 5038 πέμψαντά
1153 4987 1248 5039 με.

347 5107 354 5114 .
385 5056 509 5120 Πῶς
539 5059 753 5127 νοητέον
781 5057 861 5123 τὸ,
903 5058 963 5110 '0
999 5057 1227 5113 ἀθετῶν
1274 5059 1399 5130 ἐμὲ,
1438 5059 1562 5128 ἔχει
1606 5057 1714 5112 τὸν
1763 5059 1886 5126 κρί-

309 5165 498 5203 νοντα
542 5149 770 5214 αὐτόν;
802 5148 938 5201 Τίνα
985 5149 1097 5219 ἔχει
1146 5149 1238 5201 τδν
1286 5149 1581 5220 κρίνοντα;
1617 5147 1680 5199 Εἰ
1713 5147 1821 5216 γὰρ
1858 5149 1884 5200 ὁ

313 5239 503 5311 Πατὴρ
533 5239 725 5293 οὐδένα
755 5237 952 5310 κρίνει,
976 5239 1070 5293 καὶ
1093 5239 1157 5292 σὺ
1181 5237 1382 5308 λέγεις,
1410 5242 1530 5294 Οὐκ
1554 5233 1745 5308 ἦλθον
1765 5237 1886 5306 κρῖ-

308 5348 408 5385 ναι
441 5333 550 5386 τὸν
586 5333 842 5402 κόσμον,
870 5333 954 5396 τίς
993 5333 1171 5402 κρίνει
1196 5333 1324 5395 τοὺς
1356 5329 1430 5402 μὴ
1479 5329 1880 5398 πιστεύοντα;;

321 5421 380 5476 'U
407 5423 587 5488 λόγος,
621 5425 808 5494 φησὶν,
842 5423 901 5477 ὃν
929 5423 1223 5494 λελάληκα,
1253 5425 1460 5486 ἐκεῖνος
1483 5423 1660 5494 κρινεί
1680 5422 1844 5476 αὐτόν
1864 5436 1880 5451 ·

315 5517 434 5570 ἀντὶ
460 5515 577 5584 τοῦ,
617 5519 673 5570 ἐν
704 5517 854 5581 τάξει
895 5516 1200 5590 κατηγόρου
1233 5515 1514 5588 στήσεται.

381 5705 508 5757 ’Ὁτι
537 5703 919 5767 ταπεινώσεως
962 5701 1174 5767 τελείας
1205 5701 1297 5756 καὶ
1325 5703 1424 5772 τῆς
1463 5699 1884 5772 ἀνθρωπότητος

312 5794 533 5860 ἔνδειξις
566 5793 627 5848 τὸ
653 5795 831 5864 λέγειν
867 5795 1046 5860 αὐτὸν,
1069 5795 1150 5850 ὅτι
1185 5796 1255 5849 'U
1291 5795 1492 5864 Πατὴρ
1517 5793 1752 5860 ἐκεῖνός
1773 5810 1880 5864 μοι

311 5885 568 5951 ἐντολὴν
603 5885 786 5941 ἔδωκε
814 5885 872 5941 τί
893 5887 1040 5944 εἴπω
1069 5887 1167 5942 καί
1195 5887 1252 5943 τί
1272 5887 1544 5956 λαλήσω.

1919 4609 1966 4668 D

2016 763 2120 818 tuti
2152 775 2281 819 sunt
2304 781 2410 820 non
2445 765 2770 837 divinitatis,
2805 769 3060 826 humanae
3097 781 3224 840 puta
3251 783 3482 828 naturae.

2083 947 2249 1002 Vens.
2278 947 2370 1004 98.
2399 949 2686 1016 Quomodo
2715 951 3123 1024 intelligendum
3143 998 3157 1020 ,
3197 951 3384 1019 Pater,
3418 956 3589 1025 glori-

2010 1040 2112 1108 [ica
2146 1057 2328 1094 nomen
2353 1051 2498 1094 tuum
2516 1043 2541 1094 Ρ
2569 1041 2626 1098 Id
2651 1043 2876 1108 est,Duc
2897 1059 2982 1098 me
3013 1046 3227 1100 tandem
3248 1047 3313 1099 ad
3335 1062 3586 1114 crucem;

2010 1143 2064 1186 et
2091 1134 2218 1201 quia
2255 1149 2353 1202 pro
2384 1134 2609 1188 veritate
2651 1135 2904 1202 moritur,
2935 1151 3052 1191 rem
3082 1147 3238 1192 vocat
3269 1137 3497 1206 gloriam
3530 1138 3586 1191 in

2009 1219 2202 1274 Deum.
2237 1220 2376 1286 Quid
2425 1223 2559 1277 dicit
2599 1238 2698 1278 vox
2741 1239 2805 1278 ex
2851 1225 3012 1278 alto:
3068 1224 3136 1280 Et
3195 1225 3486 1296 gloriﬁcavi
3535 1236 3584 1280 et

2010 1313 2198 1366 iterant
2227 1312 2576 1381 gloriﬁcabo?
2627 1313 2933 1370 Gloriﬁcavi
2984 1317 3206 1387 quidem
3249 1317 3304 1371 in
3338 1319 3426 1372 his
3461 1334 3586 1388 qua:

2011 1410 2442 1470 praecesserunt;
2474 1404 2791 1472 gloriﬁcabo
2814 1415 2995 1460 autem
3037 1417 3159 1476 post
3191 1419 3436 1464 crucem.

2081 1583 2243 1639 Vens.
2275 1583 2366 1638 27.
2397 1585 2509 1640 Cur
2538 1587 2696 1642 turba
2727 1587 2952 1642 audiens
2984 1602 3171 1644 vocem
3197 1589 3409 1644 dicebat
3443 1590 3582 1644 toni-

2009 1682 2188 1729 truum
2223 1689 2346 1730 esse
2392 1675 2635 1731 factum?
2680 1675 2819 1743 Quia
2848 1678 3028 1733 valida
3074 1687 3128 1734 et
3176 1679 3323 1734 clara
3353 1687 3490 1744 erat,
3531 1691 3584 1735 et

2007 1765 2152 1834 quod
2184 1765 2434 1821 celeriter
2466 1767 2648 1830 desiit,
2690 1777 3024 1838 putaverunt
3071 1769 3383 1826 stolidiores
3435 1771 3582 1826 toni-

2007 1856 2116 1910 trui
2181 1855 2451 1926 fragorem
2509 1858 2805 1914 audivisse.
2863 1857 2968 1913 Alii
3028 1869 3211 1915 autem
3273 1860 3581 1915 dicebant:

2003 1945 2234 2014 Angelus
2273 1947 2321 2000 ei
2363 1945 2571 2000 locutus
2612 1955 2710 2003 est.
2743 1948 3101 2003 Articulatam
3137 1949 3356 2019 quidem
3393 1963 3581 2003 vocem

2004 2037 2282 2105 sciebant;
2341 2038 2472 2107 quid
2519 2053 2649 2093 vero
2682 2039 3123 2110 signiﬁcaverat,
3175 2039 3406 2095 minime
3439 2039 3582 2096 scie-

2003 2127 2153 2184 bant.

2081 2219 2245 2277 Vens.
2275 2221 2364 2276 5i.
2393 2219 2680 2288 Quomodo
2717 2222 3132 2294 intelligendum
3179 2240 3194 2278 :
3243 2222 3581 2294 Nu-neprin-

2001 2325 2117 2378 cep:
2145 2312 2328 2364 mundi
2356 2311 2512 2381 hujus
2519 2312 2796 2382 judicatus
2822 2314 2944 2368 est?
2973 2313 3226 2370 Ostendit
3249 2315 3379 2385 quia
3401 2355 3418 2380 ,
3452 2328 3576 2368 cum

2001 2401 2071 2456 ab
2107 2402 2264 2456 initio
2285 2401 2452 2458 homo
2482 2403 2744 2474 deceptus
2769 2414 2871 2468 est,
2913 2413 2968 2460 et
3005 2421 3132 2461 reus
3169 2405 3347 2461 factus
3382 2414 3486 2467 est,
3523 2410 3581 2457 ct

2002 2501 2251 2548 mortuus
2281 2503 2385 2560 est,
2415 2493 2484 2549 ad
2531 2509 2620 2550 me
2665 2498 2827 2551 etiam
2880 2497 3126 2562 accedet,
3169 2504 3226 2552 et
3259 2513 3366 2551 non
3415 2495 3582 2552 faciet

2001 2595 2202 2654 quanta
2235 2586 2368 2651 vult,
2415 2594 2470 2641 et
2523 2596 2744 2657 propter
2792 2588 2896 2643 hoc
2932 2589 3272 2657 iudicabitur
3309 2589 3570 2644 mundus.

2003 2677 2107 2729 Alii
2137 2685 2322 2730 autem
2356 2678 2424 2730 de
2449 2675 2626 2732 Pilato
2657 2679 2760 2732 hoc
2796 2678 3124 2748 intelligunt.

2076 2767 2238 2824 Vens.
2269 2768 2358 2824 59.
2393 2769 2690 2836 Quid-est:
2719 2769 2850 2824 Cum
2883 2771 3150 2824 excitatus
3171 2771 3318 2842 fuero
3351 2787 3383 2824 a
3411 2777 3578 2834 terra,

2001 2875 2178 2913 omnes
2207 2861 2414 2913 traham
2445 2859 2514 2914 ad
2549 2861 2844 2931 meipsttm?
2875 2859 2952 2917 De
2983 2877 3148 2917 cruce
3181 2863 3313 2917 dicit
3339 2877 3356 2928 ;
3404 2876 3580 2916 omnes

2003 2959 2184 3003 autem
2219 2959 2441 3020 propter
2479 2961 2668 3020 gentes
2691 2951 2910 3008 dicitur.
2947 2951 3010 3005 Et
3053 2951 3228 3006 aliter.
3273 2951 3390 3006 Non
3420 2951 3578 3014 dixit,

2003 3038 2243 3107 Vocabo,
2277 3042 2393 3104 sed,
2429 3041 2662 3096 Traham
2695 3059 2876 3097 omnes
2897 3057 2918 3096 :
2969 3043 3138 3098 robur
3163 3043 3414 3098 indicans
3436 3055 3576 3112 prm-

2001 3128 2317 3198 dicationis,
2359 3131 2783 3202 Evangeliorum
2829 3132 3126 3188 efﬁcaciam
3159 3132 3476 3196 ostendens,
3525 3139 3580 3184 et

2001 3221 2188 3290 gratiae
2219 3221 2326 3275 vim
2365 3222 2648 3287 invictam,
2669 3222 2798 3292 quia
2831 3236 3022 3276 omnes
3051 3221 3204 3276 ducit
3229 3221 3296 3274 ad
3315 3221 3495 3285 ﬁdem,
3523 3228 3580 3272 et

2001 3326 2191 3367 omnes
2216 3312 2283 3367 ad
2316 3314 2522 3368 bonum
2557 3311 2872 3368 faciendum
2911 3311 3152 3370 instruit.

2071 3495 2349 3553 “235.56.
2380 3496 2519 3564 Quid
2572 3507 2675 3562 est,
2733 3496 2802 3551 Ut
2859 3497 2958 3566 ﬁ!ii
2991 3497 3124 3550 lucis
3179 3496 3335 3552 sitis?
3365 3497 3420 3552 ld
3455 3505 3540 3554 cst
3563 3539 3576 3563 ,

1999 3591 2152 3646 Mihi.

2071 3685 2236 3740 Vens.
2287 3687 2376 3742 58.
2441 3685 2730 3752 Quomodo
2791 3684 3242 3756 intelligendum,
3291 3685 3358 3740 Ut
3407 3702 3578 3740 sermo

1996 3774 2537 3848 Isaiazjmpleretur?
2583 3776 2652 3832 Ut
2695 3777 2914 3847 signum
2966 3785 3191 3833 estnon
3253 3793 3430 3832 causae
3485 3779 3578 3832 sed

1995 3876 2250 3925 eventus.

2067 3955 2234 4012 Vens.
2287 3957 2380 4012 40.
2427 3957 2716 4024 Quomodo
2763 3957 3172 4027 intelligendum
3222 3973 3236 4011 :
3281 3957 3580 4012 Exca'cavit

1993 4047 2166 4102 oculos
2202 4063 2382 4102 eorum
2432 4059 2482 4102 et
2538 4049 2810 4102 indurauit
2863 4065 2956 4103 cor
3011 4051 3230 4104 eorum?
3283 4047 3430 4102 idem
3470 4059 3576 4114 est,

1992 4153 2076 4204 ac,
2127 4138 2372 4194 Tradidit
2419 4139 2542 4194 illa:
2592 4141 2648 4193 in
2690 4141 2936 4209 spiritum
2973 4139 3348 4208 reprobatum,
3384 4141 3434 4196 id
3470 4149 3574 4206 est,

1991 4229 2261 4286 sustinere
2319 4231 2500 4286 desiit.
2538 4229 2656 4286 Non
2691 4233 2838 4285 enim
2887 4239 3208 4301 operantem
3251 4231 3404 4284 illum
3463 4233 3578 4287 lucc

1989 4321 2144 4386 dicit,
2187 4323 2283 4376 sed
2319 4321 2436 4377 hinc
2483 4322 2760 4392 propriam
2798 4337 2896 4392 per
2931 4323 3198 4376 malitiam
3227 4337 3419 4376 eorum
3451 4339 3578 4378 cve-

1990 4413 2106 4468 nire
2135 4413 2396 4469 ostendit.
2423 4413 2500 4468 Ita
2533 4414 2612 4469 sol
2645 4411 2906 4470 debilium
2947 4415 3118 4468 visum
3147 4413 3311 4480 laedit,
3341 4430 3450 4469 non
3481 4431 3577 4486 per

1988 4504 2324 4562 debilitatem
2351 4507 2765 4563 sustinentium.

2061 4685 2222 4744 Vens.
2260 4687 2350 4744 44.
2385 4686 2502 4742 Non
2537 4688 2676 4745 dixit
2710 4707 2724 4742 :
2773 4687 2876 4756 Qui
2909 4690 3080 4746 credit
3125 4691 3284 4756 mihi,
3313 4691 3435 4758 sed,
3470 4691 3576 4758 Qui

1985 4780 2148 4836 credit
2197 4782 2252 4836 in
2295 4799 2411 4846 me;
2443 4782 2856 4840 similitudinem
2895 4799 3022 4841 cum
3055 4781 3238 4840 Patris
3269 4786 3574 4842 substantia

1985 4875 2325 4930 ostendens:
2383 4876 2525 4930 idem
2557 4886 2643 4932 est
2703 4884 2926 4945 autem,
2963 4875 3069 4944 Qui
3105 4878 3242 4934 uidet
3293 4895 3394 4945 me,
3436 4880 3576 4933 videt

1985 4985 2104 5024 eum
2131 4971 2220 5038 qui
2245 4971 2393 5024 misit
2419 4987 2523 5024 me.

2062 5055 2226 5112 Vens.
2273 5057 2363 5112 48.
2419 5057 2707 5123 Quomodo
2745 5058 3182 5127 intelligendum,
3218 5061 3324 5125 Qui
3371 5062 3568 5129 spernit

1987 5163 2088 5210 me,
2122 5147 2276 5201 habet
2301 5147 2394 5216 qui
2425 5146 2632 5216 judicet
2681 5149 2844 5202 eum?
2891 5149 3062 5216 Quem
3107 5150 3270 5203 habet
3295 5137 3572 5218 judicent?

1988 5239 2044 5294 Si
2074 5241 2220 5295 enim
2243 5239 2406 5295 Pater
2433 5255 2541 5294 non
2575 5239 2787 5309 iudicat
2816 5255 3172 5311 quemquam,
3214 5249 3268 5293 et
3293 5251 3348 5294 tu
3383 5239 3522 5296 dicis
3551 5259 3568 5297 :

1989 5327 2112 5384 Non
2153 5329 2266 5384 ueni
2296 5339 2351 5382 ut
2375 5329 2614 5400 judicent
2641 5329 2916 5396 mundum,
2949 5329 3073 5399 quis
3106 5329 3322 5398 iudicat.
3345 5329 3443 5385 hos
3472 5329 3570 5399 qui

1987 5437 2096 5476 non
2129 5423 2403 5477 credunt?
2449 5421 2664 5488 Sermo,
2698 5422 2896 5492 inquit,
2945 5436 3108 5492 quem
3159 5421 3377 5476 locutus
3420 5405 3568 5484 sum,

1989 5515 2078 5570 ille
2117 5515 2385 5585 judicabit
2455 5530 2605 5578 eum,
2663 5513 2716 5568 id
2763 5523 2847 5569 est
2889 5513 2970 5568 in"
3003 5529 3219 5569 reorum
3277 5527 3578 5574 numerum-

1988 5616 2212 5663 statuet.

2059 5697 2228 5752 Vens.
2260 5695 2350 5752 49.
2378 5695 2634 5751 Perfecta:
2662 5695 2990 5751 humilitatis
3017 5705 3070 5750 et
3099 5695 3452 5758 humanitatis
3476 5695 3564 5750 in-

1989 5790 2188 5846 dicium
2217 5788 2465 5858 estquod
2494 5787 2626 5844 dicit
2664 5805 2678 5840 :
2715 5785 2879 5840 Pater
2913 5789 3028 5866 ipse
3070 5787 3200 5842 mihi
3253 5787 3562 5844 tuumtuum

1992 5883 2131 5938 dedit
2165 5881 2290 5952 quid
2321 5883 2495 5936 dicant
2525 5891 2571 5937 et
2595 5881 2722 5952 quid
2753 5880 2960 5949 loquar.
