  <div class='ocr_page' id='page_1' title='image "/cluster/home/n/w/nwhite01/storage/ocr_20150623/106/coo.31924054870104/648.png"; bbox 0 0 4032 6416; ppageno 0'>
   <div class='ocr_carea' id='block_1_1' title="bbox 238 399 372 464">
    <p class='ocr_par' dir='ltr' id='par_1_1' title="bbox 238 399 372 464">
     <span class='ocr_line' id='line_1_1' title="bbox 238 399 372 464; baseline 0.007 -1"><span class='ocrx_word' id='word_1_1' title='bbox 238 399 372 464; x_wconf 78' lang='lat'><strong>1269</strong></span> 
     </span>
    </p>
   </div>
   <div class='ocr_carea' id='block_1_2' title="bbox 233 610 1812 691">
    <p class='ocr_par' dir='ltr' id='par_1_2' title="bbox 233 610 1812 691">
     <span class='ocr_line' id='line_1_2' title="bbox 233 610 1812 691; baseline 0.008 -27"><span class='ocrx_word' id='word_1_2' title='bbox 233 610 441 674; x_wconf 74' lang='grc' dir='ltr'>ποιεῖς.</span> <span class='ocrx_word' id='word_1_3' title='bbox 485 612 695 682; x_wconf 78' lang='grc' dir='ltr'><strong>τάχιον</strong></span> <span class='ocrx_word' id='word_1_4' title='bbox 729 618 1035 684; x_wconf 79' lang='grc' dir='ltr'>ποίησον;</span> <span class='ocrx_word' id='word_1_5' title='bbox 1071 619 1144 671; x_wconf 78' lang='grc' dir='ltr'><strong>Οὐ</strong></span> <span class='ocrx_word' id='word_1_6' title='bbox 1194 622 1633 691; x_wconf 80' lang='grc' dir='ltr'>προστάσσοντὸς</span> <span class='ocrx_word' id='word_1_7' title='bbox 1696 627 1812 677; x_wconf 83' lang='grc' dir='ltr'>ἐστι</span> 
     </span>
    </p>
   </div>
   <div class='ocr_carea' id='block_1_3' title="bbox 229 703 1561 784">
    <p class='ocr_par' dir='ltr' id='par_1_3' title="bbox 229 703 1561 784">
     <span class='ocr_line' id='line_1_3' title="bbox 229 703 1561 784; baseline 0.009 -29"><span class='ocrx_word' id='word_1_8' title='bbox 229 703 408 764; x_wconf 78' lang='grc' dir='ltr'>τοῦτο,</span> <span class='ocrx_word' id='word_1_9' title='bbox 435 704 572 758; x_wconf 77' lang='grc' dir='ltr'>ἀλλὰ</span> <span class='ocrx_word' id='word_1_10' title='bbox 597 706 949 773; x_wconf 75' lang='grc' dir='ltr'><strong>ὀνειδίζοντος</strong></span> <span class='ocrx_word' id='word_1_11' title='bbox 986 712 1079 764; x_wconf 70' lang='grc' dir='ltr'><strong>καὶ</strong></span> <span class='ocrx_word' id='word_1_12' title='bbox 1105 713 1561 784; x_wconf 85' lang='grc' dir='ltr'>εἰρωνευομένου.</span> 
     </span>
    </p>
   </div>
   <div class='ocr_carea' id='block_1_4' title="bbox 294 793 1816 878">
    <p class='ocr_par' dir='ltr' id='par_1_4' title="bbox 294 793 1816 878">
     <span class='ocr_line' id='line_1_4' title="bbox 294 793 1816 878; baseline 0.009 -33"><span class='ocrx_word' id='word_1_13' title='bbox 294 793 417 857; x_wconf 79' lang='grc' dir='ltr'>Πῶς</span> <span class='ocrx_word' id='word_1_14' title='bbox 444 797 606 860; x_wconf 71' lang='grc' dir='ltr'>αὐτὸς</span> <span class='ocrx_word' id='word_1_15' title='bbox 659 799 921 862; x_wconf 78' lang='grc' dir='ltr'>κελεύων,</span> <span class='ocrx_word' id='word_1_16' title='bbox 974 803 1047 872; x_wconf 83' lang='grc' dir='ltr'>μὴ</span> <span class='ocrx_word' id='word_1_17' title='bbox 1116 805 1319 877; x_wconf 81' lang='grc' dir='ltr'>πήραν,</span> <span class='ocrx_word' id='word_1_18' title='bbox 1357 805 1430 877; x_wconf 84' lang='grc' dir='ltr'><strong>μὴ</strong></span> <span class='ocrx_word' id='word_1_19' title='bbox 1480 808 1701 876; x_wconf 84' lang='grc' dir='ltr'>χαλκὸν,</span> <span class='ocrx_word' id='word_1_20' title='bbox 1737 808 1816 878; x_wconf 79' lang='grc' dir='ltr'><strong>μὴ</strong></span> 
     </span>
    </p>
   </div>
   <div class='ocr_carea' id='block_1_5' title="bbox 232 885 1814 968">
    <p class='ocr_par' dir='ltr' id='par_1_5' title="bbox 232 885 1814 968">
     <span class='ocr_line' id='line_1_5' title="bbox 232 885 1814 968; baseline 0.009 -31"><span class='ocrx_word' id='word_1_21' title='bbox 232 885 427 954; x_wconf 74' lang='grc' dir='ltr'>ρἁδον</span> <span class='ocrx_word' id='word_1_22' title='bbox 472 889 854 960; x_wconf 72' lang='grc' dir='ltr'>ἐπιφέρεσθαι,</span> <span class='ocrx_word' id='word_1_23' title='bbox 892 894 1280 966; x_wconf 77' lang='grc' dir='ltr'>γλωσσόκομον</span> <span class='ocrx_word' id='word_1_24' title='bbox 1325 899 1626 968; x_wconf 74' lang='grc' dir='ltr'>ἐπεφέρετο</span> <span class='ocrx_word' id='word_1_25' title='bbox 1652 917 1666 963; x_wconf 87' lang='grc'>;</span> <span class='ocrx_word' id='word_1_26' title='bbox 1697 901 1814 952; x_wconf 82' lang='grc' dir='ltr'>Ἵνα</span> 
     </span>
    </p>
   </div>
   <div class='ocr_carea' id='block_1_6' title="bbox 234 977 1813 1060">
    <p class='ocr_par' dir='ltr' id='par_1_6' title="bbox 234 977 1813 1060">
     <span class='ocr_line' id='line_1_6' title="bbox 234 977 1813 1060; baseline 0.008 -30"><span class='ocrx_word' id='word_1_27' title='bbox 234 977 496 1047; x_wconf 67' lang='grc' dir='ltr'>μάθωμεν</span> <span class='ocrx_word' id='word_1_28' title='bbox 530 981 611 1033; x_wconf 82' lang='grc' dir='ltr'><strong>ὅτι</strong></span> <span class='ocrx_word' id='word_1_29' title='bbox 643 984 736 1035; x_wconf 73' lang='grc' dir='ltr'>καὶ</span> <span class='ocrx_word' id='word_1_30' title='bbox 770 984 860 1036; x_wconf 74' lang='grc' dir='ltr'>τὸν</span> <span class='ocrx_word' id='word_1_31' title='bbox 908 986 1114 1054; x_wconf 78' lang='grc' dir='ltr'>σφόδρα</span> <span class='ocrx_word' id='word_1_32' title='bbox 1146 989 1455 1058; x_wconf 77' lang='grc' dir='ltr'>ἁκτήμονα,</span> <span class='ocrx_word' id='word_1_33' title='bbox 1495 989 1700 1060; x_wconf 80' lang='grc' dir='ltr'>πολλὴν</span> <span class='ocrx_word' id='word_1_34' title='bbox 1731 991 1813 1044; x_wconf 85' lang='grc' dir='ltr'><strong>δεῖ</strong></span> 
     </span>
    </p>
   </div>
   <div class='ocr_carea' id='block_1_7' title="bbox 233 1068 1256 1144">
    <p class='ocr_par' dir='ltr' id='par_1_7' title="bbox 233 1068 1256 1144">
     <span class='ocr_line' id='line_1_7' title="bbox 233 1068 1256 1144; baseline 0.013 -26"><span class='ocrx_word' id='word_1_35' title='bbox 233 1068 489 1138; x_wconf 83' lang='grc' dir='ltr'>πρόνοιαν</span> <span class='ocrx_word' id='word_1_36' title='bbox 530 1072 637 1125; x_wconf 83' lang='grc' dir='ltr'>τῶν</span> <span class='ocrx_word' id='word_1_37' title='bbox 670 1076 921 1144; x_wconf 84' lang='grc' dir='ltr'>πενήτων</span> <span class='ocrx_word' id='word_1_38' title='bbox 954 1078 1256 1131; x_wconf 85' lang='grc' dir='ltr'>ποιεῖσθαι.</span> 
     </span>
    </p>
   </div>
   <div class='ocr_carea' id='block_1_8' title="bbox 301 1163 1812 1242">
    <p class='ocr_par' dir='ltr' id='par_1_8' title="bbox 301 1163 1812 1242">
     <span class='ocr_line' id='line_1_8' title="bbox 301 1163 1812 1242; baseline 0.009 -29"><span class='ocrx_word' id='word_1_39' title='bbox 301 1163 398 1216; x_wconf 76' lang='grc' dir='ltr'><strong>Διὰ</strong></span> <span class='ocrx_word' id='word_1_40' title='bbox 431 1163 486 1215; x_wconf 86' lang='grc' dir='ltr'><strong>τί</strong></span> <span class='ocrx_word' id='word_1_41' title='bbox 519 1165 607 1216; x_wconf 85' lang='grc' dir='ltr'><strong>τὸν</strong></span> <span class='ocrx_word' id='word_1_42' title='bbox 639 1168 829 1235; x_wconf 76' lang='grc' dir='ltr'>καιρὸν</span> <span class='ocrx_word' id='word_1_43' title='bbox 853 1168 880 1219; x_wconf 80' lang='lat'><strong>6</strong></span> <span class='ocrx_word' id='word_1_44' title='bbox 907 1169 1298 1241; x_wconf 76' lang='grc' dir='ltr'>εὖαγγελιστὴς</span> <span class='ocrx_word' id='word_1_45' title='bbox 1339 1172 1489 1242; x_wconf 88' lang='grc' dir='ltr'>λέγει</span> <span class='ocrx_word' id='word_1_46' title='bbox 1523 1190 1536 1204; x_wconf 77' lang='grc' dir='ltr'><strong><em>ο</em></strong></span> <span class='ocrx_word' id='word_1_47' title='bbox 1599 1167 1718 1225; x_wconf 77' lang='grc' dir='ltr'><em>Ἦν</em></span> <span class='ocrx_word' id='word_1_48' title='bbox 1748 1172 1812 1226; x_wconf 77' lang='grc' dir='ltr'>δὲ</span> 
     </span>
    </p>
   </div>
   <div class='ocr_carea' id='block_1_9' title="bbox 233 1254 1812 1336">
    <p class='ocr_par' dir='ltr' id='par_1_9' title="bbox 233 1254 1812 1336">
     <span class='ocr_line' id='line_1_9' title="bbox 233 1254 1812 1336; baseline 0.008 -27"><span class='ocrx_word' id='word_1_49' title='bbox 233 1254 347 1319; x_wconf 76' lang='grc' dir='ltr'><strong>νὺξ</strong></span> <span class='ocrx_word' id='word_1_50' title='bbox 381 1255 480 1309; x_wconf 79' lang='grc' dir='ltr'>ὅτε</span> <span class='ocrx_word' id='word_1_51' title='bbox 530 1257 793 1325; x_wconf 75' lang='grc' dir='ltr'>ἐξῆλθεν</span> <span class='ocrx_word' id='word_1_52' title='bbox 853 1263 1112 1328; x_wconf 79' lang='grc' dir='ltr'>Ἰοὑδας;</span> <span class='ocrx_word' id='word_1_53' title='bbox 1151 1266 1266 1317; x_wconf 88' lang='grc' dir='ltr'>’Ὶνα</span> <span class='ocrx_word' id='word_1_54' title='bbox 1328 1266 1592 1336; x_wconf 76' lang='grc' dir='ltr'>μάθωμεν</span> <span class='ocrx_word' id='word_1_55' title='bbox 1646 1269 1812 1322; x_wconf 76' lang='grc' dir='ltr'>αὑτοῦ</span> 
     </span>
    </p>
   </div>
   <div class='ocr_carea' id='block_1_10' title="bbox 232 1350 1816 1432">
    <p class='ocr_par' dir='ltr' id='par_1_10' title="bbox 232 1350 1816 1432">
     <span class='ocr_line' id='line_1_10' title="bbox 232 1350 1816 1432; baseline 0.008 -31"><span class='ocrx_word' id='word_1_56' title='bbox 232 1351 331 1419; x_wconf 76' lang='grc' dir='ltr'><strong>τὴν</strong></span> <span class='ocrx_word' id='word_1_57' title='bbox 383 1350 700 1421; x_wconf 79' lang='grc' dir='ltr'>ἰταμότητα,</span> <span class='ocrx_word' id='word_1_58' title='bbox 736 1354 815 1406; x_wconf 81' lang='grc' dir='ltr'><strong>ὅτι</strong></span> <span class='ocrx_word' id='word_1_59' title='bbox 869 1356 989 1408; x_wconf 69' lang='grc' dir='ltr'>οὐδὲ</span> <span class='ocrx_word' id='word_1_60' title='bbox 1040 1360 1066 1410; x_wconf 97' lang='lat'><strong>6</strong></span> <span class='ocrx_word' id='word_1_61' title='bbox 1112 1359 1302 1428; x_wconf 77' lang='grc' dir='ltr'>καιρὸς</span> <span class='ocrx_word' id='word_1_62' title='bbox 1353 1360 1515 1413; x_wconf 72' lang='grc' dir='ltr'>αὐτὸν</span> <span class='ocrx_word' id='word_1_63' title='bbox 1549 1360 1674 1430; x_wconf 75' lang='grc' dir='ltr'>ἔσχε</span> <span class='ocrx_word' id='word_1_64' title='bbox 1716 1362 1816 1432; x_wconf 83' lang='grc' dir='ltr'><strong>τῆς</strong></span> 
     </span>
    </p>
   </div>
   <div class='ocr_carea' id='block_1_11' title="bbox 234 1443 429 1512">
    <p class='ocr_par' dir='ltr' id='par_1_11' title="bbox 234 1443 429 1512">
     <span class='ocr_line' id='line_1_11' title="bbox 234 1443 429 1512; baseline -0.031 0"><span class='ocrx_word' id='word_1_65' title='bbox 234 1443 429 1512; x_wconf 69' lang='grc' dir='ltr'>ὁρμῆς.</span> 
     </span>
    </p>
   </div>
   <div class='ocr_carea' id='block_1_12' title="bbox 307 1535 1810 1608">
    <p class='ocr_par' dir='ltr' id='par_1_12' title="bbox 307 1535 1810 1608">
     <span class='ocr_line' id='line_1_12' title="bbox 307 1535 1810 1608; baseline 0.01 -22"><span class='ocrx_word' id='word_1_66' title='bbox 307 1535 500 1588; x_wconf 82' lang='grc' dir='ltr'>Ὅπου</span> <span class='ocrx_word' id='word_1_67' title='bbox 547 1535 662 1605; x_wconf 73' lang='grc' dir='ltr'>ἐγὼ</span> <span class='ocrx_word' id='word_1_68' title='bbox 693 1537 915 1606; x_wconf 77' lang='grc' dir='ltr'>ὑπάγω,</span> <span class='ocrx_word' id='word_1_69' title='bbox 946 1540 1117 1608; x_wconf 77' lang='grc' dir='ltr'>ὑμεῖς</span> <span class='ocrx_word' id='word_1_70' title='bbox 1159 1543 1230 1593; x_wconf 85' lang='grc' dir='ltr'>οὐ</span> <span class='ocrx_word' id='word_1_71' title='bbox 1269 1541 1538 1597; x_wconf 79' lang='grc' dir='ltr'><strong>δύνασθε</strong></span> <span class='ocrx_word' id='word_1_72' title='bbox 1583 1546 1810 1601; x_wconf 78' lang='grc' dir='ltr'>ἐλθεῖν.</span> 
     </span>
    </p>
   </div>
   <div class='ocr_carea' id='block_1_13' title="bbox 237 1623 1814 1700">
    <p class='ocr_par' dir='ltr' id='par_1_13' title="bbox 237 1623 1814 1700">
     <span class='ocr_line' id='line_1_13' title="bbox 237 1623 1814 1700; baseline 0.01 -26"><span class='ocrx_word' id='word_1_73' title='bbox 237 1623 521 1677; x_wconf 78' lang='grc' dir='ltr'>Δείκνυσιν</span> <span class='ocrx_word' id='word_1_74' title='bbox 554 1627 634 1678; x_wconf 86' lang='grc' dir='ltr'>ὃτι</span> <span class='ocrx_word' id='word_1_75' title='bbox 657 1629 684 1678; x_wconf 88' lang='grc' dir='ltr'>ὁ</span> <span class='ocrx_word' id='word_1_76' title='bbox 724 1626 954 1690; x_wconf 73' lang='grc' dir='ltr'>θάνατος</span> <span class='ocrx_word' id='word_1_77' title='bbox 985 1629 1176 1690; x_wconf 82' lang='grc' dir='ltr'>αὐτοῦ,</span> <span class='ocrx_word' id='word_1_78' title='bbox 1214 1632 1550 1700; x_wconf 80' lang='grc' dir='ltr'>μετάστασίς</span> <span class='ocrx_word' id='word_1_79' title='bbox 1582 1638 1666 1700; x_wconf 82' lang='grc' dir='ltr'><strong>τίς</strong></span> <span class='ocrx_word' id='word_1_80' title='bbox 1695 1639 1814 1689; x_wconf 84' lang='grc' dir='ltr'>ἐστι</span> 
     </span>
    </p>
   </div>
   <div class='ocr_carea' id='block_1_14' title="bbox 235 1715 1816 1798">
    <p class='ocr_par' dir='ltr' id='par_1_14' title="bbox 235 1715 1816 1798">
     <span class='ocr_line' id='line_1_14' title="bbox 235 1715 1816 1798; baseline 0.009 -33"><span class='ocrx_word' id='word_1_81' title='bbox 235 1716 324 1765; x_wconf 74' lang='grc' dir='ltr'><strong>καὶ</strong></span> <span class='ocrx_word' id='word_1_82' title='bbox 359 1715 650 1783; x_wconf 69' lang='grc' dir='ltr'>μετάθεσις</span> <span class='ocrx_word' id='word_1_83' title='bbox 676 1719 916 1788; x_wconf 77' lang='grc' dir='ltr'>ἀμείνων</span> <span class='ocrx_word' id='word_1_84' title='bbox 949 1721 1030 1783; x_wconf 83' lang='grc' dir='ltr'>εἰς</span> <span class='ocrx_word' id='word_1_85' title='bbox 1058 1721 1221 1774; x_wconf 80' lang='grc' dir='ltr'>τόπον</span> <span class='ocrx_word' id='word_1_86' title='bbox 1263 1723 1492 1794; x_wconf 77' lang='grc' dir='ltr'>σώματα</span> <span class='ocrx_word' id='word_1_87' title='bbox 1521 1725 1816 1798; x_wconf 82' lang='grc' dir='ltr'>δεχόμενον</span> 
     </span>
    </p>
   </div>
   <div class='ocr_carea' id='block_1_15' title="bbox 237 1807 1068 1878">
    <p class='ocr_par' dir='ltr' id='par_1_15' title="bbox 237 1807 1068 1878">
     <span class='ocr_line' id='line_1_15' title="bbox 237 1807 1068 1878; baseline 0.014 -22"><span class='ocrx_word' id='word_1_88' title='bbox 237 1807 456 1875; x_wconf 74' lang='grc' dir='ltr'>φθαρτὰ</span> <span class='ocrx_word' id='word_1_89' title='bbox 491 1809 597 1878; x_wconf 73' lang='grc' dir='ltr'>πρὸ</span> <span class='ocrx_word' id='word_1_90' title='bbox 635 1811 728 1863; x_wconf 79' lang='grc' dir='ltr'>τοῦ</span> <span class='ocrx_word' id='word_1_91' title='bbox 757 1813 1068 1868; x_wconf 76' lang='grc' dir='ltr'>ἀποθανεῖν.</span> 
     </span>
    </p>
   </div>
   <div class='ocr_carea' id='block_1_16' title="bbox 1302 412 2503 484">
    <p class='ocr_par' dir='ltr' id='par_1_16' title="bbox 1302 412 2503 484">
     <span class='ocr_line' id='line_1_16' title="bbox 1302 412 2503 484; baseline 0.01 -12"><span class='ocrx_word' id='word_1_92' title='bbox 1302 412 1624 475; x_wconf 72' lang='grc' dir='ltr'><strong>ΞΟΗΟΙᾸᾹ</strong></span> <span class='ocrx_word' id='word_1_93' title='bbox 1665 417 1962 478; x_wconf 69' lang='grc' dir='ltr'><strong>ΥΕΤΕΒΑ</strong></span> <span class='ocrx_word' id='word_1_94' title='bbox 2010 420 2086 478; x_wconf 73' lang='lat' dir='ltr'><strong>IN</strong></span> <span class='ocrx_word' id='word_1_95' title='bbox 2123 421 2503 484; x_wconf 73' lang='lat' dir='ltr'><strong>JO.\.\&#39;NEM.</strong></span> 
     </span>
    </p>
   </div>
   <div class='ocr_carea' id='block_1_17' title="bbox 304 517 1892 600">
    <p class='ocr_par' dir='ltr' id='par_1_17' title="bbox 304 517 1892 600">
     <span class='ocr_line' id='line_1_17' title="bbox 304 517 1892 600; baseline 0.01 -30"><span class='ocrx_word' id='word_1_96' title='bbox 304 517 427 580; x_wconf 84' lang='grc' dir='ltr'><strong>Πῶς</strong></span> <span class='ocrx_word' id='word_1_97' title='bbox 485 519 702 589; x_wconf 86' lang='grc' dir='ltr'>νοητέον</span> <span class='ocrx_word' id='word_1_98' title='bbox 754 523 782 576; x_wconf 79' lang='grc' dir='ltr'><strong>δ</strong></span> <span class='ocrx_word' id='word_1_99' title='bbox 828 521 979 578; x_wconf 72' lang='grc' dir='ltr'>εἶπεν</span> <span class='ocrx_word' id='word_1_100' title='bbox 1037 527 1185 598; x_wconf 75' lang='grc' dir='ltr'>αὺτῳ</span> <span class='ocrx_word' id='word_1_101' title='bbox 1234 533 1262 582; x_wconf 90' lang='grc' dir='ltr'><strong>ό</strong></span> <span class='ocrx_word' id='word_1_102' title='bbox 1314 529 1570 600; x_wconf 78' lang='grc' dir='ltr'>Χριστὸς,</span> <span class='ocrx_word' id='word_1_103' title='bbox 1605 534 1686 585; x_wconf 81' lang='grc' dir='ltr'>ὃτι</span> <span class='ocrx_word' id='word_1_104' title='bbox 1748 533 1892 594; x_wconf 76' lang='grc' dir='ltr'><strong>““ΟΑ</strong></span> 
     </span>
    </p>
   </div>
   <div class='ocr_carea' id='block_1_18' title="bbox 3361 436 3500 502">
    <p class='ocr_par' dir='ltr' id='par_1_18' title="bbox 3361 436 3500 502">
     <span class='ocr_line' id='line_1_18' title="bbox 3361 436 3500 502; baseline 0.022 -3"><span class='ocrx_word' id='word_1_105' title='bbox 3361 436 3500 502; x_wconf 75' lang='lat'><strong>1270</strong></span> 
     </span>
    </p>
   </div>
   <div class='ocr_carea' id='block_1_19' title="bbox 1997 528 3504 618">
    <p class='ocr_par' dir='ltr' id='par_1_19' title="bbox 1997 528 3504 618">
     <span class='ocr_line' id='line_1_19' title="bbox 1997 528 3504 618; baseline 0.013 -31"><span class='ocrx_word' id='word_1_106' title='bbox 1997 534 2156 591; x_wconf 73' lang='lat' dir='ltr'><strong>Vens.</strong></span> <span class='ocrx_word' id='word_1_107' title='bbox 2211 537 2302 591; x_wconf 73' lang='lat'><strong>9.7.</strong></span> <span class='ocrx_word' id='word_1_108' title='bbox 2364 528 2652 607; x_wconf 83' lang='lat' dir='ltr'><strong>Quomodo</strong></span> <span class='ocrx_word' id='word_1_109' title='bbox 2698 542 3107 615; x_wconf 77' lang='lat' dir='ltr'><strong>intelligendum</strong></span> <span class='ocrx_word' id='word_1_110' title='bbox 3169 549 3316 618; x_wconf 69' lang='lat' dir='ltr'><strong>quod</strong></span> <span class='ocrx_word' id='word_1_111' title='bbox 3365 553 3504 606; x_wconf 68' lang='lat' dir='ltr'><strong>dixit</strong></span> 
     </span>
    </p>
   </div>
   <div class='ocr_carea' id='block_1_20' title="bbox 1919 625 3503 710">
    <p class='ocr_par' dir='ltr' id='par_1_20' title="bbox 1919 625 3503 710">
     <span class='ocr_line' id='line_1_20' title="bbox 1919 625 3503 710; baseline 0.013 -31"><span class='ocrx_word' id='word_1_112' title='bbox 1919 625 1993 680; x_wconf 80' lang='lat' dir='ltr'><strong>illi</strong></span> <span class='ocrx_word' id='word_1_113' title='bbox 2027 627 2302 696; x_wconf 74' lang='lat' dir='ltr'><strong>Christus,</strong></span> <span class='ocrx_word' id='word_1_114' title='bbox 2330 632 2483 698; x_wconf 80' lang='lat' dir='ltr'><strong>Quod</strong></span> <span class='ocrx_word' id='word_1_115' title='bbox 2504 634 2638 702; x_wconf 78' lang='lat' dir='ltr'><strong>facis</strong></span> <span class='ocrx_word' id='word_1_116' title='bbox 2662 636 2748 705; x_wconf 82' lang='lat' dir='ltr'><strong>fac</strong></span> <span class='ocrx_word' id='word_1_117' title='bbox 2772 640 2928 694; x_wconf 75' lang='lat' dir='ltr'><strong>cilius</strong></span> <span class='ocrx_word' id='word_1_118' title='bbox 2947 640 2972 691; x_wconf 71' lang='grc' dir='ltr'><strong><em>ἶ)</em></strong></span> <span class='ocrx_word' id='word_1_119' title='bbox 2991 639 3110 696; x_wconf 78' lang='lat' dir='ltr'><strong>Non</strong></span> <span class='ocrx_word' id='word_1_120' title='bbox 3135 641 3382 708; x_wconf 85' lang='lat' dir='ltr'><strong>jubentis</strong></span> <span class='ocrx_word' id='word_1_121' title='bbox 3397 655 3503 710; x_wconf 81' lang='lat' dir='ltr'><strong>est,</strong></span> 
     </span>
    </p>
   </div>
   <div class='ocr_carea' id='block_1_21' title="bbox 1917 721 2854 792">
    <p class='ocr_par' dir='ltr' id='par_1_21' title="bbox 1917 721 2854 792">
     <span class='ocr_line' id='line_1_21' title="bbox 1917 721 2854 792; baseline 0.016 -20"><span class='ocrx_word' id='word_1_122' title='bbox 1917 721 2011 773; x_wconf 83' lang='lat' dir='ltr'><strong>sed</strong></span> <span class='ocrx_word' id='word_1_123' title='bbox 2050 724 2437 792; x_wconf 76' lang='lat' dir='ltr'><strong>exprobrantis</strong></span> <span class='ocrx_word' id='word_1_124' title='bbox 2468 735 2522 780; x_wconf 80' lang='lat' dir='ltr'><strong>ct</strong></span> <span class='ocrx_word' id='word_1_125' title='bbox 2553 727 2854 786; x_wconf 85' lang='lat' dir='ltr'><strong>irridentis.</strong></span> 
     </span>
    </p>
   </div>
   <div class='ocr_carea' id='block_1_22' title="bbox 1989 810 3500 895">
    <p class='ocr_par' dir='ltr' id='par_1_22' title="bbox 1989 810 3500 895">
     <span class='ocr_line' id='line_1_22' title="bbox 1989 810 3500 895; baseline 0.011 -31"><span class='ocrx_word' id='word_1_126' title='bbox 1989 810 2155 868; x_wconf 76' lang='lat' dir='ltr'><strong>Vens.</strong></span> <span class='ocrx_word' id='word_1_127' title='bbox 2210 815 2300 870; x_wconf 75' lang='grc'><strong>29.</strong></span> <span class='ocrx_word' id='word_1_128' title='bbox 2343 816 2633 882; x_wconf 78' lang='lat' dir='ltr'><strong>Quomodo</strong></span> <span class='ocrx_word' id='word_1_129' title='bbox 2665 820 2756 875; x_wconf 86' lang='lat' dir='ltr'><strong>ille</strong></span> <span class='ocrx_word' id='word_1_130' title='bbox 2811 823 3134 892; x_wconf 80' lang='lat' dir='ltr'><strong>praecipiens</strong></span> <span class='ocrx_word' id='word_1_131' title='bbox 3174 842 3242 880; x_wconf 89' lang='lat' dir='ltr'><strong>ne</strong></span> <span class='ocrx_word' id='word_1_132' title='bbox 3290 843 3500 895; x_wconf 84' lang='lat' dir='ltr'><strong>peram,</strong></span> 
     </span>
    </p>
   </div>
   <div class='ocr_carea' id='block_1_23' title="bbox 1916 907 3504 985">
    <p class='ocr_par' dir='ltr' id='par_1_23' title="bbox 1916 907 3504 985">
     <span class='ocr_line' id='line_1_23' title="bbox 1916 907 3504 985; baseline 0.009 -26"><span class='ocrx_word' id='word_1_133' title='bbox 1916 920 2014 965; x_wconf 66' lang='lat' dir='ltr'><strong>res.</strong></span> <span class='ocrx_word' id='word_1_134' title='bbox 2044 907 2125 962; x_wconf 85' lang='lat' dir='ltr'><strong>vel</strong></span> <span class='ocrx_word' id='word_1_135' title='bbox 2160 907 2412 964; x_wconf 80' lang='lat' dir='ltr'><strong>baculum</strong></span> <span class='ocrx_word' id='word_1_136' title='bbox 2437 921 2650 980; x_wconf 87' lang='lat' dir='ltr'><strong>gerant,</strong></span> <span class='ocrx_word' id='word_1_137' title='bbox 2685 913 2895 969; x_wconf 84' lang='lat' dir='ltr'><strong>loculos</strong></span> <span class='ocrx_word' id='word_1_138' title='bbox 2921 916 3144 985; x_wconf 85' lang='lat' dir='ltr'><strong>gerebat</strong></span> <span class='ocrx_word' id='word_1_139' title='bbox 3165 919 3188 959; x_wconf 76' lang='grc'><strong><em>⁷</em></strong></span> <span class='ocrx_word' id='word_1_140' title='bbox 3217 916 3287 972; x_wconf 88' lang='lat' dir='ltr'><strong>Ut</strong></span> <span class='ocrx_word' id='word_1_141' title='bbox 3323 920 3504 973; x_wconf 85' lang='lat' dir='ltr'><strong>disca-</strong></span> 
     </span>
    </p>
   </div>
   <div class='ocr_carea' id='block_1_24' title="bbox 1918 999 3499 1078">
    <p class='ocr_par' dir='ltr' id='par_1_24' title="bbox 1918 999 3499 1078">
     <span class='ocr_line' id='line_1_24' title="bbox 1918 999 3499 1078; baseline 0.006 -26"><span class='ocrx_word' id='word_1_142' title='bbox 1918 1015 2041 1055; x_wconf 91' lang='lat' dir='ltr'><strong>mus</strong></span> <span class='ocrx_word' id='word_1_143' title='bbox 2073 999 2154 1052; x_wconf 81' lang='lat' dir='ltr'><strong>vel</strong></span> <span class='ocrx_word' id='word_1_144' title='bbox 2173 1001 2410 1055; x_wconf 74' lang='lat' dir='ltr'><strong>maxime</strong></span> <span class='ocrx_word' id='word_1_145' title='bbox 2433 1017 2686 1073; x_wconf 66' lang='lat' dir='ltr'><strong>egenum,</strong></span> <span class='ocrx_word' id='word_1_146' title='bbox 2715 1019 2968 1074; x_wconf 74' lang='lat' dir='ltr'><strong>magnam</strong></span> <span class='ocrx_word' id='word_1_147' title='bbox 2988 1007 3499 1078; x_wconf 78' lang='lat' dir='ltr'><strong>habeatpauperum</strong></span> 
     </span>
    </p>
   </div>
   <div class='ocr_carea' id='block_1_25' title="bbox 1919 1090 2626 1161">
    <p class='ocr_par' dir='ltr' id='par_1_25' title="bbox 1919 1090 2626 1161">
     <span class='ocr_line' id='line_1_25' title="bbox 1919 1090 2626 1161; baseline 0.007 -18"><span class='ocrx_word' id='word_1_148' title='bbox 1919 1090 2310 1159; x_wconf 71' lang='lat' dir='ltr'><strong>providentiam</strong></span> <span class='ocrx_word' id='word_1_149' title='bbox 2349 1103 2626 1161; x_wconf 76' lang='lat' dir='ltr'><strong>oportere.</strong></span> 
     </span>
    </p>
   </div>
   <div class='ocr_carea' id='block_1_26' title="bbox 1993 1179 3503 1254">
    <p class='ocr_par' dir='ltr' id='par_1_26' title="bbox 1993 1179 3503 1254">
     <span class='ocr_line' id='line_1_26' title="bbox 1993 1179 3503 1254; baseline 0.003 -21"><span class='ocrx_word' id='word_1_150' title='bbox 1993 1179 2150 1233; x_wconf 73' lang='lat' dir='ltr'><strong>Vens.</strong></span> <span class='ocrx_word' id='word_1_151' title='bbox 2214 1180 2302 1233; x_wconf 75' lang='lat'><strong>50.</strong></span> <span class='ocrx_word' id='word_1_152' title='bbox 2353 1180 2461 1235; x_wconf 90' lang='lat' dir='ltr'><strong>Cur</strong></span> <span class='ocrx_word' id='word_1_153' title='bbox 2507 1191 2724 1251; x_wconf 81' lang='lat' dir='ltr'><strong>tempus</strong></span> <span class='ocrx_word' id='word_1_154' title='bbox 2752 1183 2886 1238; x_wconf 82' lang='lat' dir='ltr'><strong>dicit</strong></span> <span class='ocrx_word' id='word_1_155' title='bbox 2931 1185 3316 1254; x_wconf 78' lang='lat' dir='ltr'><strong>evangelista:</strong></span> <span class='ocrx_word' id='word_1_156' title='bbox 3367 1185 3503 1239; x_wconf 78' lang='lat' dir='ltr'><strong>Erat</strong></span> 
     </span>
    </p>
   </div>
   <div class='ocr_carea' id='block_1_27' title="bbox 1920 1269 3521 1342">
    <p class='ocr_par' dir='ltr' id='par_1_27' title="bbox 1920 1269 3521 1342">
     <span class='ocr_line' id='line_1_27' title="bbox 1920 1269 3521 1342; baseline 0.008 -24"><span class='ocrx_word' id='word_1_157' title='bbox 1920 1277 2094 1324; x_wconf 78' lang='lat' dir='ltr'><strong>autem</strong></span> <span class='ocrx_word' id='word_1_158' title='bbox 2132 1283 2236 1322; x_wconf 58' lang='lat' dir='ltr'><strong>non</strong></span> <span class='ocrx_word' id='word_1_159' title='bbox 2261 1269 2472 1336; x_wconf 83' lang='lat' dir='ltr'><strong>quando</strong></span> <span class='ocrx_word' id='word_1_160' title='bbox 2508 1273 2668 1324; x_wconf 65' lang='lat' dir='ltr'><strong>reicit</strong></span> <span class='ocrx_word' id='word_1_161' title='bbox 2714 1270 2887 1329; x_wconf 78' lang='lat' dir='ltr'><strong>ludas</strong></span> <span class='ocrx_word' id='word_1_162' title='bbox 2913 1277 2937 1328; x_wconf 89' lang='lat'><strong>.’</strong></span> <span class='ocrx_word' id='word_1_163' title='bbox 2967 1273 3034 1328; x_wconf 87' lang='lat' dir='ltr'><strong>Ut</strong></span> <span class='ocrx_word' id='word_1_164' title='bbox 3073 1275 3355 1330; x_wconf 80' lang='lat' dir='ltr'><strong>discamus</strong></span> <span class='ocrx_word' id='word_1_165' title='bbox 3383 1275 3521 1342; x_wconf 60' lang='lat' dir='ltr'><strong>ejus</strong></span> 
     </span>
    </p>
   </div>
   <div class='ocr_carea' id='block_1_28' title="bbox 1921 1357 3505 1433">
    <p class='ocr_par' dir='ltr' id='par_1_28' title="bbox 1921 1357 3505 1433">
     <span class='ocr_line' id='line_1_28' title="bbox 1921 1357 3505 1433; baseline 0.005 -23"><span class='ocrx_word' id='word_1_166' title='bbox 1921 1359 2232 1420; x_wconf 81' lang='lat' dir='ltr'><strong>audaciam,</strong></span> <span class='ocrx_word' id='word_1_167' title='bbox 2283 1357 2411 1425; x_wconf 84' lang='lat' dir='ltr'><strong>quia</strong></span> <span class='ocrx_word' id='word_1_168' title='bbox 2473 1367 2688 1428; x_wconf 88' lang='lat' dir='ltr'><strong>tempus</strong></span> <span class='ocrx_word' id='word_1_169' title='bbox 2741 1378 2847 1415; x_wconf 89' lang='lat' dir='ltr'><strong>non</strong></span> <span class='ocrx_word' id='word_1_170' title='bbox 2907 1364 3058 1418; x_wconf 89' lang='lat' dir='ltr'><strong>illum</strong></span> <span class='ocrx_word' id='word_1_171' title='bbox 3115 1379 3144 1417; x_wconf 94' lang='lat' dir='ltr'><strong>a</strong></span> <span class='ocrx_word' id='word_1_172' title='bbox 3217 1365 3505 1433; x_wconf 84' lang='lat' dir='ltr'><strong>proposito</strong></span> 
     </span>
    </p>
   </div>
   <div class='ocr_carea' id='block_1_29' title="bbox 1920 1449 3560 1531">
    <p class='ocr_par' dir='ltr' id='par_1_29' title="bbox 1920 1449 3560 1531">
     <span class='ocr_line' id='line_1_29' title="bbox 1920 1449 3560 1531; baseline 0.017 -28"><span class='ocrx_word' id='word_1_173' title='bbox 1920 1449 2176 1504; x_wconf 76' lang='lat' dir='ltr'><strong>detinuit.</strong></span> <span class='ocrx_word' id='word_1_174' title='bbox 3558 1528 3560 1531; x_wconf 90' lang='lat'><strong>.</strong></span> 
     </span>
    </p>
   </div>
   <div class='ocr_carea' id='block_1_30' title="bbox 1996 1537 3502 1612">
    <p class='ocr_par' dir='ltr' id='par_1_30' title="bbox 1996 1537 3502 1612">
     <span class='ocr_line' id='line_1_30' title="bbox 1996 1537 3502 1612; baseline 0.003 -22"><span class='ocrx_word' id='word_1_175' title='bbox 1996 1537 2156 1594; x_wconf 79' lang='lat' dir='ltr'><strong>Vsus.</strong></span> <span class='ocrx_word' id='word_1_176' title='bbox 2193 1541 2284 1595; x_wconf 76' lang='grc'><strong>56.</strong></span> <span class='ocrx_word' id='word_1_177' title='bbox 2321 1538 2438 1604; x_wconf 84' lang='lat' dir='ltr'><strong>Quo</strong></span> <span class='ocrx_word' id='word_1_178' title='bbox 2475 1558 2569 1610; x_wconf 80' lang='lat' dir='ltr'><strong>ego</strong></span> <span class='ocrx_word' id='word_1_179' title='bbox 2608 1542 2764 1605; x_wconf 86' lang='lat' dir='ltr'><strong>vado,</strong></span> <span class='ocrx_word' id='word_1_180' title='bbox 2796 1557 2881 1596; x_wconf 83' lang='lat' dir='ltr'><strong>vos</strong></span> <span class='ocrx_word' id='word_1_181' title='bbox 2915 1559 3017 1596; x_wconf 85' lang='lat' dir='ltr'><strong>non</strong></span> <span class='ocrx_word' id='word_1_182' title='bbox 3053 1545 3270 1612; x_wconf 75' lang='lat' dir='ltr'><strong>potestis</strong></span> <span class='ocrx_word' id='word_1_183' title='bbox 3306 1545 3502 1610; x_wconf 84' lang='lat' dir='ltr'><strong>venire;</strong></span> 
     </span>
    </p>
   </div>
   <div class='ocr_carea' id='block_1_31' title="bbox 1919 1635 3503 1706">
    <p class='ocr_par' dir='ltr' id='par_1_31' title="bbox 1919 1635 3503 1706">
     <span class='ocr_line' id='line_1_31' title="bbox 1919 1635 3503 1706; baseline 0.003 -21"><span class='ocrx_word' id='word_1_184' title='bbox 1919 1635 2157 1688; x_wconf 84' lang='lat' dir='ltr'><strong>ostendit</strong></span> <span class='ocrx_word' id='word_1_185' title='bbox 2201 1645 2434 1692; x_wconf 81' lang='lat' dir='ltr'><strong>martem</strong></span> <span class='ocrx_word' id='word_1_186' title='bbox 2497 1652 2652 1695; x_wconf 87' lang='lat' dir='ltr'><strong>suam</strong></span> <span class='ocrx_word' id='word_1_187' title='bbox 2699 1651 2823 1691; x_wconf 89' lang='lat' dir='ltr'><strong>esse</strong></span> <span class='ocrx_word' id='word_1_188' title='bbox 2870 1637 3162 1706; x_wconf 81' lang='lat' dir='ltr'><strong>quemdam</strong></span> <span class='ocrx_word' id='word_1_189' title='bbox 3209 1636 3503 1691; x_wconf 84' lang='lat' dir='ltr'><strong>transitum</strong></span> 
     </span>
    </p>
   </div>
   <div class='ocr_carea' id='block_1_32' title="bbox 1919 1728 3508 1796">
    <p class='ocr_par' dir='ltr' id='par_1_32' title="bbox 1919 1728 3508 1796">
     <span class='ocr_line' id='line_1_32' title="bbox 1919 1728 3508 1796; baseline 0.001 -17"><span class='ocrx_word' id='word_1_190' title='bbox 1919 1733 1975 1779; x_wconf 89' lang='lat' dir='ltr'><strong>et</strong></span> <span class='ocrx_word' id='word_1_191' title='bbox 2033 1729 2544 1786; x_wconf 84' lang='lat' dir='ltr'><strong>transmutationem</strong></span> <span class='ocrx_word' id='word_1_192' title='bbox 2592 1728 2875 1784; x_wconf 87' lang='lat' dir='ltr'><strong>meliorem</strong></span> <span class='ocrx_word' id='word_1_193' title='bbox 2921 1729 2972 1784; x_wconf 93' lang='lat' dir='ltr'><strong>in</strong></span> <span class='ocrx_word' id='word_1_194' title='bbox 3034 1728 3214 1785; x_wconf 85' lang='lat' dir='ltr'><strong>locum</strong></span> <span class='ocrx_word' id='word_1_195' title='bbox 3276 1741 3508 1796; x_wconf 86' lang='lat' dir='ltr'><strong>corpora</strong></span> 
     </span>
    </p>
   </div>
   <div class='ocr_carea' id='block_1_33' title="bbox 1923 1816 3502 1890">
    <p class='ocr_par' dir='ltr' id='par_1_33' title="bbox 1923 1816 3502 1890">
     <span class='ocr_line' id='line_1_33' title="bbox 1923 1816 3502 1890; baseline 0.001 -23"><span class='ocrx_word' id='word_1_196' title='bbox 1923 1816 2272 1884; x_wconf 85' lang='lat' dir='ltr'><strong>recipientem</strong></span> <span class='ocrx_word' id='word_1_197' title='bbox 2327 1819 2703 1890; x_wconf 83' lang='lat' dir='ltr'><strong>corruptibilia</strong></span> <span class='ocrx_word' id='word_1_198' title='bbox 2765 1829 3058 1889; x_wconf 87' lang='lat' dir='ltr'><strong>antequam</strong></span> <span class='ocrx_word' id='word_1_199' title='bbox 3137 1826 3502 1874; x_wconf 85' lang='lat' dir='ltr'><strong>morerentur.</strong></span> 
     </span>
    </p>
   </div>
   <div class='ocr_carea' id='block_1_34' title="bbox 299 1884 1829 1982">
    <p class='ocr_par' dir='ltr' id='par_1_34' title="bbox 299 1898 1815 1982">
     <span class='ocr_line' id='line_1_34' title="bbox 299 1898 1815 1982; baseline 0.014 -35"><span class='ocrx_word' id='word_1_200' title='bbox 299 1898 401 1951; x_wconf 77' lang='grc' dir='ltr'><strong>Διά</strong></span> <span class='ocrx_word' id='word_1_201' title='bbox 435 1899 486 1951; x_wconf 86' lang='grc' dir='ltr'><strong>τί</strong></span> <span class='ocrx_word' id='word_1_202' title='bbox 524 1901 706 1973; x_wconf 75' lang='grc' dir='ltr'>ἐρωτᾷ</span> <span class='ocrx_word' id='word_1_203' title='bbox 753 1905 780 1955; x_wconf 87' lang='grc' dir='ltr'><strong>ό</strong></span> <span class='ocrx_word' id='word_1_204' title='bbox 821 1903 1028 1972; x_wconf 83' lang='grc' dir='ltr'><strong>Πέτρος</strong></span> <span class='ocrx_word' id='word_1_205' title='bbox 1057 1922 1069 1935; x_wconf 91' lang='grc'>·</span> <span class='ocrx_word' id='word_1_206' title='bbox 1111 1907 1308 1974; x_wconf 83' lang='grc' dir='ltr'>Κύριε,</span> <span class='ocrx_word' id='word_1_207' title='bbox 1353 1909 1473 1963; x_wconf 81' lang='grc' dir='ltr'>ποῦ</span> <span class='ocrx_word' id='word_1_208' title='bbox 1524 1912 1815 1982; x_wconf 65' lang='grc' dir='ltr'>ὑπάγειςς</span> 
     </span>
    </p>
   </div>
   <div class='ocr_carea' id='block_1_35' title="bbox 1936 1884 3508 1982">
    <p class='ocr_par' dir='ltr' id='par_1_35' title="bbox 1995 1884 3508 1979">
     <span class='ocr_line' id='line_1_35' title="bbox 1995 1884 3508 1979; baseline 0.001 -24"><span class='ocrx_word' id='word_1_209' title='bbox 1995 1903 2159 1960; x_wconf 75' lang='lat' dir='ltr'><strong>Vens.</strong></span> <span class='ocrx_word' id='word_1_210' title='bbox 2198 1907 2288 1962; x_wconf 84' lang='lat'><strong>57.</strong></span> <span class='ocrx_word' id='word_1_211' title='bbox 2339 1909 2450 1964; x_wconf 85' lang='lat' dir='ltr'><strong>Cur</strong></span> <span class='ocrx_word' id='word_1_212' title='bbox 2496 1884 2810 1979; x_wconf 81' lang='lat' dir='ltr'><strong>interrogat</strong></span> <span class='ocrx_word' id='word_1_213' title='bbox 2846 1884 3062 1972; x_wconf 84' lang='lat' dir='ltr'><strong>Petrus,</strong></span> <span class='ocrx_word' id='word_1_214' title='bbox 3108 1907 3355 1972; x_wconf 82' lang='lat' dir='ltr'><strong>Domine,</strong></span> <span class='ocrx_word' id='word_1_215' title='bbox 3405 1920 3508 1975; x_wconf 87' lang='lat' dir='ltr'><strong>quo</strong></span> 
     </span>
    </p>
   </div>
   <div class='ocr_carea' id='block_1_36' title="bbox 233 1988 1817 2078">
    <p class='ocr_par' dir='ltr' id='par_1_36' title="bbox 233 1988 1817 2078">
     <span class='ocr_line' id='line_1_36' title="bbox 233 1988 1817 2078; baseline 0.014 -39"><span class='ocrx_word' id='word_1_216' title='bbox 233 1989 306 2040; x_wconf 71' lang='grc' dir='ltr'><strong>Οὐ</strong></span> <span class='ocrx_word' id='word_1_217' title='bbox 353 1991 974 2066; x_wconf 72' lang='grc' dir='ltr'>τοσοῦτονιβουλόμενος</span> <span class='ocrx_word' id='word_1_218' title='bbox 1014 1988 1234 2068; x_wconf 83' lang='grc' dir='ltr'>μαθεῖν,</span> <span class='ocrx_word' id='word_1_219' title='bbox 1267 2001 1389 2054; x_wconf 82' lang='grc' dir='ltr'>ὅσον</span> <span class='ocrx_word' id='word_1_220' title='bbox 1450 2006 1817 2078; x_wconf 79' lang='grc' dir='ltr'>ἀκολουθῆσαι</span> 
     </span>
    </p>
   </div>
   <div class='ocr_carea' id='block_1_37' title="bbox 232 2080 688 2155">
    <p class='ocr_par' dir='ltr' id='par_1_37' title="bbox 232 2080 688 2155">
     <span class='ocr_line' id='line_1_37' title="bbox 232 2080 688 2155; baseline 0.015 -22"><span class='ocrx_word' id='word_1_221' title='bbox 232 2080 316 2134; x_wconf 74' lang='grc' dir='ltr'>διὰ</span> <span class='ocrx_word' id='word_1_222' title='bbox 351 2081 688 2155; x_wconf 81' lang='grc' dir='ltr'>θερμότητα.</span> 
     </span>
    </p>
   </div>
   <div class='ocr_carea' id='block_1_38' title="bbox 851 2219 1247 2278">
    <p class='ocr_par' dir='ltr' id='par_1_38' title="bbox 851 2219 1247 2278">
     <span class='ocr_line' id='line_1_38' title="bbox 851 2219 1247 2278; baseline 0.01 -6"><span class='ocrx_word' id='word_1_223' title='bbox 851 2219 1100 2275; x_wconf 73' lang='grc' dir='ltr'><strong>ΚΕΦΛΛ.</strong></span> <span class='ocrx_word' id='word_1_224' title='bbox 1148 2222 1247 2278; x_wconf 73' lang='lat' dir='ltr'><strong>iA&#39;.</strong></span> 
     </span>
    </p>
   </div>
   <div class='ocr_carea' id='block_1_39' title="bbox 303 2346 1811 2423">
    <p class='ocr_par' dir='ltr' id='par_1_39' title="bbox 303 2346 1811 2423">
     <span class='ocr_line' id='line_1_39' title="bbox 303 2346 1811 2423; baseline 0.01 -26"><span class='ocrx_word' id='word_1_225' title='bbox 303 2346 626 2399; x_wconf 77' lang='grc' dir='ltr'>Πιστεύετε</span> <span class='ocrx_word' id='word_1_226' title='bbox 643 2349 727 2413; x_wconf 66' lang='grc' dir='ltr'>εἰς</span> <span class='ocrx_word' id='word_1_227' title='bbox 753 2348 860 2402; x_wconf 76' lang='grc' dir='ltr'><strong>τὸν</strong></span> <span class='ocrx_word' id='word_1_228' title='bbox 889 2350 1058 2418; x_wconf 79' lang='grc' dir='ltr'>Θεὸν,</span> <span class='ocrx_word' id='word_1_229' title='bbox 1093 2353 1190 2406; x_wconf 73' lang='grc' dir='ltr'>καὶ</span> <span class='ocrx_word' id='word_1_230' title='bbox 1212 2355 1298 2418; x_wconf 76' lang='grc' dir='ltr'>εἰς</span> <span class='ocrx_word' id='word_1_231' title='bbox 1324 2353 1432 2423; x_wconf 80' lang='grc' dir='ltr'><strong>ἐμὲ</strong></span> <span class='ocrx_word' id='word_1_232' title='bbox 1471 2359 1811 2412; x_wconf 84' lang='grc' dir='ltr'>πιστεύετε.</span> 
     </span>
    </p>
   </div>
   <div class='ocr_carea' id='block_1_40' title="bbox 234 2433 940 2507">
    <p class='ocr_par' dir='ltr' id='par_1_40' title="bbox 234 2433 940 2507">
     <span class='ocr_line' id='line_1_40' title="bbox 234 2433 940 2507; baseline 0.008 -22"><span class='ocrx_word' id='word_1_233' title='bbox 234 2433 306 2485; x_wconf 74' lang='grc' dir='ltr'><strong>Τὸ</strong></span> <span class='ocrx_word' id='word_1_234' title='bbox 336 2433 629 2504; x_wconf 75' lang='grc' dir='ltr'>όμοούσιον</span> <span class='ocrx_word' id='word_1_235' title='bbox 669 2436 839 2507; x_wconf 83' lang='grc' dir='ltr'>δηλοῖ.</span> <span class='ocrx_word' id='word_1_236' title='bbox 938 2469 940 2472; x_wconf 57' lang='grc' dir='ltr'><strong>ν</strong></span> 
     </span>
    </p>
   </div>
   <div class='ocr_carea' id='block_1_41' title="bbox 303 2526 1820 2608">
    <p class='ocr_par' dir='ltr' id='par_1_41' title="bbox 303 2526 1820 2608">
     <span class='ocr_line' id='line_1_41' title="bbox 303 2526 1820 2608; baseline 0.012 -31"><span class='ocrx_word' id='word_1_237' title='bbox 303 2526 384 2578; x_wconf 82' lang='grc' dir='ltr'>Τὸ</span> <span class='ocrx_word' id='word_1_238' title='bbox 418 2526 600 2593; x_wconf 82' lang='grc' dir='ltr'>λέγειν</span> <span class='ocrx_word' id='word_1_239' title='bbox 630 2529 721 2582; x_wconf 80' lang='grc' dir='ltr'><strong>τὸν</strong></span> <span class='ocrx_word' id='word_1_240' title='bbox 763 2531 986 2602; x_wconf 75' lang='grc' dir='ltr'>Θωμᾶν,</span> <span class='ocrx_word' id='word_1_241' title='bbox 1023 2536 1220 2599; x_wconf 82' lang='grc' dir='ltr'>Κύριε,</span> <span class='ocrx_word' id='word_1_242' title='bbox 1245 2538 1356 2590; x_wconf 76' lang='grc' dir='ltr'><strong>οὐκ</strong></span> <span class='ocrx_word' id='word_1_243' title='bbox 1393 2538 1648 2608; x_wconf 77' lang='grc' dir='ltr'>οἴδαμεν</span> <span class='ocrx_word' id='word_1_244' title='bbox 1700 2541 1820 2594; x_wconf 84' lang='grc' dir='ltr'>ποῦ</span> 
     </span>
    </p>
   </div>
   <div class='ocr_carea' id='block_1_42' title="bbox 234 2617 1256 2695">
    <p class='ocr_par' dir='ltr' id='par_1_42' title="bbox 234 2617 1256 2695">
     <span class='ocr_line' id='line_1_42' title="bbox 234 2617 1256 2695; baseline 0.012 -27"><span class='ocrx_word' id='word_1_245' title='bbox 234 2617 513 2686; x_wconf 79' lang='grc' dir='ltr'>ὑπάγεις,</span> <span class='ocrx_word' id='word_1_246' title='bbox 541 2620 648 2672; x_wconf 71' lang='grc' dir='ltr'><strong>ἀπὸ</strong></span> <span class='ocrx_word' id='word_1_247' title='bbox 675 2621 876 2686; x_wconf 78' lang='grc' dir='ltr'>δειλίας</span> <span class='ocrx_word' id='word_1_248' title='bbox 901 2625 1060 2678; x_wconf 79' lang='grc' dir='ltr'>τοῦτο</span> <span class='ocrx_word' id='word_1_249' title='bbox 1086 2625 1256 2695; x_wconf 82' lang='grc' dir='ltr'>λέγει.</span> 
     </span>
    </p>
   </div>
   <div class='ocr_carea' id='block_1_43' title="bbox 300 2710 1820 2794">
    <p class='ocr_par' dir='ltr' id='par_1_43' title="bbox 300 2710 1820 2794">
     <span class='ocr_line' id='line_1_43' title="bbox 300 2710 1820 2794; baseline 0.013 -32"><span class='ocrx_word' id='word_1_250' title='bbox 300 2712 352 2762; x_wconf 86' lang='grc' dir='ltr'><strong>Τ</strong></span> <span class='ocrx_word' id='word_1_251' title='bbox 353 2711 402 2774; x_wconf 83' lang='grc' dir='ltr'><strong>ὸ,</strong></span> <span class='ocrx_word' id='word_1_252' title='bbox 435 2710 644 2776; x_wconf 77' lang='grc' dir='ltr'>Δεῖξον</span> <span class='ocrx_word' id='word_1_253' title='bbox 673 2715 820 2784; x_wconf 68' lang='grc' dir='ltr'>ἡμῖν</span> <span class='ocrx_word' id='word_1_254' title='bbox 866 2717 973 2770; x_wconf 76' lang='grc' dir='ltr'><strong>τὸν</strong></span> <span class='ocrx_word' id='word_1_255' title='bbox 1004 2720 1255 2788; x_wconf 80' lang='grc' dir='ltr'>Πατέρα,</span> <span class='ocrx_word' id='word_1_256' title='bbox 1314 2723 1412 2775; x_wconf 77' lang='grc' dir='ltr'>καὶ</span> <span class='ocrx_word' id='word_1_257' title='bbox 1446 2723 1622 2789; x_wconf 79' lang='grc' dir='ltr'>ἀρκεῖ</span> <span class='ocrx_word' id='word_1_258' title='bbox 1655 2726 1820 2794; x_wconf 77' lang='grc' dir='ltr'>ἡμῖν,</span> 
     </span>
    </p>
   </div>
   <div class='ocr_carea' id='block_1_44' title="bbox 233 2801 1824 2882">
    <p class='ocr_par' dir='ltr' id='par_1_44' title="bbox 233 2801 1824 2882">
     <span class='ocr_line' id='line_1_44' title="bbox 233 2801 1824 2882; baseline 0.013 -30"><span class='ocrx_word' id='word_1_259' title='bbox 233 2801 518 2872; x_wconf 78' lang='grc' dir='ltr'>αἰσθητοῖς</span> <span class='ocrx_word' id='word_1_260' title='bbox 534 2805 836 2876; x_wconf 79' lang='grc' dir='ltr'>ὀφθαλμοῖς</span> <span class='ocrx_word' id='word_1_261' title='bbox 862 2809 992 2861; x_wconf 77' lang='grc' dir='ltr'>ἐϐόα</span> <span class='ocrx_word' id='word_1_262' title='bbox 1024 2810 1182 2864; x_wconf 83' lang='grc' dir='ltr'>τοῦτο</span> <span class='ocrx_word' id='word_1_263' title='bbox 1215 2813 1346 2867; x_wconf 78' lang='grc' dir='ltr'>ἰδεῖν</span> <span class='ocrx_word' id='word_1_264' title='bbox 1375 2831 1388 2843; x_wconf 71' lang='grc' dir='ltr'><strong>ο</strong></span> <span class='ocrx_word' id='word_1_265' title='bbox 1424 2814 1485 2878; x_wconf 78' lang='grc' dir='ltr'>ἐξ</span> <span class='ocrx_word' id='word_1_266' title='bbox 1521 2810 1586 2870; x_wconf 74' lang='grc' dir='ltr'>οὗ</span> <span class='ocrx_word' id='word_1_267' title='bbox 1625 2817 1652 2868; x_wconf 88' lang='lat'><strong>6</strong></span> <span class='ocrx_word' id='word_1_268' title='bbox 1699 2818 1824 2882; x_wconf 76' lang='grc' dir='ltr'>Υἱὸς</span> 
     </span>
    </p>
   </div>
   <div class='ocr_carea' id='block_1_45' title="bbox 233 2891 1825 2979">
    <p class='ocr_par' dir='ltr' id='par_1_45' title="bbox 233 2891 1825 2979">
     <span class='ocr_line' id='line_1_45' title="bbox 233 2891 1825 2979; baseline 0.012 -35"><span class='ocrx_word' id='word_1_269' title='bbox 233 2891 492 2963; x_wconf 74' lang='grc' dir='ltr'>ἐπιφέρει</span> <span class='ocrx_word' id='word_1_270' title='bbox 534 2897 760 2960; x_wconf 76' lang='grc' dir='ltr'><strong>τὸ,()ὐκ</strong></span> <span class='ocrx_word' id='word_1_271' title='bbox 813 2899 1080 2967; x_wconf 60' lang='grc' dir='ltr'>ἔγνωκάς</span> <span class='ocrx_word' id='word_1_272' title='bbox 1129 2920 1207 2969; x_wconf 76' lang='grc' dir='ltr'><strong>με</strong></span> <span class='ocrx_word' id='word_1_273' title='bbox 1241 2917 1255 2930; x_wconf 92' lang='grc'><strong>·</strong></span> <span class='ocrx_word' id='word_1_274' title='bbox 1315 2904 1471 2958; x_wconf 85' lang='grc' dir='ltr'>τοῦτο</span> <span class='ocrx_word' id='word_1_275' title='bbox 1524 2909 1630 2979; x_wconf 79' lang='grc' dir='ltr'>γάρ</span> <span class='ocrx_word' id='word_1_276' title='bbox 1678 2910 1825 2963; x_wconf 79' lang='grc' dir='ltr'>ἐστιν</span> 
     </span>
    </p>
   </div>
   <div class='ocr_carea' id='block_1_46' title="bbox 234 2983 1082 3061">
    <p class='ocr_par' dir='ltr' id='par_1_46' title="bbox 234 2983 1082 3061">
     <span class='ocr_line' id='line_1_46' title="bbox 234 2983 1082 3061; baseline 0.009 -26"><span class='ocrx_word' id='word_1_277' title='bbox 234 2983 425 3050; x_wconf 76' lang='grc' dir='ltr'>αὐτὸς,</span> <span class='ocrx_word' id='word_1_278' title='bbox 461 2986 597 3057; x_wconf 83' lang='grc' dir='ltr'>ὅπερ</span> <span class='ocrx_word' id='word_1_279' title='bbox 623 2988 772 3040; x_wconf 67' lang='grc' dir='ltr'>ἐστὶν</span> <span class='ocrx_word' id='word_1_280' title='bbox 797 2991 826 3041; x_wconf 85' lang='grc' dir='ltr'>ὁ</span> <span class='ocrx_word' id='word_1_281' title='bbox 868 2990 1082 3061; x_wconf 80' lang='grc' dir='ltr'>Πατήρ.</span> 
     </span>
    </p>
   </div>
   <div class='ocr_carea' id='block_1_47' title="bbox 308 3075 1822 3155">
    <p class='ocr_par' dir='ltr' id='par_1_47' title="bbox 308 3075 1822 3155">
     <span class='ocr_line' id='line_1_47' title="bbox 308 3075 1822 3155; baseline 0.007 -28"><span class='ocrx_word' id='word_1_282' title='bbox 308 3075 411 3128; x_wconf 86' lang='grc' dir='ltr'><strong>Διὰ</strong></span> <span class='ocrx_word' id='word_1_283' title='bbox 446 3075 500 3128; x_wconf 91' lang='grc' dir='ltr'><strong>τί</strong></span> <span class='ocrx_word' id='word_1_284' title='bbox 531 3075 678 3144; x_wconf 83' lang='grc' dir='ltr'>λέγει</span> <span class='ocrx_word' id='word_1_285' title='bbox 705 3093 719 3108; x_wconf 87' lang='grc'><strong>·</strong></span> <span class='ocrx_word' id='word_1_286' title='bbox 762 3079 874 3132; x_wconf 73' lang='grc' dir='ltr'><strong>Καὶ</strong></span> <span class='ocrx_word' id='word_1_287' title='bbox 913 3080 1111 3134; x_wconf 78' lang='grc' dir='ltr'>ἄλλον</span> <span class='ocrx_word' id='word_1_288' title='bbox 1141 3082 1538 3153; x_wconf 78' lang='grc' dir='ltr'>Παράκλητον</span> <span class='ocrx_word' id='word_1_289' title='bbox 1566 3085 1822 3155; x_wconf 43' lang='lat' dir='ltr'><strong>aspersi,-</strong></span> 
     </span>
    </p>
   </div>
   <div class='ocr_carea' id='block_1_48' title="bbox 241 3165 1824 3249">
    <p class='ocr_par' dir='ltr' id='par_1_48' title="bbox 241 3165 1824 3249">
     <span class='ocr_line' id='line_1_48' title="bbox 241 3165 1824 3249; baseline 0.007 -31"><span class='ocrx_word' id='word_1_290' title='bbox 241 3165 636 3236; x_wconf 83' lang='grc' dir='ltr'>Καταισχύνων</span> <span class='ocrx_word' id='word_1_291' title='bbox 666 3169 760 3222; x_wconf 72' lang='grc' dir='ltr'><strong>καὶ</strong></span> <span class='ocrx_word' id='word_1_292' title='bbox 781 3171 907 3233; x_wconf 77' lang='grc' dir='ltr'>τοὺς</span> <span class='ocrx_word' id='word_1_293' title='bbox 932 3170 1026 3225; x_wconf 85' lang='grc' dir='ltr'>τοῦ</span> <span class='ocrx_word' id='word_1_294' title='bbox 1045 3173 1334 3226; x_wconf 77' lang='grc' dir='ltr'>Σαϐελλίου</span> <span class='ocrx_word' id='word_1_295' title='bbox 1350 3176 1442 3227; x_wconf 82' lang='grc' dir='ltr'><strong>καὶ</strong></span> <span class='ocrx_word' id='word_1_296' title='bbox 1477 3176 1710 3246; x_wconf 86' lang='grc' dir='ltr'>Ἀρείου.</span> <span class='ocrx_word' id='word_1_297' title='bbox 1736 3179 1824 3249; x_wconf 71' lang='grc' dir='ltr'><strong>Τῷ</strong></span> 
     </span>
    </p>
   </div>
   <div class='ocr_carea' id='block_1_49' title="bbox 244 3257 1828 3341">
    <p class='ocr_par' dir='ltr' id='par_1_49' title="bbox 244 3257 1828 3341">
     <span class='ocr_line' id='line_1_49' title="bbox 244 3257 1828 3341; baseline 0.011 -33"><span class='ocrx_word' id='word_1_298' title='bbox 244 3257 340 3325; x_wconf 80' lang='grc' dir='ltr'>μὲν</span> <span class='ocrx_word' id='word_1_299' title='bbox 364 3261 478 3329; x_wconf 81' lang='grc' dir='ltr'>γὰρ</span> <span class='ocrx_word' id='word_1_300' title='bbox 510 3261 938 3327; x_wconf 78' lang='grc' dir='ltr'>είπεῖν,ἀλλον,</span> <span class='ocrx_word' id='word_1_301' title='bbox 973 3264 1071 3334; x_wconf 82' lang='grc' dir='ltr'>τῆς</span> <span class='ocrx_word' id='word_1_302' title='bbox 1111 3265 1457 3331; x_wconf 82' lang='grc' dir='ltr'>ὑποστάσεως</span> <span class='ocrx_word' id='word_1_303' title='bbox 1491 3269 1552 3321; x_wconf 83' lang='grc' dir='ltr'><strong>τὸ</strong></span> <span class='ocrx_word' id='word_1_304' title='bbox 1572 3270 1828 3341; x_wconf 73' lang='grc' dir='ltr'>διάφορον</span> 
     </span>
    </p>
   </div>
   <div class='ocr_carea' id='block_1_50' title="bbox 239 3348 1828 3430">
    <p class='ocr_par' dir='ltr' id='par_1_50' title="bbox 239 3348 1828 3430">
     <span class='ocr_line' id='line_1_50' title="bbox 239 3348 1828 3430; baseline 0.009 -30"><span class='ocrx_word' id='word_1_305' title='bbox 239 3348 515 3403; x_wconf 80' lang='grc' dir='ltr'>δείκνυσιν</span> <span class='ocrx_word' id='word_1_306' title='bbox 539 3367 554 3382; x_wconf 87' lang='grc'><strong>·</strong></span> <span class='ocrx_word' id='word_1_307' title='bbox 607 3352 687 3421; x_wconf 80' lang='grc' dir='ltr'>τῷ</span> <span class='ocrx_word' id='word_1_308' title='bbox 715 3352 772 3406; x_wconf 78' lang='grc' dir='ltr'>δὲ</span> <span class='ocrx_word' id='word_1_309' title='bbox 802 3355 998 3418; x_wconf 75' lang='grc' dir='ltr'>εἰπεῖν,</span> <span class='ocrx_word' id='word_1_310' title='bbox 1037 3355 1453 3424; x_wconf 74' lang='grc' dir='ltr'>Παράκλητον,</span> <span class='ocrx_word' id='word_1_311' title='bbox 1489 3362 1586 3430; x_wconf 75' lang='grc' dir='ltr'>τῆς</span> <span class='ocrx_word' id='word_1_312' title='bbox 1638 3361 1828 3424; x_wconf 78' lang='grc' dir='ltr'>οὐσίας</span> 
     </span>
    </p>
   </div>
   <div class='ocr_carea' id='block_1_51' title="bbox 241 3442 1827 3523">
    <p class='ocr_par' dir='ltr' id='par_1_51' title="bbox 241 3442 1827 3523">
     <span class='ocr_line' id='line_1_51' title="bbox 241 3442 1827 3523; baseline 0.008 -29"><span class='ocrx_word' id='word_1_313' title='bbox 241 3442 300 3494; x_wconf 67' lang='grc' dir='ltr'>τὸ</span> <span class='ocrx_word' id='word_1_314' title='bbox 338 3442 566 3513; x_wconf 83' lang='grc' dir='ltr'>ὅμοιον·</span> <span class='ocrx_word' id='word_1_315' title='bbox 621 3444 706 3498; x_wconf 69' lang='grc' dir='ltr'>ἳνα</span> <span class='ocrx_word' id='word_1_316' title='bbox 749 3445 806 3497; x_wconf 76' lang='grc' dir='ltr'>δὲ</span> <span class='ocrx_word' id='word_1_317' title='bbox 870 3447 945 3516; x_wconf 78' lang='grc' dir='ltr'><strong>μὴ</strong></span> <span class='ocrx_word' id='word_1_318' title='bbox 994 3448 1267 3516; x_wconf 73' lang='grc' dir='ltr'>νομίσωσι</span> <span class='ocrx_word' id='word_1_319' title='bbox 1330 3449 1827 3523; x_wconf 86' lang='grc' dir='ltr'>σαρκωθησόμενον</span> 
     </span>
    </p>
   </div>
   <div class='ocr_carea' id='block_1_52' title="bbox 243 3535 1817 3610">
    <p class='ocr_par' dir='ltr' id='par_1_52' title="bbox 243 3535 1817 3610">
     <span class='ocr_line' id='line_1_52' title="bbox 243 3535 1817 3610; baseline 0.008 -23"><span class='ocrx_word' id='word_1_320' title='bbox 243 3535 393 3598; x_wconf 78' lang='grc' dir='ltr'>αὐτὸ,</span> <span class='ocrx_word' id='word_1_321' title='bbox 421 3537 672 3610; x_wconf 66' lang='grc' dir='ltr'>ἐπιφέρει</span> <span class='ocrx_word' id='word_1_322' title='bbox 693 3556 708 3571; x_wconf 77' lang='grc' dir='ltr'><strong><em>ο</em></strong></span> <span class='ocrx_word' id='word_1_323' title='bbox 745 3540 816 3592; x_wconf 88' lang='grc' dir='ltr'><em>Ὃ</em></span> <span class='ocrx_word' id='word_1_324' title='bbox 851 3543 883 3594; x_wconf 76' lang='grc' dir='ltr'><em>ὁ</em></span> <span class='ocrx_word' id='word_1_325' title='bbox 909 3542 1136 3608; x_wconf 83' lang='grc' dir='ltr'>κόσμος</span> <span class='ocrx_word' id='word_1_326' title='bbox 1179 3543 1250 3595; x_wconf 82' lang='grc' dir='ltr'>οὐ</span> <span class='ocrx_word' id='word_1_327' title='bbox 1285 3541 1536 3596; x_wconf 73' lang='grc' dir='ltr'>δύναται</span> <span class='ocrx_word' id='word_1_328' title='bbox 1568 3545 1779 3600; x_wconf 77' lang='grc' dir='ltr'>λαϐεῖν</span> <span class='ocrx_word' id='word_1_329' title='bbox 1805 3565 1817 3576; x_wconf 90' lang='grc'><strong>·</strong></span> 
     </span>
    </p>
   </div>
   <div class='ocr_carea' id='block_1_53' title="bbox 244 3626 1181 3701">
    <p class='ocr_par' dir='ltr' id='par_1_53' title="bbox 244 3626 1181 3701">
     <span class='ocr_line' id='line_1_53' title="bbox 244 3626 1181 3701; baseline 0.004 -20"><span class='ocrx_word' id='word_1_330' title='bbox 244 3626 275 3695; x_wconf 82' lang='grc' dir='ltr'><strong>ἢ</strong></span> <span class='ocrx_word' id='word_1_331' title='bbox 308 3629 518 3698; x_wconf 83' lang='grc' dir='ltr'>κόσμον</span> <span class='ocrx_word' id='word_1_332' title='bbox 549 3629 674 3692; x_wconf 74' lang='grc' dir='ltr'>τοὺς</span> <span class='ocrx_word' id='word_1_333' title='bbox 705 3633 977 3701; x_wconf 79' lang='grc' dir='ltr'>πονηροὺς</span> <span class='ocrx_word' id='word_1_334' title='bbox 1008 3631 1181 3700; x_wconf 89' lang='grc' dir='ltr'>λέγει.</span> 
     </span>
    </p>
   </div>
   <div class='ocr_carea' id='block_1_54' title="bbox 315 3721 1830 3802">
    <p class='ocr_par' dir='ltr' id='par_1_54' title="bbox 315 3721 1830 3802">
     <span class='ocr_line' id='line_1_54' title="bbox 315 3721 1830 3802; baseline 0.006 -27"><span class='ocrx_word' id='word_1_335' title='bbox 315 3721 523 3787; x_wconf 82' lang='grc' dir='ltr'>Εἰπὼν,</span> <span class='ocrx_word' id='word_1_336' title='bbox 556 3723 638 3777; x_wconf 80' lang='grc' dir='ltr'><strong>ὅτι</strong></span> <span class='ocrx_word' id='word_1_337' title='bbox 679 3722 822 3794; x_wconf 74' lang='grc' dir='ltr'><strong>Ἐγὼ</strong></span> <span class='ocrx_word' id='word_1_338' title='bbox 845 3722 916 3785; x_wconf 71' lang='grc' dir='ltr'><strong>ζῶ</strong></span> <span class='ocrx_word' id='word_1_339' title='bbox 941 3725 1040 3778; x_wconf 74' lang='grc' dir='ltr'>καὶ</span> <span class='ocrx_word' id='word_1_340' title='bbox 1076 3725 1246 3795; x_wconf 82' lang='grc' dir='ltr'>ὑμεῖς</span> <span class='ocrx_word' id='word_1_341' title='bbox 1270 3726 1548 3795; x_wconf 77' lang='grc' dir='ltr'>ζήσεσθε,</span> <span class='ocrx_word' id='word_1_342' title='bbox 1580 3729 1702 3800; x_wconf 73' lang='grc' dir='ltr'>οὐχὶ</span> <span class='ocrx_word' id='word_1_343' title='bbox 1730 3731 1830 3802; x_wconf 82' lang='grc' dir='ltr'><strong>τὴν</strong></span> 
     </span>
    </p>
   </div>
   <div class='ocr_carea' id='block_1_55' title="bbox 250 3815 1826 3894">
    <p class='ocr_par' dir='ltr' id='par_1_55' title="bbox 250 3815 1826 3894">
     <span class='ocr_line' id='line_1_55' title="bbox 250 3815 1826 3894; baseline 0.005 -25"><span class='ocrx_word' id='word_1_344' title='bbox 250 3815 557 3888; x_wconf 76' lang='grc' dir='ltr'>παροῦσαν,</span> <span class='ocrx_word' id='word_1_345' title='bbox 593 3818 729 3873; x_wconf 73' lang='grc' dir='ltr'>ἀλλὰ</span> <span class='ocrx_word' id='word_1_346' title='bbox 759 3820 856 3890; x_wconf 76' lang='grc' dir='ltr'>τὴν</span> <span class='ocrx_word' id='word_1_347' title='bbox 889 3819 1190 3890; x_wconf 71' lang='grc' dir='ltr'>μέλλουσαν</span> <span class='ocrx_word' id='word_1_348' title='bbox 1212 3820 1360 3890; x_wconf 81' lang='grc' dir='ltr'>λέγει</span> <span class='ocrx_word' id='word_1_349' title='bbox 1391 3822 1559 3894; x_wconf 81' lang='grc' dir='ltr'>ζωήν.</span> <span class='ocrx_word' id='word_1_350' title='bbox 1596 3825 1716 3876; x_wconf 86' lang='grc' dir='ltr'>’Ότι</span> <span class='ocrx_word' id='word_1_351' title='bbox 1747 3825 1826 3889; x_wconf 83' lang='grc' dir='ltr'><strong>τὸ,</strong></span> 
     </span>
    </p>
   </div>
   <div class='ocr_carea' id='block_1_56' title="bbox 245 3907 1833 3984">
    <p class='ocr_par' dir='ltr' id='par_1_56' title="bbox 245 3907 1833 3984">
     <span class='ocr_line' id='line_1_56' title="bbox 245 3907 1833 3984; baseline 0.006 -24"><span class='ocrx_word' id='word_1_352' title='bbox 245 3907 451 3973; x_wconf 77' lang='grc' dir='ltr'>Καθὼς</span> <span class='ocrx_word' id='word_1_353' title='bbox 483 3909 806 3962; x_wconf 77' lang='grc' dir='ltr'>ἀπέστειλέ</span> <span class='ocrx_word' id='word_1_354' title='bbox 833 3928 928 3978; x_wconf 82' lang='grc' dir='ltr'><strong>με,</strong></span> <span class='ocrx_word' id='word_1_355' title='bbox 963 3911 1124 3977; x_wconf 77' lang='grc' dir='ltr'><strong>κάγὼ</strong></span> <span class='ocrx_word' id='word_1_356' title='bbox 1170 3912 1531 3967; x_wconf 72' lang='grc' dir='ltr'>ἀποστέλλω</span> <span class='ocrx_word' id='word_1_357' title='bbox 1565 3910 1741 3984; x_wconf 82' lang='grc' dir='ltr'>ὑμᾶς,</span> <span class='ocrx_word' id='word_1_358' title='bbox 1772 3916 1833 3969; x_wconf 73' lang='grc' dir='ltr'>τὸ</span> 
     </span>
    </p>
   </div>
   <div class='ocr_carea' id='block_1_57' title="bbox 247 3997 1830 4076">
    <p class='ocr_par' dir='ltr' id='par_1_57' title="bbox 247 3997 1830 4076">
     <span class='ocr_line' id='line_1_57' title="bbox 247 3997 1830 4076; baseline 0.007 -27"><span class='ocrx_word' id='word_1_359' title='bbox 247 3997 534 4066; x_wconf 84' lang='grc' dir='ltr'>ὁμοούσιον</span> <span class='ocrx_word' id='word_1_360' title='bbox 593 3998 761 4069; x_wconf 84' lang='grc' dir='ltr'>δηλοῖ.</span> <span class='ocrx_word' id='word_1_361' title='bbox 795 4000 857 4052; x_wconf 82' lang='lat' dir='ltr'><strong>Et</strong></span> <span class='ocrx_word' id='word_1_362' title='bbox 907 4002 1014 4071; x_wconf 85' lang='grc' dir='ltr'>γὰρ</span> <span class='ocrx_word' id='word_1_363' title='bbox 1053 4003 1127 4072; x_wconf 84' lang='grc' dir='ltr'>μὴ</span> <span class='ocrx_word' id='word_1_364' title='bbox 1183 4001 1356 4066; x_wconf 75' lang='grc' dir='ltr'>οὕτως</span> <span class='ocrx_word' id='word_1_365' title='bbox 1410 4005 1542 4057; x_wconf 79' lang='grc' dir='ltr'>αὐτὸ</span> <span class='ocrx_word' id='word_1_366' title='bbox 1588 4006 1830 4076; x_wconf 78' lang='grc' dir='ltr'>ἐκλαβὼ-</span> 
     </span>
    </p>
   </div>
   <div class='ocr_carea' id='block_1_58' title="bbox 251 4091 1650 4168">
    <p class='ocr_par' dir='ltr' id='par_1_58' title="bbox 251 4091 1650 4168">
     <span class='ocr_line' id='line_1_58' title="bbox 251 4091 1650 4168; baseline 0.006 -25"><span class='ocrx_word' id='word_1_367' title='bbox 251 4091 418 4160; x_wconf 70' lang='grc' dir='ltr'>μεθα,</span> <span class='ocrx_word' id='word_1_368' title='bbox 459 4093 611 4148; x_wconf 79' lang='grc' dir='ltr'>οὐδὲν</span> <span class='ocrx_word' id='word_1_369' title='bbox 635 4094 822 4148; x_wconf 82' lang='grc' dir='ltr'>διοίσει</span> <span class='ocrx_word' id='word_1_370' title='bbox 851 4097 959 4147; x_wconf 84' lang='grc' dir='ltr'><strong>τῶν</strong></span> <span class='ocrx_word' id='word_1_371' title='bbox 991 4096 1303 4149; x_wconf 80' lang='grc' dir='ltr'>ἀποστόλων</span> <span class='ocrx_word' id='word_1_372' title='bbox 1331 4099 1354 4150; x_wconf 84' lang='lat'><strong>6</strong></span> <span class='ocrx_word' id='word_1_373' title='bbox 1394 4098 1650 4168; x_wconf 84' lang='grc' dir='ltr'>Χριστός.</span> 
     </span>
    </p>
   </div>
   <div class='ocr_carea' id='block_1_59' title="bbox 323 4185 1829 4258">
    <p class='ocr_par' dir='ltr' id='par_1_59' title="bbox 323 4185 1829 4258">
     <span class='ocr_line' id='line_1_59' title="bbox 323 4185 1829 4258; baseline 0.004 -21"><span class='ocrx_word' id='word_1_374' title='bbox 323 4185 389 4238; x_wconf 85' lang='grc' dir='ltr'>Τί</span> <span class='ocrx_word' id='word_1_375' title='bbox 449 4187 563 4238; x_wconf 77' lang='grc' dir='ltr'>ἐστι</span> <span class='ocrx_word' id='word_1_376' title='bbox 607 4187 667 4240; x_wconf 87' lang='grc' dir='ltr'><strong>τὸ</strong></span> <span class='ocrx_word' id='word_1_377' title='bbox 716 4186 1007 4256; x_wconf 85' lang='grc' dir='ltr'>λεγόμενον</span> <span class='ocrx_word' id='word_1_378' title='bbox 1040 4205 1053 4219; x_wconf 90' lang='grc'><strong>·</strong></span> <span class='ocrx_word' id='word_1_379' title='bbox 1091 4188 1283 4257; x_wconf 77' lang='grc' dir='ltr'>Κύριε,</span> <span class='ocrx_word' id='word_1_380' title='bbox 1316 4190 1372 4243; x_wconf 84' lang='grc' dir='ltr'>τι</span> <span class='ocrx_word' id='word_1_381' title='bbox 1428 4189 1698 4258; x_wconf 74' lang='grc' dir='ltr'>γέγονεν,</span> <span class='ocrx_word' id='word_1_382' title='bbox 1737 4191 1829 4244; x_wconf 84' lang='grc' dir='ltr'>ὅτι</span> 
     </span>
    </p>
   </div>
   <div class='ocr_carea' id='block_1_60' title="bbox 251 4275 1830 4350">
    <p class='ocr_par' dir='ltr' id='par_1_60' title="bbox 251 4275 1830 4350">
     <span class='ocr_line' id='line_1_60' title="bbox 251 4275 1830 4350; baseline 0.004 -22"><span class='ocrx_word' id='word_1_383' title='bbox 251 4275 397 4344; x_wconf 71' lang='grc' dir='ltr'>ἡμῖν</span> <span class='ocrx_word' id='word_1_384' title='bbox 431 4276 674 4344; x_wconf 75' lang='grc' dir='ltr'>μέλλεις</span> <span class='ocrx_word' id='word_1_385' title='bbox 732 4277 1072 4347; x_wconf 63' lang='grc' dir='ltr'>ἐμφανίζειν</span> <span class='ocrx_word' id='word_1_386' title='bbox 1112 4279 1375 4333; x_wconf 78' lang='grc' dir='ltr'>σεαυτὸν</span> <span class='ocrx_word' id='word_1_387' title='bbox 1414 4283 1514 4334; x_wconf 79' lang='grc' dir='ltr'>καὶ</span> <span class='ocrx_word' id='word_1_388' title='bbox 1570 4283 1706 4350; x_wconf 77' lang='grc' dir='ltr'><strong>οὐχὶ</strong></span> <span class='ocrx_word' id='word_1_389' title='bbox 1750 4281 1830 4347; x_wconf 86' lang='grc' dir='ltr'>τῷ</span> 
     </span>
    </p>
   </div>
   <div class='ocr_carea' id='block_1_61' title="bbox 252 4371 1833 4446">
    <p class='ocr_par' dir='ltr' id='par_1_61' title="bbox 252 4371 1833 4446">
     <span class='ocr_line' id='line_1_61' title="bbox 252 4371 1833 4446; baseline 0.013 -24"><span class='ocrx_word' id='word_1_390' title='bbox 252 4371 498 4434; x_wconf 64' lang='lat' dir='ltr'><strong>eadem);</strong></span> <span class='ocrx_word' id='word_1_391' title='bbox 539 4371 819 4439; x_wconf 79' lang='grc' dir='ltr'>Ἐνόμιζον</span> <span class='ocrx_word' id='word_1_392' title='bbox 871 4372 1005 4442; x_wconf 85' lang='grc' dir='ltr'>δναρ</span> <span class='ocrx_word' id='word_1_393' title='bbox 1055 4373 1391 4444; x_wconf 71' lang='grc' dir='ltr'>ὀφθήσεσθαι</span> <span class='ocrx_word' id='word_1_394' title='bbox 1445 4375 1711 4446; x_wconf 69' lang='grc' dir='ltr'>αὐτοῖς,ἢ</span> <span class='ocrx_word' id='word_1_395' title='bbox 1758 4377 1833 4441; x_wconf 81' lang='grc' dir='ltr'><strong>ὡς</strong></span> 
     </span>
    </p>
   </div>
   <div class='ocr_carea' id='block_1_62' title="bbox 252 4463 915 4536">
    <p class='ocr_par' dir='ltr' id='par_1_62' title="bbox 252 4463 915 4536">
     <span class='ocr_line' id='line_1_62' title="bbox 252 4463 915 4536; baseline 0.006 -23"><span class='ocrx_word' id='word_1_396' title='bbox 252 4463 380 4526; x_wconf 77' lang='grc' dir='ltr'>τοὺς</span> <span class='ocrx_word' id='word_1_397' title='bbox 413 4465 641 4533; x_wconf 83' lang='grc' dir='ltr'>νεκροὺς</span> <span class='ocrx_word' id='word_1_398' title='bbox 675 4463 915 4536; x_wconf 83' lang='grc' dir='ltr'>ὁρῶμεν.</span> 
     </span>
    </p>
   </div>
   <div class='ocr_carea' id='block_1_63' title="bbox 1923 1997 3509 2070">
    <p class='ocr_par' dir='ltr' id='par_1_63' title="bbox 1923 1997 3509 2070">
     <span class='ocr_line' id='line_1_63' title="bbox 1923 1997 3509 2070; baseline 0.003 -23"><span class='ocrx_word' id='word_1_399' title='bbox 1923 1997 2254 2052; x_wconf 66' lang='grc' dir='ltr'>υαιιὶεΡΝοη</span> <span class='ocrx_word' id='word_1_400' title='bbox 2285 2001 2474 2060; x_wconf 83' lang='lat' dir='ltr'><strong>volens</strong></span> <span class='ocrx_word' id='word_1_401' title='bbox 2531 2011 2740 2060; x_wconf 87' lang='lat' dir='ltr'><strong>tantum</strong></span> <span class='ocrx_word' id='word_1_402' title='bbox 2793 2003 2960 2064; x_wconf 89' lang='lat' dir='ltr'><strong>scire,</strong></span> <span class='ocrx_word' id='word_1_403' title='bbox 3021 2009 3288 2070; x_wconf 86' lang='lat' dir='ltr'><strong>quantum</strong></span> <span class='ocrx_word' id='word_1_404' title='bbox 3351 1999 3509 2070; x_wconf 86' lang='lat' dir='ltr'><strong>sequi</strong></span> 
     </span>
    </p>
   </div>
   <div class='ocr_carea' id='block_1_64' title="bbox 1922 2087 2496 2150">
    <p class='ocr_par' dir='ltr' id='par_1_64' title="bbox 1922 2087 2496 2150">
     <span class='ocr_line' id='line_1_64' title="bbox 1922 2087 2496 2150; baseline 0.016 -11"><span class='ocrx_word' id='word_1_405' title='bbox 1922 2087 1993 2140; x_wconf 90' lang='lat' dir='ltr'><strong>oh</strong></span> <span class='ocrx_word' id='word_1_406' title='bbox 2019 2104 2178 2148; x_wconf 84' lang='lat' dir='ltr'><strong>suum</strong></span> <span class='ocrx_word' id='word_1_407' title='bbox 2219 2092 2496 2150; x_wconf 85' lang='lat' dir='ltr'><strong>ardorem.</strong></span> 
     </span>
    </p>
   </div>
   <div class='ocr_carea' id='block_1_65' title="bbox 2479 2239 2910 2296">
    <p class='ocr_par' dir='ltr' id='par_1_65' title="bbox 2479 2239 2910 2296">
     <span class='ocr_line' id='line_1_65' title="bbox 2479 2239 2910 2296; baseline -0.007 0"><span class='ocrx_word' id='word_1_408' title='bbox 2479 2239 2709 2296; x_wconf 71' lang='lat' dir='ltr'><strong>CAPUT</strong></span> <span class='ocrx_word' id='word_1_409' title='bbox 2773 2239 2910 2294; x_wconf 76' lang='lat' dir='ltr'><strong>XIV.</strong></span> 
     </span>
    </p>
   </div>
   <div class='ocr_carea' id='block_1_66' title="bbox 1981 2367 3506 2432">
    <p class='ocr_par' dir='ltr' id='par_1_66' title="bbox 1981 2367 3506 2432">
     <span class='ocr_line' id='line_1_66' title="bbox 1981 2367 3506 2432; baseline -0.003 -8"><span class='ocrx_word' id='word_1_410' title='bbox 1981 2370 2148 2429; x_wconf 78' lang='lat' dir='ltr'><strong>Vens.</strong></span> <span class='ocrx_word' id='word_1_411' title='bbox 2202 2370 2247 2426; x_wconf 80' lang='grc' dir='ltr'><strong>ί.</strong></span> <span class='ocrx_word' id='word_1_412' title='bbox 2305 2369 2534 2426; x_wconf 71' lang='lat' dir='ltr'><strong>Creditis</strong></span> <span class='ocrx_word' id='word_1_413' title='bbox 2595 2369 2648 2421; x_wconf 86' lang='lat' dir='ltr'><strong>in</strong></span> <span class='ocrx_word' id='word_1_414' title='bbox 2714 2367 2902 2432; x_wconf 82' lang='lat' dir='ltr'><strong>Deum,</strong></span> <span class='ocrx_word' id='word_1_415' title='bbox 2969 2377 3016 2420; x_wconf 84' lang='lat' dir='ltr'><strong>et</strong></span> <span class='ocrx_word' id='word_1_416' title='bbox 3044 2370 3096 2420; x_wconf 85' lang='lat' dir='ltr'><strong>in</strong></span> <span class='ocrx_word' id='word_1_417' title='bbox 3127 2383 3207 2421; x_wconf 86' lang='lat' dir='ltr'><strong>me</strong></span> <span class='ocrx_word' id='word_1_418' title='bbox 3271 2367 3506 2429; x_wconf 82' lang='lat' dir='ltr'><strong>credite;</strong></span> 
     </span>
    </p>
   </div>
   <div class='ocr_carea' id='block_1_67' title="bbox 1926 2461 2856 2520">
    <p class='ocr_par' dir='ltr' id='par_1_67' title="bbox 1926 2461 2856 2520">
     <span class='ocr_line' id='line_1_67' title="bbox 1926 2461 2856 2520; baseline -0.01 0"><span class='ocrx_word' id='word_1_419' title='bbox 1926 2462 2559 2520; x_wconf 86' lang='lat' dir='ltr'><strong>censubstantialitatem</strong></span> <span class='ocrx_word' id='word_1_420' title='bbox 2596 2461 2856 2517; x_wconf 85' lang='lat' dir='ltr'><strong>ostendit.</strong></span> 
     </span>
    </p>
   </div>
   <div class='ocr_carea' id='block_1_68' title="bbox 1999 2550 3508 2619">
    <p class='ocr_par' dir='ltr' id='par_1_68' title="bbox 1999 2550 3508 2619">
     <span class='ocr_line' id='line_1_68' title="bbox 1999 2550 3508 2619; baseline -0.004 -13"><span class='ocrx_word' id='word_1_421' title='bbox 1999 2554 2161 2609; x_wconf 79' lang='lat' dir='ltr'><strong>Vens.</strong></span> <span class='ocrx_word' id='word_1_422' title='bbox 2190 2554 2244 2610; x_wconf 86' lang='lat'><strong>5.</strong></span> <span class='ocrx_word' id='word_1_423' title='bbox 2274 2552 2474 2607; x_wconf 88' lang='lat' dir='ltr'><strong>Dicens</strong></span> <span class='ocrx_word' id='word_1_424' title='bbox 2507 2553 2772 2615; x_wconf 83' lang='lat' dir='ltr'><strong>Thomas,</strong></span> <span class='ocrx_word' id='word_1_425' title='bbox 2818 2551 3056 2611; x_wconf 84' lang='lat' dir='ltr'><strong>Domine,</strong></span> <span class='ocrx_word' id='word_1_426' title='bbox 3091 2550 3352 2603; x_wconf 81' lang='lat' dir='ltr'><strong>nescimus</strong></span> <span class='ocrx_word' id='word_1_427' title='bbox 3407 2565 3508 2619; x_wconf 85' lang='lat' dir='ltr'><strong>quo</strong></span> 
     </span>
    </p>
   </div>
   <div class='ocr_carea' id='block_1_69' title="bbox 1926 2644 2829 2712">
    <p class='ocr_par' dir='ltr' id='par_1_69' title="bbox 1926 2644 2829 2712">
     <span class='ocr_line' id='line_1_69' title="bbox 1926 2644 2829 2712; baseline -0.006 -12"><span class='ocrx_word' id='word_1_428' title='bbox 1926 2647 2102 2709; x_wconf 78' lang='lat' dir='ltr'><strong>vadis,</strong></span> <span class='ocrx_word' id='word_1_429' title='bbox 2138 2660 2198 2700; x_wconf 91' lang='lat' dir='ltr'><strong>ea</strong></span> <span class='ocrx_word' id='word_1_430' title='bbox 2229 2644 2526 2699; x_wconf 87' lang='lat' dir='ltr'><strong>timiditate</strong></span> <span class='ocrx_word' id='word_1_431' title='bbox 2561 2644 2829 2712; x_wconf 89' lang='lat' dir='ltr'><strong>loquitur.</strong></span> 
     </span>
    </p>
   </div>
   <div class='ocr_carea' id='block_1_70' title="bbox 2001 2733 3499 2802">
    <p class='ocr_par' dir='ltr' id='par_1_70' title="bbox 2001 2733 3499 2802">
     <span class='ocr_line' id='line_1_70' title="bbox 2001 2733 3499 2802; baseline 0 -16"><span class='ocrx_word' id='word_1_432' title='bbox 2001 2736 2161 2792; x_wconf 74' lang='lat' dir='ltr'><strong>Vens.</strong></span> <span class='ocrx_word' id='word_1_433' title='bbox 2191 2738 2244 2791; x_wconf 90' lang='lat'><strong>8.</strong></span> <span class='ocrx_word' id='word_1_434' title='bbox 2294 2733 2520 2790; x_wconf 83' lang='lat' dir='ltr'><strong>Ostende</strong></span> <span class='ocrx_word' id='word_1_435' title='bbox 2559 2736 2706 2788; x_wconf 83' lang='lat' dir='ltr'><strong>nobis</strong></span> <span class='ocrx_word' id='word_1_436' title='bbox 2753 2734 2989 2798; x_wconf 76' lang='lat' dir='ltr'><strong>Patrem,</strong></span> <span class='ocrx_word' id='word_1_437' title='bbox 3027 2743 3074 2788; x_wconf 88' lang='lat' dir='ltr'><strong>et</strong></span> <span class='ocrx_word' id='word_1_438' title='bbox 3113 2734 3298 2802; x_wconf 71' lang='lat' dir='ltr'><strong>stt/[icit</strong></span> <span class='ocrx_word' id='word_1_439' title='bbox 3328 2733 3499 2786; x_wconf 76' lang='lat' dir='ltr'><strong>nobis.</strong></span> 
     </span>
    </p>
   </div>
   <div class='ocr_carea' id='block_1_71' title="bbox 1926 2825 3513 2898">
    <p class='ocr_par' dir='ltr' id='par_1_71' title="bbox 1926 2825 3513 2898">
     <span class='ocr_line' id='line_1_71' title="bbox 1926 2825 3513 2898; baseline -0.004 -14"><span class='ocrx_word' id='word_1_440' title='bbox 1926 2829 2314 2898; x_wconf 78' lang='lat' dir='ltr'><strong>Corpornlibus</strong></span> <span class='ocrx_word' id='word_1_441' title='bbox 2347 2827 2522 2882; x_wconf 89' lang='lat' dir='ltr'><strong>oculis</strong></span> <span class='ocrx_word' id='word_1_442' title='bbox 2575 2827 2802 2898; x_wconf 78' lang='lat' dir='ltr'><strong>rogabat</strong></span> <span class='ocrx_word' id='word_1_443' title='bbox 2828 2827 3034 2884; x_wconf 83' lang='lat' dir='ltr'><strong>videre.</strong></span> <span class='ocrx_word' id='word_1_444' title='bbox 3087 2825 3162 2878; x_wconf 76' lang='lat' dir='ltr'><strong>Ex</strong></span> <span class='ocrx_word' id='word_1_445' title='bbox 3200 2843 3308 2896; x_wconf 86' lang='lat' dir='ltr'><strong>quo</strong></span> <span class='ocrx_word' id='word_1_446' title='bbox 3337 2825 3513 2879; x_wconf 84' lang='lat' dir='ltr'><strong>Filius</strong></span> 
     </span>
    </p>
   </div>
   <div class='ocr_carea' id='block_1_72' title="bbox 1929 2916 3516 2990">
    <p class='ocr_par' dir='ltr' id='par_1_72' title="bbox 1929 2916 3516 2990">
     <span class='ocr_line' id='line_1_72' title="bbox 1929 2916 3516 2990; baseline -0.005 -13"><span class='ocrx_word' id='word_1_447' title='bbox 1929 2922 2172 2990; x_wconf 60' lang='lat' dir='ltr'><strong>snlijicit.</strong></span> <span class='ocrx_word' id='word_1_448' title='bbox 2229 2918 2349 2974; x_wconf 86' lang='lat' dir='ltr'><strong>Non</strong></span> <span class='ocrx_word' id='word_1_449' title='bbox 2385 2920 2700 2989; x_wconf 67' lang='lat' dir='ltr'><strong>cognovisti;</strong></span> <span class='ocrx_word' id='word_1_450' title='bbox 2734 2935 2835 2986; x_wconf 85' lang='lat' dir='ltr'><strong>me,</strong></span> <span class='ocrx_word' id='word_1_451' title='bbox 2874 2919 2978 2973; x_wconf 86' lang='lat' dir='ltr'><strong>hoc</strong></span> <span class='ocrx_word' id='word_1_452' title='bbox 2999 2926 3084 2973; x_wconf 89' lang='lat' dir='ltr'><strong>cst</strong></span> <span class='ocrx_word' id='word_1_453' title='bbox 3131 2917 3240 2982; x_wconf 79' lang='lat' dir='ltr'><strong>ille,</strong></span> <span class='ocrx_word' id='word_1_454' title='bbox 3267 2916 3413 2986; x_wconf 87' lang='lat' dir='ltr'><strong>quod</strong></span> <span class='ocrx_word' id='word_1_455' title='bbox 3431 2926 3516 2971; x_wconf 85' lang='lat' dir='ltr'><strong>est</strong></span> 
     </span>
    </p>
   </div>
   <div class='ocr_carea' id='block_1_73' title="bbox 1929 3011 3556 3081">
    <p class='ocr_par' dir='ltr' id='par_1_73' title="bbox 1929 3011 3556 3081">
     <span class='ocr_line' id='line_1_73' title="bbox 1929 3011 3556 3081; baseline 0.01 -16"><span class='ocrx_word' id='word_1_456' title='bbox 1929 3011 2111 3067; x_wconf 83' lang='lat' dir='ltr'><strong>Pater.</strong></span> <span class='ocrx_word' id='word_1_457' title='bbox 3554 3079 3556 3081; x_wconf 74' lang='lat'><strong>.</strong></span> 
     </span>
    </p>
   </div>
   <div class='ocr_carea' id='block_1_74' title="bbox 2002 3100 3518 3162">
    <p class='ocr_par' dir='ltr' id='par_1_74' title="bbox 2002 3100 3518 3162">
     <span class='ocr_line' id='line_1_74' title="bbox 2002 3100 3518 3162; baseline -0.001 -7"><span class='ocrx_word' id='word_1_458' title='bbox 2002 3104 2168 3159; x_wconf 71' lang='lat' dir='ltr'><strong>Vens.</strong></span> <span class='ocrx_word' id='word_1_459' title='bbox 2212 3103 2295 3161; x_wconf 78' lang='grc'><strong>16.</strong></span> <span class='ocrx_word' id='word_1_460' title='bbox 2333 3103 2444 3158; x_wconf 88' lang='lat' dir='ltr'><strong>Cur</strong></span> <span class='ocrx_word' id='word_1_461' title='bbox 2494 3103 2669 3158; x_wconf 87' lang='lat' dir='ltr'><strong>dicit:</strong></span> <span class='ocrx_word' id='word_1_462' title='bbox 2711 3101 2893 3156; x_wconf 82' lang='lat' dir='ltr'><strong>Alium</strong></span> <span class='ocrx_word' id='word_1_463' title='bbox 2925 3101 3269 3162; x_wconf 81' lang='lat' dir='ltr'><strong>Paracletum</strong></span> <span class='ocrx_word' id='word_1_464' title='bbox 3302 3100 3518 3154; x_wconf 74' lang='lat' dir='ltr'><strong>mittet?</strong></span> 
     </span>
    </p>
   </div>
   <div class='ocr_carea' id='block_1_75' title="bbox 1857 3192 3509 3292">
    <p class='ocr_par' dir='ltr' id='par_1_75' title="bbox 1857 3192 3509 3292">
     <span class='ocr_line' id='line_1_75' title="bbox 1857 3192 3509 3292; baseline -0.003 -43"><span class='ocrx_word' id='word_1_465' title='bbox 1857 3233 1902 3292; x_wconf 68' lang='grc' dir='ltr'>ο</span> <span class='ocrx_word' id='word_1_466' title='bbox 1933 3196 2285 3256; x_wconf 79' lang='lat' dir='ltr'><strong>Confundens</strong></span> <span class='ocrx_word' id='word_1_467' title='bbox 2319 3195 2666 3249; x_wconf 79' lang='lat' dir='ltr'><strong>Sabellianos</strong></span> <span class='ocrx_word' id='word_1_468' title='bbox 2705 3203 2757 3248; x_wconf 89' lang='lat' dir='ltr'><strong>et</strong></span> <span class='ocrx_word' id='word_1_469' title='bbox 2790 3194 3053 3248; x_wconf 79' lang='lat' dir='ltr'><strong>Arianos.</strong></span> <span class='ocrx_word' id='word_1_470' title='bbox 3094 3192 3336 3247; x_wconf 83' lang='lat' dir='ltr'><strong>Dicendo</strong></span> <span class='ocrx_word' id='word_1_471' title='bbox 3365 3193 3509 3246; x_wconf 87' lang='lat' dir='ltr'><strong>enim</strong></span> 
     </span>
    </p>
   </div>
   <div class='ocr_carea' id='block_1_76' title="bbox 1933 3284 3516 3356">
    <p class='ocr_par' dir='ltr' id='par_1_76' title="bbox 1933 3284 3516 3356">
     <span class='ocr_line' id='line_1_76' title="bbox 1933 3284 3516 3356; baseline -0.005 -16"><span class='ocrx_word' id='word_1_472' title='bbox 1933 3287 2121 3352; x_wconf 84' lang='lat' dir='ltr'><strong>alium,</strong></span> <span class='ocrx_word' id='word_1_473' title='bbox 2195 3302 2443 3356; x_wconf 71' lang='lat' dir='ltr'><strong>personae</strong></span> <span class='ocrx_word' id='word_1_474' title='bbox 2498 3285 2872 3340; x_wconf 74' lang='lat' dir='ltr'><strong>diversitatem</strong></span> <span class='ocrx_word' id='word_1_475' title='bbox 2935 3285 3208 3350; x_wconf 87' lang='lat' dir='ltr'><strong>ostendit;</strong></span> <span class='ocrx_word' id='word_1_476' title='bbox 3279 3284 3516 3339; x_wconf 85' lang='lat' dir='ltr'><strong>dicendo</strong></span> 
     </span>
    </p>
   </div>
   <div class='ocr_carea' id='block_1_77' title="bbox 1929 3375 3515 3444">
    <p class='ocr_par' dir='ltr' id='par_1_77' title="bbox 1929 3375 3515 3444">
     <span class='ocr_line' id='line_1_77' title="bbox 1929 3375 3515 3444; baseline -0.004 -10"><span class='ocrx_word' id='word_1_477' title='bbox 1929 3389 2110 3434; x_wconf 86' lang='lat' dir='ltr'><strong>autem</strong></span> <span class='ocrx_word' id='word_1_478' title='bbox 2143 3378 2510 3444; x_wconf 86' lang='lat' dir='ltr'><strong>Paraclemm,</strong></span> <span class='ocrx_word' id='word_1_479' title='bbox 2558 3378 2885 3433; x_wconf 73' lang='lat' dir='ltr'><strong>substantiae</strong></span> <span class='ocrx_word' id='word_1_480' title='bbox 2941 3375 3406 3440; x_wconf 87' lang='lat' dir='ltr'><strong>similitudinem;</strong></span> <span class='ocrx_word' id='word_1_481' title='bbox 3458 3385 3515 3428; x_wconf 89' lang='lat' dir='ltr'><strong>ut</strong></span> 
     </span>
    </p>
   </div>
   <div class='ocr_carea' id='block_1_78' title="bbox 1930 3463 3515 3540">
    <p class='ocr_par' dir='ltr' id='par_1_78' title="bbox 1930 3463 3515 3540">
     <span class='ocr_line' id='line_1_78' title="bbox 1930 3463 3515 3540; baseline -0.004 -16"><span class='ocrx_word' id='word_1_482' title='bbox 1930 3487 2038 3527; x_wconf 89' lang='lat' dir='ltr'><strong>non</strong></span> <span class='ocrx_word' id='word_1_483' title='bbox 2069 3478 2260 3540; x_wconf 86' lang='lat' dir='ltr'><strong>putant</strong></span> <span class='ocrx_word' id='word_1_484' title='bbox 2287 3485 2410 3524; x_wconf 88' lang='lat' dir='ltr'><strong>eum</strong></span> <span class='ocrx_word' id='word_1_485' title='bbox 2470 3470 2810 3524; x_wconf 81' lang='lat' dir='ltr'><strong>incarnatum</strong></span> <span class='ocrx_word' id='word_1_486' title='bbox 2870 3482 3012 3531; x_wconf 86' lang='lat' dir='ltr'><strong>esse,</strong></span> <span class='ocrx_word' id='word_1_487' title='bbox 3043 3465 3264 3531; x_wconf 77' lang='lat' dir='ltr'><strong>subjicit</strong></span> <span class='ocrx_word' id='word_1_488' title='bbox 3296 3483 3306 3517; x_wconf 91' lang='lat'><strong>:</strong></span> <span class='ocrx_word' id='word_1_489' title='bbox 3347 3463 3515 3530; x_wconf 77' lang='lat' dir='ltr'><strong>Quem</strong></span> 
     </span>
    </p>
   </div>
   <div class='ocr_carea' id='block_1_79' title="bbox 1932 3557 3516 3630">
    <p class='ocr_par' dir='ltr' id='par_1_79' title="bbox 1932 3557 3516 3630">
     <span class='ocr_line' id='line_1_79' title="bbox 1932 3557 3516 3630; baseline -0.006 -12"><span class='ocrx_word' id='word_1_490' title='bbox 1932 3563 2161 3618; x_wconf 85' lang='lat' dir='ltr'><strong>mundus</strong></span> <span class='ocrx_word' id='word_1_491' title='bbox 2200 3578 2300 3619; x_wconf 84' lang='lat' dir='ltr'><strong>nun</strong></span> <span class='ocrx_word' id='word_1_492' title='bbox 2352 3570 2522 3630; x_wconf 79' lang='lat' dir='ltr'><strong>potest</strong></span> <span class='ocrx_word' id='word_1_493' title='bbox 2568 3561 2840 3629; x_wconf 84' lang='lat' dir='ltr'><strong>accipere;</strong></span> <span class='ocrx_word' id='word_1_494' title='bbox 2879 3574 2973 3628; x_wconf 89' lang='lat' dir='ltr'><strong>per</strong></span> <span class='ocrx_word' id='word_1_495' title='bbox 3031 3558 3295 3611; x_wconf 77' lang='lat' dir='ltr'><strong>mtmdum</strong></span> <span class='ocrx_word' id='word_1_496' title='bbox 3344 3557 3516 3610; x_wconf 86' lang='lat' dir='ltr'><strong>malos</strong></span> 
     </span>
    </p>
   </div>
   <div class='ocr_carea' id='block_1_80' title="bbox 1933 3659 2202 3727">
    <p class='ocr_par' dir='ltr' id='par_1_80' title="bbox 1933 3659 2202 3727">
     <span class='ocr_line' id='line_1_80' title="bbox 1933 3659 2202 3727; baseline 0.011 -16"><span class='ocrx_word' id='word_1_497' title='bbox 1933 3659 2202 3727; x_wconf 78' lang='lat' dir='ltr'><strong>designat.</strong></span> 
     </span>
    </p>
   </div>
   <div class='ocr_carea' id='block_1_81' title="bbox 2008 3742 3515 3815">
    <p class='ocr_par' dir='ltr' id='par_1_81' title="bbox 2008 3742 3515 3815">
     <span class='ocr_line' id='line_1_81' title="bbox 2008 3742 3515 3815; baseline -0.006 -13"><span class='ocrx_word' id='word_1_498' title='bbox 2008 3749 2174 3802; x_wconf 73' lang='lat' dir='ltr'><strong>Vens.</strong></span> <span class='ocrx_word' id='word_1_499' title='bbox 2211 3747 2297 3804; x_wconf 82' lang='grc'><strong>19.</strong></span> <span class='ocrx_word' id='word_1_500' title='bbox 2339 3746 2574 3803; x_wconf 83' lang='lat' dir='ltr'><strong>Dicendo</strong></span> <span class='ocrx_word' id='word_1_501' title='bbox 2615 3762 2628 3798; x_wconf 87' lang='lat'><strong>:</strong></span> <span class='ocrx_word' id='word_1_502' title='bbox 2660 3744 2768 3815; x_wconf 89' lang='lat' dir='ltr'><strong>Ego</strong></span> <span class='ocrx_word' id='word_1_503' title='bbox 2800 3745 2912 3799; x_wconf 74' lang='lat' dir='ltr'><strong>rivo</strong></span> <span class='ocrx_word' id='word_1_504' title='bbox 2947 3751 3102 3797; x_wconf 84' lang='lat' dir='ltr'><strong>etvos</strong></span> <span class='ocrx_word' id='word_1_505' title='bbox 3155 3742 3357 3802; x_wconf 73' lang='lat' dir='ltr'><strong>vinetis,</strong></span> <span class='ocrx_word' id='word_1_506' title='bbox 3409 3756 3515 3793; x_wconf 87' lang='lat' dir='ltr'><strong>non</strong></span> 
     </span>
    </p>
   </div>
   <div class='ocr_carea' id='block_1_82' title="bbox 1935 3830 3520 3904">
    <p class='ocr_par' dir='ltr' id='par_1_82' title="bbox 1935 3830 3520 3904">
     <span class='ocr_line' id='line_1_82' title="bbox 1935 3830 3520 3904; baseline -0.004 -16"><span class='ocrx_word' id='word_1_507' title='bbox 1935 3843 2280 3904; x_wconf 72' lang='lat' dir='ltr'><strong>przesentem,</strong></span> <span class='ocrx_word' id='word_1_508' title='bbox 2330 3839 2424 3891; x_wconf 89' lang='lat' dir='ltr'><strong>sed</strong></span> <span class='ocrx_word' id='word_1_509' title='bbox 2482 3833 2720 3890; x_wconf 75' lang='lat' dir='ltr'><strong>futuram</strong></span> <span class='ocrx_word' id='word_1_510' title='bbox 2791 3834 2959 3887; x_wconf 80' lang='lat' dir='ltr'><strong>vitam</strong></span> <span class='ocrx_word' id='word_1_511' title='bbox 3020 3833 3278 3902; x_wconf 81' lang='lat' dir='ltr'><strong>loquitur.</strong></span> <span class='ocrx_word' id='word_1_512' title='bbox 3358 3830 3520 3884; x_wconf 85' lang='lat' dir='ltr'><strong>Sicut</strong></span> 
     </span>
    </p>
   </div>
   <div class='ocr_carea' id='block_1_83' title="bbox 1936 3923 3581 3996">
    <p class='ocr_par' dir='ltr' id='par_1_83' title="bbox 1936 3923 3581 3996">
     <span class='ocr_line' id='line_1_83' title="bbox 1936 3923 3581 3996; baseline -0.004 -16"><span class='ocrx_word' id='word_1_513' title='bbox 1936 3929 2082 3980; x_wconf 77' lang='lat' dir='ltr'><strong>misit</strong></span> <span class='ocrx_word' id='word_1_514' title='bbox 2134 3943 2232 3993; x_wconf 87' lang='lat' dir='ltr'><strong>me,</strong></span> <span class='ocrx_word' id='word_1_515' title='bbox 2283 3936 2332 3980; x_wconf 88' lang='lat' dir='ltr'><strong>et</strong></span> <span class='ocrx_word' id='word_1_516' title='bbox 2401 3943 2492 3996; x_wconf 89' lang='lat' dir='ltr'><strong>ego</strong></span> <span class='ocrx_word' id='word_1_517' title='bbox 2526 3929 2679 3982; x_wconf 88' lang='lat' dir='ltr'><strong>mitto</strong></span> <span class='ocrx_word' id='word_1_518' title='bbox 2720 3942 2838 3988; x_wconf 82' lang='lat' dir='ltr'><strong>vos,</strong></span> <span class='ocrx_word' id='word_1_519' title='bbox 2891 3923 3516 3980; x_wconf 86' lang='lat' dir='ltr'><strong>consuhstantialitatem</strong></span> <span class='ocrx_word' id='word_1_520' title='bbox 3574 3981 3581 3987; x_wconf 31' lang='grc' dir='ltr'>θ</span> 
     </span>
    </p>
   </div>
   <div class='ocr_carea' id='block_1_84' title="bbox 1937 4016 3521 4089">
    <p class='ocr_par' dir='ltr' id='par_1_84' title="bbox 1937 4016 3521 4089">
     <span class='ocr_line' id='line_1_84' title="bbox 1937 4016 3521 4089; baseline -0.002 -17"><span class='ocrx_word' id='word_1_521' title='bbox 1937 4020 2198 4073; x_wconf 84' lang='lat' dir='ltr'><strong>ostendit.</strong></span> <span class='ocrx_word' id='word_1_522' title='bbox 2246 4019 2301 4072; x_wconf 90' lang='lat' dir='ltr'><strong>Si</strong></span> <span class='ocrx_word' id='word_1_523' title='bbox 2340 4021 2486 4074; x_wconf 78' lang='lat' dir='ltr'><strong>enim</strong></span> <span class='ocrx_word' id='word_1_524' title='bbox 2530 4035 2638 4073; x_wconf 92' lang='lat' dir='ltr'><strong>non</strong></span> <span class='ocrx_word' id='word_1_525' title='bbox 2673 4020 2744 4073; x_wconf 85' lang='lat' dir='ltr'><strong>ita</strong></span> <span class='ocrx_word' id='word_1_526' title='bbox 2787 4020 2838 4073; x_wconf 92' lang='lat' dir='ltr'><strong>id</strong></span> <span class='ocrx_word' id='word_1_527' title='bbox 2895 4019 3342 4089; x_wconf 81' lang='lat' dir='ltr'><strong>intelligeremns,</strong></span> <span class='ocrx_word' id='word_1_528' title='bbox 3386 4016 3521 4069; x_wconf 66' lang='lat' dir='ltr'><strong>nihil</strong></span> 
     </span>
    </p>
   </div>
   <div class='ocr_carea' id='block_1_85' title="bbox 1935 4111 2888 4181">
    <p class='ocr_par' dir='ltr' id='par_1_85' title="bbox 1935 4111 2888 4181">
     <span class='ocr_line' id='line_1_85' title="bbox 1935 4111 2888 4181; baseline -0.002 -15"><span class='ocrx_word' id='word_1_529' title='bbox 1935 4111 2176 4166; x_wconf 80' lang='lat' dir='ltr'><strong>dill‘errct</strong></span> <span class='ocrx_word' id='word_1_530' title='bbox 2208 4112 2276 4165; x_wconf 80' lang='lat' dir='ltr'><strong>ab</strong></span> <span class='ocrx_word' id='word_1_531' title='bbox 2307 4113 2571 4181; x_wconf 87' lang='lat' dir='ltr'><strong>apostolis</strong></span> <span class='ocrx_word' id='word_1_532' title='bbox 2605 4111 2888 4165; x_wconf 81' lang='lat' dir='ltr'><strong>Christus.</strong></span> 
     </span>
    </p>
   </div>
   <div class='ocr_carea' id='block_1_86' title="bbox 2010 4200 3520 4272">
    <p class='ocr_par' dir='ltr' id='par_1_86' title="bbox 2010 4200 3520 4272">
     <span class='ocr_line' id='line_1_86' title="bbox 2010 4200 3520 4272; baseline -0.003 -16"><span class='ocrx_word' id='word_1_533' title='bbox 2010 4203 2173 4260; x_wconf 72' lang='lat' dir='ltr'><strong>Vens.</strong></span> <span class='ocrx_word' id='word_1_534' title='bbox 2205 4203 2296 4256; x_wconf 53' lang='lat'><strong>22.</strong></span> <span class='ocrx_word' id='word_1_535' title='bbox 2326 4202 2466 4269; x_wconf 85' lang='lat' dir='ltr'><strong>Quid</strong></span> <span class='ocrx_word' id='word_1_536' title='bbox 2500 4211 2584 4257; x_wconf 86' lang='lat' dir='ltr'><strong>est</strong></span> <span class='ocrx_word' id='word_1_537' title='bbox 2630 4203 2773 4272; x_wconf 83' lang='lat' dir='ltr'><strong>quod</strong></span> <span class='ocrx_word' id='word_1_538' title='bbox 2823 4203 3062 4256; x_wconf 86' lang='lat' dir='ltr'><strong>dicitur:</strong></span> <span class='ocrx_word' id='word_1_539' title='bbox 3106 4202 3346 4261; x_wconf 84' lang='lat' dir='ltr'><strong>Domine,</strong></span> <span class='ocrx_word' id='word_1_540' title='bbox 3393 4200 3520 4269; x_wconf 82' lang='lat' dir='ltr'><strong>quid</strong></span> 
     </span>
    </p>
   </div>
   <div class='ocr_carea' id='block_1_87' title="bbox 1937 4294 3522 4364">
    <p class='ocr_par' dir='ltr' id='par_1_87' title="bbox 1937 4294 3522 4364">
     <span class='ocr_line' id='line_1_87' title="bbox 1937 4294 3522 4364; baseline -0.003 -17"><span class='ocrx_word' id='word_1_541' title='bbox 1937 4295 2136 4364; x_wconf 79' lang='lat' dir='ltr'><strong>factum</strong></span> <span class='ocrx_word' id='word_1_542' title='bbox 2160 4305 2258 4360; x_wconf 82' lang='lat' dir='ltr'><strong>est,</strong></span> <span class='ocrx_word' id='word_1_543' title='bbox 2290 4297 2415 4364; x_wconf 85' lang='lat' dir='ltr'><strong>quia</strong></span> <span class='ocrx_word' id='word_1_544' title='bbox 2444 4295 2591 4348; x_wconf 80' lang='lat' dir='ltr'><strong>nobis</strong></span> <span class='ocrx_word' id='word_1_545' title='bbox 2624 4294 3069 4364; x_wconf 75' lang='lat' dir='ltr'><strong>manifestaturus</strong></span> <span class='ocrx_word' id='word_1_546' title='bbox 3102 4310 3154 4346; x_wconf 82' lang='lat' dir='ltr'><strong>es</strong></span> <span class='ocrx_word' id='word_1_547' title='bbox 3186 4304 3232 4346; x_wconf 88' lang='lat' dir='ltr'><strong>te</strong></span> <span class='ocrx_word' id='word_1_548' title='bbox 3264 4295 3438 4360; x_wconf 82' lang='lat' dir='ltr'><strong>ipsum</strong></span> <span class='ocrx_word' id='word_1_549' title='bbox 3471 4301 3522 4343; x_wconf 85' lang='lat' dir='ltr'><strong>et</strong></span> 
     </span>
    </p>
   </div>
   <div class='ocr_carea' id='block_1_88' title="bbox 1937 4385 3521 4453">
    <p class='ocr_par' dir='ltr' id='par_1_88' title="bbox 1937 4385 3521 4453">
     <span class='ocr_line' id='line_1_88' title="bbox 1937 4385 3521 4453; baseline -0.001 -14"><span class='ocrx_word' id='word_1_550' title='bbox 1937 4404 2038 4440; x_wconf 86' lang='lat' dir='ltr'><strong>non</strong></span> <span class='ocrx_word' id='word_1_551' title='bbox 2101 4387 2345 4441; x_wconf 84' lang='lat' dir='ltr'><strong>mundo?</strong></span> <span class='ocrx_word' id='word_1_552' title='bbox 2396 4387 2664 4441; x_wconf 82' lang='lat' dir='ltr'><strong>Putabant</strong></span> <span class='ocrx_word' id='word_1_553' title='bbox 2721 4387 2993 4441; x_wconf 85' lang='lat' dir='ltr'><strong>somnium</strong></span> <span class='ocrx_word' id='word_1_554' title='bbox 3056 4387 3272 4453; x_wconf 88' lang='lat' dir='ltr'><strong>videre,</strong></span> <span class='ocrx_word' id='word_1_555' title='bbox 3332 4385 3415 4438; x_wconf 71' lang='lat' dir='ltr'><strong>Vel</strong></span> <span class='ocrx_word' id='word_1_556' title='bbox 3464 4394 3521 4438; x_wconf 89' lang='lat' dir='ltr'><strong>ut</strong></span> 
     </span>
    </p>
   </div>
   <div class='ocr_carea' id='block_1_89' title="bbox 1940 4481 2479 4535">
    <p class='ocr_par' dir='ltr' id='par_1_89' title="bbox 1940 4481 2479 4535">
     <span class='ocr_line' id='line_1_89' title="bbox 1940 4481 2479 4535; baseline 0 -2"><span class='ocrx_word' id='word_1_557' title='bbox 1940 4493 2185 4534; x_wconf 87' lang='lat' dir='ltr'><strong>mortuos</strong></span> <span class='ocrx_word' id='word_1_558' title='bbox 2209 4481 2479 4535; x_wconf 77' lang='lat' dir='ltr'><strong>videmus.</strong></span> 
     </span>
    </p>
   </div>
   <div class='ocr_carea' id='block_1_90' title="bbox 322 4555 1829 4642">
    <p class='ocr_par' dir='ltr' id='par_1_90' title="bbox 322 4555 1826 4630">
     <span class='ocr_line' id='line_1_90' title="bbox 322 4555 1826 4630; baseline 0.006 -24"><span class='ocrx_word' id='word_1_559' title='bbox 322 4555 451 4607; x_wconf 85' lang='grc' dir='ltr'>’Ὁτι</span> <span class='ocrx_word' id='word_1_560' title='bbox 480 4557 560 4620; x_wconf 75' lang='grc' dir='ltr'><strong>τὸ,</strong></span> <span class='ocrx_word' id='word_1_561' title='bbox 602 4556 655 4608; x_wconf 88' lang='grc' dir='ltr'><strong><em>Ὁ</em></strong></span> <span class='ocrx_word' id='word_1_562' title='bbox 686 4558 867 4625; x_wconf 73' lang='grc' dir='ltr'>λόγος</span> <span class='ocrx_word' id='word_1_563' title='bbox 890 4558 962 4612; x_wconf 82' lang='grc' dir='ltr'><strong>ὃν</strong></span> <span class='ocrx_word' id='word_1_564' title='bbox 990 4559 1294 4626; x_wconf 76' lang='grc' dir='ltr'>ἠκούσατε</span> <span class='ocrx_word' id='word_1_565' title='bbox 1326 4562 1436 4613; x_wconf 69' lang='grc' dir='ltr'><strong>οὐκ</strong></span> <span class='ocrx_word' id='word_1_566' title='bbox 1463 4560 1634 4622; x_wconf 70' lang='grc' dir='ltr'>ἔστιν</span> <span class='ocrx_word' id='word_1_567' title='bbox 1664 4561 1826 4630; x_wconf 76' lang='grc' dir='ltr'>ἐμὸς,</span> 
     </span>
    </p>
   </div>
   <div class='ocr_carea' id='block_1_91' title="bbox 1936 4555 3520 4642">
    <p class='ocr_par' dir='ltr' id='par_1_91' title="bbox 2009 4570 3520 4642">
     <span class='ocr_line' id='line_1_91' title="bbox 2009 4570 3520 4642; baseline 0.001 -20"><span class='ocrx_word' id='word_1_568' title='bbox 2009 4570 2172 4625; x_wconf 73' lang='lat' dir='ltr'><strong>Vens.</strong></span> <span class='ocrx_word' id='word_1_569' title='bbox 2235 4573 2325 4626; x_wconf 65' lang='lat' dir='ltr'><strong>9L</strong></span> <span class='ocrx_word' id='word_1_570' title='bbox 2365 4571 2548 4627; x_wconf 87' lang='lat' dir='ltr'><strong>Sermo</strong></span> <span class='ocrx_word' id='word_1_571' title='bbox 2614 4589 2766 4642; x_wconf 85' lang='lat' dir='ltr'><strong>quem</strong></span> <span class='ocrx_word' id='word_1_572' title='bbox 2812 4573 3040 4625; x_wconf 81' lang='lat' dir='ltr'><strong>audistis</strong></span> <span class='ocrx_word' id='word_1_573' title='bbox 3099 4582 3302 4627; x_wconf 87' lang='lat' dir='ltr'><strong>nonest</strong></span> <span class='ocrx_word' id='word_1_574' title='bbox 3354 4587 3520 4633; x_wconf 84' lang='lat' dir='ltr'><strong>mens,</strong></span> 
     </span>
    </p>
   </div>
   <div class='ocr_carea' id='block_1_92' title="bbox 252 4644 1830 4717">
    <p class='ocr_par' dir='ltr' id='par_1_92' title="bbox 252 4644 1830 4717">
     <span class='ocr_line' id='line_1_92' title="bbox 252 4644 1830 4717; baseline 0.006 -20"><span class='ocrx_word' id='word_1_575' title='bbox 252 4644 418 4698; x_wconf 80' lang='grc' dir='ltr'>ἀλλὰ</span> <span class='ocrx_word' id='word_1_576' title='bbox 467 4645 574 4699; x_wconf 79' lang='grc' dir='ltr'>τοῦ</span> <span class='ocrx_word' id='word_1_577' title='bbox 634 4647 986 4716; x_wconf 68' lang='grc' dir='ltr'>πέμψαντός</span> <span class='ocrx_word' id='word_1_578' title='bbox 1038 4665 1113 4717; x_wconf 79' lang='grc' dir='ltr'><strong>με</strong></span> <span class='ocrx_word' id='word_1_579' title='bbox 1156 4649 1404 4717; x_wconf 78' lang='grc' dir='ltr'>Πατρός,</span> <span class='ocrx_word' id='word_1_580' title='bbox 1435 4651 1707 4704; x_wconf 86' lang='grc' dir='ltr'>δείκνυσιν</span> <span class='ocrx_word' id='word_1_581' title='bbox 1749 4654 1830 4706; x_wconf 84' lang='grc' dir='ltr'>ὅτι</span> 
     </span>
    </p>
   </div>
   <div class='ocr_carea' id='block_1_93' title="bbox 253 4737 1292 4810">
    <p class='ocr_par' dir='ltr' id='par_1_93' title="bbox 253 4737 1292 4810">
     <span class='ocr_line' id='line_1_93' title="bbox 253 4737 1292 4810; baseline 0.007 -22"><span class='ocrx_word' id='word_1_582' title='bbox 253 4737 409 4789; x_wconf 69' lang='grc' dir='ltr'>οὐδὲν</span> <span class='ocrx_word' id='word_1_583' title='bbox 451 4737 555 4802; x_wconf 75' lang='grc' dir='ltr'>ἔξω</span> <span class='ocrx_word' id='word_1_584' title='bbox 593 4739 684 4792; x_wconf 79' lang='grc' dir='ltr'>τοῦ</span> <span class='ocrx_word' id='word_1_585' title='bbox 718 4741 933 4810; x_wconf 70' lang='grc' dir='ltr'>Πατρός</span> <span class='ocrx_word' id='word_1_586' title='bbox 967 4739 1292 4809; x_wconf 82' lang='grc' dir='ltr'>φθέγγεται.</span> 
     </span>
    </p>
   </div>
   <div class='ocr_carea' id='block_1_94' title="bbox 339 4829 1831 4906">
    <p class='ocr_par' dir='ltr' id='par_1_94' title="bbox 339 4829 1831 4906">
     <span class='ocr_line' id='line_1_94' title="bbox 339 4829 1831 4906; baseline 0.006 -26"><span class='ocrx_word' id='word_1_587' title='bbox 339 4829 437 4892; x_wconf 86' lang='grc' dir='ltr'><strong>Τίς</strong></span> <span class='ocrx_word' id='word_1_588' title='bbox 468 4832 494 4882; x_wconf 90' lang='grc' dir='ltr'>ὁ</span> <span class='ocrx_word' id='word_1_589' title='bbox 529 4831 901 4901; x_wconf 80' lang='grc' dir='ltr'>πορευόμενος</span> <span class='ocrx_word' id='word_1_590' title='bbox 949 4833 1083 4902; x_wconf 81' lang='grc' dir='ltr'>πρὸς</span> <span class='ocrx_word' id='word_1_591' title='bbox 1110 4833 1200 4885; x_wconf 85' lang='grc' dir='ltr'><strong>τὸν</strong></span> <span class='ocrx_word' id='word_1_592' title='bbox 1226 4833 1466 4904; x_wconf 81' lang='grc' dir='ltr'>Πατέρα,</span> <span class='ocrx_word' id='word_1_593' title='bbox 1501 4829 1545 4888; x_wconf 84' lang='grc' dir='ltr'><strong>ὦ</strong></span> <span class='ocrx_word' id='word_1_594' title='bbox 1609 4837 1831 4906; x_wconf 74' lang='grc' dir='ltr'>Ἀρειες</span> 
     </span>
    </p>
   </div>
   <div class='ocr_carea' id='block_1_95' title="bbox 265 4922 1836 5000">
    <p class='ocr_par' dir='ltr' id='par_1_95' title="bbox 265 4922 1836 5000">
     <span class='ocr_line' id='line_1_95' title="bbox 265 4922 1836 5000; baseline 0.004 -26"><span class='ocrx_word' id='word_1_595' title='bbox 265 4922 328 4975; x_wconf 88' lang='lat'><strong>&#39;0</strong></span> <span class='ocrx_word' id='word_1_596' title='bbox 362 4922 494 4982; x_wconf 77' lang='grc' dir='ltr'>Θεὸς</span> <span class='ocrx_word' id='word_1_597' title='bbox 544 4923 717 4991; x_wconf 80' lang='grc' dir='ltr'>Λόγος</span> <span class='ocrx_word' id='word_1_598' title='bbox 745 4938 759 4956; x_wconf 85' lang='grc'><em>’</em></span> <span class='ocrx_word' id='word_1_599' title='bbox 784 4924 900 4978; x_wconf 83' lang='grc' dir='ltr'>ἀλλ’</span> <span class='ocrx_word' id='word_1_600' title='bbox 935 4927 992 4978; x_wconf 79' lang='grc' dir='ltr'>ὲν</span> <span class='ocrx_word' id='word_1_601' title='bbox 1019 4927 1130 4988; x_wconf 82' lang='grc' dir='ltr'>τοῖς</span> <span class='ocrx_word' id='word_1_602' title='bbox 1174 4925 1395 4991; x_wconf 85' lang='grc' dir='ltr'>κόλποις</span> <span class='ocrx_word' id='word_1_603' title='bbox 1437 4923 1507 5000; x_wconf 80' lang='grc' dir='ltr'>ἦν</span> <span class='ocrx_word' id='word_1_604' title='bbox 1557 4929 1650 4981; x_wconf 76' lang='grc' dir='ltr'><strong>καὶ</strong></span> <span class='ocrx_word' id='word_1_605' title='bbox 1688 4928 1836 4983; x_wconf 75' lang='grc' dir='ltr'>ἐστιν</span> 
     </span>
    </p>
   </div>
   <div class='ocr_carea' id='block_1_96' title="bbox 257 5015 1837 5094">
    <p class='ocr_par' dir='ltr' id='par_1_96' title="bbox 257 5015 1837 5094">
     <span class='ocr_line' id='line_1_96' title="bbox 257 5015 1837 5094; baseline 0.004 -26"><span class='ocrx_word' id='word_1_606' title='bbox 257 5015 346 5068; x_wconf 78' lang='grc' dir='ltr'>ἀεὶ</span> <span class='ocrx_word' id='word_1_607' title='bbox 395 5015 489 5068; x_wconf 80' lang='grc' dir='ltr'>τοῦ</span> <span class='ocrx_word' id='word_1_608' title='bbox 544 5017 775 5088; x_wconf 84' lang='grc' dir='ltr'>Πατρός.</span> <span class='ocrx_word' id='word_1_609' title='bbox 822 5017 888 5070; x_wconf 81' lang='grc' dir='ltr'>Τί</span> <span class='ocrx_word' id='word_1_610' title='bbox 923 5019 1031 5089; x_wconf 84' lang='grc' dir='ltr'>γὰρ</span> <span class='ocrx_word' id='word_1_611' title='bbox 1074 5020 1348 5092; x_wconf 77' lang='grc' dir='ltr'>ἐχωρίσθη</span> <span class='ocrx_word' id='word_1_612' title='bbox 1405 5022 1657 5094; x_wconf 85' lang='grc' dir='ltr'>Πατρός;</span> <span class='ocrx_word' id='word_1_613' title='bbox 1719 5024 1837 5075; x_wconf 84' lang='grc' dir='ltr'>Ἵνα</span> 
     </span>
    </p>
   </div>
   <div class='ocr_carea' id='block_1_97' title="bbox 261 5109 1836 5183">
    <p class='ocr_par' dir='ltr' id='par_1_97' title="bbox 261 5109 1836 5183">
     <span class='ocr_line' id='line_1_97' title="bbox 261 5109 1836 5183; baseline 0.007 -22"><span class='ocrx_word' id='word_1_614' title='bbox 261 5109 500 5181; x_wconf 81' lang='grc' dir='ltr'>πορευθῇ</span> <span class='ocrx_word' id='word_1_615' title='bbox 554 5111 693 5181; x_wconf 81' lang='grc' dir='ltr'>πρὸς</span> <span class='ocrx_word' id='word_1_616' title='bbox 737 5111 828 5165; x_wconf 78' lang='grc' dir='ltr'><strong>τὸν</strong></span> <span class='ocrx_word' id='word_1_617' title='bbox 862 5112 1120 5182; x_wconf 78' lang='grc' dir='ltr'>Πατέρα·</span> <span class='ocrx_word' id='word_1_618' title='bbox 1153 5115 1382 5180; x_wconf 78' lang='grc' dir='ltr'>ἐξέπεσε</span> <span class='ocrx_word' id='word_1_619' title='bbox 1439 5117 1548 5169; x_wconf 85' lang='grc' dir='ltr'>τῶν</span> <span class='ocrx_word' id='word_1_620' title='bbox 1594 5116 1836 5183; x_wconf 74' lang='grc' dir='ltr'>κόλπων,</span> 
     </span>
    </p>
   </div>
   <div class='ocr_carea' id='block_1_98' title="bbox 262 5200 1837 5278">
    <p class='ocr_par' dir='ltr' id='par_1_98' title="bbox 262 5200 1837 5278">
     <span class='ocr_line' id='line_1_98' title="bbox 262 5200 1837 5278; baseline 0.008 -27"><span class='ocrx_word' id='word_1_621' title='bbox 262 5200 330 5251; x_wconf 81' lang='grc' dir='ltr'>ἵν’</span> <span class='ocrx_word' id='word_1_622' title='bbox 359 5201 625 5273; x_wconf 78' lang='grc' dir='ltr'>ἐπανέλθῃ</span> <span class='ocrx_word' id='word_1_623' title='bbox 658 5203 795 5272; x_wconf 77' lang='grc' dir='ltr'>πρὸς</span> <span class='ocrx_word' id='word_1_624' title='bbox 829 5203 1075 5266; x_wconf 75' lang='grc' dir='ltr'>τούτους.</span> <span class='ocrx_word' id='word_1_625' title='bbox 1109 5205 1174 5258; x_wconf 85' lang='grc' dir='ltr'>Τί</span> <span class='ocrx_word' id='word_1_626' title='bbox 1195 5201 1287 5263; x_wconf 83' lang='grc' dir='ltr'>οὖν</span> <span class='ocrx_word' id='word_1_627' title='bbox 1318 5208 1508 5271; x_wconf 83' lang='grc' dir='ltr'>ὲστιν;</span> <span class='ocrx_word' id='word_1_628' title='bbox 1543 5207 1607 5260; x_wconf 86' lang='grc' dir='ltr'><strong>Ἦ</strong></span> <span class='ocrx_word' id='word_1_629' title='bbox 1640 5207 1837 5278; x_wconf 86' lang='grc' dir='ltr'>βλεπο-</span> 
     </span>
    </p>
   </div>
   <div class='ocr_carea' id='block_1_99' title="bbox 263 5292 1840 5374">
    <p class='ocr_par' dir='ltr' id='par_1_99' title="bbox 263 5292 1840 5374">
     <span class='ocr_line' id='line_1_99' title="bbox 263 5292 1840 5374; baseline 0.008 -30"><span class='ocrx_word' id='word_1_630' title='bbox 263 5292 401 5360; x_wconf 77' lang='grc' dir='ltr'>μένη</span> <span class='ocrx_word' id='word_1_631' title='bbox 425 5294 584 5361; x_wconf 74' lang='grc' dir='ltr'>φύσις</span> <span class='ocrx_word' id='word_1_632' title='bbox 617 5296 753 5364; x_wconf 80' lang='grc' dir='ltr'>πρὸς</span> <span class='ocrx_word' id='word_1_633' title='bbox 783 5295 872 5349; x_wconf 83' lang='grc' dir='ltr'>τὸν</span> <span class='ocrx_word' id='word_1_634' title='bbox 912 5297 1126 5367; x_wconf 86' lang='grc' dir='ltr'>Πατέρα</span> <span class='ocrx_word' id='word_1_635' title='bbox 1159 5299 1452 5369; x_wconf 86' lang='grc' dir='ltr'>πορεύεται</span> <span class='ocrx_word' id='word_1_636' title='bbox 1491 5317 1504 5330; x_wconf 89' lang='grc'><strong>·</strong></span> <span class='ocrx_word' id='word_1_637' title='bbox 1544 5303 1604 5353; x_wconf 84' lang='grc' dir='ltr'>τὺ</span> <span class='ocrx_word' id='word_1_638' title='bbox 1637 5319 1840 5374; x_wconf 76' lang='grc' dir='ltr'>συγγε-</span> 
     </span>
    </p>
   </div>
   <div class='ocr_carea' id='block_1_100' title="bbox 260 5384 1839 5468">
    <p class='ocr_par' dir='ltr' id='par_1_100' title="bbox 260 5384 1839 5468">
     <span class='ocr_line' id='line_1_100' title="bbox 260 5384 1839 5468; baseline 0.008 -32"><span class='ocrx_word' id='word_1_639' title='bbox 260 5384 352 5448; x_wconf 79' lang='grc' dir='ltr'><strong>νὲς</strong></span> <span class='ocrx_word' id='word_1_640' title='bbox 383 5387 560 5456; x_wconf 73' lang='grc' dir='ltr'>ἡμῶν,</span> <span class='ocrx_word' id='word_1_641' title='bbox 590 5388 651 5440; x_wconf 84' lang='grc' dir='ltr'>τὺ</span> <span class='ocrx_word' id='word_1_642' title='bbox 687 5389 752 5442; x_wconf 80' lang='grc' dir='ltr'>ἐκ</span> <span class='ocrx_word' id='word_1_643' title='bbox 793 5391 917 5460; x_wconf 81' lang='grc' dir='ltr'>γῆς,</span> <span class='ocrx_word' id='word_1_644' title='bbox 952 5390 1090 5462; x_wconf 77' lang='grc' dir='ltr'>πρὸς</span> <span class='ocrx_word' id='word_1_645' title='bbox 1126 5391 1219 5446; x_wconf 72' lang='grc' dir='ltr'>τὸν</span> <span class='ocrx_word' id='word_1_646' title='bbox 1260 5393 1318 5447; x_wconf 81' lang='grc' dir='ltr'>ἐν</span> <span class='ocrx_word' id='word_1_647' title='bbox 1360 5393 1631 5464; x_wconf 78' lang='grc' dir='ltr'>οὐρανοῖς,</span> <span class='ocrx_word' id='word_1_648' title='bbox 1666 5389 1839 5468; x_wconf 80' lang='grc' dir='ltr'>οὗπέρ</span> 
     </span>
    </p>
   </div>
   <div class='ocr_carea' id='block_1_101' title="bbox 263 5479 1840 5560">
    <p class='ocr_par' dir='ltr' id='par_1_101' title="bbox 263 5479 1840 5560">
     <span class='ocr_line' id='line_1_101' title="bbox 263 5479 1840 5560; baseline 0.009 -31"><span class='ocrx_word' id='word_1_649' title='bbox 263 5479 384 5531; x_wconf 80' lang='grc' dir='ltr'>ἐστι</span> <span class='ocrx_word' id='word_1_650' title='bbox 419 5481 617 5548; x_wconf 74' lang='grc' dir='ltr'>μείζων</span> <span class='ocrx_word' id='word_1_651' title='bbox 648 5482 675 5534; x_wconf 71' lang='grc' dir='ltr'>ὁ</span> <span class='ocrx_word' id='word_1_652' title='bbox 705 5483 922 5554; x_wconf 89' lang='grc' dir='ltr'>Πατήρ.</span> <span class='ocrx_word' id='word_1_653' title='bbox 953 5483 1166 5554; x_wconf 81' lang='grc' dir='ltr'>Ὥσπερ</span> <span class='ocrx_word' id='word_1_654' title='bbox 1193 5484 1371 5537; x_wconf 88' lang='grc' dir='ltr'>τοίνυν</span> <span class='ocrx_word' id='word_1_655' title='bbox 1413 5485 1585 5556; x_wconf 83' lang='grc' dir='ltr'>βραχύ</span> <span class='ocrx_word' id='word_1_656' title='bbox 1618 5505 1673 5540; x_wconf 90' lang='grc' dir='ltr'><strong>τι</strong></span> <span class='ocrx_word' id='word_1_657' title='bbox 1705 5491 1840 5560; x_wconf 84' lang='grc' dir='ltr'>παρ’</span> 
     </span>
    </p>
   </div>
   <div class='ocr_carea' id='block_1_102' title="bbox 263 5571 1842 5646">
    <p class='ocr_par' dir='ltr' id='par_1_102' title="bbox 263 5571 1842 5646">
     <span class='ocr_line' id='line_1_102' title="bbox 263 5571 1842 5646; baseline 0.009 -25"><span class='ocrx_word' id='word_1_658' title='bbox 263 5571 531 5638; x_wconf 84' lang='grc' dir='ltr'>ἀγγέλους</span> <span class='ocrx_word' id='word_1_659' title='bbox 586 5573 933 5646; x_wconf 69' lang='grc' dir='ltr'>ὴλαττῶσθαι</span> <span class='ocrx_word' id='word_1_660' title='bbox 987 5576 1300 5646; x_wconf 85' lang='grc' dir='ltr'>λεγόμενος,</span> <span class='ocrx_word' id='word_1_661' title='bbox 1333 5578 1431 5631; x_wconf 78' lang='grc' dir='ltr'><strong>οὐκ</strong></span> <span class='ocrx_word' id='word_1_662' title='bbox 1492 5579 1639 5633; x_wconf 76' lang='grc' dir='ltr'>ἔστιν</span> <span class='ocrx_word' id='word_1_663' title='bbox 1689 5581 1842 5635; x_wconf 75' lang='grc' dir='ltr'>ἐλάτ-</span> 
     </span>
    </p>
   </div>
   <div class='ocr_carea' id='block_1_103' title="bbox 265 5664 1844 5744">
    <p class='ocr_par' dir='ltr' id='par_1_103' title="bbox 265 5664 1844 5744">
     <span class='ocr_line' id='line_1_103' title="bbox 265 5664 1844 5744; baseline 0.009 -30"><span class='ocrx_word' id='word_1_664' title='bbox 265 5680 376 5720; x_wconf 86' lang='grc' dir='ltr'><strong>των</strong></span> <span class='ocrx_word' id='word_1_665' title='bbox 438 5664 685 5734; x_wconf 83' lang='grc' dir='ltr'>ἀγγέλων</span> <span class='ocrx_word' id='word_1_666' title='bbox 746 5667 828 5738; x_wconf 86' lang='grc' dir='ltr'>(τὸ</span> <span class='ocrx_word' id='word_1_667' title='bbox 875 5668 983 5741; x_wconf 87' lang='grc' dir='ltr'>γὰρ</span> <span class='ocrx_word' id='word_1_668' title='bbox 1026 5669 1199 5740; x_wconf 81' lang='grc' dir='ltr'>βραχύ</span> <span class='ocrx_word' id='word_1_669' title='bbox 1267 5688 1318 5723; x_wconf 87' lang='grc' dir='ltr'><strong>τι</strong></span> <span class='ocrx_word' id='word_1_670' title='bbox 1388 5673 1518 5744; x_wconf 90' lang='grc' dir='ltr'>παρ’</span> <span class='ocrx_word' id='word_1_671' title='bbox 1571 5672 1844 5743; x_wconf 78' lang='grc' dir='ltr'>ἀγγέλους</span> 
     </span>
    </p>
   </div>
   <div class='ocr_carea' id='block_1_104' title="bbox 264 5755 1843 5838">
    <p class='ocr_par' dir='ltr' id='par_1_104' title="bbox 264 5755 1843 5838">
     <span class='ocr_line' id='line_1_104' title="bbox 264 5755 1843 5838; baseline 0.008 -31"><span class='ocrx_word' id='word_1_672' title='bbox 264 5755 646 5829; x_wconf 69' lang='grc' dir='ltr'>ἠλαττωμένον</span> <span class='ocrx_word' id='word_1_673' title='bbox 679 5757 946 5831; x_wconf 84' lang='grc' dir='ltr'>βλέπομεν</span> <span class='ocrx_word' id='word_1_674' title='bbox 989 5763 1196 5828; x_wconf 83' lang='grc' dir='ltr'>Ἰησοῦν</span> <span class='ocrx_word' id='word_1_675' title='bbox 1234 5764 1320 5818; x_wconf 77' lang='grc' dir='ltr'>διὰ</span> <span class='ocrx_word' id='word_1_676' title='bbox 1388 5767 1450 5817; x_wconf 84' lang='grc' dir='ltr'><strong>τὸ</strong></span> <span class='ocrx_word' id='word_1_677' title='bbox 1481 5765 1710 5838; x_wconf 83' lang='grc' dir='ltr'>πάθημα</span> <span class='ocrx_word' id='word_1_678' title='bbox 1750 5767 1843 5822; x_wconf 83' lang='grc' dir='ltr'>τοῦ</span> 
     </span>
    </p>
   </div>
   <div class='ocr_carea' id='block_1_105' title="bbox 269 5846 1842 5928">
    <p class='ocr_par' dir='ltr' id='par_1_105' title="bbox 269 5846 1842 5928">
     <span class='ocr_line' id='line_1_105' title="bbox 269 5846 1842 5928; baseline 0.01 -30"><span class='ocrx_word' id='word_1_679' title='bbox 269 5846 503 5904; x_wconf 76' lang='grc' dir='ltr'>θανάτου</span> <span class='ocrx_word' id='word_1_680' title='bbox 525 5867 541 5887; x_wconf 78' lang='grc' dir='ltr'><strong><em>ο</em></strong></span> <span class='ocrx_word' id='word_1_681' title='bbox 570 5855 722 5922; x_wconf 56' lang='lat' dir='ltr'><strong>mea,</strong></span> <span class='ocrx_word' id='word_1_682' title='bbox 755 5857 938 5926; x_wconf 69' lang='grc' dir='ltr'>φησὶν,</span> <span class='ocrx_word' id='word_1_683' title='bbox 970 5856 1142 5908; x_wconf 76' lang='grc' dir='ltr'>εἵλετο</span> <span class='ocrx_word' id='word_1_684' title='bbox 1179 5857 1408 5927; x_wconf 74' lang='grc' dir='ltr'>Χριστὸς</span> <span class='ocrx_word' id='word_1_685' title='bbox 1439 5857 1668 5914; x_wconf 80' lang='grc' dir='ltr'>θανάτου</span> <span class='ocrx_word' id='word_1_686' title='bbox 1711 5862 1842 5928; x_wconf 73' lang='grc' dir='ltr'>γεύ-</span> 
     </span>
    </p>
   </div>
   <div class='ocr_carea' id='block_1_106' title="bbox 1937 4664 3522 4735">
    <p class='ocr_par' dir='ltr' id='par_1_106' title="bbox 1937 4664 3522 4735">
     <span class='ocr_line' id='line_1_106' title="bbox 1937 4664 3522 4735; baseline 0.001 -19"><span class='ocrx_word' id='word_1_687' title='bbox 1937 4665 2026 4718; x_wconf 81' lang='lat' dir='ltr'><strong>sed</strong></span> <span class='ocrx_word' id='word_1_688' title='bbox 2057 4665 2169 4732; x_wconf 82' lang='lat' dir='ltr'><strong>ejus</strong></span> <span class='ocrx_word' id='word_1_689' title='bbox 2196 4667 2284 4735; x_wconf 88' lang='lat' dir='ltr'><strong>qui</strong></span> <span class='ocrx_word' id='word_1_690' title='bbox 2316 4665 2458 4719; x_wconf 79' lang='lat' dir='ltr'><strong>misit</strong></span> <span class='ocrx_word' id='word_1_691' title='bbox 2491 4681 2570 4718; x_wconf 83' lang='lat' dir='ltr'><strong>me</strong></span> <span class='ocrx_word' id='word_1_692' title='bbox 2600 4664 2803 4731; x_wconf 83' lang='lat' dir='ltr'><strong>Patris,</strong></span> <span class='ocrx_word' id='word_1_693' title='bbox 2841 4667 3080 4719; x_wconf 66' lang='lat' dir='ltr'><strong>ostendit</strong></span> <span class='ocrx_word' id='word_1_694' title='bbox 3111 4681 3170 4720; x_wconf 84' lang='lat' dir='ltr'><strong>se</strong></span> <span class='ocrx_word' id='word_1_695' title='bbox 3206 4665 3342 4718; x_wconf 84' lang='lat' dir='ltr'><strong>nihil</strong></span> <span class='ocrx_word' id='word_1_696' title='bbox 3367 4674 3522 4718; x_wconf 74' lang='lat' dir='ltr'><strong>extra</strong></span> 
     </span>
    </p>
   </div>
   <div class='ocr_carea' id='block_1_107' title="bbox 1938 4753 2380 4810">
    <p class='ocr_par' dir='ltr' id='par_1_107' title="bbox 1938 4753 2380 4810">
     <span class='ocr_line' id='line_1_107' title="bbox 1938 4753 2380 4810; baseline 0.011 -4"><span class='ocrx_word' id='word_1_697' title='bbox 1938 4753 2152 4808; x_wconf 82' lang='lat' dir='ltr'><strong>Patrem</strong></span> <span class='ocrx_word' id='word_1_698' title='bbox 2179 4757 2380 4810; x_wconf 86' lang='lat' dir='ltr'><strong>dicere.</strong></span> 
     </span>
    </p>
   </div>
   <div class='ocr_carea' id='block_1_108' title="bbox 2011 4845 3526 4914">
    <p class='ocr_par' dir='ltr' id='par_1_108' title="bbox 2011 4845 3526 4914">
     <span class='ocr_line' id='line_1_108' title="bbox 2011 4845 3526 4914; baseline 0.003 -16"><span class='ocrx_word' id='word_1_699' title='bbox 2011 4845 2176 4903; x_wconf 73' lang='lat' dir='ltr'><strong>Vens.</strong></span> <span class='ocrx_word' id='word_1_700' title='bbox 2209 4849 2299 4902; x_wconf 70' lang='lat'><strong>28.</strong></span> <span class='ocrx_word' id='word_1_701' title='bbox 2335 4848 2470 4914; x_wconf 84' lang='lat' dir='ltr'><strong>Quis</strong></span> <span class='ocrx_word' id='word_1_702' title='bbox 2511 4850 2659 4904; x_wconf 85' lang='lat' dir='ltr'><strong>vadit</strong></span> <span class='ocrx_word' id='word_1_703' title='bbox 2705 4851 2770 4903; x_wconf 89' lang='lat' dir='ltr'><strong>ad</strong></span> <span class='ocrx_word' id='word_1_704' title='bbox 2820 4848 3059 4913; x_wconf 78' lang='lat' dir='ltr'><strong>Patrem,</strong></span> <span class='ocrx_word' id='word_1_705' title='bbox 3101 4864 3133 4902; x_wconf 88' lang='grc' dir='ltr'><strong>ο</strong></span> <span class='ocrx_word' id='word_1_706' title='bbox 3175 4847 3349 4903; x_wconf 85' lang='lat' dir='ltr'><strong>Arie?</strong></span> <span class='ocrx_word' id='word_1_707' title='bbox 3383 4848 3526 4903; x_wconf 89' lang='lat' dir='ltr'><strong>Deus</strong></span> 
     </span>
    </p>
   </div>
   <div class='ocr_carea' id='block_1_109' title="bbox 1956 4939 3524 5012">
    <p class='ocr_par' dir='ltr' id='par_1_109' title="bbox 1956 4939 3524 5012">
     <span class='ocr_line' id='line_1_109' title="bbox 1956 4939 3524 5012; baseline 0.001 -17"><span class='ocrx_word' id='word_1_708' title='bbox 1956 4939 2231 5010; x_wconf 88' lang='lat' dir='ltr'><strong>Verbum;</strong></span> <span class='ocrx_word' id='word_1_709' title='bbox 2285 4947 2377 5001; x_wconf 87' lang='lat' dir='ltr'><strong>sed</strong></span> <span class='ocrx_word' id='word_1_710' title='bbox 2435 4946 2487 4999; x_wconf 92' lang='lat' dir='ltr'><strong>in</strong></span> <span class='ocrx_word' id='word_1_711' title='bbox 2541 4947 2664 5000; x_wconf 89' lang='lat' dir='ltr'><strong>sinu</strong></span> <span class='ocrx_word' id='word_1_712' title='bbox 2704 4945 2880 5000; x_wconf 80' lang='lat' dir='ltr'><strong>Patris</strong></span> <span class='ocrx_word' id='word_1_713' title='bbox 2909 4955 3026 4998; x_wconf 84' lang='lat' dir='ltr'><strong>erat</strong></span> <span class='ocrx_word' id='word_1_714' title='bbox 3056 4955 3110 4999; x_wconf 92' lang='lat' dir='ltr'><strong>et</strong></span> <span class='ocrx_word' id='word_1_715' title='bbox 3148 4953 3233 5000; x_wconf 87' lang='lat' dir='ltr'><strong>est</strong></span> <span class='ocrx_word' id='word_1_716' title='bbox 3289 4961 3524 5012; x_wconf 61' lang='lat' dir='ltr'><strong>semper.</strong></span> 
     </span>
    </p>
   </div>
   <div class='ocr_carea' id='block_1_110' title="bbox 1940 5037 3522 5102">
    <p class='ocr_par' dir='ltr' id='par_1_110' title="bbox 1940 5037 3522 5102">
     <span class='ocr_line' id='line_1_110' title="bbox 1940 5037 3522 5102; baseline -0.001 -13"><span class='ocrx_word' id='word_1_717' title='bbox 1940 5037 2079 5102; x_wconf 81' lang='lat' dir='ltr'><strong>Quid</strong></span> <span class='ocrx_word' id='word_1_718' title='bbox 2135 5037 2279 5093; x_wconf 87' lang='lat' dir='ltr'><strong>enim</strong></span> <span class='ocrx_word' id='word_1_719' title='bbox 2340 5038 2590 5092; x_wconf 89' lang='lat' dir='ltr'><strong>avulsum</strong></span> <span class='ocrx_word' id='word_1_720' title='bbox 2658 5046 2802 5094; x_wconf 84' lang='lat' dir='ltr'><strong>esta</strong></span> <span class='ocrx_word' id='word_1_721' title='bbox 2878 5037 3076 5091; x_wconf 82' lang='lat' dir='ltr'><strong>Patre?</strong></span> <span class='ocrx_word' id='word_1_722' title='bbox 3111 5037 3182 5092; x_wconf 87' lang='lat' dir='ltr'><strong>Ut</strong></span> <span class='ocrx_word' id='word_1_723' title='bbox 3236 5037 3398 5090; x_wconf 80' lang='lat' dir='ltr'><strong>vadat</strong></span> <span class='ocrx_word' id='word_1_724' title='bbox 3458 5038 3522 5089; x_wconf 85' lang='lat' dir='ltr'><strong>ad</strong></span> 
     </span>
    </p>
   </div>
   <div class='ocr_carea' id='block_1_111' title="bbox 1945 5127 3518 5193">
    <p class='ocr_par' dir='ltr' id='par_1_111' title="bbox 1945 5127 3518 5193">
     <span class='ocr_line' id='line_1_111' title="bbox 1945 5127 3518 5193; baseline -0.001 -11"><span class='ocrx_word' id='word_1_725' title='bbox 1945 5129 2155 5184; x_wconf 83' lang='lat' dir='ltr'><strong>Patrem</strong></span> <span class='ocrx_word' id='word_1_726' title='bbox 2183 5149 2196 5183; x_wconf 92' lang='lat'>:</span> <span class='ocrx_word' id='word_1_727' title='bbox 2222 5147 2248 5182; x_wconf 86' lang='lat' dir='ltr'><strong>a</strong></span> <span class='ocrx_word' id='word_1_728' title='bbox 2270 5131 2392 5185; x_wconf 90' lang='lat' dir='ltr'><strong>sinu</strong></span> <span class='ocrx_word' id='word_1_729' title='bbox 2419 5131 2688 5187; x_wconf 81' lang='lat' dir='ltr'><strong>abscessit</strong></span> <span class='ocrx_word' id='word_1_730' title='bbox 2722 5140 2781 5184; x_wconf 91' lang='lat' dir='ltr'><strong>nt</strong></span> <span class='ocrx_word' id='word_1_731' title='bbox 2815 5131 2880 5184; x_wconf 84' lang='lat' dir='ltr'><strong>ad</strong></span> <span class='ocrx_word' id='word_1_732' title='bbox 2906 5133 3085 5184; x_wconf 90' lang='lat' dir='ltr'><strong>sinum</strong></span> <span class='ocrx_word' id='word_1_733' title='bbox 3115 5130 3339 5183; x_wconf 78' lang='lat' dir='ltr'><strong>rediret.</strong></span> <span class='ocrx_word' id='word_1_734' title='bbox 3375 5127 3518 5193; x_wconf 82' lang='lat' dir='ltr'><strong>Quid</strong></span> 
     </span>
    </p>
   </div>
   <div class='ocr_carea' id='block_1_112' title="bbox 1941 5221 3524 5291">
    <p class='ocr_par' dir='ltr' id='par_1_112' title="bbox 1941 5221 3524 5291">
     <span class='ocr_line' id='line_1_112' title="bbox 1941 5221 3524 5291; baseline -0.001 -16"><span class='ocrx_word' id='word_1_735' title='bbox 1941 5231 2024 5275; x_wconf 79' lang='lat' dir='ltr'><strong>est</strong></span> <span class='ocrx_word' id='word_1_736' title='bbox 2061 5221 2264 5291; x_wconf 80' lang='lat' dir='ltr'><strong>igitur?</strong></span> <span class='ocrx_word' id='word_1_737' title='bbox 2305 5222 2530 5276; x_wconf 84' lang='lat' dir='ltr'><strong>visibilis</strong></span> <span class='ocrx_word' id='word_1_738' title='bbox 2571 5233 2765 5276; x_wconf 88' lang='lat' dir='ltr'><strong>natura</strong></span> <span class='ocrx_word' id='word_1_739' title='bbox 2808 5223 2873 5276; x_wconf 89' lang='lat' dir='ltr'><strong>ad</strong></span> <span class='ocrx_word' id='word_1_740' title='bbox 2916 5221 3126 5275; x_wconf 83' lang='lat' dir='ltr'><strong>Patrem</strong></span> <span class='ocrx_word' id='word_1_741' title='bbox 3169 5221 3524 5290; x_wconf 76' lang='lat' dir='ltr'><strong>vadit;quo-.l</strong></span> 
     </span>
    </p>
   </div>
   <div class='ocr_carea' id='block_1_113' title="bbox 1946 5309 3524 5382">
    <p class='ocr_par' dir='ltr' id='par_1_113' title="bbox 1946 5309 3524 5382">
     <span class='ocr_line' id='line_1_113' title="bbox 1946 5309 3524 5382; baseline -0.002 -17"><span class='ocrx_word' id='word_1_742' title='bbox 1946 5321 2029 5375; x_wconf 64' lang='lat' dir='ltr'><strong>cst</strong></span> <span class='ocrx_word' id='word_1_743' title='bbox 2061 5321 2350 5382; x_wconf 84' lang='lat' dir='ltr'><strong>cognatum</strong></span> <span class='ocrx_word' id='word_1_744' title='bbox 2378 5313 2556 5375; x_wconf 82' lang='lat' dir='ltr'><strong>nobis,</strong></span> <span class='ocrx_word' id='word_1_745' title='bbox 2593 5315 2737 5382; x_wconf 88' lang='lat' dir='ltr'><strong>quod</strong></span> <span class='ocrx_word' id='word_1_746' title='bbox 2767 5320 2852 5367; x_wconf 90' lang='lat' dir='ltr'><strong>est</strong></span> <span class='ocrx_word' id='word_1_747' title='bbox 2882 5328 2911 5368; x_wconf 90' lang='lat' dir='ltr'><strong>c</strong></span> <span class='ocrx_word' id='word_1_748' title='bbox 2943 5322 3107 5373; x_wconf 86' lang='lat' dir='ltr'><strong>terra,</strong></span> <span class='ocrx_word' id='word_1_749' title='bbox 3142 5309 3208 5362; x_wconf 85' lang='lat' dir='ltr'><strong>ad</strong></span> <span class='ocrx_word' id='word_1_750' title='bbox 3250 5311 3402 5362; x_wconf 90' lang='lat' dir='ltr'><strong>illum</strong></span> <span class='ocrx_word' id='word_1_751' title='bbox 3432 5311 3524 5379; x_wconf 83' lang='lat' dir='ltr'><strong>qui</strong></span> 
     </span>
    </p>
   </div>
   <div class='ocr_carea' id='block_1_114' title="bbox 1947 5401 3529 5474">
    <p class='ocr_par' dir='ltr' id='par_1_114' title="bbox 1947 5401 3529 5474">
     <span class='ocr_line' id='line_1_114' title="bbox 1947 5401 3529 5474; baseline -0.002 -17"><span class='ocrx_word' id='word_1_752' title='bbox 1947 5412 2031 5457; x_wconf 74' lang='lat' dir='ltr'><strong>est</strong></span> <span class='ocrx_word' id='word_1_753' title='bbox 2063 5403 2116 5457; x_wconf 93' lang='lat' dir='ltr'><strong>in</strong></span> <span class='ocrx_word' id='word_1_754' title='bbox 2150 5403 2322 5468; x_wconf 56' lang='lat' dir='ltr'><strong>caelis.</strong></span> <span class='ocrx_word' id='word_1_755' title='bbox 2365 5420 2472 5459; x_wconf 89' lang='lat' dir='ltr'><strong>non</strong></span> <span class='ocrx_word' id='word_1_756' title='bbox 2513 5415 2692 5460; x_wconf 87' lang='lat' dir='ltr'><strong>tamen</strong></span> <span class='ocrx_word' id='word_1_757' title='bbox 2723 5404 2884 5458; x_wconf 82' lang='lat' dir='ltr'><strong>Pater</strong></span> <span class='ocrx_word' id='word_1_758' title='bbox 2934 5403 3110 5474; x_wconf 82' lang='lat' dir='ltr'><strong>major</strong></span> <span class='ocrx_word' id='word_1_759' title='bbox 3135 5409 3252 5466; x_wconf 76' lang='lat' dir='ltr'><strong>est;</strong></span> <span class='ocrx_word' id='word_1_760' title='bbox 3285 5409 3342 5456; x_wconf 92' lang='lat' dir='ltr'><strong>ut</strong></span> <span class='ocrx_word' id='word_1_761' title='bbox 3365 5401 3529 5471; x_wconf 83' lang='lat' dir='ltr'><strong>igitur</strong></span> 
     </span>
    </p>
   </div>
   <div class='ocr_carea' id='block_1_115' title="bbox 1950 5493 3531 5567">
    <p class='ocr_par' dir='ltr' id='par_1_115' title="bbox 1950 5493 3531 5567">
     <span class='ocr_line' id='line_1_115' title="bbox 1950 5493 3531 5567; baseline -0.003 -17"><span class='ocrx_word' id='word_1_762' title='bbox 1950 5496 2042 5564; x_wconf 83' lang='lat' dir='ltr'><strong>qui</strong></span> <span class='ocrx_word' id='word_1_763' title='bbox 2074 5497 2234 5566; x_wconf 83' lang='lat' dir='ltr'><strong>paulo</strong></span> <span class='ocrx_word' id='word_1_764' title='bbox 2286 5496 2470 5552; x_wconf 88' lang='lat' dir='ltr'><strong>minor</strong></span> <span class='ocrx_word' id='word_1_765' title='bbox 2512 5498 2720 5567; x_wconf 79' lang='lat' dir='ltr'><strong>angelis</strong></span> <span class='ocrx_word' id='word_1_766' title='bbox 2769 5496 2997 5551; x_wconf 68' lang='lat' dir='ltr'><strong>euectus</strong></span> <span class='ocrx_word' id='word_1_767' title='bbox 3047 5510 3168 5549; x_wconf 85' lang='lat' dir='ltr'><strong>esse</strong></span> <span class='ocrx_word' id='word_1_768' title='bbox 3217 5493 3396 5548; x_wconf 89' lang='lat' dir='ltr'><strong>dictus</strong></span> <span class='ocrx_word' id='word_1_769' title='bbox 3424 5500 3531 5555; x_wconf 83' lang='lat' dir='ltr'><strong>est,</strong></span> 
     </span>
    </p>
   </div>
   <div class='ocr_carea' id='block_1_116' title="bbox 1952 5584 3530 5658">
    <p class='ocr_par' dir='ltr' id='par_1_116' title="bbox 1952 5584 3530 5658">
     <span class='ocr_line' id='line_1_116' title="bbox 1952 5584 3530 5658; baseline -0.003 -16"><span class='ocrx_word' id='word_1_770' title='bbox 1952 5602 2059 5642; x_wconf 89' lang='lat' dir='ltr'><strong>non</strong></span> <span class='ocrx_word' id='word_1_771' title='bbox 2097 5587 2306 5657; x_wconf 84' lang='lat' dir='ltr'><strong>angelis</strong></span> <span class='ocrx_word' id='word_1_772' title='bbox 2342 5590 2521 5642; x_wconf 89' lang='lat' dir='ltr'><strong>minor</strong></span> <span class='ocrx_word' id='word_1_773' title='bbox 2540 5598 2644 5658; x_wconf 83' lang='lat' dir='ltr'><strong>est,</strong></span> <span class='ocrx_word' id='word_1_774' title='bbox 2677 5603 2802 5642; x_wconf 90' lang='lat' dir='ltr'><strong>nam</strong></span> <span class='ocrx_word' id='word_1_775' title='bbox 2829 5588 2992 5658; x_wconf 85' lang='lat' dir='ltr'><strong>paulo</strong></span> <span class='ocrx_word' id='word_1_776' title='bbox 3022 5585 3287 5641; x_wconf 89' lang='lat' dir='ltr'><strong>minorem</strong></span> <span class='ocrx_word' id='word_1_777' title='bbox 3318 5584 3530 5654; x_wconf 83' lang='lat' dir='ltr'><strong>angelis</strong></span> 
     </span>
    </p>
   </div>
   <div class='ocr_carea' id='block_1_117' title="bbox 1946 5679 3528 5753">
    <p class='ocr_par' dir='ltr' id='par_1_117' title="bbox 1946 5679 3528 5753">
     <span class='ocr_line' id='line_1_117' title="bbox 1946 5679 3528 5753; baseline -0.001 -20"><span class='ocrx_word' id='word_1_778' title='bbox 1946 5679 2222 5744; x_wconf 66' lang='lat' dir='ltr'><strong>cili-ctum,</strong></span> <span class='ocrx_word' id='word_1_779' title='bbox 2273 5681 2522 5736; x_wconf 86' lang='lat' dir='ltr'><strong>videmus</strong></span> <span class='ocrx_word' id='word_1_780' title='bbox 2575 5679 2760 5736; x_wconf 78' lang='lat' dir='ltr'><strong>.lesnm</strong></span> <span class='ocrx_word' id='word_1_781' title='bbox 2817 5696 2912 5751; x_wconf 91' lang='lat' dir='ltr'><strong>per</strong></span> <span class='ocrx_word' id='word_1_782' title='bbox 2959 5682 3268 5753; x_wconf 86' lang='lat' dir='ltr'><strong>passionem</strong></span> <span class='ocrx_word' id='word_1_783' title='bbox 3315 5681 3528 5734; x_wconf 88' lang='lat' dir='ltr'><strong>mortis.</strong></span> 
     </span>
    </p>
   </div>
   <div class='ocr_carea' id='block_1_118' title="bbox 1948 5771 3524 5843">
    <p class='ocr_par' dir='ltr' id='par_1_118' title="bbox 1948 5771 3524 5843">
     <span class='ocr_line' id='line_1_118' title="bbox 1948 5771 3524 5843; baseline -0.001 -19"><span class='ocrx_word' id='word_1_784' title='bbox 1948 5771 2086 5836; x_wconf 83' lang='lat' dir='ltr'><strong>Quia</strong></span> <span class='ocrx_word' id='word_1_785' title='bbox 2142 5772 2304 5842; x_wconf 75' lang='lat' dir='ltr'><strong>elegit</strong></span> <span class='ocrx_word' id='word_1_786' title='bbox 2360 5772 2612 5828; x_wconf 89' lang='lat' dir='ltr'><strong>Christus</strong></span> <span class='ocrx_word' id='word_1_787' title='bbox 2670 5785 2898 5828; x_wconf 90' lang='lat' dir='ltr'><strong>mortem</strong></span> <span class='ocrx_word' id='word_1_788' title='bbox 2965 5783 3209 5843; x_wconf 86' lang='lat' dir='ltr'><strong>gustare,</strong></span> <span class='ocrx_word' id='word_1_789' title='bbox 3272 5777 3359 5829; x_wconf 88' lang='lat' dir='ltr'><strong>cui</strong></span> <span class='ocrx_word' id='word_1_790' title='bbox 3416 5786 3524 5827; x_wconf 90' lang='lat' dir='ltr'><strong>non</strong></span> 
     </span>
    </p>
   </div>
   <div class='ocr_carea' id='block_1_119' title="bbox 1951 5864 3530 5936">
    <p class='ocr_par' dir='ltr' id='par_1_119' title="bbox 1951 5864 3530 5936">
     <span class='ocr_line' id='line_1_119' title="bbox 1951 5864 3530 5936; baseline 0.006 -21"><span class='ocrx_word' id='word_1_791' title='bbox 1951 5864 2280 5936; x_wconf 82' lang='lat' dir='ltr'><strong>participant</strong></span> <span class='ocrx_word' id='word_1_792' title='bbox 2324 5865 2540 5934; x_wconf 83' lang='lat' dir='ltr'><strong>angeli;</strong></span> <span class='ocrx_word' id='word_1_793' title='bbox 2593 5866 2664 5919; x_wconf 84' lang='lat' dir='ltr'><strong>ita</strong></span> <span class='ocrx_word' id='word_1_794' title='bbox 2713 5883 2768 5921; x_wconf 88' lang='lat' dir='ltr'><strong>se</strong></span> <span class='ocrx_word' id='word_1_795' title='bbox 2802 5865 3066 5923; x_wconf 85' lang='lat' dir='ltr'><strong>minorem</strong></span> <span class='ocrx_word' id='word_1_796' title='bbox 3121 5867 3280 5924; x_wconf 84' lang='lat' dir='ltr'><strong>Patre</strong></span> <span class='ocrx_word' id='word_1_797' title='bbox 3321 5869 3530 5925; x_wconf 76' lang='lat' dir='ltr'><strong>dicens.</strong></span> 
     </span>
    </p>
   </div>
  </div>
