4032 6428
333 459 471 524 1273

1399 461 1720 522 SCHOLIA
1760 461 2056 522 VETERA
2103 462 2184 522 IN
2213 461 2592 523 JOANNEM.

3440 461 3578 526 1274

323 577 450 648 pob;
485 573 804 645 ἀνθρώπους
835 573 980 644 λέγει
1004 575 1130 637 τοὺς
1157 573 1226 628 τὰ
1266 574 1502 644 κοσμικὰ
1533 573 1888 644 φρονοῦντας.

2009 577 2246 629 homines
2311 583 2484 630 malos
2546 575 2782 630 ostendit
2832 573 2926 645 qui
2990 574 3264 630 mundana
3335 577 3575 644 sapiunt.

395 669 508 724 Τὸν
557 667 972 734 Παράκλητον,
999 668 1168 736 λέγει,
1200 667 1274 722 ὃν
1311 667 1427 737 ἐγὼ
1465 667 1682 737 πέμψω
1725 666 1888 735 ὑμῖν,

319 762 400 814 ὃτι
429 758 504 822 ὼς
535 761 564 813 ὀ
594 759 783 829 Πατὴρ
809 757 1040 827 πέμπει,
1070 757 1244 822 οὕτως
1275 760 1368 812 καὶ
1411 761 1440 812 ὁ
1469 759 1598 821 Υἱὸς
1627 757 1688 812 τὸ
1733 757 1892 825 ἅγιον

322 851 568 920 Πνεῦμα,
592 849 690 920 οὐχ
719 849 794 912 ὡς
840 849 1026 902 δοῦλον
1081 849 1160 914 δὲ,
1203 849 1318 904 ἀλλ’
1364 849 1440 913 ὡς
1472 848 1747 919 συμφυΐας
1791 846 1894 900 καὶ

321 940 622 1008 ὑποταγῆς,
663 940 693 992 ὃ
735 941 880 992 ἐστιν
917 939 1220 1010 ἐνεργείας.

902 1051 1152 1105 manu.
1197 1048 1314 1116 ις’.

391 1159 488 1225 Τὸ,
535 1157 680 1212 Ἐὰν
711 1157 796 1227 μὴ
830 1157 944 1225 ἐγὼ
987 1157 1247 1220 ἀπέλθω,
1281 1159 1314 1210 ό
1357 1154 1747 1224 Παρακλητος
1779 1153 1891 1206 οὐκ

317 1252 652 1316 ἐλεύσεται,
689 1251 890 1316 λέγειν,
919 1249 979 1302 οὑ
1027 1248 1216 1302 δοῦλον
1257 1247 1499 1300 δείκνυσι
1548 1245 1607 1298 τὸ
1641 1243 1888 1313 Πνεῦμα,

320 1343 456 1396 ἀλλὰ
491 1341 604 1394 ἴσον
633 1343 725 1395 καὶ
751 1341 956 1412 ὅμοιον.

385 1435 520 1503 Περὶ
556 1433 903 1500 δικαιοσύνης
927 1433 1107 1498 δὲ,ὅτι
1159 1431 1312 1500 Πρὸς
1356 1430 1465 1484 τὸν
1504 1427 1734 1496 Πατέρα
1771 1446 1890 1498 μου

319 1525 549 1595 ὑπάγω,
588 1525 685 1580 καί
726 1524 926 1578 οὐκέτι
961 1523 1228 1592 θεωρεῖτέ
1251 1540 1350 1592 με,
1385 1521 1541 1576 τοῦτὸ
1576 1525 1746 1586 ἐστιν,
1807 1523 1891 1575 ὅτι

331 1618 721 1687 Ἀνεπίληπτον
745 1618 1098 1687 παρεσχόμην
1139 1616 1252 1686 βίον
1277 1633 1292 1648 ·
1329 1617 1424 1668 καὶ
1459 1614 1651 1668 τούτου
1681 1615 1887 1686 τεκμή-

323 1727 413 1780 ρια
436 1709 496 1762 τὸ
523 1709 658 1778 πρὸς
697 1709 786 1762 τὸν
812 1709 1033 1778 Πατέρα
1065 1707 1398 1777 πορεύεσθαί
1436 1724 1526 1776 με.

393 1802 488 1866 Τὸ,
525 1803 590 1854 '0
641 1801 842 1870 ἅρχων
893 1801 1000 1854 τοῦ
1054 1801 1288 1868 κόσμου
1333 1802 1549 1853 τούτου
1605 1796 1888 1866 κέκριται,

320 1895 442 1947 ἀντὶ
469 1893 587 1956 τοῦ,
627 1892 1094 1947 Καταδεδίκασται
1120 1892 1392 1954 παλαίσας
1429 1891 1545 1960 μετ’
1579 1889 1739 1958 ἐμοῦ.

392 1986 460 2039 Τί
489 1988 656 2050 ἐστιν,
679 1987 762 2040 Οὐ
789 1985 900 2054 γὰρ
928 1983 1189 2052 λαλήσει
1215 1983 1314 2052 ἀφ’
1341 1982 1582 2046 ἑαυτοῦ,
1605 1983 1743 2037 ἀλλ’
1773 1981 1891 2035 ὅσα

319 2077 398 2132 ἂν
421 2078 656 2144 ἀκούσῃ
693 2077 992 2143 irrideat;
1021 2075 1252 2144 Ὅμοιον
1278 2077 1428 2127 ἐστιν
1457 2074 1486 2126 ὃ
1513 2073 1612 2128 καὶ
1643 2077 1772 2144 περὶ
1803 2073 1894 2126 αὐ-

317 2168 415 2220 τοῦ
463 2167 524 2220 οὐ
580 2165 750 2230 λαλῶ,
781 2165 955 2230 δεῖξαι
1005 2163 1177 2217 θέλων
1226 2164 1288 2216 τὸ
1326 2163 1746 2236 ἀπαράλλακτον
1797 2164 1894 2216 καὶ

319 2259 458 2329 πρὸς
511 2257 574 2310 τὸ
634 2257 854 2326 Πνεῦμα
886 2271 900 2286 ·
951 2253 1056 2308 Kal
1113 2255 1184 2308 τὰ
1231 2254 1524 2324 ἐρχόμενα
1577 2253 1900 2325 ἀναγγελεῖ

317 2351 481 2420 ὑμῖν,
503 2351 670 2422 ἤγουν
693 2349 754 2402 τὸ
780 2348 888 2401 Ποῦ
911 2349 1049 2417 εἰμι,
1085 2349 1180 2400 καὶ
1207 2347 1309 2400 ὅσα
1343 2346 1500 2403 ἄλλα.
1583 2367 1586 2370 ·

389 2443 514 2508 Πῶς
543 2445 655 2496 ἄνω
695 2443 788 2495 καὶ
825 2440 975 2493 κάτω
1007 2441 1066 2492 τὸ
1097 2439 1320 2508 Πνεῦμα
1345 2439 1406 2491 τὸ
1439 2441 1597 2508 ἅγιον
1631 2440 1748 2492 ἴσον
1779 2439 1894 2491 δει-

320 2539 500 2592 κνύων
532 2537 627 2591 τοῦ
681 2534 895 2606 Πατρὸς
921 2533 1018 2586 καὶ
1087 2532 1275 2598 αὐτοῦ,
1309 2533 1546 2586 ἐνταῦθα
1595 2533 1768 2600 λέγει,
1809 2533 1893 2585 ὃτι

332 2633 426 2684 Ἐκ
472 2630 580 2684 τοῦ
633 2627 780 2697 ἐμοῦ
827 2627 1140 2694 λαμϐάνει,
1189 2625 1287 2678 καὶ
1340 2624 1666 2695 ἀναγγελεῖ
1712 2625 1894 2693 ῠμῒν;

319 2723 486 2776 οὐδὲν
509 2721 695 2794 ἕτερον
720 2720 974 2790 ἐμφαίνει
995 2719 1028 2790 ἢ
1052 2719 1132 2770 ὅτι
1158 2718 1271 2771 ἴσον
1304 2719 1444 2780 ἐστι,
1463 2717 1558 2769 καὶ
1585 2715 1646 2768 οὐ
1686 2715 1890 2787 μεῖζον,

319 2818 456 2886 ὅπερ
481 2809 550 2884 ἦν
579 2815 645 2866 ὲκ
689 2813 800 2866 τῶν
845 2812 958 2866 ἄνω
991 2814 1254 2884 ῥημάτων
1277 2829 1292 2844 ο
1327 2813 1422 2866 καὶ
1465 2813 1554 2866 διὰ
1583 2811 1644 2864 τὸ
1671 2812 1850 2880 λέγειν
1875 2829 1890 2843 ·

333 2906 598 2972 Ἐκεῖνος
625 2905 730 2974 ἐμὲ
758 2903 1006 2969 δοξάσει
1025 2921 1039 2935 ·
1075 2906 1170 2958 καὶ⁸
1195 2905 1471 2975 ἐπιφέρει,
1504 2903 1634 2957 "Uri
1663 2906 1732 2957 ἐκ
1786 2904 1897 2958 τοῦ

319 3000 468 3070 ἐμοῦ
511 2997 822 3066 λαμϐάνει.
863 2996 987 3061 Πῶς
1018 2997 1074 3050 δὲ
1118 2996 1442 3068 νοηθήσεται
1485 2993 1566 3058 τὸ,
1633 2993 1897 3062 Ἐκεῖνος

318 3093 425 3162 ἐμὲ
456 3091 735 3156 δοξάσει;
775 3090 922 3144 Ἀντὶ
943 3089 1062 3154 τοῦ,
1109 3089 1199 3143 Ἐν
1219 3088 1299 3161 τῷ
1326 3088 1556 3160 ὀνόματί
1587 3106 1688 3160 μου
1735 3088 1904 3142 δώσει

319 3188 426 3252 τὰς
449 3186 732 3258 ἐνεργείας
765 3184 920 3252 ὑμῖν.

2071 665 2236 720 Vens.
2267 667 2355 721 26.
2383 667 2742 732 Paracletum,
2775 668 2926 731 diett,
2959 683 3108 736 quem
3138 684 3230 737 ego
3253 668 3462 720 mittam
3493 683 3580 720 vo-

1999 761 2076 813 bis
2100 779 2124 822 ,·
2145 761 2272 830 quia
2303 762 2448 814 sicut
2477 759 2640 814 Pater
2681 759 2878 813 Filium
2939 759 3128 822 mittit,
3173 759 3247 812 ita
3302 740 3582 812 ct'Fiiins

1997 863 2248 908 sanctum
2283 851 2570 922 Spiritum,
2603 867 2712 905 non
2764 861 2942 904 autem
2993 861 3048 904 ut
3099 865 3338 912 servum,
3391 849 3482 904 sed
3523 859 3580 902 ut

1997 945 2238 1015 ejusdem
2295 956 2506 999 natum
2531 953 2586 998 et
2611 943 2982 998 subordinatze
3012 943 3368 1012 operationis.

2587 1051 2821 1108 CAPUT
2857 1049 2992 1106 XVI.

2068 1163 2233 1219 Vens.
2266 1165 2320 1217 7.
2353 1162 2476 1218 Νὲιὶ
2497 1161 2695 1228 abiero,
2736 1161 3050 1215 Paracletus
3092 1177 3194 1214 non
3223 1161 3430 1214 veniet?
3462 1159 3578 1213 Non

1998 1274 2214 1314 servum
2266 1257 2500 1312 ostendit
2539 1254 2822 1324 Spiritum,
2874 1254 2968 1308 sed
3024 1252 3290 1322 aqualem
3323 1261 3379 1306 et
3425 1251 3580 1307 simi—

1998 1351 2126 1406 lem.

2069 1440 2234 1495 Vens.
2267 1441 2318 1496 8.
2349 1439 2423 1494 De
2450 1439 2662 1510 justltta
2687 1455 2814 1492 vero
2847 1456 2861 1492 :
2893 1438 3031 1502 Quia
3068 1439 3136 1491 ad
3169 1438 3382 1492 Patrem
3418 1436 3574 1500 vado,

1996 1544 2165 1589 etnon
2195 1533 2432 1586 videbitis
2488 1547 2604 1594 me;
2635 1529 2816 1595 idest,
2863 1531 2988 1598 quia
3037 1527 3574 1598 irrepreliensibilem

1998 1625 2213 1678 traduxi
2237 1625 2442 1698 vitam,
2469 1631 2522 1676 et
2569 1619 2734 1689 hujus
2769 1621 2846 1673 rei
2889 1619 3149 1672 iudicium
3187 1627 3293 1682 est,
3328 1618 3472 1686 quod
3505 1617 3574 1672 ad

1998 1719 2212 1771 Putrem
2255 1717 2412 1770 vado.

2069 1810 2235 1864 Vens.
2281 1809 2367 1862 11.
2404 1806 2654 1874 Princeps
2683 1803 2864 1858 mundi
2897 1800 3053 1869 hujus
3083 1800 3362 1868 judicatus
3389 1809 3491 1862 est,
3525 1797 3594 1852 id.

1916 1925 1963 1984 Β
1991 1921 2095 1971 est,
2133 1904 2526 1961 condemnatus
2555 1905 2638 1950 est
2665 1895 2809 1966 quod
2829 1908 3039 1947 mecum
3071 1892 3308 1945 Iuctatus
3331 1900 3436 1944 est.

2065 2001 2227 2054 Vens.
2261 1995 2348 2050 l5.
2375 1990 2512 2058 Quid
2545 1997 2650 2052 est,
2683 1985 2808 2040 Non
2851 1985 2988 2037 enim
3031 1983 3277 2052 loquetur
3307 1998 3338 2033 a
3368 1983 3540 2050 seipso
3562 2020 3578 2044 ,

1995 2096 2083 2151 sed
2115 2106 2232 2162 quit:
2262 2084 2490 2140 audierit
2516 2079 2800 2150 loquetur?
2839 2077 2986 2131 Idem
3018 2084 3101 2129 est
3137 2090 3223 2137 ac,
3251 2071 3323 2126 De
3357 2073 3447 2125 illo
3471 2088 3580 2124 non

1995 2187 2228 2255 loquor;
2255 2179 2443 2233 volens
2481 2171 2771 2228 ostendere
2801 2168 3171 2236 aequalitatem
3199 2182 3321 2220 cum
3346 2164 3579 2234 Spiritu.

1997 2278 2064 2331 Et
2105 2285 2322 2330 uentura
2363 2265 2630 2324 nuntiabit
2657 2263 2824 2328 vobis,
2859 2261 2910 2316 id
2941 2269 3045 2324 est,
3081 2258 3181 2315 Ubi
3223 2273 3345 2314 sum
3372 2271 3494 2326 ego,
3528 2261 3581 2307 cl

1993 2371 2097 2426 alia
2125 2364 2403 2437 quaelibet.

2067 2458 2236 2512 Vens.
2280 2455 2366 2508 Η.
2400 2447 2686 2518 Quomodo
2725 2437 3000 2514 'Spiritum
3045 2449 3294 2498 sanctum
3355 2437 3581 2492 omnino

1995 2553 2257 2619 aequalem
2288 2543 2430 2599 Patri
2466 2551 2520 2596 et
2545 2539 2648 2594 sibi
2677 2535 2992 2601 ostendens,
3023 2534 3096 2587 ibi
3139 2531 3277 2586 dicit
3311 2547 3323 2582 :
3359 2528 3432 2581 De
3465 2543 3577 2579 meo

1996 2641 2215 2710 accipiet
2269 2647 2318 2690 et
2378 2631 2713 2688 annuntiabit
2762 2627 2954 2682 vobis?
3006 2623 3152 2679 Nihil
3189 2622 3337 2677 aliud
3375 2620 3582 2674 indicat

1997 2709 2280 2799 uisiiquod
2307 2724 2534 2793 aqualis
2568 2729 2653 2776 est
2699 2733 2799 2774 nec
2853 2717 3050 2786 major,
3083 2715 3231 2785 quod
3261 2719 3382 2766 erat
3423 2709 3584 2764 intel-

2001 2798 2200 2876 lectum
2251 2833 2316 2872 ex
2352 2811 2787 2886 praecedentibus
2829 2809 3022 2873 dictis;
3058 2816 3114 2862 et
3162 2803 3439 2860 dicendo:
3483 2798 3582 2853 Ille

1999 2928 2080 2966 me
2138 2905 2478 2979 glorificabit.
2509 2901 2752 2970 subiicit,
2780 2910 2828 2952 et
2887 2897 2949 2952 de
2979 2913 3091 2950 meo
3123 2895 3368 2963 accipiet.
3428 2890 3581 2956 Quo-

2000 3003 2164 3058 modo
2197 3011 2375 3054 autem
2433 2994 2789 3065 intelligetur,
2820 2990 2920 3045 Ille
2979 3006 3058 3044 me
3117 2985 3438 3058 gloriﬁcabit
3466 2983 3493 3037 .’
3526 2981 3582 3035 Id

2000 3103 2102 3158 est,
2127 3092 2184 3146 in
2215 3089 2434 3144 nomine
2458 3102 2580 3141 meo
2606 3083 2758 3139 dabit
2792 3080 2949 3137 vobis
2984 3078 3355 3150 operatioucs.

387 3257 726 3348 Περιποίας
782 3274 934 3346 ὧρας
989 3273 1159 3342 λέγει,
1203 3273 1285 3327 ὅτι
1333 3274 1610 3342 Ἔρχεται
1631 3271 1755 3342 ὥρα
1794 3271 1892 3326 ὅτε

2069 3273 2234 3329 Vsus.
2264 3271 2356 3326 25.
2385 3269 2457 3324 De
2488 3283 2595 3338 qua
2619 3268 2748 3320 liora
2781 3264 2955 3319 dicit:
2993 3261 3140 3316 Venit
3165 3262 3294 3313 liora
3321 3275 3437 3311 cum
3465 3257 3584 3326 jam

317 3367 518 3425 οὐκέτι
547 3368 618 3422 ἐν
636 3367 974 3436 παροιμίαις
997 3363 1253 3432 λαλήσω
1282 3363 1425 3434 ὑμῖν
1447 3381 1466 3430 ;
1501 3365 1606 3418 Τὸν
1638 3367 1734 3436 τῆς
1761 3365 1894 3418 ἀνα-

319 3464 565 3525 στάσεως
594 3459 762 3514 αὐτοῦ
805 3453 996 3530 χρόνον
1049 3456 1300 3530 [λέγει
1342 3458 1436 3511 καὶ
1486 3457 1596 3530 γὰρ
1635 3458 1728 3512 ἐπὶ
1794 3457 1898 3528 μὲν

321 3556 535 3626 ἡμέρας
569 3553 738 3623 συνῆν
767 3551 972 3622 ὁμιλῶν
1021 3552 1227 3614 αὐτοῖς.

396 3647 460 3700 Τί
492 3650 606 3700 ὲστι
641 3645 723 3709 τὸ,
772 3643 963 3697 Ταῦτα
999 3639 1312 3709 λελάληκα
1344 3639 1627 3709 ὑμῖνλνα
1669 3641 1739 3692 ἐν
1768 3641 1896 3710 ἐμοὶ

319 3740 575 3808 εἰρήνην
622 3739 842 3806 Extare;
897 3735 1068 3788 Τοῦτό
1099 3735 1269 3799 ἐστιν,
1309 3734 1423 3787 ’Ίνα
1465 3733 1541 3804 μὴ
1598 3734 1896 3804 ἐκδάλλητε

319 3832 432 3887 ἀπὸ
456 3831 552 3900 τῆς
583 3829 738 3899 ὑμῶν
766 3829 1034 3890 διανοίας.

884 3939 1138 3994 ΚΕΦΑΛ.
1184 3941 1302 4006 ις’.

387 4052 486 4108 Διά
516 4052 568 4106 τί
595 4048 830 4120 ἅλλαχοῦ
863 4049 958 4102 καὶ
989 4046 1192 4114 γόνατα
1239 4046 1484 4118 κάμπτει
1514 4046 1608 4101 καὶ
1632 4045 1888 4117 εὔχεται;

324 4147 451 4198 Ὀτι
474 4142 678 4214 ἀρετὴν
699 4139 1037 4212 φανερώσων
1070 4133 1256 4209 ἦλθεν,
1275 4138 1396 4209 οὐχὶ
1419 4138 1518 4208 τὴν
1541 4138 1773 4209 θεότητα
1797 4140 1898 4193 αὐ-

319 4237 419 4292 τοῦ
485 4213 645 4308 μόνον
673 4251 689 4266 ο
732 4233 823 4287 τὸν
867 4233 925 4286 δὲ
977 4231 1325 4296 παιδεύοντα,
1385 4213 1447 4286 οὐ
1494 4231 1584 4285 διὰ
1635 4231 1900 4304 ῥημάτων

326 4330 510 4402 μόνον,
529 4330 666 4384 ἀλλὰ
682 4330 776 4382 καὶ
791 4327 879 4380 διὰ
902 4325 1246 4396 πραγμάτων
1265 4323 1373 4396 χρὴ
1397 4323 1695 4379 παιδεύειν.
1717 4324 1899 4390 Δεῖξαι

325 4423 498 4477 θέλων
539 4422 620 4476 ὅτι
673 4421 773 4473 οὐκ
805 4419 952 4471 ἄκων
1001 4417 1096 4469 ἐπὶ
1137 4415 1199 4468 τὸ
1230 4414 1402 4478 πάθος
1453 4413 1698 4486 ἔρχεται,
1738 4413 1897 4484 φησί·

325 4513 537 4583 Πάτερ,
571 4513 876 4579 ἐλήλυθεν
897 4511 936 4578 ἡ
967 4508 1110 4577 ὥρα,
1136 4505 1406 4570 δόξασόν
1433 4521 1552 4560 σου
1581 4505 1690 4558 τὸν
1731 4504 1896 4570 Υιὸν,

1999 3384 2104 3421 non
2143 3367 2198 3419 in
2253 3359 2538 3433 proverbiis
2585 3357 2776 3426 loquar
2807 3354 2994 3410 vobis?
3043 3351 3118 3405 De
3170 3361 3412 3419 tempore
3470 3361 3583 3402 sum

1997 3454 2419 3516 resurrectionis
2471 3451 2634 3518 dicit;
2666 3449 2868 3505 etenim
2926 3447 2982 3501 in
3036 3445 3152 3499 dies
3208 3443 3398 3497 aderat
3453 3455 3581 3495 cum

1999 3551 2107 3606 illis
2133 3549 2471 3616 colloquens.

2069 3636 2238 3695 Vens.
2268 3641 2356 3694 55.
2393 3637 2534 3704 Quid
2561 3645 2642 3691 est
2673 3652 2686 3687 :
2721 3631 2849 3687 "an:
2875 3631 3080 3685 locutus
3113 3645 3227 3683 sum
3260 3626 3402 3682 vobis
3445 3633 3500 3677 ut
3533 3626 3584 3677 in

1999 3751 2079 3790 me
2117 3749 2297 3804 pacem
2317 3730 2588 3786 habeatis?
2621 3729 2678 3784 Id
2707 3727 2921 3794 cst,Me
2952 3741 3058 3779 non
3093 3721 3327 3792 ejiciatis
3351 3735 3380 3774 e
3406 3729 3586 3774 mente

1998 3839 2210 3887 vestra.

2579 3925 2810 3986 CAPUT
2849 3923 3015 3978 XVII.

2071 4048 2240 4103 Vens.
2273 4047 2326 4100 ί.
2360 4045 2470 4100 Cur
2508 4043 2646 4098 alias
2687 4055 2865 4111 genua
2912 4037 3078 4091 ﬂectit
3133 4045 3190 4089 et
3241 4035 3403 4088 orat?
3447 4031 3587 4097 Quia

2003 4142 2260 4195 virtutem
2321 4135 2776 4190 manilestaturus
2829 4131 2996 4194 venit,
3029 4143 3138 4181 non
3199 4129 3374 4182 solum
3441 4124 3582 4178 divi-

2001 4235 2230 4288 nitatem
2261 4244 2418 4284 suam
2440 4221 2772 4291 {docentem
2797 4232 3006 4287 autem,
3035 4235 3142 4274 non
3177 4220 3352 4274 solum
3385 4217 3588 4280 verbis,

2002 4323 2100 4378 sed
2148 4329 2204 4376 et
2237 4318 2451 4373 actibus
2503 4321 2720 4384 oportet
2777 4311 2996 4364 docere.
3045 4306 3348 4362 Ostendere
3403 4305 3592 4359 volens

1999 4413 2142 4484 quod
2199 4426 2304 4466 non
2359 4409 2564 4462 invitus
2619 4405 2687 4458 ad
2738 4401 3050 4473 passionem
3109 4400 3357 4469 graditur
3407 4397 3589 4450 dicit:

2002 4503 2186 4570 Pater,
2213 4503 2350 4556 venit
2391 4500 2542 4561 hora,
2575 4495 2816 4567 gloriﬁca
2857 4489 2904 4544 F
2907 4493 3064 4546 ilium
3097 4501 3269 4552 tuum,
3301 4497 3432 4570 etc.,
3465 4501 3593 4541 ecce

324 4608 420 4661 καὶ
449 4581 518 4660 τὰ
550 4603 700 4674 ἑξῆς.
741 4602 873 4656 Ἰδοὺ
924 4600 1036 4670 γὰρ
1059 4597 1280 4670 εὔχεται
1317 4596 1474 4652 τοῦτο
1501 4595 1778 4666 γενέσθαι,
1801 4596 1898 4649 καὶ

2009 4595 2147 4651 enim
2175 4601 2298 4650 orat
2324 4591 2428 4646 hoc
2459 4589 2597 4654 lieri,
2628 4595 2684 4642 et
2715 4585 2944 4656 gloriam
2979 4581 3124 4636 hanc
3147 4595 3263 4635 rem
3299 4588 3478 4634 vocat.

321 4695 482 4764 δόξαν
510 4695 572 4749 τὸ
603 4695 842 4764 πρᾶγμα
865 4691 1046 4744 καλεῖ.

395 4789 523 4842 Ἵνα
565 4783 906 4856 γινώσκωσι
942 4798 1015 4837 σε
1051 4781 1160 4836 τὸν
1183 4781 1376 4850 μόνον
1409 4776 1702 4846 ἀληθινὸν
1729 4776 1900 4832 Θεόν.

321 4879 470 4949 Πρὸς
500 4874 912 4944 ἀντιδιαστολὴν
943 4872 1056 4925 τῶν
1076 4875 1177 4925 οὐκ
1203 4869 1406 4933 ὄντων,
1436 4867 1562 4937 οὐχὶ
1601 4865 1736 4937 πρὸς
1767 4865 1901 4932 σύγ-

325 4985 508 5040 κρισιν
536 4967 632 5020 τοῦ
661 4963 813 5018 Υίοῦ.
843 4963 908 5016 Τί
945 4959 1072 5028 οὖν,
1103 4955 1150 5015 ὧ
1181 4961 1409 5030 Ἀρειε;
1454 4959 1482 5012 ὁ
1508 4957 1716 5027 λέγων,
1763 4955 1905 5024 Ἐγώ

323 5063 442 5130 ειμι
469 5059 508 5127 ἡ
549 5057 825 5126 ἀλήθεια,
861 5053 970 5123 τῆς
1001 5053 1290 5122 ἀληθείας
1317 5049 1734 5112 ἐκπέπτωκεν;
1763 5047 1904 5100 Οὐκ-

324 5153 422 5206 οῢν
461 5153 512 5205 εἰ
547 5151 622 5222 μὴ
659 5148 775 5202 ἔστι
815 5147 950 5211 Θεὸς
993 5145 1250 5214 ἀληθινὸς
1291 5145 1320 5196 ὁ
1349 5143 1502 5204 Υἱὸς,
1529 5139 1654 5193 οὐδὲ
1680 5137 1812 5202 Θεὸς
1835 5137 1904 5192 ἂν

330 5244 547 5298 καλοῖτο
593 5241 848 5304 δικαίως·
901 5239 962 5291 τὸ
997 5237 1108 5306 γὰρ
1157 5234 1234 5306 μὴ
1279 5234 1340 5288 ὃν
1384 5231 1633 5302 ἀληθῶς,
1667 5229 1787 5293 πῶς
1837 5229 1908 5282 ἂν

326 5335 554 5406 κληθείη
579 5334 744 5400 Osric;
775 5331 842 5384 Τί
863 5330 956 5384 οὖν
987 5329 1203 5398 ἐκείνην
1237 5327 1540 5395 ποιήσομεν
1564 5323 1666 5396 τὴν
1695 5320 1902 5392 φωνὴν,

323 5428 408 5490 τὸ,
443 5427 542 5482 Ἐν
559 5423 718 5494 ἀρχῇ
743 5419 824 5493 ἦν
847 5425 880 5476 ό
905 5421 1096 5487 Λόγος
1123 5417 1222 5472 καὶ
1242 5420 1276 5471 ό
1301 5418 1492 5485 Λόγος
1521 5409 1600 5484 ἧν
1625 5412 1778 5480 πρὸς
1801 5412 1910 5466 τὸν

332 5520 520 5586 Θεὸν,
551 5518 651 5573 καί
701 5516 846 5583 Θεὸς
874 5511 954 5585 ἧν
1001 5517 1033 5567 ό
1077 5511 1308 5579 Λόγος;
1363 5507 1607 5570 Ἀκούεις
1653 5505 1785 5560 Θεὸν
1817 5505 1910 5558 τὸν

333 5613 524 5680 Λόγον.
557 5609 668 5664 Καὶ
693 5607 872 5668 τοῦτο,
899 5608 1086 5675 φησὶν,
1119 5599 1188 5675 ἦν
1219 5601 1412 5670 Λόγος,
1441 5601 1580 5669 ὅπερ
1611 5599 1819 5660 ἐκεῖνος
1842 5591 1910 5666 ἦν

333 5705 471 5775 πρὸς
503 5702 563 5755 ὃν
595 5699 684 5772 ἦν,
725 5699 974 5752 τουτέστι
1015 5695 1169 5758 Θεός.
1203 5694 1414 5747 Οὐκοῦν
1447 5695 1496 5746 εί
1532 5693 1631 5762 μὲν
1659 5692 1762 5744 οὐκ
1793 5690 1910 5744 ἐστι

330 5796 464 5858 Θεὸς
499 5791 754 5863 ἀληθινὸς
783 5792 811 5844 ὁ
855 5789 982 5852 Υἱὸς
1003 5828 1018 5852 ,
1056 5787 1270 5855 ἀνάγκη
1313 5803 1372 5839 σε
1400 5785 1590 5839 τοῦτον
1619 5783 1796 5854 ψευδῆ
1825 5801 1910 5836 νο-

337 5889 516 5959 μέςειν
543 5884 678 5940 Θεόν
698 5899 714 5917 ⁸
745 5883 797 5936 εἰ
820 5881 875 5936 δὲ
900 5880 1093 5952 ψευδῆ,
1123 5879 1310 5933 τοῦτον
1337 5877 1469 5934 Θεὸν
1492 5879 1592 5932 οὐκ
1615 5875 1680 5930 ἂν
1705 5877 1910 5947 τολμή-

2089 4778 2255 4834 Vt-zns.
2292 4777 2348 4832 5.
2384 4773 2452 4828 Ut
2491 4779 2810 4843 cognoscant
2843 4777 2892 4822 te
2937 4765 3112 4822 solum
3163 4763 3330 4818 Deum
3381 4777 3594 4825 verum;

2008 4873 2076 4928 de
2127 4867 2474 4942 appositione
2525 4863 2662 4920 dicit
2693 4875 2883 4917 eorum
2919 4857 3014 4928 qui
3050 4856 3124 4910 dii
3167 4871 3272 4910 non
3303 4863 3460 4917 sunt,
3483 4867 3592 4904 non

2008 4965 2076 5019 de
2106 4961 2307 5018 unione
2337 4957 2479 5012 Filii.
2513 4953 2656 5020 Quid
2693 4967 2848 5021 ergo,
2876 4947 3048 5003 Arie.’
3079 4947 3174 5016 qui
3231 4945 3368 4999 dicit
3420 4960 3434 4996 :
3481 4942 3592 5012 Ego

2008 5070 2126 5110 sum
2176 5052 2391 5114 veritas,
2423 5064 2453 5102 a
2485 5047 2721 5101 veritate
2773 5041 3084 5096 abscessit?
3127 5039 3267 5107 Ergo
3291 5037 3335 5090 si
3369 5051 3474 5089 non
3508 5043 3594 5088 est

2007 5159 2170 5199 verus
2201 5143 2344 5196 Deus
2399 5137 2598 5197 Filius,
2631 5148 2741 5188 non
2792 5131 2933 5184 Deus
2991 5127 3187 5181 merito
3239 5123 3344 5177 dici
3387 5132 3592 5191 posset.

2010 5233 2168 5300 Quod
2197 5232 2342 5286 enim
2376 5244 2485 5283 non
2515 5235 2600 5280 est
2631 5219 3071 5290 vere,quomodo
3104 5224 3395 5268 vocaretur
3417 5211 3595 5264 Deus?

2011 5325 2142 5394 quid
2175 5324 2342 5394 igitur
2373 5321 2639 5376 iaciemus
2673 5317 2742 5371 de
2763 5314 2866 5368 bac
2889 5325 3062 5376 voce,
3091 5307 3154 5362 In
3185 5307 3444 5378 principio
3475 5313 3592 5358 erat

2023 5414 2267 5476 Verbum,
2305 5423 2354 5467 et
2402 5411 2622 5465 Verbum
2661 5416 2776 5462 erat
2821 5404 2962 5474 apud
3015 5401 3208 5464 Deum,
3232 5409 3279 5453 et
3309 5397 3446 5452 Dens
3483 5403 3596 5450 erat

2026 5508 2284 5562 Verbum?
2331 5504 2503 5560 Audis
2539 5503 2706 5557 Deum
2744 5513 2866 5554 esse
2900 5495 3176 5558 Verbum;
3224 5501 3279 5546 et
3315 5491 3450 5545 illud
3510 5491 3588 5543 di-

2015 5598 2112 5663 cit,
2139 5607 2257 5652 erat
2292 5593 2554 5658 Verbum,
2589 5592 2732 5662 quod
2761 5588 2903 5646 istud
2928 5597 3046 5643 erat
3081 5587 3224 5655 apud
3258 5583 3402 5652 quod
3453 5591 3594 5646 erat,

2019 5689 2072 5744 id
2117 5698 2202 5744 est
2246 5689 2391 5757 apud
2429 5685 2621 5741 Deum.
2653 5683 2795 5755 Ergo
2838 5681 2884 5736 si
2919 5681 3140 5750 quidem
3197 5693 3304 5731 non
3344 5685 3430 5730 est
3457 5673 3599 5728 Deus

2017 5795 2178 5837 verus
2207 5780 2396 5842 Filius,
2431 5791 2656 5834 necesse
2687 5784 2773 5830 est
2831 5783 2884 5828 te
2931 5775 3079 5826 hunc
3111 5769 3310 5825 falsum
3345 5776 3600 5837 reputare

2021 5872 2212 5928 Deum.
2250 5872 2310 5927 Si
2355 5885 2485 5926 vero
2547 5869 2739 5924 falsum
2793 5866 2942 5922 hunc
2994 5861 3166 5918 Deum
3215 5875 3322 5916 non
3364 5857 3598 5914 auderes
