4032 6412
542 408 681 477 1279

1288 415 1680 476 OPUSCULA
1720 414 2353 475 SCRIPTURISTICA
2398 417 2747 478 INCERTJE
2789 418 3103 482 ASTATIS.

3664 425 3781 488 127.80

544 530 765 583 homine
798 527 1057 583 inferiore
1090 529 1292 583 missus
1322 538 1427 594 est,
1470 540 1523 584 et
1554 530 1833 583 missionis
1885 540 2119 583 vorabu-

2232 526 2399 583 Εἶδον
2422 533 2529 599 γὰρ
2556 533 2726 594 Θεὸν,
2752 534 2909 602 φησι,
2931 535 3259 604 πρόσωπον
3282 538 3426 605 πρὸ(
3468 543 3784 609 πρόσωπον,

542 620 653 673 lum
698 637 802 673 non
840 622 1076 674 ostendit
1134 620 1548 675 inferioritatem
1589 622 1708 691 ejus
1731 622 1823 691 qui
1872 622 2121 676 mittitur.

541 710 682 782 Ergo
714 714 757 767 si
798 713 865 765 ab
904 714 1123 767 homine
1172 713 1312 768 D‘us
1356 714 1581 768 missum
1642 730 1701 769 se
1755 730 1875 768 esse
1899 715 2121 780 clamat,

541 803 762 855 minime
802 804 1027 859 in'erior
1064 814 1148 859 est
1184 805 1438 869 homine;
1472 820 1578 858 non
1632 820 1763 875 ergo
1796 820 1895 859 nec
1954 803 2125 859 Filius

542 892 683 947 Patri
719 895 965 957 inferior,
1003 914 1128 951 cum
1186 898 1390 952 dicitur
1423 914 1452 951 a
1495 896 1653 952 Patre
1699 898 1925 951 missum
1977 914 2119 951 esse.

544 983 647 1035 Sed
684 986 783 1049 ibi,
814 987 969 1045 dicit.
999 989 1506 1043 eundescendcntizr
1522 999 1578 1043 et
1616 990 1879 1058 propositi
1917 989 2123 1044 locutio

537 1084 638 1139 est,
674 1092 773 1145 ego
807 1076 1010 1131 interea
1045 1078 1111 1131 de
1149 1094 1313 1131 carne
1348 1094 1657 1131 sermonem
1694 1079 1816 1133 frci.
1854 1076 1959 1131 Sed
1996 1078 2123 1146 quia

539 1167 821 1222 missionis
849 1171 1198 1236 vocabulum,
1230 1168 1585 1239 Unigenitum
1646 1170 1975 1224 imminuere
2012 1185 2118 1223 non

539 1268 733 1324 potest,
776 1262 994 1329 quattdo
1059 1262 1229 1317 Pater
1264 1280 1290 1315 a
1326 1264 1609 1332 proposito
1648 1263 1849 1316 dicitur
1888 1263 2119 1315 missum

536 1362 674 1412 essr,
699 1364 873 1418 neque
904 1352 957 1405 in
989 1361 1195 1411 aeterna
1222 1363 1416 1407 natura
1454 1353 1547 1406 illo
1573 1352 1733 1406 modo
1754 1351 1981 1405 interior
2006 1349 2117 1404 elﬁ-

535 1448 701 1492 Cllllr.

2232 624 2331 677 καὶ
2371 624 2567 693 ἐσώθη
2605 627 2642 694 ἡ
2683 626 2853 695 ψυχή
2879 646 3012 693 μου.
3061 629 3222 682 Ἀλλά
3265 631 3317 683 τί
3348 633 3477 703 περὶ
3509 633 3639 687 Υἱοῦ
3670 638 3784 709 λέγει·Ι

2232 718 2515 788 εἰρῆσθαις
2564 718 2727 771 Ἀλλὰ
2770 719 2866 772 καὶ
2920 718 3094 782 οὕτως
3128 721 3284 774 κενόν
3318 739 3403 775 σοι
3444 724 3505 777 τὸ
3541 726 3780 795 σόφισμα.

2231 806 2365 869 θεὸς
2395 809 2503 873 γὰρ
2528 806 2603 860 ὢν
2634 809 2729 861 καὶ
2762 810 2791 862 ὁ
2832 810 2979 872 Υἱὸς,
3010 811 3101 863 ὑπ’
3133 811 3417 877 ἐλάττονος
3452 815 3639 885 ἀνδρὸς
3692 819 3788 870 ἀπι-

2233 897 2436 966 ιστάλη
2466 915 2478 928 ·
2514 899 2605 950 καὶ
2639 899 2699 950 τὸ
2724 900 2824 967 τῆς
2852 901 3158 971 ἀποστολῆς
3197 902 3366 972 δνομα
3397 905 3496 957 οὐκ
3522 906 3683 971 ἔδειξε
3711 911 3788 963 τὶν

2232 985 2643 1054 ἀπεσταλμένον
2677 988 2956 1045 ἐλάττονα.
3004 992 3216 1045 Οὐκοῦν
3242 994 3291 1044 εἰ
3332 994 3482 1065 παρὰ
3520 998 3789 1067 ἀνθρώπου

2232 1078 2364 1141 Θεὸς
2407 1082 2777 1150 ἀποσταλῆναι
2815 1081 2990 1147 βοῶν,
3032 1085 3284 1154 οὐδαμῶς
3316 1088 3552 1141 ἐλάττων
3594 1091 3788 1161 ἀνθρώ.

2226 1189 2352 1236 που,
2403 1174 2504 1226 οὐκ
2547 1174 2651 1244 ἄρα
2689 1176 2811 1227 οῦδὲ
2853 1179 2881 1229 ὁ
2920 1177 3046 1239 Υἱὸς
3095 1178 3330 1233 ἐλάττων
3375 1182 3610 1253 Πατρδς,
3655 1187 3790 1255 παρὰ

2225 1264 2437 1333 Πατρὺς
2489 1267 2823 1320 ἀπεστάλθαι
2878 1269 3193 1338 λεγόμενος.
3258 1272 3399 1324 Ἀλλ’
3452 1274 3589 1335 ἐκεῖ,
3646 1279 3786 1346 φησὶ,

2226 1355 2689 1421 ωγκαταὸἀσεως
2742 1360 2838 1412 καὶ
2889 1362 3203 1431 οἰκονομίας
3253 1364 3282 1415 ὁ
3321 1364 3483 1431 λόγος
3537 1366 3789 1438 ὑπάρχειο

2223 1443 2332 1512 ἐγὼ
2365 1446 2473 1517 γὰρ
2508 1448 2644 1509 τέως
2675 1450 2806 1519 περὶ
2834 1450 2935 1519 τῆς
2962 1454 3164 1522 σαρκὸς
3193 1455 3448 1525 εἰρῆσθαι
3479 1456 3572 1510 τὸν
3611 1458 3787 1525 λόγον·

535 1534 651 1587 ἀλλ’
682 1538 761 1588 ὅτι
799 1538 892 1591 καὶ
924 1539 984 1591 τὸ
1016 1541 1116 1608 τῆς
1157 1540 1465 1610 ἀποστολῆς
1493 1539 1687 1608 ὄνομα,
1732 1538 1822 1590 τὴν
1856 1536 2121 1606 μονογενῆ
2180 1542 2652 1610 κατασμικρύνειν
2707 1545 2808 1597 οὐκ
2854 1541 3015 1609 οἶδεν,
3053 1548 3143 1600 ὅτε
3174 1551 3268 1601 καὶ
3309 1550 3502 1620 Πατὴρ
3528 1552 3793 1623 οἰκονομιο

537 1627 651 1689 κῶς
697 1630 1029 1699 κηρύττεται
1067 1632 1443 1697 ἀπεστάλθαι,
1474 1636 1566 1684 καὶ
1618 1632 1717 1702 τὴν
1759 1632 1927 1685 ἀΐδιον
1961 1630 2126 1700 φύσιν
2155 1631 2409 1702 οὐδαμῶς
2444 1634 2786 1691 ἐλαττοῦται.

614 1720 778 1776 Vens.
814 1724 902 1778 23.
966 1725 1074 1795 Ego
1125 1728 1177 1779 in
1228 1728 1334 1779 illis
1363 1738 1411 1781 et
1444 1736 1498 1779 tu
1537 1728 1587 1779 in
1631 1744 1730 1789 me,
1764 1727 1835 1779 ita
1892 1726 2119 1793 intelligi

2299 1724 2393 1787 Τὸ,
2433 1726 2578 1795 Ἐγὼ
2605 1728 2675 1780 ἐν
2698 1727 2902 1793 αὐτοῖς
2938 1730 3035 1782 καὶ
3078 1730 3158 1783 σὺ
3194 1731 3263 1784 ἐν
3292 1731 3453 1801 ἐμοὶ,
3500 1732 3671 1798 οὕτως
3700 1736 3792 1809 χρὴ

537 1814 724 1870 debet:
765 1817 1168 1890 Deditgloriam
1198 1836 1351 1874 suam
1399 1822 1450 1874 in
1478 1821 1586 1875 illis
1632 1831 1901 1883 versatus,
1925 1829 1980 1872 et
2023 1819 2123 1872 Pa-

2232 1819 2391 1880 νοεῖν,
2426 1818 2506 1871 ὅτι
2539 1818 2708 1872 ἔδωκε
2737 1820 2835 1888 τὴν
2875 1820 3033 1885 δόξαν
3068 1821 3234 1874 αὑτοῦ
3264 1824 3324 1875 ὲν
3351 1824 3540 1888 αὐτοῖς
3581 1827 3793 1895 γενόμε-

537 1918 673 1961 trem
712 1911 916 1965 habens
945 1929 1153 1979 secum,
1181 1926 1237 1967 ut
1268 1915 1385 1969 illos
1421 1926 1726 1969 conservet.
1764 1915 1904 1967 Alibi
1935 1923 2115 1968 autem

539 2018 646 2055 nou
681 2006 752 2057 ita
784 2004 1045 2074 loquitur;
1083 2009 1356 2062 nonenini
1395 2024 1490 2077 per
1549 2008 1726 2078 ipsum
1768 2007 1985 2061 Patrem
2026 2022 2119 2060 vc-

537 2095 654 2147 nire
681 2095 833 2161 dicit,
871 2098 963 2151 sed
1038 2098 1215 2168 ipsum
1277 2108 1331 2153 et
1371 2100 1587 2154 Patrem
1625 2100 1830 2164 venire,
1876 2108 1929 2153 et
1959 2116 2116 2153 man-

535 2185 745 2239 sionem
766 2189 909 2257 apud
944 2190 1095 2244 illum
1126 2191 1326 2246 facere.

606 2362 773 2419 Vens.
802 2367 892 2423 23.
928 2369 1218 2436 Quomodo
1242 2373 1683 2447 intelligendum.
1722 2376 1975 2431 Dilexisti
2031 2394 2119 2432 eos

532 2458 672 2511 sicut
702 2478 780 2513 me
803 2462 1083 2519 dilexisti?
1110 2466 1311 2523 lterum
1350 2469 1503 2535 illud,
1531 2472 1668 2523 sicut
1694 2472 1996 2541 intelligere
2034 2489 2123 2524 uo-

535 2550 622 2604 bis
671 2551 785 2619 dat,
822 2565 877 2609 ut
914 2557 1166 2615 homines
1227 2561 1376 2631 diligi
1418 2562 1681 2628 concede,
1732 2564 1877 2633 quod
1905 2579 2123 2632 semper

532 2646 780 2713 qtmsiri.

612 2732 773 2790 Vens.
815 2738 902 2793 25.
941 2740 1053 2795 Cur
1084 2743 1255 2798 dicit:
1295 2743 1639 2814 Paterjuste,
1670 2746 1898 2800 ntundns
1939 2758 1988 2801 te
2019 2764 2122 2800 non

532 2838 791 2906 cognovit,
819 2848 912 2901 ego
936 2844 1110 2886 autem
1145 2844 1192 2886 te
1226 2837 1473 2905 cognovi?
1500 2835 1655 2901 Quod
1691 2836 1824 2891 dicit
1869 2835 1973 2890 tale
1999 2847 2076 2891 est
2107 2853 2122 2889 :

532 2927 703 2982 Judaei
754 2928 943 2982 dicunt
999 2927 1075 2981 illi
1137 2936 1185 2981 te
1221 2928 1323 2981 sibi
1354 2928 1637 2997 cognosci,
1691 2944 1776 2981 me
1815 2940 1994 2983 autem
2026 2928 2121 2982 tibi

537 3033 645 3071 non
674 3019 969 3087 cognosci;
1005 3016 1098 3071 sed
1126 3019 1476 3084 eeontrario,
1524 3020 1614 3073 isti
1647 3019 1866 3088 quiden
1931 3035 2037 3074 non
2075 3033 2125 3075 te

540 3120 899 3181 cognoscunt.
958 3125 1060 3181 ego
1136 3119 1317 3166 autem
1392 3120 1442 3167 le
1527 3113 1754 3183 cognovi
1803 3122 1856 3168 et
1919 3128 2120 3183 cogito.

536 3218 650 3257 SCO.
1154 3217 1157 3221 ⁴

615 3294 783 3352 Vens.
816 3296 908 3352 9.6.
948 3295 1148 3351 Nolunt
1174 3298 1274 3367 feci
1321 3300 1395 3351 eis
1436 3315 1620 3353 norum
1649 3309 1819 3363 tutan,
1871 3310 1919 3354 et
1947 3309 2127 3354 notum

2227 1925 2337 1971 νος,
2368 1912 2461 1963 καὶ
2495 1910 2587 1963 τὸν
2614 1912 2834 1980 Πατέρα
2866 1912 3003 1982 ἔχων
3037 1913 3155 1983 μεθ’
3186 1902 3403 1979 ἑαυτοῦ,
3438 1914 3581 1969 ὥστε
3612 1918 3793 1981 αὐτοὺς

2230 2006 2579 2072 συγκρατεῖν.
2635 2003 2889 2072 Ἀλλαχοῦ
2919 2005 2976 2058 δὲ
3022 2005 3120 2075 οὐχ
3156 2004 3329 2070 οὕτως
3356 2008 3560 2077 φησίνο
3594 2010 3655 2061 οὐ
3697 2010 3795 2081 γὰρ

2226 2093 2292 2146 δι’
2327 2092 2490 2145 αὐτοῦ
2518 2093 2610 2145 τὸν
2645 2094 2864 2163 Πατέρα
2895 2095 3337 2162 παραγενέσθαι,
3369 2097 3487 2150 ἀλλ’
3516 2099 3680 2152 αὑτὸν
3712 2104 3797 2153 καὶ

2225 2186 2316 2238 τὸν
2371 2185 2593 2256 Πατέρα
2642 2186 3081 2256 παραγενέσθαι,
3116 2188 3212 2242 καὶ
3256 2188 3425 2259 μονὴν
3473 2193 3607 2261 παρ’
3659 2192 3795 2262 αὐτῷ

2227 2278 2423 2329 ποιεῖν.

2298 2369 2423 2432 Πῶς
2457 2369 2675 2438 νοητέον
2700 2369 2781 2433 τὸ,
2817 2370 3163 2440 Ἡγάπησας
3188 2374 3429 2440 αὐτοὺς,
3475 2374 3673 2440 καθὼς
3703 2375 3794 2443 ἐμὲ

2232 2460 2593 2529 ήγάπησαςς
2625 2462 2793 2516 Πάλιν
2822 2464 2904 2527 τὸ,
2937 2464 3154 2531 καθὼς,
3195 2467 3270 2527 ὡς
3302 2466 3627 2537 ἀνθρώπους
3670 2468 3796 2533 ἀγα-

2231 2554 2471 2624 πηθῆναι
2527 2555 2765 2628 ἐγχωρεῖ
2818 2557 3011 2627 νοῆσαι
3052 2560 3183 2629 ἡμῖν
3234 2560 3446 2613 δίδωσιν
3488 2562 3632 2631 ὅπερ
3680 2560 3793 2627 ἐξῆ·

2228 2664 2354 2700 τουν
2388 2648 2493 2701 ἀεὶ.

2298 2739 2395 2792 Διά
2426 2739 2479 2791 τί
2517 2741 2665 2807 Ᾱεγει
2691 2739 2773 2802 τὸ.
2809 2740 2999 2808 Πάτερ
3026 2741 3235 2803 δίκαιε,
3265 2742 3361 2797 καὶ
3397 2746 3429 2799 ό
3464 2744 3697 2812 κόσμος
3731 2759 3795 2797 σε

2230 2836 2341 2886 οὐκ
2378 2832 2550 2899 ἔγνω,
2582 2831 2698 2902 ἐγὼ
2729 2832 2797 2886 δέ
2818 2849 2893 2887 σε
2923 2834 3147 2902 Era-oar;
3180 2838 3244 2890 Ὃ
3269 2836 3417 2903 λέγει
3442 2836 3689 2889 τοιοῦτόν
3726 2838 3797 2889 ἐσο

2230 2942 2349 2979 τιν·
2394 2926 2638 2980 Ἰουδαῖοι
2679 2926 2930 2994 λέγουσιν
2956 2928 3111 2981 αὐτοὶ
3145 2930 3243 2998 μέν
3276 2946 3335 2982 σε
3356 2927 3671 2997 γινώσκειν,
3705 2926 3794 2998 ἐμὲ

2230 3019 2287 3072 δέ
2318 3036 2375 3071 σε
2405 3019 2619 3085 ἀγνοεῖν
2642 3034 2656 3048 ·
2680 3018 2817 3072 ἀλλὰ
2841 3019 3182 3073 τούναντίονο
3210 3023 3405 3074 ἐκεῖνοι
3426 3022 3527 3093 μὲν
3556 3020 3794 3090 ἀγνοοῦσί

2235 3127 2314 3173 σε,
2346 3109 2456 3179 ἐγὼ
2482 3110 2538 3163 δέ
2572 3126 2631 3163 σε
2661 3110 2959 3179 ἐγίνωσκον
2985 3113 3082 3165 καὶ
3108 3111 3381 3181 γινώσκω.

2303 3296 2396 3360 Τὸ,
2434 3295 2760 3365 Ἐγνὼρισα
2792 3294 2998 3361 αὐτοῖς
3020 3296 3086 3349 τὸ
3137 3294 3325 3365 ὄνομά
3355 3312 3473 3350 σου
3500 3297 3604 3351 καὶ
3661 3315 3793 3366 γνω-

536 3389 757 3458 faciam,
812 3390 1087 3459 quomodo
1154 3390 1518 3460 intelligetur?
1581 3391 1643 3444 Et
1710 3394 1838 3463 quid
1910 3395 2124 3447 tandem

2232 3390 2397 3456 ρίσω,
2424 3388 2541 3451 πῶς
2557 3388 2878 3459 νοηθήσεται
2897 3405 2912 3455 ;
2932 3389 3029 3442 καὶ
3047 3389 3100 3442 τί
3126 3390 3312 3443 λοιπὸν
3327 3391 3386 3443 τὸ
3413 3389 3643 3459 Πνεῦμα
3671 3407 3792 3457 γνω-

537 3478 775 3548 Spiritus
816 3489 1002 3534 notum
1070 3480 1232 3535 faciet
1292 3479 1409 3534 eis?
1444 3479 1494 3533 id
1554 3480 1707 3544 dicit,
1772 3489 1831 3534 nt
1877 3480 2129 3534 ostendat

534 3570 679 3638 quod
715 3588 834 3640 qua;
865 3583 995 3627 sunt
1031 3570 1292 3641 Spiritus.
1355 3583 1408 3627 ct
1438 3573 1611 3640 ipsius
1643 3574 1787 3634 sint;
1820 3573 1953 3626 dicit
1982 3571 2126 3626 etiint

536 3661 662 3715 alibi
694 3680 706 3715 :
738 3661 813 3716 De
844 3678 956 3715 meo
986 3664 1224 3731 accipiet.
1273 3661 1340 3715 Ut
1373 3662 1583 3717 dilectio
1629 3679 1732 3731 qua
1757 3662 1993 3715 dilexisti
2049 3677 2129 3714 me

536 3756 592 3806 in
617 3755 746 3822 ipsis
769 3766 1003 3808 maneat.
1040 3754 1097 3807 Si
1137 3756 1281 3808 enim
1323 3755 1639 3817 didicerint,
1670 3754 1866 3822 inquit,
1908 3769 2127 3807 menon

538 3860 568 3897 ιι
602 3832 675 3897 te
734 3845 996 3913 separari,
1021 3845 1115 3901 sed
1154 3861 1274 3901 esse
1330 3847 1604 3915 proprium
1644 3845 1839 3899 Filium
1895 3854 2044 3899 tuum
2078 3854 2132 3899 et

541 3939 778 3993 maxime
804 3938 1060 3993 dilectum
1095 3948 1147 3992 et
1198 3942 1581 4008 conjunctum,
1616 3939 1843 3992 omnino
1876 3937 2033 3991 [idem
2071 3938 2122 3991 in

544 4046 630 4085 me
662 4041 714 4087 et
738 4031 1088 4086 dilectionem
1126 4031 1354 4085 lirmiter
1388 4032 1706 4087 servabunt.
1761 4031 2129 4101 Diligentibus

541 4133 725 4178 autem
749 4124 830 4180 eis
862 4134 921 4179 ut
953 4133 1192 4196 Oportet,
1216 4134 1268 4179 et
1297 4139 1397 4196 ego
1441 4127 1674 4179 manebo
1709 4125 1760 4179 in
1786 4126 1887 4181 eis.

1108 4343 1341 4401 CAPUT
1371 4343 1559 4399 XVIII.

615 4474 783 4529 Vens.
812 4477 863 4529 4.
886 4474 1059 4539 Quam
1085 4474 1155 4529 ob
1182 4490 1403 4530 causam
1428 4476 1746 4541 interrogat,
1787 4473 1952 4538 Quem
1980 4490 2125 4543 qua:-

2232 3481 2369 3551 ρίσει
2398 3482 2621 3547 αὑτοίς;
2676 3480 2848 3534 Τοῦτο
2900 3481 3069 3548 λέγει,
3106 3481 3193 3534 ἴνα
3241 3481 3393 3552 δείξῃ
3467 3484 3551 3535 ὅτι
3594 3484 3684 3536 καὶ
3734 3482 3792 3533 τὰ

2229 3573 2323 3627 τοῦ
2352 3573 2669 3644 Πνεύματος
2702 3573 2868 3627 αὑτοῦ
2919 3576 3068 3627 ἐστι’
3102 3576 3195 3628 καὶ
3225 3576 3372 3644 λέγει
3399 3576 3509 3645 γὰρ
3543 3574 3789 3645 ἀλλαχοῦ·

2231 3664 2359 3716 Ὅτι
2394 3663 2463 3717 ἐκ
2500 3664 2604 3717 τοῦ
2637 3663 2784 3733 ἐμοῦ
2848 3664 3156 3732 λαμϐάνει.
3210 3666 3334 3719 Ἵνα
3367 3666 3403 3733 ἡ
3455 3666 3661 3735 ἀγάπη
3724 3664 3792 3733 ἢν

2228 3754 2558 3823 ἠγάπησάς
2589 3774 2666 3826 με
2694 3757 2763 3811 ἐν
2784 3756 2989 3823 αὐτοῖς
3010 3759 3211 3828 μείνῃ.
3272 3758 3398 3811 Ἐὰν
3430 3759 3542 3830 γὰρ
3579 3758 3791 3830 μάθωσι,

2230 3849 2395 3920 φησὶν
2422 3849 2503 3901 ὅτι
2532 3849 2633 3902 οὐκ
2658 3850 2999 3919 ἀπέσχισμαι
3054 3850 3164 3916 ἐγὼ
3195 3850 3303 3904 ἀπὸ
3364 3852 3482 3917 σοῦ,
3524 3852 3644 3904 ἀλλ’
3696 3853 3795 3919 εἰμὶ

2229 3942 2452 4011 γνήσιος
2473 3942 2600 4003 Υἱός
2630 3959 2724 3995 σου
2756 3942 2851 3996 καὶ
2882 3942 3084 4013 σφόδρα
3106 3945 3464 4013 ἠγαπημένος
3488 3944 3589 3998 καὶ
3615 3961 3795 4012 συνημο

2233 4032 2419 4102 μένος,
2454 4031 2673 4096 πάντως
2712 4033 2812 4102 τὴν
2845 4032 3028 4085 πίστιν
3052 4033 3150 4097 τὴν
3181 4033 3261 4096 εἰς
3294 4034 3393 4103 ἐμὲ
3417 4035 3510 4086 καὶ
3538 4032 3637 4104 τὴν
3667 4032 3791 4100 ἀγά-

2231 4142 2339 4193 πην
2368 4125 2704 4194 τηρήσουσιν
2743 4125 2978 4194 ἀκριϐῆ·
3033 4124 3373 4193 ἀγαπώντων
3423 4126 3480 4180 δὲ
3515 4127 3695 4180 αὐτῶν
3729 4126 3794 4187 ὡς

2234 4215 2364 4285 χρὴ,
2400 4217 2557 4285 κάγὼ
2599 4216 2747 4285 μενῶ
2786 4218 2845 4269 ἐν
2894 4219 3097 4280 αὐτοῖς.

2831 4344 3059 4399 ΚΕΦΑΛ
3072 4388 3084 4401 .
3120 4345 3222 4398 lll'.

2304 4470 2456 4534 Τίνος
2484 4474 2644 4543 χάριν
2680 4472 2890 4545 ἐρωτᾷισ
2930 4472 3071 4527 Τίνα
3099 4473 3358 4537 (unite;
3398 4474 3582 4539 Δεῖξαι
3640 4472 3793 4527 θέλων

545 4570 693 4622 ritis?
755 4568 1052 4623 Ostendere
1105 4567 1291 4622 volens
1344 4583 1402 4622 se
1451 4577 1643 4636 sponte
1691 4567 1757 4620 ad
1819 4568 2124 4636 passionem

2234 4563 2317 4616 ὅτι
2347 4561 2490 4615 ἑκὼν
2525 4564 2618 4617 ἐπὶ
2648 4564 2707 4617 τὸ
2736 4564 2908 4628 πάθος
2947 4565 3190 4635 ἔρχεται.

545 4662 775 4730 ingredi.

618 4750 783 4806 Vens.
835 4750 922 4805 10.
988 4749 1143 4804 Unde
1196 4750 1385 4803 habuit
1418 4748 1611 4804 Petrus
1673 4750 1937 4817 gladium?
1995 4750 2122 4804 Mihi

546 4841 763 4897 videtur
796 4843 862 4897 ad
899 4842 949 4895 id
987 4842 1137 4895 illum
1164 4842 1265 4895 sibi
1300 4856 1659 4910 procurasse;
1694 4850 1788 4894 aut
1818 4841 1886 4895 ab
1931 4841 2127 4894 imm.)-

548 4935 749 4990 latione
778 4935 902 5006 agni
928 4933 1225 4989 Paschalis.
1262 4933 1325 4985 Et
1364 4932 1643 5001 quomodo
1680 4946 1785 4985 non
1820 4931 1872 4983 in
1930 4930 2125 4983 defen-

547 5027 754 5081 sionem
789 5036 1033 5090 vocatus,
1070 5025 1347 5080 defendit?
1376 5022 1495 5077 Non
1546 5024 1691 5089 sibi;
1728 5022 1820 5077 sed
1861 5022 2125 5091 magistro

547 5122 864 5186 auxiliatur,
900 5128 959 5174 ut
1026 5120 1260 5184 videtur;
1306 5116 1502 5171 deinde
1553 5116 1827 5187 perfectus
1880 5117 2123 5169 nondum

549 5226 688 5283 erat,
719 5230 896 5284 neque
926 5211 1283 5269 conﬁrmatus
1316 5210 1367 5264 in
1407 5211 1549 5264 bono
1588 5208 1799 5263 Petrus.
1838 5206 1952 5261 Cur
1983 5205 2127 5261 servi

548 5325 748 5365 nomen
789 5307 1047 5377 exposuit
1072 5303 1433 5374 evangelista?
1468 5300 1534 5356 Ut
1564 5303 1668 5356 illis
1691 5302 1783 5371 qui
1810 5310 1939 5355 tunc
1980 5298 2128 5368 lege-

552 5402 681 5456 bant
708 5401 893 5456 licerct
935 5399 1224 5467 exquirere
1258 5403 1311 5449 et
1340 5395 1625 5463 explorare
1652 5410 1719 5448 an
1763 5396 1939 5462 reipsa
1983 5392 2125 5448 facta

552 5492 757 5545 tuerint
797 5506 919 5559 quae
957 5488 1341 5541 narrabantur.
1376 5484 1560 5555 Ipsum
1592 5500 1722 5555 ergo
1774 5493 1939 5554 caput
1979 5486 2129 5539 illius

550 5583 782 5650 Impetit,
814 5580 932 5634 ideo
953 5588 1006 5633 et
1025 5594 1207 5631 aurem
1240 5579 1542 5642 dexteram,
1577 5577 1727 5630 dicit.
1757 5577 1865 5631 Cur
1892 5577 2131 5629 miracu-

552 5672 661 5725 lum
696 5672 825 5726 l'acit
854 5672 1131 5727 Christus?
1158 5669 1225 5725 Ut
1253 5672 1505 5723 virtutem
1535 5671 1808 5733 ostendat,
1840 5679 1891 5722 et
1920 5670 2127 5723 malum

556 5776 655 5829 pro
694 5763 837 5816 man
868 5778 976 5817 non
1037 5762 1282 5823 reddere,
1338 5761 1500 5815 etiam
1552 5760 1872 5824 latronibus,
1915 5761 2129 5816 doceat.

557 5855 746 5913 Omnes
778 5858 863 5925 qui
893 5855 1673 5927 gladiumstmtpscriut‘,gladio
1697 5856 1969 5925 peribunt;
2002 5852 2135 5908 mibi

2304 4746 2477 4799 Πόθεν
2508 4741 2653 4816 εἶχεν
2685 4747 2713 4799 ὁ
2739 4746 2943 4816 Πέτρος
2977 4746 3289 4817 μάχαιραν;
3324 4748 3479 4816 Ἐμοὶ
3504 4747 3652 4801 δοκεῖ
3676 4745 3794 4816 πρὸς

2232 4840 2392 4894 τοῦτο
2428 4840 2560 4895 αὐτὸ
2619 4842 3177 4912 παρεσκευασμένοςο
3231 4841 3263 4911 ἢ
3328 4842 3436 4912 ἀπὸ
3469 4845 3569 4909 τῆς
3621 4840 3793 4900 Θυσίας

2232 4934 2327 4988 τοῦ
2364 4933 2529 5003 ἀρνοῦ
2579 4932 2673 4985 τοῦ
2707 4911 2930 5003 Πάσχα.
2972 4935 3080 4985 Καὶ
3112 4934 3231 4997 πῶς
3265 4911 3343 5003 μῆ
3371 4933 3680 5003 ἀμύνασθαι
3713 4948 3793 4984 κε-

2235 5025 2504 5087 λευσθεὶς,
2538 5024 2846 5092 ἀμύνεται;
2882 5026 2993 5095 Οὐχ
3025 5025 3195 5096 αὑτῷ.
3228 5025 3360 5079 ἀλλά
3387 5025 3465 5097 τῷ
3507 5023 3792 5088 διδασκάλῳ

2237 5118 2440 5189 βοηθεῖ,
2469 5116 2545 5180 ὡς
2570 5118 2752 5169 δοκεῖ’
2780 5117 2970 5169 ἔπειτα
3014 5117 3135 5169 οὐδὲ
3172 5116 3373 5180 τέλειός
3413 5133 3530 5180 πως
3576 5113 3663 5187 ἦν,
3690 5114 3791 5166 οὐδὲ

2235 5211 2644 5282 ἀπηρτισμένος
2662 5210 2786 5281 ἢδη,
2806 5211 2833 5261 ὁ
2856 5210 3082 5279 Πέτρος.
3110 5209 3207 5262 Διὰ
3236 5208 3288 5261 τί
3318 5209 3377 5261 τὸ
3404 5209 3571 5279 ὄνομα
3602 5208 3791 5262 τέθεικε

2236 5301 2329 5356 τοῦ
2353 5303 2537 5355 δούλου
2562 5303 2588 5353 ὁ
2612 5301 3006 5371 εὑαγγελιστής
3026 5318 3040 5367 ;
3064 5302 3226 5354 Ὥστε
3252 5303 3365 5363 τοῖς
3395 5297 3513 5353 τότε
3545 5296 3793 5364 ἁναγινὼο

2239 5410 2459 5447 σκουσιν
2478 5392 2681 5456 ἐξεῖναι
2698 5390 2935 5460 ζητῆσαι
2968 5391 3061 5443 καὶ
3083 5388 3613 5461 περιεργάσασθαιεί
3643 5389 3791 5445 ὅντως

2239 5487 2431 5553 γέγονε
2466 5484 2535 5537 τὰ
2576 5482 2940 5551 γεγενημένα.
2992 5482 3111 5535 Ἐπ’
3144 5481 3314 5552 αὐτὴν
3338 5479 3430 5534 οὖν
3455 5479 3681 5550 ὥρμησε
3708 5477 3790 5544 τὴν

2240 5577 2484 5645 κεφαλὴν
2514 5577 2709 5629 αὑτοῦ·
2745 5575 2832 5627 διὰ
2856 5574 3015 5627 τοῦτο
3044 5575 3139 5626 καὶ
3174 5574 3235 5626 τὸ
3260 5573 3431 5639 δεξιὸν
3456 5572 3611 5625 ὠτίον
3638 5570 3787 5635 λέγει.

2242 5671 2342 5721 Διά
2369 5669 2420 5719 τί
2455 5668 2867 5736 θαυματουργεῖ
2896 5666 3167 5734 Χριστός;
3204 5665 3313 5718 Καὶ
3379 5664 3477 5735 τὴν
3517 5664 3665 5732 ἰσχὺν
3701 5659 3789 5709 δει-

2246 5759 2547 5819 xvii-rimati.
2574 5760 2633 5811 τὸ
2664 5759 2736 5829 μὴ
2760 5756 2930 5809 κακὸν
2960 5756 3083 5809 ἀντὶ
3111 5755 3283 5808 κακοῦ
3316 5758 3488 5807 ποιεῖν
3522 5772 3643 5813 τινι,
3672 5745 3785 5818 μηῗὲ

2244 5852 2353 5913 τοῖς
2383 5849 2629 5922 λῃσταῖς,
2692 5847 2978 5901 διδάσκων.
3045 5844 3137 5911 Τὸ,
3172 5843 3400 5908 Πάντες
3454 5839 3786 5898 (ιὶλσεόνῖες
