4032 6402
201 401 204 404 ,
271 331 402 394 ιρει

1326 345 1646 406 SCHOLIA
1685 345 1984 408 VE'I‘ERA
2027 347 2110 409 ΙΝ
2148 350 2525 412 JOANNEM.

3371 361 3510 423 1282

259 446 578 518 μάχαιραν.
605 449 675 502 ἐν
712 453 976 522 μαχαίρᾳ
1015 455 1481 521 ἀποθανοῦνται,
1515 461 1638 530 ἐμοὶ
1661 460 1810 512 δοκεῖ

1937 461 2147 516 videtur
2191 481 2364 518 autne:
2425 479 2523 533 pro
2549 464 2740 519 multis
2782 465 2912 533 dici,
2981 475 3040 520 ut
3078 467 3244 533 istud,
3315 473 3510 530 Avibus

260 541 319 594 τὸ
353 542 406 592 οι
439 539 683 606 πάντες.
713 544 834 596 ἀντὶ
862 545 977 610 τοῦ,
1013 548 1218 612 πολλοὶ,
1251 553 1450 618 κεῖται,
1475 553 1550 616 ὡς
1581 553 1662 618 τὺ,
1697 557 1838 608 Οἰω-
1941 557 2200 610 omnibus.

259 630 421 686 νοῐσί
451 649 515 686 τε
541 633 714 690 πᾶσι.
741 621 966 707 [ἰιοιιειι.
995 640 1064 694 Il.
1099 639 1164 706 A,
1197 640 1278 714 5.]

329 726 430 780 Διὰ
452 726 502 779 τί
521 726 668 796 λέγει
693 745 706 758 ⁸
745 729 1082 786 Ἠκολούθει
1103 735 1264 801 αὐτῷ
1285 737 1504 808 Πέτρος
1520 739 1626 793 ‘xai
1665 743 1698 792 ό
1729 739 1835 792 ἄλ-

259 819 372 882 λος
391 820 704 886 μαθητής;
739 822 868 875 Ὅτε
909 825 1010 891 μὲν
1040 826 1149 898 γὰρ
1187 829 1278 882 ἐπὶ
1309 831 1370 882 τὺ
1401 831 1592 902 στῆθος
1631 833 1833 886 ἀνέπε-

265 925 375 974 σεν,
417 910 642 974 εἰκότως
677 913 840 983 χάριν
871 916 1226 988 ἀφιλοτιμίας
1253 921 1412 976 τοῦτο
1469 923 1667 994 κρύϐει
1687 940 1702 956 ο
1735 923 1832 976 νῦν

260 998 318 1052 δὲ
346 999 432 1066 τίς
466 1001 564 1054 Διὰ
602 1003 808 1075 ταύτην
873 1008 1074 1072 αἰτίαν,
1115 1009 1202 1062 ἵνα
1252 1014 1326 1082 μὴ
1367 1013 1494 1085 δόξῃ
1527 1013 1832 1085 κομπάζειν

259 1090 362 1154 ὅτι,
411 1093 631 1146 πάντων
689 1097 990 1164 φυγόντων,
1027 1101 1186 1170 μόνος
1227 1103 1630 1176 ἠκολούθησεν·
1660 1109 1832 1176 ἡναγ-

259 1180 434 1252 κάσθη
457 1184 514 1236 δὲ
544 1187 636 1238 καὶ
661 1188 856 1242 ἑαυτοῦ
875 1191 1386 1264 ἑπιμνησθῆναι,ῐνα
1403 1197 1553 1272 δείξῃ
1569 1201 1650 1253 ὅτι
1670 1201 1830 1272 ἀκρι-

259 1271 370 1334 ϐῶς
396 1275 576 1329 πάντα
605 1275 712 1330 οἶδε
748 1279 817 1332 τὰ
849 1283 908 1334 ὲν
945 1287 1012 1352 τῇ
1041 1285 1202 1353 αὐλῇ,
1233 1288 1329 1342 ἅτε
1367 1271 1829 1346 ἔνδονίσυνεισελ-

255 1367 400 1459 θὼνο
433 1369 521 1423 διὰ
572 1372 730 1428 τοῦτο
772 1379 865 1429 καὶ
895 1379 1168 1450 μέμνηται
1211 1383 1294 1437 ὅτι
1333 1386 1576 1453 γνωστὸς
1625 1383 1696 1459 ἦν
1749 1388 1828 1459 τῷ

253 1457 518 1530 ἀρχιερεῖ,
552 1462 638 1516 ἵνα
671 1463 822 1539 δείξῃ
855 1467 938 1522 ὅτι
962 1469 1186 1526 ἐδύνατο
1219 1475 1600 1533 συνεισελθεῖν.

317 1640 418 1696 Διὰ
447 1643 520 1711 τί,
560 1648 682 1701 καθ’
723 1649 938 1720 ἡμέραν
963 1655 1021 1709 ἐν
1047 1655 1124 1726 τῷ
1149 1658 1280 1730 ἱερῷ
1309 1661 1452 1731 ὁρῶν
1479 1663 1642 1717 αὐτὸν
1669 1667 1698 1718 ὁ
1723 1668 1823 1738 ἀρ-

247 1739 492 1808 χιερεὺς,
537 1740 634 1794 νῦν
663 1744 844 1815 ἐρωτᾷ
869 1747 968 1815 τὴν
989 1748 1212 1820 διδαχὴν
1239 1751 1425 1817 αὐτοῦ,
1456 1755 1551 1807 καὶ
1579 1756 1682 1809 ποῦ
1709 1753 1822 1810 εἶεν

2008 736 2172 792 Vnus.
2219 739 2305 795 l5.
2335 738 2446 794 Cur
2471 741 2674 796 dicitur
2710 761 2722 795 :
2757 741 3086 812 Sequebatur
3106 761 3222 798 eunt
3257 747 3444 803 Petrus
3462 759 3512 802 et

1937 825 2074 878 alius
2108 827 2434 896 discipulus!
2493 845 2616 884 nam
2649 846 2774 885 cum
2833 847 2996 901 super
3027 846 3214 901 pectus
3241 837 3510 902 reenlmit,

1937 919 2130 972 merito
2193 920 2520 976 humilitatis
2573 937 2737 976 causa
2793 923 2924 977 illud
2983 927 3142 990 celat,
3193 943 3340 982 nunc
3384 945 3509 984 τοι-ε

1933 1007 2104 1074 quid?
2160 1008 2242 1064 0b
2283 1015 2528 1065 eamdem
2585 1028 2830 1077 causam,
2882 1031 2950 1068 ne
3005 1016 3250 1072 videatur
3289 1021 3510 1088 gloriari

1936 1101 2104 1170 quod,
2129 1104 2386 1158 omnibus
2420 1105 2772 1174 fugientibus,
2800 1109 2952 1162 solus
2983 1123 3206 1167 secutus
3244 1114 3335 1168 sit.
3365 1117 3509 1170 Coa-

1933 1203 2054 1248 ctus
2082 1206 2165 1248 est
2187 1205 2370 1249 autem
2401 1198 2466 1250 de
2491 1214 2550 1252 se
2573 1200 2904 1255 mentionem
2925 1201 3124 1270 facere,
3159 1213 3216 1258 ut
3257 1211 3496 1262 ostende-

1931 1293 2014 1338 ret
2042 1286 2344 1340 certissime
2366 1287 2548 1341 omnia
2573 1305 2632 1343 se
2651 1291 2798 1346 scire
2825 1307 2944 1361 quae
2971 1293 3107 1348 farta
3133 1307 3256 1350 sunt
3276 1297 3328 1351 iu
3361 1301 3507 1364 aula,

1929 1386 2116 1446 utpote
2170 1377 2314 1432 intus
2375 1378 2656 1446 ingreSsus
2707 1391 2842 1436 erat.
2891 1383 3182 1453 PrOpterea
3241 1401 3510 1444 metuont

1927 1472 2094 1524 etiam
2123 1487 2182 1526 se
2211 1485 2334 1526 esse
2360 1483 2546 1526 notum
2581 1473 2858 1541 pontiﬁci,
2911 1485 2970 1530 ut
2997 1477 3248 1532 ostendat
3289 1479 3510 1538 licuisse

1925 1563 1976 1617 ei
2007 1579 2115 1616 ttna
2148 1563 2376 1617 intrare.

1994 1652 2254 1708 Vsus.t9.
2274 1655 2404 1720 Cur,
2434 1670 2558 1709 cum
2590 1655 2908 1724 qu0titlieiu
2954 1661 3156 1728 templo
3185 1663 3333 1718 illum
3355 1666 3506 1720 vide-

1923 1753 2006 1798 ret
2035 1744 2304 1814 pomifex,
2353 1761 2498 1801 nunc
2553 1748 2850 1818 interrogat
2885 1750 2952 1803 de
2997 1751 3241 1805 doctrina
3287 1755 3425 1823 ejus,
3451 1767 3508 1810 et
3603 1824 3606 1828 ι

243 1829 292 1880 οἱ
322 1829 588 1900 μαθηταὶ,
612 1835 704 1886 καὶ
726 1835 872 1896 τίνος
915 1837 1100 1892 ἕνεκεν
1119 1842 1320 1906 αὐτοὺς
1337 1845 1608 1913 συνέλεξε,
1644 1849 1739 1900 καὶ
1769 1849 1816 1901 τί

1929 1837 2018 1890 ubi
2053 1845 2240 1892 essent
2267 1838 2600 1906 diseipuli,et
2621 1855 2786 1908 quam
2813 1843 2883 1894 ob
2898 1857 3122 1896 causam
3149 1844 3248 1898 hos
3265 1847 3507 1916 elegerit.

244 1922 592 1992 βουλόμενος,
624 1928 717 1982 καὶ
769 1929 860 1982 ἐπὶ
891 1931 1036 1996 τίσις
1067 1934 1240 1989 Τοῦτο
1267 1937 1457 2007 ἠρώτα
1485 1938 1560 2002 ὼς
1598 1957 1820 1996 στασια-

244 2014 382 2084 στὴν
417 2017 512 2070 καὶ
535 2023 926 2089 νεωτεροποιδν
980 2024 1198 2093 ἐλέγξαι
1227 2027 1418 2094 θέλων,
1446 2031 1520 2095 ὡς
1547 2033 1817 2106 ἐργαστη-

243 2109 365 2177 ρίου
392 2111 539 2174 τινὸς
568 2113 722 2177 ὖντος
761 2119 1022 2188 πονηροῦ.

315 2200 446 2262 Πῶς
470 2201 620 2270 λέγει
687 2206 715 2258 ὁ
771 2207 1028 2277 Χριστὸς,
1075 2213 1172 2266 Ἐν
1235 2217 1478 2282 κρυπτῷ
1543 2219 1820 2288 ἐλάλησα

239 2290 446 2352 οὐδὲν,
508 2294 711 2366 καίπερ
763 2297 934 2352 πολλὰ
995 2299 1236 2372 λαλήσας
1291 2309 1404 2370 τοῖς
1460 2312 1729 2381 μαθηταῖς
1761 2313 1818 2365 ὲν

241 2383 508 2474 κρυπτῷ;
552 2387 688 2457 Περὶ
737 2381 812 2442 ὧν
865 2391 1066 2446 ἐκεῖνοι
1101 2395 1378 2465 ,ἐνόμιζον
1423 2399 1818 2474 ἀποκρίνεται,

240 2473 461 2536 στάσεις
493 2474 636 2542 λέγω
665 2477 761 2530 καὶ¹
789 2483 1034 2550 ταραχὰς
1071 2482 1264 2554 δηλῶν.

306 2657 386 2710 Τὸ
421 2658 616 2726 εἰπεῖν,
658 2661 719 2714 Τί
749 2680 824 2730 με
875 2663 1198 2734 ἐπειρωτᾷς,
1257 2670 1643 2739 ἐπερώτησον
1675 2674 1819 2740 τοὺς

235 2749 600 2815 ἀκηκοότας.
633 2752 733 2806 οὐκ
759 2755 1253 2827 αὑθαδειαζομένου
1281 2761 1449 2827 ἐστὶν,
1481 2763 1618 2816 ἀλλὰ
1675 2769 1818 2838 παρο

242 2841 645 2912 ρησιαζομένου
677 2846 754 2908 είς
778 2845 1058 2916 ἀλήθειαν.
1541 2889 1548 2896 α

311 2935 406 2992 Τὸ,
435 2937 506 2989 Εἰ
538 2935 656 3004 μὲν
685 2938 882 3004 κακῶς
903 2941 1198 3010 ἐλάλησα,
1225 2947 1620 3015 μαρτύρησον
1681 2952 1815 3018 περὶ

238 3025 344 3080 τοῦ
377 3026 604 3080 κακοῦ’
649 3031 702 3082 εὶ
729 3027 796 3082 δὲ
823 3031 1044 3098 καλῶς,
1095 3036 1151 3086 τί
1179 3051 1256 3102 με
1275 3035 1502 3104 δέρεις;
1563 3041 1672 3094 Καὶ
1729 3043 1816 3097 διὰ

240 3117 292 3168 τί
331 3118 410 3186 μὴ
437 3117 664 3191 ἔστρεψε
695 3122 790 3174 καὶ
809 3121 908 3191 τὴν
971 3123 1158 3195 ἄλλην,
1228 3126 1306 3189 ὼς
1357 3127 1644 3194 ἐδίδασκε;
1705 3133 1815 3184 Καὶ

236 3207 460 3274 λέγουσι
480 3228 624 3276 τινες
656 3213 950 3285 ὑπόψυχρα
973 3217 1066 3270 καὶ
1087 3217 1296 3272 ἄπιστα
1311 3235 1324 3248 '
1345 3219 1460 3288 ἐγὼ
1484 3221 1538 3273 δὲ
1561 3221 1708 3290 λέγω
1727 3225 1810 3278 ὅτι

235 3301 266 3369 ἡ
295 3301 534 3371 Χριστοῦ
562 3303 872 3374 νομοθεσία,
891 3305 1025 3377 πρὸς
1051 3309 1320 3376 γείτονας,
1347 3311 1484 3381 πρὸς
1509 3311 1815 3382 ὁδεύοντας,

239 3393 371 3463 πρὸς
400 3395 526 3458 τοὺς
560 3396 620 3450 ὲν
650 3397 804 3466 οἴκῳ,
865 3399 1003 3470 πρὸς
1035 3400 1327 3470 πολεμίους
1375 3404 1592 3467 αὐτοὺς,
1619 3405 1813 3460 ἀλλὀύ

234 3487 370 3556 πρὸς
396 3489 656 3558 κριτήρια
675 3489 806 3544 ἔνθα
831 3492 1190 3558 φυλάττεσθαι
1219 3495 1280 3545 τὸ
1297 3493 1506 3550 δίκαιον
1531 3496 1780 3565 βούλεται
1797 3539 1810 3554 .

231 3572 360 3632 ’Ὧδε
405 3581 514 3651 γὰρ
555 3583 586 3651 ἡ
617 3583 792 3652 σιωπὴ
825 3583 1122 3656 καταδίκην
1145 3587 1386 3657 εἰσῆγεν,
1412 3588 1490 3651 ὡς
1511 3591 1690 3654 καλῶς
1714 3608 1812 3644 τυ-

235 3670 464 3739 φθέντος
521 3672 710 3739 αὑτοῦ,
743 3673 772 3726 ὅ
799 3675 896 3728 οὐκ
929 3675 1056 3728 ἔδει.

307 3762 412 3814 Διὰ
477 3764 530 3816 τί
578 3763 803 3833 ἄγουσιν
863 3768 1027 3821 αὐτὸν
1083 3763 1190 3824 ἀπο
1217 3769 1313 3824 τοῦ
1371 3773 1598 3844 Καῖάφα
1647 3776 1726 3839 είς
1754 3777 1816 3829 τὸ

235 3856 608 3927 πραιτώριονς
685 3858 904 3928 Ἐπειδὴ
961 3861 1066 3914 ὑπὸ
1129 3862 1436 3934 Ῥωμαίους
1485 3861 1650 3936 ἦσαν,
1721 3869 1816 3921 καὶ

235 3955 408 4023 χωρὶς
437 3951 617 4005 αὐτῶν
649 3953 867 4008 ἐποίουν
910 3956 1062 4009 οὐδὲν
1095 3959 1167 4009 ἐν·
1195 3962 1311 4022 τοῖς
1365 3959 1646 4031 δημοσίοις
1677 3965 1815 4033 πρά-

235 4057 434 4109 γμασι,
472 4045 564 4096 καὶ
595 4044 934 4099 ἐδεδοίκεσαν
964 4048 1020 4100 δὲ
1053 4050 1126 4118 μὴ
1153 4049 1384 4103 δώσουσι
1417 4051 1574 4122 δίκην
1607 4053 1682 4116 ὡς
1710 4072 1813 4107 κα-

229 4135 548 4205 τηγόρησαν
580 4137 847 4207 ματαίως.
875 4141 939 4192 Τί
960 4143 1109 4194 ἐστιν
1143 4145 1200 4195 ὲν
1219 4142 1296 4212 τῷ
1323 4145 1521 4211 λέγειν.
1556 4147 1690 4200 Ἵνα
1709 4146 1810 4215 φά-

234 4244 382 4296 γωσι
413 4227 478 4280 τὸ
505 4229 758 4298 Πάσχα;
813 4233 908 4284 καὶ
939 4233 1052 4295 πῶς
1085 4235 1320 4304 Χριστὸς
1347 4231 1415 4304 ἦν
1433 4237 1810 4308 aia-57:51:02.1;-

231 4320 344 4386 κὼς
379 4325 446 4390 τῇ
473 4325 572 4392 μιᾷ
614 4323 723 4378 τῶν
776 4324 1056 4394 ’Δζύμωνς
1089 4327 1279 4397 Πάσχα
1304 4329 1536 4383 ἐνταῦθα
1570 4331 1667 4400 τὴν
1691 4332 1812 4402 ἐορο

221 4412 330 4482 ’τὴν
367 4416 550 4468 πᾶσαν
585 4417 753 4484 λέγει.

1923 1939 1977 1982 et
2005 1929 2136 1998 quid
2161 1929 2366 1993 volens,
2391 1939 2444 1983 et
2466 1930 2741 1999 inquibus
2765 1932 2787 1984 ?
2816 1931 2926 1986 lloc
2977 1931 3294 2004 interrogat,
3325 1939 3510 1994 volens

1923 2033 1980 2075 ut
2001 2021 2322 2076 seditiosum
2369 2030 2426 2076 et
2479 2035 2796 2078 novatoretn
2857 2040 2982 2080 eum
3043 2042 3294 2096 arguere,
3348 2032 3507 2100 quasi

1923 2113 2048 2167 mali
2073 2115 2364 2182 quemdam
2393 2113 2799 2169 fhricatorem.

1995 2205 2162 2264 Vens.
2203 2204 2294 2260 20.
2323 2207 2611 2272 Quomodo
2635 2207 2768 2262 dicit
2787 2206 3040 2263 Christus
3072 2227 3086 2264 :
3109 2208 3174 2262 In
3201 2211 3406 2264 occulto
3427 2211 3500 2265 lo-

1919 2309 2072 2354 cutus
2101 2317 2218 2354 sum
2240 2300 2394 2365 nihil,
2433 2301 2686 2368 quamvis
2716 2301 2884 2354 multa
2940 2302 2994 2356 in
3026 2311 3238 2357 secreto
3261 2303 3508 2373 discipu-

1921 2393 2232 2447 lisloeutus
2289 2393 2475 2447 fuerit?
2505 2394 2578 2447 De
2607 2393 2694 2448 his
2744 2409 2865 2463 qua:
2907 2392 2995 2448 isti
3055 2395 3368 2463 cogitabant
3423 2411 3508 2450 re-

1921 2487 2173 2558 spondet,
2223 2485 2580 2550 seditionum,
2655 2486 2799 2552 dico,
2865 2487 3336 2556 ettnrbationutn
3397 2489 3507 2544 cri-

1923 2580 2092 2634 mine.

1991 2670 2158 2726 Vens.
2199 2671 2292 2726 21.
2341 2671 2610 2727 Dicendo:
2655 2671 2794 2736 Quid
2825 2685 2904 2724 me
2945 2671 3266 2740 interrogas,
3335 2670 3504 2723 inter,

1919 2779 2046 2832 roga
2067 2780 2152 2816 eos
2169 2765 2257 2832 qui
2276 2765 2577 2828 audierunt;
2609 2779 2714 2818 non
2757 2762 3066 2832 arrogantis
3091 2773 3196 2829 est,
3227 2761 3318 2816 sed
3337 2761 3506 2817 libere

1921 2870 2019 2924 pro
2043 2855 2270 2910 veritate
2297 2856 2592 2925 loquentis.

1992 2945 2161 3001 Vens.
2192 2947 2282 3001 εδ.
2317 2947 2378 3002 Si
2422 2947 2559 3000 male
2585 2946 2790 3000 locutus
2821 2961 2958 3008 sum,
2991 2943 3344 2997 testimonium
3379 2957 3500 3012 per-

1919 3036 2034 3090 hibe
2068 3038 2134 3090 de
2186 3037 2330 3090 malo
2351 3054 2372 3101 ;
2397 3041 2444 3090 si
2474 3053 2592 3090 vero
2625 3037 2770 3101 bene,
2804 3034 2929 3104 quid
2964 3049 3045 3087 me
3105 3032 3294 3086 caedis?
3315 3041 3368 3086 et
3406 3047 3508 3086 cur

1921 3145 2026 3182 non
2055 3129 2284 3198 pra-linit
2317 3128 2542 3182 alteram
2608 3142 2822 3198 genam,
2857 3135 2916 3179 ιιι
2941 3125 3228 3179 docuerat?
3269 3122 3502 3190 Quidam

1921 3222 2083 3274 etiam
2121 3221 2310 3275 dicunt
2345 3219 2551 3273 frivola
2574 3228 2626 3273 et
2663 3217 3025 3282 incredibilia;
3050 3231 3150 3286 ego
3173 3223 3354 3270 autem
3377 3217 3502 3270 dico

1920 3312 2122 3368 Christi
2157 3313 2472 3366 mandatum
2523 3310 2589 3364 ad
2633 3310 2863 3372 vicinos,
2897 3308 3162 3370 viatores,
3188 3307 3289 3362 hos
3317 3308 3410 3376 qui
3445 3323 3498 3361 tn

1919 3405 2084 3460 domo
2103 3415 2234 3458 sunt
2261 3403 2512 3458 inimicos
2537 3403 2688 3471 ipsos
2711 3401 2974 3463 attinere,
3013 3400 3105 3454 sed
3145 3413 3250 3452 non
3282 3398 3502 3468 injudi-

1921 3497 2046 3559 ciis,
2075 3496 2271 3563 nhijus
2309 3494 2526 3550 defendi
2562 3495 2694 3547 vult.
2729 3491 2824 3546 llic
2845 3493 2992 3545 enim
3057 3491 3332 3546 silentium
3363 3504 3500 3546 con-

1921 3586 2325 3640 destinationem
2389 3583 2694 3637 induxisset
2734 3589 2992 3650 tanquam
3030 3580 3178 3649 juste
3229 3580 3499 3649 oppresi,

1921 3679 2062 3749 quod
2093 3692 2200 3730 nun
2233 3676 2346 3728 fieri
2377 3675 2686 3744 oportebat.

1992 3769 2158 3824 Vsus.
2189 3769 2282 3822 28.
2324 3766 2436 3821 Cur
2465 3768 2674 3819 ducunt
2722 3781 2846 3819 eum
2883 3779 2911 3816 a
2963 3763 3168 3834 Caipl-a
3200 3763 3254 3816 in
3307 3771 3501 3831 praeto-

1923 3859 2088 3915 rium?
2103 3858 2241 3925 Quia
2273 3855 2659 3928 subﬁomanis
2687 3863 2926 3920 erant,et
2956 3853 3074 3908 sine
3104 3854 3184 3908 eis
3207 3851 3342 3906 nihil
3375 3867 3504 3922 age-

1921 3953 2052 4007 bant
2083 3952 2137 4003 in
2191 3950 2352 4003 rebus
2395 3947 2650 4018 publicis,
2695 3957 2750 3999 et
2777 3944 3042 3998 timebant
3079 3958 3144 3998 ne
3177 3944 3502 4013 punirentur

1921 4039 2078 4111 quasi
2121 4053 2273 4092 vante
2299 4036 2671 4091 accusationis
2708 4043 2982 4088 auctores.
3025 4031 3169 4097 Quid
3215 4040 3300 4086 est
3332 4032 3386 4085 in
3431 4048 3502 4092 eo

1919 4132 2064 4200 quod
2087 4131 2308 4192 dicitur,
2341 4126 2410 4180 Ut
2439 4127 2826 4180 manducet-ent
2847 4123 3056 4176 Pascha
3086 4123 3186 4176 ?et
3227 4124 3500 4190 quomodo

1919 4223 2174 4278 Christus
2203 4219 2408 4274 Pascha
2431 4217 2726 4272 celebravit
2759 4231 2866 4269 una
2913 4214 3270 4283 Azymorum?
3291 4213 3494 4268 Pascha

1922 4315 1993 4370 ibi
2021 4329 2238 4370 omnem
2271 4311 2614 4366 festivitatem
2645 4308 2936 4378 significat.

316 4509 741 4579 Ἐρωτηθέντες,
811 4509 949 4562 Τίνα
987 4513 1351 4579 κατηγορίαν
1404 4512 1612 4582 φέρετε
1661 4514 1810 4567 κατὰ

1995 4497 2161 4551 Vens.
2194 4494 2286 4549 29.
2344 4491 2690 4560 Interrogati,
2733 4489 2906 4554 Quam
2965 4488 3356 4542 accusationem
3389 4487 3496 4556 {er-

233 4599 341 4654 τοῦ
375 4578 695 4668 ἀνθρώπου
730 4602 983 4666 tanton;
1011 4578 1441 4674 ἁποκρίνονταιή·
1476 4578 1570 4658 -Εὶ
1589 4603 1676 4674 μὴ
1731 4603 1812 4676 ἦν

1929 4601 2032 4647 rent
2094 4599 2278 4644 contra
2333 4586 2594 4639 hominem
2653 4584 2838 4642 istum.
2888 4582 3254 4650 respondent;
3305 4578 3364 4634 Si
3393 4597 3497 4636 nou

229 4689 414 4758 οὗτος
464 4693 807 4759 κακοποιὸς,
831 4696 942 4747 οὐκ
971 4693 1050 4746 ἄν
1091 4711 1190 4748 σοι
1219 4694 1646 4764 παρεδώκαμεν
1701 4699 1809 4752 αὑ·

229 4785 341 4837 τόν
366 4801 380 4814 ·
411 4783 584 4846 οὕτως
607 4785 886 4856 πανταχοῦ
921 4785 1313 4856 παραιτοῦνται
1338 4789 1437 4858 τὴν
1485 4788 1548 4855 ἐξ
1597 4789 1812 4853 εὐθείας

229 4877 596 4948 κατηγορίαν.

303 4970 408 5023 Διὰ
464 4970 516 5022 τί
569 4969 720 5038 λέγει
768 4970 952 5033 αὐτοῖς
989 4970 1307 5036 ὁΠιλάτος·
1351 4971 1572 5027 Λάϐετε
1625 4975 1815 5028 αὑτὸν

227 5064 428 5132 ὑμεῖς,
492 5063 588 5117 καὶ
661 5063 824 5134 ὲξῆς;
889 5064 1292 5138 ’Λπαλλαγῆναι
1347 5067 1561 5130 ἀδικίας
1623 5066 1811 5138 βουλό-

229 5173 417 5227 μενος.

301 5249 405 5300 Διὰ
435 5247 487 5299 τί
512 5248 613 5300 οὐκ
639 5248 726 5300 ἐπ’
764 5247 944 5301 αὐτῶν
975 5250 1208 5300 ποιεῖται
1241 5249 1338 5316 τὴν
1375 5247 1642 5313 ἐξέτασιν.
1693 5249 1810 5302 ἀλλ’

232 5341 382 5410 ἰδίας
423 5341 653 5410 Εἰσῆλθε
694 5341 801 5409 γὰρ
829 5343 910 5404 εἰς
936 5341 995 5393 τὸ
1029 5341 1366 5410 πραιτώριον
1391 5341 1554 5395 πάλιν
1589 5344 1616 5394 ὁ
1645 5344 1810 5395 Πιλά-

225 5449 320 5494 τος
341 5450 354 5462 ·
392 5432 576 5502 ἐπειδὴ
609 5431 852 5501 μεγάλην
883 5431 1006 5484 τινὰ
1036 5431 1292 5484 ὑπόνοιαν
1331 5429 1476 5502 εἶχον
1525 5433 1656 5501 περὶ
1705 5433 1800 5486 αὐ-

225 5523 346 5586 τοῦ,
381 5525 474 5574 καὶ
503 5523 758 5578 ἐϐούλετο
794 5523 868 5594 μὴ
901 5521 1274 5594 θορυϐούντων
1332 5522 1600 5576 Ἰουδαίων
1631 5523 1810 5576 πάντα

225 5616 482 5685 ἀκριϐῶς
513 5616 728 5686 μαθεῖν.

297 5712 404 5762 Διὰ
433 5710 483 5760 τί
514 5709 662 5777 λέγει
693 5707 947 5780 Χριστὸς,
991 5707 1089 5775 Ἃρ
1131 5705 1348 5760 ἑαυτοῦ
1377 5705 1460 5761 σὺ
1495 5705 1672 5761 τοῦτο
1704 5707 1808 5762 λέ-

224 5821 377 5874 τεις,
405 5801 440 5870 ἣ
473 5802 648 5854 ἄλλοι
680 5815 776 5853 σοι
808 5796 1009 5860 siser;
1042 5797 1151 5867 Τὴν
1207 5796 1450 5866 πονηρὰν
1507 5795 1616 5850 τῶν
1681 5799 1808 5852 ἰου-

1913 4685 2110 4755 fuisset
2145 4683 2238 4736 ille
2271 4679 2612 4741 malafactor,
2651 4671 2752 4730 non
2786 4674 2880 4727 tibi
2929 4673 3330 4726 tradidissemus
3357 4687 3496 4726 eum.

1913 4778 1990 4834 Ita
2020 4776 2222 4845 ubique
2249 4773 2497 4826 abnuunt
2519 4767 2924 4824 accusationem
2949 4764 3240 4819 directam.

1989 4959 2150 5014 Vens.
2181 4959 2269 5012 5i.
2293 4956 2402 5011 Cur
2434 4954 2568 5010 dicit
2595 4952 2702 5006 illis
2731 4951 2970 5004 Pilatus:
3003 4947 3208 5003 Sumite
3245 4963 3362 5002 eum
3389 4963 3496 5006 ros.

1912 5065 1968 5110 et
1988 5049 2221 5121 reliqua?
2247 5048 2328 5102 Ah
2355 5045 2624 5116 injustitia
2683 5043 2924 5097 eximere
2951 5055 3012 5094 se
3033 5039 3244 5094 volens.

1983 5239 2262 5297 Vens.55.
2315 5235 2426 5291 Cur
2477 5247 2660 5288 coram
2708 5229 2816 5285 illis
2851 5227 3332 5296 interrogationem
3387 5237 3496 5276 non

1913 5335 2059 5400 fecit,
2108 5331 2204 5388 sed
2258 5323 2553 5384 seorsum?
2609 5320 2854 5376 introivit
2899 5319 3044 5373 enim
3079 5318 3134 5370 in
3183 5314 3496 5386 praetorium

1912 5427 2106 5482 iterum
2154 5422 2381 5476 Pilatus.
2441 5417 2580 5484 Quia
2639 5427 2890 5481 magnam
2940 5409 3233 5479 quamdam
3283 5405 3500 5475 opinio-

1913 5533 2038 5573 nem
2059 5516 2128 5570 de
2159 5515 2250 5568 illo
2274 5510 2528 5574 habebat,
2567 5517 2625 5562 et
2663 5504 2886 5560 volebat
2937 5501 3048 5566 ille,
3075 5513 3184 5553 non
3229 5495 3502 5552 turbanti-

1913 5609 2016 5666 bus
2047 5604 2272 5666 ludatis.
2305 5601 2494 5656 omnia
2539 5599 2644 5654 rite
2671 5595 2904 5650 discere.

1983 5702 2152 5758 Vens.
2187 5699 2276 5755 54.
2301 5697 2412 5752 Cur
2431 5697 2562 5750 dicit
2592 5692 2842 5748 Christus
2875 5711 2888 5744 ;
2922 5685 2996 5740 De
3016 5695 3064 5740 te
3079 5687 3190 5750 ipso
3217 5683 3313 5736 hoc
3341 5679 3496 5742 dicis,

1909 5815 1976 5852 an
2007 5796 2101 5850 alii
2137 5793 2380 5847 dixerunt
2421 5787 2554 5844 tibi?
2611 5784 2877 5840 ltevcluns
2933 5779 3132 5834 malam
3187 5774 3500 5830 Judteorum
