4032 6416
518 347 537 409 1
551 348 648 409 28⁸1

1253 337 1646 398 OPUSCULA
1692 330 2322 393 SCRIPTUBISTICA
2365 330 2712 390 ΙΝιῖΕ-ΒΤΑΞ
2747 329 3052 388 .ETATIS.

3632 322 3745 385 1988

514 459 635 523 fuit,
697 455 773 511 illi
810 454 1051 510 lanceam
1109 452 1357 522 inﬁgunt.
1421 449 1649 519 Sanguis
1689 458 1737 500 et
1790 464 1928 516 aqua
1968 446 2095 498 exiit

2210 445 2483 497 νύττουσιν
2498 444 2646 514 αὐτῴ
2667 444 2886 514 λόγχην.
2910 445 3034 495 Ὅτι
3055 438 3205 511 Αῗμα
3226 441 3323 495 καί
3348 439 3501 507 ὕδωρ
3529 439 3750 506 ἐξῆλθε,

512 553 628 606 haec
666 550 885 619 quidem
931 548 1204 601 hominem
1250 559 1373 599 esse
1422 543 1774 611 signiﬁcans,
1829 541 1919 592 illa
1964 554 2093 591 vero

512 658 677 711 supra
716 640 1011 694 hominem.
1047 635 1136 689 Vel
1162 650 1301 704 aqua
1341 632 1608 702 signiﬁcat
1649 630 2005 699 baptismum,
2037 636 2092 682 et

512 733 736 802 sanguis
768 741 952 799 potum
992 737 1235 781 nostrum
1271 724 1638 793 spiritualem.

589 824 751 878 Vens.
779 822 868 875 57.
901 819 1041 885 Quid
1087 826 1213 871 est:
1274 814 1339 869 In
1382 831 1534 885 quem
1571 812 1991 882 transﬁa'erunt!
2038 809 2093 864 Id

511 926 613 977 est,
648 930 809 982 quem
846 912 1017 966 clavis
1042 908 1447 963 crucifixerant.
1492 906 1557 960 Et
1595 921 1706 960 nou
1734 905 1890 967 dicit,
1933 902 2094 957 Vide-

514 1008 648 1060 bunt
671 1020 834 1074 quem
852 1001 1267 1059 transﬁxerunt,
1293 997 1408 1061 sed,
1440 995 1504 1049 In
1521 1012 1669 1065 quem
1688 996 2095 1061 trans/iurum,

509 1096 651 1161 Quid
677 1103 781 1161 est,
811 1094 863 1146 in
889 1092 1077 1163 quem?
1106 1090 1248 1144 Crux
1274 1099 1391 1143 erat
1420 1088 1474 1141 in
1503 1082 1666 1156 quam
1688 1085 2095 1147 translixerant;

511 1188 605 1243 sed
622 1196 749 1241 ante
773 1186 1063 1239 adventum
1081 1181 1286 1237 Christi
1309 1180 1490 1235 erucis
1522 1186 1783 1247 tanquam
1812 1177 1989 1245 regale
2014 1176 2099 1228 iii-

510 1280 686 1348 signe,
717 1275 863 1347 quod
896 1274 1177 1329 communi
1201 1288 1305 1327 usu
1336 1271 1539 1325 dicitur
1559 1271 1803 1339 signum,
1835 1269 2101 1337 praecedit

509 1370 717 1425 Christi
746 1370 1036 1423 adventum
1079 1375 1133 1420 et
1167 1378 1420 1434 regnum,
1447 1363 1518 1416 ab
1558 1360 1769 1431 angelis
1808 1360 2090 1429 gloriﬁca-

511 1472 663 1526 tum;
695 1470 749 1514 et
790 1476 923 1514 crux
963 1458 1239 1512 videbitur
1273 1458 1328 1510 in
1369 1465 1538 1519 terra,
1589 1454 1757 1508 solem
1792 1454 2100 1506 obseurans

509 1564 560 1607 et
591 1554 774 1605 lunam
812 1552 1035 1606 deletis.

589 1643 755 1695 Vens.
783 1642 873 1697 38.
908 1636 1021 1695 Cur
1051 1652 1194 1693 unus
1222 1650 1253 1691 e
1279 1634 1620 1704 septuaginta
1654 1630 1964 1700 discipulis,
2001 1630 2095 1697 qui

511 1743 598 1790 est
635 1733 863 1798 Joseph,
907 1734 1039 1802 petit
1073 1744 1273 1800 corpus
1304 1725 1475 1782 Jesu?
1507 1726 1631 1780 Mihi
1666 1724 1876 1779 videtur
1904 1736 1935 1776 e
1969 1736 2099 1790 prae-

515 1828 693 1899 cipuis
718 1842 839 1882 esse
867 1838 921 1880 et
950 1825 1125 1879 Pilato
1152 1831 1336 1877 notus.

1116 1962 1350 2019 CAPUT
1386 1963 1504 2018 XX.

584 2101 749 2157 Vens.
787 2099 838 2155 l.
874 2099 955 2153 Ad
983 2098 1109 2169 quid
1142 2096 1320 2152 ferunt
1353 2093 1670 2165 unguenta?
1692 2091 1771 2146 Ad
1802 2105 2099 2147 conserva-

513 2194 700 2249 tionen
754 2192 1042 2262 corporis;
1074 2189 1301 2242 multum
1354 2186 1497 2240 enim
1538 2186 1650 2238 haec
1699 2184 1995 2253 proderant
2030 2181 2097 2236 ad

512 2286 890 2341 conservanda
926 2284 1043 2337 sine
1078 2280 1435 2349 corruptione
1472 2291 1725 2346 corpora.

586 2377 754 2432 Vatis.
790 2375 846 2431 5.
886 2373 1060 2429 Nemo
1091 2372 1282 2425 iurans
1331 2380 1629 2433 mortuum,
1664 2366 1861 2420 lentius
1891 2365 2098 2435 agendo

513 2470 715 2539 linquit
754 2468 1093 2527 linteamina,
1122 2464 1424 2533 praesertim
1460 2460 1612 2516 carni
1666 2474 1761 2529 per
1816 2458 2095 2528 myrrham

512 2563 872 2616 adhaerentia.

584 2651 753 2706 Vrsas.
789 2650 877 2704 12.
925 2648 1036 2705 Cur
1074 2654 1341 2719 apparent
1374 2647 1420 2700 ei
1474 2644 1652 2715 angeli
1706 2643 2002 2699 sedentes?
2043 2651 2101 2695 ut

514 2743 666 2798 illam
707 2743 772 2796 ad
805 2741 1291 2810 interrogationem
1320 2736 1616 2801 adducant,
1643 2746 1696 2789 et
1721 2749 1786 2787 ne
1811 2733 2099 2787 exclamet.

590 2836 760 2903 Vens.
798 2834 885 2888 14.
916 2832 1098 2899 Quare
1152 2831 1381 2899 loquens
1416 2828 1483 2881 ad
1542 2826 1789 2896 angelos,
1834 2839 2099 2879 conversa

515 2936 603 2983 est
642 2937 969 2990 retrorsum,
1019 2932 1072 2976 et
1122 2922 1270 2975 videt
1322 2918 1651 2973 Dominum?
1698 2915 1827 2969 Mihi
1892 2916 2103 2969 videtur

516 3016 739 3087 angelus
785 3015 1004 3086 quidem
1074 3010 1367 3065 Dominum
1422 3008 1627 3071 videre,
1687 3008 1778 3060 illa
1822 3022 1951 3061 vero
1996 3007 2096 3060 hos

518 3113 697 3181 ipsam
734 3108 981 3161 videntes
1017 3102 1292 3174 aspiciens
1320 3100 1585 3155 intellexit
1628 3100 1864 3169 aliquem
1891 3100 1960 3152 ab
1998 3099 2103 3152 illis

518 3210 665 3258 retro
715 3199 890 3266 cerni,
916 3208 970 3253 et
1022 3210 1290 3253 comersa
1339 3203 1442 3248 est.
1471 3192 1546 3246 lta
1615 3191 1823 3260 angelis
1878 3190 2096 3261 quidem

516 3292 882 3348 miraculosus
929 3290 1202 3360 apparuit,
1246 3288 1464 3342 mulieri
1518 3296 1704 3340 autem
1757 3286 2005 3349 minime,
2034 3300 2101 3339 ne

516 3385 787 3440 clamores
810 3384 1021 3438 tolleret
1049 3400 1064 3448 ;
1096 3390 1152 3437 et
1173 3379 1525 3436 manifestum
1554 3380 1760 3434 videret
1807 3393 1935 3432 cum
1963 3378 2099 3432 hor-

517 3479 767 3533 tulanum
790 3491 916 3531 eum
952 3475 1163 3546 putavit
1193 3489 1336 3529 esse.

593 3567 758 3622 Vens.
795 3566 882 3621 15.
908 3566 1170 3620 Eumdem
1191 3567 1244 3618 in
1274 3567 1382 3619 vita
1412 3576 1467 3618 et
1497 3565 1550 3617 in
1586 3576 1760 3620 morte
1785 3573 2092 3619 creatorem

518 3658 814 3714 Dominum
853 3667 1140 3728 reputans,
1182 3667 1241 3710 ut
1274 3658 1621 3710 hortulanum
1646 3673 1769 3709 eum
1796 3656 2099 3710 habetcum

521 3751 690 3806 Maria
713 3749 1046 3820 Magdalene,
1078 3749 1201 3803 ideo
1232 3749 1298 3801 ad
1346 3748 1637 3801 utilitatem
1663 3746 1801 3817 fugit
1838 3747 1983 3802 illius
2026 3758 2106 3802 ta-

520 3853 669 3897 ctum
703 3842 989 3904 Dominus,
1035 3840 1274 3895 nonduin
1330 3855 1454 3894 eum
1505 3855 1567 3892 ex
1610 3854 1669 3892 se
1727 3842 1993 3909 potuisset
2038 3839 2103 3893 ad

524 3935 741 3989 Patrem
791 3932 1107 3995 ascendere,
1156 3932 1382 3986 dicens:
1443 3928 1571 3983 Noli
1622 3947 1701 3984 me
1731 3941 1964 4000 tangere.
1999 3930 2106 3984 Co-

522 4029 806 4100 gnoscitur
826 4027 971 4081 enim
1009 4026 1128 4080 liedi
1166 4026 1315 4080 illum
1373 4026 1465 4095 qui
1525 4041 1649 4077 cum
1703 4039 1764 4079 ea
1818 4025 1884 4078 ad
1925 4025 2102 4093 ipsum

524 4133 749 4178 venerat
767 4121 1061 4176 humiliore
1089 4130 1340 4190 aspectu.

592 4303 762 4361 Vsus.
788 4304 1003 4361 l6.Cur
1024 4305 1155 4361 dicit
1188 4306 1287 4371 illi,
1321 4305 1539 4359 Maria?
1570 4305 1836 4360 lronicam
1863 4306 2107 4376 intelligo

524 4399 763 4453 nominis
803 4399 1261 4467 appellationem;
1317 4399 1368 4453 id
1431 4408 1612 4453 autem
1661 4400 1915 4465 intendit,
1955 4399 2102 4453 illam

521 4504 589 4546 eo
622 4490 766 4561 quod
797 4506 920 4545 eum
947 4505 1004 4545 ut
1035 4502 1310 4546 mortuum
1358 4492 1578 4559 quaerit,
1613 4500 1924 4545 terrestrem
1960 4506 2102 4545 esse.

600 4582 768 4636 Vsus.
807 4583 894 4635 l7.
924 4582 1032 4636 Cur
1068 4583 1204 4636 dicit
1241 4597 1252 4632 :
1310 4582 1441 4635 Noli
1473 4600 1550 4635 me
1594 4584 1837 4652 tangere"
1886 4581 2113 4637 Volebat

526 4672 619 4725 illa
655 4673 813 4741 quasi
865 4673 979 4741 ipse
1021 4673 1206 4733 luerit,
1240 4687 1364 4725 eum
1403 4671 1495 4723 illo
1536 4686 1731 4725 rursus
1759 4670 2110 4735 conversari;

527 4762 617 4816 ille
655 4770 838 4815 autem
887 4776 1150 4814 amovens
1182 4776 1305 4814 eam
1348 4762 1417 4815 ab
1456 4762 1557 4814 hac
1591 4762 1944 4831 cogitatione,
1981 4760 2115 4815 dicit

526 4853 670 4906 haue
696 4865 920 4905 causam
953 4869 966 4903 :
1007 4849 1262 4902 Nondum
1296 4850 1436 4904 enim
1488 4851 1702 4903 ascendi
1774 4852 1843 4903 ad
1872 4849 2111 4915 Patrem,

526 4944 686 5014 quasi
728 4944 956 5010 diceret,
990 4940 1089 4997 llic
1124 4943 1291 4998 ardeo
1359 4952 1413 4996 t'l
1444 4942 1684 5009 excitor,
1732 4946 1825 4996 sed
1868 4942 1962 5012 qui
2009 4941 2118 4995 huc

527 5036 679 5089 abire
706 5035 885 5099 debet,
913 5039 1043 5090 ’nou
1095 5045 1308 5105 oportet
1357 5051 1482 5089 cum
1535 5051 1659 5091 eum
1709 5036 1900 5091 eadem
1934 5043 2117 5090 mente

526 5131 711 5182 videre
745 5143 852 5199 qua
893 5138 1077 5183 antea.
1118 5129 1392 5193 Dicenda,
1448 5129 1613 5182 Deum
1653 5145 1823 5182 meum
1854 5139 1904 5182 et
1951 5127 2115 5182 Deum

526 5231 776 5283 vestrum,
809 5218 1029 5273 Patrem
1060 5237 1231 5274 meum
1264 5231 1312 5274 et
1354 5220 1573 5273 Patrem
1610 5232 1839 5275 vestrum
1860 5259 1876 5285 ,
1925 5230 1979 5274 et
2026 5236 2116 5272 as-

527 5311 709 5375 cendo,
749 5311 931 5366 verbis
964 5312 1103 5380 aptis
1164 5311 1336 5364 utitur
1388 5318 1443 5364 et
1483 5312 1833 5364 sermonibus
1866 5308 1932 5364 ad
1966 5309 2112 5363 illam

533 5417 649 5471 quae
681 5417 877 5473 magna
907 5416 1013 5456 non
1043 5404 1315 5457 sentiebat
1344 5403 1412 5457 de
1438 5402 1680 5457 Christo.

616 5591 782 5649 Vsus.
822 5594 904 5650 t9.
933 5592 1220 5661 Quomodo
1248 5595 1400 5649 illum
1436 5610 1545 5651 non
1592 5594 1916 5664 phantasma
1952 5602 2115 5663 puta-

529 5697 724 5740 verunt
758 5688 1047 5742 intrantem
1081 5689 1267 5758 januis
1292 5688 1496 5745 clausis
1539 5697 1594 5743 et
1632 5688 1749 5742 sine
1778 5687 1947 5741 voce?
1974 5686 2114 5752 Quia

533 5775 729 5827 mulier
751 5777 1071 5845 prredixerat
1093 5780 1193 5847 eis,
1220 5789 1273 5834 et
1309 5781 1533 5834 multam
1572 5779 1729 5833 (idem
1763 5778 2114 5847 prmstiterat;

2196 537 2255 588 τὸ
2296 536 2396 605 μὲν
2444 536 2477 605 ἢ
2524 534 2767 587 δεικνύον
2822 534 2983 587 αὑτὸν
3024 534 3348 605 ἄνθρωπον,
3403 532 3469 584 τὸ
3521 530 3580 582 δὲ
3632 529 3752 598 ὑπὲρ

2196 628 2525 699 ἄνθρωπον·
2580 628 2613 697 ἢ
2646 628 2728 680 ὅτι
2762 630 2824 680 τὸ
2863 627 2963 695 μὲν
3000 626 3143 696 ὕδωρ
3183 625 3439 695 σημαίνει
3480 622 3542 676 τὸ
3582 622 3752 692 βάπτι-

2199 737 2337 790 σμα,
2364 720 2423 771 τὸ
2446 718 2501 772 δὲ
2538 713 2679 789 αἷμα
2708 718 2769 771 τὸ
2803 719 2954 787 πόμα
2986 717 3144 787 ἡμῶν
3176 718 3238 769 τὸ
3269 714 3658 784 πνευματικόν.

2265 811 2331 863 Τί
2361 813 2546 865 ἐστιν·
2581 812 2685 875 Εὶς
2714 810 2787 863 ὃν
2829 810 3277 875 ὲξεκέντησαν;
3338 808 3486 860 ’Δντὶ
3526 804 3641 867 τοῦ,
3677 807 3759 858 Ὃν

2197 905 2310 967 τοῖς
2337 903 2489 974 ἥλοις
2526 903 2889 974 προσήλωσαν
2914 919 2928 933 ’
2971 901 3065 954 καὶ
3098 903 3198 955 οὐκ
3223 897 3399 963 εἶπεν,
3428 900 3688 969 Ὄψονται
3711 901 3760 953 ὃν

2199 995 2579 1065 ἐξεκέντησαν,
2606 996 2745 1059 ἀλλ’,
2765 996 2868 1060 Εἰς
2902 994 2976 1047 ὃν
2999 996 3428 1061 ἐξεκέντησαν.
3468 994 3537 1046 Τί
3567 993 3760 1055 ὲστιτδ,

2198 1089 2286 1151 εὶς
2308 1086 2381 1139 ὅν
2398 1102 2417 1149 ;
2451 1086 2688 1156 Σταυρδς
2709 1082 2776 1156 ἦν
2812 1088 2893 1149 είς
2944 1086 3003 1137 ὃν
3033 1085 3421 1155 ἐξεκέντησαν·
3454 1083 3567 1154 πρὸ
3588 1083 3646 1136 δὲ
3677 1083 3764 1150 τῆς

2202 1176 2528 1246 παρουσίας,
2574 1175 2669 1229 τοῦ
2712 1175 2961 1246 σταυροῦ·
2996 1176 3183 1246 ὥσπερ
3233 1175 3519 1244 βασιλικὸν
3560 1177 3765 1245 σημεῖον

2200 1265 2259 1317 τὸ
2288 1264 2580 1336 λεγόμενον
2614 1266 2759 1319 κατὰ
2788 1267 2888 1336 τὴν
2914 1268 3097 1335 κοινὴν
3117 1267 3406 1337 συνήθειαν
3426 1266 3616 1334 σίγνσν
3644 1279 3767 1335 προ·

2199 1356 2387 1426 τρέχει
2410 1357 2506 1424 τῆς
2547 1356 2789 1426 Χριστοῦ
2844 1360 3141 1427 παρουσίας
3200 1360 3293 1411 καὶ
3347 1357 3626 1426 βασιλείας
3676 1358 3768 1410 ὑπὸ

2200 1449 2312 1502 τῶν
2338 1450 2592 1518 ἀγγέλων
2621 1450 2997 1521 δοξαζόμενον,
3035 1452 3127 1504 καὶ
3158 1453 3456 1522 φανήσεται
3485 1453 3516 1505 ὀ
3552 1451 3766 1522 σταυρὸς

2202 1544 2295 1597 ἐπὶ
2320 1544 2445 1613 γῆς,
2479 1546 2697 1599 σκέπων
2726 1546 2898 1616 ἥλιον,
2932 1544 3220 1615 ἀμϐλύνων
3246 1546 3506 1615 σελήνην.

2272 1637 2373 1689 Διὰ
2403 1637 2455 1691 τί
2492 1631 2573 1700 εἷς
2625 1638 2733 1689 τῶν
2780 1636 2824 1690 0'
2878 1636 3134 1707 μαθητῶν
3164 1638 3305 1690 αἰτεῖ
3358 1637 3420 1689 τὸ
3480 1635 3642 1704 σῶμα
3684 1636 3767 1687 τοῦ

2215 1726 2413 1797 Ἰησοῦ,
2447 1730 2503 1792 ὅς
2527 1730 2674 1781 ἐστιν
2714 1730 2951 1799 Ἰωσήφ;
2997 1729 3150 1799 Ἐμοὶ
3174 1729 3322 1781 δοκεῖ
3354 1728 3464 1781 τῶν
3494 1728 3769 1799 ἐπισήμων

2126 1821 2167 1874 Β
2196 1818 2335 1874 είναι
2362 1826 2457 1890 apti.
2480 1820 2558 1891 τῷ
2588 1820 2804 1891 Πιλάτῳ
2835 1818 3138 1892 γνώριμος.

2810 1965 3059 2017 ΚΕΦΑΛ.
3104 1964 3185 2017 κ’.

2270 2098 2364 2160 El;
2396 2096 2450 2149 τί
2476 2097 2707 2170 φέρουσι
2731 2096 2801 2149 τὰ
2846 2096 2993 2168 μύρα
3021 2112 3033 2160 ;
3062 2095 3156 2159 El;
3188 2097 3527 2166 συντήρησιν
3558 2094 3651 2148 τοῦ
3683 2092 3774 2147 σώ-

2206 2208 2376 2260 ματος
2398 2205 2412 2218 ·
2447 2189 2540 2241 ἐπὶ
2579 2189 2716 2243 πολὺ
2748 2189 2860 2259 γὰρ
2889 2189 3104 2256 πέφυκε
3128 2186 3299 2241 ταῦτα
3325 2189 3620 2258 φυλάττειν
3648 2189 3774 2255 ἄση·

2203 2300 2313 2335 πτα
2343 2281 2411 2335 τὰ
2432 2281 2685 2351 σώματα.

2276 2378 2400 2445 Ὀτι
2425 2375 2603 2439 οὐδεὶς
2634 2376 2887 2428 κλέπτων
2917 2374 3110 2445 νεκρὸν
3147 2374 3530 2443 σχολαιότερον
3558 2372 3765 2443 ἐργαζό-

2206 2484 2369 2536 μενος
2399 2466 2595 2536 ἀφίησι
2648 2465 2715 2519 τὰ
2741 2467 2946 2531 ὀθόνια,
2983 2466 3216 2533 μάλιστα
3267 2465 3774 2535 συγκεκολλημένων

2201 2557 2372 2610 όντων
2396 2558 2576 2611 αὐτῶν
2606 2560 2673 2628 τῇ
2716 2558 3005 2629 σαρκὶάπὸ
3045 2558 3311 2627 σμύρνης.

2274 2651 2374 2703 Διὰ
2404 2651 2456 2703 τί
2488 2651 2776 2719 φαίνονται
2819 2652 2957 2721 αὐτῇ
2988 2653 3037 2704 οἱ
3071 2654 3294 2720 ἄγγελοι
3322 2651 3664 2721 γαθήμενοις
3694 2650 3774 2710 El;

2205 2743 2474 2815 ἐρώτησιν
2504 2744 2835 2813 ἐπαγόμενοι
2859 2742 3047 2815 αὐτὴν,
3070 2744 3164 2796 καὶ
3186 2742 3327 2797 ὥστε
3360 2745 3438 2815 μὴ
3465 2743 3772 2815 θροηθὶψσι.

2276 2833 2435 2897 Τίνος
2466 2832 2656 2886 ἕνεκεν
2679 2831 2916 2886 λαλοῦσα
2945 2833 3082 2904 πρὸς
3104 2833 3230 2896 τοὺς
3249 2835 3521 2902 ἀγγέλους
3543 2835 3774 2903 ἐστράφη

2204 2924 2285 2985 εἰς
2318 2922 2387 2975 τὰ
2411 2922 2589 2975 ὀπίσω
2624 2922 2719 2976 καὶ
2750 2924 2854 2994 ὁρᾷ
2889 2923 2980 2978 τὸν
3046 2923 3286 2992 Κύριονς
3331 2924 3490 2994 Ἐμοὶ
3526 2924 3671 2977 δοκεί
3703 2925 3775 2976 ὅτι

2204 3017 2251 3068 οἱ
2286 3014 2512 3083 ἄγγελοι
2567 3015 2669 3084 μὲν
2706 3014 2798 3067 τδν
2846 3014 3052 3087 Κύριον
3086 3016 3342 3085 ὁρῶντες,
3376 3016 3522 3087 αὑτὴ
3568 3016 3628 3069 δὲ
3664 3016 3776 3076 τοὺς

2204 3109 2452 3180 ὁρῶντας
2473 3107 2646 3178 αὐτὴν
2675 3107 2885 3180 ὁρῶσα,
2912 3109 3242 3178 κατενόησεν
3265 3110 3347 3163 ὅτι
3378 3109 3507 3162 τινὰ
3561 3109 3693 3180 πρὸς
3719 3109 3775 3160 τὰ

2209 3198 2389 3253 ὀπίσω
2419 3200 2590 3269 αὐτῆς
2623 3200 2881 3269 βλέπουσι
2910 3202 3003 3254 καὶ
3036 3202 3304 3271 ἐστράφη.
3338 3199 3532 3265 οὕτως
3558 3202 3667 3264 τοῖς
3691 3200 3775 3269 μὲν

2210 3292 2493 3359 ἀγγέλοις,
2524 3291 2843 3362 θαυμαστὸς
2882 3293 3154 3362 ἀνεφάνηο
3198 3295 3261 3362 τῇ
3291 3292 3346 3345 δὲ
3376 3293 3601 3361 γυναικὶ
3634 3292 3771 3362 οὗχί·

2212 3387 2299 3438 ἵνα
2334 3384 2408 3455 μὴ
2433 3384 2665 3455 θροήσῃ·
2701 3384 2796 3439 καὶ
2823 3384 2980 3455 δῆλον
3013 3385 3073 3449 ὲξ
3097 3378 3172 3439 ὧν
3202 3385 3296 3439 καὶ
3327 3384 3609 3457 κηπουρὸν
3632 3386 3775 3439 αὐτὸν

2210 3477 2483 3547 ἐνόμισεν.

2280 3571 2508 3639 Ὅμοιον
2545 3572 2656 3623 τῶν
2713 3572 2771 3624 ὲν
2814 3571 3030 3638 γενέσει
3082 3571 3176 3622 καὶ
3227 3568 3403 3642 φθορᾷ
3456 3570 3776 3642 δημιουργὸν

2213 3659 2451 3729 νομίζων
2483 3661 2573 3713 τὸν
2609 3661 2835 3732 Κύριον,
2888 3662 2968 3724 είς
3003 3661 3283 3732 κηπουρὸν
3329 3662 3492 3715 αὑτὸν
3539 3660 3773 3730 γνωρίζει

2214 3753 2357 3804 κατὰ
2387 3752 2487 3821 τὴν
2538 3752 2905 3821 Μαγδαληνὴν
2936 3753 3156 3825 Μαρίαν
3176 3767 3191 3783 °
3241 3752 3323 3806 διὸ
3359 3753 3497 3823 πρὸς
3528 3752 3774 3821 ὠφέλειαν

2216 3843 2409 3913 φεύγει
2452 3843 2546 3896 τοῦ
2584 3844 2829 3898 τοιούτου
2879 3844 2977 3916 τὴν
3004 3845 3148 3917 ἁφὴν
3191 3846 3219 3898 ό
3271 3846 3577 3916 Δεσπότης,
3628 3846 3773 3915 μήπω

2218 3936 2348 4006 παρ’
2398 3936 2548 4006 αὖτῷ
2593 3936 2846 4006 δυνηθεὶς
2901 3937 3171 4007 ἀναϐῆναι
3214 3936 3351 4006 πρὸς
3401 3938 3493 3991 τὸν
3550 3938 3771 4003 Πατέρα,

2213 4026 2424 4096 λέγων’
2462 4030 2556 4093 Μή
2591 4046 2711 4096 μου
2751 4028 3355 4103 ᾶπτουχγινώσκεται
3400 4030 3510 4101 γὰρ
3563 4029 3773 4100 βλάπτε·

2218 4118 2340 4172 σθαι
2374 4120 2465 4172 τὸν
2517 4122 2656 4190 μετὰ
2698 4124 2956 4190 τοιαύτης
3004 4120 3155 4190 αὐτῷ
3204 4123 3639 4192 προσερχόμενον
3687 4136 3769 4172 τα-

2218 4212 2431 4264 πεινοτέ
2438 4228 2537 4281 ρας
2568 4212 2948 4282 προσλήψεως.

2288 4305 2387 4358 Διά
2419 4305 2471 4357 τί
2500 4304 2648 4373 λέγει
2678 4306 2837 4375 αὐτῇ·
2867 4310 3090 4374 Mapm;
3117 4306 3319 4377 Είρωνι
3358 4306 3432 4368 ὦς
3472 4307 3665 4376 νόησον
3689 4306 3769 4373 τὴν

2217 4399 2311 4449 τοῦ
2339 4398 2604 4469 ὀνόματος
2630 4399 2947 4469 ἐκφὼνησιν
2965 4416 2978 4429 ·
3009 4400 3198 4453 ἀκούει
3224 4400 3282 4454 δὲ
3309 4400 3486 4462 τοῦτο,
3518 4401 3606 4455 διὰ
3627 4399 3681 4453 τὸ
3707 4398 3769 4458 ὡς

2215 4490 2405 4560 νεκρὸν
2435 4491 2598 4544 αὑτὸν
2624 4491 2806 4561 ζητεῖν
2829 4492 3167 4563 χαμαίζηλον
3201 4511 3383 4548 ουσαν.

2289 4582 2388 4635 Διὰ
2435 4583 2485 4635 τί
2516 4583 2697 4649 λέγει·
2731 4584 2824 4650 Μή
2851 4602 2972 4653 μου
3019 4585 3252 4648 ἅπτου;
3295 4584 3575 4639 Ἐϐούλετο
3601 4584 3672 4646 ὡς
3713 4582 3769 4635 ἄν

2218 4676 2371 4738 bino;
2395 4674 2561 4728 αὐτοῦ
2586 4676 2748 4730 πάλιν
2777 4678 3016 4729 συνεῖναι
3037 4677 3184 4748 αὐτῷ
3204 4696 3218 4709 ·
3246 4680 3274 4731 ὁ
3294 4677 3351 4731 δὲ
3367 4678 3596 4745 ἀπάγων
3620 4677 3769 4741 αὐτὴν

2217 4767 2327 4820 ἀπὸ
2356 4766 2599 4820 τοιούτου
2624 4767 2910 4839 λογισμοῦ,
2940 4768 3087 4837 λέγει
3113 4770 3291 4823 αἰτίαν
3309 4771 3485 4832 τοῦτο,
3505 4772 3588 4835 τὸ,
3616 4768 3768 4823 Οὔπω

2218 4859 2328 4926 γὰρ
2357 4858 2698 4924 ἀναϐέϐηκα
2739 4861 2889 4928 πρὸς
2920 4865 3027 4915 τὸν
3056 4861 3286 4931 Πατέρα
3308 4880 3322 4893 °
3355 4862 3431 4925 ὡς
3468 4863 3534 4916 ἂν
3564 4862 3761 4929 ἔλεγεν·

2231 4950 2383 5003 Ἐκεῖ
2412 4951 2629 5004 σπεύδω
2657 4953 2753 5005 καὶ
2800 4955 3113 5023 ἐπείγομαι.
3144 4957 3247 5009 Τὸν
3276 4956 3333 5010 δὲ
3364 4959 3480 5010 ἐκεῖ
3530 4956 3763 5027 μέλλοντα

2218 5042 2461 5104 ἀπιέναι,
2496 5043 2599 5094 οὐκ
2632 5042 2737 5095 ἔδει
2775 5045 2913 5111 μετὰ
2945 5044 3046 5112 τῆς
3086 5046 3256 5116 αὐτῆς
3303 5048 3437 5117 ὁρᾷν
3458 5047 3686 5109 διανοίας
3710 5039 3763 5114 ἦς

2218 5130 2317 5183 καὶ
2365 5132 2474 5203 πρὸ
2514 5133 2728 5185 τούτου.
2753 5133 2847 5201 ,Τὸ
2880 5134 3062 5202 λέγειν
3108 5136 3292 5200 αὑτὸν,
3343 5136 3494 5190 Θεόν
3527 5153 3645 5205 μου
3684 5132 3762 5187 καὶ

2220 5226 2372 5279 Θεὸν
2413 5227 2600 5296 ὑμῶν,
2634 5228 2734 5281 καί
2773 5229 3006 5298 Πατέρα
3037 5228 3205 5298 ὑμῶν
3233 5231 3331 5283 καί
3378 5231 3607 5298 Πατέρα
3640 5244 3759 5296 μου,

2220 5319 2312 5370 καὶ
2357 5319 2440 5381 τὸ,
2509 5320 2860 5383 Ἀναϐαίνω,
2920 5321 3231 5391 οἰκονομίας
3284 5323 3389 5374 sici.
3425 5322 3642 5392 ῥήματα
3684 5315 3763 5369 καὶ

2220 5412 2367 5479 λόγοι
2420 5411 2558 5481 πρὸς
2604 5412 2698 5481 τὴν
2776 5412 2852 5483 μὴ
2921 5412 3130 5482 μεγάλα
3193 5412 3601 5483 φανταζομένην
3654 5408 3762 5478 περὶ

2220 5501 2481 5572 Χριστοῦ.

2286 5592 2410 5655 ΙΙῶς
2449 5592 2615 5647 αὑτὸν
2665 5593 2959 5662 φάντασμα
3028 5594 3130 5645 οὐκ
3182 5594 3439 5664 ἐνόμισαν
3484 5589 3759 5646 είσελθόντα

2223 5685 2627 5756 κεκλεισμένων
2680 5686 2789 5738 τῶν
2841 5686 3022 5755 θυρῶν
3083 5687 3176 5738 καὶ
3214 5687 3445 5756 ἁθρόως
3481 5688 3597 5737 "Ott
3648 5680 3759 5747 γυνὴ

2223 5781 2484 5849 προεῖπεν
2517 5779 2726 5843 αὐτοῖς,
2761 5780 2855 5832 καὶ
2887 5777 3088 5843 πολλὴν
3124 5778 3220 5847 τὴν
3253 5778 3435 5830 πίστιν
3462 5778 3754 5848 είργὰσατο¹
