4032 6416
257 351 396 417 1⁸289

1276 353 1596 417 SCHOLIA.
1634 355 1928 418 VETERA
1968 356 2050 417 IN
2091 355 2462 446 JOANIYEM'.

3358 365 3502 428 1290

249 467 424 530 ἄλλως
454 465 510 522 δὲ
541 468 636 520 καὶ
686 466 887 541 τρανὴν
930 468 1026 521 καὶ
1082 468 1289 538 ἥμερον
1332 467 1458 536 ὄψιν
1497 469 1677 533 αὐτοῖς
1715 472 1816 523 ἐπ-

1943 470 2082 524 iliter
2107 480 2309 536 autem,
2335 480 2387 526 et
2408 473 2686 530 evidenter
2716 487 2767 531 et
2802 477 2958 532 facile
3004 479 3111 532 illis
3149 482 3496 551 conspicien-

248 557 511 622 εδείξατο.

319 648 416 711 Τὸ,
442 651 648 713 Καθὼς
667 647 1019 702 ἀπέσταλκέ
1031 665 1109 718 με
1127 652 1160 704 ὀ
1181 651 1404 721 Πατὴρ,
1429 652 1592 724 κάγὼ
1615 653 1824 722 πέμπω

249 737 429 810 ὑμᾶς,
466 739 566 811 τὴν
598 739 874 810 ἰσοτιμίαν
898 739 1168 795 δείκνυσιν
1195 743 1401 806 αὐτοῖς.

320 830 416 894 Τὸ,
447 829 670 886 Λάϐετε
692 832 936 902 Πνεῦμα
959 831 1153 903 ἅγιον,
1179 835 1298 898 πῶς
1326 839 1547 902 νοεῖται,
1578 839 1826 900 εἰπόντος

249 922 438 989 αὐτοῦ’
484 924 622 977 Ἐὰν
635 923 722 994 μὴ
747 923 865 994 ἐγὼ
891 924 1154 990 ἀπέλθω,
1181 929 1253 982 οὐ
1275 926 1363 996 μὴ
1383 928 1531 996 ἔλθῃ
1559 928 1827 995 sarcir-oc;

253 1016 414 1079 Τινές
443 1031 612 1086 φασιν
662 1016 744 1070 ὅτι
774 1017 837 1070 οὐ
876 1017 938 1070 τὸ
968 1018 1195 1088 Πνεῦμα
1221 1018 1441 1083 ἔδωκεν,
1477 1019 1592 1073 ἀλλ’
1633 1023 1828 1089 ἐπιτη-

246 1107 429 1171 δείους
467 1108 668 1171 αὐτοὺς
693 1107 784 1162 διὰ
830 1108 927 1162 τοῦ
971 1110 1370 1180 ἐμφυσήματος
1402 1110 1825 1174 κατεσκεύασεν,

254 1201 286 1271 ἢ
308 1201 390 1254 ὅτι
411 1199 556 1255 κατὰ
583 1201 1001 1272 ἁμαρτημάτων
1018 1201 1234 1266 ἐξουσία
1253 1202 1409 1272 ἐδόθη
1428 1203 1611 1267 αὐτοῖς
1639 1203 1796 1257 τοῦτο
1811 1219 1826 1234 ·

251 1291 484 1363 ὕστερον
526 1291 584 1345 δὲ
613 1291 701 1345 διὰ
748 1290 845 1344 τοῦ
894 1292 1216 1363 Πνεύματος
1258 1296 1354 1348 καὶ
1405 1293 1474 1347 τὰ
1522 1294 1765 1363 μείζονα,
1801 1295 1829 1347 ὃ

250 1385 371 1437 ἐστι
409 1382 703 1455 θαύματα·
737 1382 887 1454 λέγει
916 1385 1048 1456 γὰρ,
1101 1387 1183 1440 ὅτι
1241 1387 1378 1440 Τότε
1399 1386 1676 1456 λήψεσθε
1723 1387 1828 1442 δύο

247 1491 451 1542 raptu.

324 1566 451 1630 Πῶς
487 1567 704 1622 πάντων
742 1566 1100 1637 συνηγμένων
1120 1568 1149 1620 ὁ
1180 1566 1384 1638 Θωμᾶς
1412 1568 1830 1639 ἅπελιμπάνετο

249 1659 416 1731 μόνος
435 1677 451 1726 ς
472 1658 637 1724 Εἰκὸς
652 1654 722 1730 ἦν
741 1661 851 1713 ἀπὸ
872 1659 971 1729 τῆς
1001 1659 1301 1731 διασπορᾶς
1331 1660 1434 1731 τῆς
1470 1661 1571 1733 ἤδη
1605 1662 1826 1731 γενομέ-

248 1769 350 1823 νης
387 1751 616 1822 μηδέπω
649 1751 812 1805 αὐτὸν
837 1749 1173 1804 ἐπανελθεῖν.

1924 562 2054 615 dmn
2079 578 2137 617 se
2165 562 2336 618 dedit.

2001 651 2269 709 Vensﬂt.
2305 653 2457 709 Sicut
2489 657 2632 709 misit
2661 673 2738 710 me
2774 655 2955 719 Pater,
2985 669 3033 712 et
3064 675 3185 728 ergo
3219 660 3370 715 mitto
3387 676 3497 723 vos,

1924 746 2286 814 aequalitatem
2310 762 2436 801 cum
2459 745 2621 802 Patre
2640 750 2722 802 eis
2751 750 3008 803 ostendit.

1997 836 2165 893 Vens.
2197 838 2288 893 22.
2323 839 2555 910 Accipite
2600 839 2864 908 Spiritum
2914 852 3177 909 sanctum,
3225 847 3504 914 quomodo

1927 928 2267 997 intelligitur,
2297 946 2421 984 cum
2465 932 2683 996 dixerit,
2720 931 2908 987 Sinon
2947 935 3157 1000 abiero,
3185 953 3289 989 non
3336 939 3502 992 reniet

1926 1017 2055 1072 ille?
2087 1017 2321 1084 Quidam
2360 1021 2554 1076 dicunt
2583 1022 2732 1094 quod
2765 1022 3027 1094 Spiritum
3071 1042 3176 1081 non
3207 1028 3378 1091 dedit,
3406 1031 3500 1083 sed

1927 1118 2148 1177 paratos
2188 1110 2310 1165 illos
2327 1127 2424 1181 per
2444 1115 2633 1183 gratia:
2664 1114 2986 1170 ell‘usioncm
3015 1116 3213 1183 eﬂ‘ecit,
3248 1119 3328 1173 vel
3353 1123 3500 1189 quod

1927 1208 2119 1254 contra
2169 1213 2393 1271 peccata
2450 1215 2696 1274 potestas
2752 1207 2862 1262 illis
2891 1209 3014 1263 data
3049 1219 3130 1264 est
3168 1211 3265 1276 ibi,
3314 1223 3502 1281 postea

1930 1301 2110 1347 autem
2139 1307 2234 1363 per
2269 1293 2529 1364 Spiritum
2567 1307 2622 1352 et
2651 1299 2857 1368 majora
2892 1301 3018 1355 data
3041 1310 3190 1364 sunt.
3216 1304 3362 1358 velut
3397 1307 3504 1360 mi-

1929 1383 2114 1438 racula
2146 1399 2162 1450 ;
2197 1383 2330 1441 dicit
2363 1386 2506 1442 enim
2544 1406 2556 1441 :
2592 1387 2737 1442 Tunc
2767 1393 3033 1459 accipietis
3060 1394 3326 1452 virtutem.

2003 1564 2278 1622 Vensﬂt.
2309 1567 2593 1633 Quomodo
2619 1572 2874 1627 omnibus
2893 1577 3235 1645 congregatis
3265 1576 3506 1634 Thomas

1929 1656 2119 1713 aberat
2146 1658 2330 1728 solus?
2354 1659 2661 1716 Verisimile
2675 1672 2793 1716 erat
2819 1677 2847 1715 a
2869 1663 3210 1734 dispersione
3233 1667 3342 1736 jam
3367 1669 3507 1724 facta

1932 1750 2174 1804 nomlum
2204 1751 2357 1806 illum
2393 1751 2643 1808 rediisse.

316 1820 417 1897 Διᾶ
433 1820 488 1896 τί
510 1842 628 1914 μεθ’
650 1841 866 1912 ἡμέρας
888 1839 1032 1895 ὀκτὼ
1057 1843 1161 1911 ὁρᾷ
1180 1840 1365 1909 αὐτὸν,
1387 1841 1484 1895 καὶ
1503 1841 1604 1895 οὐκ
1625 1841 1786 1904 εὐθύς
1805 1859 1822 1906 ;

1997 1841 2164 1899 Vens.
2199 1843 2290 1899 26.
2322 1843 2436 1899 Cur
2483 1855 2604 1914 post
2635 1845 2752 1902 dies
2787 1855 2910 1900 octo
2946 1847 3089 1902 videt
3145 1865 3268 1904 eum
3313 1860 3368 1906 et
3401 1868 3508 1908 non

244 1937 440 2000 ’Όπως
476 1934 701 2006 διδαχθῇ
743 1934 831 1988 διὰ
857 1933 966 1988 τῶν
1003 1933 1316 1988 ἀποστόλων
1369 1933 1463 1989 καὶ
1495 1934 1825 2005 θερμότερος

240 2028 492 2100 γένηται.

315 2122 442 2184 Πῶς
477 2119 756 2190 ἄφθαρτον
788 2119 950 2189 σῶμα
981 2119 1176 2183 ἁπτὸν,
1201 2119 1416 2187 ἐγένετο
1458 2118 1625 2190 θνητῇ
1658 2120 1822 2191 χειρὶ,

239 2214 342 2268 καὶ
370 2215 499 2276 τοὺς
532 2212 737 2274 τύπους
772 2210 1052 2264 ἐδείκνυτο
1095 2211 1274 2280 ἔχεινς
1309 2209 1480 2264 Τοῦτο
1507 2212 1702 2265 λεπτὸν
1733 2213 1826 2265 καὶ

236 2299 482 2370 κοῦφον,
510 2300 588 2363 ὡς
638 2299 1044 2370 κεκλεισμένων
1083 2299 1300 2368 εἰσῆλθε
1336 2298 1448 2353 τῶν
1500 2299 1702 2371 θυρῶν,
1738 2301 1826 2356 ἵνα

238 2392 512 2462 πιστευθῇ
536 2393 570 2461 ὴ
591 2393 911 2458 ἀνάστασις,
945 2390 1123 2447 ταῦτα
1140 2391 1420 2445 δείκνυται
1441 2407 1455 2421 °
1493 2393 1590 2446 καὶ
1619 2393 1823 2463 τρώγει

236 2483 302 2538 δὲ
337 2483 426 2537 διὰ
456 2482 617 2536 τοῦτο
642 2481 797 2538 αὐτό.

227 2617 238 2625 .
308 2574 446 2644 Περὶ
467 2574 638 2628 ποίων
672 2573 920 2645 σημείων
935 2575 1134 2645 λέγειὸ
1162 2575 1585 2648 εὐαγγελιστήςο
1619 2580 1826 2632 Πολλὰ

229 2665 358 2736 μὲν
394 2661 510 2721 οὖν
537 2665 636 2720 καὶ
687 2664 845 2719 ἄλλα
885 2665 1106 2736 σημεῖα
1143 2666 1436 2734 ἐποίησεν
1467 2669 1500 2721 ὁ
1541 2667 1825 2736 Ἰησοῦς;

253 2758 417 2830 Ἐμοὶ
449 2759 598 2812 δοκεῖ
622 2759 690 2811 τὰ
728 2758 871 2829 μετὰ
905 2757 1007 2830 τὴν
1036 2759 1338 2814 ἀνάστασιν
1358 2775 1373 2790 ·
1411 2761 1662 2832 ἐπιφέρει
1693 2761 1824 2831 γὰρ,

253 2849 545 2904 Ἑνώπιον
582 2847 704 2904 τῶν
749 2849 1036 2920 μαθητῶν
1085 2852 1307 2916 αὑτοῦ,
1365 2850 1482 2906 ἀλλ’
1516 2851 1668 2921 οὐχὶ,
1701 2852 1825 2904 Τῶν

238 2944 440 3015 ὄχλων.
486 2942 611 2999 Ὀτι
637 2943 738 2996 οὐκ
770 2943 1020 3014 ἔγραψαν
1056 2945 1275 2998 ἅπαντα
1315 2946 1364 2998 oi
1415 2944 1822 3013 εὐαγγελισταὶ,

237 3035 386 3091 ἀλλὰ
414 3035 572 3099 ἄλλος
591 3035 748 3098 ἄλλα.
778 3036 1074 3105 φεύγοντες
1091 3037 1152 3090 τὸ
1181 3036 1465 3108 φιλότιμον
1493 3038 1587 3091 καὶ
1616 3037 1826 3090 κενόδο-

238 3129 338 3196 ξον
354 3146 368 3161 ·
393 3130 518 3183 ὅσον
543 3129 601 3182 δὲ
634 3128 795 3200 μόνον
823 3129 960 3199 πρὸς
980 3127 1162 3182 πίστιν
1196 3129 1460 3182 συντελεῖ·
1479 3127 1560 3182 διὸ
1588 3129 1683 3182 καὶ
1703 3130 1824 3181 ἐπι-

241 3220 406 3294 φέρει
425 3237 440 3250 ο
468 3220 665 3277 Ταῦτα
691 3220 761 3274 δὲ
792 3220 1138 3292 γέγραπται,
1163 3221 1264 3275 ἵνα
1285 3221 1673 3291 πιστεύσητε.

819 3406 1073 3460 ΚΕΦΑΛ.
1118 3404 1251 3460 KA'.

321 3499 445 3553 Ὅτι
479 3501 617 3570 μετὰ
671 3499 769 3572 τὴν
817 3500 1112 3553 ἀνάστασιν
1150 3500 1250 3552 οὐκ
1307 3498 1588 3563 ἐϐλέπετο,
1649 3499 1698 3549 εἰ
1748 3497 1822 3566 μὴ

244 3594 588 3665 συγκατέση,
618 3594 708 3648 διὰ
744 3593 806 3646 τὸ
851 3593 1038 3645 λοιπὸν
1085 3591 1363 3662 ἄφθαρτον
1394 3588 1528 3644 εἶναι
1567 3592 1630 3643 τὸ
1664 3591 1823 3659 σῶμα

243 3689 345 3741 uati.
379 3689 674 3758 ἀκήρατον.

321 3783 449 3837 Ὅτι
485 3783 535 3836 oi
578 3781 710 3852 περὶ
751 3781 957 3851 Πέτρον
1005 3779 1102 3832 καὶ
1158 3779 1414 3846 Ἰωάννην
1467 3776 1566 3848 τὴν
1617 3775 1825 3829 οἰκείαν

242 3882 448 3948 τέχνην
478 3876 773 3947 μετῄεσαν,
804 3874 926 3928 ἐπεὶ
975 3873 1110 3943 μήτε
1153 3873 1317 3935 αὐτὸς
1372 3870 1606 3940 Χριστὸς
1642 3870 1826 3931 αὐτοῖς

250 3973 444 4043 συνῆν,
481 3971 620 4042 μήτε
650 3968 710 4022 τὸ
739 3965 966 4039 Πνεῦμα
991 3965 1054 4020 τὸ
1082 3967 1239 4034 ἅγιον
1281 3964 1432 4018 δοθὲν
1459 3959 1526 4034 ἦν
1547 3980 1560 3992 ·
1599 3962 1828 4024 ἐπιστὰς

244 4066 308 4118 δὲ
344 4064 526 4126 αὐτοῖς
565 4060 834 4131 κάμνουσι
865 4058 996 4129 περὶ
1026 4059 1125 4128 τὴν
1157 4055 1333 4126 ἄγραν
1363 4055 1544 4124 λέγει·
1592 4054 1825 4113 Παιδία,

241 4159 334 4230 μή
369 4175 426 4212 τι
455 4153 838 4225 προσφάγιον
864 4153 1065 4222 Egere;
1099 4149 1272 4204 Τοῦτο
1299 4149 1354 4204 δὲ
1384 4149 1553 4216 λέγει,
1585 4148 1658 4211 ὡς
1697 4147 1825 4215 μὲλ-

249 4254 362 4306 λων
391 4269 444 4304 τι
483 4247 800 4318 ὠνήσασθαι
841 4244 974 4316 παρ’
1005 4244 1208 4298 αὐτῶν.

326 4344 451 4397 Ὀτι
478 4341 579 4412 τὴν
623 4339 926 4410 ἀνθρακιὰν
963 4338 1055 4390 καὶ
1105 4337 1165 4390 τὸ
1200 4337 1549 4406 ἐπικείμενον
1581 4334 1826 4404 ὀψάριον,

246 4435 462 4491 καὶτὸν
497 4436 681 4506 ἄρτον,
721 4433 824 4486 οὐκ
867 4431 927 4496 ἐξ
959 4429 1326 4500 ὑποκειμένης
1363 4428 1496 4497 ὕλης
1535 4427 1830 4496 εἰργάσατο

1847 3203 1890 3262 C
1924 3222 2060 3283 ticit,
2110 3221 2232 3277 ideo
2273 3222 2472 3293 adjecit

1927 1933 2160 1990 statim?
2221 1933 2290 1990 Ut
2336 1934 2601 1991 doceatur
2670 1937 2737 1992 ab
2793 1937 3058 2006 apostolis
3109 1948 3165 1994 et
3227 1942 3508 1998 ardentior

1926 2024 2042 2080 ﬁat.

1996 2117 2162 2176 Vens.
2191 2119 2281 2175 27.
2313 2119 2603 2188 Quomodo
2649 2125 3063 2193 incorruptibile
3111 2141 3312 2196 corpus
3359 2129 3507 2197 tangi

1925 2212 2105 2281 potuit
2142 2214 2365 2267 mortali
2400 2229 2586 2278 manu,
2618 2224 2672 2269 et
2701 2216 2960 2286 stigmata
2991 2218 3229 2273 ostendit
3265 2217 3510 2273 habere?

1927 2302 2062 2357 Illud
2093 2304 2210 2360 leve
2256 2315 2376 2360 erat
2426 2315 2480 2362 et
2521 2307 2719 2362 subtile
2756 2323 2879 2362 cum
2919 2310 3122 2365 clausis
3168 2311 3390 2365 intravit
3427 2311 3508 2380 ja-

1928 2395 2080 2462 nuis;
2113 2405 2173 2451 ut
2228 2399 2543 2453 crederetur
2573 2404 2904 2456 resurrectio
2936 2403 3040 2456 ista
3080 2403 3427 2469 exhibentur,
3457 2414 3510 2457 ct

1927 2501 2145 2558 prepter
2170 2492 2416 2546 eamdem
2449 2506 2672 2547 causam
2705 2494 3021 2548 manducat.

2004 2575 2283 2633 Vens.50.
2363 2580 2438 2634 De
2481 2581 2682 2651 quibus
2729 2583 2898 2652 signis
2944 2583 3079 2638 dicit
3129 2584 3508 2655 evangelista:

1929 2670 2103 2725 Multa
2128 2672 2338 2740 quidem
2359 2682 2406 2726 et
2434 2673 2544 2726 alia
2568 2675 2720 2744 signa
2753 2676 2874 2744 fecit
2909 2674 3105 2730 Iesus?
3143 2675 3273 2731 Mihi
3299 2659 3515 2745 videtur

1926 2777 2048 2818 esse
2080 2779 2201 2833 qua:
2231 2773 2352 2833 post
2377 2767 2834 2821 resurrectionem
2866 2767 3031 2833 fecit;
3078 2768 3300 2838 subjieit
3341 2771 3514 2831 enim,

1929 2853 1996 2908 In
2023 2865 2298 2925 conspectu
2327 2857 2711 2926 discipulorum
2740 2875 2958 2912 suorum
2979 2899 2994 2923 ,
3021 2859 3114 2914 sed
3145 2875 3252 2915 non
3293 2859 3345 2913 in
3378 2862 3514 2914 eon-

1927 2953 2118 3014 spectu
2159 2946 2466 3001 turbarum.
2526 2946 2643 3002 Non
2689 2948 3029 3019 Scripserunt
3056 2949 3241 3003 omnia
3281 2935 3516 3018 evange-

1927 3037 2087 3102 listze,
2133 3037 2227 3092 sed
2257 3038 2398 3094 alius
2421 3039 2549 3104 alia,
2599 3040 2868 3110 fugientes
2900 3042 3208 3111 superbiam
3239 3051 3293 3117 et
3322 3056 3512 3096 vanam

1927 3127 2189 3197 gloriam;
2214 3140 2480 3200 quantum
2505 3141 2686 3187 autem
2720 3134 3068 3188 Solummodo
3099 3133 3164 3187 ad
3201 3134 3358 3187 [idem
3391 3149 3520 3203 pro-

2525 3243 2538 3278 :
2596 3223 2727 3279 Ha'c
2775 3239 2951 3281 autem
3005 3229 3202 3295 scripta
3265 3237 3408 3291 sunt,
3459 3237 3516 3279 ut

1924 3313 2175 3367 credatis.

2489 3409 2722 3465 CAPUT
2793 3410 2937 3466 XXI.

2001 3499 2167 3556 Vens.
2222 3503 2274 3556 l.
2330 3499 2462 3556 Post
2523 3504 2978 3557 resurrectionem
3033 3518 3142 3559 non
3191 3507 3518 3561 cernebatur

1930 3598 2113 3645 utrum
2148 3605 2256 3645 non
2301 3607 2361 3647 se
2389 3591 2604 3647 facilem
2634 3593 2895 3662 praeberet
2926 3594 3053 3664 quia
3096 3595 3209 3665 jam
3267 3598 3519 3653 incorru-

1927 3684 2117 3754 ptibile
2152 3694 2270 3739 erat
2295 3700 2496 3754 corpus
2531 3695 2585 3740 ct
2614 3686 2909 3756 integrum.
3225 3685 3227 3688 ⁴

2007 3774 2169 3830 Vens.
2203 3776 2255 3830 5.
2291 3775 2434 3830 Petri
2466 3787 2520 3831 et
2543 3775 2772 3832 Joannis
2799 3779 2933 3832 socii
2963 3794 3119 3832 suam
3156 3790 3330 3834 artem
3361 3795 3521 3835 exer-

1929 3867 2144 3932 cebant,
2179 3883 2302 3922 eum
2343 3883 2518 3938 neque
2551 3870 2803 3924 Christus
2829 3870 2942 3940 ipse
2976 3888 3100 3925 cum
3136 3874 3218 3926 eis
3267 3882 3522 3929 erat'ne-

1930 3978 2032 4032 que
2057 3961 2296 4032 Spiritus
2339 3973 2562 4018 sanctus
2589 3966 2746 4019 datus
2767 3978 2902 4018 erat.
2940 3963 3106 4020 Stans
3137 3975 3317 4020 autem
3363 3966 3523 4034 juxta

1934 4056 2056 4109 illos
2099 4057 2412 4109 laborantes
2458 4057 2603 4110 circa
2638 4057 2788 4112 littus
2818 4057 2948 4111 dicit
2983 4074 2997 4110 :
3048 4057 3235 4122 Pueri,
3279 4057 3518 4125 nunquid

1931 4147 2342 4215 pulmentarium
2359 4147 2598 4201 habetis?
2620 4149 2733 4204 lloc
2760 4149 2912 4215 dicit,
2933 4147 3076 4203 velut
3095 4147 3284 4202 volens
3313 4149 3520 4216 aliquid

1934 4240 2003 4293 ab
2031 4239 2112 4293 eis
2147 4255 2348 4293 emere.

2011 4331 2248 4386 Vens.9.
2285 4334 2498 4387 Prnnas
2544 4341 2592 4386 et
2635 4334 3036 4402 superpositum
3089 4334 3293 4404 piscem
3323 4344 3378 4388 et
3425 4349 3523 4404 pa—

1935 4439 2080 4491 nem,
2117 4439 2228 4478 non
2265 4439 2331 4477 ex
2360 4425 2604 4493 subjecta
2657 4424 2886 4478 materia
2929 4425 3065 4481 facit
3101 4425 3380 4493 Christus,
3417 4428 3520 4481 adu

245 4533 277 4584 ὁ
309 4527 567 4599 Χριστὸς,
601 4527 695 4580 ἐπὶ
728 4526 790 4578 τὸ
820 4523 1260 4594 θαυμαστότερον
1305 4521 1454 4590 ἄγων
1480 4521 1548 4573 τὰ
1587 4523 1788 4589 σημεῖα
1813 4535 1826 4547 ·

1943 4516 2248 4569 mirandum
2294 4517 2467 4585 magis
2507 4517 2724 4585 signum
2753 4532 3004 4572 exerens.
3049 4515 3225 4573 Jussit
3265 4527 3447 4572 autem
3491 4533 3523 4572 ε

251 4625 515 4678 ἐκέλευσε
559 4621 616 4674 δέ
647 4622 712 4672 ἐκ
751 4619 860 4672 τῶν
896 4616 1138 4686 ὀψαρίων
1173 4607 1248 4668 ὧν
1291 4614 1525 4666 ἐπίασαν
1564 4613 1830 4678 ἐνεγκεῖν,

251 4716 474 4777 δεικνὺς
507 4715 592 4767 ὅτι
625 4713 686 4766 τὸ
712 4711 992 4783 ὁρώμενον
1022 4709 1122 4761 οὐκ
1158 4703 1226 4777 ἦν
1259 4706 1554 4776 φάντασμα
1577 4720 1590 4732 ·
1629 4708 1722 4757 καὶ
1752 4706 1834 4757 ὅτι

256 4809 360 4878 μὲν
393 4806 556 4868 αὐτὸς
586 4800 676 4875 ἦν,
709 4803 933 4874 ᾔδεσαν,
963 4799 1064 4855 κᾶν
1095 4799 1251 4869 ξένην
1293 4797 1545 4867 ἐπιφέρει
1571 4796 1666 4866 τὴν
1701 4812 1832 4866 μορ-

254 4899 400 4969 φήν·
438 4893 736 4964 ἐφοὸοὖντο
768 4891 824 4944 δέ
861 4889 1156 4960 ἐρωτῆσαι,

318 4988 422 5042 Διὰ
459 4987 511 5040 τί
543 4987 724 5058 ἐρωτᾷ
774 4983 939 5036 αὑτοῦ
983 4981 1048 5053 [Ι.
1090 4978 1276 5052 αὑτὸν]
1307 4978 1489 5048 τρίτον
1521 4977 1602 5035 τὸ.
1637 4976 1836 5041 Φιλεῖς

247 5099 328 5154 με
351 5097 372 5146 ;
396 5079 471 5133 Τὸ
494 5077 717 5150 τρισσὸν
739 5076 1042 5146 ἐξαλείφων
1061 5075 1161 5145 τῆς
1183 5075 1487 5144 ἀρνήσεως,
1508 5073 1603 5125 καὶ
1623 5073 1836 5135 δεικνὺς

251 5177 384 5228 ὅσον
414 5173 647 5242 τιμᾶται
668 5170 767 5235 τὴν
796 5167 1136 5240 προστασίαν
1157 5167 1266 5220 τῶν
1284 5166 1501 5219 οἰκείων
1524 5164 1834 5234 προϐάτων

251 5264 406 5333 λέγει
443 5265 553 5331 γὰρ
580 5261 770 5325 εὐθὺς·
801 5261 1001 5315 Βόσκε
1026 5257 1098 5312 τὰ
1115 5257 1293 5327 ἀρνία
1320 5274 1462 5327 μου.

330 5355 460 5408 Ὀτι
497 5355 592 5406 ἐπὶ⁸
625 5355 719 5407 τοῦ
757 5349 994 5423 σταυροῦ
1025 5351 1230 5412 τέλειος
1262 5349 1402 5418 ἀνὴρ
1434 5342 1502 5419 ἦν
1530 5346 1560 5398 ὁ
1608 5347 1834 5414 Πέτρος.

253 5447 422 5516 Λέγει
455 5447 565 5518 γὰρ
592 5447 620 5499 ό
647 5444 884 5516 Χριστός
909 5460 922 5472 ·
951 5443 1090 5498 ’Ὅτε
1118 5437 1193 5512 ἧς
1216 5440 1503 5510 νεώτερος
1523 5456 1537 5470 ο
1570 5436 1689 5493 εἶτα
1718 5441 1832 5506 καὶ,

258 5538 385 5592 ’τοτ’
416 5537 493 5593 ἂν
531 5536 823 5608 γηράσῃς.

327 5630 392 5682 Τί
423 5629 679 5701 σημαίνει
706 5632 764 5682 ἐν
785 5627 864 5698 τῷ
893 5627 1075 5696 λέγειν
1095 5641 1109 5654 ·
1142 5624 1300 5690 Ποίφ
1331 5621 1564 5690 θανάτῳ
1589 5623 1838 5688 δοξάσει

257 5722 367 5776 τὸν
409 5723 559 5776 Θεόν
581 5739 600 5788 ;
621 5723 907 5775 Δείκνυσιν
933 5720 1016 5772 ὅτι
1067 5718 1128 5770 τὸ
1161 5718 1301 5787 ὑπὲρ
1346 5716 1584 5787 Χριστοῦ
1620 5717 1832 5780 παθεῖν,

260 5813 391 5878 δόξα
425 5812 520 5866 τοῦ
559 5811 862 5883 πάσχοντός
887 5813 1003 5863 ἐστι
1038 5809 1131 5862 καὶ
1157 5813 1311 5879 τιμή.

481 5909 758 5970 Parnm.
797 5907 915 5970 Gn.
977 5907 1137 5968 CVI.

1912 4607 2180 4676 piscibus
2201 4622 2342 4676 quos
2365 4619 2621 4677 ceperant
2645 4608 2862 4671 all'erre,
2883 4608 3181 4664 ostendens
3207 4609 3337 4678 quia
3375 4609 3521 4678 quoi

1938 4700 2192 4753 videbant
2226 4702 2552 4768 phantasma
2609 4717 2713 4753 non
2752 4712 2888 4756 erat.
2941 4699 3006 4754 Et
3039 4701 3182 4770 quod
3234 4703 3348 4770 ipse
3378 4712 3525 4756 esset

1937 4791 2210 4855 viderunt,
2238 4793 2486 4862 quamvis
2509 4794 2747 4847 alienum
2775 4810 2967 4864 gerens
2993 4804 3299 4864 aspectum.
3335 4791 3526 4849 Tinne-

1939 4882 2068 4936 bant
2097 4891 2279 4937 autem
2319 4884 2676 4953 interrogare.

2012 4971 2182 5029 Vens.
2221 4975 2309 5026 -l7.
2360 4976 2472 5030 Cur
2521 4977 2822 5046 interrogat
2869 4992 2994 5030 eum
3057 4986 3156 5042 ter,
3214 4978 3377 5030 Amas
3409 4977 3526 5029 me?

1941 5067 2140 5120 trinam
2175 5076 2234 5120 ut
2253 5066 2458 5121 deleret
2491 5069 2858 5135 negationem,
2894 5078 2950 5122 et
2986 5069 3302 5122 ostenderet
3331 5070 3525 5137 quanti

1939 5156 2172 5209 aestimet
2209 5155 2589 5224 praefecturam
2637 5172 2860 5210 suarum
2914 5158 3139 5223 ovium,
3191 5157 3324 5212 dicit
3375 5159 3524 5211 enim

1939 5248 2123 5301 statim
2158 5247 2366 5301 :Pasre
2383 5265 2545 5318 agnos
2585 5265 2747 5302 meos.

2015 5339 2178 5394 Vens.
2222 5342 2302 5394 ιε.
2355 5344 2411 5394 ln
2452 5355 2696 5410 trlnporc
2744 5341 3122 5397 crucitixionis
3167 5340 3390 5396 adultus
3414 5340 3527 5411 jam

1938 5433 2022 5488 vir
2052 5445 2168 5488 erat
2197 5433 2430 5491 Petrus:
2464 5436 2594 5491 dicit
2621 5435 2766 5490 enim
2801 5435 3076 5501 Christus,
3109 5434 3244 5491 Cum
3283 5434 3523 5505 essesju-

1941 5527 2080 5589 nior,
2099 5525 2316 5588 deinde.
2344 5526 2478 5582 Cum
2502 5539 2677 5582 autent
2707 5529 2962 5584 senueris.

2015 5619 2185 5676 Vens.
2205 5619 2451 5686 t9.Quid
2471 5621 2741 5690 signiﬁcat
2771 5620 3036 5676 dicendo:
3064 5620 3186 5687 Qua
3219 5629 3385 5676 morte
3418 5618 3532 5689 glo-

1941 5718 2247 5785 riﬁcaturus
2285 5723 2416 5768 esset
2455 5712 2659 5767 Deum?
2703 5710 2954 5769 Ostendit
2988 5714 3096 5784 pati
3145 5729 3244 5783 pro
3285 5712 3530 5781 Christo,

1943 5809 2173 5880 gloriam
2209 5805 2466 5877 patientis
2500 5819 2622 5862 esse
2645 5813 2699 5861 et
2729 5805 3016 5860 honorem.

3134 5897 3206 5958 ίιι
