4032 6458
339 374 480 439 1-293

1521 381 1581 440 S.
1623 381 1908 442 BASILII
1946 381 2338 442 LlTURGlA.

3450 385 3586 448 129i.

409 494 717 566 Μνήσθητι,
747 495 938 566 Κύριε,
980 497 1122 550 κατά
1155 497 1214 549 τὺ
1241 497 1444 566 πλῆθος
1472 497 1580 552 τῶν
1611 501 1882 570 οἰκτιρμῶ

2089 497 2382 564 Memento,
2415 498 2664 568 Domine,
2701 516 2798 571 pro
2829 501 3180 558 multitudine
3201 501 3589 559 misericordiae

331 605 426 641 σου
453 589 548 641 καὶ
583 589 682 657 τῆς
711 589 851 657 ἐμῆς
883 588 1252 658 ἀναξιότητος,
1285 590 1641 661 συγχώρησόν
1674 609 1762 661 μοι
1796 593 1906 645 πᾶν

333 680 712 750 πλημμέλημα
754 679 1000 732 ἑκούσιόν
1030 697 1088 732 τε
1135 683 1230 733 καὶ
1258 682 1532 748 ἀκούσιον,
1573 683 1668 736 καὶ
1711 685 1785 753 μὴ
1816 684 1905 737 διὰ

328 773 428 836 τὰς
473 773 614 843 ὲμάς
659 773 936 842 ἁμαρτίας
985 773 1235 844 κωλύσῃς
1269 775 1368 845 τὴν
1405 775 1566 845 χάριν
1609 773 1704 826 τοῦ
1747 775 1903 842 ἁγίου

332 881 426 918 σου
455 863 772 934 Πνεύματος
799 864 907 918 ἀπὸ
933 863 1040 918 τῶν
1071 867 1447 938 προκειμένων
1475 868 1685 937 δώρων.

353 995 358 1002 .
397 953 707 1025 Μνήσθητι,
738 954 932 1024 Κύριε,
973 956 1068 1007 τοῦ
1095 957 1514 1028 πρεσϐυτερίου,
1545 959 1646 1028 τῆς
1675 961 1732 1011 ὲν
1771 960 1904 1028 Χρι-

327 1045 439 1115 στῷ
467 1045 760 1110 διακονίας,
795 1048 888 1100 καὶ
922 1049 1122 1111 παντὸς
1155 1049 1430 1119 ἱερατικοῦ
1459 1049 1762 1118 τάγματος,
1807 1052 1902 1102 καὶ

331 1135 536 1207 μηδένα
559 1136 716 1206 ἡμῶν
745 1139 1109 1211 καταισχύνῃς
1136 1140 1244 1192 τῶν
1281 1139 1625 1194 κυκλούντων
1653 1141 1713 1193 τὸ
1745 1140 1902 1208 άγιόν

327 1246 424 1281 σου
467 1229 876 1300 θυσιαστήριον.
937 1231 1258 1301 Ἐπίσκεψαι
1299 1233 1448 1301 ἡμᾶς
1479 1235 1536 1285 ὲν
1560 1235 1626 1304 τῇ
1663 1233 1895 1302 χρηστό-

323 1320 446 1389 τητί
471 1337 588 1386 σου,
631 1323 828 1392 Κύριε·
874 1324 1170 1394 ἐπιφάνηθι
1201 1326 1332 1394 ἡμῖν
1367 1325 1426 1376 ἐν
1464 1327 1580 1387 τοῖς
1618 1325 1898 1387 πλουσίοις

323 1427 420 1462 σου
446 1413 766 1483 οἰκτιρμοῖς.
791 1413 1104 1483 Εὐκράτους
1131 1415 1228 1468 καὶ
1253 1415 1554 1484 ὲπωφελεῖς
1577 1416 1701 1477 τοὺς
1728 1416 1898 1484 ἀέρας

321 1502 454 1570 ἡμῖν
483 1497 730 1574 χάρισαι,
765 1503 1005 1574 ὄμϐρους
1039 1507 1350 1575 εἰρηνικοὺς
1387 1507 1452 1578 τῇ
1484 1509 1552 1576 γῇ
1589 1506 1726 1578 πρὸς
1757 1523 1896 1574 καρ..

319 1595 590 1664 ποφορίαν
639 1596 960 1667 δενδρῆσαι·
1008 1597 1306 1668 εὐλόγησον
1346 1598 1438 1651 τὸν
1484 1597 1749 1666 στέφανον
1798 1597 1892 1650 τοῦ

317 1685 566 1738 ἐνιαυτοῦ
600 1687 696 1757 τῆς
735 1688 1104 1758 χρηστότητος
1131 1706 1247 1744 σου.
1281 1688 1494 1742 Παῦσον
1525 1690 1593 1744 τὰ
1616 1692 1892 1760 σχίσματα

315 1776 428 1830 τῶν
473 1779 838 1847 Ἐκκλησιῶν¹
868 1780 1058 1834 σϐέσον
1081 1782 1150 1834 τά
1183 1781 1518 1850 φρυάγματα
1547 1775 1656 1836 τῶν
1685 1780 1887 1834 ἐθνῶν·

2012 598 2136 654 tute,
2174 597 2228 644 et
2257 588 2776 658 meatindignitatis.
2815 592 3066 646 condono
3123 592 3256 645 mihi
3300 607 3461 647 omne
3489 595 3586 647 de-

2010 679 2200 734 lictum
2230 679 2601 734 voluntarium
2629 689 2682 734 et
2713 696 2822 736 non
2873 683 3267 750 voluntarium,
3307 697 3486 752 neque
3517 685 3588 738 ob

2009 779 2230 840 peccata
2259 785 2378 826 mea
2417 771 2648 842 gratiam
2675 772 2852 826 sancti
2879 772 2959 826 tui
2981 771 3218 843 Spiritus
3247 774 3318 830 ab
3351 774 3436 829 bis
3457 791 3588 844 pro-

2011 865 2202 934 positis
2225 866 2384 922 donis
2413 881 2622 922 arceas.

2077 955 2368 1025 Memento,
2401 955 2653 1022 Domine,
2694 957 3124 1038 presbyteratus,
3165 959 3307 1015 etin
3360 959 3583 1014 Christo

2005 1047 2350 1114 diaconatus,
2385 1050 2659 1120 totiusque
2689 1051 2899 1105 ordinis
2955 1051 3121 1114 sacri,
3153 1067 3328 1122 neque
3360 1053 3528 1106 ullum
3553 1067 3583 1106 ο
3621 1117 3628 1124 ί

2007 1140 2168 1194 nobis
2195 1141 2288 1210 qui
2311 1151 2560 1197 sanctum
2585 1151 2736 1200 tuum
2767 1143 2937 1198 altare
2960 1143 3254 1212 cingimus,
3285 1144 3582 1214 opprobrio
3627 1138 3648 1200 ζ

2003 1230 2226 1284 adicias.
2272 1228 2446 1286 Visita
2503 1245 2604 1285 nos
2658 1230 2712 1284 in
2767 1241 2858 1286 tua
2917 1232 3264 1300 benignitate,
3328 1232 3576 1297 Dotnine,

2005 1321 2354 1376 nanil’estare
2385 1321 2545 1392 nobis
2585 1321 2638 1376 in
2669 1322 3074 1382 abundantibus
3105 1324 3214 1378 tuis
3265 1325 3580 1380 misericor-

1999 1412 2122 1467 diis.
2180 1411 2320 1467 Bene
2360 1419 2718 1481 temperatum
2750 1426 2804 1468 et
2829 1415 3119 1469 salutarem
3166 1431 3292 1470 aera
3321 1418 3577 1478 concedo.

2001 1501 2326 1570 pluviasque
2365 1501 2680 1556 salutiferas
2731 1513 2890 1558 terra:
2927 1505 2992 1558 ad
3037 1503 3250 1562 fructus
3311 1507 3571 1562 arborum

1999 1592 2396 1660 producendos.
2453 1591 2695 1646 Benedic
2748 1609 2963 1652 corona:
3023 1596 3148 1650 anni
3227 1597 3579 1668 benignitatis

1997 1693 2126 1738 tuae.
2149 1683 2322 1738 Abole
2339 1683 2704 1736 Ecclesiat'um
2730 1684 3027 1740 schismata
3051 1705 3068 1752 ;
3088 1686 3372 1757 exsangue
3395 1689 3580 1744 [remi-

1999 1783 2087 1831 tus
2111 1776 2380 1844 gentium;
2442 1776 2751 1830 exorientes
2803 1777 3038 1832 luem-ses
3067 1779 3315 1832 t-eleriter
3341 1778 3580 1834 dissolve

315 1867 415 1930 τὰς
451 1869 562 1922 τῶν
607 1870 872 1940 αἰρέσεων
919 1873 1322 1934 ἐπαναστάσεις
1345 1872 1555 1940 ταχέως
1590 1871 1887 1926 κατάλυσον

2002 1867 2244 1935 potentia
2283 1867 2461 1920 sancti
2494 1866 2730 1932 Spiritus
2761 1867 2870 1934 lui;
2893 1882 3084 1924 omnes
3127 1885 3225 1924 nos
3258 1871 3314 1924 in
3352 1885 3576 1939 regnum

315 1963 382 2031 τῇ
418 1962 642 2030 δυνάμει
676 1963 768 2016 τοῦ
801 1964 958 2032 άγὶου
995 1980 1088 2016 σου
1126 1965 1442 2034 Πνεύματος
1464 1981 1478 1992 ·
1509 1963 1717 2026 πάντας
1746 1964 1896 2034 ἡμᾶς

319 2053 609 2122 πρόσδεξαι
649 2057 730 2117 εἰς
763 2057 864 2124 τὴν
899 2054 1176 2124 βασιλείαν
1217 2071 1312 2108 σου
1335 2095 1350 2120 ,
1407 2055 1532 2118 τοὺς
1571 2055 1748 2122 φωτὸς
1799 2055 1896 2106 καὶ

315 2144 530 2213 ἡμέρας
549 2143 700 2207 υἰούς
733 2145 994 2210 ἀναδέξας
1021 2146 1101 2208 εἰς
1123 2147 1228 2216 τὴν
1254 2148 1507 2219 εἰρήνην·
1537 2148 1630 2202 καὶ
1658 2148 1758 2218 τὴν
1797 2148 1896 2218 σὴν

315 2236 540 2306 ἀγάπην
573 2236 798 2306 χάρισαι
828 2239 983 2306 ἡμῖν,
1011 2236 1184 2309 Κύριε
1216 2241 1243 2292 ὁ
1269 2239 1399 2303 Θεὸς
1437 2239 1615 2310 ήμῶν.
1650 2279 1665 2294 .
1712 2279 1726 2294 .
1765 2280 1776 2294 .
1825 2279 1838 2292 .
1877 2279 1890 2292 .

315 2365 334 2380 .
347 2366 383 2382 ..
396 2366 410 2379 .
421 2326 686 2396 Ἀμειψαι
709 2327 788 2397 (5)
801 2327 995 2392 αὐτοὺς
1010 2332 1120 2393 τοῖς
1146 2329 1246 2382 πλο
1257 2330 1420 2393 δσίοις
1437 2349 1530 2386 σου
1545 2332 1638 2387 καὶ
1655 2333 1892 2401 ὲπουρα-

312 2419 449 2480 νεοις
483 2418 804 2488 χαρίσμασι.
855 2420 1092 2490 Χάρτσαι
1127 2421 1308 2484 αὐτοῖς
1341 2422 1462 2474 ἀντὶ
1492 2421 1602 2475 τῶν
1631 2423 1892 2490 ἐπιγείων

312 2509 384 2561 τά
416 2509 733 2578 ἐπουράνια,
767 2509 889 2563 ἀντί
912 2511 1020 2564 τῶν
1053 2511 1404 2582 προσκαίρων
1431 2511 1498 2566 τὰ
1525 2509 1740 2578 αἰώνια,
1769 2512 1892 2566 ἀντὶ

311 2601 423 2653 τῶν
445 2601 701 2672 φθαρτῶν
727 2601 794 2655 τὰ
824 2601 1097 2672 ἄφθαρτα.

386 2692 691 2765 Μνήσθητι,
713 2692 908 2765 Κύριε,
938 2695 1046 2746 τῶν
1075 2695 1134 2746 ἐν
1162 2693 1439 2765 ἐρημίαις,
1471 2695 1566 2749 καὶ
1596 2695 1767 2764 ὄρεσι,
1800 2699 1893 2750 καὶ

315 2782 630 2854 σπηλαίοις,
663 2782 759 2836 καὶ
786 2785 906 2846 ταῖς
929 2784 1090 2847 ὀπαῖς
1118 2785 1217 2854 τῆς
1243 2785 1369 2853 γῆς.

387 2871 696 2944 ῐίινήσθητι,
745 2872 942 2942 Κύριε,
973 2873 1079 2926 τῶν
1109 2875 1166 2926 ἐν
1216 2875 1482 2946 παρθενίᾳ
1509 2876 1603 2928 καὶ
1637 2875 1893 2950 εὐλαϐείᾳ

314 2966 411 3018 καὶ
437 2965 669 3036 ἀσκήσει
696 2965 790 3019 καὶ
826 2969 998 3037 σεμνῇ
1029 2965 1274 3038 πολιτείᾳ
1302 2967 1617 3035 διαγόντων.

389 3056 694 3126 Μνήσθητι,
749 3057 945 3127 Κύριε,
990 3058 1100 3111 τῶν
1143 3059 1547 3114 εὐσεϐεστάτων
1574 3061 1667 3114 καὶ
1707 3049 1890 3114 πιστο-

2000 1965 2154 2010 tuum
2214 1957 2412 2026 recipe;
2449 1963 2548 2011 nos
2604 1957 2740 2012 lucis
2794 1965 2848 2012 et
2895 1958 3005 2016 diei
3065 1957 3208 2015 ﬁlios
3261 1961 3314 2014 in
3389 1977 3576 2032 pacem

1997 2064 2306 2112 assumens;
2341 2058 2396 2102 et
2421 2059 2570 2102 tuam
2603 2049 2924 2106 charitatem
2963 2050 3202 2107 concede
3246 2053 3426 2118 nobis,
3473 2054 3578 2110 Do-

1999 2141 2164 2201 mine,
2231 2139 2373 2194 Deus
2457 2149 2661 2194 noster.
2777 2179 2793 2196 .
2908 2183 2922 2196 .
3034 2179 3052 2195 .
3165 2184 3182 2201 .
3295 2181 3310 2198 .
3424 2181 3441 2199 .
3555 2185 3574 2200 .

1999 2269 2014 2283 .
2058 2269 2072 2286 .
2119 2230 2444 2286 .Remunera
2471 2230 2589 2284 illos
2615 2231 3021 2288 abundantibus
3052 2232 3162 2288 tuis
3183 2242 3238 2288 et
3257 2235 3574 2291 coelestibus

1996 2321 2176 2376 donis.
2214 2317 2447 2392 Largire
2473 2323 2607 2392 ipsis
2637 2338 2736 2394 pro
2769 2325 3002 2380 terrenis
3022 2325 3285 2392 cmicstia,
3319 2343 3416 2396 pro
3436 2337 3574 2383 tem-

1994 2413 2274 2488 ppralibus
2318 2425 2542 2480 αξιοι-ιω,
2577 2429 2676 2484 pro
2699 2417 3148 2486 corruptibilibus
3193 2419 3577 2490 incorruptibi-

1996 2501 2088 2552 lia.

2065 2683 2356 2752 Memento,
2417 2683 2668 2754 Domine,
2723 2687 2940 2742 illorum
2985 2689 3165 2762 quiin
3205 2690 3456 2759 desertis,
3517 2694 3572 2747 in

1993 2781 2294 2844 montibus,
2323 2782 2599 2852 speluncis
2622 2793 2677 2838 et
2705 2783 3079 2842 subterraneis
3109 2785 3243 2841 locis
3278 2787 3497 2858 degunt.

2066 2875 2360 2942 Memento,
2384 2877 2634 2946 Domine,
2658 2894 2848 2934 eorum
2883 2880 2978 2950 qui
3008 2881 3061 2935 in
3083 2883 3411 2952 virginitate,
3441 2884 3571 2938 reli-

1995 2967 2176 3038 gione,
2211 2968 2410 3033 ascesi,
2445 2977 2498 3022 et
2535 2971 2766 3026 honesta
2797 2971 2919 3026 vitae
2946 2971 3160 3027 ratione
3208 2974 3427 3044 degunt.

2063 3056 2356 3120 Memento,
2381 3057 2632 3125 Domine,
2685 3060 3228 3130 religiosissimorum
3287 3075 3341 3118 et
3372 3065 3575 3122 ﬁdelis-

312 3149 494 3203 τάτων
543 3149 699 3222 ήμῶν
733 3147 1016 3219 βασιλέων,
1068 3149 1159 3214 οὓς
1214 3151 1536 3214 ὲδικαίωσας
1590 3152 1887 3223 βασιλεύειν

1997 3147 2260 3201 simorum
2290 3146 2680 3216 imperatorum
2708 3160 3042 3216 nostrorum,
3061 3151 3260 3223 quibus
3299 3155 3571 3224 imperare

313 3243 411 3295 ἐπὶ
456 3241 555 3312 τῆς
599 3242 733 3312 γῆς·
785 3242 934 3312 ὅπλῳ
963 3242 1240 3312 ἀληθείας,
1290 3243 1439 3315 ὅπλῳ
1471 3243 1716 3308 εὐδοκίας
1758 3261 1881 3296 στε-

311 3336 566 3404 φάνωσον
597 3333 813 3398 αὐτούς·
843 3335 1156 3388 ὲπισκίασον
1188 3335 1280 3388 ἐπὶ
1304 3335 1400 3407 τὴν
1436 3337 1676 3405 κεφαλὴν
1708 3337 1885 3389 αὐτῶν

312 3430 376 3480 ὲν
407 3427 588 3498 ήμέρᾳ
623 3424 890 3497 πολέμου·
937 3427 1219 3496 ἐνίσχυσον
1260 3425 1438 3480 αὐτῶν
1472 3427 1560 3478 τὸν
1593 3425 1883 3498 βραχίονα·

315 3519 347 3570 ὕ
367 3517 532 3584 ὐωσον
560 3515 739 3570 αὐτῶν
769 3515 868 3587 τήν
895 3515 1075 3582 δεξιάν
1095 3531 1108 3545 ·
1151 3516 1417 3588 κράτυνον
1447 3511 1624 3566 αὐτῶν
1653 3515 1751 3585 τὴν
1786 3512 1884 3581 βα-

314 3608 555 3660 σιλείαν·
595 3607 862 3672 ὑπόταξον
906 3607 1087 3670 αὐτοῖς
1123 3607 1300 3661 πάντα
1349 3613 1416 3658 τὰ
1444 3605 1694 3678 βάρϐαρα
1724 3603 1882 3674 ἔθνη,

313 3701 386 3750 τὰ
417 3699 543 3760 τοὺς
586 3697 858 3766 πολέμους
892 3697 1132 3750 θέλοντα.
1181 3697 1417 3766 Χάρισαι
1451 3696 1630 3758 αὐτοῖς,
1665 3693 1883 3764 βαθεῖαν

311 3790 413 3842 καὶ
465 3787 823 3858 ἀναφαίρετον
863 3789 1116 3860 εἰρήνην·
1148 3787 1380 3858 λάλησον
1412 3788 1491 3849 εἰς
1534 3787 1632 3855 τὴν
1660 3784 1882 3854 καρδίαν

312 3880 496 3936 αὐτῶν
523 3879 706 3948 ἀγαθά
733 3881 870 3952 ὑπὲρ
899 3881 1000 3951 τῆς
1055 3879 1382 3952 Ἐκκλησίας
1415 3897 1528 3945 σου,
1560 3879 1651 3932 καὶ
1684 3877 1883 3940 παντὸς

307 3975 409 4030 τοῦ
449 3973 578 4027 λαοῦ
611 3991 726 4041 σου,
777 3974 864 4028 ἵνα
899 3975 956 4027 ἐν
986 3976 1050 4045 τῇ
1089 3967 1296 4044 γαλήνῃ
1331 3971 1508 4026 αὐτῶν
1538 3971 1744 4042 ἤρεμον
1788 3970 1883 4022 καὶ

307 4065 541 4137 ἡσύχιον
573 4063 686 4134 βίον
717 4064 992 4135 διάγωμεν
1020 4066 1077 4116 ὲν
1105 4063 1252 4134 πάσῃ
1279 4059 1531 4132 εὐσεϐείᾳ
1562 4062 1652 4114 καὶ
1687 4059 1879 4130 σεμνό-

305 4177 458 4232 τητι.

383 4253 692 4325 Μνήσθητι,
730 4251 922 4322 Κύριε,
959 4249 1135 4320 πάσης
1167 4247 1342 4318 ἀρχῆς
1371 4247 1463 4300 κοιλ¹
1489 4243 1756 4311 ἐξουσίας,
1789 4245 1881 4296 καὶ

301 4350 420 4402 τῶν
449 4350 506 4402 ὲν
537 4349 614 4419 τῷ
647 4347 887 4416 παλατίῳ
930 4343 1173 4412 ἀδελφῶν
1201 4346 1232 4413 ἡ
1243 4343 1380 4413 μῶν,
1429 4343 1523 4394 καὶ
1550 4339 1748 4402 παντὸς
1785 4337 1881 4392 τοῦ

305 4441 679 4513 στρατοπέδου
721 4441 847 4502 τοὺς
879 4435 1218 4510 στρατηγοὺς
1264 4437 1321 4488 ὲν
1364 4432 1661 4502 ἀγαθότητι
1693 4431 1879 4501 διατή-

1997 3238 2050 3289 in
2099 3238 2199 3292 hac
2257 3246 2399 3293 terra
2452 3241 2798 3306 concessisti;
2854 3243 3022 3298 armis
3083 3243 3348 3312 veritatis,
3401 3250 3570 3304 armis

1987 3326 2142 3382 bonis
2167 3330 2461 3384 voluntatis
2490 3343 2689 3384 corona
2713 3329 2870 3396 illos;
2915 3339 3136 3402 protege
3170 3333 3384 3388 illorum
3407 3347 3570 3406 caput

1985 3433 2038 3486 in
2089 3421 2177 3476 die
2221 3423 2378 3488 belli,
2431 3421 2626 3476 robora
2707 3421 2989 3475 brachium
3055 3423 3322 3494 ipsorum;
3387 3429 3566 3481 exalta

1984 3524 2174 3564 eorum
2193 3513 2497 3578 dexteram;
2533 3511 2794 3566 conﬁrma
2816 3527 3008 3566 eorum
3033 3513 3343 3583 imperium;
3371 3519 3566 3588 subigi:

1987 3600 2094 3654 illis
2151 3616 2344 3657 omnes
2399 3602 2659 3656 barbaras
2712 3611 2901 3672 gentes
2952 3616 3077 3671 qua:
3131 3603 3330 3660 bellum
3385 3605 3566 3664 facere

1985 3694 2195 3747 volunt.
2235 3695 2441 3750 Prmsta
2491 3695 2596 3749 illis
2631 3693 2957 3764 profundam
3005 3703 3060 3748 et
3113 3695 3444 3753 immobilem
3471 3717 3565 3770 pa-

1983 3803 2138 3854 cem;
2169 3791 2372 3860 inspira
2397 3791 2448 3844 in
2485 3791 2650 3845 corda
2681 3805 2869 3845 eorum
2898 3804 3020 3859 quae.
3053 3801 3182 3846 sunt
3217 3793 3356 3849 bona
3387 3797 3565 3852 eccle-

1987 3882 2078 3936 siae
2135 3891 2240 3937 tuae
2284 3893 2338 3937 et
2400 3885 2498 3938 toti
2528 3884 2751 3951 ,pOpulo
2807 3894 2920 3950 tuo,
3005 3895 3065 3939 ut
3095 3885 3198 3940 sub
3270 3887 3565 3956 tranquillo

1985 3987 2177 4028 eorum
2209 3975 2477 4046 regimine
2497 3976 2765 4044 placidam
2821 3992 2874 4032 et
2898 3994 3152 4048 pacatam
3212 3981 3380 4034 vitam
3433 3997 3560 4052 nga-

1989 4083 2110 4122 mus
2135 4067 2359 4122 inomni
2399 4068 2598 4137 pietate
2620 4078 2672 4122 et
2701 4069 3002 4126 honestate.

2057 4241 2350 4310 Memento,
2374 4243 2622 4310 Domine,
2649 4249 2825 4304 omnis
2851 4249 3136 4320 dignitatis
3164 4261 3216 4306 et
3253 4255 3557 4322 potestatis,

1987 4349 2041 4389 et
2071 4336 2304 4389 fratrum
2336 4347 2653 4390 nostrorum
2681 4339 2732 4393 in
2771 4341 2994 4410 palatio;
3026 4355 3077 4396 et
3100 4345 3265 4399 totius
3287 4348 3560 4401 exercitus

1985 4429 2151 4482 duces
2179 4429 2230 4480 in
2249 4427 2485 4482 bonitate
2512 4445 2773 4486 conserva
2795 4449 2808 4497 ;
2829 4435 3000 4488 malos
3033 4435 3203 4490 bonos
3226 4435 3443 4492 eilicein
3469 4447 3560 4493 tua

309 4550 512 4604 ρησον·
559 4534 684 4594 τοὺς
736 4529 1005 4601 πονηροὺς
1036 4526 1273 4596 ἀγαθοὺς
1305 4524 1526 4594 ποίησον
1561 4525 1615 4576 ὲν
1647 4525 1712 4594 τῇ
1745 4540 1870 4594 χρη·

1993 4519 2342 4588 benignitate.

307 4625 533 4693 στότητί
567 4641 684 4679 σου.

381 4716 698 4786 Μνήσοητι,
747 4712 942 4785 Κύριε,
994 4709 1088 4766 τοῦ
1143 4707 1507 4780 περιεστῶτος
1565 4705 1732 4770 λαοῦ,
1789 4705 1881 4761 καὶ

303 4807 420 4858 τῶν
449 4805 515 4858 δι’
545 4804 799 4872 εὐλόγους
836 4801 1014 4865 αἰτίας
1041 4797 1494 4868 ἀπολειφθέντων,
1529 4797 1622 4850 καὶ
1659 4795 1878 4866 ἐλέησον

304 4900 508 4962 αὐτοὺς
532 4898 626 4951 καὶ
659 4899 804 4968 ἡμᾶς
830 4895 970 4950 κατά
1002 4893 1062 4947 τὸ
1088 4891 1291 4961 πλῆθος
1321 4892 1410 4944 τοῦ
1447 4889 1630 4952 ἐλέους
1657 4905 1781 4942 σου·
1811 4889 1878 4941 τὰ

304 4992 533 5060 ταμιεῖα
557 4989 736 5044 αὐτῶν
782 4987 1058 5058 ἔμπλησον
1083 4984 1277 5045 παντὸς
1305 4981 1506 5052 ἀγαθοῦ
1529 4999 1541 5013 ·
1581 4981 1680 5046 τὰς
1719 4981 1879 5046 συζυ-

304 5083 436 5152 γίας
468 5083 646 5136 αὐτῶν
694 5083 750 5134 ὲν
801 5081 992 5152 εἰρήνῃ
1034 5077 1130 5130 καὶ
1160 5077 1381 5146 ὁμονοίᾳ
1424 5075 1780 5144 διατήρησον·
1812 5074 1881 5127 τά

302 5170 480 5238 νήπια
531 5167 824 5238 ἔκθρεψον·
885 5168 984 5238 τὴν
1032 5165 1258 5234 νεότητα
1316 5163 1763 5230 παιδαγώγησον·
1819 5163 1879 5216 τὸ

301 5262 486 5330 γῆρας
527 5261 930 5332 περικράτησον
952 5275 966 5288 ·
997 5257 1120 5319 τοὺς
1149 5255 1503 5324 ὀλιγοψύχους
1542 5253 1876 5324 παραμύίέη-

303 5369 432 5404 σαι·
473 5353 598 5414 τοὺς
649 5350 1112 5422 ἐσκορπισμένους
1159 5348 1561 5414 ἐπισυνάγαγε·
1604 5348 1728 5408 τοὺς
1777 5363 1873 5398 πε-

303 5445 683 5514 πλανημένους
722 5443 1055 5509 ἐπανάγλγε,
1097 5441 1192 5493 καὶ
1239 5438 1472 5506 σύναψον
1504 5441 1568 5508 τῇ
1606 5438 1737 5508 ἁγία
1779 5453 1871 5490 σου

301 5535 564 5606 καθολικῇ
583 5535 675 5588 καὶ
697 5533 1023 5604 άποστολικῇ
1040 5529 1355 5601 Ἐκκλησίᾳ·
1374 5531 1499 5592 τοὺς
1515 5529 1874 5599 ὀχλουμένους

380 5741 455 5808 (ὃ)
497 5737 630 5804 Quae
663 5747 970 5808 sequuntur
997 5745 1214 5808 exstant
1255 5735 1406 5808 itrS.
1443 5734 1625 5808 Basilii
1662 5733 1880 5808 liturgia

299 5805 550 5881 Syriaca,
589 5805 757 5881 quani
793 5818 942 5864 tonio
983 5808 1024 5862 ll
1074 5807 1294 5862 exhibet
1327 5805 1626 5860 lienaudot.
1665 5805 1860 5860 Omnia

2067 4703 2356 4768 Memento,
2437 4705 2683 4766 Domine,
2760 4707 3174 4764 circumstantis
3233 4711 3440 4780 populi,
3509 4725 3560 4767 ct

1984 4809 2171 4848 eorum
2202 4795 2295 4863 qui
2323 4795 2392 4850 ob
2429 4797 2697 4864 legitimas
2718 4813 2896 4852 causae
2939 4799 3158 4866 absunt,
3196 4810 3250 4854 et
3301 4801 3562 4857 miserere

1985 4901 2174 4940 eorum
2199 4895 2252 4939 et
2289 4887 2458 4942 nostri
2487 4903 2584 4957 pro
2617 4889 2966 4944 multitudine
2995 4892 3388 4946 misericordia:
3415 4903 3518 4949 tua:
3543 4913 3556 4946 :

1982 4978 2202 5032 cellaria
2235 4993 2424 5033 eorum
2457 4981 2606 5034 omni
2631 4983 2774 5036 bono
2803 4983 2972 5050 reple;
3004 4984 3256 5053 coniugia
3290 4999 3480 5040 eorum
3506 4987 3558 5039 in

1983 5087 2113 5140 pace
2139 5083 2192 5126 et
2221 5074 2512 5126 concordia
2537 5089 2832 5138 conserva;
2863 5077 3120 5142 parvulus
3145 5078 3311 5142 nutri,
3332 5077 3558 5146 juvenes

1979 5165 2172 5224 ednca.
2196 5179 2353 5217 senes
2377 5164 2592 5226 robora,
2625 5167 2808 5218 animo
2828 5165 3070 5234 dejeetos
3105 5169 3406 5232 consolare,
3441 5170 3554 5224 dis-

1979 5270 2164 5323 persos
2187 5255 2402 5324 collige,
2427 5253 2744 5310 oberrantes
2769 5257 2958 5322 reduc,
2993 5269 3045 5312 et
3101 5273 3224 5312 cum
3257 5271 3441 5312 sancta
3468 5272 3554 5314 tua

1979 5346 2245 5399 catholica
2273 5357 2324 5398 et
2345 5349 2640 5416 apostolica
2665 5347 2908 5403 Ecclesia
2956 5351 3246 5420 conjunge;
3273 5363 3498 5407 vexatos
3527 5369 3554 5406 ο

1983 5439 2268 5508 spiritibus
2293 5439 2588 5493 immundis
2615 5440 2806 5507 libera;
2838 5457 2960 5495 cum
3002 5444 3384 5514 navigantibus
3405 5449 3536 5500 navi-

1983 5547 2068 5602 ga,
2100 5532 2202 5585 iter
2233 5531 2546 5587 facientium
2581 5547 2768 5589 comes
2807 5543 2950 5600 esto,
2981 5537 3160 5592 viduis
3187 5540 3552 5608 patrocinare,

1991 5735 2152 5788 etiam
2182 5753 2302 5804 qua:
2335 5738 2399 5791 ad
2433 5738 2734 5806 proximam
2759 5755 2932 5806 us'luc
2957 5742 3204 5795 lacunam
3235 5755 3550 5806 cernuntur.

1971 5805 2136 5862 habes
2170 5808 2222 5862 in
2251 5805 2459 5878 vulgari
2495 5809 2680 5864 Graeca
2712 5809 2748 5863 S
2807 5805 2988 5866 Basilii
3027 5813 3269 5884 liturgiu.
3545 5811 3548 5814 ’
