4032 6440
478 320 616 393 12-;5
1246 328 1637 390 OPUSCULA
1678 324 2107 387 LITURGICA
2145 325 2496 384 lNCEllT/E
2536 327 2847 387 IETATIS.
3614 336 3747 402 1296

481 450 764 515 orphanes
799 456 1046 517 protege,
1076 447 1321 514 captivos
1350 448 1576 512 redime,
1634 454 1876 515 aegrotos
1908 461 2072 501 sana:

2185 448 2289 501 ὑπὸ
2363 445 2694 517 πνευμάτων
2768 446 3097 517 ἀκαθάρτων
3172 448 3570 520 ἐλευθέρωσον’
3642 457 3749 516 τοῖς

475 541 566 606 qui
601 539 655 591 in
694 537 1030 601 carceribus,
1066 535 1287 602 fodinis,
1311 537 1545 602 cxsnliis,
1568 535 1763 590 acerba
1793 535 2072 596 servitute.

2181 539 2401 591 πλέουσι
2448 539 2831 608 σύμπλευσον·
2879 541 2993 602 τοῖς
3024 539 3365 612 ὁδοιποροῦσι
3412 543 3747 599 συνὸδευσον·

476 632 695 686 ctomni
726 630 1041 693 alﬁictione,
1064 628 1394 684 necessitate
1421 639 1476 684 et
1498 629 1745 699 periculo
1765 634 2072 688 versantur,

2181 632 2365 702 χηρῶν
2408 629 2711 702 πρόστηθιο
2743 631 2994 701 ὀρφανῶν
3034 631 3445 702 ὐπεράσπισον·
3480 635 3756 706 αἰχμαλώ-

476 739 666 778 eorum
716 722 1038 784 recordare,
1092 721 1258 784 Deus,
1316 730 1372 777 et
1408 721 1655 776 omnium
1708 720 1806 791 qui
1837 718 2072 774 maxima

2181 737 2305 784 τους
2330 721 2524 792 ῥῦσαι·
2553 721 2844 785 νοσοῦντας
2874 722 3025 776 ίασαι
3043 738 3058 754 ο
3087 724 3197 777 τῶν
3224 727 3282 778 ὲν
3308 726 3595 796 οίκήμασι,
3623 745 3751 797 μετ-

482 829 573 877 ιιιιι
605 823 765 883 egent
792 813 1296 878 commiseratione,
1346 822 1400 868 et
1423 813 1518 883 qui
1555 828 1656 868 nos
1710 812 1963 881 diligunt,
1994 806 2072 860 vel

2183 813 2386 878 ἀλλοις,
2433 812 2691 882 ἐξορίαις,
2755 817 2979 885 πικραῖς
3016 815 3302 883 δουλείαις,
3337 818 3432 871 καὶ
3464 818 3614 889 πάσῃ
3639 818 3753 871 θλί-

478 908 605 962 odio
647 906 871 973 habent,
932 906 1025 976 qui
1073 907 1369 962 voluerunt
1433 920 1537 961 nos
1596 918 1787 975 preces
1858 899 2072 957 fundere

2182 907 2296 974 ψει,
2324 907 2417 958 καὶ
2445 908 2680 977 ἀνάγκῃ,
2705 907 2799 960 καὶ
2820 909 3139 978 περιστάσει
3163 908 3332 962 ὄντων
3361 910 3753 980 μνημόνευσον.

478 1016 575 1068 pro
605 1000 831 1070 ipsis,ct
863 1000 1012 1054 enini
1048 999 1250 1068 populo
1288 1009 1402 1053 tuo.
1481 1038 1495 1053 .
1577 1038 1590 1051 .
1673 1037 1686 1050 .
1768 1038 1783 1053 .
1858 1033 1873 1048 .
1947 1031 1964 1047 .

475 1094 697 1147 Christe
752 1092 899 1147 Deus
965 1101 1177 1155 noster,
1224 1100 1278 1146 et
1310 1091 1406 1145 tibi
1478 1089 1707 1161 gloriam
1763 1088 2068 1151 oﬁ'erimus,

476 1201 601 1241 cum
653 1194 857 1240 aeterno
906 1192 1001 1237 tuo
1032 1183 1194 1238 Patre
1227 1192 1280 1238 et
1328 1182 1702 1248 sanctissimo,
1749 1180 1977 1251 optimo,
2016 1188 2071 1233 ct

476 1278 693 1332 viviﬁeo
747 1288 839 1332 tuo
883 1275 1112 1346 Spiritu,
1170 1291 1318 1332 nunc
1347 1284 1401 1331 et
1456 1289 1670 1344 semper
1704 1274 1833 1329 etin
1872 1272 2070 1329 smcula

478 1372 826 1427 smculorum.

2178 999 2206 1050 6
2238 998 2393 1064 Θεὸς,
2432 998 2525 1051 καὶ
2550 999 2768 1052 πάντων
2800 998 2910 1051 τῶν
2949 999 3217 1069 δεομένων
3245 1001 3343 1070 τῆς
3383 1000 3628 1071 μεγάλης
3663 1019 3753 1053 σου

2174 1090 2602 1160 εὐσπλαγχνίας,
2652 1090 2885 1146 καὶτῶν
2917 1092 3258 1160 ἀγαπώντων
3301 1094 3468 1164 ἡμᾶς,
3522 1094 3755 1147 καὶτῶν

2178 1183 2504 1255 μισούντων,
2581 1186 2678 1238 καὶ
2722 1184 2830 1237 τῶν
2876 1186 3269 1257 ἐντειλαμένων
3315 1186 3567 1257 εὔχεσθαι
3611 1187 3756 1257 ὑπὲρ

2175 1274 2379 1339 αὐτῶν,
2426 1276 2520 1328 καὶ
2552 1275 2755 1339 παντὸς
2779 1276 2873 1329 τοῦ
2902 1276 3030 1331 λαοῦ
3060 1296 3174 1331 σου.
3212 1318 3227 1332 .
3266 1317 3280 1332 .
3316 1317 3333 1333 .
3364 1319 3379 1333 .
3414 1319 3429 1333 .
3468 1319 3483 1333 .
3516 1318 3531 1332 .
3570 1315 3585 1331 .
3632 1318 3647 1333 .
3686 1318 3701 1332 .
3739 1318 3753 1332 .

2176 1368 2381 1439 Χριστὲ
2428 1368 2456 1419 6
2500 1368 2632 1431 Θεὸς
2662 1370 2842 1438 ἡμῶν,
2873 1369 2967 1423 καὶ
3004 1370 3091 1423 σοὶ
3121 1371 3219 1442 τὴν
3243 1370 3402 1435 δόξαν
3433 1371 3757 1442 ἀναπέμπα-

480 1481 579 1531 μεν
612 1465 708 1517 σὺν
743 1462 818 1533 τῷ
851 1462 1073 1531 ἀνάρχῳ
1099 1478 1192 1514 σου
1222 1461 1419 1532 Πατρὶ,
1458 1462 1551 1513 καὶ
1577 1456 1653 1529 τῷ
1679 1459 1940 1530 Παναγίῳ
2000 1463 2091 1516 καὶ
2126 1460 2315 1533 ἀγαθῷ
2362 1461 2458 1516 καὶ
2502 1461 2753 1533 ζωοποιῷ
2805 1480 2901 1517 σου
2959 1464 3259 1536 Πνεύματι,
3290 1465 3383 1521 νῦν
3411 1467 3506 1521 καὶ
3538 1466 3629 1521 ἀεὶ
3662 1463 3759 1519 καὶ

480 1560 560 1622 εἰς
586 1557 713 1620 τοὺς
741 1555 941 1618 αἰῶνας
969 1553 1078 1607 τῶν
1103 1552 1337 1607 αἰώνων.

545 1655 933 1724 (ἑοιιιριθίιιηιιε
981 1651 1288 1707 orationem
1377 1657 1620 1703 nostram
1684 1649 1917 1703 Domino
1970 1666 2070 1721 pro

2251 1652 2643 1723 Πληρώσωμεν
2683 1649 2782 1720 τὴν
2826 1651 3009 1721 δέησιν
3050 1651 3210 1721 ἡμῶν
3261 1650 3337 1721 τῷ
3386 1652 3573 1721 Κυρίῳ
3617 1652 3757 1718 ὑπὲρ

478 1747 635 1802 hisce
661 1744 959 1816 propositis
1021 1740 1346 1796 venerandis
1395 1738 1576 1805 donis,
1629 1753 1728 1808 pro
1788 1741 1903 1795 zede
1972 1743 2072 1797 hac

2181 1744 2287 1797 τῶν
2335 1743 2713 1814 προτεθέντων
2758 1742 2957 1811 τιμίων
3005 1742 3215 1812 δώρων,
3268 1743 3410 1812 ὑπὲρ
3460 1745 3554 1796 τοῦ
3597 1745 3756 1811 ἁγίου

480 1856 660 1906 sacra,
701 1846 752 1895 et
780 1839 848 1892 iis
873 1838 1117 1908 quicum
1160 1835 1288 1900 ﬁde,
1335 1833 1537 1904 pietate
1620 1840 1672 1886 et
1715 1835 1908 1891 timore
1950 1851 2070 1891 eam

480 1935 889 2004 ingrediuntur.

552 2026 622 2082 Ut
646 2027 839 2082 liberet
870 2038 971 2080 nos
1002 2023 1071 2078 ab
1101 2021 1251 2077 omni
1280 2020 1597 2086 aliiictione,
1636 2036 1716 2076 ira
1739 2031 1794 2078 et
1828 2023 2071 2078 necessi-

482 2129 613 2181 tate,
654 2116 947 2173 Dominum
978 2118 1355 2185 deprecemur.

488 2233 679 2288 Oratio
711 2229 995 2285 oblationis
1025 2235 1141 2308 post
1166 2224 1540 2290 depositionem
1583 2225 1843 2280 donorum
1869 2223 2075 2279 divino-

912 2315 1031 2353 rum
1087 2305 1143 2351 in
1198 2305 1385 2350 sancta
1434 2311 1638 2349 mensa.

555 2411 785 2467 Domine
813 2411 979 2473 Deus,
1013 2406 1104 2475 qui
1130 2419 1230 2460 nos
1265 2401 1577 2468 condidisti,
1637 2402 1690 2457 in
1720 2402 1860 2457 hanc
1904 2402 2069 2457 vitam

481 2504 778 2571 deduxisti,
802 2502 918 2557 vias
947 2499 1142 2556 salutis
1189 2497 1346 2551 nobis
1379 2495 1689 2561 ostendisti,
1746 2495 2070 2552 concessisti

477 2596 786 2654 caelestium
821 2592 1208 2663 mysteriorum
1230 2587 1614 2643 revelationent
1640 2596 1730 2653 ;tu
1760 2602 1840 2650 es,
1865 2587 1956 2657 qui
1976 2601 2075 2641 nos

482 2690 550 2745 ad
595 2690 702 2743 hoc
752 2684 1125 2741 ministerium
1165 2678 1457 2735 constituis
1494 2680 1545 2732 in
1590 2679 1791 2734 virtute
1839 2677 2075 2749 Spiritus

483 2784 560 2837 tui
599 2779 799 2836 sancti.
822 2777 1039 2833 Placeat
1070 2774 1189 2839 tibi,
1221 2772 1474 2839 Domine,
1526 2780 1587 2825 ut
1615 2770 1791 2826 simus
1847 2786 1944 2825 nos
1972 2772 2076 2825 mir

485 2874 647 2930 nistri
716 2871 795 2925 tui
844 2869 974 2924 novi
1023 2866 1356 2932 testamenti,
1412 2862 1888 2919 administratores
1950 2852 2074 2917 san-

481 2975 696 3020 ctorum
726 2970 944 3015 tuorum
977 2957 1388 3028 mysteriorum.
1426 2954 1629 3023 Recipe
1654 2968 1755 3008 nos
1820 2952 1886 3006 ad
1946 2968 2076 3006 san-

486 3065 637 3109 ctum
674 3063 827 3107 tuum
863 3051 1034 3104 altare
1063 3049 1413 3110 accedentes,
1446 3061 1545 3117 pro
1570 3044 1921 3101 multitudine
1967 3044 2070 3098 mi-

2177 1835 2326 1888 οίκου
2352 1835 2565 1901 τούτου,
2596 1834 2691 1889 καὶ
2723 1833 2833 1887 τῶν
2862 1833 2999 1903 μετά
3032 1835 3288 1898 πίστεως,
3318 1834 3630 1900 εὐλαϐείας,
3664 1836 3759 1889 καὶ

2177 1927 2344 1998 φόϐου
2375 1928 2672 1981 εἰσιόντων.

2266 2018 2439 2088 ’Υπὲρ
2487 2019 2581 2071 τοῦ
2629 2019 2893 2091 ῥυσθῆναι
2937 2019 3089 2090 ἡμᾶς
3133 2020 3241 2073 ἀπὸ
3290 2021 3470 2091 πάσης
3498 2019 3756 2091 θλίψεως,

2174 2110 2348 2181 ὀργῆς
2381 2111 2476 2164 καὶ
2508 2112 2779 2181 ἀνάγκης,
2805 2110 2900 2166 τοῦ
2930 2113 3136 2183 Κυρίου
3166 2113 3467 2185 δεηθῶμεν.

2176 2223 2347 2292 Εὺχὴ
2373 2222 2790 2303 προσκομιδῆς
2814 2222 2965 2303 μεςᾲ
2999 2223 3116 2291 τὴν
3135 2223 3317 2303 ’ἐνῃζῇ
3340 2227 3476 2295 ἁγίᾳ
3500 2228 3759 2303 τραπέζῃ

2498 2293 2618 2346 τῶν
2655 2293 2829 2347 θείων
2873 2293 3078 2361 δώρων
3115 2293 3434 2353 ἀπόθεσιν.

2248 2404 2426 2474 Κύριε
2458 2402 2536 2474 (4)
2575 2401 2603 2453 6
2631 2402 2785 2471 Θεὸς,
2832 2406 2860 2457 6
2886 2404 3079 2468 κτίσας
3106 2407 3255 2477 ἡμᾶς
3293 2408 3389 2461 καὶ
3419 2410 3647 2479 ἀγαγὼν
3681 2412 3761 2475 είς

2175 2497 2277 2567 τὴν
2316 2496 2463 2568 ζωὴν
2491 2498 2719 2567 ταύτην,
2748 2498 2777 2551 6
2819 2497 3104 2564 ὑποδείξας
3134 2502 3266 2571 ἡμῖν
3291 2502 3444 2566 ὀδοὺς
3468 2505 3551 2568 είς
3582 2522 3761 2574 σωτη-

2180 2590 2325 2660 ρίαν,
2350 2588 2380 2641 6
2407 2589 2779 2659 χαρισάμενος
2810 2590 2944 2660 ἡμῖν
2972 2590 3236 2662 οὐρανίων
3266 2593 3586 2663 μυστηρίων
3629 2596 3762 2649 ἁπο-

2179 2680 2442 2751 κάλυψινο
2486 2682 2550 2735 σὺ
2598 2674 2651 2733 εί
2696 2682 2725 2733 6
2776 2680 3002 2751 θέμενος
3043 2682 3190 2752 ἡμᾶς
3235 2685 3316 2749 είς
3352 2685 3449 2754 τὴν
3477 2686 3759 2741 διακονίαν

2177 2772 2403 2844 ταύτην,
2453 2775 2511 2826 ἐν
2552 2774 2617 2843 τῇ
2665 2772 2890 2843 δυνάμει
2930 2772 3022 2826 τοῦ
3069 2775 3385 2845 Πνεύματός
3430 2795 3526 2831 σου
3579 2780 3756 2848 ἁγίου.

2179 2864 2483 2934 Εὐδόκησον
2507 2864 2594 2937 δὴ,
2632 2865 2826 2934 Κύριε,
2872 2864 2966 2919 τοῦ
2992 2867 3245 2935 γενέσθαι
3290 2871 3438 2941 ἡμᾶς
3477 2872 3758 2938 διακόνους

2176 2958 2279 3027 τῆς
2320 2958 2531 3029 Καινῆς
2579 2974 2673 3010 σου
2709 2957 3006 3029 Διαθήκης,
3061 2960 3407 3033 λειτουργοὺς
3450 2965 3562 3019 τῶν
3590 2967 3758 3035 ἁγίων

2180 3068 2274 3104 σου
2318 3051 2655 3121 μυστηρίων.
2686 3051 2986 3120 Πρόσδεξαι
3012 3055 3158 3125 ἡμᾶς
3191 3057 3656 3127 προσεγγίζοντας
3686 3060 3759 3131 τῷ

485 3144 801 3205 sericordize
838 3155 964 3209 tute,
1005 3154 1060 3197 ut
1091 3140 1240 3213 digni
1303 3138 1603 3194 eﬂiciamur
1635 3139 1700 3191 ad
1732 3137 2068 3192 oﬁerendum

2181 3145 2322 3216 ἁγίῳ
2365 3162 2457 3198 σου
2504 3146 2906 3218 θυσιαστηρίῳ,
2944 3150 3086 3203 κατὰ
3112 3150 3171 3202 τὸ
3203 3125 3420 3221 πλῆθος
3440 3153 3535 3207 τοῦ
3580 3125 3759 3217 ἐλέους

485 3243 584 3297 tibi
656 3236 923 3295 rationale
973 3236 1076 3289 hoc
1125 3242 1179 3288 et
1210 3233 1561 3286 incruentum
1594 3229 1925 3285 saeriﬁciuin
1982 3243 2079 3296 pro

486 3332 693 3388 nostris
720 3326 959 3400 peccatis
990 3336 1043 3381 et
1100 3324 1267 3379 totius
1313 3321 1495 3392 populi
1555 3320 1901 3391 ignorantiis,
1934 3317 2080 3389 quod

483 3426 794 3496 suscipiens
853 3422 905 3476 in
955 3428 1146 3475 sancto
1178 3427 1231 3472 et
1285 3416 1665 3487 supracoelcsti
1716 3424 1770 3469 et
1806 3413 2075 3483 spirituali

480 3522 639 3574 altari
692 3516 865 3573 tuoin
911 3514 1131 3569 odorem
1207 3511 1517 3573 suavitatis,
1566 3509 1684 3579 ejus
1746 3510 1864 3563 loco
1926 3507 2079 3560 mitte

482 3612 638 3666 nobis
676 3608 903 3680 gratiam
959 3607 1132 3660 sancti
1162 3603 1239 3657 tui
1296 3600 1551 3670 Spiritus.
1590 3598 1819 3668 Respice
1872 3598 1923 3651 in
1958 3614 2076 3659 nos,

482 3706 645 3762 Deus.
674 3711 726 3755 ct
756 3698 941 3768 aspice
975 3697 1026 3750 in
1076 3695 1221 3753 hunc
1270 3694 1478 3747 cultum
1540 3701 1817 3754 nostrum,
1851 3700 1903 3745 et
1951 3706 2077 3746 sus-

481 3798 599 3861 cipe
629 3794 778 3847 illum
813 3792 959 3845 sicut
989 3786 1243 3856 recepisti
1277 3784 1411 3838 Abel
1441 3798 1689 3848 munera,
1721 3781 1832 3837 Noe
1862 3784 2075 3836 sacriﬁ-

481 3891 590 3950 cia,
630 3883 904 3938 Abraham
952 3881 1294 3944 holocausta,
1349 3876 1515 3932 Mosis
1554 3884 1608 3931 et
1660 3878 1841 3930 Aaron
1896 3890 2075 3943 sacra,

484 3978 707 4034 Samuel
765 3974 1027 4045 paciﬁca;
1091 3972 1233 4025 sicut
1292 3970 1545 4038 recepisti
1599 3985 1629 4023 a
1691 3970 1899 4025 sanctis
1970 3973 2077 4025 tuis

482 4070 742 4142 apostolis
763 4082 948 4123 verum
968 4065 1116 4118 hunc
1138 4063 1369 4125 cultum,
1403 4063 1475 4116 ita
1510 4069 1563 4115 et
1592 4076 1657 4117 ex
1694 4063 1947 4117 manibus
1973 4078 2075 4118 no-

481 4168 630 4229 stris,
661 4160 915 4233 quamvis
935 4166 1310 4228 peccatorum,
1343 4156 1559 4223 suscipe
1582 4154 1723 4207 dona
1758 4153 1871 4208 haec
1900 4156 1954 4208 in
1982 4166 2072 4209 tua

484 4257 843 4325 benignitate,
878 4250 1128 4315 Domine,
1174 4258 1235 4303 ut
1267 4248 1414 4317 digiti
1449 4247 1613 4300 habiti
1665 4247 1758 4316 qui
1792 4247 2073 4303 ministre-

484 4365 606 4402 mus
639 4348 756 4400 sine
786 4344 991 4397 oll‘ensa
1020 4341 1085 4396 ad
1128 4347 1379 4395 sanctum
1438 4338 1606 4391 altare
1637 4346 1786 4391 tuum
1831 4336 2070 4390 invenia-

2184 3252 2298 3301 σου,
2346 3236 2432 3288 ἵνα
2478 3236 2767 3307 γενώμεθα
2819 3236 2959 3302 ἄξιοι
3002 3238 3098 3292 τοῦ
3148 3243 3483 3314 προσφέρειν
3531 3263 3614 3299 σοι
3662 3248 3757 3318 τὴν

2182 3327 2407 3398 λογικὴν
2456 3330 2662 3400 ταύτην
2704 3332 2799 3385 καὶ
2845 3332 3181 3403 ἀναίμακτον
3229 3336 3419 3390 θυσίαν
3461 3337 3605 3410 ὑπὲρ
3651 3340 3757 3393 τῶν

2181 3422 2468 3492 ἡμετέρων
2500 3422 2937 3493 ἁμαρτημάτων,
2972 3425 3068 3479 καὶ
3105 3428 3213 3482 τῶν
3252 3429 3345 3483 τοῦ
3389 3430 3524 3485 λαοῦ
3563 3435 3760 3505 ἀγνοη-

2184 3515 2391 3582 μάτων,
2413 3517 2479 3587 ἣν
2504 3515 2939 3586 προσδεξάμενος
2959 3520 3037 3582 είς
3062 3521 3122 3572 τὸ
3142 3522 3295 3589 ἅγιον
3323 3525 3416 3576 καί⁵
3445 3525 3755 3599 ὑπερουρά-

2182 3622 2293 3658 νιον
2321 3606 2414 3659 καὶ
2443 3608 2629 3678 νοερόν
2654 3626 2745 3663 σου
2780 3611 3160 3682 θυσιαστήριον
3192 3616 3269 3678 είς
3293 3615 3470 3687 ὀσμὴν
3508 3620 3756 3687 εὐωδίας,

2180 3699 2663 3771 ἀντικατάπεμψον
2690 3703 2823 3773 ἡμῖν
2849 3704 2948 3775 τὴν
2969 3706 3128 3777 χάριν
3154 3708 3246 3761 τοῦ
3277 3712 3433 3777 ἁγίου
3464 3729 3559 3765 σου
3589 3714 3755 3767 Πνεύ-

2182 3806 2371 3860 ματος.
2435 3791 2757 3861 Ἐπίϐλεψον
2784 3796 2870 3863 ἐφ’
2914 3795 3081 3865 ἡμᾶς,
3112 3799 3140 3850 6
3177 3797 3326 3864 Θεὸς,
3362 3801 3453 3854 καὶ
3486 3803 3638 3857 ἔπιδε
3667 3805 3756 3857 ἐπὶ

2177 3885 2278 3951 τὴν
2310 3884 2564 3955 λατρείαν
2609 3886 2764 3956 ήμῶν
2812 3888 3035 3960 ταύτην,
3074 3890 3169 3943 καὶ
3214 3892 3507 3962 πρόσδεξαι
3564 3896 3751 3968 αὐτὴν,

2177 3975 2252 4037 ώς
2307 3977 2615 4045 προσεδέξω
2677 3979 2842 4032 ’Ἅϐελ
2898 3981 2967 4034 τὰ
3022 3982 3193 4054 δῶρα,
3228 3984 3351 4038 Νῶε
3393 3988 3493 4050 τὰς
3542 3988 3746 4053 θυσίας,

2190 4066 2442 4139 Ἀϐραὰμ
2490 4070 2590 4133 τὰς
2635 4069 3073 4143 ὁλοκαρπώσεις,
3122 4076 3366 4141 Μωσέως
3414 4080 3508 4132 καὶ
3549 4079 3751 4152 Ἀαρὼν

2174 4161 2274 4223 τὰς
2319 4161 2639 4232 ἱερωσύνας,
2689 4163 2943 4235 Σαμουὴλ
2986 4166 3085 4229 τὰς
3111 4168 3427 4238 εἰρηνικάς·
3458 4171 3534 4234 ὡς
3582 4189 3747 4244 προσ-

2174 4252 2339 4316 εδέξω
2387 4256 2452 4305 ὲκ
2501 4254 2610 4307 τῶν
2642 4255 2815 4323 ἁγίων
2850 4274 2943 4310 σου
2984 4259 3300 4313 ἀποστόλων
3352 4263 3450 4333 τὴν
3491 4264 3746 4336 ἀληθινὴν

2173 4344 2380 4413 ταύτην
2427 4345 2703 4415 λατρείαν,
2748 4346 2892 4401 οὕτω
2943 4349 3037 4402 καὶ¹
3082 4350 3145 4402 ἐκ
3199 4351 3307 4403 τῶν
3355 4352 3554 4423 χειρῶν
3600 4354 3748 4426 ἡμῶν

485 4458 607 4495 mus
649 4436 956 4493 mercedem
1012 4434 1251 4489 ﬁdelium
1305 4432 1766 4502 prudentiumquc
1827 4430 2066 4483 admini-

2181 4434 2281 4487 τῶν
2316 4436 2660 4505 ἁμαρτωλῶν
2715 4439 3007 4509 πρόσδεξαι
3041 4440 3109 4493 τὰ
3152 4441 3299 4511 δῶρα
3348 4443 3524 4496 ταῦτα
3570 4446 3629 4498 ἐν
3682 4449 3743 4515 τῇ

483 4539 781 4587 strator-um
836 4528 890 4582 in
943 4526 1035 4581 die
1114 4524 1393 4579 tremenda
1451 4523 1617 4592 justae
1687 4522 2069 4577 retributionis

480 4634 607 4678 ιιιςιι,

2176 4527 2505 4597 χρηστότητί
2539 4545 2656 4594 σου,
2692 4530 2887 4598 Κύριε,
2929 4531 3014 4583 ἵνα
3045 4532 3472 4598 καταξιωθέντες
3512 4535 3749 4608 λειτουρ-

2178 4620 2295 4685 γεῖν
2321 4620 2628 4690 ἀμέμπτως
2669 4621 2747 4691 τῷ
2770 4622 2913 4693 ἁγίῳ
2949 4638 3043 4676 σου
3074 4623 3462 4697 θυσιαστηρίῳ,
3504 4628 3748 4698 εὕρωμεν

482 4720 577 4768 τὸν
616 4714 807 4784 μισθὸν
841 4713 949 4764 τῶν
996 4708 1209 4763 πιστῶν
1266 4706 1363 4761 καὶ
1405 4707 1688 4776 φρονίμων
1725 4708 2026 4777 οἰκονόμων
2069 4710 2126 4761 ἐν
2184 4712 2249 4781 τῇ
2294 4712 2480 4783 ἡμέρᾳ
2519 4715 2584 4783 τῇ
2652 4716 2860 4785 φοϐερᾷ
2902 4717 3001 4787 τῆς
3047 4717 3457 4783 ἀνταποδόσεώς
3514 4738 3608 4774 σου
3654 4721 3747 4791 τῆς

480 4811 718 4872 δικαίας.

551 4904 711 4968 .luva,
745 4917 921 4968 serva,
960 4900 1218 4953 miserere
1244 4905 1297 4951 et
1320 4895 1534 4950 custodi
1568 4910 1686 4960 nos,
1719 4892 1886 4949 Deus.

557 5093 707 5146 Diem
768 5103 987 5145 omnem
1043 5084 1367 5157 perfectum,
1426 5092 1702 5146 sanctum,
1752 5083 2065 5153 paciﬁcum,

482 5196 535 5241 et
560 5183 795 5254 peccatis
822 5188 1099 5237 carentem
1124 5195 1153 5232 a
1188 5177 1417 5231 Domino
1442 5191 1828 5245 exposcamus.

552 5278 816 5349 Angelum
863 5277 1032 5346 pacis,
1091 5273 1329 5336 lidelem,
1374 5271 1595 5338 ducem,
1634 5270 1918 5327 custodem
1946 5271 2066 5325 ani-

479 5388 691 5427 ιιιιιιύιιι
724 5380 1034 5425 nostrarum
1061 5377 1225 5436 atque
1253 5381 1566 5435 θοι-ροτυιη.

552 5464 793 5520 llonesla
816 5470 870 5517 ct
902 5476 1026 5531 qua:
1066 5458 1386 5513 conducunt
1416 5457 1710 5511 animabus
1746 5458 1973 5524 nostris,
2011 5468 2064 5511 et

551 5646 627 5713 (ιί)
660 5644 718 5697 ιιι
761 5643 983 5713 liturgia
1018 5640 1077 5695 S.
1128 5638 1315 5695 Basilii
1339 5636 1720 5713 Alexandrina
1764 5637 1905 5713 apud
1955 5634 2065 5692 Re-

487 5708 719 5781 na'ut'tot,
755 5714 807 5767 in
856 5708 1129 5783 plerisque
1162 5711 1493 5765 conveniens
1537 5709 1663 5763 huic
1708 5708 1906 5777 legitur
1939 5722 2068 5763 ora-

481 5792 576 5835 ιιυ.

2258 4899 2571 4953 Ἀντιλαϐοὖ
2602 4904 2701 4973 (5),
2768 4905 2961 4969 σῶσον,
3029 4906 3253 4977 ἐλέησον
3296 4909 3386 4961 καὶ
3433 4909 3747 4980 διαφύλαξον

2177 4994 2340 5064 ἡμᾶς,
2377 4998 2405 5047 ὁ
2433 4995 2587 5059 Θεός.

2248 5087 2359 5157 Τὴν
2387 5088 2601 5159 ἡμέραν
2634 5093 2817 5143 πᾶσαν
2846 5090 3080 5157 τελείαν,
3119 5094 3279 5161 ἁγίαν
3298 5133 3313 5159 ,
3342 5098 3625 5168 εἰρηνικὴν
3660 5098 3742 5151 καὶ

2172 5179 2563 5251 ἀναμάρτητον
2585 5186 2737 5252 παρά
2769 5183 2847 5253 τῷ
2876 5185 3067 5256 Κυρίῳ
3097 5188 3471 5258 αἰτησώμεθα.

2250 5273 2521 5341 ’Ἄγγελον
2568 5275 2830 5345 εἰρήνης,
2879 5278 3099 5343 πιστὸν,
3130 5279 3342 5349 ὁδηγὸν,
3380 5282 3596 5349 φύλακα
3639 5283 3738 5333 τῶν

2170 5364 2359 5435 ψυχῶν
2392 5367 2486 5420 καὶ
2518 5366 2629 5421 τῶν
2661 5371 2931 5436 σωμάτων
2971 5373 3148 5442 μῶν.

2244 5460 2324 5514 Τὰ
2360 5461 2500 5514 καλὰ
2530 5464 2619 5515 καὶ
2654 5462 3005 5533 συμφέροντα
3038 5466 3155 5528 ταῖς
3196 5465 3393 5536 ψυχαῖς
3434 5466 3626 5536 ἡμῶν,
3653 5469 3737 5519 καὶ

2213 5711 2222 5720 _
2248 5638 2323 5711 (5)
2359 5638 2665 5720 Sequentes
2689 5641 2754 5696 i5
2776 5656 2968 5698 versus
2992 5642 3190 5720 saepius
3207 5653 3503 5701 occurrunt
3528 5645 3732 5700 inlituro

2176 5713 2259 5781 gia
2294 5725 2416 5779 quae
2447 5714 2504 5767 δ.
2532 5713 2927 5785 Chrysostomo
2953 5715 3264 5771 ascribitur.
