4032 6422
283 470 417 537 1297

1432 487 1495 548 S.
1535 487 1822 550 BASILII
1862 488 2258 551 LITURGIA.

3388 494 3530 562 19.98

281 591 501 660 εἰρήνην
538 591 615 661 τῷ
664 595 851 664 κόσμῳ
896 593 1158 667 δὼρησαι,
1212 598 1363 668 παρὶ
1410 600 1503 654 τὸν
1549 601 1839 655 ὑπόλοιπον

1955 617 2128 669 pacem
2163 604 2366 658 mundo
2387 604 2601 671 donari,
2625 613 2684 660 ut
2719 607 2989 677 reliquum
3017 608 3142 663 vita
3167 616 3366 665 nostra:
3395 621 3529 666 tem-

280 681 466 750 χρόνον
495 681 592 752 τῆς
626 681 771 754 ζωῆς
799 683 955 753 ἡμῶν
985 687 1044 738 ὲν
1070 687 1261 762 εἰρήνῃ
1282 689 1375 742 καὶ
1402 691 1662 762 μετανοίᾳ
1687 693 1846 746 ὲκτε-

280 772 450 824 λέσαι.

346 864 651 934 Χριστιανὰ
697 865 766 919 τὰ
814 867 941 940 τέλη
999 869 1099 940 τῆς
1149 871 1295 940 ζωῆς
1345 873 1532 941 ἡμῶν,
1567 871 1844 942 ἀνώδυνα,

280 954 684 1025 ἁνεπαίσχυντα
705 995 719 1021 ,
754 957 1040 1028 εἰρηνικὰ,
1081 961 1176 1013 καὶ
1213 962 1383 1030 καλὴν
1423 963 1720 1032 ἀπολογίαν
1753 967 1847 1019 ἐπὶ

281 1044 514 1115 φοϐεροῦ
575 1045 820 1117 βήματος
875 1049 968 1104 τοῦ
1021 1052 1256 1121 Χριστοῦ
1307 1053 1680 1124 αἰτησώμεθα.
1735 1057 1847 1126 Τῆς

280 1135 571 1201 παναγίας,
621 1135 922 1205 ἀχράντου,
954 1138 1499 1210 ὑπερευλογουμένης
1543 1141 1848 1208 Δεσποίνης

280 1221 434 1292 ἡμῶν
463 1223 724 1278 Θεοτόκου
758 1227 853 1279 καὶ
892 1228 1279 1299 Ἀειπαρθένου
1309 1231 1548 1301 Μαρίας,
1579 1232 1676 1286 καὶ
1707 1232 1850 1288 πάν-

279 1329 388 1366 των
417 1313 523 1366 τῶν
557 1314 729 1382 ἁγίων
765 1318 1267 1388 μνημονεύσαντες,
1303 1321 1528 1384 ἑαυτοὺς
1551 1324 1649 1376 καὶ
1687 1325 1850 1396 άλλή-

279 1400 406 1464 λους
441 1403 536 1454 καί
576 1403 786 1467 πάντας
817 1405 904 1458 διὰ
933 1406 1041 1460 τῶν
1070 1409 1366 1478 οἰκτιρμῶν
1398 1409 1492 1464 τοῦ
1523 1414 1848 1482 μονογενοῦς

283 1508 377 1544 σου
402 1493 555 1559 Υίοῦ,
587 1494 705 1564 μεθ’
728 1489 789 1548 οὗ
812 1497 1105 1564 εὐλογητὸς
1133 1495 1203 1563 εί,
1237 1501 1332 1554 σὺν
1365 1499 1442 1569 τῷ
1475 1503 1726 1574 παναγίῳ
1755 1506 1849 1558 καὶ

279 1583 473 1654 ἀγαθῷ
512 1586 604 1638 καί
633 1585 882 1658 ζωοποιῷ
913 1605 1006 1641 σου
1037 1587 1334 1659 Πνεύματι,
1369 1591 1466 1646 νῦν
1499 1593 1593 1647 καὶ
1622 1596 1728 1660 ἀεὶ,
1755 1597 1851 1650 καὶ

277 1677 359 1737 εἰς
379 1677 504 1740 τοὺς
532 1679 734 1743 αἰῶνας
755 1679 861 1735 τῶν
883 1680 1115 1737 αἰώνων.

351 1768 554 1838 Εἰρήνη
611 1770 795 1824 πᾶσιν.
845 1772 1246 1846 Ἀγαπήσωμεν
1294 1777 1593 1849 ἀλλήλους,
1652 1779 1738 1834 ἵνα
1793 1779 1850 1832 ὲν

277 1859 504 1928 ὁμονοίᾳ
533 1861 982 1933 ὁμολογήσωμεν.

354 1951 465 2013 Τὰς
497 1951 688 2022 θύρας,
721 1954 821 2018 τὰς
847 1955 1037 2027 θύρας
1072 1959 1130 2012 ὲν
1162 1959 1324 2030 σοφίᾳ⁵
1355 1961 1703 2032 πρόσχωμεν.

350 2040 426 2112 (6)
456 2042 678 2114 Στῶμεν
712 2045 910 2108 καλῶς’
943 2047 1157 2117 στῶμεν
1189 2051 1326 2120 μετὰ
1352 2049 1549 2118 φόϐου⁹
1593 2052 1848 2122 πρόσχω-

275 2150 380 2202 μεν
415 2133 514 2205 τὴν
539 2134 700 2207 ἁγίαν
729 2137 1007 2208 ἁναφορὰν
1037 2143 1096 2194 ὲν
1125 2141 1319 2214 εἰρήνῃ
1346 2143 1704 2214 προσφέρειν.

875 2264 1266 2334 Ἐκφώνησιᾳ

359 2369 425 2423 Ἥ
446 2369 600 2441 χάρις
632 2369 725 2423 τοῦ
752 2372 958 2442 Κυρίου
983 2377 1016 2443 ή
1027 2373 1144 2444 μῶν
1182 2375 1358 2445 Ἰησοῦ
1383 2376 1646 2447 Χριστοῦ,
1692 2383 1786 2434 καὶ
1816 2385 1850 2452 ἡ

269 2460 470 2531 ἀγάπη
500 2460 594 2515 τοῦ
643 2462 778 2516 Θεοῦ
823 2463 918 2516 καλ⁵
948 2464 1183 2536 Πατρὸς,
1229 2467 1324 2519 καὶ
1379 2468 1412 2536 ἡ
1461 2470 1714 2525 κοινωνία
1752 2470 1850 2526 τοῦ

273 2556 438 2624 ἁγίου
474 2553 793 2626 Πνεύματος
824 2556 911 2626 εἴη
941 2558 1078 2627 μετὰ
1116 2558 1334 2614 πάντων
1361 2558 1516 2630 ὑμῶν

363 2645 713 2717 Ἀνὰσχωμεν
739 2646 838 2710 τὰς
867 2647 1114 2717 καρδίας.

387 2737 881 2809 Εὐχαριστήσωμεν
913 2738 990 2810 τῷ
1021 2739 1231 2811 Κυρίῳ.

744 2865 808 2918 ’0
840 2865 1030 2934 ἱερεὺς
1056 2867 1394 2937 ἐπεύχεται.

352 2994 432 3063 (7)
481 2993 538 3048 '0
563 2991 660 3057 ὢν,
696 2994 939 3048 Δέσποτα
974 2995 1069 3048 καὶ
1097 2994 1258 3058 Θεὸς,
1293 2997 1506 3068 Πατὴρ,
1543 3000 1854 3072 παντοκρά-

278 3102 400 3156 τορ,
439 3084 802 3154 προσκυνητέο
838 3085 987 3151 ἄξιον
1013 3085 1088 3150 ώς
1113 3087 1348 3158 ἀληθῶς,
1383 3090 1474 3142 καὶ
1500 3089 1727 3154 δίκαιον,
1760 3093 1854 3145 καὶ

279 3176 494 3250 πρέπον
516 3179 580 3248 τῇ
611 3176 1054 3248 μεγαλοπρεπείᾳ
1082 3178 1182 3248 τῆς
1214 3179 1526 3250 ἁγιωσύνης
1544 3197 1662 3247 σου,
1680 3181 1739 3234 σὲ
1765 3184 1852 3236 αἰ-

1949 707 2052 762 pus
2084 692 2137 746 in
2167 709 2299 763 pace
2321 702 2376 748 et
2403 695 2723 764 poenitentia
2751 697 3025 753 ﬁniamus.

2016 875 2392 932 Christianum
2441 876 2604 932 ﬁnem
2631 877 2754 931 vita:
2783 890 3005 942 nostraa,
3034 879 3242 935 doloris
3267 891 3321 935 et
3351 881 3527 950 turpi-

1949 968 2151 1023 tudinis
2183 978 2478 1038 expertem,
2513 979 2790 1038 pacatum,
2823 978 2876 1024 et
2906 970 3105 1025 bonam
3150 971 3523 1026 defensionem

1948 1069 2074 1114 ante
2107 1060 2341 1114 tribunal
2367 1061 2706 1116 tremendum
2737 1061 2936 1115 Christi
2971 1077 3277 1130 poscamus.

2021 1151 2414 1216 Sanctissimae,
2470 1152 2855 1216 immaculata,
2914 1153 3211 1208 benedicta:
3280 1155 3528 1209 Domina:

1948 1252 2149 1296 nostra:
2165 1240 2400 1310 Deiparze
2413 1251 2467 1295 et
2482 1257 2694 1310 semper
2725 1241 2959 1313 Virginis
2986 1243 3186 1304 Mariae,
3209 1251 3262 1297 et
3282 1246 3525 1298 omnium

1949 1341 2262 1388 sanctorum
2299 1333 2614 1388 memoriam
2647 1343 3014 1404 agentes,nos
3037 1335 3186 1404 ipsos
3216 1345 3270 1389 et
3293 1336 3524 1388 invicem

1949 1435 2002 1480 et
2031 1439 2220 1479 omnes
2241 1424 2737 1496 (commendamus)
2771 1442 2864 1495 per
2895 1426 3334 1480 misericordiam
3389 1424 3524 1479 Uni-

1949 1516 2114 1586 geniti
2175 1515 2296 1570 Filii
2329 1517 2428 1581 tui,
2464 1531 2699 1586 quocum
2744 1517 3059 1571 benedictus
3103 1531 3183 1578 es,
3217 1532 3340 1570 cum
3401 1532 3528 1570 san-

1950 1607 2218 1673 ctissimo,
2246 1608 2453 1677 optimo
2476 1616 2532 1662 et
2557 1606 2771 1662 viviﬁco
2797 1605 3026 1676 Spiritu,
3059 1622 3202 1661 nunc
3219 1617 3271 1662 et
3292 1622 3527 1676 semper,

1947 1707 2006 1754 et
2045 1699 2097 1751 in
2130 1698 2326 1752 saacula
2363 1697 2712 1751 saeculorum.

2023 1785 2132 1840 Pax
2164 1787 2439 1842 omnibus.
2467 1786 2768 1856 Diligamus
2803 1799 2904 1840 nos
2934 1783 3188 1850 invicem,
3212 1792 3273 1838 ut
3304 1784 3356 1838 in
3391 1798 3531 1837 una-

1953 1877 2199 1933 nimitate
2237 1879 2622 1933 conﬁteamur.

2023 1969 2211 2033 Fores,
2242 1969 2405 2024 l‘ores.
2439 1968 2658 2024 Attente
2689 1967 3000 2024 audiamus.

2025 2061 2242 2117 Stemus
2290 2062 2564 2128 decenter,
2613 2068 2823 2117 stemus
2857 2066 3174 2115 reverenter
3220 2076 3233 2113 :
3274 2056 3528 2113 attenda-

1952 2167 2072 2208 mus
2095 2163 2338 2210 sanctam
2363 2153 2698 2223 anaphoram
2735 2153 2788 2206 in
2822 2167 2954 2222 pace
2976 2150 3245 2222 proferre.

2588 2276 2719 2330 Alta
2749 2291 2892 2331 voce.

2021 2386 2206 2442 Gratia
2246 2387 2459 2443 Domini
2495 2388 2664 2442 nostri
2718 2386 2845 2442 Jesu
2879 2385 3110 2447 Christi,
3147 2383 3391 2440 cluat-itas
3429 2383 3521 2436 Dei

1951 2488 2001 2532 et
2035 2479 2233 2543 Patris,
2265 2487 2320 2534 et
2347 2480 2775 2536 communicatio
2802 2479 2973 2535 sancti
3005 2477 3245 2547 Spiritus
3287 2477 3360 2531 sit
3397 2490 3526 2530 cum

1951 2570 2209 2625 omnibus
2231 2572 2408 2629 vobis.

2024 2660 2254 2717 Sursum
2291 2663 2475 2718 corda.

2024 2751 2240 2810 Gratias
2275 2769 2502 2825 agamus
2523 2754 2778 2810 Domino.

2518 2877 2778 2935 Sacerdos
2819 2889 2960 2933 orat.

2026 3005 2108 3062 Tu
2138 3006 2231 3078 qui
2262 3023 2344 3075 es,
2386 3006 2619 3064 Domine
2653 3016 2708 3062 et
2751 3006 2914 3072 Deus,
2942 3006 3123 3071 Pater,
3155 3005 3522 3074 omnipotens,

1957 3099 2266 3166 adorande;
2297 3100 2522 3170 dignum
2573 3114 2719 3167 vere,
2749 3109 2802 3154 et
2831 3099 3038 3169 justum
3094 3107 3147 3153 et
3197 3103 3528 3157 conveniens

1957 3193 2228 3264 maiestati
2258 3193 2565 3253 sanctitatis
2591 3199 2718 3256 tuae,
2750 3199 2802 3247 te
2841 3193 3088 3260 laudare,
3122 3201 3174 3247 te
3224 3194 3529 3261 celebrare,

278 3271 427 3335 νεῖν,
465 3267 524 3323 σὲ
551 3269 761 3338 ὑμνεῖν,
793 3270 852 3323 σὲ
880 3271 1142 3338 εὐλογεῖν,
1175 3271 1234 3324 σὲ
1265 3275 1612 3342 προσκυνεῖν,
1645 3272 1704 3326 σὲ
1744 3275 1848 3327 εὕ-

1955 3297 2006 3344 te
2064 3286 2408 3352 benedicere,
2445 3292 2499 3341 te
2550 3285 2800 3349 adorare,
2841 3284 2936 3338 tibi
3003 3284 3207 3354 gratias
3266 3301 3450 3356 agere,
3477 3298 3531 3342 te

275 3359 560 3430 χαριστεῐν
582 3398 598 3424 ,
631 3358 691 3412 σὲ
735 3359 977 3424 δοξάζειν
1009 3360 1098 3413 τὸν
1134 3362 1294 3431 μόνον
1334 3359 1504 3425 ὅντως
1536 3361 1666 3417 ὄντα
1695 3363 1852 3429 Θεὸν,

277 3450 378 3503 καὶ
433 3449 516 3502 σοὶ
561 3450 893 3522 προσφέρειν
945 3451 1002 3503 ὲν
1040 3450 1236 3523 καρδίᾳ
1283 3451 1720 3523 συντετριμμένῃ
1759 3453 1853 3507 καὶ

277 3538 556 3608 πνεύματι
588 3539 970 3602 ταπεινώσεως
995 3539 1094 3610 τὴν
1115 3541 1342 3612 λογικὴν
1367 3541 1572 3610 ταύτην
1597 3540 1853 3611 λατρείαν

275 3628 460 3699 ήμῶνο
491 3629 573 3682 ὅτι
613 3630 678 3684 σὺ
711 3624 762 3682 εῐ
785 3632 814 3683 6
849 3630 1218 3700 χαρισάμενος
1262 3632 1394 3700 ἡμῖν
1424 3631 1524 3698 τὴν
1559 3631 1853 3700 ἐπίγνωσιν

275 3721 374 3790 τῆς
405 3718 506 3789 σῆς
530 3718 807 3790 ἀληθείας.
845 3720 955 3772 Καὶ
977 3721 1059 3782 τίς
1096 3720 1281 3784 ἱκανὸς
1302 3721 1436 3792 λαλῆ
1449 3739 1538 3776 σαι
1569 3722 1666 3786 τὰς
1693 3723 1854 3776 δυνα-

279 3810 468 3874 στείας
505 3826 634 3878 σου;
663 3811 934 3874 ἁκουστὰς
972 3812 1194 3881 ποιῆσαι
1243 3815 1426 3877 πάσας
1468 3815 1568 3877 τὰς
1619 3815 1854 3879 αἰνέσεις

280 3902 378 3957 σοῦ
401 3920 417 3970 ;
441 3903 474 3973 ἢ
497 3902 865 3973 διηγήσασθαι
888 3904 1066 3958 πάντα
1091 3905 1162 3958 τὰ
1184 3905 1466 3976 θαυμάσιά
1491 3923 1584 3960 σου
1610 3907 1668 3958 ἐν
1689 3906 1855 3960 παντὶ

277 3994 498 4067 καιρῷ;
529 3994 776 4050 Δέσποτα
814 3997 924 4050 τῶν
962 3997 1217 4052 ἁπάντων
1242 4037 1258 4064 ,
1293 3998 1468 4069 Κύριε
1495 3997 1729 4069 οὐρανοῦ
1759 3997 1854 4053 καί¹

276 4087 407 4157 Ύῆςο
435 4086 532 4142 καὶ
556 4086 736 4157 πάσης
761 4087 988 4151 κτίσεως
1008 4087 1294 4160 ἀρουμένης
1318 4107 1377 4144 τε
1401 4089 1496 4143 καὶ
1520 4089 1620 4159 οὐχ
1640 4088 1856 4160 ὁρωμέ-

279 4197 402 4250 νης,
437 4181 466 4233 6
492 4178 797 4250 καθήμενος
827 4180 922 4234 ἐπὶ
955 4180 1147 4252 θρόνου
1190 4181 1378 4252 δόξης,
1419 4181 1515 4236 καί
1544 4182 1871 4236 ἐπιϐλέπων-

278 4274 587 4338 άῦύσσους·
639 4273 865 4346 ἁναρχε,
927 4273 1148 4344 ἁόρατε,
1209 4274 1594 4345 ἀκατάληπτα,
1657 4276 1854 4346 ἀπερί-

282 4381 550 4436 στραπτε,
574 4363 917 4429 ἁναλλοίωτε,
945 4365 973 4417 6
995 4363 1188 4434 Πατὴρ
1209 4363 1302 4417 τοῦ
1329 4364 1536 4434 Κυρίου
1559 4365 1716 4436 ἡμῶν
1747 4366 1855 4436 Ἰη-

281 4458 380 4512 σοῦ
427 4455 700 4526 Χριστοῦ,
731 4454 824 4509 τοῦ
871 4456 1106 4527 μεγάλου
1148 4456 1284 4510 Θεοῦ
1329 4459 1424 4510 καὶ
1457 4457 1712 4529 Σωτῆρος
1755 4459 1856 4529 τῆς

279 4551 501 4612 ἐλπίδος
532 4548 692 4620 ἡμῶν
714 4588 729 4615 ,
767 4550 827 4612 ὃς
851 4550 998 4601 ἐστιν
1043 4547 1209 4602 εἰκὼν
1231 4548 1331 4618 τῆς
1366 4549 1465 4619 σῆς
1494 4550 1854 4622 ἁγαθότητος,

278 4640 520 4710 σφραγὶς
552 4613 810 4702 ἰσότυπος
834 4640 894 4692 έν
924 4638 1124 4709 ἑαυτῷ,
1154 4613 1369 4705 δεικνύς
1394 4613 1454 4694 σε
1478 4613 1571 4694 τὸν
1593 4613 1854 4713 Πατέραὲ
1884 4613 1934 4674 θ

276 4731 455 4799 Λόγος
494 4728 623 4793 ζῶν,
676 4727 810 4792 Θεὸς
848 4729 1121 4799 ἀληθινὸς,
1159 4731 1194 4800 η
1246 4730 1354 4802 πρὸ
1401 4731 1620 4785 αἰώνων
1671 4731 1858 4801 σοφία,

276 4822 422 4890 ζωὴ,
453 4821 726 4890 ἁγιασμὸς
746 4860 761 4886 ,
789 4821 1043 4892 δύναμις,
1070 4821 1131 4876 τὸ
1158 4821 1273 4892 φῶς
1301 4822 1363 4876 τὸ
1394 4823 1648 4893 ἀληθινὸν
1674 4864 1688 4888 ,
1725 4824 1858 4895 παρ’

277 4910 342 4969 οὗ
388 4915 452 4968 τὸ
481 4914 706 4985 Πνεῦμα
744 4913 804 4966 τὸ
838 4914 993 4982 ἅγιον
1039 4914 1274 4987 ἐξεφάνη
1297 4958 1312 4983 ,
1347 4915 1410 4970 τὸ
1452 4917 1552 4986 τῆς
1599 4915 1860 4986 ἀληθείας

281 5008 532 5078 πνεῦμα,
560 5007 622 5061 τὸ
654 5007 753 5077 τῆς
797 5007 1069 5072 υἱοθεσίας
1102 5008 1370 5080 χάρισμα,
1405 5009 1433 5062 6
1460 5007 1720 5080 ἀρραϐὼν
1762 5009 1863 5079 τῆς

280 5100 588 5172 μελλούσης
614 5101 1000 5172 κληρονομίας,
1021 5103 1055 5171 ἡ
1081 5100 1308 5173 ἀπαρχὴ
1333 5102 1444 5156 τῶν
1465 5101 1699 5156 αἰωνίων
1721 5101 1861 5168 ἁγαο

283 5193 422 5259 θῶν,
442 5195 476 5262 ἡ
501 5193 762 5258 ζωοποιὸς
785 5193 1036 5264 δύναμις,
1060 5195 1094 5263 ὴ
1115 5193 1266 5263 πηγὴ
1288 5192 1382 5246 τοῦ
1404 5193 1701 5262 ἁγιασμοῦ,
1728 5192 1861 5262 παρ’

281 5281 349 5340 οὗ
379 5287 529 5339 πᾶσα
553 5287 729 5352 κτίσις
757 5288 948 5360 λογική
979 5305 1036 5341 τε
1062 5288 1160 5341 καὶ
1186 5288 1347 5359 νοερὰ
1369 5287 1751 5357 δυναμουμένη
1777 5303 1860 5340 σοι

278 5378 538 5448 λατρεύει
559 5421 574 5446 ,
601 5381 697 5434 καὶ
732 5381 814 5435 dot
845 5380 942 5451 τὴν
975 5381 1143 5436 ἁῖδιον
1173 5379 1487 5452 ἀναπέμπει
1517 5380 1858 5447 δοξολογίαν,

280 5470 368 5522 ὃτι
392 5469 459 5523 τὰ
481 5469 771 5544 σύμπαντα
789 5469 950 5525 δοῦλα
975 5471 1064 5526 σάο
1091 5470 1151 5524 σὲ
1177 5470 1286 5541 γὰρ
1313 5470 1554 5526 αἰνοῦσιν
1581 5470 1859 5540 Ἄγγελοι,

293 5560 907 5635 Ἀρχάγγελοι,Θρόνοι,
928 5563 1280 5633 κυριότητες,
1321 5561 1531 5632 Ἀρχαὶ,
1563 5560 1857 5624 Ἐξουσίαι,

281 5653 583 5723 Δυνάμεις,
611 5655 707 5710 καὶ
735 5655 802 5708 τὰ
840 5653 1206 5723 πολυσώματα
1240 5654 1521 5725 Χερουόίμ
1544 5669 1558 5684 ·
1596 5653 1680 5706 σοὶ
1711 5669 1856 5723 παρ-

363 5832 445 5904 (6)
483 5833 616 5901 Quae
669 5845 974 5904 sequuntur
1018 5835 1198 5891 omnia
1251 5849 1424 5904 usque
1487 5833 1554 5889 ad
1588 5833 1859 5904 lacunam

285 5906 353 5972 ἒξ
399 5903 664 5978 πτέρυγες
700 5903 918 5962 exstant
949 5906 1006 5961 in
1055 5907 1270 5976 liturgia
1312 5903 1533 5978 Syriaca
1577 5903 1636 5960 S.
1669 5903 1856 5960 Basilii

1953 3376 2261 3447 gloriﬁcare
2312 3375 2492 3432 solum
2551 3387 2678 3429 vere
2734 3372 2926 3438 Deum,
2954 3383 3008 3428 et
3070 3371 3168 3427 tibi
3225 3373 3420 3431 oﬁ‘erre
3471 3377 3526 3430 in

1953 3467 2120 3525 corde
2153 3468 2389 3524 contrito
2427 3475 2485 3522 et
2519 3465 2714 3536 spiritu
2761 3464 3088 3520 humilitatis
3141 3464 3525 3522 rationabilem

1953 3561 2100 3617 hunc
2136 3560 2346 3616 cultum
2374 3567 2625 3615 nostrum
2657 3575 2671 3612 :
2704 3565 2760 3613 tu
2793 3556 2942 3613 enim
2991 3556 3188 3612 dedisti
3230 3558 3388 3613 nobis
3436 3574 3530 3614 co-

1952 3652 2250 3723 gnitionem
2279 3659 2385 3706 tua;
2424 3649 2694 3706 veritatis.
2736 3649 2801 3704 Et
2828 3649 2953 3719 quis
2981 3657 3143 3720 aptus
3187 3651 3293 3705 erit
3345 3652 3528 3720 eloqui

1951 3737 2221 3815 potentias
2280 3743 2440 3801 tuas?
2494 3751 2587 3798 aut
2641 3743 2918 3798 celebrare
2979 3743 3168 3798 laudes
3216 3742 3377 3799 tuas?
3437 3754 3532 3796 aut

1952 3851 2211 3891 enarrare
2243 3837 2425 3891 omnia
2457 3843 2548 3890 tua
2580 3832 2644 3890 ἰη
2673 3834 2822 3890 omni
2881 3842 3126 3906 tempore
3173 3834 3534 3890 admiranda?

1955 3926 2182 3983 Domine
2221 3928 2626 3992 universorum,
2669 3926 2816 3994 coeli,
2853 3936 3033 3991 terrae,
3061 3934 3116 3981 et
3145 3926 3326 3981 omnis
3367 3941 3533 3981 crea-

1954 4026 2092 4074 turaa
2140 4019 2370 4074 visibilis
2423 4027 2478 4073 et
2529 4017 2840 4082 invisibilis,
2865 4017 2960 4088 qui
3015 4015 3173 4072 sedes
3209 4016 3264 4070 in
3329 4017 3530 4072 thr-ouo

1955 4111 2162 4180 gloriae,
2196 4118 2252 4165 et
2311 4109 2542 4166 intueris
2593 4108 2819 4179 abyssos
2864 4125 2878 4162 :
2919 4115 3141 4173 :eterne,
3213 4106 3530 4166 invisibilis.

1955 4202 2540 4271 incomprehensibilis,
2559 4199 2942 4266 immutabilis,
2981 4198 3345 4264 invariabilis,
3371 4198 3533 4252 Pater

1956 4293 2168 4349 Domini
2203 4294 2371 4348 nostri
2399 4293 2526 4348 Jesu
2587 4291 2814 4356 Christi,
2847 4292 3028 4362 magni
3072 4291 3168 4346 Dei
3199 4301 3253 4348 et
3283 4291 3532 4346 Salvato-

1955 4385 2035 4441 ris
2065 4386 2175 4456 spei
2212 4395 2432 4451 nostrae,
2458 4384 2550 4454 qui
2591 4393 2677 4440 est
2714 4384 2894 4454 imago
2927 4382 3186 4438 bonitatis
3219 4391 3346 4446 tua,
3379 4384 3528 4452 sigil-

1957 4478 2066 4532 lum
2112 4478 2358 4532 eamdem
2423 4486 2626 4542 tecum,
2679 4475 2863 4540 Pater,
2919 4475 3152 4531 formam
3216 4475 3527 4532 exhibens:

1957 4567 2194 4624 Verbum
2259 4571 2461 4632 vivum,
2500 4568 2642 4623 Deus
2697 4583 2884 4634 verus,
2940 4567 3221 4638 sapientia:
3258 4583 3379 4637 quae
3427 4567 3530 4623 fuit

1958 4669 2084 4715 ante
2115 4660 2336 4724 saecula,
2363 4659 2495 4724 vita,
2540 4659 2826 4724 sanctitas,
2860 4659 3054 4723 virtus,
3099 4659 3280 4714 lumen
3311 4675 3528 4722 verum,

1960 4751 2104 4820 quod
2134 4751 2390 4818 revelavit
2438 4749 2596 4806 nobis
2641 4749 2903 4820 Spiritum
2957 4758 3234 4812 sanctum,
3271 4746 3530 4817 Spiritum

1960 4843 2114 4897 illum
2159 4841 2428 4910 veritatis,
2473 4843 2674 4897 donum
2716 4840 3050 4910 adeptionis,
3100 4839 3296 4909 pignus
3335 4836 3533 4892 futura:

1961 4933 2316 4996 limreditatis,
2354 4932 2626 5001 primitias
2664 4942 2997 4988 aeternorum
3032 4929 3328 4993 bonorum,
3362 4927 3531 4982 virtu-

1961 5032 2068 5078 tem
2119 5025 2242 5084 vitae
2291 5021 2637 5086 eﬂectricem,
2681 5020 2988 5078 sanctitatis
3036 5017 3263 5083 fontem,
3306 5031 3376 5072 ex
3426 5032 3532 5085 quo

1961 5113 2142 5169 omnis
2171 5122 2424 5170 creatura
2469 5111 2680 5168 ratione
2715 5119 2770 5166 et
2821 5109 3098 5166 intelleCtu
3149 5109 3378 5179 praedita
3429 5108 3526 5160 tibi

1960 5204 2146 5267 servit,
2174 5213 2545 5272 aeternamque
2581 5201 2677 5258 tibl
2706 5199 2892 5271 gloriae
2945 5199 3388 5270 praedicationem
3447 5197 3531 5249 oi-

1961 5295 2099 5361 l'ert;
2153 5294 2249 5354 tibi
2309 5293 2454 5348 enim
2519 5291 2828 5347 inserviunt
2880 5290 3066 5346 omnia
3101 5307 3115 5344 :
3153 5297 3205 5343 te
3254 5287 3531 5343 celebrant

1961 5383 2175 5453 Angeli,
2221 5381 2566 5452 Arcliangeli,
2602 5379 2833 5446 Throni,
2875 5378 3314 5445 Dominationes,
3371 5377 3530 5432 Prin-

1961 5475 2192 5544 cipatus,
2245 5473 2579 5537 Potestates,
2643 5470 2918 5535 Virtutes.
2969 5470 3276 5540 multasque
3328 5468 3532 5539 ﬁguras

1963 5565 2260 5621 referentes
2297 5564 2626 5632 Clierubim;
2669 5564 2876 5619 circum
2934 5570 2987 5617 te
3037 5570 3184 5616 stant
3219 5561 3529 5631 Scrapliim,

1961 5673 2056 5713 sex
2089 5658 2304 5714 alae"...
2370 5655 2480 5713 Fac
2536 5666 2596 5712 ut
2649 5657 2778 5713 dum
2848 5669 2950 5710 nos
2993 5653 3328 5725 ingredimur
3369 5654 3532 5709 simul

1963 5838 2105 5920 apti-tl
2134 5835 2437 5920 Beneudot:
2571 5904 2583 5920 '
2756 5903 2794 5920 Α
3081 5919 3091 5920 7
3144 5903 3181 5920 ,ί
3237 5901 3270 5920 ι,

2034 5909 2110 5981 (7)
2144 5907 2364 5979 Legitur
2417 5907 2471 5962 in
2497 5904 2712 5976 vulgata
2754 5903 2939 5961 Graeca
2976 5903 3191 5974 liturgia
3237 5901 3296 5959 S.
3327 5900 3528 5959 Basilii-
