4032 6424
335 423 464 494 1301

1503 430 1566 492 S.
1609 428 1897 492 BASILII
1931 427 2351 494 LITURGIA.‘

3441 433 3581 501 1302

335 541 418 592 eoi
445 537 544 610 τὴν
567 537 726 604 δόξαν
760 537 1162 610 ἀναπέμπωμεν
1192 540 1272 611 τῷ
1304 539 1505 610 Πατρὶ,
1534 541 1628 596 καὶ
1654 541 1734 612 τῷ
1767 541 1899 612 Υίῷ,

2024 543 2235 614 gloriam
2285 545 2594 614 referimus,
2627 547 2796 616 Patri,
2825 555 2880 604 et
2929 549 3090 614 Filio,
3121 558 3182 606 ct‘
3211 551 3416 608 sancto
3459 552 3588 624 Spi"

333 631 426 684 καὶ
471 631 547 698 τῷ
579 630 718 700 ἁγίῳ
766 632 1046 702 Πνεύματι
1071 673 1088 700 ,
1133 632 1230 687 νῦν
1270 635 1362 688 καὶ
1394 632 1486 688 ἀεὶ
1517 631 1612 686 καὶ
1646 633 1726 697 είς
1775 635 1901 699 τοὺς

2024 638 2158 704 -itui,
2189 653 2337 694 nunc
2365 649 2418 696 et
2447 655 2665 711 semper
2690 642 2828 698 et'in
2852 641 3054 699 saecula
3083 643 3436 700 saeculorum.

332 721 532 784 αἰῶνας
562 720 670 774 τῶν
693 720 927 778 αἰώνων.

927 813 989 868 '0
1009 814 1307 884 διάκονος.

407 918 682 986 Εὔξασθε,
714 922 761 975 οἰ
791 924 1189 994 κατηχούμενοι
1222 926 1300 996 τῷ
1346 929 1556 1001 Κυρίῳ.
1603 932 1670 984 οι
1717 929 1904 984 πιστοὶ

334 1013 474 1082 ὑπὲρ
495 1013 602 1066 τῶν
633 1015 1052 1086 κατηχουμένων
1083 1017 1334 1090 δεήθητε,
1365 1020 1452 1074 ἵνα
1483 1023 1774 1092 κατηχήσῃ
1803 1021 1904 1076 αύ-

333 1105 458 1164 τοὺς
485 1106 578 1157 τὸν
616 1105 774 1174 λόγον
811 1107 912 1177 τῆς
941 1108 1203 1180 ἀληθείας
1221 1151 1238 1176 ,
1266 1112 1596 1187 ἀποκαλύψῃ
1631 1115 1814 1177 αὐτοῖς
1845 1113 1907 1166 rb

333 1193 672 1262 Εὐαγγέλιον
705 1197 803 1266 τῆς
839 1197 1202 1271 δικαιοσύνης,
1243 1202 1424 1274 ἑνώσῃ
1457 1205 1656 1267 αὐτοὺς
1681 1207 1747 1276 τῇ
1775 1204 1908 1274 άγίᾳ
1931 1197 1942 1208 ’

335 1286 499 1339 αὑτοῦ
535 1287 797 1358 καθολικῇ
844 1290 938 1342 καὶ
969 1292 1301 1364 ἀποστολικῇ
1345 1295 1663 1366 Ἐκκλησία.
1706 1295 1912 1360 Σῶσον,

335 1377 580 1446 ἐλέησον,
612 1378 900 1432 ἀντιλαὸὀῦ
955 1381 1048 1433 καὶ
1105 1383 1432 1451 διαφύλαξον
1475 1385 1668 1448 αὐτοὺς
1724 1387 1793 1456 τῇ
1840 1388 1910 1456 σῇ

334 1469 541 1540 χάριτι.

405 1565 468 1616 Ui
504 1564 928 1637 κατηχούμενοι,
965 1573 1064 1632 τὰς
1115 1569 1356 1638 κεφαλάς
1401 1570 1554 1642 ὑμῶν
1594 1571 1673 1641 τῷ
1726 1571 1912 1642 Κυρίῳ

335 1656 553 1710 κλίνατε

441 1769 612 1836 Εὺχὴ
652 1769 1120 1840 κατηχουμένων
1161 1772 1273 1839 πρὸ
1313 1773 1425 1841 τῆς
1472 1773 1801 1843 ἀναφορᾶς.

2655 825 2942 882 Diaconus.

2077 936 2262 1000 Orate,
2295 935 2695 998 catechumeni,
2729 936 3043 992 Dominum.
3078 933 3189 992 Vos
3241 935 3450 1000 lldcles,
3478 951 3578 1005 pro

2009 1029 2414 1084 catechumenls
2443 1037 2616 1093 orate,
2645 1037 2706 1083 ut
2727 1029 2960 1084 instruat
2993 1043 3089 1084 eos
3111 1029 3282 1084 verbo
3309 1027 3578 1088 veritatis.

2011 1121 2211 1176 revelet
2244 1121 2324 1175 eis
2355 1119 2708 1189 Evangelium
2735 1119 2981 1190 iustitiae,
3008 1119 3307 1189 coniungat
3335 1133 3440 1172 eos
3454 1132 3580 1171 cum

2012 1221 2201 1266 sancta
2235 1227 2333 1267 sua
2365 1213 2632 1268 catholica
2674 1221 2730 1266 et
2753 1211 3053 1281 apostolica
3081 1211 3346 1267 Ecclesia.
3381 1211 3577 1272 Serva,

2013 1305 2300 1370 miserere,
2323 1305 2514 1374 excipe
2539 1315 2594 1360 et
2624 1305 2840 1360 custodi
2871 1305 2995 1361 illos
3021 1313 3111 1360 tua
3135 1304 3332 1375 gratia.

2087 1579 2220 1644 Vos,
2253 1575 2654 1644 catechumeni,
2681 1574 2858 1644 capita
2901 1581 3083 1630 vestra
3135 1588 3320 1629 coram
3358 1571 3590 1627 Domino

2015 1674 2294 1730 inclinate.

2158 1783 2344 1838 Oratio
2397 1780 2886 1836 calechumenorum
2917 1787 3038 1844 ante
3066 1776 3445 1848 expulsionem.

409 1876 601 1946 Κύριε,
637 1879 664 1929 ὁ
697 1877 827 1940 Θεὸς
864 1879 1023 1949 ἡμῶν
1052 1882 1079 1932 ὁ
1113 1881 1171 1934 ἐν
1204 1881 1453 1950 οὐρανοῖς
1486 1882 1776 1948 κατοικῶν,
1807 1881 1902 1936 καὶ

2071 1893 2300 1950 Domine
2355 1892 2500 1946 Deus
2547 1897 2752 1953 noster,
2795 1887 2888 1957 qui
2937 1887 2993 1940 in
3041 1885 3198 1941 cmlis
3251 1883 3494 1947 habitas,
3542 1889 3596 1934 ct

335 1966 648 2021 ἐπιϐλέπων
679 1969 772 2021 ἐπὶ
809 1969 988 2023 πάντα
1019 1969 1088 2024 τά
1130 1971 1268 2043 ἔργα
1305 1990 1430 2039 σου,
1481 1972 1774 2044 ἐπίϐλεψιν
1819 1975 1913 2028 ἐπὶ

333 2058 462 2120 τοὺς
489 2057 707 2122 δούλους
741 2077 836 2113 σου
871 2061 996 2124 τοὺς
1029 2063 1471 2133 κατηχουμένους
1491 2104 1506 2128 ,
1541 2067 1669 2128 τοὺς
1703 2066 1911 2119 ὑποκε-

337 2149 592 2214 κλικᾶτας
623 2152 754 2215 τοὺς
783 2153 994 2206 ἑαυτῶν
1019 2153 1250 2224 αὐχένας
1279 2156 1511 2209 ἐνώπιόν
1540 2173 1633 2208 σου
1652 2174 1666 2189 ο
1697 2157 1786 2220 δὸς
1811 2159 1912 2210 αὖ·

335 2244 450 2305 τοῖς
484 2242 574 2294 τὸν
615 2243 851 2315 ἐλαφρὸν
884 2244 1046 2312 ζυγόν
1087 2263 1200 2300 σου·
1245 2247 1472 2317 ποίησον
1526 2251 1726 2312 αὐτοὺς
1776 2251 1911 2323 μέλη

333 2333 440 2401 τῆς
465 2334 629 2402 άγίας
667 2351 760 2391 σου
807 2335 1136 2406 Ἐκκλησίας
1162 2377 1175 2402 ,
1209 2337 1304 2392 καὶ
1349 2339 1686 2402 καταξίωσον
1715 2341 1913 2406 αὐτοὺς
1945 2361 1950 2366 '

335 2423 435 2477 τοῦ
467 2424 693 2496 λουτροῦ
743 2427 844 2496 τῆς
883 2427 1330 2496 παλιγγενεσίας,
1365 2429 1464 2500 τῆς
1510 2431 1759 2500 ἀφέσεως
1806 2433 1916 2488 τῶν

337 2523 645 2592 ἁμαρτιῶν,
684 2523 778 2576 καὶ
821 2523 914 2576 τοῦ
967 2524 1262 2594 ἐνδύματος
1306 2525 1406 2593 τῆς
1453 2525 1795 2598 ἀφθαρσίας,
1833 2527 1916 2590 είς

337 2612 635 2681 ὲπίγνωσίν
659 2629 751 2667 σου
781 2614 876 2668 τοῦ
907 2614 1160 2684 ἀληθινοῦ
1190 2615 1324 2670 Θεοῦ
1347 2615 1526 2686 ἡμῶν.

935 2723 1332 2794 Ἐκςεὼγησιᾳ

415 2829 530 2884 Ἵνα
554 2831 648 2885 καὶ
673 2831 829 2885 αὐτοὶ
859 2832 954 2885 σὺν
981 2835 1115 2903 ἡμῖν
1143 2831 1406 2898 δοξάζωσι
1436 2833 1496 2886 τὸ
1526 2836 1794 2905 πάντιμον
1826 2838 1918 2890 καὶ

343 2923 763 2994 μεγαλοπρεπὲς
785 2921 957 2994 θνομά
985 2942 1100 2988 σου,
1131 2925 1222 2978 τοῦ
1251 2925 1486 2996 Πατρδς,
1520 2926 1614 2978 ιτα)⁸
1643 2927 1738 2980 τοῦ
1761 2927 1917 2995 Υίοῦ,

342 3020 437 3066 καὶ
469 3015 562 3068 τοῦ
597 3016 754 3085 ἁγίου
789 3015 1127 3087 Πνεύματος,
1159 3017 1254 3071 νῦν
1286 3019 1382 3071 καὶ
1415 3017 1522 3084 ἀεὶ,
1555 3017 1651 3071 καὶ
1681 3019 1762 3082 είς
1793 3019 1920 3084 τοὺς

342 3107 548 3172 αἰῶνας
572 3107 682 3162 τῶν
706 3106 940 3164 αἰώνων.

931 3197 994 3250 '0
1029 3195 1330 3264 διάκονος.
1945 3209 1994 3272 C

419 3307 572 3360 Ὅσοι
603 3305 1024 3377 κατηχούμενοι,
1059 3305 1355 3376 προέλθετε
1376 3320 1389 3333 ·
1411 3307 1460 3358 οἱ
1494 3305 1919 3378 κατηχούμενοι,

345 3396 680 3468 προέλθετε·
726 3397 843 3450 ὅσοι
903 3396 1327 3466 κατηχούμενοι,
1361 3394 1656 3464 προέλθετε
1681 3401 1694 3414 ⁶
1756 3397 1921 3465 μήτις

343 3490 458 3542 τῶν
495 3491 952 3561 κατηχουμένων⁸
989 3488 1103 3540 ὅσοι
1125 3487 1328 3554 πιστοὶ,
1372 3485 1453 3539 ἔτι
1500 3487 1594 3540 καὶ
1623 3486 1706 3540 ἔτι
1756 3489 1813 3540 ὲν
1841 3489 1922 3542 εἰ·
1983 3501 1988 3506 ‘

347 3583 494 3656 [ήνῃ
529 3581 623 3635 τοῦ
653 3581 861 3652 Κυρίου
895 3579 1201 3651 δεηθῶμεν-

339 3786 515 3858 Εὐχή
543 3785 776 3842 πιστῶν
800 3784 873 3853 α’,
895 3784 1048 3856 μετὰ
1077 3783 1143 3838 τὸ
1167 3783 1518 3853 άπλωθῆναι
1557 3783 1626 3838 τὸ
1657 3785 1924 3852 εὶλητόν.

425 3901 520 3964 Σὺ,
569 3897 762 3968 Κύριε,
803 3893 1122 3960 κατέδειξας
1171 3895 1306 3965 ἡμῖν
1357 3895 1417 3948 τὸ
1449 3893 1594 3966 μέγα
1631 3893 1792 3950 τοῦτο
1827 3895 1929 3967 τῆς

351 3991 630 4063 σωτηρίας
663 3989 964 4061 μυστήριον
986 4003 997 4017 '
1023 3987 1462 4066 σὺνκατηξίωσας
1489 3989 1644 4058 ἡμᾶς
1667 3987 1796 4052 τοὺς
1827 4004 1928 4040 τα-

353 4084 578 4147 πεινοὺς
603 4081 698 4136 καὶ
725 4079 979 4146 ἀναξίους
1003 4079 1224 4143 δούλους
1259 4097 1352 4133 σου
1385 4079 1642 4148 γενέσθαι
1683 4079 1932 4149 λειτουρ-

349 4177 488 4245 γοὺς
533 4174 628 4228 τοῦ
674 4173 834 4243 ἁγίου
901 4189 995 4225 σου
1047 4171 1477 4242 θυσιαστηρίου·
1538 4170 1604 4224 σὺ
1663 4171 1928 4224 ίκάνωσον

351 4269 506 4338 ἡμᾶς
533 4269 600 4338 τῇ
639 4265 868 4335 δυνάμει
910 4263 1004 4317 τοῦ
1037 4263 1192 4332 ἁγίου
1230 4280 1324 4316 σου
1356 4262 1676 4332 Πνεύματος
1705 4263 1786 4325 είς
1833 4261 1931 4332 τὴν

351 4361 631 4414 διακονίαν
657 4358 886 4430 ταύτην,
911 4358 997 4412 ἵνα
1019 4356 1406 4427 άκατακρίτως
1442 4356 1668 4418 στάντες
1693 4354 1930 4410 ἐνώπιον

351 4456 456 4524 τῆς
479 4453 638 4523 ἁγίας
669 4451 829 4524 δόξης
858 4467 952 4504 σου
1000 4448 1441 4520 προσαγάγωμέν
1489 4465 1572 4502 σοι
1611 4447 1802 4502 θυσίαν
1839 4447 1927 4500 ai-

2016 1986 2200 2043 omnia
2229 1999 2394 2054 opera
2443 1989 2535 2036 tua
2587 1978 3072 2050 respicis,rcspice
3109 1991 3299 2032 servos
3337 1985 3462 2030 tuos
3497 1989 3592 2028 ca-

2017 2081 2396 2142 techumenos,
2432 2076 2525 2146 qui
2553 2088 2681 2130 suas
2704 2070 3369 2129 cerviccsinclinavcrunt
3407 2081 3592 2120 coram

2018 2179 2070 2227 te
2102 2189 2114 2224 :
2145 2169 2215 2224 da
2277 2167 2385 2222 illis
2436 2179 2604 2220 suave
2627 2163 2816 2234 jugum
2850 2171 3026 2224 tuum,
3064 2159 3149 2214 fac
3195 2175 3291 2214 eos
3347 2158 3592 2212 membra

2019 2269 2220 2318 sancta
2251 2268 2353 2312 tum
2371 2255 2650 2320 Ecclesiae,
2681 2263 2736 2308 et
2763 2253 2960 2325 dignos
2991 2251 3114 2305 illos
3156 2249 3323 2304 redde
3372 2249 3594 2302 lavacro

2019 2349 2474 2424 regenerationis,
2511 2345 2839 2401 remissione
2885 2349 3258 2414 peccatorum,
3318 2347 3372 2394 et
3431 2339 3596 2392 indu-

2021 2453 2208 2499 mento
2240 2429 2684 2512 incorruptionis,
2704 2437 2772 2492 ad
2800 2437 3161 2508 cognitionem
3189 2433 3290 2500 tui,
3315 2432 3409 2503 qui
3435 2445 3596 2486 verus

2018 2551 2078 2592 es
2101 2535 2246 2590 Deus
2275 2545 2480 2589 noster.

2631 2733 2988 2788 Exclamatio.

2116 2844 2260 2900 Utet
2296 2845 2398 2915 ipsi
2451 2842 2739 2899 nobiscum
2769 2841 3076 2912 gloriﬁcent
3124 2837 3509 2896 honorandum
3544 2845 3600 2890 et

2023 2947 2318 3007 augustum
2367 2951 2566 2994 nomen
2599 2945 2778 3002 tuum,
2825 2935 3030 2999 Patris,
3081 2931 3226 2999 Filii,
3269 2940 3320 2986 et
3361 2928 3602 3000 Spiritus

2023 3031 2217 3098 sancti,
2253 3044 2397 3086 nunc
2419 3037 2473 3084 ct
2499 3043 2736 3100 semper,
2761 3027 2892 3084 etin
2923 3025 3122 3084 saecula
3149 3023 3496 3082 satculorum.

2674 3208 2968 3268 Diaconus.

2095 3316 2377 3386 Quotquot
2407 3315 2540 3372 estis
2565 3315 2976 3380 catechumeni,
3022 3313 3298 3378 recedite;
3340 3309 3598 3367 catechu-

2021 3411 2190 3474 meni,
2218 3409 2491 3475 recedite;
2523 3415 2795 3480 quotquot
2831 3404 2966 3463 estis
3001 3403 3376 3462 catechumeni
3401 3443 3416 3470 ,
3451 3418 3603 3456 recc-

2023 3502 2158 3558 dite.
2201 3500 2399 3556 Nullus
2440 3500 2960 3556 catechumenorum
3016 3497 3126 3552 hic.
3159 3495 3438 3564 Quotquot
3471 3495 3606 3548 estis

2025 3593 2230 3660 ﬁdeles,
2255 3593 2420 3649 etiam
2461 3603 2626 3662 atque
2653 3591 2816 3646 etiam
2848 3590 2902 3644 in
2941 3601 3076 3658 pace
3107 3587 3394 3642 Dominum
3427 3585 3609 3652 deprc-

2023 3702 2232 3743 cemur.

2171 3797 2362 3853 Oratio
2389 3769 2626 3866 ﬁdelium
2651 3795 2702 3861 Ι,
2737 3803 2853 3864 post
2895 3797 3270 3864 expansionem
3298 3793 3467 3849 lintei.

2101 3907 2208 3970 Tu,
2249 3905 2499 3970 Domine,
2531 3901 2816 3957 ostendisti
2861 3901 3022 3955 nobis
3050 3915 3302 3971 magnum
3337 3901 3439 3954 hoc
3464 3915 3611 3954 sam-

2030 4005 2102 4060 tis
2133 3997 2490 4072 mysterium:
2517 4001 2576 4049 tu
2604 3993 2860 4065 dignatus
2883 4007 2943 4048 es
2991 4007 3091 4047 nos
3123 3991 3356 4047 humiles
3386 4001 3440 4045 et
3473 3992 3612 4046 indi-

2032 4109 2168 4168 gnos
2197 4105 2388 4158 servos
2422 4096 2545 4143 tuos
2593 4085 2876 4140 ministros
2921 4084 3036 4139 ﬁeri
3071 4085 3240 4139 sancei
3269 4085 3344 4138 tui
3379 4085 3608 4146 altaris;

2034 4199 2090 4245 tu
2143 4187 2337 4256 dignos
2368 4196 2469 4236 nos
2492 4177 2640 4235 eliice
2690 4178 2889 4232 virtute
2939 4179 3112 4231 sancti
3158 4177 3234 4231 tui
3279 4175 3517 4243 Spiritus
3545 4177 3610 4228 ad

2033 4281 2138 4336 hoc
2170 4274 2555 4334 ministerium,
2605 4279 2664 4325 ut
2694 4271 2812 4326 sine
2831 4267 3038 4324 oﬂ‘ensa
3082 4277 3287 4325 stantes
3327 4277 3453 4322 ante
3486 4284 3614 4322 sati-

2033 4384 2177 4429 ctam
2203 4369 2430 4439 gloriam
2471 4375 2622 4422 tuam
2659 4363 2956 4418 oﬁ'eramus
2987 4363 3083 4418 tibi
3117 4363 3350 4418 hostiam
3379 4363 3560 4417 laudis
3595 4382 3608 4416 :

2035 4474 2091 4520 tu
2124 4462 2271 4518 enim
2314 4475 2374 4515 cs
2420 4455 2512 4528 qui
2551 4455 2797 4527 operaris
2826 4453 3010 4507 omnia
3058 4454 3111 4508 in
3169 4454 3448 4508 omnibus.
3485 4454 3611 4513 Far,

355 4547 558 4607 νέσεως
581 4561 596 4576 ⁸
642 4545 708 4598 σὺ
758 4544 870 4615 γάρ
893 4539 947 4596 εί
976 4545 1004 4596 ὀ
1051 4542 1292 4612 ἐνεργῶν
1325 4541 1394 4595 τά
1447 4541 1626 4594 πάντα
1669 4543 1729 4594 ὲν
1765 4542 1924 4595 πᾶσι.

2037 4553 2283 4618 Domine,
2319 4557 2380 4606 ut
2401 4564 2498 4620 pro
2522 4546 2726 4603 nostris
2758 4545 2970 4601 delictis
2999 4555 3052 4600 et
3075 4545 3398 4614 ignorantiis
3429 4546 3613 4616 populi

355 4641 477 4705 Δὸς,
511 4637 702 4708 Κύριε,
733 4635 830 4691 καὶ
863 4635 1006 4708 ὑπὲρ
1044 4633 1154 4687 τῶν
1192 4634 1479 4704 ἡμετέρων
1513 4633 1930 4705 ἁμαρτημάτων

357 4733 454 4785 καὶ
480 4730 588 4783 τῶν
609 4729 702 4782 τοῦ
729 4725 861 4782 λαοῦ
889 4728 1250 4796 ἀγνοημάτων
1281 4725 1478 4797 δεκτὴν
1519 4725 1776 4795 γενέσθαι
1822 4724 1922 4796 τὴν

359 4821 552 4877 θυσίαν
590 4821 748 4892 ἡμῶν
777 4819 872 4874 καὶ
901 4818 1298 4890 εὐπρόσδεκτον
1327 4817 1560 4871 ἐνώπιόν
1597 4833 1714 4870 σου.

951 4927 1016 4983 '0
1052 4927 1353 4994 διάκονος.

443 5040 782 5107 Ἀντιλασοῢ,
861 5038 1063 5104 σῶσον,
1137 5037 1381 5108 ἐλέησον,
1445 5039 1538 5092 καὶ
1602 5033 1930 5123 διαφύλαξον

361 5137 533 5208 ἡμᾶς,
558 5137 586 5188 ὅ
614 5134 766 5198 Θεὸς,
805 5133 873 5203 τῇ
908 5133 975 5202 σῇ
999 5130 1202 5201 χάριτι.

787 5243 994 5314 Σοφία.
1023 5273 1093 5284 --
1107 5240 1504 5310 Ἑκφώνησις.

435 5361 560 5414 Ὅτι
597 5357 799 5430 πρέπει
829 5373 910 5410 σοι
943 5355 1094 5409 πᾶσα
1119 5351 1267 5416 δόξα,
1297 5350 1433 5422 τιμὴ
1479 5349 1576 5403 καὶ
1621 5349 1934 5421 προσκύνη-

364 5473 451 5518 σις
481 5454 558 5524 τῷ
587 5451 780 5522 Πατρὶ,
820 5447 916 5504 καὶ
949 5445 1024 5518 τῷ
1049 5443 1184 5514 Υίῷ,
1219 5444 1314 5497 καὶ
1346 5443 1424 5513 τῷ
1453 5442 1595 5513 ἁγίῳ
1633 5439 1931 5511 Πνεύματι,

362 5547 462 5602 νῦν
496 5545 589 5600 καὶ
618 5545 726 5608 ἀεὶ,
749 5543 842 5597 καὶ
865 5541 946 5604 είς
976 5539 1104 5601 τοὺς
1123 5535 1326 5600 αἰῶνας
1355 5533 1465 5588 τῶν
1489 5531 1724 5590 αἰώνων.

969 5647 1022 5701 Ὁ
1053 5644 1351 5710 διάκονος.

443 5765 565 5818 ¹Έτι
597 5761 691 5816 καὶ
721 5761 802 5814 ἔτι
829 5761 887 5813 έν
925 5757 1118 5830 εἰρήνῃ
1142 5754 1237 5809 τοῦ
1263 5753 1470 5824 Κυρίου
1494 5749 1796 5822 δεηθῶμεν.

2035 4656 2247 4718 gratum
2277 4644 2373 4700 tibi
2405 4643 2477 4699 sit
2505 4642 2611 4697 hoc
2634 4638 2962 4696 sacriﬁcium
2995 4648 3241 4695 nostrum
3267 4649 3614 4710 etacceptnm

2033 4755 2218 4796 coram
2249 4748 2318 4795 ιθ.

2694 4921 2977 4978 Diaconus.

2105 5031 2265 5099 Juva,
2301 5047 2484 5097 serva,
2517 5032 2796 5096 miserere,
2821 5040 2874 5084 et
2901 5027 3112 5084 custodi
3141 5041 3264 5092 nos,
3305 5025 3444 5080 Deus
3465 5066 3480 5090 ,
3525 5033 3614 5078 tua

2039 5125 2230 5196 gratia.

2443 5231 2736 5301 Sapientia.
2769 5260 2839 5270 —
2872 5229 3232 5284 Exclamatio.

2107 5343 2246 5400 Nam
2281 5342 2376 5398 tibi
2405 5339 2665 5397 convenit
2697 5338 2881 5394 omnis
2913 5337 3110 5407 gloria,
3155 5336 3331 5390 honor
3378 5341 3435 5386 ct
3484 5332 3616 5386 ado-

2039 5437 2202 5500 ratio,
2231 5431 2403 5498 Patri,
2432 5439 2488 5487 et
2535 5430 2692 5495 Filio,
2735 5437 2790 5484 et
2833 5435 3026 5484 sancto
3067 5423 3330 5496 Spiritui,
3380 5439 3526 5478 nunc
3563 5429 3621 5478 ct

2043 5541 2278 5597 semper,
2319 5534 2372 5581 et
2405 5524 2459 5580 in
2491 5523 2690 5580 saecula
2708 5522 3054 5578 saeculorum.

2701 5636 2985 5690 Diacomts.

2118 5749 2292 5804 Etiam
2324 5757 2483 5818 atque
2523 5745 2685 5802 etiam
2735 5745 2802 5816 in.
2833 5758 2966 5815 pace
3021 5739 3309 5798 Dominum
3359 5737 3623 5808 dcprcce-

2051 5854 2194 5895 mur.
