4032 6414
545 417 568 482 Ῑ
579 418 683 481 203

1063 535 1249 590 Oratio
1278 536 1519 604 ﬁdelium
1548 538 1602 592 2.

608 642 772 709 Dens,
802 643 897 714 qui
930 644 984 699 in
1015 644 1394 701 misericordia
1425 656 1480 700 et
1516 647 1965 705 miserationibus
1993 649 2127 704 visi-

535 737 663 790 tasti
696 745 939 791 nostram
972 736 1358 806 humilitatem,
1381 740 1475 808 qui
1507 741 1745 797 statuisti
1765 757 1862 797 nos
1892 743 2129 798 humiles

537 836 591 879 et
619 837 935 896 peccatores
976 838 1030 884 et
1058 830 1314 900 indignos
1342 847 1530 888 servos
1566 842 1689 890 tuos
1729 844 1854 889 ante
1878 844 2122 890 sanctam

536 921 767 989 gloriam
820 930 970 977 tuam
1028 932 1085 979 ut
1126 925 1503 981 ministremns
1561 927 1720 982 altari
1770 938 1967 984 sancto
2008 939 2124 993 tuo,

536 1016 835 1070 corrobora
889 1033 992 1073 nos
1037 1018 1240 1073 virtute
1283 1021 1456 1074 sancti
1516 1021 1593 1075 tui
1650 1021 1889 1092 Spiritus
1918 1022 2127 1075 adhoc

534 1106 930 1173 ministerium,
961 1119 1013 1162 et
1040 1110 1105 1163 da
1142 1110 1298 1166 nobis
1330 1126 1637 1167 sermonem
1661 1152 1681 1176 ,
1718 1112 1853 1167 dum
1907 1126 1969 1167 os
1999 1127 2128 1182 ape-

536 1197 713 1252 rimus
755 1211 1030 1266 nostrum,
1056 1201 1120 1255 ad
1170 1202 1539 1257 invocandum
1564 1204 1793 1273 gratiam
1844 1205 2019 1259 sancti
2048 1203 2125 1257 Ini

535 1295 770 1365 Spiritus
799 1297 856 1353 in
892 1298 992 1355 hos
1021 1300 1112 1370 qui
1144 1300 1343 1356 debent
1384 1302 1496 1357 haec
1523 1317 1753 1357 munera
1793 1302 2013 1357 offerre.

2154 544 2203 600 Α

1195 1500 1487 1554 Diaconus.

605 1607 765 1670 Juva,
809 1625 990 1672 serva,
1034 1610 1320 1675 miserere,
1366 1610 1578 1665 custodi
1633 1626 1757 1675 nos,
1812 1610 1981 1676 Deus,
2040 1619 2126 1664 tua

540 1703 740 1770 gratia.

970 1814 1348 1884 Sapientia.—
1379 1815 1739 1871 Exclamatio.

613 1916 683 1972 Ut
710 1928 800 1973 tua
827 1920 1064 1988 potentia
1098 1920 1298 1975 servati
1331 1936 1572 1991 semper,
1601 1922 1697 1976 tibi
1734 1921 1965 1992 gloriam
1991 1920 2135 1977 rel‘e-

541 2026 747 2078 ramus,
773 2010 941 2075 Patri,
984 2020 1038 2065 et
1068 2011 1229 2077 Filio,
1268 2022 1321 2067 et
1364 2022 1556 2067 Sancto
1601 2013 1853 2083 Spiritui,
1888 2028 2034 2068 nunc
2081 2023 2135 2069 et

540 2117 776 2171 semper,
813 2111 868 2157 et
901 2103 952 2156 in
983 2102 1182 2158 saecula
1217 2104 1568 2160 saeculorum.

2161 1843 2204 1897 Β

631 2305 823 2362 Oratio
857 2323 1015 2377 quant
1045 2307 1237 2377 recitat
1265 2307 1512 2363 sacerdos
1548 2308 1690 2362 intra
1715 2324 1792 2371 se,
1825 2307 2040 2377 quando

1039 2376 1392 2432 Clterubicum
1426 2380 1644 2433 accinit.

607 2485 780 2543 Nemo
821 2488 1023 2559 dignus
1055 2497 1139 2543 est
1163 2504 1377 2554 eorum,
1408 2490 1503 2559 qui
1546 2488 1739 2559 illigati
1774 2498 1903 2544 sunt
1941 2501 2137 2544 carna-

538 2581 682 2635 libus
706 2582 998 2637 desideriis
1024 2591 1075 2636 et
1107 2583 1477 2651 voluptatibus
1497 2624 1512 2648 ,
1531 2584 1813 2646 accedere,
1844 2580 2136 2651 appropin-

537 2689 708 2743 quare
750 2675 1168 2730 autministrare
1190 2676 1303 2735 tibi.
1326 2674 1434 2730 Rex
1473 2676 1681 2745 gloriae.
1722 2674 2004 2745 Siquidem
2037 2672 2134 2727 tibi

540 2766 878 2833 ministrare,
911 2782 1168 2836 magnum
1203 2767 1332 2838 quid
1381 2775 1464 2821 est
1503 2776 1559 2820 et
1605 2766 1949 2822 tremendum
2000 2766 2136 2835 ipsis

539 2861 856 2918 caelestibus
886 2864 1269 2930 potestatibus.
1300 2862 1665 2917 Nihilominus
1697 2876 1793 2932 pro
1825 2869 1917 2915 tua
1944 2860 2136 2915 ineﬂ‘a-

545 2952 639 3006 bili
678 2962 734 3007 et
778 2952 1049 3009 immensa
1080 2954 1443 3024 benignitate,
1484 2954 1604 3010 sine
1646 2953 2006 3009 conversione
2053 2952 2137 3007 vel

544 3044 847 3100 mutatione
895 3044 1071 3102 iactus
1121 3062 1181 3103 es
1234 3047 1421 3111 homo,
1477 3060 1838 3114 summusque
1877 3045 2137 3101 sacerdos

542 3145 728 3192 uoster
780 3137 1145 3199 constitutus,
1194 3137 1454 3192 solemnis
1515 3137 1680 3207 huius
1741 3144 1797 3191 et
1861 3134 2134 3190 incruenti

540 3229 796 3284 sacrificii
852 3230 1274 3286 Celebrationem
1331 3229 1603 3285 tradidisti
1657 3229 1837 3296 nobis,
1873 3214 2205 3298 tanquamC

544 3321 807 3376 Dominus
857 3322 1142 3375 omnium.
1196 3320 1275 3375 Tn
1306 3322 1452 3376 enim
1482 3322 1659 3384 solus,
1707 3320 1937 3375 Domine
1986 3320 2133 3373 Deus

542 3422 751 3475 noster,
792 3413 1096 3467 dominaris
1155 3414 1473 3468 emlestibus
1530 3422 1586 3467 et
1630 3411 2026 3477 terrestribus;
2074 3420 2131 3465 tu

540 3499 853 3557 Chcrnhico
877 3503 1081 3559 throno
1114 3504 1349 3567 veheris,
1388 3512 1445 3558 tu
1471 3502 1763 3573 Seraphim
1784 3518 1903 3567 rex,
1934 3501 2132 3559 Israel-

540 3610 647 3663 que
678 3592 941 3651 Dominus
975 3611 1068 3661 es;
1103 3604 1157 3650 tu
1191 3596 1343 3651 solus
1367 3605 1614 3660 sanctus,
1635 3604 1689 3649 et
1724 3596 1777 3648 in
1813 3594 2022 3651 sanctis
2049 3594 2132 3649 in-

542 3686 814 3740 habitans.
857 3685 934 3740 Te
971 3686 1138 3755 igitur
1184 3701 1354 3742 exoro
1394 3686 1571 3741 solum
1621 3686 1828 3741 bonum
1854 3694 1909 3740 et
1946 3687 2133 3757 propi-

542 3778 804 3841 tiabilem,
831 3778 1043 3848 respice
1061 3794 1149 3832 me
1175 3784 1514 3848 peccatorem
1551 3787 1606 3833 et
1639 3778 1884 3833 inutilem
1912 3794 2131 3835 servum

544 3882 721 3935 tuum,
742 3878 796 3925 et
825 3885 993 3941 purga
1018 3879 1252 3925 mentem
1290 3885 1465 3925 meam
1497 3880 1553 3925 et
1579 3885 1676 3925 COl‘
1700 3885 1882 3925 meum
1916 3887 1947 3926 a
1976 3872 2132 3943 cogi-

546 3965 751 4020 tatione
796 3978 996 4033 prava,
1051 3973 1105 4017 ct
1153 3963 1408 4017 idoneum
1458 3978 1545 4018 me
1591 3963 1759 4019 redde
1803 3963 2003 4019 virtute
2052 3965 2130 4018 ttti

542 4059 719 4113 sancti
750 4057 1009 4129 Spiritus,
1056 4065 1116 4111 ut
1157 4056 1383 4112 indutus
1412 4056 1583 4127 gratia
1604 4055 1917 4122 sacerdoui,
1962 4057 2132 4113 assis-

544 4160 653 4206 tam
691 4158 894 4205 sancta:
926 4157 1030 4204 ιυεε
1061 4149 1189 4203 IllliC
1212 4162 1435 4212 1118118ίέ,
1460 4156 1511 4202 Cl
1534 4161 1853 4203 consecrem
1879 4157 2129 4204 sanctum

540 4258 594 4297 «ιι
642 4243 1057 4297 immaculatum
1074 4256 1276 4311 corpus
1314 4249 1468 4295 tuum
1493 4252 1546 4296 ct
1574 4240 1873 4311 pretiosum
1905 4242 2132 4311 sangui-

545 4352 689 4392 nem.
719 4337 798 4391 Ad
847 4346 900 4391 te
931 4336 1078 4392 enim
1110 4333 1311 4390 accedo
1348 4334 1607 4389 inclinata
1636 4333 1848 4390 cervice
1877 4350 1995 4390 mea
2019 4374 2033 4400 ,
2081 4343 2137 4390 et

542 4433 805 4501 deprecor
854 4441 925 4492 te,
964 4431 1072 4485 noli
1115 4428 1308 4485 faciem
1347 4437 1494 4483 tuam
1518 4442 1548 4482 a
1584 4443 1672 4483 me
1710 4438 1958 4485 avertere
1982 4465 2002 4495 ,
2037 4443 2136 4483 nc-

543 4538 651 4592 qne
684 4523 872 4593 cjicias
918 4537 983 4577 cx
1018 4521 1254 4575 ﬁliorum
1298 4531 1518 4575 tuorum
1560 4536 1792 4575 numero
1838 4538 1853 4574 :
1887 4519 1985 4575 sed
2036 4518 2134 4574 di-

543 4633 708 4687 gnum
739 4619 889 4673 eﬂice
934 4616 1026 4686 qui
1063 4616 1289 4671 oﬂcram
1324 4614 1445 4681 tibi,
1474 4630 1574 4687 ego
1608 4624 1862 4684 peccator
1894 4622 1950 4670 et
1988 4612 2135 4668 indi-

543 4724 683 4778 guns
710 4725 903 4765 servus
935 4719 1083 4772 tuus,
1108 4708 1223 4762 lucc
1252 4709 1393 4761 dona
1427 4723 1441 4760 :
1470 4715 1527 4761 tu
1554 4707 1699 4761 enim
1736 4721 1797 4761 es
1836 4706 1929 4777 qui
1972 4706 2136 4761 oll‘crs

542 4808 595 4853 et
622 4797 837 4853 oﬂ‘erris
866 4800 964 4869 (9).
1014 4838 1028 4851 .
1086 4839 1099 4853 .
1164 4837 1179 4851 .
1230 4838 1243 4851 .
1268 4799 1497 4853 honesta
1524 4807 1578 4851 et
1610 4797 1983 4852 conducibilia
2009 4797 2134 4852 ani-

542 4891 738 4945 mabus
763 4890 986 4957 nostris,
1011 4900 1065 4944 et
1093 4907 1276 4959 pacem
1303 4889 1508 4944 mundo
1536 4905 1568 4943 a
1599 4888 1829 4944 Domino
1859 4904 2133 4960 rogemus.

2170 4585 2214 4641 D

1289 422 1680 485 OPUSCULA
1716 425 2137 486 LITURGICA
2178 424 2534 487 INCERT/E
2575 426 2886 490 IETATIS.

3665 424 3776 491 1304

2740 540 2908 610 Εὐχή
2938 539 3168 595 πιστῶν
3195 541 3277 605 β’.

2312 649 2372 702 '0
2396 648 2548 714 Θεὸς,
2576 651 2605 704 ὁ
2631 649 3073 720 ἐπισκεψάμενος
3101 653 3159 703 ἐν
3183 650 3323 703 ἐλέει
3354 653 3451 703 καὶ
3496 650 3783 719 οίκτιρμοῖς

2230 743 2329 813 τὴν
2356 743 2680 797 ταπείνωσιν
2710 743 2888 815 ἡμῶν,
2934 744 2963 796 ὁ
3013 745 3217 816 στήσας
3262 745 3411 813 ἡμᾶς
3435 744 3571 806 τοὺς
3616 760 3785 798 ταπει-

2232 837 2353 901 νοὺς
2376 834 2470 889 καὶ
2494 836 2851 908 ἁμαρτωλοὺς
2871 836 2965 890 καὶ
2983 835 3235 900 ἀναξίους
3253 835 3478 899 δούλους
3500 852 3596 888 σου
3617 853 3787 889 κατενο

2233 930 2405 982 ὠπιον
2440 928 2540 999 τῆς
2594 929 2759 998 ἁγίας
2814 929 2974 999 δόξης
3024 946 3117 981 σου
3153 929 3494 999 λειτουργεῖν
3542 926 3619 997 τῷ
3667 927 3788 996 ἁγίῳ

2235 1039 2328 1075 σου
2359 1022 2756 1094 θυσιαστηρίῳ,
2782 1022 2847 1075 σὺ
2878 1022 3164 1092 ἐνίσχυσον
3189 1023 3338 1092 ἡμᾶς
3369 1024 3436 1091 τῇ
3461 1020 3789 1089 δυνάμειτοῦ

2202 1192 2203 1195 η
2233 1114 2389 1180 ἁγίου
2426 1131 2521 1167 σου
2551 1114 2871 1184 Πνεύματος
2904 1116 2983 1177 εἰς
3017 1114 3115 1184 τὴν
3140 1114 3418 1167 διακονίαν
3443 1112 3675 1180 ταύτην,
3715 1112 3794 1163 καὶ

2231 1207 2319 1271 δὺς
2353 1209 2484 1279 ἡμῖν
2512 1207 2671 1275 λόγον
2706 1208 2765 1260 ἐν
2794 1207 2997 1274 ἀνοίξει
3030 1207 3123 1260 τοῦ
3155 1206 3426 1276 στόματος
3452 1204 3615 1277 ἡμῶν
3641 1206 3715 1267 εἰς
3743 1204 3794 1255 τὸ

2233 1299 2615 1353 ἐπικαλεῖσθαι
2668 1299 2767 1371 τὴν
2813 1300 2975 1370 χάριν
3004 1298 3096 1353 τοῦ
3150 1300 3306 1368 ἁγίου
3342 1317 3437 1352 σου
3493 1299 3795 1365 Πνεύματος

2232 1393 2326 1445 ἐπὶ
2358 1392 2465 1447 τῶν
2497 1392 2802 1463 μελλόντων
2836 1393 3224 1463 προστίθεσθαι
3257 1392 3467 1461 δώρων.

2846 1503 2909 1554 '0
2940 1501 3222 1567 διάκονος

2317 1608 2654 1672 Ἀντιλαόοὖ,
2682 1609 2877 1673 σῶσον,
2912 1609 3157 1679 ἐλέησον,
3209 1608 3544 1677 διαφύλαξον
3586 1611 3746 1678 ἡμᾶς,
3777 1610 3803 1661 δ

2234 1704 2387 1767 Θεὸς,
2421 1706 2486 1774 τῇ
2514 1705 2579 1774 σῇ
2626 1702 2831 1775 χάριτι.

2659 1812 2866 1881 Σοφία.
2892 1840 2959 1851 --
2993 1811 3389 1879 Ἐκφώνησιᾳ

2314 1923 2501 1986 Ὅπως
2528 1923 2634 1978 ὑπὸ
2659 1940 2752 1977 του
2792 1924 3029 1993 κράτους
3070 1939 3164 1976 σου
3215 1921 3448 1975 πάντοτε
3484 1917 3807 1991 φυλαττόμε-

2239 2034 2341 2081 νοι,
2380 2018 2462 2069 σοὶ
2491 2016 2651 2082 δόξαν
2673 2017 3094 2087 ἀναπέμπωμεν
3118 2014 3410 2086 τῷῐῐατρὶ,
3435 2014 3535 2069 καὶ
3579 2013 3658 2080 τῷ
3683 2012 3808 2078 Υίῷ,

2239 2109 2335 2164 καὶ
2366 2108 2443 2179 τῷ
2469 2109 2608 2180 ἁγίῳ
2653 2109 2953 2180 Πνεύματι,
3000 2109 3095 2162 νύν
3152 2109 3250 2162 καὶ
3286 2109 3401 2173 ἀεὶ,
3443 2108 3543 2162 καὶ
3586 2106 3667 2170 εἰς
3700 2105 3807 2167 τοὺς

2238 2202 2444 2261 αἰῶνας
2468 2202 2579 2256 τῶν
2604 2204 2841 2257 αἰώνων.

2239 2317 2314 2389 (8)
2353 2315 2521 2386 Εὺχὴ
2547 2315 2628 2383 ἢν
2654 2316 2813 2389 ποιεῖ
2837 2318 2869 2389 ῤ
2890 2315 3085 2389 ίερεὺς
3138 2313 3552 2389 πᾳθξᾼὲαιρτὸν-
3570 2310 3677 2366 τοῦ
3720 2309 3808 2363 Χε-

2513 2382 2802 2455 ρουόικοῦ
2836 2387 3129 2456 εἰδόμενος
3146 2384 3209 2460 μ’.
3228 2382 3576 2455 ᾁδομένου].

2309 2495 2503 2559 Οὐδεὶς
2553 2494 2704 2557 ἄξιος
2740 2492 2850 2546 τῶν
2900 2491 3302 2561 συνδεδεμένων
3342 2492 3464 2554 ταῖς
3522 2489 3805 2560 σαρκικοῖς

2239 2588 2560 2658 ἐπιθυμίαις
2590 2586 2687 2640 καὶ
2736 2585 2953 2654 ἡδοναῖς
2987 2584 3390 2656 προσέρχεσθαι
3449 2585 3483 2655 ἦ
3524 2582 3805 2655 προσεγγί-

2240 2680 2354 2745 ζειν
2384 2680 2416 2751 ἢ
2462 2681 2800 2749 λειτουργεῖν
2845 2694 2948 2743 σοι,
2982 2677 3213 2731 Βασιλεῦ
3258 2676 3359 2747 τῆς
3388 2676 3552 2747 δόξης
3576 2690 3594 2706 ·
3624 2675 3683 2730 sb
3711 2676 3807 2743 γὰρ

2238 2772 2509 2826 διακονεῖν
2560 2787 2663 2835 σοι,
2699 2772 2845 2841 μέγα
2882 2771 2977 2824 καλ¹
3033 2770 3266 2842 φοδερδν
3316 2772 3410 2823 καὶ
3459 2770 3658 2833 αὐταῖς
3699 2770 3806 2828 ταῖς

2239 2864 2583 2937 ἐπουρανίοις
2605 2864 2923 2935 δυνάμεσινο
2952 2864 3066 2918 ἀλλ’
3090 2865 3241 2934 ὅμως
3263 2864 3352 2918 διὰ
3370 2864 3469 2937 τὴν
3495 2863 3703 2932 ἄφατον
3725 2861 3805 2915 καὶ

2238 2957 2479 3029 ἄμετρόν
2506 2973 2599 3010 σου
2629 2957 3065 3027 φιλανθρωπίαν,
3095 2957 3381 3028 ἀτρέπτως
3413 2957 3507 3011 καὶ
3527 2952 3803 3010 ἁναλλοιὼ-

2238 3066 2349 3112 τως
2383 3048 2612 3117 γέγονας
2643 3047 2949 3119 ἄνθρωπος,
2999 3048 3093 3103 καὶ
3128 3049 3417 3121 ἀρχιερεὺς
3449 3047 3612 3119 ἡμῶν
3656 3049 3803 3116 ἐχρηο

2243 3141 2498 3212 μάτισας,
2553 3142 2650 3196 καὶ
2689 3140 2791 3210 τῆς
2836 3140 3219 3212 λειτουργικῆς
3276 3140 3483 3211 ταύτης
3531 3140 3627 3194 καὶ
3675 3139 3804 3191 ἀναι-

2242 3234 2452 3305 μάκτου
2494 3232 2685 3295 θυσίας
2715 3233 2815 3300 τὴν
2848 3234 3158 3304 ἱερουργίαν
3190 3232 3518 3303 παρέδωκας
3550 3233 3702 3301 ἡμῖν,
3742 3227 3805 3289 ὡς

2241 3323 2522 3395 Δεσπότης
2573 3322 2685 3376 τῶν
2716 3323 3017 3377 ἀπάντωνο
3070 3324 3137 3378 σὺ
3181 3323 3292 3395 γὰρ
3354 3323 3550 3392 μόνος,
3604 3320 3807 3391 Κύριεὸ

2239 3416 2374 3478 Θεὸς
2409 3417 2441 3485 ἡ
2452 3415 2587 3486 μῶν,
2614 3414 2903 3481 δεσπόζεις
2931 3414 3040 3468 τῶν
3065 3415 3404 3486 ἐπουρανίων
3440 3414 3539 3469 καὶ
3575 3414 3683 3468 τῶν
3707 3414 3805 3464 ἐπιο

2240 3508 2438 3577 γείων·
2466 3508 2494 3560 ὀ
2522 3508 2617 3560 ἐπὶ
2647 3507 2837 3579 θρόνου
2869 3507 3208 3579 Χερουδικοῦ
3233 3509 3627 3581 ἐποχούμενος,
3648 3510 3675 3563 ὁ
3711 3505 3809 3559 τῶν

2244 3599 2499 3670 Σεραφὶμ
2528 3597 2755 3669 Κύριος,
2793 3600 2887 3653 καὶ
2932 3600 3198 3666 Βασιλεὺς
3230 3600 3324 3660 τοῦ
3368 3601 3624 3673 Ἰσραήλ·
3660 3601 3686 3654 ὁ
3724 3598 3799 3668 μό·

2240 3706 2330 3753 νος
2367 3691 2546 3758 ἅγιος,
2584 3691 2682 3744 καὶ
2708 3691 2767 3745 ἐν
2814 3691 2995 3760 ἁγίοις
3032 3693 3481 3764 ἀναπαυόμενος’
3536 3694 3599 3747 σέ
3644 3691 3805 3746 τοίνυν

2239 3782 2473 3838 δυσωπῶ
2501 3782 2593 3837 τὸν
2642 3784 2803 3854 μόνον
2853 3784 3062 3854 ἀγαθὸν
3104 3786 3201 3841 καὶ
3239 3786 3495 3858 εὐήκοον,
3532 3785 3803 3855 ἐπίδλεψον

2241 3877 2330 3931 ἐπ’
2362 3877 2463 3948 ἐμέ
2496 3879 2587 3932 τὸν
2617 3879 2946 3952 ἁμαρτωλὸν
2964 3882 3059 3935 καὶ
3091 3881 3313 3952 ἀχρεῖον
3342 3882 3529 3937 δοῦλόν
3579 3900 3693 3949 σου,
3724 3882 3805 3934 καὶ

2242 3968 2543 4043 καθάρισόν
2571 3988 2673 4040 μου
2704 3971 2804 4043 τὴν
2828 3971 3009 4043 ψυχὴν
3038 3972 3135 4027 καὶ
3174 3977 3277 4043 τὴν
3300 3973 3534 4045 καρδίαν
3558 3975 3668 4028 ἀπὸ
3697 3989 3804 4026 συνο

2242 4061 2502 4131 ειδὴσεως
2532 4064 2803 4132 πονηρᾶς,
2834 4062 2932 4115 καὶ
2965 4062 3232 4117 ίκάνωσόν
3268 4080 3338 4134 με
3363 4066 3429 4135 τῇ
3464 4064 3694 4135 δυνάμει
3722 4060 3803 4115 τοῦ

2243 4156 2401 4223 ἁγίου
2430 4172 2524 4209 σου
2553 4154 2895 4225 Πνεύματος,
2928 4156 3275 4225 ἐνδεδυμένον
3303 4157 3405 4228 τὴν
3426 4161 3526 4230 τῆς
3556 4155 3804 4229 ἓερατείας

2242 4245 2428 4316 χάριν,
2454 4246 2808 4316 παραστῆναι
2834 4251 2899 4319 τῇ
2934 4249 3066 4318 ἁγίᾳ
3102 4265 3196 4301 σου
3236 4250 3407 4321 ταύτῃ
3437 4252 3704 4323 τραπέζῃ.
3725 4249 3803 4301 καὶ

2244 4339 2393 4409 ἱερου
2403 4338 2605 4408 ργῆσαι
2636 4338 2697 4392 τδ
2717 4339 2874 4408 ἅγιον
2902 4341 2995 4394 καὶ
3015 4341 3290 4411 άχραντόν
3318 4359 3412 4395 σου
3450 4343 3613 4414 σῶμα
3644 4339 3802 4395 καὶτὸ

2244 4431 2426 4501 τίμιον
2458 4426 2619 4501 αἷμα.
2651 4432 2742 4485 Σοὶ
2768 4433 2878 4502 γὰρ
2910 4434 3292 4506 προσέρχομαι
3318 4436 3506 4500 κλίνας
3537 4437 3628 4490 τὸν
3651 4439 3801 4505 ἐμαυ-

2244 4522 2339 4577 τοῦ
2388 4523 2611 4595 αὐχένα,
2656 4525 2751 4579 καὶ
2796 4525 2988 4597 δέομαί
3049 4544 3166 4594 σου,
3228 4528 3305 4599 μὴ
3363 4530 3712 4602 άποστρέψῃς
3753 4525 3805 4580 τὸ

2245 4615 2541 4686 πρόσωπόν
2572 4633 2667 4670 σου
2696 4617 2793 4671 ἀπ’
2823 4618 2982 4688 ἐμοῦ,
3040 4620 3176 4688 μηδὲ
3221 4620 3637 4694 ἀποδοκιμάσῃς
3667 4636 3728 4690 με
3748 4621 3803 4672 ἐκ

2244 4707 2454 4760 παίδων
2499 4724 2630 4761 σου·
2671 4708 2789 4763 ἀλλ’
2838 4710 3072 4777 ἀξίωσον
3122 4713 3557 4784 προσενεχθῆναί
3610 4731 3687 4767 σοι
3724 4708 3802 4765 ὑπ’

2243 4798 2383 4869 ἐμοῦ
2405 4798 2497 4852 τοῦ
2522 4800 2849 4871 άμαρτωλοῦ
2876 4806 2970 4856 καὶ
2990 4803 3209 4867 ἀναξίου
3230 4805 3419 4858 δούλου
3456 4822 3551 4859 σου
3585 4806 3651 4860 τὰ
3674 4804 3799 4873 δῶρα

2242 4892 2419 4946 ταῦτα
2443 4910 2457 4924 ο
2488 4896 2553 4947 σὺ
2605 4895 2714 4966 γὰρ
2749 4893 2801 4949 εἷ
2837 4897 2866 4949 δ
2909 4897 3238 4967 προσφέρων
3299 4898 3393 4952 καὶ
3451 4901 3481 4952 ό
3521 4897 3799 4969 προσφερόο

502 5010 505 5011 ν
543 5002 824 5055 μενος.....
855 4987 924 5038 τὰ
967 4985 1106 5037 καλά
1165 4986 1259 5038 καὶ
1317 4982 1670 5055 συμφέροντα
1704 4983 1826 5046 ταῖς
1876 4980 2079 5055 ψυχαῖς
2126 4983 2307 5053 ἡμῶν,
2342 4984 2439 5037 καὶ
2471 4986 2698 5056 εἰρήνην
2750 4985 2828 5057 τῷ
2885 4988 3075 5058 κόσμῳ
3121 4986 3273 5059 παρὰ
3304 4989 3397 5043 τοῦ
3429 4991 3634 5062 Κυρίου
3664 4991 3796 5058 αἰτη-

540 5079 782 5149 σώμεθα.

613 5174 684 5230 Ut
716 5175 983 5244 reliquum
1010 5182 1225 5242 tempus
1259 5174 1383 5229 vita:
1408 5183 1611 5230 nostra:
1633 5174 1686 5229 in
1720 5190 1851 5244 pace
1876 5184 1929 5229 et
1954 5190 2129 5247 ptent-

539 5268 709 5322 tcntia
744 5268 1122 5323 absolvamns.

608 5362 988 5416 Christianum
1027 5362 1187 5416 finem
1230 5363 1353 5415 vitae
1380 5372 1605 5426 nostrae,
1633 5362 1837 5417 doloris
1862 5372 1917 5415 et
1939 5364 2138 5416 coniu-

538 5456 709 5512 SiO'llS
737 5466 1038 5527 expertem,
1071 5466 1325 5527 pacatum
1351 5500 1364 5523 ,
1400 5469 1454 5512 et
1502 5460 1699 5512 bonam
1759 5459 2135 5512 defensionem

537 5566 722 5603 coram
749 5551 1032 5605 tremendo
1066 5552 1323 5605 tribunali
1368 5552 1572 5606 Christi
1605 5568 1890 5619 rogemus.

612 5639 885 5695 llnitatcm
938 5640 1060 5698 ﬁdei
1095 5653 1148 5696 et
1194 5643 1636 5697 communionem
1688 5643 1927 5712 Spiritus
1962 5642 2136 5697 sancti

614 5798 697 5873 (Si)!
760 5799 901 5873 Tam,
954 5801 1030 5873 in
1087 5800 1309 5873 litnrgia
1370 5801 1427 5854 S.
1467 5801 1874 5873 _l‘.hrysostomi
1958 5818 2122 5873 qua-n

545 5868 601 5921 ὃ.
661 5870 906 5940 Gregorii
938 5872 1309 5925 Alexandrina
1333 5879 1387 5925 et
1432 5871 1563 5926 alibi
1602 5873 1799 5941 legitur
1839 5871 1953 5927 haec
1978 5868 2123 5927 770m-

547 5887 601 5921 ἰ).

2311 5178 2416 5230 Τὸν
2448 5178 2730 5233 ἐπίλοιπον
2761 5182 2954 5251 χρόνον
2989 5184 3088 5254 τῆς
3138 5184 3285 5256 ζωῆς
3317 5185 3475 5256 ἡμῶν
3519 5187 3580 5240 ἐν
3629 5186 3794 5257 εἰρήνῃ

2249 5273 2343 5324 καὶ
2377 5274 2639 5344 μετανοίᾳ
2669 5276 2976 5329 ἐκτελέσαι.

2318 5365 2620 5433 Χριστιανὰ
2649 5367 2718 5420 τὰ
2740 5368 2867 5439 τέλη
2893 5368 2993 5438 τῆς
3026 5370 3171 5438 ζωῆς
3205 5372 3363 5441 ἡμῶν
3424 5371 3684 5436 ἀνώδυνα,
3714 5371 3793 5422 άν-

2243 5456 2602 5525 επαίσχυντα,
2636 5461 2912 5530 εἰρηνικὰ,
2946 5463 3039 5513 καὶ
3070 5462 3244 5533 καλὴν
3265 5465 3565 5532 ἀπολογίαν
3600 5465 3692 5532 τὴν
3721 5460 3796 5513 ἐπὶ

2241 5548 2334 5601 τοῦ
2360 5549 2592 5619 φοϐεροῦ
2617 5552 2862 5623 ματος
2897 5554 2991 5605 τοῦ
3024 5555 3265 5625 Χριστοῦ
3297 5556 3666 5627 αἰτησὼμεθα.

2315 5642 2424 5712 Τὴν
2455 5643 2685 5713 ἑνότητα
2732 5646 2831 5713 τῆς
2858 5646 3097 5709 πίστεως
3138 5649 3231 5700 καὶ
3281 5648 3379 5719 τὴν
3408 5648 3684 5702 κοινωνίαν
3714 5640 3788 5695 τοῦ

2241 5810 2337 5851 tto.

2318 5873 2391 5943 (θ)
2436 5872 2601 5927 Multa
2634 5874 2721 5930 lue
2748 5876 2944 5930 desunt
2972 5884 3025 5930 et
3055 5875 3240 5932 forsan
3285 5879 3492 5950 intrgra
3520 5879 3713 5934 virtuts.
