4032 6446
371 433 512 500 1305

1555 435 1614 494 S.
1652 432 1938 494 BASILII
1977 431 2374 496 L'ITURGIA.

3485 435 3627 502 1306

371 549 527 618 ἁγίου
557 546 874 618 Πνεύματος
917 545 1296 618 αἰτησάμενοι,
1345 547 1596 611 ἑαυτοὺς,
1629 550 1726 602 καὶ
1774 547 1936 618 ἀλλή-

2053 559 2322 618 rogantes,
2352 567 2451 607 nos
2478 553 2644 622 ipsos,
2675 563 2728 608 et
2762 553 2900 607 alios
2947 551 3202 615 invicem,
3235 559 3290 606 et
3322 560 3489 608 totam
3545 556 3629 608 vi-

370 643 518 706 λους,
550 639 646 694 καὶ
679 640 865 694 πᾶσαν
895 639 996 710 τὴν
1052 638 1198 708 ζωὴν
1227 638 1384 709 ἡμῶν
1434 637 1656 710 Χριστῷ
1701 638 1778 710 τῷ
1820 638 1936 710 Θεῷ

2053 649 2153 695 lam
2207 656 2446 698 nostram
2486 647 2708 700 Christo
2745 645 2852 700 Ι)υο
2879 647 3307 700 committamus.

370 752 448 786 πα
455 732 769 806 ραθώμεθα.

878 840 1255 911 Ἐκεσὼνησις
1311 839 1446 911 (10).

445 951 554 1004 Καὶ
588 950 928 1016 καταξίωσον
983 951 1155 1021 ἡμᾶς,
1205 950 1450 1003 Δέσποτα
1513 950 1694 1019 ἡμῶν,
1725 951 1942 1022 παρρη-

379 1043 498 1108 σίας
522 1043 908 1114 ἁκατακρίτως
942 1044 1146 1114 τολμᾷν
1167 1043 1545 1097 ἐπικαλεῖσθαί
1579 1059 1636 1095 σε
1667 1043 1758 1095 τὸν
1775 1045 1942 1096 ἐπου-

381 1135 560 1209 ράνιον
595 1136 730 1189 Θεὸν
759 1135 1000 1205 Πατέρα,
1027 1135 1122 1188 καὶ
1147 1135 1328 1201 λέγειν
1363 1149 1376 1163 ·

448 1227 631 1298 Πάτερ
661 1227 842 1297 ἡμῶν,
866 1228 894 1280 ὁ
922 1229 982 1281 ὲν
1008 1228 1122 1290 τοῖς
1149 1227 1520 1297 οὐρανοῖς.,...

966 1333 1363 1404 Ἐκφώνησις.

445 1445 566 1498 ’Ότι
619 1442 714 1496 σοῦ
741 1443 887 1495 ἐστιν
919 1443 954 1510 ἡ
1004 1441 1250 1511 βασιλεία
1292 1441 1453 1511 καὶὴ
1513 1439 1742 1510 δύναμις
1788 1441 1942 1513 καὶή

2641 843 3003 900 Επίαηιαιὶο.

2116 953 2221 1009 Fac
2243 953 2404 1008 etiam
2437 967 2538 1008 nos
2568 954 2792 1024 dignos,
2829 952 3054 1007 Domine
3086 960 3308 1016 noster,
3358 962 3418 1007 ut
3457 957 3628 1006 conli-

2043 1045 2202 1100 dente
2240 1047 2446 1106 animo,
2469 1046 2838 1102 damnationis
2873 1044 3166 1108 immunes,
3196 1046 3495 1102 audeamus
3545 1047 3628 1098 in—

2045 1151 2237 1190 vocare
2269 1145 2322 1190 te
2348 1137 2622 1192 crelestcm
2665 1135 2878 1192 Patrem
2907 1138 3136 1194 dicendo
3175 1156 3189 1192 :

2115 1225 2278 1278 Pater
2307 1232 2510 1289 noster,
2547 1226 2640 1296 qui
2671 1243 2731 1282 es
2766 1230 2819 1280 in
2851 1227 3124 1283 cmlis.....

2671 1333 3034 1391 Exclamatio.

2118 1441 2386 1508 Quoniam
2431 1452 2582 1496 tuum
2616 1451 2702 1496 est
2731 1459 2958 1512 regnum
2992 1453 3047 1497 et
3081 1453 3320 1513 potestas
3347 1453 3400 1498 et
3424 1443 3618 1514 gloria.

369 1534 520 1600 δόξα,
549 1535 643 1586 τοῦ
672 1532 906 1602 [ἰατρὸς.
931 1531 1028 1584 καὶ
1061 1529 1153 1584 τοῦ
1177 1531 1331 1595 Tia-3,
1357 1529 1562 1584 καὶτοῦ
1588 1531 1743 1598 ἁγίου
1770 1532 1936 1583 Πνεῦ-

2053 1536 2242 1598 Patris,
2279 1535 2490 1598 etFilii,
2539 1545 2592 1589 et
2621 1534 2853 1604 Spiritus
2875 1537 3070 1599 sancti,
3105 1551 3258 1592 nunc
3293 1545 3350 1591 et
3383 1552 3622 1606 semper,

373 1643 566 1694 ματος,
622 1625 718 1679 νῦν
771 1627 866 1679 καὶ
909 1625 1020 1690 ἀεὶ,
1086 1625 1184 1678 καὶ
1253 1627 1334 1688 εἰς
1401 1625 1528 1688 τοὺς
1573 1624 1777 1688 αἰῶνας
1834 1625 1936 1678 τῶν

2053 1640 2097 1684 ιιι
2123 1631 2174 1682 ἱιι
2211 1627 2408 1684 sazcula
2436 1627 2790 1684 szeculorum.

367 1718 599 1772 αἰώνων.

441 1808 647 1878 Εἰρήνη
677 1809 866 1861 πᾶσιν.

951 1916 1016 1970 '0
1044 1915 1346 1980 διάκονος.

444 2026 555 2090 Τὰς
590 2026 834 2096 κεφαλδς
864 2026 1019 2098 ὑμῶν
1043 2027 1122 2098 τῷ
1151 2027 1344 2098 Κυρίῳ
1377 2024 1611 2079 κλίνατε.

628 2135 692 2187 '0
727 2134 917 2204 ἱερεὺς
945 2135 1302 2202 κλινόμενος
1329 2132 1645 2201 ἐπεύχεται
1673 2145 1687 2160 ³

439 2243 687 2296 Δέσποτα
715 2242 895 2314 ἡμῶν,
946 2241 1142 2312 Κύριε,
1175 2242 1204 2293 ὀ
1233 2241 1421 2311 Πατὴρ
1464 2238 1573 2292 τῶν
1614 2236 1936 2307 οἰκτιρμῶν,

363 2337 462 2390 καὶ
487 2335 621 2398 Θεὸς
662 2337 845 2404 πάσης
879 2333 1304 2404 παρακλήσεως,
1338 2331 1467 2394 τοὺς
1502 2329 1936 2382 ὑποκεκὶικὸτας

368 2444 452 2480 σοι
481 2427 582 2489 τὰς
620 2425 828 2482 ἑαυτῶν
857 2425 1100 2492 κεφαλὰς
1135 2423 1454 2492 εὐλόγησαν,
1487 2421 1738 2490 ἁγίασον,
1769 2416 1936 2486 φρού-

371 2535 556 2589 ρησον.
591 2519 887 2590 ὀχύρωσον,
919 2515 1327 2585 ὲνδυνάμωσον·
1385 2513 1494 2568 ἀπὸ
1519 2511 1720 2575 παντὸς
1771 2510 1936 2580 ἔργου

365 2611 607 2683 πονηροῦ
644 2611 977 2680 ἀπόστησον,
1015 2610 1180 2664 παντὶ
1207 2608 1266 2662 δὲ
1295 2607 1444 2679 ἔργῳ
1467 2605 1654 2675 ἀγαθῷ
1677 2603 1936 2671 σύναψον,

365 2701 462 2754 καὶ
502 2700 840 2766 καταξίωσον
865 2698 1252 2771 ἁκατακρίτως
1283 2698 1574 2769 μετασχεῖν
1593 2695 1704 2748 τῶν
1730 2693 1936 2764 ἀχράν-

363 2809 475 2845 των
510 2793 716 2846 τούτων
764 2792 862 2845 καί¹
895 2790 1178 2856 ζωοποιῶν
1233 2788 1570 2860 μυστηρίων,
1619 2787 1700 2848 είς
1743 2785 1940 2854 ἁξεσιν

367 2883 675 2954 ἁμαρτιῶν,
707 2884 786 2946 είς
817 2881 1131 2952 Πνεύματος
1161 2881 1318 2949 ἁγίου
1349 2878 1658 2934 κοινωνίαν.

959 3007 1356 3082 Ἔκφώνησνς.

438 3123 640 3194 Χάριτι
685 3123 780 3178 καὶ
809 3123 1115 3194 οἱκτιρμοῖς
1155 3121 1248 3174 καὶ
1288 3117 1672 3188 φιλανθρωπίᾳ
1710 3115 1803 3170 τοῦ
1841 3131 1940 3186 μο-

363 3215 619 3283 νογενοῦς
653 3232 745 3268 σου
785 3215 938 3276 Υίοῦ,
977 3212 1099 3283 μεθ’
1149 3205 1210 3266 οὗ
1263 3210 1550 3280 εὐλογητὸς
1596 3205 1666 3270 εἴ,
1722 3209 1818 3260 σὺν
1855 3205 1933 3276 τῷ

1965 1900 2014 1962 Β

2118 1813 2225 1868 Pax
2255 1812 2538 1868 oninibus.

2688 1922 2982 1977 Diaconus.

2106 2029 2296 2100 Capita
2322 2040 2500 2085 vestra
2535 2028 2768 2084 Domino
2799 2029 3084 2084 inclinate.

2459 2119 2738 2198 Sacerdos
2761 2141 3050 2196 inclinatus
3086 2148 3208 2195 orat
3231 2157 3250 2195 :

2110 2249 2430 2306 Dominator
2457 2248 2654 2310 nostri,
2698 2247 2945 2314 Domine,
2983 2247 3143 2302 Pater
3203 2245 3632 2301 miserationum

2037 2351 2093 2397 et
2137 2343 2276 2396 Deus
2323 2341 2494 2396 totius
2539 2339 2952 2402 consolationis,
2998 2338 3324 2392 inclinantes
3372 2335 3468 2391 tibi
3521 2353 3628 2390 sua

2038 2434 2214 2502 capita
2233 2431 2558 2496 benedicito,
2573 2429 2934 2494 sanctiﬁcato,
2956 2429 3253 2488 custodito.
3277 2428 3626 2490 conﬁrmato,

2039 2522 2334 2586 roborato;
2367 2520 2437 2575 ab
2472 2520 2620 2574 omni
2672 2534 2834 2590 opere
2874 2533 3040 2588 pravo
3071 2527 3278 2582 averte,
3333 2517 3481 2571 omni
3515 2531 3617 2570 au.-

2041 2623 2148 2668 tem
2183 2614 2334 2684 operi
2387 2613 2534 2668 bono
2559 2621 2718 2682 apta,
2753 2621 2810 2668 et
2841 2613 3037 2681 dignos
3073 2611 3228 2666 eﬂice
3269 2611 3387 2667 sine
3431 2624 3615 2678 repre-

2041 2707 2304 2763 hensione
2357 2706 2688 2777 participare
2733 2705 2818 2762 liis
2873 2705 3236 2762 immaculatis
3291 2711 3346 2759 et
3393 2701 3634 2758 viviﬁcis

2041 2797 2338 2868 mysteriis,
2375 2797 2430 2850 in
2487 2795 2864 2852 remissionem
2913 2803 3261 2866 peccatorum
3291 2793 3346 2848 in
3371 2801 3622 2848 commu-

2041 2889 2372 2946 nicationem
2403 2889 2577 2944 sancti
2595 2886 2860 2958 Spiritus.

2661 3017 3020 3072 Exclamatio.

2113 3126 2299 3181 Gratia
2329 3135 2382 3180 et
2403 3126 2849 3180 miserationibus
2898 3134 2954 3179 ct
2981 3123 3316 3193 benignitate
3357 3119 3634 3190 unigenitie

2044 3219 2130 3284 lui,
2153 3218 2292 3282 Filii,
2318 3233 2554 3287 quocum
2580 3217 2899 3271 benedictus
2929 3231 3008 3276 es,
3031 3229 3154 3269 cum
3188 3220 3379 3267 sam-to
3395 3219 3446 3265 et
3477 3211 3634 3264 bono-

365 3277 619 3378 rra'vayitp
645 3307 736 3361 καὶ
773 3277 1095 3376 ἀγαθῷ-καὶ
1121 3303 1370 3374 ζωοποιῷ
1395 3277 1488 3356 σου
1515 3301 1814 3366 Πνεύματι,
1841 3299 1931 3352 καὶ

2053 3323 2089 3364 et
2119 3310 2336 3364 viviﬁco
2373 3307 2601 3378 Spiritu,
2624 3317 2678 3364 et
2705 3321 2850 3362 nunc
2886 3315 2940 3361 et
2969 3319 3208 3375 semper,
3241 3313 3293 3358 ct
3325 3303 3378 3357 in
3422 3301 3624 3356 sa-cula

363 3399 464 3454 νῦν
494 3401 590 3453 καὶ
623 3401 736 3464 ἀεὶ,
758 3401 853 3453 καὶ
875 3399 954 3462 είς
980 3401 1108 3461 τοὺς
1129 3397 1334 3460 αἰῶνας
1367 3396 1476 3448 τῶν
1507 3395 1742 3449 αἰώνων.

447 3513 512 3566 '0
532 3511 724 3580 ἱερεὺς
751 3511 1106 3580 κλινάμενος
1141 3510 1488 3578 ἐπεύχεταιι

439 3621 704 3691 Πρόσχες,
755 3619 926 3690 Κύριε
989 3617 1160 3690 Ἰησοῦ
1203 3617 1405 3688 Χριστὲ
1435 3617 1465 3670 ὀ
1509 3616 1642 3679 Θεὸς
1667 3615 1846 3685 ἡμῶν,
1878 3611 1939 3678 ἐξ

365 3711 527 3780 ἁγίου
568 3709 990 3782 κατοικητηρίου
1019 3727 1134 3772 σου,
1164 3713 1260 3763 καὶ
1293 3709 1402 3762 ἀπὸ
1424 3708 1617 3779 θρόνου
1641 3705 1797 3777 δόξης
1834 3705 1936 3776 τῆς

365 3804 647 3875 βασιλείας
673 3819 766 3857 σου
788 3817 803 3834 ⁵
832 3804 925 3856 καὶ
953 3801 1075 3854 ἐλθὲ
1100 3803 1177 3866 είς
1201 3803 1262 3855 τδ
1292 3801 1520 3870 ἁγιάσαι
1553 3800 1726 3869 ἡμᾶς,
1757 3799 1786 3851 ὁ
1825 3799 1938 3853 ἄνω

359 3894 444 3963 τῷ
466 3895 641 3966 "arpi.
661 3893 1098 3964 συγκαθήμενος,
1121 3895 1214 3948 καὶ
1235 3887 1336 3948 ὧὼ
1355 3895 1490 3964 ἡμῖν
1517 3891 1783 3963 ἀορίστως
1812 3907 1940 3944 συν-

361 3987 480 4042 ών·
535 3990 630 4042 καὶ
687 3988 1028 4052 καταξίωσον
1085 3990 1152 4058 τῇ
1189 3988 1426 4057 κραταιᾷ
1460 4003 1554 4038 σου
1582 3984 1727 4055 χειρὶ
1766 4000 1936 4054 μετα-

357 4079 546 4134 δ.ὖναι
578 4080 710 4148 ἡμῖν
734 4079 828 4130 τοῦ
855 4078 1124 4147 ἁχρὰντου
1168 4075 1420 4146 σώματος
1464 4092 1560 4128 σου
1603 4076 1700 4129 καὶ
1731 4073 1827 4128 τοῦ
1863 4089 1940 4127 τι-

361 4173 492 4243 μίου
513 4170 768 4241 αἵματος,
795 4169 892 4224 καὶ
918 4170 987 4223 δι’
1021 4167 1179 4240 ἡμῶν
1203 4169 1367 4222 παντὶ
1401 4165 1478 4237 τῷ
1501 4165 1638 4237 λαῷ.

958 4276 1022 4332 Ὀ
1054 4277 1356 4344 διάκονος.

439 4391 484 4444 Π
491 4389 730 4461 ροσεύχω
737 4407 858 4458 μεν.

1008 4495 1072 4549 '0
1105 4496 1320 4563 ἱερεύς.

437 4611 517 4664 Τὰ
546 4608 714 4678 Ἀγια
751 4609 861 4670 τοῖς
892 4605 1090 4674 ἁγίοις.

449 4719 512 4771 '0
547 4759 562 4774 .
607 4760 620 4772 .
659 4760 672 4774 .
709 4757 726 4775 .
763 4757 777 4772 .
820 4717 1258 4781 fSJEltdﬂElO’ﬂC,
1305 4715 1550 4770 καὶτῶν
1592 4717 1777 4781 (irit-ir
1811 4719 1937 4768 ,ἱει-

360 4791 580 4858 ψάνων
610 4789 731 4842 ἀπὸ
776 4786 884 4854 τῆς
915 4785 1073 4854 ἱερᾶς
1101 4785 1400 4856 ἀρθέντων
1427 4785 1735 4858 τραπέὣις,
1762 4786 1930 4840 ἑπεύ·

361 4877 534 4931 Zarat
563 4865 598 4913 ὁ
621 4858 834 4926 ἱερεύς.

435 4986 879 5059 Εὑχαριστοῦμέν
917 5004 1021 5051 σοι,
1057 4985 1256 5057 Κύριε,
1295 4987 1324 5040 ὁ
1351 4985 1484 5051 Θεὸς
1528 4987 1706 5058 ήμῶν,
1739 4987 1834 5040 ἐπὶ
1867 4989 1936 5058 τῇ

361 5079 666 5152 μεταλήψει
694 5078 801 5131 τῶν
831 5079 1001 5146 ἁγίων
1044 5079 1142 5132 καὶ
1184 5079 1492 5150 ἁχράντων,
1519 5081 1800 5135 ἀθανάτων
1831 5081 1926 5134 καὶ

359 5173 706 5242 ἐπουρανίων
740 5171 1080 5242 μυστηρίων,
1119 5171 1156 5224 ἃ
1189 5172 1394 5236 ἔδωκας
1423 5175 1556 5242 ἡμῖν
1583 5174 1676 5226 ἐπὶ
1707 5175 1936 5242 εὐεργε-

362 5267 458 5334 σίᾳ
503 5266 684 5335 ήμῶν,
737 5267 832 5317 καὶ
893 5265 1036 5318 ἰάσει
1068 5263 1294 5319 τῶν.....
1347 5265 1544 5336 ἡμῶν
1614 5268 1794 5321 πάντα
1825 5267 1940 5338 γὰρ

359 5357 653 5421 ἀπέδωκας
683 5357 837 5427 ἡμῖν.

958 5485 1357 5554 Ἑκφώνησις.

433 5599 545 5652 Καὶ
575 5599 660 5661 δὸς
685 5599 819 5667 ἡμῖν
851 5597 912 5651 ὲν
946 5597 1029 5651 ἑνὶ
1062 5597 1292 5667 στόματι
1315 5597 1409 5650 καὶ
1436 5599 1535 5668 μιᾷ
1557 5597 1755 5670 καρδίᾳ
1779 5597 1936 5665 δοξὰ-

361 5691 478 5756 ζειν
519 5695 612 5745 καὶ
653 5692 910 5760 ἀνυμνεῖν
967 5691 1026 5744 τὸ
1061 5689 1328 5761 πάντιμον
1367 5691 1462 5744 καὶ
1517 5691 1937 5763 μεγαλοπρεπὲς

1963 4607 2016 4668 D

2038 3401 2390 3454 surculorum.

2459 3505 2719 3562 Sacerdos
2746 3503 3030 3558 inclinatus
3059 3509 3198 3556 orat.

2109 3617 2362 3683 Attende,
2395 3615 2626 3671 Domine
2654 3614 2784 3671 Jesu
2837 3613 3077 3674 Christe,
3132 3609 3276 3666 Deus
3305 3616 3512 3672 noster,
3551 3621 3616 3660 ex

2039 3708 2352 3763 babitaculo
2380 3716 2571 3762 sancto
2603 3716 2716 3768 tuo,
2742 3713 2798 3760 et
2826 3721 2856 3760 e
2880 3703 3076 3759 throno
3105 3699 3290 3772 gloriae
3326 3697 3476 3766 regni
3509 3695 3622 3760 tui;

2039 3813 2093 3858 et
2118 3803 2240 3859 veni
2291 3802 2358 3857 ad
2410 3800 2860 3858 sanctilicandnm
2905 3813 3027 3864 nos,
3084 3796 3178 3868 qui
3233 3807 3467 3864 superne
3494 3805 3616 3844 cum

2039 3899 2206 3952 Patre
2227 3896 2405 3960 sedes,
2435 3903 2489 3951 et
2515 3895 2604 3952 hic
2627 3895 2788 3950 nobis
2813 3893 3106 3949 identidem
3138 3889 3310 3956 ades;
3347 3896 3401 3943 et
3426 3886 3620 3955 dignos

2039 4007 2143 4046 nos
2165 3990 2316 4046 elIice
2347 3990 2551 4060 potenti
2586 4000 2678 4043 tua
2713 4003 2874 4042 manu
2913 3985 3239 4057 participare
3267 3997 3369 4037 nos
3402 3979 3622 4034 tuoim-

2041 4083 2316 4138 maculato
2361 4082 2580 4152 corpori
2619 4091 2674 4137 ct
2700 4081 2940 4152 pretioso
2967 4077 3256 4148 sanguini,
3297 4083 3354 4130 et
3391 4087 3488 4144 per
3521 4085 3630 4125 nos

2039 4191 2257 4231 omnem
2289 4177 2568 4246 populum.

2691 4280 2986 4335 Diaconos.

2110 4391 2364 4449 Oremus.

2695 4493 2982 4551 Sacerdos.

2111 4613 2310 4668 Sancta
2335 4610 2560 4666 sanctis.

2040 4762 2056 4777 .
2119 4761 2135 4777 .
2201 4760 2218 4778 .
2280 4759 2296 4776 .
2357 4759 2374 4776 .
2434 4717 2725 4787 Comphm,
2755 4723 2808 4770 et
2835 4715 3033 4787 satiatis
3075 4713 3626 4784 [ragmentisasacra

2400 4785 2576 4844 mensa
2598 4787 2816 4852 ablatis,
2843 4785 3091 4840 sacerdos
3124 4793 3264 4838 orat.

2107 4989 2322 5047 Gratias
2351 4992 2566 5060 agimus
2593 4989 2711 5053 tibi,
2742 4989 2991 5056 Domine,
3017 4987 3162 5044 Deus
3185 4997 3392 5046 noster.
3419 4987 3472 5041 in
3496 5001 3622 5056 par-

2033 5085 2344 5155 ticipatione
2371 5093 2684 5140 sanctorum
2723 5093 2780 5138 et
2805 5083 3301 5145 immaculatorum,
3333 5082 3620 5134 immorta—

2043 5179 2176 5232 lium
2209 5188 2264 5232 ct
2285 5177 2586 5232 caelestium
2623 5175 3003 5246 mysteriorum
3026 5215 3042 5240 ,
3079 5190 3202 5246 qua:
3230 5171 3427 5227 dedisti
3462 5170 3620 5225 nobis

2043 5271 2112 5326 ad
2140 5270 2444 5342 profectum
2494 5278 2766 5334 nostrum,
2801 5278 2856 5324 et
2885 5269 3232 5323 salutem.....
3266 5273 3618 5330 nostrorum;

2040 5361 2224 5418 omnia
2253 5361 2398 5417 enim
2433 5361 2595 5416 nobis
2620 5359 2836 5414 dedisti.

2657 5486 3015 5544 Etulamatio.

2115 5601 2180 5654 Et
2201 5600 2271 5654 da
2307 5599 2470 5655 nobis
2499 5599 2552 5654 in
2579 5612 2688 5653 uno
2718 5613 2816 5653 ore
2851 5607 2906 5653 ct
2952 5611 3062 5651 uno
3103 5594 3267 5650 corde
3311 5593 3620 5664 gloriﬁcare

2043 5703 2100 5749 et
2159 5695 2436 5749 celebrare
2493 5689 2874 5748 honorandum
2951 5698 3006 5744 ct
3065 5699 3388 5759 augustum.
3417 5701 3618 5742 nomen

433 5851 546 5921 (~10)
587 5849 766 5905 Habes
807 5850 996 5906 cariem
1047 5851 1102 5906 in
1132 5851 1191 5908 S.
1222 5849 1410 5904 Basilii
1444 5850 1658 5922 litui-git:
1693 5849 2052 5908 :‘ilcxandriua
2077 5851 2221 5921 apud
2253 5849 2558 5906 licnaudot.
