4032 6410
530 408 552 473 1
567 406 665 470 307

1270 408 1659 469 OPUSCULA
1700 392 2113 468 LtTURGtC.\
2163 392 2507 467 mecura
2549 408 2858 469 XETATIS.

3642 414 3765 482 1308

526 534 704 587 tuum,
736 520 931 587 Patris,
970 522 1108 586 Filii,
1136 533 1187 577 et
1223 524 1457 592 Spiritus
1484 526 1681 587 sancti,
1721 540 1866 579 nunc
1895 535 2105 579 etsetn-

2209 525 2376 594 ὄνομά
2407 542 2521 589 σου,
2555 524 2649 577 τοῦ
2686 525 2918 595 [ἰατρὸς.
2962 526 3171 580 καὶτοῦ
3211 527 3363 593 Υίοῦ,
3394 528 3487 583 καὶ
3516 530 3607 582 τοῦ
3631 533 3771 600 ἁγίου

529 630 650 681 per,
685 623 736 668 et
777 615 827 667 in
862 616 1058 669 saecula
1092 617 1439 669 szcculorunt.

604 796 666 849 Et
685 798 788 849 erit
814 798 1189 852 misericordia
1218 802 1395 867 magni
1421 802 1510 855 Dei
1531 813 1584 855 et
1607 802 1907 857 Salvatoris
1930 804 2107 858 nostri

527 889 653 943 Iesu
686 891 884 943 (Iliristi
921 907 1044 945 cunt
1084 894 1338 947 omnibus
1366 894 1537 949 vobis.

599 981 853 1036 Omnium
893 995 1207 1039 sanctorum
1231 990 1803 1044 cumtnetnorationent
1824 991 2106 1054 facientes,

527 1076 690 1127 etiam
743 1086 907 1145 atque
956 1080 1120 1132 etiam
1179 1079 1232 1132 in
1301 1096 1433 1149 pace
1488 1082 1776 1136 Dominum
1835 1084 2107 1152 deprece—

528 1184 671 1222 mur.

606 1262 670 1314 Ut
701 1262 967 1331 benignus
1008 1264 1151 1318 Deus
1182 1273 1392 1330 noster,
1447 1267 1721 1335 accipiens
1752 1285 1814 1322 ca
1869 1270 1924 1322 in
1976 1286 2105 1324 san-

526 1365 677 1408 etum
719 1364 773 1408 et
809 1357 1032 1411 ccelcste
1065 1368 1117 1410 et
1146 1360 1431 1425 spirituale
1466 1375 1623 1413 suum
1657 1361 1852 1421 altare,
1882 1362 1934 1415 in
1966 1362 2103 1415 odo-

526 1461 639 1497 rem
694 1447 980 1501 suavitatis
1025 1448 1349 1515 Spiritualis,
1389 1466 1485 1518 pro
1533 1451 1615 1505 eis
1670 1454 1885 1504 emittat
1945 1454 2103 1508 nobis

525 1537 764 1590 divinam
815 1540 1046 1607 gratiam
1078 1550 1132 1594 et
1170 1541 1372 1594 donum
1406 1542 1644 1611 Spiritus
1675 1544 1874 1610 sancti,
1908 1545 2104 1613 deprc-

525 1646 733 1683 CCIIIUI‘.

600 1723 670 1776 Ut
700 1723 995 1777 liberemur
1029 1724 1097 1777 ab
1126 1725 1273 1777 omni
1307 1727 1579 1793 angustia,
1616 1727 1716 1793 ira,
1752 1729 2097 1795 necessitate,

529 1814 819 1869 Dominum
851 1817 1223 1885 deprecemur.

1126 1923 1385 1979 Sacerdos
1422 1938 1561 1982 orat.

598 2015 737 2070 Deus
770 2026 973 2083 noster,
1010 2016 1151 2072 Deus
1180 2019 1397 2086 salutis,
1417 2021 1549 2074 doce
1578 2036 1676 2075 nos
1702 2024 1905 2093 gratias
1931 2040 2096 2095 agere

526 2108 617 2161 tibi
649 2108 843 2177 dignas
875 2110 982 2163 tuis
1031 2110 1332 2176 beneﬁciis,
1375 2129 1497 2182 qua:
1552 2117 1849 2183 privatitisti
1878 2128 1931 2171 et
1962 2135 2099 2187 prac-

522 2210 633 2252 stas
662 2200 853 2264 nobis;
888 2208 944 2253 tu
981 2215 1041 2255 es
1073 2201 1212 2255 Deus
1241 2213 1449 2269 noster,
1473 2206 1755 2275 excipiens
1786 2207 1900 2262 haec
1929 2209 2095 2271 dona,

520 2291 747 2359 purilica
788 2308 889 2347 nos
922 2293 993 2347 ab
1030 2296 1179 2348 omni
1222 2297 1432 2349 macula
1464 2298 1650 2352 carnis
1676 2310 1735 2352 et
1763 2301 2014 2369 spiritus,
2044 2310 2099 2356 ct

519 2385 653 2437 doce
681 2385 939 2453 perlicere
970 2387 1459 2443 sanctiﬁcationcm
1488 2391 1540 2443 in
1574 2392 1771 2447 timore
1807 2403 1922 2457 tuo,
1952 2405 2012 2448 ut
2043 2398 2097 2449 in

520 2491 658 2543 puro
708 2479 1057 2533 conscientia:
1106 2482 1423 2537 testimonio
1477 2493 1679 2539 nostrae
1733 2488 2099 2557 suscipientes

518 2578 729 2636 partem
789 2579 1006 2624 tuorum
1058 2571 1253 2626 borttm
1299 2586 1789 2641 sacramentorum,
1841 2581 2100 2635 uniamur

516 2676 641 2715 cum
680 2669 872 2715 sancto
899 2677 1129 2734 corpore
1158 2674 1211 2718 et
1240 2667 1507 2735 sanguine
1536 2668 1740 2725 Christi
1774 2673 1874 2735 tui,
1922 2683 1974 2725 et
2009 2689 2098 2727 re-

516 2752 783 2822 cipientes
803 2754 892 2809 illa
906 2755 1071 2826 digne
1085 2757 1387 2812 habeamus
1405 2758 1682 2815 Christum
1701 2762 2093 2817 inhabitantem

518 2844 574 2897 in
606 2845 863 2899 cordibus
913 2848 1135 2911 nostris,
1170 2859 1223 2903 et
1266 2851 1464 2905 liatnus
1507 2854 1765 2921 templum
1800 2856 1977 2908 sancti
2018 2857 2092 2908 tui

519 2934 778 3002 Spiritus.
824 2939 1002 3001 Certe,
1039 2938 1179 2995 Deus
1227 2953 1433 3008 noster,
1481 2945 1689 2997 nullum
1737 2961 1767 2998 e
1820 2947 1978 3001 nobis
2012 2946 2094 3000 la—

517 3026 635 3080 cius
663 3042 814 3081 reum
854 3031 1257 3084 trcmcmlormn
1298 3034 1523 3088 istorum
1564 3048 1616 3090 ct
1644 3039 1951 3092 cmlestium
1985 3055 2095 3110 my-

517 3119 828 3174 steriorum.
871 3139 1044 3191 neque
1074 3137 1273 3193 tegrota
1320 3127 1501 3181 anima
1539 3140 1592 3182 et
1622 3144 1854 3199 corpore
1879 3147 1998 3186 esse
2021 3133 2093 3186 ob

515 3208 791 3279 indignam
830 3210 1048 3266 illorutn
1098 3215 1535 3284 susceptionem;
1570 3219 1662 3274 sed
1706 3222 1771 3272 da
1812 3220 1969 3275 nobis
2002 3237 2093 3275 us-

2218 615 2549 685 ΙΙνεύματος,
2587 615 2683 668 νῦν
2732 616 2827 669 καὶ
2873 617 2984 682 ἀεὶ,
3016 620 3111 670 καὶ
3162 620 3244 683 εἰς
3291 620 3420 683 τοὺς
3448 621 3647 685 αἰῶνας
3674 624 3771 676 τῶν

2212 706 2447 759 αἰώνων.

2284 802 2393 853 Καὶ
2444 802 2596 854 ἔσται
2634 800 2700 853 τὰ
2732 800 2854 871 ὲλέη
2890 801 2985 854 τοῦ
3019 802 3256 871 μεγάλου
3309 803 3445 857 Θεοῦ
3477 806 3572 858 καὶ
3601 807 3770 878 Σωτῆ-

2213 908 2305 959 ρος
2330 892 2486 961 ἡμῶν
2531 891 2704 961 Ἰησοῦ
2732 890 2971 963 Χριστοῦ
3008 894 3148 962 μετά
3174 895 3393 948 πάντων
3427 896 3605 965 ὑμῶν.

2283 984 2508 1036 Πάντων
2566 982 2674 1036 τῶν
2720 985 2892 1051 ἁγίων
2927 987 3422 1056 μνημονεύσαντες,
3454 990 3534 1045 ἔτι
3580 992 3674 1045 καὶ
3703 992 3772 1047 ἔτι

2211 1075 2268 1126 ὲν
2296 1076 2489 1148 εἰρήνῃ
2511 1075 2605 1128 τοῦ
2641 1077 2845 1147 Κυρίου
2875 1079 3188 1150 δεηθῶμεν.

2285 1260 2469 1323 Ὅπως
2498 1262 2525 1312 6
2578 1261 2959 1333 φιλάνθρωπος
2994 1265 3129 1329 Θεὸς
3178 1266 3357 1336 ήμῶν,
3408 1268 3437 1319 6
3488 1267 3776 1337 προσδεξά-

2209 1366 2373 1417 μενος
2401 1351 2540 1403 αὐτά
2568 1352 2648 1413 είς
2678 1352 2739 1404 τὸ
2780 1352 2936 1426 ἅγιον
2970 1356 3065 1408 καὶ
3095 1356 3495 1426 ὐπερουράνιον
3526 1358 3617 1411 καὶ
3671 1376 3774 1410 νοεο

2209 1440 2301 1509 ρὸν
2328 1441 2495 1493 αὐτοῦ
2547 1442 2963 1514 θυσιαστήριον,
3022 1447 3102 1509 εἰς
3134 1449 3311 1517 ὀσμὴν
3353 1448 3585 1512 εὐωδίας
3625 1467 3774 1501 πνευ-

2211 1531 2473 1599 ματικῆς,
2504 1532 2981 1605 ἀντικαταπέμψοι
3008 1538 3141 1606 ἡμῖν
3172 1538 3271 1607 τὴν
3309 1537 3459 1590 θείαν
3493 1539 3652 1610 χάριν
3688 1539 3775 1591 καὶ

2206 1622 2303 1692 τὴν
2327 1621 2537 1690 δωρεὰν
2567 1623 2662 1675 τοῦ
2694 1625 2848 1691 ἁγίου
2882 1626 3221 1695 Πνεύματος,
3252 1628 3554 1697 δεηθῶμεν.

2286 1715 2458 1785 ’Υπὲρ
2511 1716 2605 1769 τοῦ
2655 1717 2921 1788 ρυσθῆναι
2956 1719 3102 1788 ἡμᾶς
3137 1719 3244 1772 ἀπὸ
3295 1722 3477 1790 πάσης
3531 1720 3771 1791 θλίψεως,

2205 1807 2396 1878 ὀργῆς,
2430 1809 2700 1880 ἀνάγκης,
2740 1809 2832 1861 τοῦ
2867 1811 3072 1881 Κυρίου
3102 1811 3406 1881 δεηθῶμεν.

2614 1918 2668 1970 '0
2697 1919 2888 1987 Ιερεὺς
2923 1920 3240 1989 ἐπεύχεται
3268 1922 3401 1993 (Η).

2285 2010 2342 2063 '0
2372 2010 2505 2073 Θεὸς
2540 2010 2719 2079 ἡμῶν,
2762 2013 2790 2064 6
2821 2011 2953 2074 Θεὸς
2986 2011 3079 2064 τοῦ
3115 2012 3332 2078 σώζειν,
3396 2014 3459 2067 σύ
3491 2015 3640 2084 ἡμᾶς
3697 2017 3772 2070 δί-

2200 2101 2355 2166 δαξον
2388 2103 2733 2171 εὐχαριστεῖν
2767 2120 2849 2155 σοι
2877 2102 3042 2167 ἀξίως
3065 2103 3177 2156 τῶν
3208 2105 3538 2175 εὐεργεσιῶν
3558 2124 3673 2173 σου,
3704 2101 3773 2162 ὧν
3802 2117 3810 2127 '

2200 2197 2467 2266 ἐποίησας
2489 2196 2587 2249 καὶ
2615 2199 2790 2259 ποιεῖς
2816 2197 2936 2266 μεθ’
2968 2197 3127 2267 ήμῶν
3151 2212 3169 2226 ⁸
3205 2199 3269 2251 σὺ
3302 2195 3355 2251 εἶ
3382 2199 3410 2250 6
3440 2200 3576 2263 Θεὸς
3605 2201 3770 2272 ήμῶν,

2201 2288 2230 2338 6
2259 2287 2699 2356 προσδεξάμενος
2730 2289 2797 2340 τά
2834 2288 2984 2358 δῶρα
3009 2288 3183 2343 ταῦτα
3210 2305 3227 2321 ο
3277 2290 3578 2361 καθάρισον
3633 2289 3771 2363 ἧμιῖς

2201 2382 2309 2433 ἀπὸ
2360 2381 2564 2445 παντὸς
2598 2381 2875 2450 μολυσμοῦ
2916 2382 3119 2452 σαρκὸς
3169 2384 3263 2436 κα)⁸
3311 2384 3649 2453 πνεύματος,
3688 2389 3773 2442 καὶ

2198 2473 2409 2539 δίδαξον
2453 2475 2722 2526 ἐπιτελεῖν
2760 2473 3073 2544 ἁγιωσύνην
3123 2476 3181 2527 ὲν
3230 2475 3381 2545 φόϐῳ
3412 2493 3528 2541 σου,
3589 2478 3674 2531 ἵνα
3720 2480 3773 2529 ἐν

2206 2564 2431 2634 καθαρῷ
2465 2566 2543 2634 τῷ
2594 2564 2879 2635 μαρτυρίῳ
2924 2565 3022 2635 τῆς
3054 2566 3418 2636 συνειδήσεως
3460 2569 3622 2637 ήμῶν
3661 2570 3775 2621 ὐπο-

2198 2659 2478 2728 δεχόμενοι
2504 2660 2603 2730 τὴν
2638 2661 2833 2730 μερίδα
2856 2661 2965 2714 τῶν
3006 2661 3369 2731 ἁγιασμάτων
3400 2679 3519 2726 σου,
3572 2664 3774 2716 ἐνωθῶ-

2202 2770 2302 2822 μεν
2346 2751 2423 2822 τῷ
2476 2753 2617 2823 ἁγίῳ
2646 2752 2859 2823 σώματι
2891 2754 2984 2807 καὶ
3014 2754 3210 2823 αἵματι
3238 2752 3333 2806 τοῦ
3370 2755 3611 2824 Χριστοῦ
3663 2774 3770 2819 σου,

2198 2846 2293 2897 καὶ
2322 2844 2715 2913 ὑποδεξάμενοι
2751 2844 2891 2898 αὐτά
2929 2844 3098 2909 ἀξίως
3141 2844 3361 2915 σχῶμεν
3407 2845 3496 2899 τὸν
3546 2848 3771 2916 Χριστὸν

2198 2935 2561 2989 κατοικοῦντα
2596 2938 2653 2988 ὲν
2685 2939 2808 2999 ταῖς
2858 2937 3114 3007 καρδίαις
3168 2938 3347 3007 ήμῶν,
3374 2939 3469 2990 καὶ
3489 2938 3770 3008 γενώμεθα

2198 3027 2325 3090 ναὸς
2358 3027 2451 3079 τοῦ
2486 3028 2644 3095 ἁγίου
2703 3045 2798 3081 σου
2832 3028 3173 3098 Πνεῦματος.
3212 3029 3343 3091 Ναὶ,
3376 3031 3403 3081 6
3437 3030 3572 3092 Θεὸς
3604 3030 3767 3099 ἡμῶν,

2196 3119 2293 3173 καὶ
2325 3121 2531 3189 μηδένα
2565 3121 2723 3192 ήμῶν
2754 3122 2939 3191 ἔνοχον
2984 3122 3217 3191 ποιήσῃς
3257 3121 3367 3175 τῶν
3396 3124 3647 3191 φρικτῶν
3684 3141 3767 3175 σου

2195 3212 2401 3265 τούτων
2450 3213 2545 3266 καὶ⁸
2608 3213 2953 3282 ἐπουρανίων
3005 3213 3341 3285 μυστηρίων,
3389 3213 3524 3283 μηδὲ
3578 3214 3769 3284 ἀσθενῆ

512 3317 621 3370 que
672 3302 739 3381 ad
780 3304 1028 3359 ultimum
1074 3316 1322 3363 nostrum
1357 3310 1609 3377 Spiritum
1657 3312 1818 3381 digne
1849 3314 2120 3381 recipere'

2195 3303 2338 3373 ψυχῇ
2366 3304 2460 3356 καὶ
2484 3301 2698 3373 σώματι
2730 3306 2793 3356 ἐκ
2826 3302 2921 3355 τοῦ
2965 3304 3203 3369 ἀναξίως
3246 3303 3428 3356 αὐτῶν
3487 3306 3768 3374 μεταλαμ-

515 3380 727 3463 pan-teni
770 3410 1237 3455 sacramentorum
1273 3410 1517 3467 tuorum,
1566 3406 1618 3457 in
1675 3405 1931 3459 viaticum
1967 3407 2091 3459 vita:

508 3496 746 3548 aeternae.
793 3490 845 3543 in
880 3490 1253 3547 defensionem
1297 3496 1705 3563 propitiabilem
1740 3512 1925 3550 coram
1976 3506 2090 3551 tre-

512 3581 710 3635 trendo
738 3582 993 3636 tribunali
1026 3583 1227 3638 Christi
1256 3587 1362 3649 tui;
1396 3595 1453 3638 ιιι
1475 3596 1527 3639 et
1551 3603 1650 3641 nos
1679 3603 1804 3641 cum
1833 3588 2089 3643 omnibus

509 3675 738 3739 sanctis,
771 3675 862 3744 qui
892 3676 985 3729 tibi
1015 3678 1306 3731 abzeterno
1327 3679 1671 3746 placuerunt,
1705 3682 1899 3736 liantus
1921 3685 2086 3751 parti-

510 3766 661 3832 cipes
690 3776 1021 3821 aaternorum
1050 3778 1267 3824 tuorum
1295 3771 1587 3837 bonorum,
1619 3788 1739 3842 quae
1766 3775 1972 3845 parasti
2003 3775 2089 3831 di-

509 3855 803 3926 ligentibus
827 3868 900 3927 te,
933 3860 1181 3917 Domine.

1149 4159 1420 4215 Diacomts

573 4251 733 4318 Juva,
766 4267 947 4320 serva,
980 4254 1264 4320 miserere,
1298 4265 1351 4308 et
1393 4255 1613 4311 custodi
1644 4270 1768 4322 nos,
1801 4255 1963 4322 Deus,
1993 4264 2083 4311 tua

504 4347 703 4412 gratia.

574 4436 804 4492 Omnem
841 4437 981 4492 diem
1018 4441 1338 4508 perlectam,
1369 4449 1639 4508 sanctam,
1672 4442 1982 4511 paciﬁcam,
2023 4448 2079 4496 ct

504 4530 848 4583 innocentem
876 4547 906 4583 a
941 4530 1171 4585 Domino
1202 4533 1578 4602 deprecemur,

569 4620 830 4689 Augeluni
868 4623 1038 4690 pacis,
1090 4623 1302 4679 ﬁdelem
1355 4625 1571 4694 ducem,
1616 4632 1899 4687 custodem
1957 4636 2077 4689 aui-
2116 4647 2159 4701 ι)

507 4726 721 4764 marum
754 4720 809 4765 et
839 4728 1151 4782 corporum,

575 4798 975 4869 [indulgentiam
1035 4812 1091 4857 et
1160 4806 1541 4862 remissionem
1594 4820 1949 4879 peccatorum
2026 4827 2083 4873 ct

498 4888 783 4958 culparum
816 4891 1125 4950 animarum
1154 4906 1468 4953 nostrarum
1501 4909 1556 4955 et
1586 4918 1905 4973 corporum.

564 5073 704 5144 Ipse,
738 5076 1057 5134 Dominator
1079 5082 1349 5148 omnium,
1379 5085 1446 5139 da
1478 5085 1594 5143 lieri
1631 5089 1789 5144 nobis
1824 5104 2075 5146 commu-

494 5168 825 5223 nicationem
857 5173 1029 5227 sancti
1058 5174 1309 5243 corporis
1335 5185 1388 5230 et
1414 5179 1700 5248 sanguinis
1738 5180 1940 5236 Christi
1968 5183 2070 5245 lui,

493 5262 549 5314 in
570 5262 727 5315 lidcm
750 5280 858 5317 non
879 5264 1313 5335 erubescentem,
1334 5271 1657 5327 charitatem
1676 5289 1783 5328 non
1804 5273 2065 5342 fucatam,

492 5354 639 5408 ahun
666 5357 888 5411 lantiam
937 5358 1240 5428 sapientiae,
1278 5365 1572 5420 sanitatem
1606 5368 1805 5423 anima:
1844 5378 1897 5424 et
1944 5385 2073 5425 cor-

491 5449 663 5517 poris,
695 5452 1041 5507 avcrsionem
1074 5456 1257 5511 omnis
1301 5460 1587 5525 contrarii,
1626 5461 1679 5515 in
1730 5462 2076 5517 observatio-

494 5553 616 5591 nem
653 5551 1049 5612 praaceptorum
1100 5554 1345 5613 tuorum,
1383 5557 1438 5603 et
1476 5549 1852 5606 defensionem
1888 5552 2075 5622 propi-

492 5638 516 5681 t
540 5632 738 5689 abilcm
771 5645 898 5691 ante
930 5642 1271 5695 tremendum
1303 5643 1546 5698 tribunal
1573 5644 1777 5701 Christi
1805 5646 1910 5700 tui.

2197 3396 2382 3449 6άνειν
2417 3412 2430 3426 °
2483 3395 2621 3448 ἀλλά
2670 3394 2759 3457 δὸς
2790 3396 2925 3465 ήμῐν
2971 3396 3136 3467 μέχρι
3190 3395 3290 3463 τῆς
3327 3396 3566 3466 ἐσχάτης
3622 3396 3768 3466 ἡμῶν

2195 3489 2473 3558 ἀναπνοῆς
2507 3488 2676 3555 ἀξίως
2703 3488 3063 3559 ὑποδέχεσθαι
3102 3488 3200 3558 τὴν
3234 3488 3428 3558 μερίδα
3458 3490 3570 3541 τῶν
3622 3490 3767 3556 ἁγια-

2196 3583 2422 3652 σμάτων
2451 3600 2565 3648 σου,
2600 3584 2681 3645 εἰς
2735 3581 2949 3651 ἑφόδιον
2992 3580 3136 3649 ζωῆς
3172 3583 3415 3645 αἰωνίου,
3465 3583 3547 3646 εἰς
3583 3582 3768 3635 ἀπολο-

2192 3674 2322 3744 γίαν
2359 3674 2760 3745 εὐπρόσδεκτον
2818 3674 2917 3744 τὴν
2970 3675 3064 3727 ἐπὶ
3114 3674 3209 3727 τοῦ
3258 3674 3493 3743 φοϐεροῦ
3532 3675 3767 3745 βήματος

2190 3767 2284 3821 τοῦ
2318 3766 2557 3837 Χριστοῦ
2594 3784 2686 3820 σου
2719 3784 2731 3797 ·
2764 3767 2912 3829 ὅπως
2940 3766 3007 3821 ἂν
3059 3769 3153 3820 καὶ
3197 3768 3357 3836 ἡμεῖς
3387 3766 3530 3835 μετά
3559 3767 3766 3820 πάντων

2188 3858 2299 3911 τῶν
2333 3858 2525 3926 ἁγίων,
2558 3858 2668 3912 τῶν
2723 3857 2820 3910 ἀπ’
2884 3858 3080 3921 αἰῶνός
3136 3876 3218 3911 σοι
3268 3860 3765 3937 εὐαρεστησάντων,

2190 3951 2482 4022 γενώμεθα
2534 3951 2757 4022 μέτοχοι
2804 3952 2916 4005 τῶν
2964 3952 3199 4005 αἰωνίων
3258 3969 3354 4005 σου
3411 3952 3657 4022 ἀγαθῶν,
3699 3949 3767 4008 ὧν

2190 4046 2501 4117 ἡτοίμασας
2531 4047 2643 4108 τοῖς
2673 4044 2933 4114 ἁγαπῶσί
2984 4062 3065 4105 σε,
3108 4044 3302 4116 Κύριε.

2791 4152 2855 4206 Ὀ
2887 4151 3192 4219 διάκονος.

2273 4242 2614 4303 ’Λντελαόοῦ,
2678 4244 2874 4310 σῶσον,
2958 4244 3203 4317 ἐλέησον,
3286 4248 3380 4300 καὶ
3444 4247 3761 4317 ἃιαφύλαξον

2188 4335 2357 4403 ἡμᾶς.
2394 4336 2421 4387 ιδ
2456 4333 2607 4399 θεὸς,
2638 4338 2702 4406 τῇ
2739 4338 2805 4406 σῇ
2840 4336 3046 4407 χάριτι.

2259 4428 2371 4498 Τὴν
2407 4430 2622 4499 ἡμέραν
2646 4430 2829 4482 πᾶσαν
2856 4429 3092 4495 τελείαν,
3124 4430 3311 4497 ἁγίαν,
3346 4433 3632 4503 εἰρηνικὴν
3674 4432 3761 4487 καὶ

2187 4520 2579 4592 ἀναμάρτητον
2612 4522 2765 4589 παρά
2792 4522 2867 4591 τῷ
2890 4523 3082 4593 Κυρίῳ
3109 4522 3485 4593 αἰτησώμεθα,

2265 4614 2537 4683 ’Ἄγγελον
2573 4615 2820 4685 εἰρήνης,
2872 4614 3084 4683 πιστὸν,
3127 4615 3340 4686 ὁδηγὸν,
3381 4615 3597 4685 φύλακα
3659 4616 3761 4671 τῶν

2185 4706 2373 4778 ψυχῶν
2404 4707 2497 4761 καὶ
2517 4707 2625 4759 τῶν
2658 4707 2951 4777 σώματων,

2257 4799 2597 4870 Συγγνώμην
2639 4801 2733 4853 καὶ
2761 4801 2957 4867 ἄφεσιν
3005 4799 3116 4853 τῶν
3169 4801 3463 4872 ἁμαρτιῶν
3524 4802 3618 4856 καὶ
3658 4800 3758 4855 τῶν

2180 4892 2680 4963 πλημμελημάτων
2730 4894 2840 4948 τῶν
2889 4892 3081 4964 ψυχῶν
3132 4894 3291 4965 ήμῶν
3346 4894 3442 4948 καὶ
3499 4896 3609 4949 τῶν
3658 4912 3757 4949 σω-

2229 4998 2392 5035 ατων.

2229 5000 2392 5035 ατων.

2184 5000 2222 5053 μ
2259 5072 2452 5136 Αὐτὸς,
2480 5075 2725 5127 Δέσποτα
2748 5072 2857 5127 τῶν
2874 5073 3155 5139 ἁπάντων,
3195 5075 3282 5139 δὸς
3338 5076 3593 5144 γενέσθαι
3634 5078 3755 5148 ἡμῖν

2183 5165 2283 5234 τήν
2315 5164 2601 5219 κοινωνίαν
2634 5166 2728 5219 τοῦ
2756 5167 2916 5234 ἀγίου
2953 5166 3208 5239 σώματος
3259 5168 3352 5222 καὶ
3402 5171 3633 5239 αἵματος
3667 5169 3751 5225 τοῦ

2182 5253 2425 5323 Χριστοῦ
2452 5272 2571 5321 σου,
2601 5256 2683 5319 εἰς
2717 5256 2903 5311 πίστιν
2925 5257 3381 5329 ἀκαταίσχυντον.
3414 5263 3494 5324 είς
3544 5263 3748 5331 ἀγάπην

2182 5344 2562 5416 ἀνυπόκριτον,
2615 5347 2694 5409 εἰς
2743 5346 3061 5420 πλησμονὴν
3099 5351 3310 5418 σοφίας,
3372 5352 3451 5415 εἰς
3492 5351 3634 5407 ῐασιν
3659 5352 3750 5422 ψυ-

2187 5438 2290 5506 χῆς
2321 5439 2414 5490 καὶ
2447 5436 2718 5509 σώματος,
2755 5442 2835 5504 είς
2872 5441 3192 5514 ἀποτροπὴν
3228 5444 3434 5508 παντὸς
3488 5446 3744 5505 ἐναντίου.

2186 5530 2265 5590 εἰς
2301 5530 2651 5601 περιποίησιν
2704 5532 2813 5585 τῶν
2879 5533 3109 5586 ἐντολῶν
3172 5553 3287 5599 σου,
3340 5539 3420 5600 εἰς
3467 5536 3747 5605 ἀπολογίαν

2187 5623 2592 5691 εὐπρόσδεκτον
2615 5623 2713 5695 τὴν
2742 5625 2835 5679 ἐπὶ
2870 5626 3106 5698 φοϐεροῦ
3131 5628 3373 5700 βήματος
3404 5630 3498 5683 τοῦ
3521 5628 3741 5702 Χριστοῦ

2185 5732 2299 5769 σου.

573 5859 616 5923 (l
642 5859 681 5927 ἱ)
724 5858 817 5913 Est
856 5861 969 5916 lucc
1001 5866 1176 5921 oratio
1210 5867 1264 5921 in
1305 5869 1511 5941 Vulgari
1559 5871 1637 5925 lit.
1680 5871 1737 5926 S.
1777 5870 1959 5927 Basilii
1998 5881 2051 5927 et
2078 5872 2130 5927 in
2158 5872 2521 5930 Alexandrina
2555 5875 2697 5946 apud
2733 5874 3038 5934 chaudot.
