4032 6462
458 465 587 532 1311
1202 467 1590 531 OPUSCUL'A
1639 464 2057 528 LlTURGlCA
2098 463 2452 526 INCERT/E
2492 464 2806 526 IE'I‘ATIS.
3585 458 3726 522 1312

523 612 593 624 --
624 580 679 634 In
712 580 982 635 matutino
1010 579 1275 649 Dciparzc.
2062 573 2115 636 Α

2062 573 2116 636 Α
2208 610 2278 620 -—
2311 579 2404 643 Είς
2423 578 2517 631 τὸν
2555 577 2753 647 ὄρθρον
2776 575 2877 645 τῆς
2909 573 3198 629 Θεοτόκου.

522 702 593 713 -——
618 671 675 725 In
707 682 976 726 nocturno
1004 672 1271 740 Deiparte.

2212 700 2283 711 —
2309 672 2403 734 Είς
2436 670 2533 742 τὴν
2555 668 2858 738 παννυχίδα
2886 667 2990 737 τῆς
3020 666 3310 722 Θεοτόκου.

523 764 575 819 8.
603 761 869 818 Nativitas
903 762 1167 831 Dciparaa.

2213 763 2285 835 η’.
2319 764 2394 817 Τὸ
2426 764 2672 833 γενέσιον
2698 763 2797 832 τῆς
2815 761 3106 814 Θεοτόκου.

523 857 574 911 9.
608 855 850 910 Joacliim
882 863 939 910 et
960 855 1148 909 Anna).

2224 852 2293 909 θ’.
2345 854 2603 923 ’ῐωακεὶμ
2638 852 2736 907 καὶ
2771 852 2996 921 Ἀννης.

526 949 611 1002 10.
648 949 701 1001 In
727 949 1045 1003 adoratione
1073 948 1365 1004 venerandi
1396 949 1554 1021 ligni.

2216 942 2267 999 ι’.
2308 945 2401 1008 El;
2434 945 2534 1011 τὴν
2552 941 2929 1014 προσκύνησιν
2957 939 3052 994 τοῦ
3081 939 3267 1012 τιμίου
3305 937 3488 1004 ξύλου.

420 1072 425 1104 λ
525 1042 613 1097 11.
644 1041 699 1094 In
731 1042 1073 1096 ailoratione.

2215 1036 2306 1092 ια’.
2346 1039 2442 1102 Είς
2475 1038 2577 1106 τὴν
2608 1037 3006 1107 προσκύνησιν.

526 1133 612 1187 12.
645 1133 702 1186 ln
732 1132 1076 1199 adoratione,
1108 1142 1162 1188 et
1189 1134 1362 1189 sancti
1393 1132 1713 1205 Antonymi.

2216 1128 2306 1199 ιβ’.
2334 1130 2429 1194 Εἰς
2478 1128 2577 1201 τὴν
2629 1128 3026 1201 προσκύνησιν,
3070 1127 3297 1183 καὶτοῦ
3344 1127 3503 1196 ἁγίου
3559 1127 3731 1179 Αὐτο-

2143 1220 2310 1291 νόμου
2322 1263 2334 1275 .

531 1316 620 1372 15.
653 1318 708 1371 In
742 1318 1083 1375 adoratione.

2221 1309 2312 1379 ιγ’.
2340 1311 2435 1375 Είς
2470 1311 2571 1379 τὴν
2602 1313 2994 1382 προσκύνησιν.

523 1436 596 1449 -—
626 1408 923 1463 Sabbatum
958 1418 1085 1463 ante
1108 1409 1526 1465 exaltationem.

2211 1431 2271 1441 —-
2303 1402 2584 1456 Σὰϐϐατον
2607 1403 2713 1475 πρὸ
2738 1403 2838 1471 τῆς
2881 1401 3193 1471 ’Υψὼσεως.

523 1529 593 1539 -
628 1499 908 1555 Dominica
945 1511 1072 1556 ante
1101 1502 1518 1556 exaltationem.

2211 1523 2283 1534 —
2324 1496 2578 1567 Κυριακὴ
2610 1498 2717 1567 πρὸ
2746 1497 2846 1564 τῆς
2885 1496 3200 1564 ’Υψὼσεως.

526 1590 613 1645 14.
654 1590 709 1644 1η
750 1600 1025 1646 nocturno
1051 1592 1425 1647 exaltationis.

2213 1584 2296 1640 ιδ’.
2331 1588 2424 1651 Εἰς
2462 1589 2560 1659 τὴν
2592 1589 2892 1659 παννυχίδα
2919 1589 3020 1657 τῆς
3056 1588 3372 1659 ’Υψὼσεως.

530 1711 602 1722 ——
642 1680 939 1735 Sabbatum
967 1690 1090 1751 post
1118 1682 1525 1737 exaltationem.

2207 1679 2572 1734 -Σὰδϐατον
2604 1682 2742 1749 μετὰ
2763 1680 2866 1748 τὴν
2891 1680 3162 1749 ”Υψωσιν.

526 1803 599 1812 -
619 1771 903 1826 Dominica
933 1783 1058 1841 post
1083 1773 1496 1828 exaltationcm.

2208 1802 2281 1813 -—
2299 1774 2553 1843 Κυριακὴ
2581 1774 2718 1844 μετὰ
2742 1775 2843 1845 τὴν
2869 1774 3134 1843 "Nomm.

529 1866 617 1919 15.
681 1865 842 1922 Sexta
905 1865 1168 1937 synodus,
1237 1873 1292 1919 et
1351 1874 1671 1920 sanctorum
1728 1873 2032 1936 martyrum
2074 1922 2117 1941 ,ἱ

2219 1862 2301 1919 ιε’.
2344 1867 2409 1920 Ἠ
2433 1864 2486 1932 ς’
2518 1866 2755 1934 σύνοδος,
2781 1869 2873 1921 καὶ
2897 1868 3006 1922 τῶν
3039 1869 3208 1937 ἁγίων
3240 1868 3535 1941 μαρτύρων
3565 1867 3735 1923 Ἀκα-

460 1959 639 2014 Acacii
666 1968 721 2013 et
746 1958 968 2014 Nicetae.

1154 1922 1167 1929 Ι
1877 1922 1894 1936 ⁷
2071 1922 2119 1981 Β
2148 1957 2269 2011 κίου
2300 1958 2395 2010 καὶ
2423 1922 2663 2029 [ἧικήτα.

534 2047 622 2102 16.
659 2047 875 2104 Sanctae
902 2046 1242 2117 Euphemite.

2220 2047 2315 2115 ις’.
2346 2050 2458 2120 Τῆς
2493 2051 2657 2117 ἁγίας
2686 2051 2996 2122 Εὐφημίας.

530 2138 620 2192 1.7.
660 2136 983 2192 Sanctorum
1020 2147 1322 2207 martyrum
1360 2132 1652 2205 Eulampii,
1681 2141 1738 2190 et
1760 2132 2047 2189 sociorum

2220 2141 2308 2205 ιζ’.
2360 2142 2483 2196 Τῶν
2514 2142 2687 2212 ἁγίων
2727 2143 3027 2216 μαρτύρων
3079 2143 3421 2215 Εύλαμπίου,
3469 2143 3568 2197 καὶ
3623 2142 3730 2196 τῶν

458 2230 601 2299 ejus.

2149 2232 2246 2286 σὺν
2269 2231 2438 2302 αὐτῷ.

529 2320 619 2375 18.
662 2319 877 2375 Sancta:
906 2318 1230 2375 Theodom.

2221 2322 2313 2394 ιη’.
2341 2325 2451 2390 Τῆς
2481 2325 2642 2393 ἁγίας
2666 2324 2973 2395 Θεοδὼρης.

529 2412 622 2467 19.
683 2410 870 2467 Sancti
944 2411 1204 2482 martyris
1278 2409 1587 2481 Tropiiimi,
1654 2418 1710 2465 et
1764 2408 2049 2466 sociorum

2221 2415 2309 2471 ιϐ’.
2338 2416 2445 2471 Τοῦ
2481 2417 2640 2486 ἁγίου
2681 2417 2962 2490 μάρτυρος
2990 2418 3294 2491 Τροφίμου,
3329 2417 3425 2471 καὶ
3477 2418 3591 2471 τῶν
3634 2417 3731 2470 σὺν

458 2508 601 2572 cjns.

2148 2508 2326 2577 αὐτῷ.

526 2596 617 2650 20.
643 2594 828 2653 Sancti
862 2594 1154 2660 Eustathii,
1190 2606 1244 2651 ct
1273 2594 1551 2651 sociorum
1586 2593 1730 2665 ejus.

2219 2607 2288 2657 κ’.
2324 2601 2431 2655 Τοῦ
2459 2602 2617 2671 ἁγίου
2649 2604 2972 2669 Εύσταθίου,
3002 2603 3093 2656 καὶ
3122 2602 3230 2657 τῶν
3254 2604 3352 2657 σὺν
3384 2603 3555 2672 αύτῳ.

525 2687 617 2742 21.
657 2686 839 2741 Sancti
873 2686 1105 2756 apostoli
1133 2685 1376 2740 Codrati-
2218 2693 2329 2749 κα’.
2356 2695 2464 2749 Τοῦ
2490 2697 2646 2764 ἁγίου
2670 2697 2970 2751 ἀποστόλου
2999 2696 3305 2767 Κοδρᾶτου.

526 2781 617 2835 22.
657 2780 841 2834 Sancti
870 2779 1128 2850 martyris
1154 2779 1375 2834 Pliocaa.

2219 2787 2324 2859 κβ’.
2352 2787 2461 2841 Τοῦ
2494 2789 2651 2857 ἁγίου
2688 2790 2964 2861 μάρτυρος
2986 2790 3169 2844 Φωκᾶ.

531 2901 596 2911 --
631 2870 833 2926 Eadem
870 2870 960 2925 die
986 2875 1263 2939 propheta:
1288 2868 1453 2925 Jona.

2220 2909 2288 2923 -—
2313 2881 2392 2951 Τῇ
2430 2881 2569 2951 αὐτῇ
2609 2881 2813 2953 ἡμέρᾳ.
2846 2880 2953 2935 Τοῦ
2990 2882 3269 2952 προφήτου
3311 2882 3517 2936 Ἰων⁶.ᾶ.

527 2961 619 3015 25.
664 2960 964 3029 Conreptio
995 2959 1389 3013 Praecursoris.

2219 2970 2326 3041 κγ’.
2382 2972 2448 3025 Ἠ
2481 2973 2746 3043 σύλληψις
2780 2972 2874 3026 τοῦ
2908 2974 3250 3045 Προδρόμου.

527 3055 618 3109 21.
652 3053 869 3109 Sanctm
898 3052 1133 3107 Thecla.

2221 3066 2323 3121 κδ’.
2349 3066 2461 3135 Τῆς
2500 3066 2660 3133 ἁγίας
2691 3066 2919 3130 Θέκλας.

527 3146 619 3201 25.
651 3144 869 3200 Sanctae
893 3144 1286 3214 Enphrosynae,
1311 3150 1365 3198 et
1399 3141 1601 3196 litanias
1629 3140 1841 3212 Campi.

2220 3156 2323 3212 κε’.
2357 3158 2469 3225 Τῆς
2498 3158 2651 3222 ὁσίας
2693 3158 3069 3231 Εὐφροσύνης,
3100 3159 3195 3213 καὶ
3259 3160 3357 3232 τῆς
3418 3159 3579 3229 λιτῆς
3635 3157 3726 3212 τοῦ

2071 3273 2115 3334 C
2148 3251 2414 3323 Κάμπου.

528 3326 619 3382 26.
650 3325 928 3397 Dcpositio
958 3324 1131 3381 sancti
1154 3323 1378 3381 Joannis
1408 3324 1692 3396 Tlicologi.
2078 3323 2115 3334 ‘

2221 3339 2337 3407 σις’.
2378 3343 2443 3395 'H
2476 3342 2811 3413 μετάστασις
2836 3343 2930 3398 τοῦ
2983 3344 3141 3413 ἁγίου
3184 3344 3431 3400 Ἰωάννου
3466 3344 3563 3398 τοῦ
3598 3343 3723 3396 Θεο-

2148 3432 2335 3502 λόγου.

526 3515 618 3571 27.
649 3514 833 3570 Sancti
857 3514 1181 3570 Callistrati.
2220 3525 2323 3593 κζ’,
2348 3526 2454 3581 Τοῦ
2477 3529 2637 3598 ἁγίου
2656 3529 3095 3602 Καλλιστράτου.

524 3611 619 3667 28.
654 3609 801 3664 Beati
832 3607 1171 3665 Cliaritonis.

2220 3624 2329 3690 κη’.
2362 3618 2470 3672 Τοῦ
2506 3621 2655 3674 όσίου
2689 3620 3022 3693 Χαρίτωνος.

524 3701 621 3757 29.
652 3701 801 3756 Beati
829 3700 1066 3769 Cyriaci.

2219 3707 2322 3762 x0'.
2350 3709 2459 3761 Τοῦ
2485 3710 2634 3762 ὁσίου
2666 3711 2970 3782 Κυριακοῦ.

513 3794 618 3849 '30.
649 3792 835 3848 Sancti
866 3791 1116 3862 Gregorii
1153 3804 1363 3860 magna:
1391 3787 1691 3843 Armeniae.

2218 3796 2284 3853 λ’.
2324 3798 2433 3853 Τοῦ
2459 3801 2616 3871 ἁγίου
2651 3802 2691 3855 Γ
2696 3802 2958 3875 ρηγορίου
2987 3802 3085 3873 τῆς
3127 3803 3371 3877 μεγάλης
3410 3805 3720 3877 Ἀρμενίας.

924 3913 1177 3969 MENSIS
1244 3912 1586 3969 OCTOBER.

2650 3930 2810 3984 MHN
2828 3930 3236 3985 ΟΚΤΩΒΡῙΟΣ.

533 4045 587 4102 1.
625 4044 811 4099 Sancti
845 4044 1075 4114 θροειοιὶ
1103 4043 1355 4099 Ᾱηθηίωο
2219 4056 2289 4112 α’.
2321 4056 2429 4111 Τοῦ
2458 4058 2616 4127 ἁγίου
2648 4058 2951 4113 ἀποστόλου
2993 4058 3266 4114 Ἀνανίου.

528 4166 603 4177 —
630 4135 831 4191 Eadem
867 4136 957 4191 die
986 4136 1160 4191 sancti
1198 4134 1475 4200 Dnmnini,
1506 4147 1562 4191 ct
1591 4136 1848 4193 Romani.

2219 4181 2289 4191 -—
2324 4151 2404 4222 Τῇ
2430 4153 2590 4223 αὐτῇ.
2620 4152 2727 4205 Τοῦ
2759 4153 2913 4219 ἁγίου
2944 4152 3201 4225 Δομνίνου
3232 4152 3328 4207 καὶ
3374 4151 3678 4225 Ῥωμανοῦ.

529 4229 588 4284 2.
623 4227 812 4283 Sancti
850 4226 1109 4299 Cypriani
1152 4235 1208 4283 et
1236 4224 1491 4283 Justinaz.
1880 4266 1883 4267 ν

1880 4266 1883 4267 ν
2223 4243 2287 4315 β’.
2324 4245 2430 4297 Τοῦ
2457 4246 2614 4312 ἁγίου
2638 4244 2958 4315 Κυπριανοῦ
3015 4246 3110 4299 καὶ
3136 4245 3466 4318 ,Ἰουστίνηςι

530 4324 584 4379 '5.
615 4323 800 4380 Sancti
836 4324 1098 4396 Dionysii.

2221 4342 2292 4405 γ’.
2316 4335 2422 4389 Τοῦ
2455 4337 2612 4405 ἁγίου
2644 4338 2951 4391 Διονυσίου.

529 4415 586 4470 4.
621 4416 809 4472 Sancti
847 4418 1079 4487 apostoli
1106 4416 1369 4475 Jerotlici.

2219 4426 2283 4485 δ’.
2319 4428 2425 4481 Τοῦ
2450 4429 2607 4497 ἁγίου
2630 4429 2931 4483 ἀποστόλου
2973 4427 3260 4500 Ἶεροθέου.

533 4508 587 4564 5.
620 4507 836 4564 Sanctae
865 4509 1178 4564 Cliaritinaa.

2221 4520 2284 4575 ε’.
2314 4523 2429 4591 Τῆς
2453 4521 2617 4590 ἁγίας
2644 4522 2962 4593 Χαριτίνης.

535 4601 591 4657 6.
632 4601 818 4657 Sancti
854 4604 1088 4672 apostoli
1115 4603 1365 4658 Tliomze.
2073 4617 2125 4676 ο
2220 4613 2295 4680 ς’.
2327 4614 2435 4667 Τοῦ
2466 4614 2622 4682 ἁγίου
2646 4613 2947 4668 ἀποστόλου
2980 4612 3173 4683 Θωμᾶ.

532 4692 589 4748 7.
622 4692 950 4749 Sanctorum
992 4692 1167 4765 Sergii
1207 4704 1261 4749 ct
1292 4694 1509 4751 Bacchi.

2221 4706 2288 4771 ζ’.
2319 4706 2441 4759 Τῶν
2461 4706 2635 4774 ἁγίων
2661 4706 2890 4777 Σεργίου
2913 4706 3008 4758 καὶ
3040 4705 3274 4775 Βάκχου.

534 4789 591 4842 8.
620 4784 799 4840 Beata:
826 4786 1079 4857 Pelagiae.

2221 4800 2294 4862 η’.
2328 4794 2442 4864 Τῆς
2466 4792 2620 4858 ὁσίας
2652 4794 2944 4863 Πελαγίας.

534 4876 592 4932 9.
627 4874 811 4932 Sancti
847 4877 1078 4945 apostoli
1105 4875 1297 4933 Jacobi
1329 4876 1559 4949 Alpliazi.

2222 4883 2288 4937 θ’.
2313 4885 2418 4937 Τοῦ
2453 4883 2610 4953 ἁγίου
2651 4884 2951 4938 ἀποστόλου
2993 4882 3256 4937 Ἰακώϐου
3304 4882 3398 4936 τοῦ
3436 4881 3708 4951 Ἀλφαίςυ.

536 4969 627 5025 10.
674 4968 999 5027 Sanctorum
1051 4977 1353 5041 martyrum
1402 4970 1669 5042 Eulampii
1717 4980 1773 5028 et
1822 4972 2046 5027 Eulam-

2222 4983 2274 5031 ι’.
2299 4976 2421 5030 Τῶν
2456 4976 2629 5046 ἁγίων
2662 4976 2961 5048 μαρτύρων
3008 4975 3329 5044 Εύλαμπίου
3375 4975 3470 5027 καὶ
3501 4974 3706 5044 Εὐλαμ-

464 5062 590 5134 ΡὶἒΒο
1354 5132 1363 5140 1
2150 5069 2301 5133 πίας.

536 5155 623 5208 11.
658 5151 991 5210 Ortliodoxia
1021 5153 1264 5224 septimae
1302 5155 1516 5225 synodi.

2222 5166 2311 5215 ια’.
2354 5160 2422 5214 Ἦ
2450 5157 2728 5231 ὀρθοδοξία
2750 5158 2849 5227 τῆς
2872 5156 2917 5223 ζ’
2939 5157 3178 5213 συνόδου.

532 5251 620 5307 12.
654 5250 979 5307 Sanctorum
1005 5251 1167 5307 Probi
1194 5260 1247 5307 et
1274 5253 1552 5309 sociorum
1581 5253 1722 5324 ejus.

2220 5249 2308 5321 ιβ’.
2336 5250 2458 5302 Τῶν
2493 5250 2664 5319 ἁγίων
2697 5248 2931 5319 Πρόδου,
2964 5250 3060 5303 καὶ
3090 5249 3199 5303 τῶν
3234 5248 3331 5302 σὺν
3350 5248 3518 5318 αὐτῷ.

535 5342 624 5401 15.
654 5342 978 5400 Sanctorum
1006 5343 1164 5411 Carpi
1187 5353 1242 5398 et
1265 5342 1458 5415 Patyli.

2219 5342 2289 5411 ιγ’
2296 5384 2310 5397 .
2346 5342 2467 5396 Τῶν
2498 5342 2671 5403 ἁγίων
2696 5340 2953 5411 Κάρπου,
2975 5341 3072 5393 καὶ
3090 5339 3362 5394 Πατύλου.

536 5436 625 5491 14.
658 5438 983 5491 Sanctorum
1014 5432 1232 5490 Nazarii
1281 5445 1336 5492 et
1369 5437 1645 5494 sociorum
1681 5439 1818 5511 ejus.

2220 5437 2303 5490 ιδ’.
2335 5434 2455 5488 Τῶν
2482 5434 2653 5502 ἁγίων
2682 5432 2984 5506 Ναζαρίου,
3014 5435 3110 5486 καὶ
3146 5433 3255 5488 τῶν
3288 5436 3384 5487 σὺν
3408 5434 3576 5507 αὐτῷ.

537 5529 625 5582 15.
657 5528 840 5584 Sancti
872 5529 1125 5599 martyris
1151 5526 1396 5585 Luciani.

2221 5535 2304 5583 ιε’.
2338 5527 2445 5581 Τοῦ
2479 5526 2638 5595 ἁγίου
2667 5527 2945 5597 μάρτυρος
2977 5525 3300 5581 Λουκιανοῦ.

540 5620 627 5675 16.
667 5618 851 5673 Sancti
883 5619 1114 5689 Longini
1167 5629 1221 5673 et
1246 5618 1522 5675 sociorum
1554 5620 1694 5692 ejus.

2223 5629 2319 5687 ις’.
2349 5621 2456 5675 Τοῦ
2487 5620 2645 5689 ἁγίου
2680 5620 2969 5687 Δογγίνου,
3005 5619 3101 5671 καὶ
3132 5619 3240 5672 τῶν
3267 5618 3363 5671 σὺν
3394 5616 3580 5688 αὑτῷ.¹

541 5711 628 5764 l7.
656 5710 980 5765 Sanctorum
1043 5719 1342 5782 martyrum
1394 5710 1586 5767 Isidori
1658 5723 1710 5770 ct
1767 5716 2041 5773 sociorum

2221 5714 2308 5779 ιζ’.
2345 5714 2468 5769 Τῶν
2501 5713 2671 5782 ἁγίων
2693 5712 2986 5785 μαρτύρων
3027 5710 3320 5780 Ἰσιδὼρου,
3344 5710 3573 5767 καὶτῶν
3623 5709 3706 5763 σὺν

470 5806 606 5868 (Ἱιιει
2148 5806 2320 5877 αὐτῷ.

546 5895 631 5951 18.
670 5893 853 5950 Sancti
884 5895 1115 5964 apostoli
1153 5895 1330 5952 Lucan.

2226 5897 2319 5969 ιη’.
2354 5896 2461 5952 Τοῦ
2492 5898 2647 5968 ἁγίου
2687 5898 2986 5954 ἀποστόλου
3008 5896 3212 5951 Λουκᾶ.
