4032 6408
279 362 418 427 1313

343 475 431 530 ιϐ’.
465 473 572 528 Τοῦ
613 474 777 542 ἁγίου
800 473 1119 537 Μνάσωνος,
1155 472 1250 526 καὶ
1277 469 1386 524 τῶν
1423 471 1517 525 σὺν
1538 470 1711 540 αὐτῷ.

343 563 412 619 κ’.
437 565 546 619 Τοῦ
570 565 729 633 ἁγίου
772 564 1049 636 μάρτυρος
1098 563 1413 636 ’Δρτεμίου.

342 657 454 714 κα’.
485 659 594 712 Τοῦ
623 658 776 711 ὁσίου
818 657 1148 728 Ἱλαρίωνος.

343 751 448 820 κβ’.
484 749 592 803 Τοῦ
621 749 777 819 ἁγίου
817 748 1127 819 Ἀὁερκίου.

344 842 454 912 κγ’.
485 842 594 896 Τοῦ
641 842 800 911 ἁγίου
841 841 1146 896 ἀποστόλου
1193 839 1451 894 Ἰακώϐου
1482 837 1577 893 τοῦ
1625 835 1860 908 ἀδελφοῦ

276 932 418 987 Θεοῦ
439 930 873 1005 [⁹Αδελφοθέου].

344 1025 446 1079 κδ’.
470 1022 578 1077 Τοῦ
603 1024 760 1093 ἁγίου
808 1024 1031 1095 ’Δρέθα,
1060 1023 1156 1077 καὶ
1183 1022 1296 1077 τῶν
1329 1023 1430 1076 σὺν
1456 1021 1628 1093 αὐτῷ.

347 1123 449 1171 κε’.
477 1116 598 1169 Τῶν
631 1115 805 1183 ἁγίων
830 1115 1140 1186 Νοταρίων.

347 1210 464 1276 κς’.
501 1209 608 1263 Τοῦ
645 1209 805 1278 ἁγίου
854 1208 1132 1279 μάρτυρος
1167 1206 1506 1276 Δημητρίου.

348 1302 455 1365 κζ’.
482 1301 591 1356 Τοῦ
635 1302 796 1372 ἁγίου
838 1298 1266 1372 Ἀρτεμιδώρου.
1297 1299 1394 1352 καὶ
1420 1296 1530 1350 τῶν
1555 1295 1654 1348 σὺν
1691 1291 1862 1363 αὐτῷ.

350 1392 460 1466 κη’.
502 1393 610 1448 Τοῦ
640 1381 800 1462 ἁγίου
824 1393 1125 1460 Στεφάνου,
1144 1391 1370 1445 καὶτῶν
1395 1389 1494 1443 σὺν
1523 1386 1698 1458 αὐτῷ.

351 1485 457 1542 κθ’.
488 1486 594 1540 Τοῦ
628 1487 777 1540 ὁσίου
818 1484 1145 1556 Ἀϐραμίου.

352 1579 416 1633 λ’.
449 1579 556 1632 Τοῦ
579 1579 736 1647 ἁγίου
763 1577 1047 1648 Κυριακοῦ
1079 1576 1445 1648 πατριάρχου.

351 1670 456 1725 λα’.
487 1669 597 1724 Τοῦ
629 1671 786 1740 ἁγίου
825 1670 1128 1725 ἀποστόλου
1159 1669 1422 1738 Στάχυος,
1472 1667 1570 1722 καὶ
1601 1665 1710 1721 τῶν
1767 1666 1867 1721 σὺν

275 1762 454 1835 αὐτῷ.

738 1870 894 1925 ΜΒΝ
933 1866 1405 1924 ΝΟΥΕΜΒΡΙΟΣ.

349 1989 422 2039 α’.
454 1981 577 2037 Τῶν
612 1979 786 2048 ἁγίων
827 1977 1205 2049 Ἀναργύρων.

348 2074 416 2146 β’.
452 2073 560 2129 Τοῦ
589 2073 748 2142 ἁγίου
793 2069 1130 2132 Ἀκινδύνου,
1165 2069 1260 2122 καὶ
1289 2065 1399 2120 τῶν
1431 2065 1529 2119 σὺν
1562 2063 1734 2134 αὐτῷ.

346 2166 420 2237 γ’.
461 2166 570 2220 Τοῦ
608 2165 768 2234 ἁγίου
811 2162 1106 2233 Ἀκεψιμᾶ,
1139 2159 1369 2214 καὶτῶν
1394 2158 1496 2212 σὺν
1523 2155 1691 2227 αὐτῷ.

347 2259 410 2314 δ’.
451 2261 565 2330 Τῆς
596 2257 758 2328 ἁγίας
789 2257 1074 2327 Θεοδότης.

349 2361 414 2410 ε’.
452 2353 575 2406 Τῶν
602 2351 775 2420 ἁγίων
805 2351 1184 2413 Γαλακτίωνος
1212 2347 1306 2401 καὶ
1350 2345 1718 2414 Ἐπιστήμης.

350 2453 426 2512 ς’.
461 2445 570 2499 Τοῦ
605 2443 760 2514 ἁγίου
803 2443 1019 2497 Παύλου
1050 2441 1144 2494 τοῦ
1184 2437 1541 2511 ὁμολογητοῦ.

349 2539 416 2603 ζ’.
454 2537 576 2592 Τῶν
602 2537 775 2606 ἁγίων
805 2532 886 2604 λγ’
920 2535 1236 2605 μαρτύρων.

346 2629 420 2701 η’.
454 2630 560 2684 Τοῦ
595 2628 941 2700 ἀρχαγγέλου
972 2626 1217 2698 Μιχαὴλ.

353 2721 419 2778 0'.
451 2721 557 2776 Τοῦ
588 2721 745 2790 ἁγίου
773 2720 1066 2791 Τιμοθέου,
1094 2719 1189 2774 καὶ
1220 2717 1472 2789 Μαύρας.

370 2814 422 2869 ι’.
459 2814 566 2868 Τοῦ
596 2814 762 2883 ἁγίου
801 2814 1086 2884 μάρτυρος
1124 2810 1410 2882 Ὀρέστου.

354 2904 444 2960 ια’.
472 2904 762 2973 Τοῦ’ἁγίου
794 2903 980 2973 Μηνᾶ,
1013 2902 1108 2954 καὶ
1139 2900 1249 2953 τῶν
1278 2903 1375 2954 σὺν
1407 2899 1579 2972 αὐτῷ.

357 2995 444 3068 ιβ’.
491 2995 598 3050 Τοῦ
641 2993 798 3064 ἁγίου
841 2993 1090 3048 Ἰωάννου
1121 2991 1218 3046 τοῦ
1271 2991 1426 3064 Ἐλεή
1441 3011 1622 3064 μονος.

360 3094 448 3156 ιγ’.
484 3086 591 3140 Τοῦ
623 3085 1039 3158 Χρυσοστόμου.

360 3179 442 3235 ιδ’.
485 3181 592 3234 Τοῦ
633 3181 792 3247 ἁγίου
825 3177 1132 3231 ἀποστόλου
1155 3176 1445 3230 Φιλίππου.

360 3283 443 3331 ιε’.
483 3275 605 3328 Τῶν
639 3273 812 3342 ἁγίων
838 3270 1213 3342 ὁμολογητῶν.

362 3369 459 3435 ις’.
497 3367 605 3422 Τοῦ
646 3367 806 3435 ἁγίου
846 3364 1148 3418 ἀποστόλου
1181 3359 1488 3416 Ματθαίου.

365 3462 454 3527 ιζ’.
491 3461 658 3516 Λείπ.

363 3555 454 3625 ιη’.
494 3553 618 3607 Τῶν
667 3541 900 3622 ἁγίωνἹ
919 3548 1216 3622 μαρτύρων
1267 3546 1555 3607 Πλάτωνος
1600 3544 1694 3596 καὶ
1743 3544 1879 3595 Ῥω·-

283 3645 487 3721 μανοῦ.

366 3738 452 3793 ιϐ’.
496 3737 603 3792 Τοῦ
649 3736 806 3807 ἁγίου
850 3735 1125 3806 μάρτυρος
1170 3731 1477 3804 Νεοφύτου,
1511 3730 1605 3783 καὶ
1641 3728 1750 3781 τῶν
1782 3727 1878 3780 σὺν

279 3851 466 3888 αυτω.

367 3850 466 3903 τῳ.

366 3923 436 3980 κ’.
467 3923 574 3979 Τοῦ
601 3922 758 3993 ἁγίου
808 3919 1090 3992 Μαξίμου,
1122 3919 1216 3974 καὶ
1241 3916 1348 3972 τῶν
1380 3915 1477 3969 σῦν
1517 3913 1690 3984 αὐτῷ.

371 4016 479 4072 κα’.
521 4019 602 4071 Τὰ
635 4018 806 4084 ’Λγια
834 4015 946 4068 τῶν
973 4013 1170 4082 ἁγίων.

369 4111 474 4179 κβ’.
523 4109 635 4179 Τῆς
667 4108 827 4176 ἁγίας
861 4105 1140 4166 Κικιλίας.

367 4213 475 4274 κγ’.
513 4205 621 4259 Τοῦ
653 4203 809 4273 ἁγίου
852 4200 1227 4272 Ἀμφιλοχίαν.

373 4298 476 4352 κδ’.
516 4297 622 4349 Τοῦ
655 4294 811 4363 ἁγίου
841 4291 1145 4363 Γρηγορίου
1177 4286 1272 4342 τοῦ
1319 4288 1710 4360 Ἀκράγαντος.

373 4399 472 4446 κε’,
521 4390 642 4442 Τῶν
666 4388 836 4456 ἁγίων
868 4384 1162 4456 μαρτύρων
1185 4381 1500 4452 Κλήμεντος
1530 4382 1624 4434 καὶ
1653 4381 1885 4452 Πέτρου.

375 4489 491 4548 κς¹.
519 4482 626 4535 Τοῦ
665 4479 816 4533 ὁσίου
862 4477 1143 4532 ’Λλυπίου.

378 4579 482 4642 κζ’.
515 4576 620 4629 Τοῦ
655 4574 811 4643 ἁγίου
855 4571 1113 4627 Ἰακώϐου
1144 4568 1237 4623 τοῦ
1275 4569 1504 4641 Πέρσου.

378 4667 488 4738 κη’.
531 4668 640 4721 Τοῦ
673 4667 831 4734 ἁγίου
859 4663 1222 4734 Είρηνὰρχου.

379 4762 485 4815 κθ’.
519 4758 626 4813 Τοῦ
656 4759 803 4812 ὁσίου
833 4756 1146 4810 Θεοδούλου.

379 4855 446 4908 λ’.
479 4852 587 4907 Τοῦ
628 4851 784 4922 ἁγίου
821 4849 1124 4904 ἀποστόλου
1170 4845 1443 4916 Ἀνδρέου.

773 4979 930 5035 MHN
975 4972 1439 5032 ΔΕΚΕΜΒΡΙΟΣ.

385 5093 453 5147 α’.
490 5091 598 5146 Τοῦ
631 5092 787 5161 ἁγίου
823 5089 1104 5158 προφήτου
1130 5083 1349 5153 Ναούμ.

389 5186 454 5258 β’.
490 5185 598 5239 Τοῦ
631 5183 914 5254 προφήτου
957 5176 1303 5248 Ἀμϐακούμ.

388 5276 436 5348 γ’
443 5319 457 5331 .
490 5277 598 5331 Τοῦ
628 5275 909 5347 προφήτου
941 5269 1218 5338 Σοφονίου.

389 5377 455 5429 δ’.
491 5373 604 5442 Τῆς
638 5370 801 5440 ἁγίας
839 5366 1149 5438 Βαρὸἀρας.

392 5475 454 5522 ε’.
499 5466 605 5520 Τοῦ
638 5465 787 5518 ὁσίου
815 5461 987 5517 Σάϐα.

399 5568 473 5627 ς’.
514 5557 623 5612 Τοῦ
655 5556 810 5627 ἁγίου
843 5551 1134 5608 Νικολάου.

397 5653 465 5718 ζ’.
507 5650 615 5704 Τοῦ
643 5649 790 5704 ὁσίου
837 5642 1187 5717 Ἀμΰροσίου.

398 5745 469 5815 η’.
510 5743 617 5797 Τοῦ
642 5741 791 5795 ὁσίου
825 5735 1133 5808 Σωφρονίου
1165 5731 1463 5787 ἐπισκόπου
1499 5725 1745 5798 Κύπρου.

402 5839 468 5895 0'.
507 5837 574 5889 Ἣ
611 5832 875 5904 σύλληψις
903 5831 1003 5900 τῆς
1033 5827 1194 5897 ἁγίας
1227 5825 1428 5894 Ἀννης

1637 359 2160 421 SYNAXARIUM.
3405 363 3544 428 13M

2039 474 2121 526 l9.
2168 473 2354 527 Sancti
2392 472 2694 530 Mnesionis
2736 485 2788 530 et
2817 476 3095 530 sociorum
3135 475 3278 544 ejus.

2032 565 2121 619 20.
2150 565 2336 624 Sancti
2378 567 2631 639 martyris
2655 568 2906 624 Artemii.

2032 659 2126 713 21.
2152 658 2303 713 Beati
2329 658 2645 716 Hilarionis.

2033 749 2126 818 22.
2160 750 2346 807 Sancti
2375 752 2614 807 Abercii.

2032 842 2125 898 25.
2154 840 2342 898 Sancti
2374 844 2611 914 apostoli
2643 843 2833 899 Jacobi
2863 843 3050 902 fratris
3090 845 3188 903 Dei

2034 1025 2125 1080 24.
2154 1025 2340 1082 Sancti
2372 1029 2592 1084 Arethze
2643 1039 2700 1085 et
2722 1033 3000 1087 sociorum
3035 1034 3177 1104 ejus.

2034 1115 2126 1171 25.
2156 1117 2487 1174 Sanctorum
2522 1120 2897 1182 Notariorum.

2034 1209 2128 1262 26.
2170 1210 2359 1265 Sancti
2396 1215 2656 1284 martyris
2687 1215 2963 1271 Demetrii.

2036 1296 2129 1351 27.
2161 1295 2349 1353 Sancti
2381 1299 2710 1358 Artemidori
2772 1315 2825 1358 et
2857 1306 3134 1362 sociorum
3165 1309 3307 1379 ejus.

2036 1389 2127 1444 28.
2162 1389 2349 1446 Sancti
2377 1390 2641 1462 Stephani
2703 1406 2758 1450 et
2785 1400 3061 1454 sociorum
3089 1401 3230 1473 ejus.

2033 1482 2123 1538 29.
2153 1482 2302 1538 Beati
2335 1485 2634 1541 Arhramii.

2037 1574 2130 1630 30.
2164 1573 2350 1631 Sancti
2376 1577 2592 1649 Cyriaci
2627 1581 2971 1648 patriarchae.

2035 1667 2128 1722 51.
2159 1669 2350 1726 Sancti
2383 1673 2618 1741 apostoli
2649 1673 2879 1742 Stachii,
2915 1686 2969 1731 et
3002 1677 3276 1733 sociorum
3300 1679 3440 1750 ejus.

2413 1869 2670 1927 MENSIS
2709 1872 3112 1934 NOVEMBER.

2041 1977 2095 2033 1.
2132 1976 2461 2036 Sanctorum
2500 1983 2933 2055 Anargyrornm.

2041 2071 2098 2129 2.
2128 2071 2317 2129 Sancti
2343 2075 2617 2148 Acindyni
2664 2088 2720 2134 et
2750 2079 3027 2134 sociorum
3057 2081 3199 2152 ejus.

2039 2165 2097 2222 3.
2133 2165 2320 2224 Sancti
2343 2169 2651 2241 Acepsimae
2702 2183 2756 2229 et
2787 2175 3062 2230 sociorum
3097 2173 3241 2245 ejus'.

2043 2259 2100 2314 4.
2135 2257 2352 2318 Sancta:
2387 2262 2704 2321 Theodotae.

2048 2351 2101 2407 5.
2142 2351 2471 2410 Sanctorum
2503 2354 2840 2413 Galastionis
2873 2370 2927 2416 et
2960 2360 3288 2432 Epistemes.

2046 2447 2100 2503 6.
2136 2446 2326 2503 Sancti
2364 2450 2520 2505 Pauli
2560 2450 2916 2508 confessinis.

2044 2541 2099 2596 7.
2130 2539 2457 2598 Sanctorum
2493 2545 2739 2615 Triginta
2772 2547 2936 2602 trium
2974 2558 3300 2619 martyrum.

2044 2634 2100 2690 8.
2127 2635 2453 2705 Archangeli
2490 2635 2742 2694 Michael.

2047 2724 2102 2780 9.
2131 2714 2318 2780 Sancti
2347 2724 2618 2781 Timothei
2673 2739 2728 2782 et
2755 2727 2976 2783 Maurae.

2051 2816 2141 2872 10.
2177 2815 2364 2872 Sancti
2401 2821 2656 2889 martyris
2693 2819 2892 2876 Oresti.

2056 2909 2145 2965 11.
2171 2909 2357 2964 Sancti
2398 2910 2569 2968 Mente
2606 2923 2661 2968 et
2711 2915 2992 2970 sociorum
3013 2914 3154 2984 ejus.

2051 3002 2141 3056 l2.
2175 3001 2361 3058 Sancti
2390 3003 2624 3061 Joannis
2653 3007 3104 3079 Eleemosynarii.

2051 3093 2138 3147 15.
2166 3093 2226 3148 S.
2255 3094 2658 3165 Chrysostomi.

1901 3195 1947 3256 ο
2048 3183 2136 3237 14.
2169 3182 2352 3238 Sancti
2383 3187 2615 3253 apostoli
2646 3185 2906 3258 Philippi.

2053 3274 2140 3328 15.
2179 3273 2510 3331 Sanctorum
2545 3276 2943 3332 confessorum.

2057 3367 2141 3420 l6.
2177 3367 2363 3422 Sancti
2395 3370 2626 3438 apostoli
2659 3369 2920 3425 Mattlnei.

2056 3461 2142 3514 17.
2181 3458 2397 3515 Nullius
2433 3465 2490 3516 lit
2519 3463 2739 3516 mentio.

2056 3551 2144 3607 18.
2177 3551 2504 3608 Sanctorum
2531 3565 2829 3626 martyrum
2852 3555 3096 3612 Platonis
3124 3565 3178 3611 ct
3210 3556 3461 3614 Romani.

2055 3733 2145 3788 19.
2186 3733 2374 3790 Sancti
2404 3736 2662 3808 martyris
2691 3733 2960 3808 Neophyti
3023 3744 3078 3792 et
3121 3737 3396 3793 sociorum
3426 3737 3569 3809 ejus.

2056 3915 2150 3970 20.
2186 3914 2373 3971 Sancti
2402 3915 2625 3972 Maximi
2683 3929 2738 3973 et
2761 3919 3037 3976 sociorum
3069 3918 3210 3989 ejus.

2059 4008 2125 4062 2i
2139 4049 2152 4061 .
2183 4007 2380 4063 Sancta
2415 4020 2752 4066 sanctorum.

2062 4099 2153 4152 22.
2191 4099 2406 4154 Sanctae
2432 4102 2664 4156 Ceciliae.

2060 4189 2152 4246 25.
2197 4189 2384 4246 Sancti
2419 4191 2806 4261 Amphilochii.

2055 4282 2148 4336 24.
2181 4283 2370 4337 Sancti
2399 4282 2649 4354 Gregorii
2679 4285 3026 4354 Acragantis.

2061 4375 2154 4428 25.
2193 4376 2520 4430 Sanctorum
2552 4386 2854 4446 martyrmn
2889 4377 3188 4434 Clementis
3212 4392 3266 4435 et
3291 4379 3459 4436 Petri.

2063 4468 2155 4523 26.
2190 4467 2339 4522 Beati
2364 4467 2561 4538 Alypii.

1921 4537 1967 4593 D
2073 4560 2166 4613 27.
2203 4558 2387 4614 Sancti
2419 4537 2606 4614 Jacobi
2643 4557 2842 4616 Persae.

2062 4650 2152 4706 28.
2184 4649 2370 4705 Sancti
2397 4647 2702 4706 lrenarchi.

2066 4743 2158 4799 29.
2199 4743 2351 4798 Beati
2375 4743 2662 4800 Theoduli.

2068 4836 2158 4892 30.
2188 4837 2377 4894 Sancti
2403 4840 2640 4909 apostoli
2673 4836 2922 4894 Andreae.

2448 4969 2588 5023 ΜΕΝ
2599 4957 2702 5023 818
2747 4968 2974 5024 DECEM
2988 4969 3142 5027 BER.

2076 5078 2130 5132 1.
2171 5077 2358 5133 Sancti
2385 5078 2666 5148 prephetaa
2706 5064 2941 5133 Nahum.

2076 5170 2131 5224 2.
2169 5171 2454 5240 PrOphetaa
2476 5169 2755 5224 Habac'uc.

2075 5265 2127 5319 '5.
2158 5263 2441 5333 Propheta;
2479 5263 2787 5333 Sophoniae.

2075 5357 2131 5410 4.
2169 5354 2384 5410 Sanctae
2417 5354 2694 5411 Barbarae.

2079 5447 2132 5503 5.
2164 5445 2313 5500 Beati
2344 5445 2520 5501 Sahte.

2077 5541 2129 5596 6.
2167 5540 2354 5597 Sancti
2383 5539 2620 5597 Nicolai.

2083 5633 2138 5687 7.
2168 5633 2319 5687 Beati
2349 5633 2644 5688 Ambrosii.

2089 5726 2142 5780 8'.
2181 5725 2330 5780 Beati
2359 5725 2651 5796 Sophronii
2691 5727 2933 5798 episcopi
2966 5728 3151 5801 Cypri.

2093 5817 2147 5874 9.
2184 5819 2484 5889 Conceptio
2522 5828 2724 5877 sancta:
2753 5820 2944 5876 Annae.
