4032 6416
513 359 653 422 1315
1268 348 1657 409 OPUSCULA
1699 345 2113 406 LITURGICA
2156 340 2510 401 INCERT/E
2549 338 2860 401 IE'I‘ATIS.
3632 333 3749 397 1316

2118 460 2166 517 Α
2271 462 2319 509 ι’.
2358 454 2465 507 Τοῦ
2499 453 2647 506 ὁσίου
2689 450 3061 521 Ἀμφιλοχίου.

2265 554 2356 602 ια’.
2395 545 2503 598 Τοῦ
2534 544 2682 597 ὁσίου
2716 542 2917 612 Δανιὴλ
2940 542 3032 595 τοῦ
3066 541 3345 594 Στυῗιίτου.

574 657 663 711 12.
696 655 845 709 Beati
875 652 1219 723 Spyridonis.

2265 639 2352 709 ιβ’.
2390 638 2499 691 Τοῦ
2534 637 2683 689 ὁσίου
2724 636 3089 704 Σπυρίδωνος.

574 750 664 803 15.
706 720 1035 801 Sanctorum
1070 751 1372 811 martyrum
1409 736 1673 792 Enstratii
1726 746 1778 788 et
1807 747 2086 789 sociorum

2266 734 2355 795 ιγ’.
2389 726 2511 778 Τῶν
2565 725 2737 794 ἁγίων
2783 724 3078 794 μαρτύρων
3118 720 3473 792 Εὑστριπίου,
3525 723 3618 773 καὶ
3664 723 3753 773 τῶν

506 841 645 910 ejus.

2195 819 2292 871 σῦν
2320 817 2490 887 αὐτῷ.

584 931 668 985 11.
701 928 1025 981 Sanctorum
1054 923 1390 978 Philemonis
1421 929 1474 971 et
1497 920 1775 971 sociorum
1807 916 1948 982 ejus.

2266 911 2347 963 ιδ’.
2382 911 2501 962 Τῶν
2535 907 2704 977 ἁγίων
2736 906 3058 977 Φιλήμονος,
3095 907 3189 959 καὶ
3219 906 3326 959 τῶν
3363 905 3461 957 σὺν
3491 904 3660 975 αὐτῷ.

575 1022 662 1074 15.
698 1020 884 1075 Sancti
912 1017 1169 1087 martyris
1199 1012 1514 1067 Elentlierii.

2264 1002 2347 1055 ιε’.
2386 1001 2493 1054 Τοῦ
2529 1000 2683 1069 ἁγίου
2719 1000 2997 1070 μάρτυρος
3042 999 3401 1068 Ἐλευθερίου.

578 1114 669 1167 16.
700 1114 983 1181 Propheta:
1010 1109 1214 1179 Aggtei.

2268 1102 2362 1161 ις’.
2404 1095 2509 1148 Τοῦ
2540 1098 2821 1163 προφήτου
2855 1092 3137 1160 Ἀγγαίου.

581 1209 670 1259 17.
712 1205 1037 1258 Sanctorum
1076 1202 1240 1254 trium
1271 1210 1567 1267 puerorum
1611 1203 1666 1247 et
1700 1190 1908 1244 Daniel.

576 472 664 526 10.
700 468 852 523 Beati
882 463 1271 536 Amphiloehii.

577 564 664 617 11.
695 561 844 615 Beati
884 558 1073 612 Daniel
1109 556 1343 627 Stylitae.

2268 1189 2354 1252 ιζ’.
2392 1188 2514 1241 Τῶν
2549 1187 2720 1256 ἁγίων
2755 1184 2802 1254 γ’
2833 1186 3059 1250 παίδων,
3090 1186 3186 1238 καὶ
3225 1183 3452 1253 Δανιὴλ.

574 1297 667 1350 18.
706 1293 890 1347 Sancti
922 1290 1176 1359 martyris
1204 1284 1535 1342 Sebastiani.

571 1389 660 1443 19.
698 1386 883 1440 Sancti
914 1382 1094 1439 Promi
1130 1390 1185 1436 et
1224 1379 1500 1434 sociorum
1528 1374 1671 1443 ejus.

575 1481 667 1533 2t).
712 1476 898 1533 Sancti
934 1472 1355 1542 sacromartyris
1387 1468 1602 1539 lgnatii.

574 1574 668 1627 21.
697 1569 915 1623 Sancta:
938 1565 1193 1621 Julianaa.

572 1665 666 1717 22.
705 1661 918 1715 Sancta).
948 1656 1273 1711 Anastasiae.

576 1756 677 1824 z21’).
700 1752 1029 1807 Sanctorum
1061 1747 1254 1801 Decem
1289 1746 1343 1798 in
1384 1746 1562 1797 Creta.

576 1875 650 1885 —
688 1844 988 1897 Sabbatum
1021 1849 1340 1893 sanctorum
1378 1833 1625 1887 Patrum.

576 1968 649 1980 ——
679 1936 957 1989 Dominiea
987 1941 1303 1985 sanctorum
1348 1927 1597 1979 Patrum.

579 2030 671 2082 24.
704 2028 763 2082 In
798 2024 1208 2094 exspectatione
1240 2018 1537 2073 nativitatis
1578 2018 1805 2073 (lin-isti.

583 2122 674 2173 25.
709 2119 763 2172 In
801 2117 1087 2171 matutino.

584 2244 653 2254 —
691 2212 748 2266 ln
781 2211 1021 2279 litnrgia.

585 2304 677 2358 26.
723 2302 1100 2355 Sanctissimae
1124 2300 1389 2369 Dciparre.

582 2394 677 2448 27.
704 2392 890 2447 Sancti
919 2392 1172 2462 martyris
1202 2391 1489 2459 Stephani.

582 2486 676 2540 28.
716 2484 1043 2539 Sanctorum
1092 2484 1282 2553 viginti
1315 2485 1571 2548 millium,
1603 2492 1657 2536 et
1695 2480 1958 2551 Stephani
2004 2481 2091 2549 jn-

509 2579 703 2634 nioris.

586 2702 661 2714 —
696 2671 995 2725 Sabbatum
1038 2679 1163 2739 post
1204 2669 1410 2722 Christi
1440 2668 1805 2721 nativitatem.

579 2796 652 2808 —
684 2764 965 2819 Dominica
998 2771 1119 2832 post
1149 2760 1351 2816 Christi
1385 2760 1749 2815 nativitatem.

585 2857 679 2911 29.
708 2857 1037 2911 Sanctorum
1071 2852 1443 2923 parvulorum.

582 2949 673 3003 50.
720 2948 868 3002 Beati
903 2946 1162 3000 Marcelli.

581 3042 672 3097 51.
704 3039 890 3096 Sancti
922 3039 1129 3093 lrenaei.

946 3127 1198 3185 MENSIS
1251 3127 1657 3185 JANUARIUS.

589 3228 639 3280 1.
674 3225 730 3279 In
758 3223 1209 3288 Circumcisione,
1241 3229 1293 3275 et
1332 3222 1506 3275 sancti
1548 3220 1756 3275 Basilii.

588 3317 645 3369 2.
683 3317 869 3370 Sancti
896 3315 1163 3369 Silvestri.

582 3408 635 3460 5.
673 3406 858 3460 Sancti
890 3405 1146 3473 martyris
1180 3402 1393 3458 Gurdii.

579 3503 631 3555 4.
659 3500 843 3555 Sancti
875 3500 1132 3570 martyris
1155 3497 1383 3553 Zosimi.

583 3623 655 3635 —
684 3592 984 3647 Sabbatum
1018 3601 1143 3645 ante
1172 3592 1341 3644 luces.

589 3714 655 3725 -—
690 3684 971 3738 Demintea
1006 3694 1132 3736 ante
1156 3682 1326 3736 luces.

591 3777 643 3828 5.
675 3777 729 3828 In
762 3776 1169 3842 exspectatione
1198 3774 1424 3828 lueimn.

579 3868 634 3921 6.
664 3870 719 3920 ln
752 3867 1043 3920 matutino.

600 3992 673 4006 —
704 3962 762 4017 In
788 3961 1030 4030 liturgia.

591 4055 643 4109 7.
676 4054 730 4108 S.
761 4051 1151 4108 Praecursoris.

591 4179 663 4187 ——
692 4147 987 4201 Sahbatum
1024 4155 1143 4215 post
1172 4146 1343 4199 luces.

593 4270 664 4282 -——
696 4240 976 4293 Dominica
1007 4248 1127 4309 post
1160 4240 1327 4294 luces.

585 4335 636 4390 8.
674 4332 859 4388 Sancti
892 4331 1164 4403 Hippolyti
1208 4330 1413 4385 Roma).

596 4432 651 4484 9.
684 4429 871 4483 Sancti
900 4428 1157 4499 martyris
1189 4426 1494 4499 Polyencti.

587 4522 673 4575 10.
705 4521 892 4577 Sancti
933 4522 1183 4592 Gregorii
1214 4519 1464 4591 Nysseni.

592 4619 609 4670 l
631 4618 675 4671 1.
706 4615 853 4668 Beati
877 4613 1195 4669 Theodosii.

585 4709 669 4760 12.
707 4705 854 4759 Beati
888 4704 1171 4772 Stephani.

587 4800 674 4853 15.
716 4796 902 4851 Sancti
935 4795 1139 4865 Ermyli
1170 4803 1223 4848 et
1254 4790 1596 4847 Stratonicis.

588 4892 672 4943 M.
714 4889 1043 4943 Sanctorum
1080 4888 1350 4941 Abbatum
1385 4887 1437 4938 in
1468 4885 1684 4939 llaitho.

583 4982 671 5037 15.
706 4982 853 5035 Beati
882 4980 1109 5034 Joannis
1145 4978 1421 5033 mendici;

584 5076 669 5129 16.
708 5073 1043 5129 Veneranda:
1082 5082 1290 5127 eatena:
1325 5073 1497 5126 sancti
1534 5069 1701 5124 Petri.

583 5170 670 5221 17.
711 5168 899 5221 Saneti
928 5166 1170 5219 Antonii.

580 5262 670 5314 18.
714 5260 899 5313 Sancti
929 5259 1251 5321 Athanasii,
1282 5268 1334 5313 et
1354 5257 1564 5328 Cyrilli.

579 5358 667 5408 19.
709 5352 855 5407 Beati
888 5352 1133 5406 Macarii.

578 5449 668 5501 20.
706 5445 853 5499 Beati
881 5445 1177 5514 Enthymii.

578 5542 665 5594 2|.
700 5538 887 5593 Sancti
927 5537 1182 5608 martyris
1212 5534 1499 5607 Neophyti.

576 5633 667 5685 22.
712 5631 897 5685 Sancti
928 5628 1224 5683 Timothei.

580 5720 672 5776 25.
706 5720 1034 5777 Sanctorum
1104 5729 1402 5791 martyrum
1448 5720 1741 5776 Clementis

516 5811 772 5881 thangch.

1849 5732 1903 5777 et
1952 5723 2096 5792 Aga-

2124 3160 2166 3221 C

2267 1282 2356 1352 ιη’.
2394 1281 2501 1335 Τοῦ
2533 1281 2689 1350 ἁγίου
2729 1280 3004 1350 μάρτυρος
3036 1277 3420 1331 Σεϐαστιανοῦ.

2269 1376 2353 1427 ιθ’.
2389 1373 2496 1427 Τοῦ
2528 1373 2686 1440 ἁγίου
2723 1372 2965 1442 Πρόμου,
2993 1370 3088 1423 καὶ
3110 1370 3216 1423 τῶν
3254 1371 3349 1423 σὺν
3381 1368 3561 1442 αὐτῷ.

2264 1466 2333 1521 κ’.
2371 1466 2476 1519 Τοῦ
2512 1466 2668 1532 ἁγίου
2697 1464 3093 1535 ἱερομὰρτυρος
3134 1462 3420 1531 Ἰγνατίου.

2266 1566 2374 1613 κα’.
2410 1558 2523 1627 Τῆς
2554 1558 2717 1625 ἁγίας
2759 1557 3075 1625 Ἰουλιανῆς.

2268 1646 2374 1717 κβ¹.
2417 1648 2530 1716 Τῆς
2562 1648 2725 1716 ἁγίας
2770 1647 3142 1709 Ἀναστασίας.

2267 1749 2375 1810 κγ’.
2412 1742 2537 1794 Τῶν
2574 1741 2747 1809 ἁγίων
2781 1741 2812 1793 ι’
2846 1740 2956 1794 τῶν
2985 1742 3042 1793 ὲν
3070 1742 3281 1812 Κρήτῃ.

2294 1865 2366 1875 -
2418 1836 2695 1889 Σάϐϐατον
2720 1836 2829 1889 τῶν
2855 1836 3029 1903 ἁγίων
3064 1835 3322 1908 Πατὲρων

2306 1958 2376 1968 -
2415 1928 2673 1999 Κυριακὴ
2702 1928 2812 1982 τῶν
2840 1928 3012 1996 ἁγίων
3040 1928 3319 1996 Πατέρων.

2270 2023 2369 2076 κδ’.
2409 2025 2502 2087 Et;
2532 2024 2629 2089 τὴν
2665 2022 2992 2094 παραμονὴν
3020 2022 3118 2091 τῆς
3146 2020 3384 2093 Χριστοῦ
3420 2020 3742 2090 γεννήσεως.

2269 2122 2367 2169 κε’.
2405 2116 2498 2179 Ei;
2532 2116 2623 2169 τὸν
2648 2115 2864 2186 ὁρθρον.

2303 2240 2372 2251 -
2415 2209 2509 2272 Et;
2546 2210 2644 2279 τὴν
2674 2206 3038 2277 λειτουργίαν.

2272 2300 2385 2368 κς’.
2424 2302 2535 2371 Τῆς
2567 2300 2872 2371 ὑπεραγίας
2896 2298 3185 2353 Θεοτόκου.

2270 2394 2374 2458 κζ’.
2410 2394 2517 2447 Τοῦ
2549 2394 2706 2461 ἁγίου
2738 2394 3014 2465 μάρτυρος
3044 2393 3344 2462 Στεφάνου.

2274 2485 2383 2557 κη’.
2443 2486 2564 2540 Τῶν
2613 2486 2785 2556 ἁγίων
2835 2486 3157 2557 δισμυρίων,
3206 2484 3301 2538 καὶ
3358 2482 3633 2554 Στεφάνου
3684 2482 3767 2535 τοῦ

2201 2578 2344 2633 νέου.

2303 2699 2376 2709 -
2412 2670 2689 2724 Σὰϐὀατον
2730 2668 2869 2741 μετὰ
2900 2668 2998 2740 τὴν
3024 2665 3260 2737 Χριστοῦ
3296 2665 3582 2736 γέννησιν.

2306 2794 2376 2804 —
2412 2760 2665 2835 Κυριακὴ
2699 2762 2837 2833 μετὰ
2867 2762 2962 2831 τὴν
2992 2758 3229 2833 Χριστοῦ
3257 2758 3542 2831 γέννησιν.

2272 2858 2374 2911 κθ’.
2426 2857 2549 2909 Τῶν
2581 2856 2755 2925 ἁγίων
2780 2854 3011 2926 νηπίων.

2272 2950 2338 3003 λ’.
2372 2950 2478 3003 Τοῦ
2508 2950 2656 3003 ὁσίου
2693 2949 3041 3020 Μαρκέλλου.

2275 3042 2377 3096 λα’.
2412 3042 2517 3096 Τοῦ
2547 3042 2702 3110 ἁγίου
2739 3042 3052 3113 Εἰρηναίου.

2641 3136 2795 3189 MHN
2830 3133 3328 3206 JANNorarmz.

2271 3238 2340 3286 a'.
2372 3232 2466 3294 Ei;
2497 3230 2595 3301 τὴν
2631 3228 2954 3299 περιτομὴν,
2990 3228 3081 3281 καὶ
3108 3226 3198 3281 τοῦ
3228 3226 3384 3295 ἁγίου
3417 3224 3720 3279 Βασιλείου.

2283 3324 2347 3395 β’.
2393 3324 2499 3377 Τοῦ
2528 3324 2686 3392 ἁγίου
2720 3322 3069 3394 Σιλὸἐστρου.

2274 3424 2342 3485 γ’.
2386 3418 2491 3469 Τοῦ
2519 3418 2678 3484 ἁγίου
2709 3417 2986 3486 μάρτυρος
3019 3416 3258 3487 Γορδίου.

2272 3510 2334 3564 δ’.
2372 3510 2479 3563 Τοῦ
2513 3510 2665 3577 ἁγίου
2699 3510 2977 3580 μάρτυρος
3008 3511 3279 3579 Ζωσίμου.

2269 3630 2339 3641 -
2380 3601 2657 3655 Σὰὁὸατον
2688 3602 2793 3671 πρὸ
2824 3602 2931 3653 τῶν
2958 3601 3175 3656 Φώτων.

2272 3724 2343 3734 -
2374 3693 2631 3763 Κυριακὴ
2666 3694 2774 3761 πρὸ
2802 3694 2909 3746 τῶν
2939 3693 3159 3747 Φώτων.

2278 3785 2337 3839 ε’.
2377 3786 2469 3846 Ei;
2497 3784 2596 3854 τὴν
2626 3783 2949 3855 παραμονὴν
2969 3784 3075 3839 τῶν
3106 3783 3324 3840 Φώτων.

2277 3875 2351 3940 ς’.
2386 3877 2478 3939 Εἰς
2508 3877 2599 3927 τὸν
2632 3875 2848 3947 ὄρθρον.

2274 3999 2343 4009 --
2375 3970 2468 4032 Ei;
2496 3968 2593 4038 τὴν
2630 3968 2995 4036 λειτουργίαν.

2280 4061 2344 4126 ξ.
2381 4061 2486 4114 Τοῦ
2518 4061 2857 4131 Προδρὸμου.

2275 4186 2341 4198 -
2382 4155 2662 4209 Σάϐϐατον
2697 4154 2833 4225 μετὰ
2860 4154 2927 4207 τὰ
2958 4153 3137 4207 eam.

2274 4279 2343 4287 —
2379 4248 2634 4318 Κυριακὴ
2668 4246 2807 4315 μετὰ
2837 4249 2906 4297 τὰ
2934 4245 3109 4299 Φῶτα.

2277 4342 2346 4405 η’.
2390 4334 2495 4389 Τοῦ
2532 4335 2688 4404 ἁγίου
2730 4335 3047 4388 Ἱππολύτου
3091 4335 3330 4407 Ῥώμης.

2280 4430 2344 4482 θ’.
2388 4429 2494 4482 Τοῦ
2529 4428 2687 4496 ἁγίου
2724 4430 3000 4500 μάρτυρος
3033 4429 3398 4486 Πολυεύκτου.

2276 4517 2327 4572 ι’.
2364 4518 2471 4571 Τοῦ
2500 4519 2654 4586 ἁγίου
2688 4519 2989 4589 Γρηγορίου
3022 4519 3264 4589 Νύσσης.

2275 4617 2362 4666 ια’.
2403 4611 2510 4663 Τοῦ
2536 4610 2684 4663 ὁσίου
2710 4611 3011 4666 Θεοδοσίου.

2276 4704 2360 4773 ιβ’.
2396 4703 2502 4756 Τοῦ
2538 4705 2684 4757 ὁσίου
2715 4705 3009 4773 Στεφάνου.

2274 4804 2362 4865 ιγ’.
2394 4796 2501 4849 Τοῦ
2542 4796 2699 4865 ἁγίου
2741 4797 3030 4867 Ἐρμύλου,
3068 4798 3160 4851 καὶ
3191 4801 3603 4871 Στρατονίκους.

2288 4886 2369 4942 ιδ’.
2402 4886 2521 4939 Τῶν
2560 4887 2732 4954 ἁγίων
2777 4886 3048 4941 Ἀὄὸἁδων
3088 4890 3192 4943 τῶν
3220 4893 3277 4942 ἐν
3301 4894 3364 4963 τῇ
3411 4892 3635 4965 Ῥαῖθῷ.

2274 4981 2354 5035 ιε’.
2387 4980 2494 5032 Τοῦ
2522 4981 2668 5033 ὁσίου
2726 4981 2976 5033 Ἰωάννου
3009 4982 3103 5034 τοῦ
3138 4983 3374 5053 πτωχοῦ.

2273 5082 2370 5139 ις’.
2409 5075 2521 5145 Τῆς
2546 5074 2733 5143 τιμίας
2765 5074 3007 5137 ἁλύσεως
3041 5077 3132 5128 τοῦ
3156 5078 3311 5145 ἁγίου
3348 5077 3577 5144 Πέτρου.

2274 5165 2360 5229 ιζ’.
2393 5164 2499 5217 Τοῦ
2526 5164 2685 5233 ἁγίου
2720 5163 3027 5218 Ἀντωνίου.

2279 5265 2367 5328 ιη’.
2401 5257 2508 5310 Τοῦ
2536 5256 2693 5324 ἁγίου
2741 5257 3056 5309 Ἀθανασίου
3090 5257 3181 5309 καὶ
3212 5256 3510 5328 Κυρίλλου.

2273 5350 2321 5402 ιθ
2343 5388 2357 5402 .
2385 5348 2493 5400 Τοῦ
2517 5348 2665 5401 ὁσίου
2697 5347 3009 5416 Μακαρίου.

2274 5444 2341 5491 κ’.
2379 5437 2485 5489 Τοῦ
2516 5437 2664 5489 ὁσίου
2693 5436 2995 5505 Εὑθυμίου.

2270 5528 2377 5585 κα’.
2411 5528 2517 5581 Τοῦ
2551 5529 2707 5595 ἁγίου
2749 5529 3024 5598 μάρτυρος
3051 5528 3352 5598 Νεοφῦτου.

2270 5624 2375 5693 κβ’.
2413 5623 2521 5676 Τοῦ
2554 5622 2717 5683 ἁγίου
2745 5622 3030 5692 Τιμοθέου.

2274 5718 2380 5787 κγ’.
2423 5723 2465 5775 Τ
2470 5721 2544 5775 ῶν
2575 5721 2746 5791 ἁγίων
2772 5719 3070 5793 μαρτύρων
3103 5719 3423 5791 Κλήμεντος
3452 5719 3545 5774 καὶ
3582 5716 3751 5785 Ἀγαοο

2200 5813 2455 5881 αγγέλου.
