4032 6412
316 352 448 415 1317
1666 348 1908 407 SYNAX

1984 349 2194 411 RIUM.
3440 353 3576 420 1313

380 468 479 520 κδ’.
527 466 637 535 Τῆς
664 464 816 528 ὁσίας
847 465 1038 533 Ξένης.
1928 471 1972 525 Α

1009 482 1038 525 :-
1928 471 1972 525 Α
2074 466 2164 518 2-1.
2200 465 2374 520 Beata:
2417 465 2601 519 liena}.

377 557 475 612 κε’.
502 557 808 628 Γρηγορίου
840 556 936 610 τοῦ
969 555 1256 624 Θεολὸγου.

1155 572 1256 623 (ου.
2071 557 2160 611 25.
2191 556 2435 626 Gregorii
2465 557 2747 628 'I‘heologi.

375 648 490 714 κς’.
539 649 662 702 Τῶν
697 647 868 718 ἁγίων
917 647 1211 720 μαρτύρων
1261 647 1574 718 Ἀστερίου,
1630 645 1728 698 καὶ
1779 645 1891 698 τῶν

2065 647 2157 702 26.
2195 647 2523 704 Sanctorum
2579 660 2880 704 martvrum
2931 650 3137 708 Asterii
3211 659 3266 705 et
3306 650 3581 707 sociorum

311 744 408 795 σὺν
438 742 608 811 αὐτῷ.

545 742 608 811 ᾦ,
1995 737 2137 806 ejus.

391 833 493 899 κζ’.
536 835 599 888 ’11
629 834 888 896 ἐπάνοδος
926 833 1018 886 τοῦ
1047 834 1462 905 Χρυσοστὸμου.

1367 850 1462 887 tau,
2066 828 2154 880 27.
2201 825 2427 881 iterlitus
2451 825 2854 898 ChrysOstomi.
2955 888 2959 891 _

377 930 488 992 κη’.
542 922 650 976 Τοῦ
682 923 832 977 ὁσίου
877 925 1140 995 Ἐφραίμ.

1071 926 1140 994 ζμ.
2065 916 2154 970 28.
2189 915 2335 970 Beati
2384 916 2663 985 Ephraim.

383 1016 486 1071 κου.
519 1016 625 1069 Τοῦ
661 1018 817 1086 ἁγίου
857 1019 1142 1086 Ἰγνατίου.

1033 1019 1142 1072 {om
2065 1004 2156 1058 29.
2191 1003 2379 1059 Sancti
2408 1005 2625 1074 lgnalii.

381 1106 447 1162 λ’.
485 1108 527 1160 Τ
531 1105 594 1160 οῦ
619 1108 770 1161 ὁσίου
803 1108 1167 1178 Ξενοφῶντος.

2066 1096 2157 1150 50.
2193 1097 2345 1152 Beati
2376 1098 2775 1170 Xenophontis.

377 1196 477 1251 λα’.
515 1199 624 1251 Τοῦ
664 1199 823 1267 ἁγίου
865 1201 1052 1270 Κύρου
1088 1201 1181 1253 καὶ
1227 1193 1533 1254 Ἰωάννου.’

1318 1199 1498 1254 ἁννου.
1528 1193 1533 1196 ’
2065 1189 2156 1242 51.
2194 1188 2382 1244 Sancti
2413 1188 2540 1260 Cyri
2576 1201 2629 1245 et
2657 1189 2910 1248 Joannis.

752 1305 909 1357 MHN
947 1305 1445 1367 ΦΕΒΡΟΥΑΡῘΟΣ,

2413 1298 2668 1353 MENSIS
2706 1299 3167 1361 FEBRUARIUS.

374 1409 442 1465 α’.
485 1411 592 1465 Τοῦ
623 1411 780 1479 ἁγίου
815 1411 1094 1481 μάρτυρος
1125 1409 1423 1479 Τρύφωνος

1396 1427 1423 1472 ς
2067 1406 2118 1460 1.
2156 1405 2345 1459 Sancti
2367 1407 2626 1476 martyris
2655 1406 2987 1478 Tryphonis.

377 1502 444 1572 β’.
481 1502 576 1564 Εἰς
602 1501 698 1572 τὴν
720 1502 1046 1572 ὑπαπαντὴν
1076 1500 1172 1554 τοῦ
1205 1500 1428 1572 ὁρθρου.

1205 1500 1428 1572 ὁρθρου.
2063 1497 2119 1552 2.
2153 1497 2212 1552 in
2237 1513 2471 1552 occursu
2506 1499 2777 1556 matutini.

381 1625 448 1636 -—
484 1595 581 1657 Εἰς
607 1596 706 1665 τὴν
735 1595 1105 1665 λειτουργίαν.

903 1595 1105 1665 ιργίαν.
2066 1618 2134 1629 -
2174 1589 2228 1642 In
2256 1591 2495 1660 liturgia.

384 1684 456 1753 γ’.
509 1685 616 1738 Τοῦ
645 1685 858 1739 δικαίου
883 1686 1133 1754 Συμεών.

975 1686 1133 1752 ιεών.
2065 1683 2120 1736 5.
2150 1681 2295 1736 .lusti
2322 1683 2567 1738 Simeon.

388 1777 450 1831 δ’.
493 1777 600 1830 Τοῦ
623 1777 771 1830 ὁσίου
817 1775 1089 1846 Ἰσιδὼρου
1114 1776 1209 1830 τοῦ
1237 1774 1648 1847 Πηλουσιὼτου.
1917 1807 1966 1865 Β

1279 1774 1648 1847 ζηλουσιὼτου.
1917 1807 1966 1865 Β
2065 1773 2118 1826 4.
2152 1771 2300 1827 Beati
2331 1773 2524 1828 isidori
2560 1773 2871 1832 Pelusiotae.

374 1877 435 1922 ε’.
489 1869 600 1939 Τῆς
636 1870 798 1938 ἁγίας
820 1869 1084 1940 Ἀγὰθης.

1043 1887 1084 1933 ς.
2064 1868 2118 1921 5.
2145 1867 2362 1922 Sanctae
2393 1869 2635 1940 Agatlue.

387 1969 461 2026 ς’.
499 1963 662 2017 Λείπ.

2065 1956 2121 2011 6.
2156 1957 2372 2014 Nullius
2402 1959 2460 2013 lit
2485 1960 2711 2014 mentio.

376 2054 444 2114 ζ’.
484 2054 590 2106 Τοῦ
619 2055 778 2123 ἁγίου
807 2055 1128 2128 Παρθενίου.

1080 2075 1128 2110 υ,
2069 2051 2121 2103 7.
2157 2050 2343 2105 Sancti
2375 2051 2672 2108 Parthenii.

379 2154 449 2217 η’.
489 2148 648 2200 Λείπ.
1203 2202 1212 2217 ι

1203 2202 1212 2217 ι
2063 2145 2119 2198 8.
2152 2143 2366 2200 Nullius
2397 2145 2454 2199 ﬁt
2485 2149 2711 2202 mentio.

381 2238 445 2293 θ’.
477 2241 584 2294 Τοῦ
613 2242 768 2310 ἁγίου
803 2243 1077 2314 μάρτυρος
1105 2243 1445 2316 Νικηφόρου.

1393 2263 1445 2298 υ.
2066 2236 2120 2290 9.
2167 2235 2353 2290 Sancti
2389 2241 2648 2310 martyris
2673 2232 2985 2314 Nicephori.

380 2333 431 2386 t'.
473 2322 591 2386 Τοῦ
607 2334 762 2403 ἁγίου
793 2336 1224 2406 Χαραλὰμπους.

1201 2355 1224 2389 ,⁸
2065 2328 2152 2382 10.
2192 2327 2379 2386 Sancti
2401 2331 2793 2405 Charalatnpii.

382 2432 471 2480 ια’.
513 2426 618 2480 Τοῦ
656 2428 812 2496 ἁγίου
843 2429 1236 2500 ίερομὰρτυρος
1268 2431 1523 2486 Βλασίου.

1422 2431 1523 2486 ξου,
2065 2421 2154 2475 11.
2193 2421 2381 2478 Sancti
2409 2428 2802 2495 sacromatyris
2829 2427 3014 2484 Blasii.

382 2518 475 2588 ιβ’.
524 2519 630 2573 Τοῦ
663 2521 820 2589 ἁγίου
855 2523 1146 2578 Μελετίου.

1033 2525 1146 2578 {om
2066 2513 2153 2566 12.
2190 2511 2372 2570 Sancti
2401 2518 2625 2572 Meletii.

382 2618 473 2681 ιγ’.
511 2613 616 2665 Τοῦ
651 2617 798 2668 ὁσίου
827 2616 1221 2686 Μαρτινιανοῦ.

1109 2617 1221 2670 νοῦ,
2067 2603 2152 2657 15.
2193 2603 2338 2660 Beati
2367 2605 2701 2665 Martiniaui.

381 2705 464 2759 ιδ’.
496 2707 603 2760 Τοῦ
631 2708 779 2761 ὁσίου
818 2708 1131 2774 Αὑξεντίου.

1050 2727 1131 2764 ου,
2066 2693 2154 2748 M.
2187 2693 2334 2750 Beati
2360 2698 2639 2754 Auxentii.

381 2795 462 2850 ιε’.
509 2797 614 2851 Τοῦ
648 2800 804 2864 ἁγίου
842 2800 1140 2854 ἀποστόλου
1185 2801 1497 2873 Ὀνησίμου.

1354 2801 1497 2873 [μου.
2069 2787 2155 2842 15.
2194 2787 2378 2846 Sancti
2417 2795 2651 2862 apostoli
2681 2793 2946 2854 Oncsimi.

381 2896 474 2953 ις’.
529 2890 635 2943 Τοῦ
669 2891 822 2958 ἁγίου
857 2893 1166 2963 Παμφίλου,
1197 2894 1291 2948 καὶ
1326 2894 1435 2948 τῶν
1469 2896 1566 2949 σὺν
1592 2895 1765 2967 αὐτῷ.

1672 2895 1765 2967 τῷ⁸
2067 2879 2155 2932 16.
2197 2879 2382 2936 Sancti
2413 2883 2704 2954 Pamphili,
2733 2897 2788 2943 et
2813 2891 3087 2947 sociorum
3123 2893 3264 2964 ejus.

383 2979 468 3044 ιζ’.
513 2982 624 3050 Τῆς
646 2983 798 3046 ὁσίας
829 2985 1186 3055 Μαριάμνης.
1341 3038 1353 3057 ο
1695 2975 1700 2980 ’

1121 3004 1186 3054 λς.
1341 3038 1353 3057 ο
1695 2975 1700 2980 ’
2067 2975 2156 3030 17.
2186 2973 2365 3032 Beata:
2397 2977 2713 3037 Mariannaa.

381 3079 470 3142 ιη’.
512 3073 618 3125 Τοῦ
657 3074 803 3128 ὁσίου
829 3077 1055 3140 Λέοντος
1086 3079 1246 3130 πὰπα
1293 3077 1534 3148 Ῥώμης.

1423 3095 1534 3148 ιης,
2065 3069 2152 3122 18.
2182 3068 2329 3124 Beati
2361 3070 2556 3127 Leonis
2585 3090 2735 3143 papa:
2764 3076 3015 3134 Romani.

383 3162 469 3218 ιο’.
509 3164 629 3220 Τῶν
675 3165 848 3234 ἁγίων
896 3167 1192 3239 μαρτύρων
1235 3147 1513 3240 Μαξίμου,
1543 3171 1636 3223 καὶ
1661 3171 1768 3224 τῶν
1794 3171 1890 3224 σὺν
1917 3147 1963 3209 C

2071 3161 2153 3216 19.
2187 3161 2518 3220 Sanctorum
2567 3180 2870 3239 martyrum
2919 3171 3139 3228 Maximi
3208 3184 3262 3230 et
3305 3176 3579 3232 sociorum

302 3256 478 3326 αὐτῷ.

1993 3253 2136 3322 ejus.

379 3347 449 3403 κ’.
479 3348 584 3402 Τοῦ
609 3349 758 3403 ὁσίου
790 3351 1156 3421 Παφνουτίου.

1103 3371 1156 3407 υ,
2063 3343 2156 3397 20.
2184 3343 2332 3399 Beati
2377 3345 2693 3416 Paphnutii.

391 3443 498 3491 κα’.
531 3437 636 3491 Τοῦ
667 3439 814 3493 ὁσίου
849 3440 1143 3512 Τιμοθέου.

1068 3459 1143 3496 πυ,
2064 3435 2154 3488 21.
2189 3435 2336 3491 Beati
2367 3437 2660 3496 Timothei.

389 3525 495 3596 κβ’.
517 3528 640 3597 ,Τοῦ
668 3530 828 3598 ἁγίου
875 3532 1047 3602 Θωμᾶ
1081 3534 1444 3606 πατριάρχου.

1431 3573 1444 3589 ⁸
2063 3525 2154 3580 22.
2198 3527 2382 3583 Sancti
2418 3529 2643 3587 Thema:
2675 3535 3020 3603 patriarcha.

381 3623 488 3686 κγ’.
532 3619 637 3672 Τοῦ
666 3620 821 3688 ἁγίου
858 3621 1258 3694 ἱερομὰρτυρος
1289 3619 1678 3694 Πολυκάρπου.

1574 3641 1678 3681 που,
2065 3619 2157 3673 23.
2194 3619 2378 3677 Sancti
2409 3628 2831 3697 sacromartyris
2860 3627 3166 3702 Polycarpi.

380 3711 479 3764 κδ’.
524 3712 588 3764 Ἦ
615 3711 835 3782 εὕρεσις
866 3715 964 3786 τῆς
994 3715 1239 3786 κεφαλῆς
1272 3715 1368 3770 τοῦ
1403 3716 1747 3788 Προδρόμου.

1476 3716 1747 3787 δοδρόμου,
2063 3708 2155 3763 24.
2197 3709 2440 3764 Iuventio
2464 3715 2660 3782 capitis
2684 3715 3068 3775 Pracursoris.

385 3801 484 3856 κε’.
535 3804 641 3858 Τοῦ
673 3805 830 3874 ἁγίου
859 3808 1134 3878 Ταρασίου
1164 3811 1524 3882 πατριάρχου.

1421 3827 1524 3880 ζου,
2065 3800 2157 3854 25.
2199 3803 2381 3856 Sancti
2411 3802 2624 3859 Tarasii
2667 3809 3013 3876 patriarcha}.

386 3903 501 3960 σις’.
544 3897 650 3952 Τοῦ
683 3899 842 3970 ἁγίου
895 3902 1174 3974 μάρτυρος
1219 3903 1454 3968 Παπίου,
1488 3905 1585 3956 καὶ
1638 3902 1747 3957 τῶν
1796 3905 1894 3959 σὺν

1813 3905 1894 3959 ,δν
2066 3892 2156 3950 26.
2189 3891 2377 3950 Sancti
2405 3897 2661 3968 martyris
2685 3897 2839 3970 Papii
2867 3911 2920 3957 et
2946 3903 3224 3958 sociorum
3261 3903 3405 3976 ejus.

310 4005 484 4058 αυτῳ.

386 4081 491 4144 κζ’.
530 4082 638 4135 Τοῦ
667 4083 826 4152 ἁγίου
854 4085 1186 4154 Πορφυρίου.

1135 4103 1186 4139 υ,
2067 4077 2156 4132 27.
2193 4075 2381 4134 Sancti
2419 4079 2727 4152 Porphyrii.

399 4171 505 4241 κη’.
555 4173 662 4225 Τοῦ
691 4173 839 4226 ὁσίου
868 4176 964 4226 καὶ¹
1003 4176 1338 4247 ὁμολογητοῦ
1373 4178 1677 4238 Βασιλείου.

1373 4178 1677 4238 Βασιλειου,
2065 4167 2155 4223 28.
2187 4168 2334 4224 Beati
2367 4172 2704 4227 confessoris
2729 4173 2935 4230 Basilii.

838 4305 995 4358 MHN
1032 4305 1360 4360 ΜΑΡΤΙΟΣ.
2095 4353 2099 4356 η

2095 4353 2099 4356 λ
2475 4295 2728 4352 MENSIS
2758 4297 3091 4358 MARTlUS.

386 4418 456 4466 α’.
505 4413 614 4484 Τῆς
655 4413 820 4482 ἁγίας
867 4415 1144 4486 μάρτυρος
1185 4414 1472 4479 Εὐδοκίας.
1924 4484 1947 4486 ξ

1366 4414 1472 4479 iac.
1924 4484 1947 4486 ξ
2074 4405 2122 4459 1.
2149 4404 2360 4461 Sanctae
2387 4407 2639 4476 martyris
2673 4407 2950 4465 Eudoxitc.

388 4503 454 4574 β’.
501 4505 660 4558 Λείπ.
950 4484 958 4486 7
1059 4484 1064 4485 γ
1922 4484 1976 4544 D

1922 4484 1976 4544 D
2071 4498 2127 4552 2.
2163 4498 2374 4553 Nullius
2405 4499 2464 4552 iit
2499 4501 2721 4558 mentio.

390 4594 462 4664 γ’.
499 4596 604 4649 Τοῦ
643 4597 804 4665 ἁγίου
838 4598 1188 4654 Βασιλίσκου.

1069 4615 1188 4654 κου.
2073 4591 2126 4646 5.
2162 4591 2347 4644 Sancti
2389 4591 2657 4646 Basilisci.

391 4687 454 4740 δ’.
493 4687 599 4740 Τοῦ
629 4691 776 4742 ὁσίου
817 4689 1092 4760 Ἦσυχίου.
1151 4749 1154 4752 ,

1024 4708 1092 4745 au.
1151 4749 1154 4752 ,
2072 4682 2127 4738 4.
2159 4681 2308 4736 Beati
2337 4682 2616 4754 Hesychii.

392 4787 454 4833 ε’.
484 4779 592 4833 Τοῦ
626 4781 781 4850 ἁγίου
815 4784 1082 4845 Κόνωνος.

1045 4803 1082 4845 ἕ.
2075 4773 2128 4828 5.
2162 4773 2345 4829 Sancti
2368 4775 2627 4832 Cononis.

389 4881 464 4937 ς’.
491 4874 613 4929 Τῶν
643 4876 814 4943 ἁγίων
849 4876 938 4946 μβ’
966 4876 1281 4948 μαρτύρων.

2073 4863 2127 4918 6.
2158 4864 2481 4920 Sanctorum
2551 4868 2782 4921 duorum
2847 4877 2900 4922 et
2964 4871 3322 4942 quadraginta
3381 4885 3582 4948 marty-

2003 4973 2149 5015 rum.

404 5058 468 5124 ζ’.
508 5059 628 5114 Τῶν
659 5060 832 5128 ἁγίων
863 5059 908 5124 ζ’
941 5061 1049 5114 τῶν
1080 5063 1139 5114 ὲν
1176 5061 1426 5133 Χερσῶνι
1458 5063 1793 5118 ἐπισκόπων.

2079 5056 2127 5109 7.
2163 5055 2485 5112 Sanctorum
2547 5067 2751 5127 septem
2809 5058 2865 5112 in
2935 5058 3214 5114 Chersonc
3290 5061 3581 5130 epismpo-

2005 5166 2066 5202 l‘ll
2076 5167 2124 5203 m
2135 5190 2149 5204 .

393 5244 464 5315 η’.
503 5245 610 5298 Τοῦ
645 5245 792 5298 ὁσίου
826 5245 1228 5315 Θεοφυλὰκτου.
1536 5303 1542 5311 ,

1178 5265 1228 5302 υ.
1536 5303 1542 5311 _
2077 5245 2130 5296 8.
2162 5241 2313 5298 Beati
2353 5242 2766 5314 Thcophyiacti.

397 5336 460 5390 0'.
497 5336 618 5389 Τῶν
646 5337 817 5406 ἁγίων
850 5333 924 5408 μ’.

2074 5337 2128 5391 9.
2161 5335 2484 5391 Sanctorum
2525 5336 2918 5409 Quadraginta.

411 5426 460 5481 ι’.
494 5427 600 5480 Τοῦ
629 5428 788 5497 ἁγίου
829 5429 1106 5500 μάρτυρος
1137 5432 1440 5502 Κοδρᾶτον.

1358 5449 1440 5487 ου.
2078 5430 2166 5484 10.
2199 5429 2386 5484 Sancti
2423 5431 2682 5501 martyris
2707 5431 2949 5485 (Iodrati.

400 5514 488 5569 ια’.
534 5517 638 5570 Τοῦ
673 5517 1171 5588 ἁγίουΣωφρονίου
1204 5523 1564 5595 πατριάρχου.

1469 5539 1564 5595 (ou.
2077 5523 2167 5577 11.
2193 5522 2377 5577 Sancti
2403 5522 2693 5591 Sophronii
2721 5524 3061 5593 patriarchas.

405 5607 492 5679 ιβ’.
536 5610 640 5663 Τοῦ
674 5611 834 5678 ἁγίου
873 5612 1203 5683 Θεοφάνους.

1202 5661 1203 5664 η
2078 5615 2168 5668 12.
2211 5614 2395 5668 Sancti
2426 5613 2794 5681 Theophanis.

411 5701 502 5769 ιγ’.
553 5704 596 5755 Τ
598 5703 657 5756 οῦ
687 5705 842 5773 ἁγίου
876 5707 1124 5762 Σαϐίνου.

1051 5723 1124 5762 ου.
2079 5708 2168 5762 15.
2211 5707 2396 5761 Sancti
2433 5707 2643 5762 Sabini.

413 5791 490 5848 ιδ’.
539 5795 700 5849 Δείπ.

2082 5801 2170 5855 11.
2202 5800 2358 5856 Nulla
2393 5802 2619 5858 mentio.
