4032 6422
439 376 585 438 1319
1204 364 1600 425 OPUSCULA
1644 359 2063 423 “TURGICA
2104 358 2454 421 INCERTAE
2484 358 2797 422 IETATIS.
3612 347 3758 411 I320

508 497 599 551 15.
637 494 823 549 Terra:
858 505 1064 543 motus.
2058 486 2100 538 Α

2058 486 2103 538 Α
2215 476 2298 532 ιε’.
2334 476 2441 531 Τοῦ
2475 476 2723 548 σεισμοῦ.

508 589 599 643 16.
631 585 789 641 Nulla
840 583 1065 637 mentio.

894 583 1065 637 entio.
2189 568 2286 633 ις’.
2325 569 2486 623 Acin.

513 682 603 736 l7.
640 677 889 734 llominis
921 676 1014 729 Dei
1036 673 1228 729 Alexii.

2201 664 2290 726 ιζ’.
2336 661 2444 715 Τοῦ
2472 660 2763 731 ἀνθρώπου
2789 660 2881 713 τοῦ
2910 660 3048 713 θεοῦ
3095 658 3363 725 Ἀλεξίου.

511 774 601 828 18.
633 771 815 827 Sancti
840 767 1028 840 Cyrilli
1058 760 1524 835 Jerosolymitani.

2204 752 2298 824 ιη’.
2327 753 2437 807 Τοῦ
2461 754 2618 822 ἁγίου
2648 753 2919 825 Κορίλλου
2964 752 3506 822 Ἱεροσολυμιτὰνου.

512 866 602 921 19.
636 864 963 918 Sanctorum
992 858 1283 931 Cliryranti
1316 866 1370 910 et
1402 853 1599 909 Darim.

2212 845 2301 902 t0'.
2333 846 2455 901 Τῶν
2486 848 2657 916 ἁγίων
2683 845 3003 917 Χρυσὰνόου
3037 846 3130 899 καὶ
3152 845 3409 915 Δαρείας.

506 958 600 1011 20.
634 955 790 1013 Nulla
830 952 1054 1008 mentio.

896 952 1054 1007 entio.
2219 939 2289 996 κ’.
2326 942 2488 997 Acin.

509 1050 604 1104 21.
644 1046 805 1102 Nulla
832 1044 1058 1101 mentio.
2205 1034 2316 1089 κε’.
2347 1034 2508 1088 Acin.

508 1142 604 1197 22.
645 1139 831 1195 Sancti
854 1134 1270 1207 sacromartyris
1300 1132 1511 1191 Basilii.

2218 1125 2324 1199 κβ’.
2355 1126 2463 1180 Τοῦ
2496 1126 2654 1197 ἁγίου
2684 1125 3074 1200 ίερομὰρτυρος
3112 1122 3422 1178 Βασιλείου.

509 1235 604 1290 25.
638 1232 796 1288 Nulla
825 1230 1051 1286 mentio.

922 1230 1051 1285 ntio.
2207 1226 2314 1287 κγ’.
2353 1220 2514 1275 Acin.

508 1326 606 1380 24.
634 1323 792 1378 Nulla
820 1320 1046 1376 mentio.

914 1320 1046 1375 ntio.
2215 1310 2315 1367 κδ’.
2346 1313 2506 1367 Acin.

508 1417 607 1472 25.
638 1412 996 1471 Annuntiatio
1024 1411 1299 1482 Deipane.

2204 1402 2302 1458 κε’.
2351 1406 2411 1459 '0
2442 1405 2840 1475 εὐαγγελισμδς
2869 1406 2969 1477 τῆς
2996 1406 3280 1460 Θεοτὸκου.

504 1541 585 1553 -—
612 1508 947 1579 aniturgia.

2348 1500 2429 1560 ci;
2465 1498 2561 1569 τὴν
2587 1499 2951 1570 λειτουργίαν.

512 1604 606 1658 26.
645 1601 803 1657 Nulla
831 1598 1062 1656 mentio.

917 1598 1062 1654 :ntio.
2205 1596 2322 1656 εις-⁸.
2349 1589 2509 1644 Acin.

511 1696 604 1751 27.
639 1695 855 1750 Sancta
879 1693 1162 1748 Matronae.

2207 1686 2327 1749 κζ’.
2382 1684 2491 1754 Τῆς
2527 1683 2691 1749 ἁγίας
2737 1682 3065 1754 Ματρώνας.

513 1789 611 1843 28.
636 1787 793 1842 Nulla
820 1787 1044 1840 mentio.
2077 1835 2105 1846 _

921 1787 1044 1840 LlllO.
2077 1835 2115 1846 _
2210 1777 2320 1846 κη’.
2351 1777 2513 1833 Λείπ.

2074 1835 2119 1891 Β
2216 1835 2320 1927 κδ’.
2352 1870 2513 1927 Acin.

522 1974 615 2028 30.
651 1972 834 2027 Sancti
860 1969 1091 2025 Joannis
1107 1966 1359 2024 Cl.maci.

2213 1965 2278 2019 λ’.
2312 1963 2419 2019 Τοῦ
2447 1966 2603 2034 ἁγίου
2648 1965 2896 2019 Ἰωάννου
2922 1963 3018 2034 τῆς
3048 1963 3350 2033 Κλίμακος.

518 2069 613 2124 51.
645 2066 802 2123 Nulla
835 2064 1064 2120 mentio.

926 2064 1064 2119 ntio.
2215 2057 2318 2112 λα’.
2357 2056 2518 2111 Λείπ.

934 2171 1188 2229 MENSIS
1239 2169 1537 2227 APRILIS.

2641 2166 2797 2220 MHN
2840 2165 3226 2219 ΑΠΡΙΛΛΙΟΣ.

517 2292 574 2347 1.
597 2291 778 2346 Beata:
802 2287 1011 2344 Maria.

2215 2274 2287 2331 α’.
2331 2275 2444 2347 Τῆς
2476 2276 2633 2338 ὁσίας
2661 2275 2902 2345 Μαρίας.

511 2385 573 2440 2.
600 2382 931 2439 Sanctorum
954 2379 1250 2451 Ampliiani
1301 2388 1356 2439 et
1390 2376 1595 2433 Edcsii.

2214 2369 2281 2439 β’.
2318 2369 2442 2423 Τῶν
2471 2368 2643 2438 ἁγίων
2677 2368 3000 2439 Ἀμφιανοῦ,
3034 2370 3129 2422 καὶ
3167 2370 3446 2424 Ἐδεσίου.

517 2478 577 2535 3.
604 2475 760 2531 Nulla
788 2474 1016 2529 mentio.
2213 2470 2286 2534 γ’.
2315 2463 2477 2518 Acin.

514 2573 571 2627 4.
607 2567 794 2623 Sancti
817 2564 1084 2621 Tlicoduli
1119 2573 1172 2620 et
1193 2565 1466 2623 sociorum
1490 2564 1634 2634 ejus.

2213 2554 2279 2611 δ’.
2308 2555 2417 2609 Τοῦ
2447 2556 2605 2626 ἁγίου
2636 2554 2953 2618 Θεοδούλου,
2991 2557 3085 2609 καὶ
3114 2555 3220 2609 τῶν
3250 2556 3348 2609 σὺν
3377 2556 3569 2628 αὐτῷ.

510 2663 568 2717 5.
606 2660 761 2716 Nulla
786 2659 1014 2715 mentio.
2218 2646 2281 2703 ε’.
2324 2648 2490 2703 Acin.

517 2756 575 2811 6.
621 2754 805 2809 Sancti
833 2752 1086 2825 Eutychii
1115 2748 1461 2823 patriarchae.

2217 2738 2295 2806 ς’.
2341 2739 2450 2793 Τοῦ
2479 2739 2636 2809 ἁγίου
2665 2740 2930 2810 Εὐτυχίου
2964 2741 3324 2810 πατριάρχου.

521 2848 578 2902 7.
612 2847 801 2901 Sancti
837 2845 1040 2899 Rulini.

2218 2831 2283 2899 ζ’.
2321 2832 2429 2887 Τοῦ
2458 2833 2615 2902 ἁγίου
2653 2831 2958 2901 Ῥουφίνου.

519 2939 574 2993 8.
603 2937 935 2993 Sanctorum
982 2933 1361 3005 apostolorum
1460 2928 1582 2985 Ruﬁ
1652 2939 1708 2987 ct
1765 2929 2043 2986 sociorum

2229 2923 2303 2996 η’.
2352 2926 2475 2980 Τῶν
2514 2926 2689 2995 ἁγίων
2730 2925 3043 2979 ἀποστόλων
3082 2923 3308 2993 Ῥούφου
3350 2926 3447 2977 καὶ
3475 2925 3599 2979 τῶν
3658 2926 3770 2980 σὺν

447 3032 598 3101 ejus.

2145 3016 2318 3088 αὐτῷ.

520 3124 577 3181 9.
616 3122 773 3178 Nulla
798 3122 1025 3177 mentio.
2232 3108 2300 3165 θ’.
2352 3109 2514 3164 Acin.

527 3219 610 3273 to.
647 3215 835 3272 Sancti
874 3213 1132 3285 martyris
1156 3213 1420 3272 Terentii.
2067 3183 2115 3251 ο

2067 3183 2115 3251 C
2228 3208 2281 3258 t'.
2313 3201 2422 3256 Τοῦ
2456 3201 2616 3271 ἁγίου
2647 3201 2926 3273 μάρτυρος
2954 3203 3264 3274 Τερεντίου.

517 3309 609 3364 11.
640 3306 828 3362 Sancti
865 3305 1101 3375 Antipaz.

2228 3302 2314 3350 ια’.
2344 3295 2453 3349 Τοῦ
2481 3295 2640 3365 ἁγίου
2677 3298 2919 3354 Ἀντίπα.

515 3402 608 3455 η.
641 3399 797 3454 Nulla
830 3399 1056 3453 mentio.

913 3399 1056 3453 :ntio.
2184 3440 2188 3444 Α
2218 3388 2311 3459 ιβ’.
2344 3388 2505 3443 Acin.

513 3496 606 3551 15.
644 3492 801 3549 Nulla
830 3492 1062 3547 mentio.

913 3492 1062 3547 :ntio.
2218 3486 2287 3550 ιγ’
2298 3521 2313 3536 .
2342 3480 2505 3535 Λείπ.

518 3588 611 3644 14.
641 3585 803 3641 Nulla
843 3587 1070 3640 mentio.

911 3587 1070 3640 sntio.
2220 3572 2302 3628 ιδ’.
2343 3572 2503 3627 Acin.

518 3681 613 3736 15.
647 3679 807 3734 Nulla
840 3678 1063 3733 mentio.
1624 3750 1627 3753 _

946 3678 1063 3732 itio.
2215 3661 2299 3719 ιε’.
2338 3663 2502 3719 Acin.
2536 3664 2538 3667 ’

519 3771 611 3827 16.
646 3771 863 3826 Sancta:
894 3770 1130 3841 Agapes,
1156 3778 1210 3825 et
1240 3770 1514 3827 sociarum
1540 3769 1684 3840 ejus.

2217 3754 2319 3822 ις’.
2364 3755 2478 3827 Τῆς
2503 3756 2665 3826 ἁγίας
2703 3758 2974 3829 Ἀγὰπης.
3006 3760 3097 3813 καὶ
3125 3759 3233 3813 τῶν
3264 3762 3364 3815 σὺν
3390 3762 3556 3834 αὐτῇ.

514 3864 608 3919 17.
644 3861 802 3918 Nulla
838 3862 1066 3917 mentio.

922 3862 1066 3915 :ntio.
2217 3849 2306 3914 ιζ’.
2351 3849 2514 3903 Λείπ.

516 3956 611 4011 18.
642 3954 829 4010 Sancti
870 3952 1082 4009 Jacobi.

2219 3942 2311 4012 ιη’.
2356 3942 2464 3996 Τοῦ
2498 3943 2655 4013 ἁγίου
2698 3944 2977 4000 Ἰακώϐου.

520 4049 612 4106 19.
648 4048 806 4103 Nulla
832 4048 1058 4103 mentio.
2218 4037 2305 4093 tii’.
2332 4037 2497 4091 Acin.

520 4142 615 4199 20.
650 4140 808 4197 Nulla
832 4141 1061 4197 mentio.
2223 4138 2296 4187 κ’.
2330 4133 2493 4188 Acin.

518 4235 616 4290 21.
647 4233 807 4288 Nulla
835 4235 1063 4289 mentio.
2219 4233 2329 4281 κα’.
2377 4228 2538 4281 Acin.

517 4327 612 4383 22.
638 4326 785 4383 Beati
810 4325 1085 4382 Theodori
1109 4325 1333 4383 Siceoti.

2209 4318 2319 4391 κβ’.
2355 4320 2463 4374 Τοῦ
2498 4320 2646 4374 ὁσίου
2680 4319 2958 4392 Θεοδώρου
2995 4323 3286 4377 Σικεώτου.

521 4420 612 4475 25.
643 4418 830 4475 Sancti
863 4430 1119 4491 martyris
1149 4420 1390 4491 Georgii.

2228 4410 2335 4480 κγ’.
2378 4410 2485 4464 Τοῦ
2521 4411 2680 4480 ἁγίου
2707 4411 2985 4483 μάρτυρος
3008 4412 3301 4484 Γεωργίου.

518 4509 612 4563 24.
647 4506 803 4564 Nulla
833 4510 1059 4563 mentio.
2070 4536 2110 4597 Ε

934 4510 1059 4563 ntio.
2070 4536 2127 4597 Β
2225 4503 2323 4597 κδξ.
2368 4503 2526 4597 Acin.

510 4600 607 4655 25.
641 4598 826 4655 Sancti
848 4601 1087 4671 aposwli
1122 4598 1314 4655 Marci.
2073 4595 2098 4597 ”

2073 4595 2098 4597 ⁷
2224 4595 2321 4651 κε’.
2363 4596 2470 4651 Τοῦ
2495 4598 2653 4665 ἁγίου
2679 4598 2983 4652 ἀποστόλου
3012 4598 3263 4668 Μάρκου.

514 4692 609 4745 26.
639 4689 827 4746 Sancti
863 4692 1285 4761 sacromartyris
1316 4691 1522 4746 Basilii.

2222 4696 2337 4756 κς·’.
2374 4691 2481 4744 Τοῦ
2516 4692 2673 4761 ἁγίου
2701 4691 3100 4763 ίερομὰρτυρος
3125 4691 3432 4749 Βασιλείου.

521 4782 612 4839 27.
644 4781 806 4837 Nulla
831 4784 1058 4837 mentio.
1976 4812 1977 4815 η

950 4784 1058 4837 ntio.
1976 4812 1977 4815 η
2228 4784 2335 4848 κζ’.
2378 4783 2542 4837 Acin.

520 4871 613 4929 28.
652 4873 815 4928 Nulla
846 4874 1074 4933 mentio.

922 4874 1074 4933 :ntio.
2220 4880 2326 4945 κη’.
2353 4873 2514 4927 Acin.

519 4968 613 5023 29.
650 4966 839 5022 Sancti
869 4964 1091 5023 Simeon
1129 4970 1347 5038 cognati
1378 4967 1611 5023 Domini.

2211 4963 2316 5018 κθ’.
2344 4965 2451 5018 Τοῦ
2481 4965 2639 5033 ἁγίου
2666 4964 2895 5036 Συμεὼν
2916 4964 3010 5020 τοῦ
3044 4967 3342 5036 συγγενοῦς
3370 4967 3463 5021 τοῦ
3495 4969 3725 5039 Κυρίου.

518 5056 613 5114 30.
643 5057 831 5112 Sancti
861 5056 1052 5113 Jacobi
1103 5060 1287 5114 fratris
1319 5059 1439 5113 Dei.

2222 5057 2287 5111 λ’.
2332 5057 2441 5110 Τοῦ
2467 5057 2625 5125 ἁγίου
2670 5057 2927 5111 Ἰακώϐου
2956 5058 3050 5111 τοῦ
3079 5060 3310 5130 ἀδελφοῦ
3339 5062 3499 5117 Θεοῦ.

968 5167 1226 5224 MENSIS
1278 5166 1518 5227 MAIUS.

2720 5167 2877 5222 MHN
2908 5170 3140 5224 ΜΑΙΟΣ.

522 5277 575 5330 1.
606 5274 791 5332 Sancti
828 5275 1102 5347 propheta:
1124 5273 1393 5331 Jeremiaa.

2211 5295 2284 5334 α.
2325 5276 2433 5331 Τοῦ
2462 5278 2621 5348 ἁγίου
2655 5283 2938 5351 προφήτου
2983 5281 3266 5353 Ἰερεμίου.

511 5368 568 5422 2.
598 5368 788 5424 Sancti
820 5368 1132 5423 Athanasii.

2219 5367 2288 5443 β’.
2333 5370 2441 5424 Τοῦ
2479 5371 2637 5440 ἁγίου
2672 5372 3017 5429 Ἀθανασίου.

518 5461 571 5513 ‘5.
602 5459 788 5515 Sancti
821 5460 1077 5530 martyris
1105 5459 1398 5518 Timothei.

2218 5460 2288 5531 γ’.
2338 5463 2445 5517 Τοῦ
2473 5464 2633 5535 ἁγίου
2663 5467 2941 5539 μάρτυρος
2972 5467 3260 5538 Τιμοθέου.

518 5552 570 5606 4.
597 5550 754 5606 Nulla
778 5552 1008 5607 mentio.

871 5552 1008 5607 ntio.
2203 5553 2268 5609 δ’.
2300 5556 2463 5610 Acin.

522 5642 574 5694 5.
607 5640 763 5697 Nulla
797 5644 1025 5710 mentio,

868 5644 1025 5710 :ntio,
2207 5654 2269 5704 c'.
2301 5650 2460 5704 Acin.

522 5731 575 5785 6.
603 5732 741 5790 Justi
771 5734 896 5789 Job.

2208 5749 2284 5807 ς’.
2320 5744 2427 5797 Τοῦ
2456 5745 2667 5801 δικαίου
2708 5744 2825 5800 Ἰὼϐ

522 5816 575 5872 7.
601 5820 759 5876 Nulla
786 5824 1011 5879 mentio.

876 5824 1011 5878 ntio.
2207 5837 2273 5901 ζ’.
2308 5838 2468 5891 Acin.
