4032 6420
258 389 401 455 1321
1607 391 1735 451 sn
1750 393 2039 451 AXARIU
2052 396 2130 453 Μ.
3388 389 3519 452 I392

340 510 410 577 η’.
442 508 549 560 Τοῦ
576 507 731 574 ἁγίου
776 506 1030 560 Ἰωάννου
1061 506 1154 559 τοῦ
1184 507 1471 574 Θεολόγου.
1878 514 1921 567 Α

1284 507 1471 574 ¹λόγου.
1878 514 1921 567 Α
2030 508 2081 562 8.
2120 504 2304 560 Sancti
2338 506 2567 560 Joannis
2596 502 2876 575 TheOIOgi.

334 630 405 644 --
450 602 528 670 Τῇ
561 602 697 671 αὐτῇ
729 600 911 671 ἡμέρᾳ
940 600 1217 671 μάρτυρος
1263 600 1537 652 Ἀκακίου.

1368 600 1537 652 ακίου.
2023 630 2089 642 --
2120 600 2319 654 Eadem
2340 600 2447 666 die,
2478 602 2734 667 martyris
2754 600 2960 655 Acacii.

333 694 404 749 θ’.
450 694 557 747 Τοῦ
584 695 861 764 προφήτου
903 694 1145 747 Ἡσαΐου.

1004 694 1145 747 αῖου.
2009 692 2062 747 9.
2100 690 2388 761 Propheta:
2424 692 2595 746 Isaia}.

334 814 406 825 -
441 787 521 856 Τῇ
560 786 701 856 αὐτῇ
737 785 920 856 ἡμέρᾳ
967 785 1061 838 τοῦ
1099 785 1253 853 ἁγίου
1292 784 1568 855 μάρτυρος
1610 785 1844 837 Χοιστο-

1793 799 1844 835 o—
2043 815 2091 825 -
2118 786 2321 840 Eadem
2353 785 2462 853 die,
2497 785 2673 841 sancti
2704 786 2956 857 martyris
2985 785 3385 855 Christophori.

252 878 453 949 φόρου.

338 968 392 1020 ι’.
439 966 544 1020 Τοῦ
572 965 872 1019 ἀποστόλου
902 966 1166 1037 Σίμωνος.

2018 966 2104 1021 10.
2133 966 2376 1037 Apostoli
2414 967 2675 1024 Simonis.
2792 975 2800 989 ί

338 1054 431 1110 ια’.
458 1055 564 1107 Τοῦ
597 1056 753 1122 ἁγίου
793 1055 1069 1125 μάρτυρος
1096 1054 1342 1109 Μωκίου.

1243 1054 1342 1109 ίου.
2020 1058 2107 1112 11.
2142 1058 2329 1112 Sancti
2369 1062 2624 1131 martyris
2656 1060 2832 1115 Mocii.

343 1147 432 1218 ιβ’.
476 1148 581 1200 Τοῦ
609 1149 758 1201 ὁσίου
793 1149 1111 1218 Ἐπιφανίου
1142 1151 1237 1201 καὶ
1267 1145 1578 1219 Γερμανοῦ.

1433 1145 1578 1200 ινοῦ.
2020 1153 2108 1206 12.
2140 1153 2287 1207 Beati
2319 1152 2606 1222 Epiphanii
2664 1164 2717 1209 ct
2747 1157 3025 1211 Germani.

338 1240 430 1309 ιγ’.
470 1241 628 1296 Λείπ.

2020 1246 2109 1300 15.
2142 1244 2297 1300 Nulla
2324 1248 2550 1301 mentio.

341 1330 424 1385 ιδ’.
454 1332 497 1384 Τ
499 1330 561 1384 οῦ
589 1331 748 1399 ἁγίου
791 1330 1086 1401 Ἰσιδώρου,
1117 1332 1211 1384 καὶ
1240 1328 1560 1399 Παχωμίου.

1327 1329 1560 1399 κωμίον.
2023 1334 2108 1387 14.
2136 1333 2318 1388 Sancti
2335 1335 2526 1389 lsidori
2551 1346 2602 1389 et
2619 1336 2915 1393 Pachomii.

336 1432 424 1480 ιε’.
459 1424 619 1478 Λείπ.

2019 1425 2109 1478 15.
2136 1423 2294 1478 Nulla
2327 1426 2550 1480 mentio.

335 1522 431 1580 ις’.
462 1515 568 1568 Τοῦ
602 1514 760 1582 ἁγίου
790 1515 1070 1584 προφήτου
1107 1510 1400 1584 Ζαχαρίου.

1366 1530 1400 1565 ›.
2021 1513 2112 1568 16.
2148 1512 2333 1568 Sancti
2366 1515 2640 1583 prophetae
2664 1516 2958 1573 Zachariae.

346 1605 435 1670 ιζ’.
469 1607 629 1660 Λείπ.

2018 1606 2108 1660 17.
2131 1604 2283 1660 Nulla
2309 1606 2536 1661 mentio.

349 1698 438 1769 ιη’.
469 1699 628 1753 Λείπ.

2012 1697 2101 1751 18.
2138 1697 2292 1752 Nulla
2319 1699 2547 1751 mentio.

342 1793 429 1845 t0’.
474 1790 581 1844 T06
620 1791 776 1860 ἁγίου
810 1791 1130 1861 Πατρικίου.
1488 1846 1491 1847 ,

1032 1791 1130 1845 ίου.
1488 1846 1491 1847 ,
2018 1789 2106 1844 19.
2140 1789 2326 1844 Sancti
2380 1788 2624 1844 Patrieii.

341 1890 411 1939 κ’.
455 1884 561 1937 Τοῦ
605 1885 761 1952 ἁγίου
796 1884 1111 1937 Θαλελαίου.
1873 1863 1921 1921 Β

1060 1901 1111 1937 υ.
1873 1863 1921 1921 Β
2019 1882 2111 1937 20.
2146 1881 2332 1937 Sancti
2375 1881 2648 1936 Tlialeltei.

328 1974 437 2031 κα’.
464 1977 585 2030 Τῶν
616 1977 787 2044 ἁγίων
824 1977 1257 2041 Κωνσταντίνου,
1291 1977 1383 2029 καὶ
1422 1976 1660 2047 Ἑλένης.

1608 1993 1660 2043 ης.
2019 1974 2111 2027 21.
2141 1973 2466 2029 Sanctorum
2496 1975 2837 2030 Constantini
2877 1985 2929 2031 et
2952 1976 3200 2033 llelenes.

340 2067 447 2137 κβ¹.
485 2067 593 2119 Τοῦ
630 2067 789 2135 ἁγίου
831 2066 1180 2121 Βασιλίσκου.

1028 2084 1180 2121 σκου.
2016 2065 2110 2119 22.
2140 2064 2327 2120 Sancti
2348 2066 2618 2122 Basilisci.

344 2157 455 2228 κγ’.
489 2158 654 2212 Λείπ.
1620 2211 1632 2225 ,

1620 2211 1632 2225 ,
2017 2156 2109 2211 25.
2144 2156 2299 2211 Nulla
2325 2159 2549 2213 mentio.

339 2252 438 2305 κδ’.
483 2249 591 2302 Τοῦ
620 2249 768 2303 ὁσίου
799 2248 1023 2319 Συμεὼν
1056 2248 1151 2303 τοῦ
1179 2249 1494 2320 θαυμαστοῦ
1532 2248 1708 2322 ὅρους.

1532 2248 1708 2322 ὅρους.
2017 2247 2110 2302 24.
2145 2247 2297 2301 Beati
2339 2248 2561 2303 Simeon
2602 2249 2866 2305 mirabilis
2887 2252 3108 2306 montis.

338 2341 438 2396 κε’.
474 2342 638 2395 Λείπ.

2016 2339 2110 2393 25.
2150 2338 2308 2393 Nulla
2332 2339 2556 2393 mentio.

336 2433 452 2498 κς’.
488 2433 595 2487 Τοῦ
628 2432 784 2503 ἁγίου
813 2433 1112 2488 ἀποστόλου
1157 2434 1348 2489 Ἰούδα.

1208 2434 1348 2489 >ύδα.
2015 2430 2105 2484 26.
2148 2431 2334 2485 Sancti
2364 2432 2598 2501 apostoli
2627 2431 2800 2489 Iudas.

348 2528 449 2593 κζ’.
482 2526 643 2581 Λείπ.
1631 2550 1646 2562 ο

1631 2550 1646 2562 ο
2015 2522 2107 2575 27.
2131 2519 2286 2575 Nulla
2319 2525 2543 2578 mentio.

337 2631 444 2695 κη’.
478 2622 583 2676 Τοῦ
616 2621 773 2691 ἁγίου
807 2622 1085 2692 μάρτυρος
1122 2621 1384 2678 Ἐλαδίου.

1240 2621 1384 2678 ιδίου.
2015 2612 2105 2667 28.
2138 2611 2327 2667 Sancti
2353 2616 2610 2683 martyris
2640 2614 2832 2671 Elatlii.

334 2715 441 2770 xO'.
476 2715 587 2786 Τῆς
627 2715 788 2784 ἁγίας
825 2716 1100 2786 μάρτυρος
1127 2712 1434 2778 Θεοδοσίας.

1418 2754 1434 2768 ,
2014 2705 2108 2761 29.
2137 2706 2351 2760 Sanctae
2376 2710 2631 2778 martyris
2667 2707 3006 2766 Theodosia.

352 2806 417 2862 λ’.
448 2809 611 2864 Λείπ.

2018 2795 2109 2851 30.
2138 2795 2294 2851 Nulla
2326 2800 2548 2853 mentio.

350 2899 453 2955 λα’.
491 2899 598 2953 Τοῦ
627 2896 784 2967 ἁγίου
815 2898 1120 2952 ἀποστόλου
1168 2898 1530 2970 Ἀνδρονίκου.

1349 2899 1530 2953 ννίκου,
2011 2890 2104 2945 51.
2138 2888 2326 2945 Sancti
2355 2891 2586 2961 apostoli
2614 2891 2941 2951 Andronici.

812 3027 968 3082 MHN
999 3028 1298 3082 ΙΟΥΝῙΟΣ.

2460 3017 2712 3075 MENSIS
2749 3019 3012 3080 JUNIUS.

351 3162 423 3212 α’.
456 3155 562 3210 Τοῦ
596 3156 752 3224 ἁγίου
792 3153 1102 3209 Ἰουστίνου.
1874 3210 1916 3224 Α

945 3153 1102 3209 πίνου.
1874 3210 1916 3224 Α
2025 3149 2077 3205 1.
2109 3147 2291 3205 Sancti
2319 3149 2537 3205 Justini.

347 3210 415 3320 β’.
447 3249 556 3301 Τοῦ
592 3210 748 3315 ἁγίου
785 3247 1101 3317 Νικηφόρον
1130 3245 1489 3316 πατριάρχου,
1874 3210 1917 3267 c

1398 3263 1489 3315 ζου,
1874 3210 1917 3267 c
2024 3240 2081 3298 2.
2114 3240 2299 3294 Sancti
2331 3240 2620 3310 Nicephori
2651 3242 2990 3310 patriam-hae.

347 3342 421 3413 γ’.
452 3343 560 3397 Τοῦ
596 3342 750 3411 ἁγίου
788 3341 1063 3411 μάρτυρος
1092 3339 1415 3393 Λουκιανοῦ.

1258 3339 1415 3393 ανοῦ.
2021 3332 2077 3387 3.
2117 3330 2300 3386 Sancti
2338 3331 2596 3400 martyris
2621 3331 2850 3385 Luciani

341 3437 405 3491 δ’.
443 3435 550 3489 Τοῦ
584 3435 738 3503 ἁγίου
769 3432 1185 3505 Μητροφὰνους.

1120 3450 1185 3495 νς.
2016 3426 2072 3479 4.
2104 3424 2288 3480 Sancti
2320 3423 2712 3493 Metrophanis.

350 3527 413 3583 ε’.
444 3526 605 3581 Λείπ.

2023 3519 2075 3573 5.
2104 3515 2259 3570 Nulla
2294 3519 2513 3571 mentio.

338 3618 416 3685 ς’.
450 3620 556 3673 Τοῦ
593 3618 747 3686 ἁγίου
787 3615 1085 3688 Δωροθέου.

1022 3634 1085 3669 tu.
2021 3610 2075 3664 6.
2114 3608 2296 3663 Sancti
2336 3608 2614 3663 Dorothei.

343 3709 412 3777 ζ’.
448 3710 554 3764 Τοῦ
592 3709 748 3777 ἁγίου
792 3709 1072 3780 μάρτυρος
1095 3706 1372 3761 Θεοδότου.

1321 3725 1372 3761 υ.
2024 3703 2076 3757 7.
2110 3702 2294 3757 Sancti
2332 3704 2584 3774 martyris
2619 3703 2908 3760 Theodoti.

347 3801 425 3876 η’.
460 3803 567 3856 Τοῦ
601 3785 756 3870 ἁγίοῦ
791 3804 1072 3872 μάρτυρος
1105 3797 1382 3869 Θεοδώρου
1417 3798 1704 3868 Εὑχαῒτου.

1627 3814 1704 3851 ου.
2024 3796 2079 3851 8.
2123 3794 2311 3850 Sancti
2342 3795 2596 3865 martyris
2626 3795 2899 3850 Theodori
2941 3795 3219 3849 Euehaine

346 3894 415 3950 θ’.
446 3895 608 3950 Λείπ.

2019 3889 2074 3943 9.
2109 3886 2267 3943 Nulla
2288 3888 2511 3942 mentio.

346 3994 398 4043 ι’.
440 3988 600 4042 Λείπ.
893 4042 902 4052 ,

2027 3983 2116 4036 10.
2149 3980 2305 4035 Nulla
2334 3980 2557 4034 mentio.

348 4088 439 4133 ια’.
471 4081 592 4134 Τῶν
620 4079 935 4133 ἀποστόλων
968 4077 1399 4150 Βαρθολομαίου,
1425 4077 1518 4128 καὶ
1549 4070 1822 4145 Βαρνάϐα.

1722 4070 1822 4125 ιόα.
2021 4075 2108 4129 ll.
2126 4073 2511 4143 Apostolorum
2539 4072 2919 4127 Bartholomaei
2950 4080 3004 4126 ct
3032 4069 3314 4131 Barnahx.

352 4172 439 4244 ιβ’.
474 4174 580 4226 Τοῦ
611 4173 758 4226 ὁσίου
807 4173 1145 4240 Ὀνουφρίου.

1025 4173 1145 4225 δίου.
2018 4168 2105 4220 12.
2136 4164 2286 4219 Beati
2331 4164 2617 4233 Onuphrii.

353 4276 445 4338 ιγ’.
478 4270 589 4339 Τῆς
618 4268 780 4337 ἁγίας
822 4267 1132 4337 Ἀκυλίνης.

1046 4284 1132 4337 ης.
2026 4259 2116 4312 15.
2146 4256 2359 4311 Sanctae
2380 4256 2638 4326 Acylinre.

346 4360 429 4415 ιδ’.
463 4360 570 4422 Τοῦ
610 4359 767 4426 ἁγίου
793 4360 1073 4429 προφήτου
1121 4353 1449 4409 Ἐλισσαίου.

1286 4353 1449 4409 ταίου.
2029 4349 2121 4403 11.
2152 4347 2335 4401 Sancti
2371 4348 2648 4416 prophetae
2681 4346 2878 4400 Elisazi.

348 4451 431 4508 tc'.
456 4454 617 4507 Λείπ.

2027 4441 2115 4495 15.
2138 4437 2296 4493 Nulla
2324 4439 2546 4492 mentio.

345 4543 441 4611 ις’.
472 4545 577 4598 Τοῦ
606 4544 763 4613 ἁγίου
794 4543 1066 4614 Τύχωνος.
1876 4553 1930 4612 ι)

1060 4582 1066 4596 .
1876 4553 1930 4612 ι)
2028 4533 2117 4586 16.
2146 4530 2331 4585 Sancti
2361 4529 2652 4601 Tychonis.

345 4637 432 4703 ιζ’.
457 4637 565 4691 Τοῦ
593 4636 746 4706 ἁγίου
771 4634 1030 4704 Μανουὴλ
1054 4631 1144 4685 καὶ
1173 4630 1280 4683 τῶν
1308 4628 1405 4683 σὺν
1425 4628 1592 4698 αὐτῷ.

1533 4628 1592 4698 ῷ.
2028 4624 2116 4678 17.
2150 4621 2337 4676 Sancti
2361 4620 2573 4675 Manuel
2602 4631 2655 4675 et
2687 4622 2960 4675 sociorum
2988 4620 3125 4690 ejus.

343 4736 435 4801 ιη’.
456 4728 564 4781 Τοῦ
589 4728 744 4796 ἁγίου
780 4726 1054 4796 μάρτυρος
1084 4720 1356 4775 Λεοντίου.

1308 4738 1356 4775 υ.
2033 4716 2123 4771 18.
2160 4714 2344 4769 Sancti
2379 4714 2634 4783 martyris
2658 4713 2895 4769 Leontii.

341 4819 429 4875 ιθ’.
462 4819 569 4873 Τοῦ
588 4818 742 4887 ἁγίου
775 4818 1044 4886 Ζωσίμου.

1018 4837 1044 4870 ι.
2029 4808 2120 4864 19.
2157 4808 2344 4862 Saneti
2381 4807 2610 4862 Zosimi.

341 4919 413 4967 κ’.
449 4912 613 4966 Λείπ.

2022 4899 2116 4954 20.
2153 4899 2311 4953 Nulla
2340 4899 2565 4953 mentio.

344 5001 452 5057 κα¹.
489 5002 594 5053 Τοῦ
629 5000 784 5069 ἁγίου
815 4999 1091 5069 μάρτυρος
1132 4995 1441 5051 Ίουλιανοῦ.

1291 4995 1441 5048 ανοῦ.
2026 4992 2118 5047 21.
2158 4990 2343 5047 Sancti
2377 4989 2633 5059 martyris
2656 4984 2880 5041 Juliani.

343 5096 452 5167 κβ’.
484 5094 591 5149 Τοῦ
614 5094 772 5161 ἁγίου
810 5094 1084 5161 μάρτυρος
1110 5073 1393 5143 Εὑσέϐίου.

1315 5106 1393 5141 ου.
2031 5086 2124 5139 22.
2162 5083 2350 5138 Sancti
2388 5082 2642 5152 martyris
2671 5078 2907 5132 Eusebii.

343 5193 451 5255 κγ’.
478 5187 587 5253 Τῆς
620 5186 781 5252 ἁγίας
807 5182 1084 5253 μάρτυρος
1118 5178 1500 5250 Ἀγριππίνας.

1434 5194 1500 5241 ις.
2032 5180 2125 5234 25.
2165 5178 2377 5233 Sanctae
2412 5176 2666 5247 martyris
2696 5173 3026 5243 Agrippinae.

345 5280 443 5333 κδ’.
468 5277 541 5329 Τὸ
570 5277 811 5345 γενέσιον
835 5273 928 5327 τοῦ
961 5273 1294 5343 Προδρόμου.

1243 5290 1294 5324 υ.
2027 5273 2122 5327 24.
2154 5270 2421 5326 Nativitas
2452 5267 2832 5340 praecursoris.

346 5369 448 5428 κε’.
484 5372 595 5442 Τῆς
620 5370 783 5437 ἁγίας
820 5366 1149 5439 Φεὸρωνίας.

1106 5383 1149 5427 ς.
2028 5363 2123 5417 25.
2157 5362 2369 5416 Sancta:
2400 5358 2698 5414 Fehroniae.

262 5470 265 5475 ⁴
348 5469 467 5528 κς’.
501 5462 608 5515 Τοῦ
636 5461 787 5515 ὁσίου
818 5458 1074 5529 Σαμψών.

1002 5462 1074 5510 ὒν.
2028 5453 2119 5507 26.
2153 5452 2301 5506 Beati
2339 5451 2594 5504 Samson.

345 5556 450 5619 κζ’.
484 5554 644 5608 Λείπ.

2030 5546 2121 5599 27.
2153 5545 2311 5599 Nulla
2350 5544 2577 5598 mentio.

346 5654 455 5717 κη’.
488 5646 594 5699 Τοῦ
618 5645 772 5713 ἁγίου
803 5643 985 5714 Κύρου
1014 5643 1107 5696 καὶ
1148 5641 1416 5696 Ἰωάννου.

1250 5641 1416 5696 ἱννου.
2030 5638 2122 5693 28.
2154 5636 2338 5692 Sancti
2370 5636 2496 5707 Cyri
2535 5647 2589 5691 et
2613 5634 2842 5691 Joannis

349 5736 453 5792 κθ’.
479 5736 600 5790 Τῶν
626 5736 799 5805 ἁγίων
829 5734 1141 5788 ἀποστόλων
1168 5733 1376 5805 Πέτρου
1402 5734 1492 5787 καὶ
1511 5732 1743 5789 Παύλου.

2030 5730 2124 5785 29.
2159 5728 2487 5783 Sanctorum
2520 5729 2890 5799 apostolorum
2926 5724 3067 5779 Petri
3091 5733 3137 5777 cl
3164 5720 3335 5776 Pauii.

348 5830 415 5885 λ’.
442 5831 562 5883 Τῶν
593 5830 656 5900 ιβ’
685 5828 1015 5882 ἀποστόλων.

2025 5825 2115 5878 50.
2150 5822 2445 5877 Duodecim
2476 5822 2851 5892 apostolorum

603 5925 875 5982 νηπίη..
921 5926 1035 5982 Gn.
1081 5921 1240 5983 CVI.

3028 5911 3104 5969 ΕΞ
