4032 6408
590 412 722 475 1327
1416 414 1797 478 DPUSCULA
1831 414 2259 477 LITURGICA
2300 412 2652 478 INCERT/E
2692 416 3005 478 r‘ETATIS.
3707 423 3807 490 1323

649 525 704 582 5.
744 522 932 579 Sancti
963 530 1379 594 sacromartyrts
1414 525 1651 595 Dionysii
1678 526 2039 596 AreOpagitaa.
2204 536 2241 597 Α

2222 536 2255 596 Α
2352 525 2422 596 γ’.
2445 527 2554 580 Τοῦ
2590 527 2747 597 ἁγίου
2781 527 3181 600 ίερομάρτυρος
3232 531 3511 584 Διονυσίου
3546 532 3629 585 τοῦ
3680 537 3814 607 Ἀρεο-

2282 628 2539 690 παγίτου.

644 713 699 765 6.
735 710 920 768 Sancti
954 712 1183 782 apostoli
1212 710 1460 766 Thomae.

2355 720 2428 780 ς’.
2458 715 2566 768 Τοῦ
2590 716 2748 785 ἁγίου
2798 715 3096 770 ἀποστόλου
3131 716 3323 787 Θωμᾶ.

650 802 700 858 7.
737 802 1062 858 Sanctorum
1098 812 1399 876 martyrum
1429 804 1602 875 Sergii
1628 804 1922 862 etBacchi.

2350 804 2416 868 ζ’.
2450 805 2573 858 Τῶν
2612 806 2785 874 ἁγίων
2810 806 3106 877 μαρτύρων
3136 806 3363 876 Σεργίου
3390 806 3484 859 καὶ
3515 805 3728 877 Βάκχου.

644 894 733 949 16.
769 893 955 950 Sancti
986 898 1248 967 martyris
1278 896 1510 967 Longini
1547 897 1919 954 centurionis.

2352 902 2448 961 ις’.
2482 896 2589 950 Τοῦ
2617 898 2777 967 ἁγίου
2837 898 3119 970 μάρτυρος
3167 899 3436 967 Λογγίνου
3498 898 3591 952 τοῦ
3642 902 3814 956 ἑκατον-

2274 987 2503 1059 τάρχου.

651 1081 742 1135 18.
777 1081 965 1137 Sancti
1008 1083 1241 1152 apostoli
1274 1093 1327 1139 et
1356 1084 1702 1153 evangelista:
1730 1076 1916 1140 Luca.

2348 1088 2441 1152 ιη’.
2476 1082 2584 1136 Τοῦ
2606 1083 2765 1153 ἁγίου
2789 1084 3091 1137 ἀποστόλου
3113 1086 3207 1138 καὶ
3238 1084 3625 1154 εὐαγγελιστοῦ
3653 1087 3812 1140 Λουκᾶ.

644 1175 736 1228 20.
777 1174 964 1228 Sancti
996 1177 1178 1245 magni
1209 1178 1470 1247 martyris
1495 1177 1752 1233 Artemii.

2348 1180 2418 1231 κ’.
2446 1175 2554 1229 Τοῦ
2583 1176 2739 1245 ἁγίου
2772 1176 3259 1249 μεγαλομάρτυρος
3286 1178 3600 1249 Ἀρτεμίου.

642 1268 738 1323 Et].
777 1268 923 1323 Beati
951 1270 1125 1339 patris
1157 1272 1329 1326 nostri
1356 1269 1652 1327 Hilarionis
1676 1272 1859 1342 magni

2346 1266 2458 1322 κα’.
2487 1268 2594 1321 Τοῦ
2632 1270 2784 1322 ὁσίου
2830 1270 3043 1340 [ἰατρὸς
3071 1270 3230 1341 ἡμῶν
3274 1269 3577 1341 Ὶλαρίωνος
3617 1271 3701 1325 τοῦ
3740 1289 3816 1343 με·

2271 1358 2461 1427 γάλου.

650 1451 745 1504 22.
784 1452 972 1506 Sancti
1005 1454 1177 1522 patris
1212 1452 1383 1507 nostri
1414 1452 1658 1507 Abercii.

2345 1452 2450 1524 κβ’.
2475 1454 2584 1509 Τοῦ
2614 1457 2672 1509 ὲν
2696 1456 2878 1525 ἁγίοις
2906 1456 3114 1527 πατρὸς
3149 1457 3307 1528 ἡμῶν
3356 1457 3654 1529 ⁹Α6ερκίου.

644 1544 739 1597 25.
773 1543 963 1599 Sancti
998 1546 1230 1615 apostoli
1265 1543 1455 1600 Jacobi
1487 1544 1675 1601 fratris
1707 1544 1823 1602 Dei.

2343 1554 2453 1616 κγ’.
2477 1546 2584 1601 Τοῦ
2613 1548 2772 1617 ἁγίου
2828 1549 3130 1602 ἀποστόλου
3183 1548 3443 1604 Ἰακώϐου
3480 1549 3575 1604 τοῦ
3627 1548 3818 1621 ἀδελφοῦ

2268 1638 2405 1694 Θέου
2440 1639 2460 1712 [
2479 1641 2874 1715 ⁹Αδελφοθέου].

635 1726 732 1781 24.
765 1724 951 1781 Sancti
980 1724 1237 1795 martyris
1265 1725 1488 1782 Aretha:
1511 1735 1565 1782 et
1597 1727 1880 1782 sociorum
1913 1725 2057 1797 ejus.

2345 1735 2449 1789 κδ’.
2493 1735 2601 1790 Τοῦ
2652 1735 2812 1805 ἁγίου
2878 1752 3159 1808 μάρτυρος
3222 1734 3440 1806 Ἀρέθα,
3479 1735 3575 1789 καὶ
3618 1737 3717 1789 τῶν
3745 1735 3820 1790 οὖν

2268 1844 2441 1896 αυτῳ.

639 1911 733 1965 25.
780 1908 1108 1965 Sanctorum
1152 1920 1460 1982 martyrum
1511 1912 1850 1968 notariorum
1896 1911 2163 1969 Marciani
2193 1904 2231 1961 Β

2227 1910 2236 1957 ι
2335 1925 2434 1975 κε’.
2469 1918 2590 1973 Τῶν
2635 1919 2808 1989 ἁγίων
2862 1921 3159 1993 μαρτύρων
3223 1919 3488 1988 νοταρίων
3537 1917 3819 1989 Μαρκιανοῦ

567 2015 620 2060 et
644 2002 911 2073 Martyrii.
1594 2008 1603 2011 “

1594 2008 1603 2011 “
2265 2012 2360 2066 καὶ
2393 2010 2739 2083 Μαρτυρίου.

636 2095 730 2149 26.
769 2094 954 2149 Sancti
991 2094 1174 2166 magni
1205 2096 1465 2166 martyris
1500 2095 1783 2163 Demetrii,
1810 2104 1866 2152 ct
1906 2110 2154 2153 comme-

2332 2104 2450 2172 κς⁹.
2489 2106 2599 2160 Τοῦ
2633 2106 2792 2176 ἁγίου
2823 2105 3319 2179 μεγαλομάρτυρος
3363 2101 3699 2176 Δημητρίου,
3748 2101 3821 2155 καὶ

564 2189 803 2244 moratio
827 2187 1012 2258 magni
1041 2197 1202 2243 terrae
1235 2199 1441 2244 motus.

2260 2198 2572 2271 ἀνάμνησις
2609 2198 2706 2253 τοῦ
2751 2200 2993 2271 μεγάλου
3024 2199 3274 2269 σεισμοῦ.

1002 2294 1267 2351 MENSIS
1303 2294 1708 2351 NUVEMBER.
2724 2319 2881 2376 ΜΒΝ
2912 2321 3353 2376 ΝΟΕΜΒΡΙΟΣ.“

633 2408 686 2464 1.
724 2406 1057 2463 Sanctorum
1100 2422 1501 2478 anargyrorum
1546 2406 1761 2463 Cosmae
1799 2416 1853 2463 et
1883 2406 2154 2485 Damiani.

2143 2450 2154 2464 υ
2329 2428 2399 2484 α’.
2415 2428 2535 2482 Τῶν
2555 2430 2728 2497 ἁγίων
2754 2428 3084 2502 άναργύρων
3106 2430 3305 2499 Κοσμᾶ
3321 2430 3417 2483 καὶ
3441 2425 3735 2499 Δαμιανοῦ.

632 2503 685 2555 2.
723 2502 1056 2557 Sanctorum
1104 2511 1408 2573 martyrum
1454 2502 1747 2573 Acindyni,
1784 2510 1839 2557 et
1873 2503 2153 2559 sociorum

2332 2520 2399 2589 β’.
2434 2520 2557 2573 Τῶν
2586 2519 2761 2588 ἁγίων
2792 2518 3089 2591 μαρτύρων
3137 2518 3444 2573 ’Δκινδύνου
3498 2517 3593 2570 καὶ
3620 2515 3720 2568 τῶν
3743 2512 3817 2566 σὺν

562 2596 703 2666 cjtts.

2257 2611 2428 2683 αὐτῷ.

631 2688 686 2743 6.
725 2686 912 2743 Sancti
945 2685 1100 2743 Pauli
1131 2685 1490 2743 confessoris.
2066 2724 2071 2727 ς

2066 2724 2071 2727 ί
2332 2704 2409 2771 ς’.
2444 2703 2552 2759 Τοῦ
2575 2703 2733 2773 ἁγίου
2771 2702 2988 2758 Παύλου
3016 2701 3113 2756 τοῦ
3143 2699 3510 2773 ὁμολογητοῦ.

630 2781 688 2835 8.
723 2780 1093 2850 Congregatio
1125 2777 1581 2848 incorporalium.

1696 2865 1752 2871 __
2094 2868 2127 2871 __
2329 2798 2402 2871 η’.
2456 2799 2519 2851 Ἠ
2556 2795 2779 2861 σύναξις
2801 2796 2910 2850 τῶν
2936 2796 3269 2866 ἀσωμάτων.

632 2870 723 2925 12.
758 2868 945 2925 Sancti
977 2870 1154 2941 patris
1204 2870 1376 2925 nostri
1415 2867 1647 2924 Joannis
1695 2865 2151 2939 Elecmosynarii.

2331 2865 2420 2962 ᾤ’.
2449 2891 2555 2946 Τοῦ
2580 2894 2637 2945 ὲν
2662 2890 2838 2959 ἁγίοις
2857 2889 3063 2961 πατρὸς
3094 2887 3252 2961 ἡμῶν
3268 2888 3527 2943 Ἰωάννου
3544 2884 3638 2941 τοῦ
3660 2885 3819 2955 Ἐλεή-

2304 3002 2444 3040 ονος.

632 3059 722 3113 13.
758 3055 948 3111 Sancti
978 3056 1152 3127 patris
1178 3055 1353 3115 nostri
1390 3054 1618 3111 Joannis
1655 3053 2053 3125 Chrysostomi.

2260 3002 2564 3147 potiores
2591 3075 2650 3131 ἓν
2667 3074 2846 3144 ἁγίοις
2876 3072 3081 3143 πατρὸς
3103 3072 3261 3143 ἡμῶν
3302 3068 3552 3125 Ἰωάννου
3583 3069 3674 3123 τοῦ
3701 3070 3819 3140 Χρυ-

2258 3168 2417 3224 σοστό
2424 3186 2528 3239 μου
2539 3209 2552 3223 .
3070 3200 3073 3203 η

625 3245 717 3300 Η.
750 3244 939 3299 Sancti
966 3243 1200 3312 apostoli
1235 3242 1495 3314 Philippi,
2177 3268 2217 3327 (ς

2177 3268 2219 3327 C
2330 3259 2411 3318 ιδ’.
2442 3260 2550 3315 Τοῦ
2578 3260 2735 3329 ἁγίου
2760 3258 3062 3314 ἀποστόλου
3092 3256 3381 3311 Φιλίππου.

626 3338 720 3392 16.
752 3336 938 3391 Sancti
971 3335 1210 3405 apostoli
1237 3347 1288 3390 et
1311 3333 1663 3406 evangelista:
1690 3332 1951 3389 Matthan.

2332 3349 2431 3418 ις·¹.
2466 3352 2573 3406 Τοῦ
2604 3351 2761 3419 ἁγίου
2788 3348 3092 3404 ἀποστόλου
3122 3347 3215 3400 καὶ
3254 3346 3645 3417 εὐαγγελιστοῦ
3687 3347 3816 3403 Ματ-

2252 3445 2433 3500 υαίου.

628 3519 719 3574 17.
754 3518 944 3573 Sancti
979 3517 1153 3589 patris
1194 3517 1371 3572 nostri
1420 3516 1670 3588 Gregorii
1721 3514 2146 3587 Thaumaturgi.

2324 3537 2413 3603 ιζ’.
2441 3536 2547 3591 Τοῦ
2580 3537 2639 3589 ὲν
2678 3534 2854 3603 ἁγίοις
2908 3532 3119 3601 πατρὸς
3173 3528 3331 3601 ἡμῶν
3386 3529 3696 3600 Γρηγορίου
3736 3526 3813 3582 τοῦ

2254 3630 2550 3701 Θαυματου
2559 3627 2715 3699 ργοῦ.

620 3708 716 3761 21.
754 3706 1109 3761 Ριταξεοηιοιίο
1140 3703 1510 3776 sanctissimae
1547 3700 1818 3773 Dciparae.

2323 3700 2431 3777 καί.
2480 3721 2546 3774 Ἦ
2583 3720 2791 3783 εἴσοδος
2815 3718 2914 3789 τῆς
2944 3715 3251 3787 ὑπεραγίαι,
3279 3713 3569 3769 Θεοτόκου.

620 3800 717 3853 25.
767 3802 1095 3851 Sanctorum
1151 3806 1617 3865 sacromartyrum
1677 3790 1981 3848 Clementis
2036 3792 2148 3848 Ro-

2321 3818 2422 3866 κεν.
2456 3811 2577 3864 Τῶν
2598 3811 2770 3878 ἁγίων
2807 3805 3218 3879 ἱερομαρτύρων
3244 3804 3572 3874 Κλήμεντος
3601 3800 3814 3871 Ῥώμης,

556 3892 728 3954 Inani,
760 3900 813 3945 et
835 3889 980 3945 Petri
1005 3888 1384 3943 Alexandrini.

2251 3903 2346 3957 καὶ
2363 3902 2573 3971 Πέτρου
2595 3897 3027 3967 Ἀλεξανδρείας.

616 3986 709 4040 27.
744 3982 931 4039 Sancti
962 3982 1141 4052 magni
1173 3981 1433 4051 martyris
1459 3977 1646 4035 Jacobi
1678 3976 1877 4033 Perszu.

2322 3993 2426 4062 κζ’.
2458 3993 2565 4048 Τοῦ
2598 3994 2752 4061 ἁγίου
2785 3988 3271 4061 μεγαλομάρτυρος
3303 3983 3566 4041 Ἰακώὗου
3591 3984 3681 4040 τοῦ
3697 3984 3812 4055 Πέρ-

2253 4105 2371 4142 σου.

625 4168 721 4224 28.
756 4167 941 4223 Sancti
977 4162 1400 4237 sacromartyris
1435 4161 1694 4233 Stephani
1730 4160 1999 4216 Junioris.

2324 4177 2428 4251 κη’.
2449 4176 2556 4232 Τοῦ
2580 4177 2735 4245 ἁγίου
2773 4173 3173 4245 όσιομάρτυρος
3225 4173 3500 4244 Στεφάνου
3551 4172 3644 4226 τοῦ
3673 4170 3810 4224 Νέου.

617 4261 711 4317 50.
745 4258 928 4314 Sancti
962 4257 1194 4329 apostoli
1222 4265 1278 4312 et
1307 4254 1470 4325 primi
1508 4253 1686 4308 vocati
1723 4253 1976 4307 Andreae.

2322 4272 2383 4326 λ’.
2418 4270 2525 4324 Τοῦ
2567 4270 2725 4338 ἁγίου
2789 4266 3091 4323 ἀποστόλου
3114 4268 3209 4320 καὶ
3267 4266 3656 4337 πρωτοκλήτου
3712 4263 3809 4316 Ἀν-

2248 4365 2430 4438 δρέου.

996 4474 1249 4531 MENSIS
1290 4473 1687 4529 DECEMBEIL

2749 4488 2904 4544 MHN
2936 4489 3400 4543 ΔΕΚΕΜΒΡΙΟΣ.

618 4577 671 4646 ἱ.
707 4590 917 4645 Sanctae
950 4603 1161 4658 magnae
1190 4590 1449 4658 martyris
1482 4585 1755 4640 Barbarae.
2170 4621 2210 4680 Ε

2170 4621 2224 4680 D
2320 4603 2383 4657 δ’.
2416 4601 2530 4671 Τῆς
2555 4602 2715 4670 ἁγίας
2748 4599 3236 4671 μεγαλομάρτυρος
3270 4598 3588 4670 Βαρϐάραῖ.

617 4685 668 4737 5.
704 4682 849 4736 Beati
880 4681 1050 4750 patris
1074 4679 1248 4733 nostri
1280 4676 1459 4731 Sabm.
2172 4676 2209 4680 ”

2172 4676 2210 4680 —
2320 4692 2383 4748 ε’.
2405 4693 2512 4745 Τοῦ
2551 4694 2701 4747 ὁσίου
2731 4693 2941 4765 πατρὸς
2966 4693 3124 4763 ἡμῶν
3149 4692 3316 4746 Σάδα.

618 4780 672 4828 ti.
714 4774 901 4828 Sancti
930 4774 1106 4844 patris
1138 4772 1312 4826 nostri
1337 4769 1572 4826 Nicolai.

2320 4780 2396 4848 ς’.
2428 4780 2535 4835 Τοῦ
2558 4784 2617 4835 ὲν
2656 4782 2833 4849 ἁγίοις
2862 4782 3246 4854 πατρδςήμῶν
3274 4780 3571 4836 Νικολάου.

619 4870 675 4922 9.
707 4866 1012 4935 Conceptio
1042 4873 1245 4919 sancta:
1269 4864 1459 4916 Annaa.

2318 4876 2382 4930 ϐ’.
2423 4876 2487 4928 Ἥ
2526 4874 2784 4945 σύλληψις
2806 4875 2905 4944 τῆς
2925 4874 3088 4942 ἁγίας
3119 4876 3336 4945 Ἀννης.

622 4960 707 5013 12.
751 4958 935 5011 Sancti
962 4956 1137 5027 patris
1168 4955 1378 5011 nostris
1410 4951 1756 5025 Spyridonis.

2321 4966 2410 5039 ιβ’.
2437 4967 2546 5021 Τοῦ
2570 4969 2626 5021 ὲν
2640 4967 2817 5035 ἁγίοις
2842 4965 3049 5037 πατρὸς
3069 4967 3102 5036 ἡ
3113 4965 3228 5035 μῶν
3254 4967 3618 5036 Σπυριοωνος.
3645 4991 3648 4995 ·

622 5052 709 5104 15.
748 5051 1076 5104 Sanctorum
1109 5062 1433 5119 magnorum
1461 5057 1763 5117 martyrum
1796 5043 2059 5099 Eustratii
2088 5050 2144 5099 et

2326 5065 2417 5127 ιγ’.
2449 5059 2573 5111 Τῶν
2632 5058 2805 5125 ἁγίων
2858 5054 3112 5127 μεγάλων
3161 5058 3453 5129 μαρτύρων
3497 5057 3802 5126 Εὐστρατίου

549 5147 824 5201 sociorum
859 5144 998 5212 ejus.

2246 5153 2342 5208 καὶ
2371 5152 2481 5205 τῶν
2514 5150 2611 5203 σὺν
2635 5150 2804 5221 αὐτῷ.

621 5240 709 5293 17.
750 5238 1079 5293 Sanctorum
1122 5238 1286 5291 trium
1334 5250 1634 5306 puerorum
1683 5243 1738 5289 et
1782 5232 1973 5288 Daniel
2021 5248 2145 5304 pro-

2319 5244 2407 5311 ιζ’.
2442 5245 2563 5298 Τῶν
2611 5244 2785 5314 ἁγίων
2832 5247 3000 5318 τριῶν
3055 5244 3264 5298 παίδων
3331 5243 3427 5297 καὶ
3496 5240 3693 5309 Δανιὴλ
3725 5237 3800 5290 τοῦ

553 5335 746 5401 pheta}.

2248 5339 2559 5410 προφήτου.
2756 5322 2760 5329 ί

610 5427 699 5481 20.
736 5424 924 5480 Sancti
950 5422 1376 5495 sacromartyris
1409 5421 1599 5492 lgnatii
1624 5419 1962 5490 Theophori.

2317 5435 2386 5482 κ’.
2412 5427 2520 5480 Τοῦ
2539 5426 2697 5495 ἁγίου
2717 5424 3116 5497 ίερομὰρτυρος
3133 5425 3396 5493 ἰγνατίου
3415 5424 3506 5478 τοῦ
3533 5424 3798 5492 Θεοφορου.

620 5520 901 5574 Dominica
935 5526 1253 5573 sanctorum
1285 5525 1525 5586 patrum.

2317 5523 2576 5594 Κυριακὴ
2604 5522 2713 5575 τῶν
2738 5523 2913 5591 ἁγίων
2944 5523 3296 5593 προπάτρων.

621 5612 921 5666 Sabbatum
954 5621 1083 5666 ante
1102 5610 1324 5685 Christi
1352 5608 1721 5663 nativitatem.
2018 5676 2021 5677 ν

2018 5676 2021 5677 ν
2256 5656 2261 5661 .
2317 5612 2603 5667 Σάϐϐατον
2626 5613 2731 5685 πρὸ
2754 5615 2849 5681 τῆς
2873 5614 3113 5686 Χριστοῦ
3146 5616 3468 5685 γεννήσεως.

622 5703 904 5757 Dominica
938 5715 1063 5757 ante
1088 5704 1295 5758 Christi
1330 5703 1691 5756 nativitatem.

2316 5703 2573 5773 Κυριακὴ
2606 5705 2713 5774 πρὸ
2736 5704 2833 5773 τῆς
2857 5704 3096 5773 Χριστοῦ
3125 5704 3455 5773 γεννήσεως.
3496 5718 3499 5724 ‘

614 5794 702 5846 24.
740 5794 798 5848 1η
831 5795 1239 5863 exspectatione
1266 5794 1572 5851 nativitatis
1604 5793 1831 5850 Christi.
2049 5852 2053 5856 .

2316 5794 2524 5868 κόπτῇ
2573 5799 2870 5868 παραμονῇ
2901 5797 3001 5867 τῆς
3047 5796 3287 5869 Χριστοῦ
3316 5797 3646 5868 γεννήσεως.

745 5885 954 5939 Christi
990 5887 1267 5941 nativitas.

2316 5895 2415 5943 κε’.
2460 5891 2521 5942 ’Π
2544 5889 2784 5959 Χριστοῦ
2812 5890 3084 5961 γέννησις.
