4032 6428
211 395 346 458 1329
1377 379 1880 448 SYNAXARIUM
1919 378 2316 440 ALTERUM.
3339 365 3475 422 13Ἱο

274 505 389 573 κς¹.
425 505 490 561 Ἢ
522 504 744 572 σύναξις
769 505 868 576 τῆς
900 501 1206 574 ὑπεραγίας
1239 503 1525 557 Θεοτὸκου.
1807 499 1854 556 Α

1518 543 1525 557 ,
1807 499 1854 556 Α
1950 497 2042 552 26.
2072 491 2434 565 Congrcgatio
2460 487 2821 547 sanctissimae
2843 485 3110 554 Deiparw.

276 602 381 666 κζ’.
424 601 530 655 Τοῦ
571 601 726 669 ἁγίου
774 573 1244 671 πρωτομάρτυρος
1297 599 1594 668 Στεφάνου.
1643 597 1783 651 Σάϐ-

1445 599 1594 652 ἁνου.
1643 597 1783 651 Σάϐ-
1961 590 2051 643 27.
2089 587 2274 642 Sancti
2307 580 2722 655 protomartyris
2745 573 3031 648 Stephani.

201 657 369 752 ϐατον
420 694 561 764 μετὰ
589 657 689 763 τὴν
733 657 978 762 Χρίστοῦ
1015 657 1292 761 γ’ἐννῆσίν.
1413 657 1426 668 1

1963 680 2262 736 Sabbatum
2299 686 2425 747 post
2452 674 2656 730 Christi
2681 671 3049 726 nativitatem.
3151 657 3157 663 ’

277 785 531 857 Κυριακὴ
592 783 729 854 μετὰ
761 784 862 853 τὴν
885 781 1124 854 Χριστοῦ
1158 781 1437 854 γέννησιν.

1432 820 1437 834 .
1963 772 2243 826 Dominica
2274 778 2395 839 post
2422 767 2627 822 Christi
2659 764 3024 819 nativitatem.

278 878 381 931 κεν.
413 876 534 929 Τῶν
562 875 735 944 ἁγίων
763 874 994 942 νηπίων.

1962 865 2052 920 29.
2083 865 2406 919 Sanctorum
2438 859 2818 930 parvulorum.

276 967 377 1022 ).a.'.
407 968 518 1038 Τῆς
560 967 714 1028 ὁσίας
753 965 1009 1033 Μελάνης
1031 966 1129 1034 τῆς
1172 965 1472 1034 Ῥωμαίοις.

1257 968 1472 1034 ομαίας.
1962 958 2052 1012 51.
2086 957 2262 1011 Beata:
2289 953 2536 1008 Melania:
2565 950 2849 1004 Romanae.

671 1075 825 1129 MHN
885 1075 1374 1131 IANNUTAPIOE.
2324 1062 2581 1119 MENSIS
2632 1053 3048 1116 JANUARIUS.

278 1176 350 1223 α’.
396 1169 461 1222 Ἠ
509 1167 652 1221 κατὰ
706 1168 885 1239 σάρκα
937 1167 1211 1238 περιτομὴ
1257 1167 1350 1220 τοῦ
1396 1168 1600 1236 Κυρίου
1632 1167 1792 1236 ἡμῶν

1968 1186 2017 1238 1.
2050 1177 2412 1237 Circumcisio
2437 1173 2735 1232 secundum
2775 1182 2998 1226 carnem
3029 1159 3246 1219 Domini
3289 1155 3462 1214 nostri

222 1260 398 1332 Ἰησοῦ
433 1259 697 1330 Χριστοῦ,
755 1262 852 1316 καὶ
900 1263 1092 1333 μνήμη
1119 1261 1214 1314 τοῦ
1257 1262 1313 1314 ὲν
1356 1260 1534 1328 ἁγίοις
1583 1259 1790 1330 πατρὸς

1891 1277 2021 1334 Jesu
2055 1272 2278 1337 Christi,
2310 1279 2367 1325 et
2407 1263 2856 1325 commemoratio
2885 1257 3060 1316 sancti
3098 1252 3267 1326 patris
3295 1249 3469 1314 nostri

205 1354 243 1422 ἡ
253 1351 370 1423 μῶν
402 1351 684 1405 Βασιλείου
711 1351 806 1406 τοῦ
846 1354 1110 1422 μεγάλου.

729 1351 806 1406 τοῦ
846 1354 1110 1422 μεγάλου.
1892 1367 2078 1423 Basilii
2112 1363 2321 1434 magni.

286 1441 351 1514 β’.
389 1442 496 1498 Τοῦ
528 1444 684 1512 ἁγίου
708 1444 1035 1516 Σιλὸἐστρου
1067 1443 1225 1498 πάπα
1266 1443 1506 1514 Ῥώμης.

1413 1461 1506 1514 -ης-
1965 1458 2021 1512 2.
2057 1453 2248 1511 Sancti
2278 1448 2542 1520 Sylvestri
2576 1460 2728 1516 papae
2749 1441 3005 1498 Romani.

282 1532 352 1604 γ’.
401 1536 466 1588 Ἠ
497 1535 719 1602 σῦναξις
747 1535 855 1591 τῶν
886 1535 1058 1606 ἁγίων
1097 1534 1138 1589 o'
1172 1535 1508 1591 ἀποστόλων.

1965 1550 2019 1606 3.
2051 1545 2417 1618 Congregatio
2462 1549 2778 1598 sanctorum
2811 1532 3161 1606 septuaginta
3203 1524 3477 1600 apostolo-

283 1720 564 1774 Σάδδατον
596 1721 702 1792 πρὸ
730 1719 838 1774 τῶν
859 1720 1079 1776 Φώτων.

1896 1655 2039 1696 rum.

1043 1739 1079 1776 ὀ
1967 1728 2266 1785 Sabbatum
2293 1734 2420 1781 ante
2439 1722 2635 1778 Luces.

286 1811 542 1884 Κυριακὴ
566 1813 672 1884 πρὸ
697 1813 806 1868 τῶν
831 1814 1049 1867 Φώτων.
1824 1838 1865 1892 Β

1017 1832 1049 1867 ρ.
1824 1838 1865 1892 Β
1963 1821 2248 1877 Dominica
2271 1828 2396 1874 ante
2411 1818 2609 1874 Luces.

296 1904 358 1960 ε’.
387 1907 465 1976 Τῇ
497 1908 792 1976 παραμονῇ
821 1906 930 1959 τῶν
951 1905 1169 1959 Φώτων.

1977 1915 2030 1970 5.
2062 1914 2118 1968 ln
2151 1911 2559 1983 exspectatione
2587 1907 2842 1963 Lucium.

290 1996 368 2064 ς’.
400 1996 481 2048 Τὰ
508 1994 642 2062 am
667 1995 963 2063 Θεοφάνια.

1977 2007 2030 2061 6.
2061 2004 2261 2060 Sancta
2286 2003 2378 2058 Dei
2410 1999 2813 2056 manifestatio.

283 2088 350 2143 θ’.
382 2086 487 2140 Τοῦ
523 2087 678 2155 ἁγίου
713 2086 990 2159 μάρτυρος
1020 2085 1379 2140 Πολυεύκτου.

1278 2103 1379 2140 εουο
1976 2097 2030 2151 9.
2061 2095 2248 2150 Sancti
2280 2093 2538 2164 martyris
2571 2087 2870 2161 Polyeuct't.

291 2186 348 2236 ι’.
408 2177 514 2232 Τοῦ
566 2180 625 2231 ἐν
661 2177 839 2245 ἁγίοις
887 2177 1094 2248 πατρὸς
1144 2177 1306 2248 ἡμῶν
1349 2176 1656 2250 Γρηγορίου
1700 2179 1798 2233 τοῦ

212 2276 463 2339 Νὺσσης.

1700 2179 1798 2233 τοῦ
1980 2189 2067 2243 10.
2104 2188 2290 2243 Sancti
2323 2187 2492 2256 patris
2528 2184 2698 2240 nostri
2735 2179 2985 2252 Gregorii
3019 2176 3273 2249 Nysscni.

291 2374 382 2428 ια’.
409 2364 516 2420 Τοῦ
547 2364 704 2434 ἁγίου
731 2364 1018 2418 Θεοδοσίου
1037 2363 1132 2418 τοῦ
1157 2363 1557 2435 κοινοὸιάρχου.

1465 2382 1557 2435 ζου.
1979 2376 2066 2429 11.
2102 2372 2287 2427 Sancti
2313 2367 2606 2426 Theodosii
2636 2362 3057 2422 coenohiarchte.

298 2457 382 2514 ιε’.
416 2455 526 2511 Τοῦ
555 2455 707 2510 ὁσίου
749 2455 998 2509 Ἰωάννου
1030 2456 1126 2509 τοῦ
1150 2453 1464 2510 καλυσίτου.

1210 2453 1464 2510 ιλυσίτουο
1961 2446 2069 2521 15.
2106 2465 2253 2520 Beati
2283 2462 2510 2518 Joannis
2535 2459 2802 2530 calybitae.

295 2547 390 2614 ις’.
433 2548 499 2602 Ἦ
523 2547 894 2619 προσκύνησις
913 2547 1012 2617 τῆς
1031 2547 1220 2616 τιμίας
1241 2547 1489 2611 ἁλύσεως
1512 2547 1606 2602 τοῦ
1640 2549 1799 2617 ἁγίου

1982 2556 2070 2612 16.
2101 2555 2364 2611 Adoratio
2391 2553 2714 2608 venerandae
2744 2558 2952 2604 catenae
2979 2542 3156 2600 sancti
3187 2540 3333 2598 Petri
3359 2555 3493 2613 apo-

214 2641 523 2698 ἁποστόλου
559 2641 793 2712 Πέτρου.
1911 2650 2060 2708 stoli.

299 2733 384 2799 ιζ’.
412 2733 521 2788 Τοῦ
552 2733 702 2788 ὁσίου
732 2733 830 2787 καὶ
863 2731 1124 2802 θεοφόρου
1153 2732 1362 2802 πατρὸς
1387 2733 1547 2804 ἡμῶν
1605 2736 1806 2788 ’Λντω-

1983 2743 2071 2796 17.
2104 2741 2252 2795 Beati
2283 2747 2337 2794 et
2367 2735 2658 2808 theophori
2701 2733 2871 2805 patris
2917 2730 3093 2788 nostri
3123 2728 3342 2785 Antonii
3376 2741 3497 2782 ma-

219 2823 340 2879 νίου
371 2823 466 2876 τοῦ
499 2821 759 2893 μεγάλου.
1913 2834 2025 2904 gni.

303 2920 394 2987 ιη’.
423 2915 547 2968 Τῶν
567 2915 626 2968 ὲν
657 2913 837 2983 ἁγίοις
861 2913 1118 2985 πατέρων
1149 2914 1308 2985 ήμῶν
1357 2914 1678 2970 Ἀθανασίου
1714 2918 1809 2970 καὶ

221 3000 525 3072 Κυρίλλου.

1987 2924 2074 2979 18.
2123 2922 2468 2987 Βοιιοιονιιιιις
2495 2927 2810 2973 nostrorum
2867 2923 3083 2985 patrum
3119 2909 3405 2966 Athanasii
3441 2915 3500 2964 et

1916 3017 2134 3073 Cvrilli.

511 3041 525 3055 ⁸
1916 3034 2134 3074 bVl‘llll.

221 3183 257 3237 λ
301 3034 373 3147 ἕ.
396 3093 505 3147 Τοῦ
536 3092 686 3147 ὁσίου
723 3093 932 3164 πατρὸς
982 3093 1139 3166 ἡμῶν
1189 3093 1468 3166 Εὐθυμίου
1499 3097 1594 3150 τοῦ
1639 3098 1813 3167 μεγά-

257 3201 347 3240 ου.

1639 3098 1814 3167 μεγά-
1841 3191 1888 3249 C
1916 3034 2254 3162 υγὲὀῖυίῐθειὶ
2281 3103 2450 3175 patris
2472 3100 2678 3158 nostris
2707 3097 2986 3170 Euthymii
3013 3096 3219 3167 magni.

308 3282 415 3331 ια’.
451 3275 559 3331 Τοῦ
590 3275 738 3329 ὁσίου
757 3277 965 3347 πατρὸς
991 3278 1150 3349 ἡμῶν
1185 3278 1444 3350 Μαξίμου
1480 3278 1574 3333 τοῦ
1617 3280 1814 3352 ὁμολο-

1723 3282 1814 3334 λο-
1991 3285 2081 3342 21.
2111 3286 2260 3341 Beati
2291 3285 2462 3356 patris
2494 3283 2668 3340 nostri
2697 3281 2922 3337 Maximi
2951 3277 3315 3337 confessoris.

310 3377 426 3425 τοῦ.
1857 3377 1861 3380 ’

310 3389 426 3425 του.

227 3389 417 3531 τηκτ.
473 3462 582 3516 Τοῦ
635 3463 793 3531 ἁγίου
875 3461 1278 3535 ίερομάρτυρος
1330 3465 1656 3537 Κλήμεντος
1725 3465 1819 3520 καὶ

1990 3454 2083 3510 25.
2114 3451 2296 3509 Sancti
2329 3452 2747 3523 sacromartyris
2804 3447 3102 3506 Clementis
3134 3456 3190 3503 et
3223 3445 3499 3517 Agathan-

241 3555 682 3625 Ἀγαθαγγέλου.
1923 3548 2051 3620 geli.

227 3739 277 3794 Θ
443 3646 550 3700 Τοῦ
591 3649 648 3701 ὲν
695 3647 876 3716 ἁγίοις
918 3647 1131 3718 πατρὸς
1171 3647 1333 3719 ἡμῶν
1373 3649 1676 3722 Γρηγορίου
1721 3648 1816 3704 τοῦ

283 3755 339 3790 εο
403 3754 521 3806 γου.
1528 3778 1534 3782 -

1721 3648 1816 3704 τοῦ
1993 3639 2084 3694 25.
2112 3639 2300 3696 Sancti
2325 3637 2495 3710 patris
2528 3637 2699 3694 nostri
2728 3635 2974 3708 Gregorii
2995 3633 3278 3705 Theol0gi.

276 3873 284 3879 .
313 3830 420 3896 κζ’.
457 3833 524 3886 Ἦ
549 3831 852 3903 άνακομιδὴ
879 3832 974 3886 τοῦ
1014 3833 1270 3903 λειψάνου
1297 3835 1392 3889 τοῦ
1426 3835 1586 3904 ἁγίου
1633 3837 1822 3893 Ἰωάν-

1939 3807 1949 3818 r
1997 3825 2088 3880 27.
2117 3823 2431 3880 Translatio
2474 3821 2837 3894 reliquiarum
2871 3821 3048 3878 sancti
3077 3818 3311 3877 Joannis
3336 3819 3503 3891 Chry-

229 3942 332 3980 νου
361 3923 457 3978 τοῦ
495 3926 910 3996 Χρυσοστὸμου.

584 3927 910 3996 υσοστὸμου.
1927 3915 2174 3970 sostomi.

312 4017 416 4073 λα’.
449 4017 572 4071 Τῶν
597 4018 772 4085 ἁγίων
799 4019 1127 4090 ἁναργύρων
1168 4019 1350 4090 Κύρου
1412 4020 1508 4074 καὶ
1551 4018 1821 4076 Ἰωάννου.

1811 4062 1821 4076 ,
1998 4005 2087 4060 51.
2123 4003 2450 4060 Sanctorum
2485 4016 2882 4073 anargyrorum
2913 4000 3040 4073 Cyri
3071 4011 3128 4056 et
3149 4001 3403 4057 Joannis.

679 4127 839 4181 MHN
875 4127 1371 4181 ΦΕΒΡΟΥΑΡΙΟΣ.

2326 4111 2580 4168 MENSIS
2628 4111 3125 4182 FEBRUARIUS.,

311 4243 381 4292 α’.
417 4235 525 4290 Τοῦ
552 4235 710 4302 ἁγίου
743 4235 981 4306 μεγάλου
1011 4238 1286 4307 μάρτυρος
1323 4235 1642 4306 Τρύφωνος.

1561 4255 1642 4301 ος,
2002 4227 2054 4281 1.
2092 4225 2276 4281 Sancti
2308 4224 2490 4295 magni
2535 4223 2790 4294 martyris
2821 4221 3153 4294 Tryphonis.

314 4329 383 4400 β’.
429 4330 496 4382 Ἦ
551 4328 847 4401 ὑπαπαντὴ
889 4329 983 4383 τοῦ
1013 4329 1220 4399 Κυρίου
1279 4327 1438 4400 ἡμῶν
1480 4329 1657 4401 Ἰησοῦ
1687 4331 1825 4402 Χρι-

1727 4331 1825 4402 [ρι-
1999 4315 2055 4369 2.
2089 4313 2445 4369 Praesentatio
2472 4313 2688 4368 Domini
2722 4313 2894 4368 nostri
2927 4311 3058 4368 Jesu
3091 4310 3319 4367 Christi.

237 4440 396 4477 στου.

301 4487 388 4584 γ’.
421 4513 529 4567 Τοῦ
563 4512 720 4582 ἁγίου
753 4512 848 4565 καὶ
868 4512 1078 4566 δικαίου
1109 4512 1334 4583 Συμεὼν
1361 4512 1456 4567 τοῦ
1483 4513 1753 4585 θεοδόχου.
1859 4537 1893 4594 ῃ

1859 4537 1907 4594 ι)
2006 4505 2060 4560 ‘5.
2093 4503 2281 4560 Sancti
2305 4511 2358 4558 et
2381 4501 2513 4574 justi
2541 4500 2814 4557 Simeonis
2844 4501 2940 4572 qui
2977 4501 3143 4555 Deum
3174 4499 3405 4570 accepit,

316 4615 389 4677 η’.
427 4606 535 4661 Τοῦ
565 4607 724 4676 ἁγίου
782 4606 1022 4676 μεγάλου
1078 4605 1362 4676 μάρτυρος
1393 4605 1677 4678 Θεοδώρου
1729 4607 1826 4661 τοῦ
1862 4591 1893 4594 r

2005 4597 2058 4652 8.
2106 4595 2292 4651 Sancti
2355 4596 2540 4667 magni
2592 4593 2847 4664 martyris
2905 4592 3180 4648 Theodori
3239 4591 3513 4648 exercitus

241 4699 655 4772 στρατηλάτου.

603 4716 655 4754 υ.
1931 4689 2195 4762 praefecti.

317 4795 402 4859 ιζ’.
437 4793 546 4848 Τοῦ
591 4792 752 4862 ἁγίου
810 4793 1046 4864 μεγάλου
1088 4790 1370 4865 μάρτυρος
1409 4790 1693 4864 Θεοδώρου
1732 4790 1828 4846 τοῦ

2008 4782 2094 4837 1⁸1.
2130 4780 2318 4838 Sancti
2347 4781 2528 4852 magni
2558 4777 2816 4851 martyris
2843 4775 3118 4832 Theodori
3144 4775 3398 4830 Teronis.
3427 4847 3429 4850 γ

235 4888 329 4949 Τή
339 4903 528 4949 ρωνος.

371 4903 476 4941 ωνο
511 4924 528 4939 .

298 4889 422 5036 ήδῗδν.
470 4903 535 5035 ’ξι
579 4978 797 5052 εὕρεσις
819 4979 920 5050 τῆς
947 4980 1138 5049 τιμίας
1167 4978 1410 5050 κεφαλῆς
1441 4977 1536 5032 τοῦ
1584 4975 1830 5049 Προδρὸ-

1787 4975 1830 5030 5-
1933 5027 1944 5036 ι
2003 4965 2096 5020 21.
2126 4966 2376 5024 lnventio
2406 4962 2704 5022 venerandi
2729 4961 2926 5033 capitis
2952 4939 3379 5018 Praecursoris.:

241 5091 379 5147 μου.

780 5158 938 5214 MHN
966 5159 1292 5214 ΜΑΡΤΙΟΣ.

2401 5135 2668 5222 .MENSIS
2700 5133 3057 5190 MARTIUS.‘

327 5253 394 5308 θ’.
428 5253 550 5308 Τῶν
574 5251 745 5321 ἁγίων
781 5250 1033 5322 μεγάλων
1083 5253 1380 5322 μαρτὺρων
1413 5247 1467 5320 μ’
1500 5247 1612 5301 τῶν
1650 5247 1708 5301 ὲν
1736 5247 1834 5302 Σε-

2006 5233 2064 5286 9.
2097 5231 2426 5286 Sanctorum
2463 5244 2787 5301 magnorum
2821 5237 3124 5308 martyrum
3155 5224 3510 5297 quadraginta

244 5344 504 5417 ϐαστείᾳ.
1197 5399 1204 5404 .

1197 5399 1204 5404 α
1937 5326 1993 5381 in
2021 5324 2291 5380 Sebastia.

323 5437 426 5496 κε’.
455 5412 534 5491 ’Ὀ
573 5432 972 5505 εὐαγγελισμδς
1003 5431 1101 5502 τῆς
1133 5430 1439 5501 ὑπεραγίας
1477 5426 1775 5483 Θεοτόκου.

1579 5426 1775 5483 πόκου,
2006 5418 2099 5474 25.
2128 5416 2486 5471 Annuntiatio
2515 5413 2882 5470 sanctissima;
2906 5412 3171 5484 Deiparm.

753 5545 911 5601 MHN
948 5540 1336 5598 ΔΠΡΙΛΛΙΟΣ.

2429 5524 2684 5580 MENSIS
2723 5522 3019 5578 APRILIS.

326 5665 400 5714 α’.
453 5658 568 5727 Τῆς
593 5658 746 5720 ὁσίας
773 5653 998 5726 Μαρίας
1025 5651 1125 5721 τῆς
1149 5647 1477 5720 Αίγυπτίας.

1296 5647 1477 5711 πτίας.
2011 5640 2063 5695 1.
2096 5639 2271 5694 Beatos
2306 5637 2489 5692 Mariae
2527 5634 2883 5707 Egyptiacaa.

329 5744 437 5818 κβ’.
482 5721 590 5802 Τοῦ
623 5746 772 5801 ὁσίου
807 5721 1014 5813 πατρὸς
1063 5741 1222 5813 ἡμῶν
1261 5737 1540 5808 Θεοδώρου
1593 5733 1689 5790 τοῦ
1732 5735 1835 5789 Συη

1684 5733 1689 5784 i
1732 5735 1835 5789 Συη
2010 5729 2099 5785 22.
2129 5729 2274 5785 Beati
2304 5728 2472 5800 patris
2502 5725 2678 5784 nostri
2709 5723 2983 5781 Theodori
3008 5721 3276 5795 Syccotaz.

251 5838 486 5896 κεὼτου.
