4032 6408
206 394 344 452 1333
373 417 378 422 ·

275 499 582 568 Εὐαγγέλια
637 500 714 562 είς
759 499 978 570 μνήμας
1009 498 1297 568 διαφόρους
1324 498 1516 566 ἁγίων.

275 689 364 750 Et;
381 686 478 757 τὴν
502 686 804 756 ὑπεραγίαν
829 687 1112 740 Θεοτὸκον.
1137 688 1224 748 Είς
1243 686 1494 754 ὲγκαίνια
1517 683 1666 738 ναοῦ.
1687 685 1780 748 Εἰς

203 779 546 848 ἀσωμάτους.
583 781 675 842 Εἰς
715 779 808 832 τὸν
865 779 1198 848 Πρόδρομον.
1233 777 1326 840 Ei;
1353 780 1656 847 προφήτας.
1687 778 1780 840 Είς

203 871 554 934 ἀποστόλους.
581 871 673 936 Ei;
701 872 1006 942 μάρτυρας.
1035 873 1124 936 Et;
1153 871 1248 924 Eva
1277 871 1548 941 μάρτυρα.
1571 871 1662 934 Εἰς
1679 887 1779 938 γυ-

205 967 391 1025 ναῖκας
429 964 734 1036 μάρτυρας.
770 963 866 1028 Είς-
896 965 1176 1034 ίεράρχας.
1208 964 1302 1025 Εἰς
1349 960 1774 1032 ίερομάρτυρας.

204 1059 295 1121 Εἰς
313 1058 516 1122 ὁσίους.
551 1058 648 1120 El;
697 1057 1125 1130 δσιομάρτυρας.
1157 1059 1251 1120 Είς
1276 1057 1430 1118 ὁσίας
1479 1055 1772 1122 γυναῖκας.

203 1149 293 1212 Et;
356 1150 572 1218 σχῆμα.
621 1148 715 1210 El;
769 1147 1040 1211 ἀσθενεῖς.
1105 1148 1198 1211 Εἰς
1255 1143 1644 1216 κοιμηθέντας.
1683 1145 1778 1206 Et;

203 1239 446 1308 σεισμόν.
493 1240 584 1301 Εἰς
631 1239 984 1310 ἐμπρησμόν.
1019 1239 1113 1302 Είς
1168 1237 1496 1308 ἀνομϐρίαν.
1531 1237 1626 1299 Εἰς
1659 1236 1778 1288 ἔπιε

203 1329 404 1401 ερομὴν
453 1330 647 1384 ὲθνῶν.
685 1331 780 1393 Εἰς
811 1330 1058 1384 ἐπινίκια
1087 1329 1382 1400 βασιλέων.
1429 1329 1553 1382 Ἐπὶ
1593 1325 1780 1396 ἐξομο-

203 1421 564 1491 λογουμένων.
591 1419 686 1484 Et;
721 1423 904 1476 πᾶσαν
935 1421 1178 1490 αἴτησιν.

215 1617 394 1634 -ο

987 387 1352 448 FORMULA
1395 387 1950 450 ABJURATIONIS
1987 388 2640 452 ATHINGANOBUM.

1807 508 1848 564 Λ
1948 503 2238 574 Evangelia
2287 501 2340 556 in
2393 497 2944 555 commemorationes
2991 504 3308 554 sanctorum
3367 497 3456 552 di-

3331 383 3468 449 1334
3525 407 3528 410 ·

1881 607 2092 648 versas.

1952 683 2008 738 lu
2037 683 2442 738 sanctissimam
2469 683 2778 754 Deiparam.
2809 679 2868 736 In
2893 680 3288 735 dedicationem
3321 687 3464 734 tem-

1879 776 1974 846 pli.
2010 776 2064 830 In
2099 775 2492 846 incorporales.
2519 774 2576 828 In
2599 774 3024 830 Praecursorem.
3057 770 3114 824 In
3145 771 3464 842 prophetas.

1881 867 1938 921 In
1981 868 2278 938 apostolos.
2319 867 2376 922 In
2411 880 2704 938 martyres.
2745 867 2800 920 ln
2833 880 3002 920 unum
3053 873 3368 934 martyrem.
3405 863 3464 918 In

1883 959 2142 1015 mulieres
2169 969 2458 1031 martyres.
2497 960 2554 1014 lu
2589 957 2893 1030 pontiﬁces.
2921 956 2980 1010 In
3011 965 3462 1025 sacromartyrcs.

1887 1051 1947 1105 In
1977 1051 2184 1108 beatos.
2222 1051 2278 1106 In
2320 1053 2512 1108 beatos
2555 1061 2844 1124 martyres.
2877 1048 2934 1104 ln
2965 1049 3156 1106 beatas
3183 1049 3462 1103 mulieres.

1877 1139 1933 1193 ln
1962 1143 2238 1196 vestitum.
2265 1142 2324 1196 In
2355 1141 2624 1196 inﬁrmos.
2659 1140 2718 1195 In
2751 1141 2852 1195 hos
2881 1139 2974 1210 qui
3005 1138 3372 1194 dormierunt.
3400 1137 3459 1192 lu

1879 1240 2040 1286 terra:
2062 1241 2294 1286 motum.
2326 1229 2383 1286 In
2424 1231 2759 1288 incendium.
2788 1231 2846 1286 ln
2885 1230 3152 1300 pluviam.
3179 1229 3236 1284 In
3274 1229 3464 1282 incur—

1881 1323 2091 1378 sionem
2127 1321 2390 1391 gentium.
2421 1321 2482 1376 In
2510 1323 2766 1378 victorias
2793 1319 3210 1392 imperatorum.
3241 1319 3296 1374 ln
3328 1335 3465 1375 cou-

1883 1413 2188 1472 ﬁtentibus.
2217 1413 2276 1467 ln
2309 1427 2526 1468 omnem
2559 1413 3040 1484 supplicationem.
3537 1403 3546 1413 ’

399 1605 3452 1634 W

515 1778 1078 1872 FORMULA
1156 1775 1798 1870 ABJUBATIC

1886 1777 2048 1866 HS
2117 1773 3140 1870 ATHINGANOBUM.

1481 1971 1708 2034 (Bsnnutt
1749 1968 1838 2018 lib.
1868 1969 1950 2020 cit.
1979 1982 2030 2031 p.
2051 1965 2182 2032 420.)

201 2283 406 2346 Ὅπως
445 2279 559 2350 χρὴ
599 2279 880 2350 δέχεσθαι
936 2275 1232 2350 τοὺςζάπῤ
1284 2273 1640 2350 Ἀθιγγιίνίρι·
1693 2270 1770 2350 τῇ

1886 2270 2150 2350 Quomodo
2189 2273 2412 2350 debeant
2447 2275 2608 2350 recipi
2629 2273 2721 2344 qui
2762 2273 2829 2350 ab_
2868 2273 3282 2350 Atttingnnisad
3307 2275 3464 2344 ﬁdem

267 2341 570 2418 ambages
605 2341 806 2403 πίὸττει
844 2341 1388 2418 προσερκομένους,
1410 2341 1520 2400 ’καί
1551 2343 1772 2409 ,ϐαπτί-

269 2422 474 2483 ζεσθαι
502 2420 866 2490 μέλλοντας.

281 2532 346 2584 ’0
374 2530 526 2584 δεῖνα
555 2528 662 2584 ἀπὸ
687 2528 1178 2598 Μελχισεδεκιτῶν,
1225 2526 1338 2579 τῶν
1369 2525 1464 2580 καὶ
1497 2523 1780 2576 Θεοδοτια-

203 2625 336 2684 νων,
386 2620 481 2674 καὶ
519 2619 856 2688 ’Δθιγγάνων
882 2617 1126 2688 προσιὼν
1159 2619 1225 2686 τῇ
1263 2616 1444 2668 πίστει
1483 2614 1594 2667 τῶν
1643 2615 1776 2685 Χρι-

207 2713 462 2774 στιανῶν,
515 2712 576 2765 οὺ
607 2711 696 2765 διά
721 2728 842 2764 τινα
883 2709 1024 2780 βίαν,
1071 2710 1103 2778 ἢ
1141 2710 1410 2779 ἀνάγκην,
1438 2709 1471 2777 ἢ
1507 2707 1695 2775 φόϐον,
1740 2707 1771 2776 ἢ

209 2805 494 2874 ὲπήρειαν,
527 2803 560 2873 ἢ
602 2803 814 2864 πενίαν,
855 2801 888 2871 ἦ
935 2801 1022 2854 διὰ
1063 2801 1258 2870 χρέως,
1287 2800 1321 2870 ἢ
1373 2799 1626 2868 ἔγκλημα
1657 2797 1779 2850 κατ’

208 2894 342 2964 ιμοῦ
379 2892 718 2962 κινούμενον,
757 2892 790 2964 ἢ
839 2889 926 2944 διὰ
955 2891 1141 2959 ἕτερόν
1187 2906 1308 2942 τινα
1340 2888 1542 2958 τρόπον
1571 2887 1784 2956 ἀπηγο-

212 2985 494 3056 ρευμένον,
527 2985 642 3037 ἀλλ’
673 2985 747 3048 ὡς
779 2984 838 3048 ἐξ
885 2984 1014 3052 ὅλης
1055 2983 1255 3054 ψυχῆς,
1309 2981 1402 3034 καὶ
1431 2980 1660 3050 καρδίας
1691 2983 1784 3032 τὸν

209 3077 442 3146 Χριστὸν
471 3076 794 3144 ἀγαπώσης,
829 3077 920 3128 καὶ
950 3075 1048 3146 τὴν
1078 3073 1246 3128 αὑτοῦ
1277 3074 1478 3150 πίστιν,
1510 3071 1788 3142 ἀναθεμα-

209 3169 342 3234 τίζω
368 3172 552 3223 πᾶσαν
574 3168 672 3238 τὴν
699 3167 808 3222 τῶν
825 3166 1318 3236 Μελχισεδεκιτῶν,
1349 3166 1468 3237 ἦτοι
1492 3165 1784 3218 Θεοδοτια-

210 3261 316 3316 νῶν
370 3261 465 3314 καὶ
502 3261 840 3328 Ἀθιγγάνων
869 3259 1099 3330 αἵρεσιν,
1133 3258 1228 3310 καὶ
1260 3257 1389 3320 τοὺς
1423 3257 1784 3330 αίρεσιάρχας

205 3353 475 3417 ἅπαντας,
521 3353 798 3416 Θεόδοτον,
839 3355 1002 3422 φημὶ,
1077 3351 1168 3404 τὸν
1206 3351 1437 3414 Σκυτὲα,
1501 3350 1594 3402 καὶ
1653 3349 1780 3412 τοὺς

206 3444 372 3498 αὐτοῦ
407 3443 655 3514 μαθητάς
697 3443 1120 3514 Ἀσκληπιάδην,
1168 3444 1260 3494 καὶ
1299 3441 1646 3510 Ἐρμόφιλον,
1689 3441 1783 3494 καὶ

217 3537 636 3607 Ἀπολλωνίδην,
677 3535 773 3590 καὶ
820 3535 1073 3588 Θεόδοτον
1107 3534 1199 3586 τὸν
1224 3533 1600 3603 Τραπεζίτην,
1627 3533 1782 3595 ὅστις

2025 2344 2378 2398 orthodoxam
2415 2343 2692 2406 accedunt,
2725 2353 2774 2398 et
2811 2343 3074 2414 baptizari
3117 2343 3324 2400 debent.

1953 2523 2170 2577 Talis...
2217 2538 2247 2576 a
2300 2521 2777 2584 Melchisedecitis,
2833 2531 2887 2577 et
2944 2519 3359 2590 Theodotianis,
3411 2532 3468 2578 et

1883 2613 2212 2683 Athinganis
2251 2615 2518 2668 accedens
2559 2614 2626 2668 ad
2667 2615 2822 2668 ﬁdem
2855 2613 3319 2680 Christianorum,
3353 2629 3463 2670 non

1885 2707 1957 2760 ob
1986 2706 2278 2774 quamlibet
2315 2707 2562 2772 vim,aut
2602 2707 3002 2772 necessitatem,
3051 2716 3146 2762 aut
3187 2709 3462 2770 timorem,

1887 2803 1982 2849 aut
2008 2795 2206 2859 minas,
2243 2803 2338 2849 aut
2385 2803 2784 2868 paupertatem,
2824 2807 2920 2852 aut
2957 2797 3030 2852 ob
3069 2798 3332 2863 debitum,
3381 2799 3466 2854 vel

1887 2885 2292 2940 accusationem
2353 2895 2542 2940 contra
2604 2901 2691 2941 me
2755 2887 2984 2952 illatam,
3041 2897 3136 2944 aut
3185 2890 3256 2944 ob
3305 2891 3466 2944 aliam

1889 2975 2188 3045 quamlibet
2243 2975 2514 3030 rationem
2561 2976 2912 3046 prohibitam,
2948 2978 3044 3033 sed
3093 2981 3248 3049 quasi
3297 2995 3328 3035 c
3360 2989 3468 3036 tota

1889 3068 2092 3132 anima,
2143 3077 2198 3122 et
2243 3075 2352 3124 toto
2401 3069 2566 3125 corde
2607 3067 2884 3126 Christum
2941 3070 3217 3142 diligente,
3247 3081 3302 3128 et
3349 3075 3472 3144 ejus

1888 3160 2082 3219 ﬁdem.
2133 3161 2540 3215 annthematizo
2591 3176 2810 3216 omnem
2871 3161 3466 3229 Melchisedecitorum,

1891 3251 1942 3305 id
1971 3259 2054 3306 est
2081 3250 2580 3306 Theodotianorum
2628 3261 2681 3306 et
2720 3253 3158 3324 Athlnganorum
3193 3257 3467 3322 heresim,

1885 3351 1943 3398 et
1965 3358 2156 3399 omnes
2181 3337 2592 3412 haeresiarchas,
2631 3343 2998 3410 Theodotum,
3022 3347 3166 3410 dico,
3201 3359 3466 3415 sutorem,

1886 3443 1942 3488 et
1971 3433 2116 3488 illius
2161 3433 2460 3504 discipulos
2509 3437 2888 3506 Asclepiadem
2935 3447 2992 3492 et
3030 3437 3466 3510 llernmphilum,

1887 3535 1940 3580 et
1961 3525 2359 3595 Apollonidem,
2388 3535 2442 3582 et
2465 3528 2806 3584 Theodotum
2849 3531 3304 3598 nummularium,
3337 3534 3468 3604 qui-

209 3626 444 3695 μᾶλιστα
493 3627 716 3694 γέγονεν
769 3623 1012 3695 ἀρχηγὸς
1063 3623 1164 3690 τῆς
1226 3622 1492 3690 αἱρέσεως
1547 3620 1776 3690 ταύτης.

1886 3632 2102 3687 cunque
2141 3621 2442 3690 praesertim
2491 3621 2654 3676 fuerit
2685 3623 2792 3678 dux
2839 3624 2999 3680 istius
3033 3625 3281 3681 hmresis.
3323 3627 3470 3682 Ana-

218 3717 630 3786 Ἀναθεματίζω
662 3717 756 3770 καὶ
808 3717 933 3778 τοὺς
973 3712 1208 3782 καθεξῆς
1261 3712 1618 3776 διδασκάλους
1672 3711 1780 3766 τῶν

218 3807 578 3878 ’Δθιγγάνων,
630 3808 746 3862 ὅσοι
793 3806 936 3860 κατὰ
986 3806 1182 3874 γενεὰν
1226 3806 1465 3874 ἑκάστην
1511 3804 1639 3876 ἄχρι
1684 3803 1779 3858 τοῦ

204 3899 298 3954 νῦν
331 3899 614 3968 γεγόνασι,
649 3900 744 3953 καὶ
785 3901 898 3952 ὅσοι
937 3897 1176 3968 σήμερόν
1230 3897 1358 3960 είσι,
1399 3897 1494 3950 καὶ
1525 3895 1780 3964 γίνεσθαι

207 3991 516 4060 μέλλουσιν.
559 3988 971 4058 Ἀναθεματίζω
1008 3990 1214 4051 πάντας
1255 3989 1380 4049 τοὺς
1421 3987 1779 4056 φρονοῦντας,

204 4081 296 4132 καὶ
325 4079 669 4143 δοξάζοντας,
733 4078 830 4131 καὶ
896 4076 1268 4140 διδάσκοντας,
1327 4078 1422 4129 καὶ
1477 4077 1739 4146 λέγοντας
1759 4117 1776 4140 ,

204 4172 282 4226 δτι
306 4173 334 4225 ὁ
373 4169 710 4240 Μελχισεδὲκ
766 4170 867 4222 οὐκ
910 4164 980 4238 ἦν
1030 4167 1340 4239 ἄνθρωπος,
1371 4169 1507 4222 ἀλλὰ
1545 4168 1778 4240 δύναμις

203 4262 338 4316 Θεοῦ
369 4263 579 4334 μεγάλη
605 4262 958 4332 διατρίϐουσα
983 4263 1040 4314 ὲν
1069 4261 1534 4330 ἀκατονομάστοις
1564 4261 1774 4326 τόποις,

205 4357 299 4408 καὶ
323 4357 406 4408 ὅτι
437 4354 640 4424 μείζων
678 4353 774 4406 τοῦ
807 4353 1048 4424 Χριστοῦ
1093 4356 1239 4406 ἐστιν
1285 4356 1513 4418 ἐκεῖνος,
1565 4355 1660 4407 καὶ
1689 4353 1779 4407 διὰ

204 4446 361 4500 τοῦτο
385 4446 603 4514 λέγεται
640 4447 668 4499 ὁ
698 4446 952 4514 Χριστὸς,
987 4445 1061 4508 ὡς
1113 4445 1386 4515 δεύτερος,
1420 4446 1516 4500 καὶ
1545 4445 1777 4499 ὑποδεέ-

207 4555 416 4610 στερος,
455 4538 593 4591 κατὰ
613 4539 711 4606 τὴν
745 4538 954 4590 ἐκείνου
986 4537 1141 4602 τάξιν
1177 4539 1501 4608 ἱερατεύειν.
1551 4539 1776 4594 Ἀναθε-

205 4631 418 4698 ματίζω
435 4631 562 4694 τοὺς
601 4629 878 4698 λέγοντας,
935 4629 1018 4682 ὃτι
1055 4629 1408 4698 Μελχισεδὲκ,
1445 4631 1623 4702 ἦτοιὴ
1670 4627 1772 4702 μεέ

201 4721 342 4790 γάλη
377 4721 628 4788 δύναμις,
667 4723 694 4774 ὁ
720 4721 872 4785 Θεὸς,
913 4720 1009 4774 καὶ
1041 4721 1226 4791 πατὴρ
1254 4721 1348 4774 τοῦ
1379 4724 1584 4793 Κυρίου
1617 4725 1776 4793 ἡμῶν

215 4809 390 4876 Ἰησοῦ
417 4809 656 4880 Χριστοῦ
677 4810 816 4872 ἐστι,
845 4811 940 4864 καὶ
959 4811 1044 4863 διὰ
1065 4810 1224 4864 τοῦτο
1245 4813 1492 4866 καλεῖται
1515 4815 1770 4882 ἀπάτωρ,

205 4902 456 4973 ἀμήτωρ,
477 4903 932 4972 ἀγενεαλόγητος.
977 4903 1387 4974 Ἀναθεματίζω
1415 4905 1542 4967 τοὺς
1573 4906 1776 4974 φυλάτ-

213 5009 392 5056 τοντας
423 4995 542 5062 μὲν,
578 4995 654 5058 ὡς
691 4995 978 5060 Ἰουδαίους
999 4997 1062 5048 τὸ
1083 4997 1382 5061 Σάϐϐατον,
1419 4997 1494 5061 ὡς
1520 4997 1776 5061 ὲθνικοὺς

207 5083 264 5136 δὲ
287 5086 379 5137 καὶ
423 5085 524 5154 τὴν
570 5085 872 5156 περιτομὴν
906 5085 1288 5152 διαπτὺοντας,
1336 5089 1432 5142 καὶ
1481 5089 1542 5142 τὸ
1575 5087 1777 5158 βάπτι-

209 5191 342 5242 σμα.
381 5174 788 5246 ’Δναθεματίζω
815 5178 942 5240 τοὺς
986 5178 1302 5248 χρωμένους
1335 5181 1642 5248 μαντείαις,
1678 5183 1776 5234 καὶ

209 5265 600 5333 φαρμακείαις,
651 5269 746 5320 καὶ
809 5267 1109 5337 γοητείαις,
1165 5267 1262 5321 καὶ
1309 5268 1377 5320 δι’
1443 5268 1624 5322 αὐτῶν
1681 5273 1778 5324 καὶ

211 5349 492 5416 βλάπτειν,
525 5356 620 5408 καὶ
641 5354 872 5424 ὠφελεῖν
902 5355 1224 5426 ἀνθρώπους
1249 5359 1776 5430 ἐπαγγελλομένους.

221 5441 628 5512 Ἀναθεματίζω
658 5449 784 5510 τοὺς
831 5447 1294 5518 ἐπικαλουμένους
1335 5452 1590 5520 δαιμόνιά
1631 5471 1778 5520 τινα,

210 5525 284 5584 ὧν
333 5532 401 5586 τὰ
455 5536 646 5605 πρῶτα
691 5539 982 5592 καλοῦνται
1017 5541 1224 5610 Σωροὺ,
1279 5542 1374 5593 καὶ
1421 5543 1617 5612 Σοχὰν,
1677 5547 1773 5599 καὶ

223 5623 403 5693 ’Δρχὲ,
453 5629 545 5679 καὶ
587 5629 652 5682 δι’
683 5631 862 5684 αὐτῶν
900 5631 1000 5703 τὴν
1037 5632 1278 5704 Σελήνην
1314 5633 1476 5704 δῆθεν
1510 5635 1775 5701 ἕλκοντας

213 5715 352 5784 πρὸς
390 5715 635 5784 ἑαυτοὺς,
662 5720 753 5774 καὶ
780 5722 1097 5793 ἐρωτῶντας
1121 5724 1290 5795 αὐτὴν
1312 5725 1438 5796 περὶ
1459 5721 1534 5780 ὧν
1561 5727 1780 5798 βούλον-

211 5820 322 5860 ται.
389 5809 794 5880 Ἀναθεματίζω
848 5817 976 5880 τοὺς
1027 5817 1368 5882 ἐπιτιθέντας
1413 5821 1520 5884 τοῖς
1581 5820 1782 5892 ἄστρα-

1885 3709 2184 3766 tltematizo
2209 3713 2371 3767 etiam
2404 3724 2695 3782 sequentes
2725 3715 2980 3772 doctores
3003 3716 3468 3789 Athinganorum,

1884 3803 2198 3874 quicunque
2219 3803 2272 3858 in
2299 3819 2516 3874 quaque
2551 3807 2904 3875 generatione
2928 3823 3102 3876 usque
3129 3823 3276 3862 nunc
3291 3807 3465 3862 exsti-

1885 3903 2086 3960 terunt,
2103 3903 2158 3952 et
2179 3895 2492 3966 quicunque
2515 3897 2674 3952 hodie
2700 3897 2996 3964 exsistunt,
3019 3906 3076 3954 et
3101 3899 3218 3954 ﬁeri
3244 3899 3465 3956 debent.

1883 3985 2301 4042 Anathematizo
2337 4001 2532 4044 omnes
2555 3990 2884 4058 cogitantes,
2909 3991 3224 4060 opinantes,
3261 3992 3468 4046 docen-

1883 4087 1966 4130 tes
1987 4085 2044 4130 et
2081 4077 2328 4132 dicentes
2380 4077 2740 4135 Melchisedec
2783 4095 2892 4134 non
2941 4080 3115 4136 fuisse
3161 4080 3468 4144 hominem,

1883 4167 1978 4224 sed
2005 4169 2257 4224 virtutem
2287 4169 2380 4224 Dei
2413 4185 2663 4240 magnam
2686 4171 3012 4227 residentem
3047 4173 3098 4226 in
3135 4174 3272 4228 locis
3303 4175 3468 4228 inno-

1883 4257 2126 4320 minatis,
2165 4265 2220 4312 et
2263 4257 2526 4329 majorem
2552 4259 2704 4314 illum
2741 4259 2962 4314 Christo
2994 4275 3140 4326 esse,
3179 4271 3234 4317 et
3257 4261 3330 4316 ob
3362 4263 3466 4318 hoc

1883 4347 1990 4403 dici
2051 4349 2332 4404 Christum
2401 4351 2560 4420 quasi
2627 4352 2950 4416 secundum,
3005 4361 3064 4406 et
3125 4353 3464 4422 inferiorem,

1881 4441 2182 4498 secundum
2214 4443 2335 4512 ejus
2364 4445 2611 4498 ordinem
2657 4444 3000 4500 sacerdotem
3041 4461 3186 4502 esse.
3219 4447 3466 4503 Anathe-

1882 4537 2084 4591 matizo
2113 4536 2378 4603 dicentes,
2417 4536 2800 4602 Melchisedec,
2832 4539 2884 4593 id
2907 4547 2991 4594 est
3038 4541 3183 4595 hanc
3207 4541 3464 4596 virtutem

1881 4641 2156 4696 magnam,
2179 4625 2348 4684 Deum
2381 4635 2434 4682 et
2463 4637 2670 4698 patrem
2699 4627 2910 4684 Domini
2943 4632 3118 4686 nostri
3148 4631 3278 4687 Iesu
3305 4632 3466 4686 Chri-

1881 4721 1948 4774 sti
1998 4735 2144 4784 esse,
2187 4729 2244 4774 et
2279 4721 2350 4775 ob
2387 4720 2442 4774 id
2490 4721 2676 4776 vocari
2715 4722 2836 4777 sine
2889 4733 3064 4793 patre,
3102 4725 3221 4778 sine
3269 4731 3463 4792 matre,

1880 4812 2000 4867 sine
2033 4812 2370 4884 genealogis.
2397 4813 2818 4870 Anathematizo
2843 4816 3204 4872 observantes
3243 4818 3464 4888 quidem

1884 4902 2206 4972 Sabbatum,
2244 4914 2304 4960 ut
2343 4904 2584 4969 Judaaos.
2613 4917 2670 4962 et
2711 4918 3150 4974 contemnentes,
3183 4921 3244 4965 ut
3283 4911 3468 4965 ethni-

1883 5012 1998 5061 cos.
2031 4997 2508 5053 circumcisionem
2547 5005 2604 5054 et
2647 4999 3006 5069 baptismum.
3038 5001 3462 5056 Anathematizo

1886 5099 2102 5144 utentes
2145 5090 2598 5156 divinationibus,
2641 5099 2696 5144 et
2741 5089 2984 5159 philtris.
3027 5099 3082 5146 et
3151 5094 3366 5164 magiis,
3413 5103 3466 5148 et

1888 5183 2202 5251 proﬁtentes
2237 5198 2332 5252 per
2359 5183 2472 5238 haec
2507 5183 2762 5238 nocivum
2793 5191 2850 5238 et
2881 5183 3188 5253 profectum
3227 5185 3466 5240 homini-

1889 5275 1991 5328 bus
2053 5275 2320 5342 praestari.
2367 5275 2782 5330 Anathematizo
2835 5276 3156 5332 invocantes
3215 5277 3472 5346 quaedam

1885 5365 2176 5432 daemonia,
2217 5381 2450 5436 quorum
2489 5367 2662 5437 prima
2713 5379 2982 5424 vocantur
3025 5369 3189 5432 Soru,
3247 5369 3464 5426 Sochan

1883 5465 1938 5509 et
1963 5455 2162 5521 Arche,
2191 5463 2244 5510 et
2277 5471 2372 5526 per
2409 5471 2472 5510 ea
2507 5455 2714 5512 Lunam
2745 5457 2873 5513 inde
2903 5457 2970 5512 ad
3011 5473 3070 5513 se
3101 5459 3466 5524 attrahentes,

1890 5547 2363 5620 ctinterrogantes
2403 5549 2552 5604 illam
2582 5549 2650 5605 de
2680 5550 2876 5620 quibus
2921 5551 3190 5621 placet....
3223 5553 3464 5607 Anathe-

1892 5639 2090 5693 matizo
2143 5639 2485 5710 imponentes
2539 5640 2717 5697 stellis
2769 5643 3053 5698 hominum
3129 5645 3374 5708 nomina.
3416 5653 3466 5700 et

1892 5746 1987 5802 per
2013 5733 2408 5788 dannoniorum
2442 5733 2760 5804 phantasias
2789 5734 2889 5790 has
2911 5733 2964 5788 in
2993 5735 3226 5792 invicem
3259 5737 3466 5792 moveri

1891 5824 2316 5894 contendentes;
2352 5835 2404 5882 et
2435 5827 2507 5881 ita
2537 5826 2816 5893 dicentes;
2849 5826 3001 5882 stella
3031 5827 3224 5887 talis...
3255 5829 3464 5886 stellam
