4032 6404
321 357 458 424 1341
1458 355 1554 414 DE
1597 350 1830 416 FESTO
1867 347 2001 400 Tm:
2037 349 2456 404 ametxror.
3439 359 3576 422 1342

313 473 584 527 κνύουσαν
605 485 618 498 ·
671 467 739 520 τὰ
782 468 838 520 δὲ
873 467 978 520 τῶν
1009 464 1232 518 Σκυθῶν
1265 463 1600 534 συγχέουσαν
1646 462 1888 532 μηχανήν

1995 469 2102 512 tem
2137 459 2462 530 Scytharum
2493 461 2956 524 machinamenta,
2989 476 3296 532 eorumque
3319 465 3575 526 virtutem

316 581 486 634 ματα.
535 562 629 616 καὶ
657 561 756 630 τὴν
789 559 1018 626 δύναμιν
1050 557 1226 610 αὐτῶν
1259 557 1616 625 σφάλλουσαν,
1651 557 1744 608 καὶ
1789 555 1886 622 τὴν

1381 557 1616 616 κλουσαν,
1651 557 1744 608 καὶ
1789 555 1886 622 τὴν
1997 567 2058 604 ac
2087 553 2338 620 peritiam
2363 553 2614 608 bellicam
2656 553 2973 610 deludente.

314 653 607 726 ἐμπειρίαν
640 653 737 724 τὴν
769 655 826 705 ὲν
859 651 1136 720 πολέμοις.

397 747 526 800 Ἐπὶ
561 745 790 807 τούτοις,
833 745 985 812 κοινῇ
1027 741 1220 810 γνώμῃ
1268 740 1362 792 τοῦ
1405 741 1742 810 πατριάρχου
1795 739 1890 790 καὶ

2067 735 2164 790 llis
2184 737 2254 790 ita
2287 735 2634 802 habentibus,
2667 737 2950 792 communi
2990 739 3328 795 Patriarchze
3359 743 3577 812 populi-

313 839 410 892 τοῦ
439 837 594 902 λαοῦ,
625 836 934 905 πέμπονταί
975 853 1119 898 τινες
1159 837 1222 888 ὲκ
1253 834 1350 902 τῆς
1381 833 1588 895 πόλεως
1621 831 1758 900 μετὰ
1789 832 1890 884 δὼ-

1993 845 2100 898 que
2145 830 2398 892 consilio,
2446 830 2792 884 destinantur
2853 831 3076 900 quidam
3137 851 3204 887 ex
3259 837 3394 888 urbe
3448 852 3573 888 cum

319 949 464 1000 ρων,
516 929 768 1000 εἰρηνικά
819 946 878 979 τε
909 927 1138 995 λαλῆσαι
1167 929 1278 988 τοῖς
1327 925 1578 986 Σκύθαις,
1623 925 1718 976 καὶ
1755 923 1892 991 πρὸς

1995 920 2332 982 muneribus,
2365 922 2456 988 qui
2493 929 2546 974 et
2585 921 2812 988 paciﬁce
2859 921 3092 993 Scythas
3143 925 3575 994 alloqncrentur,

313 1027 542 1095 εἰρήνην
575 1023 770 1086 αὐτοὺς
803 1021 1225 1076 ἐκκαλέσασθαι.
1266 1019 1406 1072 Ἀλλ’
1431 1021 1460 1072 ὀ
1488 1017 1592 1088 θὴρ
1625 1017 1826 1085 μᾶλλον
1857 1015 1889 1082 ἧ

1993 1025 2195 1078 eosque
2243 1010 2312 1064 ad
2371 1011 2522 1076 pacis
2565 1011 2770 1066 hedera
2815 1023 3196 1081 provocarent.
3251 1014 3569 1082 Enimvero,

313 1118 603 1184 ἄνθρωπος
653 1117 714 1168 οὐ
751 1117 910 1186 μόνον
943 1116 1004 1168 οὐ
1036 1115 1252 1184 δέχεται
1283 1113 1382 1182 τὴν
1405 1115 1686 1181 εἰρηνικην
1717 1111 1886 1179 πρόσ-

1995 1115 2102 1153 ιιοιι
2141 1111 2250 1154 tatn
2295 1101 2460 1155 homo
2527 1102 2616 1154 ille
2673 1117 2840 1170 quam
2917 1103 3118 1168 bellua,
3175 1107 3373 1158 nedum
3427 1108 3577 1175 pacis

311 1207 548 1274 κλησιν,
601 1206 736 1260 ἀλλὰ
799 1207 892 1258 καὶ
951 1207 1020 1258 τὰ
1059 1205 1432 1274 ἐπιφερόμενα
1476 1203 1624 1270 δῶρα
1673 1201 1888 1266 λαϐὼν,

1995 1191 2086 1246 illa
2145 1192 2354 1246 monita
2395 1207 2502 1246 non
2547 1195 2810 1262 suscepit,
2861 1209 3052 1249 verum
3101 1197 3266 1250 etiam
3338 1200 3579 1266 acceptis

311 1298 632 1364 ἀπράκτους
683 1297 1041 1366 ἀποπέμπει,
1101 1293 1256 1346 τοῦτο
1314 1295 1471 1362 μόνον
1511 1293 1696 1356 αὐτοῖς
1743 1293 1886 1342 ἐπει.

1994 1283 2338 1341 mnneribus.
2389 1299 2510 1352 qua:
2563 1283 2958 1348 inferebantur,
3012 1303 3072 1342 re
3115 1288 3316 1342 infecta
3369 1291 3576 1358 legatos

309 1389 434 1439 πῶν
461 1407 475 1418 ·
521 1388 612 1454 Μὴ
661 1387 971 1442 (matria-tis
1016 1386 1114 1438 ἐπὶ
1163 1382 1241 1446 τῷ
1273 1381 1425 1448 Θεῷ,
1457 1376 1505 1447 ᾧ
1543 1383 1851 1435 πιστεύετε
1875 1399 1888 1413 ·

1998 1373 2234 1436 remisit,
2277 1374 2388 1427 haec
2415 1375 2479 1426 ad
2509 1389 2606 1428 eos
2639 1385 2849 1430 tantum
2881 1379 3146 1447 adjiciens
3181 1397 3196 1432 :
3239 1379 3320 1434 Ne
3341 1381 3577 1449 decipia-

309 1479 553 1546 πάντως
611 1480 720 1548 γὰρ
767 1479 976 1546 αὔριον
1017 1477 1132 1542 τὴν
1169 1477 1352 1528 πόλιν
1399 1474 1566 1542 ὑμῶν
1595 1475 1888 1541 λήψομαι,

1995 1462 2122 1514 mini
2151 1463 2204 1514 in
2255 1461 2383 1525 Deo,
2415 1465 2502 1514 cui
2546 1465 2761 1518 creditis
2791 1482 2808 1518 :
2843 1483 3060 1534 prorsus
3095 1471 3234 1522 enim
3277 1471 3330 1523 in
3383 1471 3577 1524 crasti-

309 1571 410 1622 καὶ
444 1569 670 1635 ταύτην
697 1569 920 1638 ἔρημον
941 1567 1106 1632 θήσω
1131 1584 1144 1598 ·
1178 1564 1354 1632 χάριν
1388 1564 1456 1616 δὲ
1493 1566 1887 1633 συμπαθείας,

1993 1570 2118 1606 num
2149 1563 2372 1607 vestram
2399 1557 2608 1624 capiam
2641 1573 2702 1608 ac
2731 1559 2980 1611 desolabo
3017 1563 3298 1615 civitatem.
3329 1561 3577 1626 Quadam

304 1661 518 1726 ἀδείας
551 1660 760 1728 δίδωμι
799 1658 1066 1728 γυμνοὺς
1111 1657 1492 1722 ἐξελθόντας,
1545 1655 1697 1710 ὅπου
1739 1657 1890 1720 ,βού-

1995 1645 2334 1698 nihilominus
2365 1648 2580 1714 pietate,
2607 1649 2834 1700 liberum
2883 1651 3020 1716 facio
3054 1665 3110 1704 ut
3135 1655 3263 1706 nudi
3309 1665 3575 1718 exeuntes,

305 1755 498 1804 .twas
531 1749 836 1804 ἀπελθεῖν.
883 1749 952 1804 Τὸ
1004 1748 1242 1810 λοιπὸν,
1291 1747 1638 1814 πορεύεσθε,
1686 1745 1892 1814 ἕτερον

1995 1753 2096 1804 quo
2131 1738 2311 1800 vultis,
2341 1739 2566 1794 abeatis.
2593 1739 2858 1794 Caeterum
2909 1742 3072 1808 abite,
3102 1745 3236 1798 nihil
3269 1762 3300 1797 a
3334 1762 3414 1799 me
3458 1762 3577 1798 ant-

307 1842 737 1912 φιιίίὶνθρωπον
765 1843 901 1910 ,παρ’
929 1840 1075 1910 ἐμοῦ
1103 1797 1298 1908 μηδὲν
1321 1797 1744 1906 ἀλιμένοντες.
1777 1797 1804 1814 τ

1321 1839 1744 1906 ἀναμένοντες.
1777 1797 1804 1814 τ
1925 1797 1967 1856 Β
1997 1829 2184 1896 plioris
2205 1833 2566 1900 exspectaturi
2591 1833 2903 1888 clementia'.

384 1950 572 2004 Ταῦτα
607 1949 759 2018 παρὰ
803 1948 913 2002 τῶν
963 1946 1323 2016 πεμφθέντων
1367 1943 1722 2004 ἀκούσαντες,
1773 1959 1891 1994 στε-

2073 1939 2166 1994 llis
2219 1941 2366 1996 cives
2417 1940 2642 2003 auditis,
2685 1957 2750 1995 ex
2825 1943 2892 1999 iis
2945 1945 3038 2015 qui
3089 1946 3360 2015 legatione
3409 1947 3581 2002 functi

309 2044 573 2108 νᾶξαντες
613 2042 722 2096 ἀπὸ
759 2040 931 2112 μέσης
960 2039 1212 2108 καρδίας,
1245 2039 1323 2100 εἱς
1359 2035 1619 2106 οὐρανοὺς
1649 2036 1748 2096 τὰς
1787 2035 1893 2103 χεῖ-

1997 2041 2202 2095 essent,
2232 2041 2512 2102 gementes
2540 2048 2604 2086 ex
2639 2034 2750 2087 imo
2781 2045 3021 2102 pectere,
3049 2053 3244 2090 manus
3279 2039 3330 2090 in
3381 2039 3577 2091 etelum

315 2153 416 2200 ρας
443 2134 724 2188 ἀνέτειναν
747 2177 761 2197 ,
793 2135 889 2186 καὶ
919 2133 1148 2202 δάκρυσι
1195 2129 1412 2192 πολλοῖς
1447 2127 1888 2196 ὲπικλυζόμενοι,

2001 2125 2389 2190 tetenderunt;
2449 2125 2736 2194 imbreque
2787 2128 3152 2197 lacrymarum
3202 2129 3361 2183 oll'usi
3396 2149 3408 2182 :
3445 2131 3581 2184 Pro-

321 2227 778 2292 Ὑπερασπιστὰ
796 2265 812 2289 ,
845 2223 1052 2289 ἔλεγον,
1091 2224 1296 2290 Κύριε,
1331 2223 1363 2274 ό
1387 2220 1538 2274 πᾶσι
1566 2218 1690 2284 τοῖς
1711 2222 1888 2285 ὑπερ-

2000 2227 2184 2282 tector,
2227 2216 2566 2284 inquiebant,
2605 2216 2846 2278 Domine.
2903 2225 2992 2288 qui
3041 2223 3297 2276 universis
3345 2223 3581 2288 superbis

307 2319 568 2387 ηρὰνοις
612 2316 1156 2382 ἀντιτασσόμενος,
1195 2307 1267 2367 οὗ
1317 2312 1384 2364 τὸ
1419 2309 1638 2378 κράτος
1662 2309 1894 2362 ἀνεῖκα-

1999 2311 2231 2372 resistis;
2259 2309 2414 2377 cujus
2451 2319 2528 2363 est
2569 2309 3008 2378 inromparabilis
3040 2313 3296 2378 potentia,
3331 2321 3378 2364 et
3411 2313 3582 2364 domi-

311 2425 466 2462 στον
527 2409 626 2462 καὶ
691 2409 727 2474 ἡ
775 2406 1099 2460 δεσποτεία
1149 2403 1562 2466 ἀκατάλυτος,
1619 2401 1894 2454 ἁκουσον

1999 2403 2146 2454 natio
2194 2400 2529 2465 insolubilis;
2573 2402 2704 2454 audi
2755 2401 2908 2454 verba
2971 2403 3200 2454 Barbari
3253 2403 3421 2458 illius.
3466 2417 3584 2464 qua:

311 2495 456 2560 τοὺς
493 2495 716 2562 λόγους
746 2493 860 2548 τοῦ
883 2492 1192 2559 Βαρὸἀρου
1219 2491 1328 2555 οὓς
1351 2491 1714 2546 ἀπέστειλεν
1741 2490 1894 2542 ὀνει-

1999 2494 2142 2546 misit
2199 2493 2563 2560 improperans
2593 2493 2688 2544 tibi
2727 2495 2962 2547 omnium
3025 2494 3270 2558 Domino,
3325 2506 3374 2546 et
3417 2493 3583 2546 libera

313 2586 486 2645 δι’ζὶυν
533 2601 608 2640 σε
651 2585 758 2638 τὸν
811 2585 1054 2638 πάντων
1105 2581 1508 2644 δεσπόζοντα,
1569 2581 1668 2636 καὶ
1704 2580 1894 2648 ῥῦσαι

1998 2585 2178 2636 urbem
2211 2582 2544 2638 [Hereditatis
2575 2592 2702 2648 tute,
2734 2601 2796 2636 at:
2823 2585 3097 2652 populum,
3127 2585 3218 2654 qui
3247 2601 3278 2636 a
3316 2595 3364 2638 te
3393 2601 3581 2638 nomen

313 2679 496 2732 πόλιν
521 2679 926 2744 κληρονομίας
959 2691 1099 2736 σου.
1141 2675 1238 2730 καὶ
1273 2676 1432 2730 λαὸν
1473 2673 1564 2739 σῷ
1603 2673 1894 2740 κεκλημέ-

1999 2677 2194 2738 habet;
2234 2677 2510 2745 nequando
2559 2678 2766 2736 dicant,
2809 2678 2902 2730 ubi
2933 2685 3010 2730 est
3059 2677 3198 2730 Deus
3233 2679 3462 2731 eorum?
3507 2679 3583 2731 Ac

311 2785 426 2822 νον
449 2769 692 2836 ὀνόματι
713 2783 728 2795 ·
756 2767 840 2836 μή
874 2783 1018 2819 ποτε
1055 2765 1289 2820 εἴπωσι·
1332 2764 1456 2818 Ποῦ
1480 2765 1653 2818 ἐστιν
1680 2767 1712 2816 ὀ
1749 2765 1894 2827 Θεὸς

1998 2769 2218 2838 quidem
2263 2769 2378 2824 haec
2425 2770 2708 2838 p0pu|usz
2750 2772 2893 2824 Deus
2937 2781 3144 2834 autem,
3175 2769 3471 2824 Persarum
3514 2771 3579 2824 ad

317 2859 546 2924 abttbr;
575 2859 742 2914 Ἀλλὰ
781 2859 955 2912 ταῦτα
991 2859 1088 2929 μὲν
1111 2860 1148 2910 .6
1169 2857 1296 2918 λαός
1318 2873 1334 2890 ·
1361 2857 1494 2920 Θεὸς
1521 2857 1598 2918 δὲ,
1633 2857 1732 2924 τὴν
1765 2859 1896 2926 Περ-

1995 2861 2318 2930 Cbaganum
2371 2863 2662 2916 transitum
2697 2861 2998 2932 prohibuit,
3029 2877 3192 2930 quem
3245 2863 3585 2916 meditaban-

315 2951 428 3003 σῶν
481 2951 619 3021 πρὸς
666 2949 757 3002 τὸν
809 2950 1058 3014 Χαγάνον
1107 2947 1358 3001 διάϐασιν
1403 2948 1470 3016 ἢν
1522 2946 1892 3016 ἐμελέτησαν,

2001 2965 2110 3018 tur,
2139 2955 2325 3010 multis
2365 2969 2558 3008 eorum
2597 2935 2756 3008 cmsis
2823 2955 2922 3022 (-l),
2955 2970 3098 3023 quos
3151 2954 3403 3008 subsidio
3453 2955 3583 3009 mit-

317 3040 638 3094 ἁπεκώλυσε
669 3058 682 3071 ·
738 3039 986 3106 πατάξας
1037 3039 1136 3091 οὐκ
1175 3039 1420 3105 ὀλίγους,
1453 3033 1528 3090 ὧν
1561 3037 1696 3106 πρὸς
1735 3037 1895 3108 ἀλλή-

2001 3048 2206 3100 tebant.
2239 3045 2413 3100 Porro
2441 3061 2550 3100 non
2583 3045 3088 3106 cessarunt.biduo
3113 3053 3226 3100 toto
3252 3061 3344 3101 seu
3379 3045 3446 3098 tri
3471 3047 3580 3108 lno,

313 3132 440 3194 λους
478 3129 828 3194 ἀπέστελλον.
874 3129 978 3182 Δύο
1021 3130 1078 3181 δὲ
1109 3129 1204 3181 καὶ
1252 3131 1402 3197 τρεῖς
1436 3127 1636 3196 ἑφεξῆς
1675 3127 1892 3198 ἡμέρας

1997 3139 2423 3201 velitationibus,
2459 3152 2522 3192 ac
2545 3153 2844 3207 paucorum
2881 3153 2976 3207 per
3011 3139 3124 3192 loca
3175 3138 3573 3192 certaminibus

313 3226 738 3296 ἀκροϐολισμοῖς
793 3225 890 3278 καὶ
942 3226 1184 3284 τοπικοῖς
1238 3221 1450 3289 ἐφόδοις
1493 3221 1590 3274 τοῦ
1639 3220 1895 3288 πολεμεῖν

1999 3246 2262 3300 pugnare.
2298 3229 2412 3286 Hoc
2435 3241 2616 3286 autem
2651 3231 2806 3284 canis
2837 3231 2926 3284 ille
2956 3231 3190 3284 consilio
3219 3229 3569 3290 moliebatur,

314 3316 416 3368 οὐκ
456 3315 784 3370 ἐπαύσαντο.
829 3315 1026 3384 Ἔργον
1065 3313 1120 3365 δὲ
1147 3309 1216 3382 ἦν
1249 3313 1314 3364 ὲκ
1353 3311 1584 3381 μελέτης
1617 3309 1894 3378 ἑτοιμαζό-

1998 3335 2056 3376 ιιι.
2079 3333 2222 3374 terra
2275 3323 2496 3390 quidam
2573 3322 2856 3376 machinas
2922 3319 3240 3375 admoveret
3295 3320 3579 3374 diruendis

319 3425 484 3476 μενον
513 3409 588 3479 τῷ
619 3408 767 3470 κυνὶ,
809 3407 952 3460 κατά
1003 3405 1101 3474 μὲν
1133 3405 1257 3472 γῆν,
1295 3403 1544 3474 μηχανὰς
1579 3419 1893 3472 τειχομαχι-

1999 3417 2192 3476 muris,
2219 3430 2282 3468 ac
2313 3413 2433 3468 urbi
2475 3414 2890 3480 expugnandae;
2935 3412 3072 3465 mari
3110 3421 3314 3474 autem,
3351 3409 3583 3480 Scytha-

314 3500 419 3562 κάς
454 3499 802 3569 παραστῆσαι
845 3497 940 3550 καὶ
985 3495 1258 3558 ἑλεπόλεις
1279 3512 1292 3526 ·
1338 3495 1478 3548 κατὰ
1509 3495 1784 3548 θάλασσαν
1813 3494 1892 3555 δὲ,

2001 3522 2118 3559 rum
2152 3515 2363 3575 aptaret
2401 3507 2632 3567 lembos,
2661 3521 2802 3574 quos
2849 3506 3082 3559 habebat
3125 3503 3578 3566 innumerabiles,

310 3592 382 3644 τὰ
413 3592 563 3660 παρὰ
588 3591 822 3653 Σκύθαις
855 3587 1154 3658 ὲξαρτῦσαι
1193 3587 1460 3658 μονόξυλα
1489 3587 1630 3656 ὑπὲρ
1661 3585 1896 3654 ἀριθμὸν

2000 3608 2058 3650 ιιι
2099 3613 2209 3650 uno
2256 3606 2503 3666 tempore
2540 3612 2604 3652 ac
2653 3597 2846 3651 eadem
2901 3599 3058 3660 hora,
3103 3605 3154 3652 te
3190 3613 3250 3650 ra
3299 3597 3464 3651 simul
3518 3611 3583 3650 ac

314 3683 654 3754 ὑπάρχοντα.
685 3683 846 3734 ’Ὥστε
879 3682 1003 3735 καθ’
1028 3683 1124 3734 ’ἐνα
1149 3679 1339 3751 καιρὸν
1369 3679 1466 3732 καὶ
1493 3680 1622 3746 μίαν
1655 3679 1892 3748 ἡμέραν,

1369 3679 1466 3732 καὶ
1493 3680 1622 3746 μίαν
1655 3679 1892 3748 ἡμέραν,
2001 3689 2162 3752 mari,
2197 3705 2374 3758 pugna
2409 3689 2612 3744 civitati
2649 3692 2945 3760 ingrueret.

315 3777 580 3844 κροτῆσαι
611 3775 748 3828 κατὰ
776 3775 876 3844 τῆς
907 3774 1114 3838 πόλεως
1137 3773 1392 3842 πόλεμον,
1415 3773 1480 3824 ὲκ
1508 3769 1614 3840 γῆς
1634 3769 1770 3840 ὁμοῦ
1798 3771 1894 3823 καὶ

315 3868 606 3936 θαλάττης.

399 3961 488 4012 Ἐν
520 3960 630 4028 ὅσῳ
662 3959 720 4013 δὲ
749 3957 839 4010 τὸν
875 3957 1118 4010 τοιοῦτον
1157 3956 1386 4027 ἐξήρτυε
1413 3953 1672 4022 πόλεμον,
1715 3950 1898 4006 λαϐὼν

2075 3965 2250 4018 Tanto
2285 3965 2450 4036 igitur
2487 3964 2758 4018 instructo
2802 3963 2926 4018 belli
2979 3973 3264 4032 apparatu,
3309 3963 3583 4031 accipiens

315 4055 438 4106 ὅσον
471 4049 618 4123 εἶχεν
661 4054 720 4106 ἐν
756 4051 1012 4106 ἱππεῦσιν
1055 4049 1362 4113 ὲπίλεκτον,
1391 4049 1450 4100 ἐν
1496 4051 1608 4110 τοῖς
1635 4047 1898 4102 ἀναπλεο-

2002 4057 2264 4126 quidquid
2283 4059 2524 4124 eqnitum
2545 4056 2738 4110 lectius
2766 4065 2903 4118 erat,
2925 4056 3074 4106 venit
3104 4055 3166 4107 ad
3195 4064 3378 4122 partes
3400 4053 3583 4115 Ponti,

318 4145 502 4213 μένοις
551 4145 646 4198 τοῦ
699 4145 894 4196 πόντου
957 4144 1148 4210 γέγονε
1213 4142 1446 4212 μέρεσι.
1502 4140 1580 4210 τῷ
1639 4138 1898 4209 Περσικῷ

2001 4150 2200 4217 quibus
2234 4148 2614 4218 navigabatur,
2644 4163 2812 4216 seque
2847 4147 3022 4212 ipsum
3087 4145 3370 4199 Persarum
3423 4159 3583 4198 excr—

317 4237 536 4308 στρατῷ
603 4237 1085 4306 ἐπιδεικνύμενος·
1149 4236 1399 4298 κάκεῖνος
1465 4233 1523 4288 δὲ
1595 4233 1664 4286 τὰ
1735 4233 1898 4302 ὅμοια

2001 4241 2136 4295 eitui
2195 4238 2470 4302 ostendit;
2519 4237 2716 4306 illeque
2751 4236 2988 4290 vicissim
3033 4239 3220 4289 eadem
3260 4235 3432 4288 facit:
3485 4250 3582 4288 seu

315 4331 574 4399 ἔπραττε·
629 4330 827 4401 μᾶλλον
865 4330 961 4394 δὲ,
1003 4329 1032 4380 ὁ
1063 4329 1162 4396 μὲν
1187 4327 1246 4391 ἐξ
1289 4327 1496 4389 Ἀσίας,
1525 4328 1554 4379 ὁ
1602 4326 1660 4380 δὲ
1703 4326 1760 4390 ἐξ
1795 4324 1896 4376 Εὑ-

2001 4333 2205 4401 potins,
2239 4330 2376 4383 alter
2411 4328 2630 4397 quidem
2660 4343 2724 4380 ex
2775 4328 2923 4388 Asia,
2961 4341 3024 4379 ex
3069 4325 3280 4394 EurOpa
3316 4325 3471 4385 alter,
3505 4326 3581 4379 uti

321 4423 530 4492 ρὼπης,
581 4423 832 4492 καθάπερ
875 4421 1040 4492 θῆρες
1085 4420 1266 4490 ἄγριοι
1307 4419 1549 4487 ὠρύοντο
1599 4417 1740 4470 κατὰ
1798 4417 1896 4484 τῆς

2001 4421 2130 4474 ferae
2155 4421 2340 4474 bestiae
2373 4419 2596 4488 rugiunt
2633 4417 2900 4470 adversus
2933 4417 3233 4478 civitatem,
3275 4425 3583 4484 promptam.

317 4517 522 4576 πόλεως
545 4557 556 4572 .
591 4516 806 4584 ἕτοιμον
837 4514 1042 4584 ταύτην
1091 4512 1234 4582 ἔχειν
1272 4511 1585 4578 νομίζοντες
1628 4509 1850 4578 θήραμα
1875 4547 1888 4561 .

2003 4515 2106 4568 sibi
2143 4513 2378 4582 praedam
2412 4517 2695 4578 sperantes
2745 4507 2878 4563 fore.
2939 4507 3140 4562 Verum
3173 4508 3298 4576 quis
3335 4509 3583 4576 loquetur

335 4604 479 4657 Αλλέι
513 4604 596 4668 τίς
629 4605 851 4675 λαλήσει
881 4604 974 4658 τοῦ
999 4603 1136 4656 Θεοῦ
1151 4603 1220 4654 τὰ
1245 4601 1364 4653 τότε
1391 4601 1698 4668 θαυμάσια;
1731 4599 1812 4660 τίς
1835 4597 1892 4650 δὲ

2001 4605 2094 4660 Dei
2127 4615 2258 4659 tunc
2281 4603 2522 4658 exhibita
2571 4601 2886 4656 mirabilia?
2919 4601 3054 4666 Quis
3097 4615 3225 4654 vero
3259 4599 3500 4668 Virginis
3527 4601 3580 4654 in

313 4697 413 4764 τῆς
449 4697 720 4765 Παρθένου
756 4698 854 4764 τὴν
895 4698 974 4759 εἰς
1014 4697 1160 4764 ἡμᾶς
1193 4692 1596 4760 εὐσπλαγχνῐαν
1625 4691 1891 4758 διηγήσα-

2001 4713 2104 4752 nos
2133 4695 2516 4765 impensiurem
2535 4695 2876 4748 clementiam
2908 4709 2970 4748 ac
2991 4693 3421 4748 misericordiam
3453 4708 3583 4762 pos-

319 4791 444 4841 σθαι
477 4786 786 4855 ὲξισχύσει;
825 4787 899 4850 ὡς
943 4786 1051 4856 γὰρ
1085 4787 1114 4838 ὸ
1154 4785 1404 4850 Χαγάνος
1439 4783 1561 4844 τοὺς
1591 4781 1686 4833 τοῦ
1719 4781 1892 4850 Κέρα-

1999 4792 2072 4844 sit
2099 4789 2391 4844 enarrare?
2419 4787 2550 4841 Nam
2585 4789 2674 4840 ubi
2705 4789 2999 4856 Cltaganns
3057 4787 3214 4841 sinus
3245 4787 3426 4840 Cornu
3479 4787 3583 4840 litt-

320 4901 406 4946 ηος
435 4883 669 4944 κόλπους
701 4881 988 4952 ἐπλήρωσε
1035 4880 1362 4950 μονοξύλων,
1404 4879 1496 4932 καὶ
1535 4879 1648 4941 τοῖς
1693 4875 1891 4929 ἑαυτοῦ

1999 4883 2196 4942 tribus.
2231 4895 2295 4934 ac
2325 4880 2495 4934 milite
2535 4879 2891 4948 implevisset,
2941 4880 3016 4931 ita
3068 4879 3321 4942 moliens,
3381 4885 3439 4931 ut
3491 4893 3585 4946 per

316 4971 562 5033 ὁπλίταις
585 4972 861 5039 ἐπειρᾶτο,
886 4973 976 5025 διὰ
1003 4973 1102 5039 μὲν
1125 4971 1234 5024 τῶν
1259 4969 1639 5038 πολεμούντων
1659 4971 1738 5031 εἰς
1765 4969 1836 5036 γῆ
1849 4986 1892 5032 ιι,

1997 4989 2094 5028 eos
2115 4971 2334 5041 quidem
2361 4971 2452 5038 qui
2481 4979 2623 5023 terra
2657 4971 2990 5039 pugnabant,
3017 4985 3207 5024 muros
3227 4969 3464 5024 civitatis
3493 4969 3585 5024 de-

317 5065 387 5116 τὰ
419 5061 576 5131 τείχη
613 5061 936 5116 καταϐαλεῖν
969 5063 1068 5130 τῆς
1123 5063 1362 5124 πόλεως·
1401 5061 1478 5114 διὸ
1524 5059 1580 5110 δδ
1621 5061 1732 5111 τῶν
1767 5075 1892 5112 ναυ-

1990 5065 2218 5132 jiceret;
2255 5078 2350 5132 per
2383 5077 2478 5116 eos
2504 5069 2686 5114 autem
2735 5063 2825 5129 qui
2859 5062 2914 5114 in
2947 5063 3161 5116 sinibus
3205 5061 3388 5116 Cornu
3417 5077 3582 5115 nava-

321 5156 638 5228 μαχούντων
667 5156 726 5206 ὲν
752 5157 860 5217 τοῖς
883 5156 1102 5217 κόλποις
1127 5153 1222 5207 τοῦ
1257 5153 1334 5208 Κέ
1345 5169 1526 5222 ρατος,
1557 5151 1755 5222 εὐχερῆ
1792 5149 1890 5220 τὴν

1995 5157 2100 5209 lem
2129 5169 2366 5225 pugnam
2393 5163 2548 5208 erant
2577 5153 2789 5217 inituri,
2817 5155 2976 5209 facile
3000 5156 3052 5209 in
3079 5155 3270 5209 urbem
3295 5155 3575 5208 invaderet

393 5361 468 5426 (4)
509 5357 884 5424 lntercipiente
927 5371 990 5410 ac
1035 5363 1358 5426 excurrente
1390 5353 1660 5426 iliomano
1701 5353 1888 5426 l'_ortis-
1995 5353 2086 5406 dio
2118 5354 2236 5424 ipso
2267 5351 2464 5426 itinere
2483 5353 2948 5426 expeditissimam
2983 5351 3290 5407 Romanam
3322 5352 3578 5416 classem;

321 5423 464 5486 sime
513 5423 725 5488 milite,
755 5438 811 5480 ut
851 5443 914 5482 ex
967 5426 1178 5480 Zonara
1226 5425 1401 5495 colligi
1459 5433 1658 5492 potest.
1711 5423 1888 5495 Etiam
1999 5423 2164 5492 quam
2201 5424 2454 5495 hostium
2497 5425 2704 5495 cladem
2761 5425 2862 5478 ista
2911 5423 3050 5477 forte
3104 5426 3382 5484 indicent,
3434 5435 3582 5492 post-

321 5503 380 5555 S.
449 5499 788 5566 Nict'phorus
825 5498 1115 5550 maximam
1174 5493 1497 5566 Sclavorum
1535 5503 1780 5566 stragem
1805 5493 1890 5566 [a-
1998 5509 2162 5560 tutam
2194 5504 2379 5550 secuta
2414 5493 2598 5566 sit_illa
2635 5495 2872 5566 hostium
2907 5495 3133 5563 irruptio
3169 5497 3234 5548 ad
3269 5509 3458 5550 muros
3493 5496 3582 5550 hic

317 5585 460 5627 ctam
489 5563 696 5628 narrat,
725 5569 813 5621 ubi
841 5569 1072 5622 hostium
1099 5578 1424 5635 strategema
1451 5563 1724 5617 detectum
1757 5563 1892 5618 fuis-
1999 5577 2242 5624 narrata.
2276 5579 2440 5633 quam
2491 5563 2721 5618 Romani
2773 5567 3036 5635 immensa
3072 5567 3214 5620 rea-tle
3259 5581 3450 5620 eorum
3481 5566 3578 5618 de-

319 5661 358 5697 s
384 5649 422 5700 ι.
457 5640 782 5694 itnmittente
813 5637 961 5690 Bono
997 5638 1229 5705 patricio
1264 5633 1316 5690 in
1347 5636 1618 5696 incautos,
1647 5647 1711 5686 ac
1745 5635 1890 5705 velut
2000 5635 2258 5702 pulei-int,
2295 5635 2640 5704 depugnante
2678 5651 2774 5703 pro
2802 5633 2881 5688 eis
2913 5637 3045 5688 mari
3074 5636 3291 5689 ittlcrill‘
3329 5635 3576 5691 immissa

319 5713 436 5774 suis
476 5704 1064 5782 subsidiovenientes,
1096 5718 1158 5782 ut
1193 5715 1310 5760 erat
1349 5713 1674 5782 conventum
1711 5704 1778 5757 ad
1813 5707 1889 5756 si-
1999 5713 2316 5774 tempestate
2344 5707 2394 5760 in
2431 5705 2668 5759 hostium
2705 5705 2959 5770 classem,
2995 5707 3218 5774 licipata
3259 5705 3506 5776 Virgine.

319 5797 482 5852 gnum
513 5779 710 5835 sublati
741 5779 878 5847 ignis
905 5795 932 5834 c
963 5779 1386 5834 Blachernarum
1417 5775 1738 5838 munitione,
1773 5791 1886 5829 nte-
