4032 6410
385 431 524 496 1345

1521 439 1618 498 DE
1655 439 1892 500 FESTO
1931 433 2066 488 ΤΗΣ
2100 434 2524 490 ΑΚᾹΘΙΣΤΟΥ.

3511 438 3650 502 1346

385 551 580 619 πτήρια
610 543 759 622 ᾖδον,
799 549 893 601 καὶ
923 548 1109 618 ἔλεγον
1131 567 1142 580 ·
1188 549 1258 605 Ἦ
1281 549 1450 616 δεξιά
1483 569 1625 616 σου,
1656 554 1854 622 Κύριε,
1883 553 1953 606 δε

2074 555 2128 608 in
2165 553 2280 608 haec
2313 551 2481 608 verba
2521 564 2762 620 panxere
2799 568 2814 605 :
2851 549 3078 605 Dextera
3109 559 3224 616 tua,
3255 547 3502 614 Domine,
3533 568 3650 604 mu-

385 641 668 706 Sd£aattat
714 642 782 695 ἐν
827 643 1026 710 ἰσχύϊ·
1083 645 1122 712 ἠ
1169 643 1338 708 δεξιά
1377 661 1498 699 σου
1545 645 1710 714 χείρ,
1746 648 1958 714 Κύριε,

383 733 672 799 ἔθραυσεν
698 731 975 802 ἐχθροὺς.
995 733 1197 798 καὶτῷ
1220 735 1440 800 πλήθει
1479 735 1592 804 τῆς
1625 735 1814 805 δόξης
1840 753 1958 790 σου

375 825 748 894 συνέτριψας
777 825 920 891 τοὺς
949 829 1375 894 ὑπεναντίους.

448 917 558 968 Καὶ
592 913 736 968 οὕτω
773 915 872 985 μὲν
898 917 925 968 ὁ
959 916 1266 986 παράφρων
1291 918 1544 984 Χαγάνος
1591 918 1790 989 πλήθει
1836 919 1958 971 δυσ-

378 1007 670 1078 αριθμήτῳ
716 1007 1186 1078 ἐπιστρατεύσας,
1219 1009 1339 1078 μετ’
1374 1009 1638 1081 αἰσχύνης
1694 1011 1961 1079 ὑπέστρε-

373 1098 474 1168 ψεν
495 1115 508 1127 ·
540 1097 746 1166 ὁμοίως
757 1099 850 1150 καὶ
871 1099 931 1151 τὸ
949 1100 1214 1169 Περτικὸν
1233 1101 1550 1170 στράτευμα
1574 1103 1602 1154 ό
1623 1103 1954 1171 ἐπαγαγὼν,

379 1191 534 1258 χεῖρα
579 1187 678 1240 ἐπὶ
707 1187 938 1258 στόματι
980 1189 1116 1252 Θεὶς,
1153 1192 1246 1242 καὶ
1280 1190 1341 1242 τὸ
1384 1191 1675 1262 πρόσωπον
1715 1194 1962 1262 καλυψάο

379 1297 575 1350 μενος,
607 1281 717 1334 ἀπὸ
758 1281 868 1334 τῶν
916 1281 1187 1335 τοσούτων
1219 1283 1472 1352 χιλιάδων
1492 1324 1508 1346 ,
1555 1285 1960 1355 εὐαριθμήτους

379 1373 838 1443 συνεπαγόμενος,
869 1373 984 1443 μετ’
1015 1373 1280 1444 αἰσχύνης
1320 1375 1418 1442 τὴν
1451 1374 1583 1427 ἰδίαν
1615 1375 1798 1446 χώραν
1831 1393 1960 1428 συν-

379 1463 592 1516 ἐλαϐεν.
629 1463 878 1534 Οῦτωςή
924 1467 1026 1534 τῆς
1077 1465 1228 1528 θείας
1268 1467 1582 1534 οἰκονομίας
1621 1469 1716 1520 καὶ
1757 1470 1960 1536 ἁγαθό-

380 1571 536 1624 τητος
571 1555 862 1626 ὑπουργὸς,
901 1558 934 1626 ἡ
965 1557 1208 1625 παναγία
1237 1559 1332 1610 καὶ
1367 1558 1743 1629 ὑπεράμωμος
1773 1560 1960 1614 Θεοτό-

379 1661 492 1709 mg,
558 1644 590 1714 ἡ
647 1645 756 1698 τῶν
811 1645 1158 1716 Χριστιανῶν
1217 1646 1456 1716 κραταιὰ
1507 1645 1824 1714 ἀντίληψις,
1861 1646 1960 1715 τῆς

378 1738 505 1808 περὶ
548 1739 693 1807 ἡμᾶς
735 1737 1074 1808 ἀντιλήψεως
1104 1738 1205 1810 τὴν
1241 1739 1394 1809 ἰσχὺν
1427 1737 1778 1804 ἐπεδείξατο·
1817 1737 1959 1790 οὕτω

376 1828 624 1898 μεγάλην
671 1829 806 1898 ἡμῖν
843 1832 937 1881 καὶ
981 1828 1286 1899 παράδοξον
1331 1829 1432 1899 τὴν
1475 1829 1751 1898 σωτηρίαν
1801 1829 1960 1897 κεχά-

377 1936 580 1991 ρισται,
606 1913 827 1990 ἧστινος
857 1921 1180 1991 εὐεργεσίας
1204 1924 1284 1984 εἰς
1318 1921 1648 1992 ἀνάμνησιν,
1682 1923 1782 1990 τὴν
1815 1937 1956 1990 παρα
1987 1903 2030 1958 Β

375 2011 538 2064 θῦσαν
613 2012 848 2082 ἑτησίως
915 2013 1192 2082 πανδημεὶ
1249 2012 1472 2079 σύναξιν
1535 2013 1818 2082 ποιοῦμεν,
1863 2013 1957 2065 καὶ

376 2101 670 2173 παννύχιον
699 2104 905 2172 ἄγομεν
926 2103 1141 2174 ἑορτὴν,
1163 2103 1623 2176 εὐχαριστηρίους
1648 2105 1792 2176 ᾠδὰς
1815 2105 1954 2176 αὐτῇ

375 2193 776 2264 προσφέροντες
795 2211 808 2224 ·
842 2193 979 2247 ἀλλὰ
1008 2193 1182 2246 ταῦτα
1213 2196 1314 2265 μὲν
1344 2196 1402 2259 ὲς
1429 2195 1708 2250 τοσοῦτον.

443 2303 597 2356 Μετὰ
628 2304 986 2374 παραδρομὴν
1015 2305 1100 2384 ,δὲ
1151 2305 1360 2376 χρόνων
1401 2307 1700 2378 τριάκοντα
1731 2308 1828 2362 καὶ
1872 2307 1952 2374 ἒξ,

371 2393 470 2462 τὴν
503 2393 781 2464 βασιλείαν
825 2395 1099 2460 ίθύνοντος
1139 2399 1552 2452 Κωνσταντίνου
1609 2400 1702 2452 τοῦ
1749 2401 1956 2468 Πωγω-

375 2486 556 2553 νάτου,
585 2487 768 2540 πάλιν
787 2488 1052 2542 κατέλαϐε
1072 2487 1132 2541 τὸ
1161 2489 1269 2542 τῶν
1313 2491 1628 2561 ’Δγαρηνῶν
1665 2491 1872 2562 σμῆνος
1895 2494 1954 2546 ὲν

373 2577 546 2646 στόλῳ
578 2577 800 2648 μεγάλῳ
831 2579 930 2646 τὴν
958 2577 1367 2632 Κωνσταντίνου
1400 2581 1575 2642 πόλιν,
1607 2582 1700 2634 καὶ
1738 2599 1950 2652 παραυ-

377 2668 517 2734 τίκα,
553 2669 949 2740 προσώρμισαν
993 2672 1060 2741 τῇ
1093 2671 1345 2742 παραλίῳ
1376 2671 1468 2724 τοῦ
1519 2671 1779 2741 Ἐϐδόμου
1805 2691 1819 2704 ·
1859 2672 1949 2740 ὑφ’

371 2755 447 2813 ὧν
499 2763 802 2833 ναυμαχίαι
855 2763 1200 2834 καθεκάστην
1240 2765 1505 2832 ἐγίνοντο,
1562 2765 1672 2818 ἀπὸ
1729 2765 1950 2836 ὲαρινοῦ

373 2852 566 2924 καιροῦ
616 2855 780 2924 μέχρι
821 2853 1254 2924 φθινοπωρινοῦ·
1292 2855 1556 2926 χειμῶνος
1595 2856 1654 2908 δὲ
1701 2857 1952 2924 ἐπιγενο-

371 2947 568 3016 μένου,
631 2947 1032 3017 περαιούμενος
1081 2947 1110 2999 ὁ
1163 2947 1274 3001 τῶν
1330 2948 1666 3019 Σαρακηνῶν
1720 2949 1905 3012 στόλος
1933 2989 1948 3013 ,

369 3037 659 3107 ἐχείμαζεν
685 3040 744 3090 ἐν
767 3040 1003 3110 ,Κυζίκῳ
1039 3057 1052 3072 ·
1091 3042 1186 3094 καὶ
1243 3039 1404 3092 πάλιν
1436 3039 1740 3109 ἀρχομένου
1789 3039 1950 3110 ἔαρος

369 3131 584 3182 ἐκεῖθεν
602 3132 958 3200 ἀναγόμενος,
989 3133 1192 3202 ὁμοίως
1228 3131 1322 3184 τοῦ
1354 3131 1440 3183 διὰ
1463 3131 1737 3200 θαλάσσης
1777 3132 1954 3201 εἴχετο

2061 647 2318 717 gniﬁcata
2339 654 2418 698 est
2444 646 2500 698 in
2511 643 2785 712 fortudine
2815 642 3076 712 :jdexteru
3103 652 3222 704 tua,
3255 641 3504 709 Domine,
3529 659 3652 711 per-

2061 739 2225 792 cussit
2262 739 2574 799 inimicum,
2609 745 2658 789 et
2708 735 2766 788 in
2810 735 3152 788 multitudine
3185 733 3370 804 gloria:
3398 743 3504 788 tua:
3529 749 3655 787 con--

2063 829 2257 882 triristi
2288 828 2528 881 inimicos
2554 827 2594 880 θ.

2143 918 2233 972 Sic
2270 926 2454 970 autem
2479 917 2746 987 insipiens
2775 916 3102 984 Chaganus,
3141 915 3234 986 qui
3265 915 3652 970 innumerabili

2061 1009 2412 1064 multitudine
2475 1009 2876 1074 expeditionem
2935 1007 3188 1072 fecisset,
3248 1007 3514 1064 confusus
3565 1023 3654 1061 re-

2061 1116 2252 1156 versus
2275 1109 2360 1154 est
2395 1117 2410 1155 :
2443 1099 2608 1156 simili
2632 1115 2855 1170 quoque
2881 1101 3113 1164 ratione,
3140 1100 3236 1168 qui
3259 1100 3490 1156 ducebat
3525 1099 3652 1154 Per-

2063 1207 2247 1246 sarum
2272 1193 2602 1258 exercitum,
2629 1207 2852 1246 manum
2882 1191 2962 1246 ori
2993 1192 3302 1259 imponens,
3337 1208 3401 1246 ac
3439 1193 3648 1246 vultum

2061 1281 2336 1348 aperiens,
2365 1296 2568 1349 paucos
2586 1295 2770 1335 secum
2815 1295 2844 1334 e
2875 1289 2956 1334 tot
2985 1279 3226 1334 millibus
3263 1281 3492 1344 ducens,
3523 1297 3649 1336 cum

2062 1373 2269 1440 pudore
2311 1371 2364 1423 in
2414 1386 2568 1424 suam
2602 1373 2754 1425 venit
2793 1372 3098 1441 regionem.
3131 1372 3188 1426 In
3227 1373 3371 1428 hunc
3403 1373 3648 1438 modum,

2063 1463 2260 1518 divinae
2297 1463 2620 1516 oeconomiae
2677 1477 2742 1516 ac
2785 1463 3052 1518 bonitatis
3085 1465 3353 1529 ministra,
3383 1465 3472 1518 illa
3519 1479 3650 1518 san—

2061 1555 2303 1611 ctissima
2335 1571 2674 1625 prorsusque
2713 1555 3062 1610 immaculata
3093 1556 3188 1611 Dei
3235 1557 3478 1612 Genitrix
3503 1599 3518 1622 ,
3547 1575 3648 1628 po-

2062 1658 2184 1704 tens
2213 1649 2299 1702 illa
2333 1647 2776 1703 Christianorum
2806 1648 3076 1712 defensio,
3098 1665 3212 1704 suae
3239 1650 3293 1703 in
3329 1665 3430 1706 nos
3458 1652 3650 1706 defen-

2061 1737 2234 1792 sionis
2271 1737 2568 1806 potentiam
2592 1738 2831 1792 ostendit
2867 1755 2881 1790 :
2919 1739 2997 1792 sic
3034 1753 3228 1808 magna
3265 1755 3362 1794 nos
3396 1755 3460 1794 ac
3482 1741 3652 1795 mira-

2061 1831 2156 1885 bili
2193 1830 2372 1884 salute
2401 1829 2701 1899 impertivit
2727 1829 2816 1897 ;in
2843 1831 3000 1900 cujus
3029 1831 3276 1886 benelicii
3305 1833 3651 1896 memoriam,

2059 1930 2382 1992 prasentem
2415 1931 2553 1992 quot
2594 1923 2754 1976 annis
2788 1922 3072 1980 collectam
3109 1924 3278 1977 totius
3311 1924 3492 1993 populi
3518 1937 3654 1978 con—

2059 2021 2226 2067 ventu
2274 2011 2570 2067 solemnem
2613 2012 2860 2080 agimus,
2906 2021 3232 2082 noctemque
3279 2021 3450 2067 totam
3505 2013 3650 2066 cele-

2057 2103 2210 2158 brem
2237 2103 2517 2170 habentes,
2546 2104 2724 2159 eidem
2749 2121 2845 2173 pro
2869 2105 3168 2174 gratiarum
3213 2107 3432 2160 actione
3461 2104 3647 2160 oll'eri-

2058 2211 2182 2250 mus
2211 2196 2551 2250 canticorum
2599 2197 2836 2263 laudem,
2867 2206 3032 2266 atque
3062 2198 3178 2252 ham
3213 2197 3502 2252 hactenus.

2137 2303 2356 2368 Verum,
2405 2305 2496 2358 ubi
2527 2304 2639 2374 jam
2681 2305 2808 2358 anni
2845 2319 2937 2360 sex
2979 2321 3145 2375 supra
3179 2306 3399 2376 triginta
3431 2305 3512 2375 (5)
3544 2305 3648 2360 ab-

2059 2396 2188 2449 hinc
2239 2394 2598 2460 el'iluxissent,
2669 2396 3030 2452 Constantino
3084 2397 3364 2468 Pegnnato
3425 2409 3648 2468 regente

2055 2487 2370 2556 imperium,
2399 2489 2599 2542 iterum
2633 2489 3008 2558 Agarenorum
3027 2505 3256 2543 examen
3287 2486 3646 2558 ingentiCon-

2058 2580 2472 2646 stantiuopolim
2501 2581 2680 2636 classe
2721 2581 2874 2649 petit,
2913 2581 3206 2651 statimque
3249 2580 3462 2652 appulsi
3491 2589 3645 2644 sunt,

2057 2671 2123 2724 ad
2150 2684 2368 2740 portum
2398 2671 2668 2727 Hebdomi
2719 2673 2840 2743 (6);
2879 2673 3124 2742 quotidie
3167 2687 3295 2727 vero
3333 2673 3644 2726 committe-

2055 2761 2188 2817 bant
2217 2763 2432 2818 navalia
2457 2765 2669 2833 praelia,
2699 2780 2730 2819 a
2763 2779 2892 2820 vere
2916 2765 2982 2819 ad
3020 2773 3344 2820 autumnum
3367 2805 3382 2828 ,
3413 2773 3643 2832 tumque

2056 2851 2238 2906 hieme
2279 2853 2530 2908 veniente
2596 2853 3048 2915 transiretabant.
3099 2869 3163 2908 ac
3208 2852 3388 2924 Cyzici
3435 2852 3644 2906 hiema-

2057 2944 2192 3000 bant
2222 2963 2237 3000 ;
2269 2946 2828 3016 iterumqueiueunte
2865 2962 2990 3001 vere
3043 2945 3168 3000 inde
3197 2945 3418 2999 reducta
3449 2944 3644 3010 classe,

2059 3036 2224 3090 simili
2276 3037 2440 3090 modo
2481 3037 2714 3092 navibus
2771 3039 2953 3106 praelia
3009 3037 3240 3091 inibant.
3299 3037 3436 3091 Cum
3469 3037 3646 3104 itaque

2057 3129 2258 3182 bellum
2321 3129 2375 3182 in
2439 3145 2612 3184 annos
2666 3140 2874 3200 septem
2925 3139 3260 3200 protractum
3327 3127 3545 3193 fuisset,
3583 3143 3644 3182 ac

367 3217 634 3287 πολέμου.
674 3219 846 3272 Ἑπτὰ
885 3216 977 3273 οὖν
1013 3220 1156 3273 ἔτεσι
1186 3221 1280 3274 τοῦ
1335 3220 1574 3290 πολέμου
1625 3221 1949 3291 διαρκέσαν-

2055 3221 2250 3276 classis
2295 3221 2694 3276 Saracenorum
2747 3237 2913 3276 naves
2958 3223 3258 3290 plurimas,
3314 3221 3644 3290 multusque,

368 3327 486 3374 τος,
517 3315 544 3364 ὁ
573 3311 680 3365 τῶν
719 3313 1056 3383 Σαρακηνῶν
1080 3314 1264 3376 στόλος
1295 3313 1592 3383 πάμπολλα
1625 3313 1784 3365 πλοῖα
1809 3316 1951 3366 ἀπο-

369 3401 575 3468 ϐαλὼν,
609 3405 703 3456 καὶ
740 3405 967 3467 πολλοὺς
1019 3405 1114 3457 καὶ
1153 3405 1586 3474 ἀναριθμήτους,
1636 3405 1730 3457 καὶ
1781 3405 1949 3474 μαχί-

373 3507 510 3563 μους
555 3495 776 3562 ἄνδρας,
807 3496 888 3548 ἔτι
931 3513 992 3548 τε
1032 3497 1292 3565 πλείστην
1325 3496 1526 3566 σκευὴν
1547 3489 1623 3550 ὧν
1652 3497 1952 3567 ἐπεφέρετο

367 3587 994 3659 χρειωδών,ὐπέστρεψε
1026 3589 1296 3642 καὶαὺτὸς
1322 3589 1576 3658 διακενῆς
1615 3591 1694 3652 εἰς
1721 3590 1790 3642 τὰ
1813 3590 1948 3642 [δια-

367 3677 468 3728 atat
495 3678 552 3728 ὲν
583 3680 695 3740 τοῖς
721 3680 912 3748 μέρεσι
943 3677 1038 3731 τοῦ
1064 3680 1291 3730 Συλαὶου
1315 3679 1628 3748 γενόμενος.
1669 3679 1772 3732 ὑπὸ
1821 3696 1952 3747 σει-οε

367 3769 514 3837 δρῶν
547 3767 641 3822 καὶ
664 3771 936 3840 ραγδαίων
969 3771 1188 3839 ἀνέμων
1229 3771 1678 3826 ὲπιπνευσάντων
1739 3772 1949 3836 αὐτοῖς,

367 3860 514 3912 κατὰ
539 3859 753 3914 δικαίαν
785 3859 954 3929 ὀργὴν
981 3861 1074 3913 τοῦ
1111 3861 1270 3924 Θεοῦ,
1297 3862 1466 3931 ἄρδην
1499 3861 1769 3916 ἀπώλετο.
1795 3862 1952 3914 Οὕτω

367 3951 518 4003 κατὰ
556 3950 847 4021 διαφόρους
893 3953 1117 4022 καιροὺς
1164 3955 1290 4024 τῇδε
1325 3957 1392 4024 τῇ
1438 3954 1626 4008 θεόθεν
1682 3955 1952 4022 φυλαττο-

374 4043 514 4111 μένῃ
565 4042 720 4094 πόλει
772 4042 1206 4112 προσϐάλλοντες
1269 4044 1318 4096 οἱ
1375 4043 1672 4114 ἀλιτήριοι,
1730 4043 1798 4096 τὰ
1851 4042 1952 4113 τῆς

369 4133 676 4202 μανιώδους
727 4133 902 4203 ὁρμῆς
945 4135 1126 4187 αὐτῶν
1171 4135 1640 4206 ἀποπληροῦντες,
1677 4134 1952 4206 ἄπρακτοι

367 4225 466 4277 καὶ
497 4224 758 4294 αἰσχύνης
794 4225 1022 4297 πλήρεις
1053 4227 1432 4299 ὑπέστρεφον..

461 4318 624 4372 Ἀλλὰ
655 4318 818 4372 πάλιν
845 4358 860 4382 ,
898 4318 1020 4370 ἐπεὶ
1048 4320 1315 4374 πάντοθεν
1345 4321 1532 4382 αὐτοῖς
1573 4322 1606 4390 ἡ
1663 4318 1948 4372 δυναστεία

367 4411 510 4482 ἤρθη
577 4412 714 4483 πρὸς
777 4411 1028 4482 μέγεθος,
1077 4413 1174 4466 καὶ
1223 4413 1334 4468 ἀπὸ
1390 4415 1664 4468 ἀνατολῶν
1718 4413 1814 4467 καὶ
1864 4414 1950 4466 δυ-

367 4503 525 4572 σμῶν
569 4502 806 4574 ηὐξήθη,
849 4503 946 4557 καὶ
977 4507 1060 4569 είς
1122 4505 1322 4573 πλῆθος
1355 4505 1620 4572 ἐπέδωκε,
1681 4505 1947 4576 πρότερον

2055 3327 2156 3366 nec
2191 3311 2350 3366 facile
2383 3312 2769 3376 numerabiles,
2795 3322 2959 3382 atque
2998 3313 3050 3366 in
3081 3312 3210 3379 illis,
3246 3311 3537 3366 bellatores
3559 3312 3640 3364 vi-

2054 3419 2146 3458 ros
2173 3419 2238 3458 ac
2287 3415 2564 3471 strenuos,
2626 3406 2950 3472 amisisset;
3005 3406 3070 3458 ad
3135 3405 3249 3459 haec
3299 3421 3430 3458 vero
3471 3405 3641 3458 multa

2050 3492 2266 3562 jactura
2298 3494 2592 3548 necessarii
2625 3505 2972 3549 commeatus
3003 3493 3236 3560 fuisset;
3269 3495 3384 3563 ipsa
3423 3510 3640 3564 quoque

2056 3584 2238 3639 inanis
2287 3584 2351 3638 ad
2395 3600 2496 3640 sua
2529 3599 2744 3638 reversa
2776 3593 2860 3639 est
2895 3604 2909 3639 :
2961 3599 3198 3654 cmnque
3235 3586 3301 3640 ad
3343 3585 3502 3654 Sylmi
3553 3600 3638 3638 ve.

2055 3674 2228 3728 uisset
2253 3683 2433 3744 partes
2489 3675 2589 3745 (7),
2621 3674 2932 3730 vehementi
2972 3684 3260 3730 ventorum
3309 3676 3530 3728 turbine
3555 3675 3633 3743 ja-

2055 3773 2223 3831 ctata,
2253 3781 2348 3835 per
2381 3766 2584 3836 justam
2613 3765 2706 3820 Dei
2746 3767 2882 3820 iram
2941 3767 3157 3836 penitus
3197 3765 3370 3820 deleta
3409 3773 3513 3820 est.
3565 3765 3638 3820 Ita

2055 3859 2288 3914 diversis
2315 3858 2652 3929 temporibus
2678 3858 2820 3912 hanc
2849 3874 2876 3911 ει
2915 3857 3024 3912 Deo
3042 3867 3424 3912 conservatam
3451 3856 3638 3910 urbem

2054 3949 2242 4003 miseri
2271 3949 2348 4002 illi
2379 3949 2724 4012 adorientes,
2763 3949 2966 4003 luroris
2997 3949 3082 4002 sui
3135 3949 3398 4018 impetum
3455 3947 3637 4018 exple-

2053 4039 2188 4104 turi,
2223 4055 2282 4094 re
2314 4040 2538 4106 infecta,
2565 4055 2632 4095 ac
2647 4040 2971 4096 confusione
2997 4040 3164 4110 pleni,
3199 4037 3374 4094 coacti
3397 4047 3528 4094 sunt
3555 4055 3636 4093 re-

2054 4131 2198 4187 dire.

2123 4317 2338 4373 Rursus
2371 4325 2572 4382 tamen,
2605 4318 2752 4388 quod
2788 4333 2978 4372 eorum
3011 4317 3314 4374 dominatio
3351 4315 3634 4385 undequa-

2051 4426 2158 4481 que
2197 4411 2249 4464 in
2289 4411 2495 4481 majora
2521 4420 2794 4482 crementa
2819 4411 3204 4480 promovisset,
3227 4419 3390 4477 atque
3414 4407 3482 4462 ab
3511 4419 3634 4462 ortu

2050 4505 2118 4558 ad
2171 4518 2430 4558 occasum
2490 4511 2869 4568 auola‘csset,
2923 4517 2989 4555 ac
3035 4500 3382 4555 multitudine
3403 4496 3634 4562 dili‘usa;

367 4596 472 4666 μὲν
522 4597 824 4650 κατέλαϐον
877 4597 975 4668 τὴν
1031 4598 1140 4650 τῶν
1190 4599 1418 4668 Περσῶν
1474 4598 1792 4668 βασιλείαν’
1847 4597 1946 4651 εἶθ’

2055 4597 2290 4666 primum
2321 4596 2539 4666 quidem
2565 4603 2828 4665 ceperunt
2869 4595 3162 4648 Persarum
3197 4607 3425 4661 regnum
3448 4605 3464 4656 ;
3489 4599 3632 4644 tum-

359 4684 560 4750 οὕτως,
595 4685 695 4757 τὴν
755 4688 1030 4755 Αἴγυπτον
1083 4690 1176 4742 καὶ
1237 4688 1464 4758 Λιϐύην,
1511 4689 1742 4752 διδόντες
1788 4690 1946 4758 λόγον

355 4781 476 4841 τοῖς
501 4779 870 4848 Χριστιανοῖς,
899 4781 973 4844 ὼς
993 4782 1054 4833 οὺ
1089 4781 1369 4851 βιάσονται
1401 4782 1596 4846 αὐτοὺς
1628 4781 1943 4852 παραϐῆναι

358 4871 464 4941 τὴν
501 4871 804 4942 ἀμώμητον
847 4875 945 4927 καὶ
1000 4874 1279 4945 όρθόδοξον
1311 4876 1390 4938 είς
1417 4874 1652 4944 Χριστὸν
1683 4874 1774 4927 τὸν
1807 4874 1943 4926 Θεὸν

436 5049 458 5080 ⁸
487 5045 660 5104 Exod.
693 5066 784 5108 xv.
822 5050 877 5103 6.

435 5231 514 5303 (5)
553 5232 752 5286 Incidit
790 5239 1008 5300 tempus
1049 5233 1154 5286 hoc
1206 5233 1259 5286 in
1293 5229 1558 5302 Pogonati
1593 5247 1789 5296 annos,
1825 5232 1950 5302 qui-

361 5301 468 5357 nus
497 5301 624 5356 vivo
646 5304 824 5356 adhuc
865 5314 1016 5372 patre
1067 5301 1388 5371 imperavit,
1420 5319 1448 5356 a
1485 5305 1686 5371 quibus
1719 5301 1881 5358 etiam
1916 5303 1950 5356 6

358 5376 638 5444 synodus,
687 5373 809 5442 ejus
877 5373 1086 5442 imperii
1132 5387 1307 5428 annos
1343 5377 1652 5428 numeravit
1689 5389 1704 5426 :
1745 5389 1852 5442 qua
1885 5378 1952 5428 de

357 5458 420 5498 re
449 5447 584 5498 satis
612 5445 676 5498 ad
712 5447 841 5498 Acta
869 5444 1128 5513 _ejusdem
1173 5446 1385 5513 Synudi.

428 5513 508 5584 (6)
558 5513 797 5567 Marcell.
854 5511 1072 5576 Comes,
1131 5511 1370 5568 etillist.
1429 5513 1668 5568 Miscella
1723 5523 1944 5578 vocant,

359 5583 688 5651 Septimum.
723 5583 853 5638 Erat
887 5585 1211 5638 suburbium
1249 5585 1938 5654 (Ionstantimpolitanum,

353 5665 560 5724 septem
593 5655 916 5708 milliaribus
949 5655 1017 5726 ab
1045 5658 1180 5709 urbe
1211 5656 1711 5726 Constantinopoli.

437 5726 514 5796 (7)
553 5726 643 5778 Sic
663 5727 826 5779 etiam
946 5725 1306 5796 Nicephorus,
1337 5727 1474 5794 πρὸς
1503 5729 1612 5789 τοῖς
1641 5725 1937 5789 πελάζουσι

347 5796 451 5850 τοῦ
483 5796 710 5848 Συλαίου
742 5795 1048 5865 γενόμενοι·
1081 5795 1180 5849 ubi
1225 5811 1330 5848 non
1365 5797 1502 5851 bene
1546 5799 1832 5862 interpres,
1864 5797 1934 5850 ad

353 5868 592 5934 Sylleum
625 5883 772 5920 mare
817 5868 1034 5937 propius
1072 5868 1325 5920 accedunt
1350 5883 1368 5919 :
1399 5868 1544 5920 aliud
1569 5881 1634 5920 ex
1672 5867 1780 5922 alio
1811 5870 1930 5922 red-

2053 4705 2162 4758 que
2192 4689 2484 4760 Egyptum
2510 4696 2569 4742 et
2608 4688 2872 4751 Africam,
2914 4688 3098 4756 jurata
3139 4683 3475 4740 Cluistianis
3509 4683 3633 4746 ﬁde,

2053 4789 2115 4833 ut
2141 4795 2208 4834 ne
2240 4794 2336 4850 eos
2366 4779 2696 4849 inculpatam
2725 4790 3044 4849 rectamque
3077 4777 3131 4831 in
3155 4775 3432 4832 Christum
3463 4773 3634 4830 Deum

2052 4883 2304 4929 nostrum
2335 4874 2516 4940 ﬁdem,
2547 4873 2894 4942 praevaricari
2923 4879 3182 4942 cogerent
3220 4888 3234 4924 :
3259 4886 3426 4940 quam
3451 4879 3634 4930 tamen

2050 5232 2186 5286 dens
2211 5231 2490 5300 proprium
2525 5244 2750 5293 nomen,
2785 5229 3094 5298 adjectione
3115 5227 3226 5300 _ill_a
3277 5227 3490 5281 litterm.
3527 5225 3630 5280 Ζο-

2050 5318 2172 5356 nar.
2206 5297 2338 5356 Cum
2371 5300 2558 5354 classis
2590 5300 2829 5368 reliquie
2849 5297 2969 5368 jam
3004 5301 3072 5351 ad
3103 5297 3334 5368 Sylleum
3366 5301 3630 5368 peruenis-

2049 5383 2188 5434 sent,
2237 5382 2342 5426 etc.
2384 5371 2610 5425 Videtur
2641 5367 3078 5438 promontorium
3129 5367 3351 5436 aliquod
3386 5369 3440 5421 in
3469 5367 3630 5420 Pam-

2050 5444 2262 5514 phylia,
2295 5443 2462 5514 cujus
2505 5441 2738 5511 Sylzeus,
2775 5441 2890 5509 ipsa
2924 5441 3112 5514 eadem
3154 5453 3218 5492 ac
3249 5439 3437 5508 Perge,
3477 5449 3536 5490 ut
3575 5441 3629 5491 in

2041 5511 2169 5583 jure
2211 5511 2702 5574 Graeco-Romano,
2742 5511 3061 5583 metropolis
3105 5516 3224 5563 erat
3249 5525 3627 5583 ;_quanquam

2050 5581 2164 5652 ipsa
2194 5586 2372 5651 posita
2401 5591 2520 5636 erat
2571 5585 2636 5635 ad
2691 5582 3088 5652 mediterranea
3135 5597 3147 5632 :
3182 5581 3330 5652 unde
3359 5589 3410 5632 et
3447 5581 3628 5652 subdit

2047 5649 2248 5716 Zona—1',
2280 5656 2326 5708 si
2358 5655 2446 5722 qui
2477 5652 2782 5722 evasissent
2819 5667 2884 5704 ex
2923 5651 3368 5722 hucinaul'ragio,
3399 5667 3486 5702 eos
3523 5649 3626 5722 Ci-

2043 5721 2400 5795 byraeotarum
2431 5723 2614 5795 ducem
2659 5721 2944 5795 delenisse;
2998 5721 3278 5795 nimirum,
3331 5721 3382 5795 in
3435 5721 3624 5774 eadem

2038 5789 2167 5848 Asia
2210 5795 2432 5856 minori,
2471 5794 2562 5846 ubi
2595 5801 2874 5860 ponuntur
2905 5791 3026 5844 dum
3049 5789 3282 5858 Cinyrae,
3311 5791 3480 5846 altera
3506 5805 3624 5844 ma-

2039 5865 2122 5929 iur
2153 5865 2206 5920 in
2239 5865 2472 5926 Phrygia
2500 5879 2515 5926 ;
2553 5864 2732 5916 minor
2764 5864 2933 5916 altera
2973 5861 3026 5915 in
3057 5861 3268 5916 Cilicia.
