4032 6414
527 439 654 498 illi?

1376 434 1767 495 OPUSCULA
1806 433 2146 493 MORALIA
2199 429 2544 492 INCEB'IUE
2582 430 2895 490 IETATIS.

3667 431 3788 499 l3l8

528 555 664 608 nihil
703 563 1081 618 servaverunt,
1128 554 1236 608 imo
1281 554 1464 622 plures
1499 554 1796 608 aﬂ‘eeerunt
1822 555 2110 623 martyrio,

2227 552 2377 622 ἡμῶν
2418 552 2622 615 πίστιν,
2675 552 2812 620 ὅπερ
2867 550 2965 602 οὐκ
3026 551 3298 618 ἐφύλαξαν
3330 568 3342 580 '
3386 553 3522 607 ἀλλὰ
3576 555 3791 619 πολλοὺς

529 647 672 715 quod
715 647 968 715 pretiosa:
1013 647 1194 700 crucis
1231 647 1449 712 signum
1501 647 1838 714 sprevissent
1889 646 2119 714 pedibus

529 739 874 794 conculcare.
905 738 1016 793 lloc
1041 740 1241 809 quippe
1259 739 1604 794 Christianos
1634 739 1918 808 cogebant.
1941 737 2030 801 At,
2054 746 2114 791 ut

530 831 796 896 dicebam,
819 843 1018 885 terram
1055 848 1272 886 omnem
1324 833 1717 902 depopulantes
1736 841 2114 901 pet-raserunt.

529 921 659 974 llum
715 930 899 974 autem
951 919 1115 975 Indis
1150 937 1370 992 quoque
1415 939 1479 976 ac
1526 919 1835 990 Ethiopes,
1908 937 2117 976 necnOn

529 1012 833 1067 Maurusios
853 1012 951 1083 (8),
995 1012 1158 1068 Afros
1184 1014 1312 1068 item
1346 1029 1410 1068 ac
1437 1013 2119 1082 I-iispanosincursassent.

529 1106 591 1159 ad
610 1115 942 1171 extremum,
970 1107 1233 1161 adversus
1256 1106 1397 1160 hanc
1431 1122 1650 1177 quoque
1689 1108 1891 1176 regiam
1927 1110 2117 1161 urbem

527 1209 706 1251 castra
730 1207 1042 1265 moverunt,
1063 1215 1172 1268 quo
1193 1215 1312 1254 eam
1331 1209 1612 1270 Capereut.
1648 1200 1918 1254 Cteterum
1939 1199 2121 1254 Leone

528 1289 714 1344 Isauro
754 1291 1109 1359 imperatore,
1129 1291 1497 1344 consﬁtntum
1533 1291 1767 1346 habente
1806 1303 1863 1346 ut
1918 1293 2118 1346 tributa

529 1381 903 1449 eispemleret,
933 1383 1003 1434 illi
1024 1383 1238 1437 abunde
1285 1383 1450 1436 etiam
1502 1384 1732 1438 militem
1790 1385 1841 1437 in
1875 1386 2009 1439 urbe
2054 1389 2120 1442 ad

529 1475 844 1542 prtesidium
880 1477 1149 1545 cogebant
1189 1476 1432 1546 recipere
1467 1494 1480 1530 :
1517 1477 1638 1531 l’rcti
1678 1478 1940 1532 nimirum
1979 1482 2120 1534 utul—

530 1566 765 1620 titudine
808 1569 1114 1632 exercitus,
1149 1578 1264 1622 tmn
1304 1570 1926 1640 propriiipsorum,tum
1953 1590 2116 1644 quem

531 1659 633 1713 sub
665 1659 916 1714 mercede
942 1671 1242 1714 tuerentetn
1279 1663 1573 1727 habebant,
1606 1665 1890 1732 classeque
1925 1667 1990 1718 ad
2021 1681 2120 1718 na-

532 1753 702 1805 valem
745 1769 982 1822 pugnam
1016 1755 1293 1823 expedita,
1339 1765 1597 1825 tantaque
1627 1757 1844 1810 navium
1873 1758 2121 1812 multitu-

532 1843 676 1906 dine,
702 1853 758 1898 ut
783 1859 918 1914 pene
937 1844 1250 1908 inlinita,ad
1271 1846 1420 1899 mille
1455 1861 1518 1900 ac
1542 1848 1852 1915 octingenta
1883 1851 2116 1917 navigia,

533 1945 642 1991 tota
707 1949 1113 1995 accenserelur.
1175 1939 1638 2007 quemadmodum
1681 1941 1976 2010 scripsere,
2023 1942 2117 2011 qui

532 2023 743 2078 illorum
778 2031 1086 2094 temporum
1116 2027 1401 2081 historiam
1437 2029 1771 2099 aunalesqne
1805 2041 2116 2088 texuerunt.

597 2119 734 2172 Cum
801 2117 987 2188 itaque
1038 2136 1266 2175 errones
1319 2122 1393 2175 illi
1449 2122 1656 2177 Christi
1717 2125 1905 2179 hostes
1951 2143 1979 2179 e
2033 2144 2118 2180 re-

531 2209 687 2279 gione
733 2210 887 2264 urbis
928 2211 1128 2266 milites
1184 2214 1584 2280 collocassent,
1622 2215 1839 2269 interim
1895 2219 2116 2286 quidem

531 2301 732 2355 nullam
775 2303 828 2355 in
857 2317 1046 2357 muros
1083 2304 1496 2375 impressionem
1528 2307 1810 2372 fecerunt,
1851 2311 1998 2380 quod
2030 2327 2120 2365 ve-

531 2393 608 2446 lut
656 2395 710 2446 in
767 2395 885 2448 suis
939 2397 1148 2466 quique
1203 2396 1410 2453 laribus
1447 2413 1819 2467 versarentur,
1863 2404 2119 2460 domibus

531 2487 886 2542 exstruendis
932 2497 1196 2543 vacarent
1233 2491 1429 2559 :plane
1457 2491 1704 2546 destituti
1738 2495 2024 2562 prudentia
2055 2513 2120 2553 ac

531 2580 776 2644 ratione;
809 2593 928 2645 seu,
962 2589 1021 2634 ut
1062 2581 1239 2636 dicam
1273 2583 1420 2652 quod
1467 2599 1554 2638 res
1596 2585 1774 2648 habet,
1807 2587 1916 2642 Deo
1948 2589 2120 2660 impe-

531 2671 732 2736 diente,
777 2687 842 2726 ac
884 2673 938 2726 in
994 2673 1110 2730 suis
1151 2674 1394 2744 ipsorum
1443 2679 1722 2742 consiliis,
1781 2681 1982 2737 stultos
2038 2682 2120 2736 fa-

531 2760 726 2815 ciente.
785 2761 889 2828 Qui
919 2773 1101 2817 autem
1145 2764 1196 2816 in
1250 2767 1470 2820 civitate
1510 2777 1630 2821 erat
1671 2769 1875 2824 Christi
1928 2789 2121 2828 amans

532 2860 782 2921 populus,
813 2853 971 2924 juges
998 2871 1124 2909 cum
1153 2857 1410 2927 Iaerymis
1431 2861 1864 2927 supplicationes
1889 2861 2115 2928 faciens,

533 2947 676 3000 velut
710 2948 952 3002 solemne
989 2951 1150 3004 habet
1192 2966 1373 3005 rerum
1417 2952 1580 3004 etiam
1630 2955 1926 3022 tranquillo
1949 2967 2118 3019 statu,

534 3039 1178 3110 renerabilissimumque
1222 3043 1404 3097 crucis
1457 3043 1760 3098 Domiuiac
1816 3047 2120 3104 Salvatoris

533 3130 698 3182 nostri
739 3128 866 3185 Jesu
899 3131 1101 3186 Christi
1136 3135 1336 3203 lignum
1375 3134 1578 3198 ferens,
1637 3153 1845 3192 necnon
1881 3141 2120 3195 castissi-

2227 644 2510 713 μάρτυρας
2541 640 2856 704 ἀπέδειξαν.
2888 641 2977 694 διὰ
3008 641 3068 694 τὸ
3087 643 3161 712 μὴ
3181 643 3492 713 πατηθῆναι
3513 645 3606 698 ὑπ’
3627 647 3792 699 αὐτῶν

2223 734 2283 786 τὸ
2311 735 2538 804 σημεῖον
2567 731 2662 786 τοῦ
2689 732 2923 802 σταυροῦ
2951 732 3042 784 τοῦ
3073 735 3277 802 τιμίου.
3306 733 3478 787 Τοῦτο
3498 735 3607 806 γὰρ
3629 738 3790 804 πράτ·

2223 845 2278 878 τε
2289 846 2337 879 ιν
2369 827 2494 889 τοὺς
2510 826 2874 896 Χριστιανοὺς
2893 825 3227 894 ἠνάγκαζον,
3249 827 3343 879 καὶ
3362 827 3438 890 ὡς
3449 827 3610 896 ἔφην,
3629 831 3794 882 πᾶσαν

2223 922 2323 990 τὴν
2365 919 2468 987 γῆν
2519 917 2756 987 ἐπῆλθον
2811 917 3232 988 λεηλατοῦντες,
3294 921 3688 991 ἐπιδραμόντες
3746 924 3795 976 δὲ

2225 1012 2320 1064 καὶ
2358 1010 2551 1072 Ἰνδοὺς
2581 1011 2674 1062 καὶ
2710 1009 2977 1074 Αἰθίοπας
3021 1015 3112 1064 καὶ
3146 1014 3215 1065 τὰ
3257 1013 3584 1084 Μαυρούσια
3632 1014 3755 1086 ἔθνη
3779 1057 3791 1079 ,

2227 1103 2436 1167 Λίϐυάς
2465 1120 2526 1155 τε
2584 1105 2679 1157 καὶ
2741 1103 3043 1168 Ἰσπανοῦς,
3114 1104 3343 1174 ἔσχατον
3414 1106 3656 1171 πάντων,
3707 1109 3793 1159 ἐπ-

2224 1195 2594 1264 εστράτευσαν
2627 1196 2724 1247 καὶ
2759 1195 2901 1248 κατὰ
2928 1196 3132 1264 ταύτης
3158 1197 3256 1265 τῆς
3284 1196 3548 1266 βασιλίδος
3574 1198 3794 1261 πόλεως,

2227 1287 2545 1356 βουλόμενοι
2578 1287 2786 1358 ταύτην
2833 1289 2995 1342 έλείν.
3026 1289 3132 1341 Τοῦ
3160 1289 3217 1341 δὲ
3263 1289 3529 1359 βασιλέως
3581 1290 3797 1354 Λέοντος

2224 1377 2318 1430 τοῦ
2354 1379 2602 1449 Ἰσαύρου
2632 1381 2756 1451 ἄρτι
2783 1380 2881 1449 τῆς
2926 1380 3200 1449 βασιλείας
3242 1381 3650 1450 ἐπειλημμένον
3682 1399 3798 1451 προ-

2225 1471 2453 1540 θεμένου
2491 1473 2674 1526 δοῦναι
2704 1475 2889 1536 αὐτοῖς
2915 1473 3066 1543 τέλη,
3099 1474 3254 1526 αὐτοὶ
3291 1473 3384 1526 καὶ
3434 1473 3684 1542 φύλακας
3715 1475 3798 1541 ἑγ-

2223 1565 2568 1636 καταστῆσαι
2601 1569 2667 1637 τῇ
2711 1567 2862 1620 πόλει
2907 1567 3318 1631 κατεὸιάζοντο.
3367 1566 3667 1638 Ἐθάρῤονν
3703 1568 3800 1638 γὰρ

2223 1655 2300 1728 τῷ
2337 1657 2532 1727 πλήθει
2563 1657 2656 1712 τοῦ
2683 1677 2743 1712 τε
2777 1661 2980 1713 οίκείου
3018 1661 3112 1714 καὶ
3167 1660 3500 1730 μισθοφόρου
3549 1660 3800 1730 στρατοῦ,

2225 1752 2317 1804 καὶ
2341 1751 2420 1821 τῷ
2453 1750 2928 1821 ὲξευτρεπισθέντι
2977 1751 3188 1823 ἀπείρῳ
3238 1752 3566 1822 ναυμαχικῷ
3619 1752 3800 1821 στόλῳ,

2223 1843 2283 1904 δς
2321 1847 2400 1908 εἰς
2428 1844 2576 1915 χίλια
2613 1846 2707 1898 καὶ
2758 1846 3057 1899 ὀκτακόσια
3085 1845 3245 1898 πλοῖα
3279 1847 3384 1907 πᾶς
3430 1845 3801 1915 ἁπηρίθμητο,

2227 1935 2302 1999 ὡς
2331 1937 2380 1988 oi
2410 1937 2510 2000 τὰς
2533 1936 2791 2007 χρονικὰς
2828 1937 3110 2002 συντάξεις
3167 1937 3671 2006 πεφιλοπονηκότες
3723 1939 3779 1988 ἀν

2231 2027 2505 2100 ἐγραψαν.

2298 2119 2494 2182 Θέντες
2525 2119 2580 2173 δὲ
2631 2119 2692 2173 τὸ
2746 2120 3111 2190 στρατόπεδον
3138 2119 3317 2174 αὐτῶν
3361 2117 3467 2190 πρὸ
3496 2119 3593 2173 τοῦ
3623 2119 3802 2180 ἄστεος

2228 2213 2276 2265 οἱ
2328 2213 2741 2282 πεπλανημένοι
2779 2213 3150 2283 Χριστομάχοι
3174 2251 3189 2276 ,
3229 2212 3366 2274 τέως
3413 2211 3515 2280 μὲν
3553 2211 3800 2280 οὐδεμίαν

2232 2305 2538 2376 προσϐολὴν
2565 2308 2679 2369 τοῖς
2719 2309 2924 2376 τείχεσι
2957 2305 3254 2375 προσῆγον,
3285 2305 3372 2358 διὰ
3422 2305 3484 2357 τὸ
3530 2305 3801 2374 σχολάζειν

2229 2397 2324 2450 ἐπὶ
2353 2397 2560 2458 κτίσεις
2587 2399 2926 2468 οἰκημάτων,
2956 2397 3032 2462 ὡς
3062 2398 3200 2450 οῐκοι
3235 2398 3492 2468 μένοντες
3526 2437 3542 2463 ,
3593 2399 3794 2467 ἀφῃρη-

2233 2489 2385 2556 μένοι
2437 2489 2536 2560 μὲν
2583 2490 2848 2560 φρόνησιν
2892 2491 2986 2542 καὶ
3025 2489 3331 2560 λογισμόν⁹
3377 2491 3438 2542 τὸ
3465 2489 3525 2542 δὲ
3588 2489 3798 2558 ἀληθὲς,

2230 2579 2334 2632 ὑπὸ
2363 2579 2500 2632 Θεοῦ
2536 2582 2898 2650 κωλυόμενοι,
2929 2581 3344 2650 ματαιὼσαντος
3382 2581 3584 2642 αὐτοὺς
3612 2582 3672 2632 ὲν
3702 2584 3798 2641 τοῖς

2228 2670 2455 2734 οἰκείοις
2485 2670 2829 2733 διαϐουλίοις.
2869 2672 2928 2723 ’0
2972 2671 3028 2724 δὲ
3059 2672 3203 2724 κατὰ
3231 2670 3327 2742 τὴν
3360 2670 3518 2724 πόλιν
3567 2669 3800 2740 φιλόχριο

2231 2780 2355 2826 στος
2395 2763 2541 2828 λαὸς,
2569 2764 2837 2836 διηνεκεῖς
2876 2765 3014 2834 μετὰ
3062 2763 3314 2834 δακρύων
3366 2763 3688 2834 πο.οὑμενοι
3715 2762 3797 2822 τὰς

2229 2856 2400 2921 λιτὰς,
2430 2855 2620 2929 ὥσπερ
2677 2857 2796 2921 ἔθος
2849 2859 3032 2920 αὐτοῖς
3080 2859 3276 2920 ποιεῖν,
3309 2856 3401 2909 καὶ
3447 2856 3508 2908 ὲν
3562 2857 3797 2927 εἰρηνικῇ

2230 2952 2589 3013 καταστάσει,
2621 2949 2684 3002 τό
2708 2966 2768 3002 τε
2813 2950 3123 3004 πάνσεπτον
3155 2951 3310 3014 ξύλον
3333 2949 3428 3001 τοῦ
3456 2947 3694 3020 σταυροῦ
3717 2946 3795 3001 tr."-

2232 3041 2436 3112 Κυρίου
2475 3042 2566 3094 καὶ
2594 3042 2845 3111 Σωτῆρος
2871 3042 3031 3113 ἡμῶν
3070 3041 3244 3109 Ἰησοῦ
3265 3039 3508 3110 Χριστοῦ
3529 3041 3794 3100 λαϐόντες.

2231 3133 2325 3186 καὶ
2350 3132 2448 3202 τὴν
2485 3133 2648 3202 ἁγίαν
2679 3134 2861 3186 εἰκόνα
2909 3133 3006 3203 τῆς
3055 3134 3333 3201 πανὰγνου
3374 3131 3680 3205 Παρθένου,
3719 3148 3786 3182 ττι-

533 3234 630 3274 nia:
660 3217 902 3291 Virginis
946 3239 1160 3277 sacram
1195 3225 1518 3295 imaginem,
1569 3243 1786 3282 murum
1831 3230 2120 3298 circuibat,

2232 3224 2456 3295 ριῄεσαν
2481 3225 2540 3277 τὸ
2578 3228 2777 3296 τεῖχος,
2809 3225 3059 3294 αἴροντες
3083 3227 3174 3277 ἐπὶ
3207 3225 3339 3278 Θεὸν
3363 3225 3466 3287 τὰς
3492 3222 3793 3294 χεῖρας,καὶ

532 3311 726 3366 tollens
767 3313 833 3367 ad
886 3313 1054 3368 Deum
1101 3331 1318 3381 manus,
1367 3318 1667 3388 dicensque
1731 3335 1747 3372 :
1786 3339 1803 3372 ι
1858 3320 2121 3394 Exsurge,

533 3400 787 3466 Domine;
816 3419 878 3456 ne
927 3404 1151 3471 repellas
1186 3408 1437 3475 populum
1477 3420 1627 3462 tuum
1660 3413 1715 3463 in
1761 3413 1960 3480 ﬁnem:
1992 3432 2120 3484 quo-

533 3495 674 3547 niam
711 3513 825 3550 ecce
856 3499 1058 3551 inimici
1099 3501 1177 3552 tui
1215 3511 1530 3566 sonuerunt,
1586 3515 1634 3556 et
1665 3506 1757 3574 qui
1789 3507 2010 3562 oderunt
2048 3519 2118 3573 te,

532 3587 824 3641 extulerunt
856 3599 1035 3658 caput.
1075 3589 1157 3644 Ne
1182 3592 1270 3644 des
1307 3592 1669 3650 hwreditatem
1722 3607 1868 3651 tuam
1919 3602 1969 3654 in
1998 3617 2123 3656 con—

533 3677 820 3741 fusionem,
855 3691 910 3732 ut
966 3691 1141 3749 gentes
1193 3685 1531 3737 dominentur
1575 3689 1784 3750 nostri:
1841 3693 2120 3759 nequando

533 3763 731 3832 ﬁcant,
774 3767 863 3821 ubi
893 3779 968 3822 est
999 3771 1136 3825 Deus
1166 3776 1387 3828 eorum?
1423 3778 1514 3829 sed
1539 3789 1855 3847 cognoscant
1873 3783 1999 3851 quia
2023 3801 2120 3837 no-

533 3873 647 3910 men
693 3859 788 3912 tibi
831 3859 1088 3917 Dominus
1122 3864 1280 3918 Jeaus
1323 3864 1608 3934 Christus,
1651 3871 1704 3922 in
1742 3871 1969 3940 gloriam
2023 3875 2122 3930 Dei

534 3951 734 4004 Patris.

599 4039 770 4096 Porro
831 4055 1036 4112 autem,
1097 4053 1158 4100 ut
1217 4065 1361 4104 unus
1404 4052 1531 4121 quis
1565 4052 1802 4111 hostium
1836 4059 2118 4127 Agat-enus

533 4135 864 4205 blasphemis
905 4139 1158 4203 vocibus,
1216 4142 1590 4198 Constantiam
1641 4163 1908 4214 vocasset,
1935 4169 1999 4208 ac
2029 4168 2120 4210 ec-

533 4228 750 4281 clesiam
810 4232 959 4283 nudo
1019 4233 1241 4287 nomine
1275 4239 1601 4305 appellasset
1645 4241 1997 4311 Sapientiam,
2063 4248 2117 4302 in

533 4319 822 4389 quamdam
850 4337 1090 4392 princeps
1123 4341 1245 4378 cum
1272 4343 1413 4396 equo
1443 4329 1617 4386 factus
1646 4333 1855 4388 foveam
1887 4337 2113 4394 interiit.

533 4411 636 4466 Sed
685 4423 740 4466 et
792 4429 981 4467 eorum
1033 4431 1232 4485 praeco,
1284 4433 1408 4473 cunt
1457 4426 1798 4482 ascendisset
1848 4429 1901 4482 in
1951 4431 2114 4484 altam

534 4504 802 4568 arborem,
833 4507 897 4557 ad
937 4521 1128 4562 eorum
1177 4515 1571 4568 exsccrandam
1611 4522 1980 4586 precationem
2016 4540 2114 4577 vo-

2233 3318 2485 3384 λέγοντες
2511 3333 2525 3348 ’
2588 3317 2918 3384 Ανάστηθι,
2947 3317 3246 3387 Eripiam)
3279 3317 3497 3384 ἀπώσῃ
3528 3317 3640 3369 τὸν
3661 3318 3790 3370 λαόν

2231 3424 2349 3462 σου
2370 3411 2458 3474 εἰς
2486 3409 2659 3472 τέλος
2679 3424 2692 3437 ·
2715 3407 2803 3462 ὅτι
2824 3408 2952 3462 ἰδοὺ
2977 3413 3028 3462 οἱ
3051 3410 3252 3476 ἐχθροί
3276 3424 3393 3462 σου
3420 3407 3691 3476 ἤχησαν.
3714 3424 3778 3459 κο

2231 3503 2284 3554 οὶ
2305 3498 2637 3569 μισοῦντές
2659 3515 2733 3552 σε
2753 3495 2908 3568 ἦραν
2935 3498 3334 3569 κεφαλήνλιιὴ
3359 3497 3481 3562 δῷς
3510 3497 3629 3563 τὴν
3664 3499 3791 3560 κλη-

2223 3593 2521 3660 ρονομΙαν
2561 3607 2679 3645 σου
2731 3594 2818 3656 εἰς
2867 3590 3116 3655 ὄνειδος,
3156 3590 3262 3644 τοῦ
3315 3589 3607 3658 κατᾱρξαι
3648 3588 3790 3658 ἡμῶν

2231 3685 2402 3750 ἔθνη,
2431 3685 2667 3752 μήποτε
2695 3683 2911 3735 εἴπωσι
2929 3698 2943 3713 ο
2971 3681 3096 3735 Ποῦ
3119 3685 3291 3734 ἐστιν
3317 3685 3349 3735 ό
3384 3683 3536 3748 Θεὸς
3567 3679 3790 3744 αὐτῶν,

2229 3775 2396 3830 ἀλλὰ
2446 3775 2770 3844 γνώτωσαν
2811 3775 2902 3828 ὅτι
2950 3776 3135 3843 ὄνομὰ
3183 3789 3284 3827 σοι
3314 3775 3528 3843 Κύριος
3583 3773 3789 3840 Ἰησοῦς

2231 3870 2508 3936 Χριστὸς,
2536 3871 2623 3934 είς
2654 3867 2844 3933 δόξαν
2879 3866 3028 3921 Θεοῦ
3063 3869 3314 3935 Πατρός.

2302 4049 2397 4117 Εἷς
2430 4055 2488 4107 δέ
2526 4071 2611 4117 τις
2641 4053 2752 4107 τῶν
2781 4053 3058 4124 πολεμίων
3098 4052 3427 4122 ’Ᾱγαρηνὸς,
3464 4049 3786 4120 βλασφήμοις

2235 4151 2444 4220 ῥήμασι
2475 4149 2905 4202 Κωνσταντίιιν
2932 4147 3111 4200 καλῶν
3133 4146 3230 4217 τὴν
3253 4147 3428 4210 πόλιν,
3462 4148 3555 4199 καὶ
3577 4145 3784 4216 τὴνἘκ·

2229 4243 2459 4311 κλησίαν
2505 4241 2646 4311 ψιλῷ
2698 4241 2921 4310 ὀνόματι
2964 4243 3192 4308 Σοφίαν
3252 4239 3696 4311 προσαγορεύων,
3724 4236 3783 4297 εἷς

2233 4352 2286 4387 τι
2347 4335 2620 4406 βάραθρον
2641 4334 2738 4388 σῦν
2798 4335 2876 4404 τῷ
2916 4334 3067 4404 ἵππῳ
3123 4333 3288 4386 αὐτοῦ
3336 4329 3686 4391 καταπεσὼν,
3722 4329 3783 4378 δι·

2229 4429 2464 4498 εφθάρη.
2505 4428 2666 4480 Ἀλλὰ
2702 4429 2797 4480 καὶ
2839 4430 2867 4480 ό
2909 4427 3085 4498 κῆρυξ
3133 4426 3332 4491 αὐτῶν,
3360 4425 3417 4476 ὲν
3450 4423 3639 4495 ὑψηλῷ
3665 4422 3786 4489 ξύλον

2235 4517 2500 4580 ἀνελθὼν,
2537 4518 2672 4590 πρὸς
2706 4517 2768 4571 τὸ
2789 4517 3022 4589 κηρύξαι
3046 4522 3144 4586 τὴν
3179 4517 3380 4586 μιαρὰν
3415 4516 3597 4568 αὐτῶν
3641 4527 3779 4584 προσ-

534 4599 608 4652 cis
638 4599 912 4667 praeconio
935 4601 1288 4670 eﬂ‘erendam,
1325 4607 1488 4662 simili
1541 4621 1595 4664 et
1646 4613 1762 4681 ipse
1785 4616 1998 4670 ratione
2028 4634 2119 4671 ca-

2227 4615 2414 4684 ευχὴν,
2467 4613 2560 4666 καὶ
2611 4613 2776 4675 αὐτὸς
2831 4612 3032 4681 ὁμοίως
3068 4610 3430 4680 κατενεχθεὶς,
3468 4609 3658 4680 βιαίως
3704 4608 3785 4675 τὴν

533 4692 688 4752 deus,
720 4693 956 4746 violenta
980 4705 1156 4748 morte
1181 4698 1400 4765 impiam
1431 4703 1669 4756 animam
1705 4705 2118 4774 abrupitJ‘ost-

532 4778 755 4832 modum
804 4796 937 4834 vero
993 4799 1116 4836 cum
1173 4788 1341 4839 creati
1396 4790 1505 4842 duo
1541 4795 1817 4848 exercitus
1849 4797 2015 4851 duces
2064 4799 2117 4852 in

533 4872 795 4942 Bulgaros
822 4888 1040 4929 morere
1066 4877 1460 4946 decrevissent,
1481 4883 1616 4936 alter
1645 4887 1865 4954 quidem
1899 4891 2120 4945 relictus

532 4973 632 5031 est,
691 4966 784 5034 qui
841 4981 1181 5038 expugnaret
1233 4973 1456 5040 urbem;
1516 4977 1656 5032 alter
1714 4982 2114 5048 expeditionem

529 5064 718 5108 contra
760 5055 1025 5126 Bulgaros
1057 5064 1342 5130 suscepit:
1394 5080 1518 5118 cum
1566 5067 1765 5134 quibus
1817 5071 2115 5139 congressi.

532 5147 851 5211 vincuntur,
888 5165 952 5204 ac
980 5167 1143 5222 supra
1187 5154 1297 5210 duo
1329 5157 1498 5211 millia
1532 5161 1754 5216 cadunt.
1795 5162 1896 5228 Qui
1936 5174 2117 5219 autem

529 5250 823 5294 evaserunt
877 5259 1088 5311 necem,
1121 5247 1296 5301 multo
1350 5251 1556 5316 pudere
1587 5252 1766 5308 aﬂ'ecti
1809 5256 1875 5308 ad
1927 5273 2058 5321 eos,
2092 5273 2119 5310 a

530 5331 729 5398 quibus
781 5333 1172 5402 discesserant,
1233 5351 1603 5399 revertuntur.
1636 5345 1771 5401 Cum
1806 5359 1986 5405 autem
2037 5369 2122 5407 rc-

531 5426 670 5479 rersi
724 5441 1056 5483 conarentur
1097 5432 1359 5489 immissis
1417 5439 1646 5509 navigiis
1688 5443 1739 5494 in
1789 5441 2124 5498 Blacberna-

529 5530 648 5569 rum
683 5529 892 5588 partem
942 5522 1283 5594 irrumpere,
1323 5539 1551 5585 extensa
1575 5543 1766 5587 catena
1796 5551 1823 5587 a
1859 5536 2121 5604 trajectus

570 5741 577 5758 3
595 5669 928 5758 l8)!Maz‘Urpoti
939 5694 1060 5758 σιοι,
1083 5679 1244 5758 inqn_i_
1243 5693 1258 5733 ι
1280 5679 1540 5758 Ortelins,
1555 5691 1795 5758 quantum
1815 5705 1935 5758 gens
1955 5688 2108 5743 Phae-

533 5747 646 5828 at‘ea
672 5747 734 5828 lin
757 5747 970 5828 Afri-ea,
1007 5747 1178 5828 cium
1202 5750 1459 5819 Tripolim
1504 5747 1789 5828 e't'Syrtim
1815 5747 2105 5828 vMagnam,

539 5812 615 5896 [tui
667 5812 820 5863 hodie
872 5813 1060 5896 Parati
1121 5812 1395 5896 dicunt-ur,
1449 5837 1554 5896 etc.
1621 5812 1838 5882 Habent
1879 5812 2104 5896 lenae;

531 5877 828 5946 ()eurcnns,
857 5894 906 5936 et
939 5889 1025 5941 alii
1063 5889 1254 5945 eadem
1292 5877 1403 5948 fere
1437 5877 1472 5947 τί
1497 5877 2109 5954 Ξέιτᾱέιέᾶιίἐειίιῖέεέῖ

2230 4707 2392 4760 ἄθεον
2422 4707 2600 4774 ψυχὴν
2641 4703 2974 4774 ἀπέρρηξεν.
3003 4699 3134 4756 Εἶτα
3168 4703 3311 4757 κατὰ
3341 4702 3666 4772 Βουλγάρων
3709 4701 3778 4751 ἐκ.

2233 4795 2552 4865 στρατεύειν
2582 4795 2914 4862 διαγνόντες,
2958 4795 3050 4847 δύο
3091 4795 3387 4864 στρατηγοὶ
3441 4792 3778 4861 γεγονότες,ί

2215 4889 2335 4957 μὲν
2390 4888 2704 4958 πολιορκεῖν
2743 4887 3075 4956 κατελείφθη
3124 4889 3221 4958 τὴν
3255 4889 3408 4940 πόλιν
3443 4907 3457 4920 ·
3491 4891 3519 4940 ό
3561 4889 3637 4948 δὲ.
3667 4886 3775 4956 πρὸς

2232 4983 2358 5043 τοῦς
2393 4981 2736 5050 Βουλγάρους
2781 4980 3108 5050 πολεμήσων
3153 4981 3316 5050 ἀπῄει
3342 4998 3355 5011 ο
3386 4976 3467 5043 οἷς
3530 4983 3624 5034 xui.
3657 4997 3773 5048 συμ-

2224 5073 2504 5135 6αλόντες,
2537 5073 2824 5138 ἡττῶνται,
2848 5071 2944 5124 καὶ
2971 5074 3259 5125 πίπτουσιν
3283 5072 3424 5142 ὑπὲρ
3463 5073 3774 5143 δισμυρίους.

2223 5168 2286 5218 Οἱ
2321 5166 2378 5218 δὲ
2426 5164 2866 5235 περιλειφθέντες
2909 5166 3002 5218 τοῦ
3038 5167 3260 5236 ὀλέθρου
3299 5165 3671 5229 διασωθέντες,
3700 5163 3778 5216 ait

2227 5258 2460 5329 αἰσχύνη
2524 5259 2716 5328 πολλῇ,
2773 5257 2912 5328 πρὸς
2971 5261 3119 5323 τοὺς,
3183 5259 3276 5326 ἀφ’
3327 5253 3402 5310 ἄν
3450 5257 3771 5329 διῃρέθησαν.

2227 5352 2654 5422 ἐπανέστρεφον.
2687 5352 3026 5422 Πειρὼμενοι
3057 5351 3111 5403 δὲ
3156 5353 3295 5419 μετὰ
3322 5354 3420 5422 τὴν
3450 5352 3774 5420 ὑποστροφὴν

2224 5445 2310 5498 διὰ
2338 5445 2447 5496 τῶν
2495 5445 2852 5515 ἐπαγομένων
2897 5445 3098 5497 πλοίων
3141 5446 3233 5496 ἐπὶ
3269 5446 3328 5497 τὸ
3361 5449 3418 5498 ὲν
3467 5445 3769 5514 Βλαχέρναις

2234 5540 2398 5607 μέρος
2433 5535 2628 5602 ἐλθεῖν,
2661 5540 2725 5607 τῇ
2757 5537 3051 5608 ὲκταθείσῃ
3081 5537 3186 5590 ἀπὸ
3221 5535 3315 5588 τοῦ
3352 5537 3662 5607 περάματος
3691 5535 3765 5604 μέ-

2219 5706 2452 5745 raccnos
2479 5701 2628 5762 gesta
2667 5693 2769 5746 sub
2800 5693 2982 5747 Leone
3009 5695 3220 5756 lsauro,
3258 5695 3418 5764 cujus
3444 5695 3658 5749 luerunt
3685 5695 3764 5747 ini-

2221 5766 2290 5815 lia
2325 5766 3051 5836 qttam‘linisganspicatima.
3081 5765 3200 5818 Fuit
3226 5764 3476 5832 Uinnrns,
3500 5767 3590 5836 qui
3619 5767 3762 5821 sterili

2219 5840 2408 5888 contra
2445 5833 2604 5888 iidem
2635 5834 2815 5888 datam
2852 5837 2904 5889 in
2939 5836 3302 5890 Christianos.
