4032 6404
506 410 640 477 1351

1325 397 1721 462 OPUSCULA
1763 394 2118 456 MORALIA
2158 389 2515 453 INGERT/E
2548 385 2862 448 lETATIS.

3630 375 3754 440 i352

507 538 801 586 draconum
833 530 884 582 in
914 525 1090 597 aqua”
1151 521 1231 577 Ad
1291 521 1406 576 hate
1461 519 1684 574 accedat
1719 525 1774 572 et
1821 509 2098 570 cantiCttm

2216 511 2324 577 hic
2354 509 2476 564 τῶν
2497 509 2845 577 δρακόντων
2867 504 2965 557 ἐπὶ
3001 501 3108 556 τοῦ
3139 501 3358 567 ὕδατος
3388 515 3401 530 ·
3439 503 3756 571 προστιθέτω

511 637 610 690 pro
643 619 790 674 exitu
842 615 1058 670 lsraelis
1105 609 1392 678 magniﬁca
1441 623 1572 662 voce
1607 623 1621 658 :
1665 604 1952 659 Cantemus
1985 602 2094 656 Do.

513 709 942 779 mino;gloriose
993 705 1132 759 enim
1173 699 1547 771 magniﬁcatus
1570 707 1648 752 est
1673 698 1738 750 ιθ.

585 800 703 854 Huc
754 797 857 852 loci
880 795 1112 850 deducto
1156 805 1432 854 sermone,
1499 788 1793 857 animoque
1822 786 1875 839 in
1916 784 2005 838 Dei
2033 799 2099 838 ac

518 891 756 954 Domini,
799 894 1227 959 praesanctzeque
1269 897 1334 936 ac
1383 881 1558 936 solius
1599 879 1864 945 Deiparae,
1919 875 2095 930 maxi-

519 999 732 1040 morum
764 980 1097 1036 mirabilium
1173 975 1566 1032 sublimitatem
1622 969 1933 1034 intendens,
1987 982 2100 1038 pra:

516 1088 742 1147 stupore
770 1074 1004 1144 elinguis
1071 1073 1160 1136 fio,
1211 1066 1602 1123 deﬁcientibus
1668 1062 1847 1116 verbis
1883 1071 1943 1113 ut
1982 1073 2098 1112 rem

517 1171 721 1238 possim
753 1182 992 1235 aequare.
1023 1163 1155 1229 Quae
1179 1160 1324 1214 enim
1369 1159 1551 1228 lingua
1590 1155 1935 1224 magnisoua,
1975 1149 2099 1204 Vir-

518 1261 696 1329 ginem
726 1273 790 1311 ac
812 1257 1119 1325 Deiparam,
1175 1251 1354 1320 dignis
1401 1247 1688 1318 praeconiis
1745 1244 1921 1314 possit
1956 1243 2102 1297 cele-

517 1353 680 1406 brare
705 1350 728 1402 ἲ
763 1347 1051 1414 Quomodo
1069 1355 1249 1399 autem
1279 1342 1604 1397 mirabiliter
1635 1337 1939 1391 mirabilem
1984 1335 2104 1403 ejus

517 1442 765 1497 laudabit
793 1439 1024 1510 gratiam
1071 1436 1387 1503 fontemque
1435 1429 1738 1488 clementiae
1787 1427 2103 1496 magnifica-

519 1534 619 1598 bit,
647 1547 710 1586 ac
737 1532 940 1602 gratias
976 1527 1205 1583 referet?
1258 1524 1525 1595 Equidem
1561 1537 1660 1592 par
1716 1531 1855 1584 erat,
1902 1525 1962 1572 ut
2013 1531 2105 1570 eas

522 1626 618 1680 Dei
662 1624 924 1679 Genitrici
976 1621 1178 1692 gratias
1215 1615 1571 1678 referremus,
1630 1628 1752 1683 qu'e
1808 1609 1941 1680 ipsis
1970 1623 2104 1662 con-

522 1725 674 1770 stant
701 1714 982 1783 operibus.
1021 1711 1232 1780 Quippe
1253 1724 1339 1774 ea,
1368 1707 1596 1776 ejusque
1615 1703 1784 1758 Natus
1810 1717 1921 1772 pra:
1944 1699 2106 1754 tibia-

523 1823 644 1861 rum
707 1820 773 1859 ac
825 1817 1155 1871 organormn
1216 1795 1670 1853 modulatissimis
1726 1792 1976 1856 canticis,
2033 1791 2102 1844 iis

524 1901 843 1955 delectatur.
871 1895 1012 1950 Sunt
1063 1908 1212 1958 vero,
1265 1900 1326 1945 ut
1357 1903 1458 1959 ego
1505 1885 1823 1958 pronuntio.
1861 1883 2102 1937 charitas

524 2007 634 2046 non
667 1991 812 2053 ﬁcta,
853 2003 977 2059 quae
1019 1999 1234 2040 summa
1282 1991 1368 2038 est
1399 1981 1535 2051 legis
1581 1989 1638 2034 et
1695 1976 2103 2047 prophetarum;

523 2084 738 2139 sincera
771 2080 1012 2134 fraterna
1069 2075 1314 2139 dilectio;
1356 2071 1664 2141 compassio
1701 2083 1806 2122 non
1856 2064 2104 2119 affectata

523 2190 588 2229 ac
615 2191 680 2228 ex
724 2171 941 2236 animo;
983 2168 1167 2223 divina
1227 2164 1533 2234 virginitas;
1586 2160 1836 2230 legitimae
1883 2156 2104 2227 neptim;

526 2261 1024 2332 irreprehensibilis
1064 2259 1334 2314 castitas:
1362 2255 1593 2326 justitiat
1644 2254 1820 2322 vigor;
1845 2258 2108 2305 constans

525 2354 791 2410 fortitudo
819 2353 1086 2406 adversus
1125 2351 1277 2415 vitia;
1307 2346 1603 2417 composita
1657 2344 1967 2415 prudentia;
1997 2341 2106 2394 lar-

527 2463 606 2514 gae
630 2446 1011 2513 cleemosynat;
1043 2440 1381 2495 continentia
1407 2455 1515 2492 non
1545 2448 1780 2501 tumens;
1823 2433 2105 2488 humilitas

528 2535 594 2586 ad
621 2533 1100 2603 compunctionem
1125 2529 1336 2584 facilis:
1370 2529 1436 2583 ad
1471 2528 1584 2580 haec
1608 2536 1815 2586 autem,
1846 2524 1955 2577 vita
1987 2524 2106 2577 sine

528 2625 777 2686 crimine;
814 2624 939 2676 boni
974 2637 1153 2676 mores
1193 2636 1256 2675 ac
1281 2619 1536 2681 modesti;
1587 2617 1804 2671 animus
1835 2615 2106 2684 prudens;

527 2734 590 2771 os
611 2717 749 2770 bene
781 2717 1033 2785 loquens;
1058 2715 1243 2782 lingua
1275 2713 1484 2777 favens;
1521 2724 1704 2765 sermo
1739 2706 2109 2770 rationabilis;

529 2809 723 2864 oculus
754 2823 860 2860 non
904 2807 1232 2876 impudicus;
1263 2819 1457 2858 manus
1481 2802 1618 2855 nihil
1676 2799 2108 2863 incontinentes;

533 2899 612 2953 ira
637 2915 742 2952 non
776 2897 1143 2966 siuejudicio,
1170 2895 1252 2949 vel
1281 2894 1486 2948 furoris
1511 2894 1712 2961 impetu
1751 2903 1911 2944 secus
1943 2888 2114 2942 ratio-

533 3006 656 3043 nem
687 2989 931 3055 trahens;
966 2989 1204 3057 aliaque,
1263 2987 1463 3057 quibus
1493 2987 1655 3038 homo
1689 2983 1755 3037 ad
1793 2982 1886 3036 Dei
1933 2981 2114 3037 factus

535 3083 848 3150 imaginem,
879 3095 943 3134 ac
987 3079 1274 3134 ordinatus
1315 3092 1439 3132 cum
1469 3076 1579 3130 Deo
1626 3090 1726 3130 ceu
1780 3075 2021 3145 pretioso
2052 3089 2117 3129 ac

533 3171 921 3228 venustissime
941 3171 1146 3224 mundo
1167 3168 1458 3224 ambitiose
1496 3176 1742 3244 ornetur.

603 3357 677 3413 lis
727 3356 1013 3429 oportebat
1049 3355 1292 3426 Deipara:
1363 3352 1570 3424 Virgini
1614 3351 1820 3423 gratias
1887 3349 2112 3418 referre;

533 3451 757 3522 quando
808 3459 863 3505 et
912 3449 1150 3504 morales
1200 3446 1545 3518 philosophi,
1595 3445 1857 3516 Operibus
1904 3444 2114 3507 dicunt,

535 3560 643 3596 non
677 3541 879 3607 verbis,
912 3541 1210 3610 gratiarum
1248 3538 1519 3592 actionem
1551 3534 1786 3590 deliniri.
1849 3533 1989 3600 Quia
2023 3534 2112 3588 ni-

538 3635 834 3689 hilominus
877 3631 1133 3687 imbecilli
1184 3639 1400 3694 natura,
1441 3645 1507 3683 ac
1561 3628 1745 3682 animo
1775 3641 1991 3696 segnes.
2048 3625 2115 3680 ad

535 3727 754 3781 virtutis
787 3726 1006 3781 labores
1047 3725 1312 3795 pigriores
1337 3721 1625 3784 efﬁcimur,
1659 3721 1938 3790 leviusque
1995 3735 2116 3774 eam

538 3818 882 3886 attingimus,
906 3825 1096 3884 atque,
1134 3826 1193 3868 ut
1223 3815 1434 3880 dicunt,
1457 3823 1704 3869 extremo
1725 3815 1916 3882 digito,
1944 3829 2119 3883 eoque

538 3907 839 3961 referendis
907 3906 1094 3976 gratiis
1147 3920 1448 3974 earumque
1529 3905 1861 3958 exsolvendo
1938 3905 2120 3958 debito

539 3987 776 4068 impares
808 4014 1019 4064 sumus;
1048 3999 1130 4053 vel
1155 3999 1316 4053 nudis
1356 3998 1546 4053 saltem
1585 3998 1769 4052 verbis
1802 4005 2118 4052 constantes

536 4092 744 4159 gratias
772 4090 1101 4145 inferamus.
1139 4091 1407 4144 Lex-antes
1443 4104 1574 4157 ergo
1615 4105 1799 4144 vocem
1848 4099 2118 4152 nostram,

537 4197 603 4238 ac
638 4195 843 4237 mentes
868 4183 1102 4237 sublime
1131 4184 1424 4253 erigentes,
1450 4183 1504 4236 in
1536 4185 1680 4237 hunc
1708 4181 1928 4236 modum
1947 4181 2122 4251 jubilo

535 4275 818 4330 dicamus:
855 4273 1118 4344 Equidem
1149 4275 1376 4345 Deipara
1419 4273 1672 4338 Domina,
1718 4275 1937 4328 insitam
1964 4289 1994 4327 a
2025 4290 2122 4328 na-

539 4374 658 4419 tma
682 4367 1024 4420 clementiam
1056 4366 1726 4436 habens,,haudquaquam
1755 4366 1898 4435 genti
1922 4376 2125 4420 nostra!

539 4453 878 4522 providentia
921 4451 1144 4507 defuisti
1179 4475 1192 4508 ;
1224 4454 1316 4508 sed
1343 4455 1489 4507 velut
1513 4455 1823 4508 communis
1855 4453 2122 4508 Christia-

2196 605 2252 656 δὲ
2277 605 2368 657 καί
2388 601 2449 655 τὸ
2475 602 2568 653 ὲπ¹ι
2590 602 2687 670 τῆς
2709 597 2890 662 ἐξόδου
2929 595 3143 665 Ἰσραὴλ
3165 589 3318 664 ᾆσμα
3338 593 3756 663 μεγαλοφώνως·

2203 697 2480 766 Ι’ᾼονωμεν-
2502 690 2584 757 τῷ
2612 690 2810 758 Κυρίῳ
2836 705 2850 718 ·
2887 686 3150 752 ἐνδόξως
3179 687 3288 755 γὰρ
3319 685 3694 750 δεδόξασται.

2284 781 2554 836 Ἐνταῦθα
2578 778 2672 832 τοῦ
2707 777 2868 846 λόγου
2899 775 3216 845 γενόμενος,
3239 775 3331 828 καὶ
3369 775 3507 844 πρὸς
3547 776 3608 828 τὸ
3641 776 3761 844 bdo:

2200 876 2420 947 ἀφορῶν
2467 873 2575 928 τῶν
2637 871 2913 944 μεγίστων
2961 871 3283 940 Θαυμασίων
3348 868 3444 922 τοῦ
3493 867 3628 921 Θεοῦ
3680 872 3763 921 καὶ

2201 969 2496 1032 Δεσπύτου,
2521 965 2615 1018 καὶ
2660 964 2762 1033 τῆς
2802 963 3108 1034 ὐπεραγίας
3145 963 3241 1016 καὶ
3283 961 3452 1032 μόνης
3487 960 3763 1025 Θεοτόκου,

2201 1063 2418 1132 ἄφωνος
2474 1059 2566 1112 ὐπ’
2619 1057 2938 1127 ἐκπλήξεως
2986 1057 3229 1127 γίνομαι,
3255 1055 3353 1126 οὐχ
3387 1056 3656 1126 εὐρίσκων
3689 1056 3767 1107 λύ-

2201 1171 2331 1223 γους
2369 1151 2692 1223 ίσοῤῥόπους
2736 1152 2849 1213 τοῖς
2887 1152 3198 1220 πράγμασι.
3233 1148 3370 1203 Ποία
3401 1151 3510 1220 γὰρ
3547 1150 3768 1219 μεγαλό-

2203 1262 2378 1312 φωνος
2421 1241 2664 1312 γλῶσσα,
2697 1241 2794 1312 τὴν
2853 1241 3130 1312 Παρθένον
3178 1241 3273 1295 καὶ
3310 1241 3573 1294 θεοτόκον
3614 1241 3768 1304 ἀξίως

2203 1335 2551 1406 εὐφημήσει,
2577 1334 2696 1397 πῶς
2727 1332 3048 1404 παραδόξως
3082 1333 3318 1404 ὑμνήσει
3347 1333 3446 1403 τὴν
3481 1333 3770 1402 παράδοξον

2202 1429 2409 1498 ταύτης
2458 1429 2640 1498 χάριν,
2698 1427 2794 1478 καὶ
2844 1426 2945 1496 τὴν
2997 1426 3181 1495 πηγὴν
3223 1426 3322 1491 τῆς
3371 1424 3770 1494 φιλανθρωπίας

2203 1519 2439 1587 δοξάσει,
2457 1521 2550 1573 καὶ
2575 1519 2674 1589 τὴν
2697 1516 3047 1589 εὐχαριστίαν
3061 1517 3341 1587 προσοίσει
3365 1517 3540 1583 ςἜδει
3561 1518 3656 1586 μὲν
3673 1517 3773 1585 γὰρ

2204 1613 2374 1684 ἡμᾶς,
2405 1613 2504 1682 τὴν
2540 1611 2606 1665 δι’
2636 1611 2813 1680 ἔργων
2841 1609 3194 1680 εὐχαριστίαν
3230 1609 3528 1678 προσάγειν
3555 1611 3621 1678 τῇ
3652 1606 3774 1658 Θεο-

2209 1705 2431 1776 μήτορι.
2485 1703 2671 1774 Ταύτῃ
2725 1701 2837 1772 γὰρ
2882 1700 3070 1770 ἥδεται
3117 1698 3320 1769 μᾶλλον
3364 1699 3501 1769 αὐτή
3545 1717 3604 1750 τε
3639 1697 3778 1750 καὶὸ

2207 1796 2410 1868 ταύτης
2441 1795 2589 1860 Υἱὸς,
2619 1795 2766 1865 ἢπερ
2792 1792 2968 1846 αὐλῶν
3003 1791 3097 1844 καὶ
3144 1791 3393 1861 ὀργάνων
3447 1793 3779 1860 μουσικωτά-

2207 1904 2328 1951 ταις
2374 1886 2562 1956 ᾠδαῖς.
2596 1884 2746 1955 Αῦτη
2801 1883 2860 1937 δέ
2893 1887 3062 1948 ἐστιν,
3110 1883 3189 1946 ὼς
3242 1882 3352 1951 ἐγώ
3385 1900 3545 1952 φημι,
3598 1885 3778 1951 ἀγάπη

2209 1980 2593 2048 ἀνυπόκριτος,
2628 1976 2798 2044 νόμου
2833 1975 2926 2028 κα)⁵
2958 1975 3255 2044 προφητῶν
3284 1969 3420 2027 οὖσα
3473 1974 3780 2041 κεφάλαιον·

2209 2069 2534 2139 φιλαδελφία
2587 2069 2894 2133 ἀνόθευτος,
2952 2069 3272 2136 συμπάθεια
3338 2068 3769 2138 ἀνεπίστροφος,

2209 2163 2480 2235 παρθενία
2496 2163 2698 2224 ἔνθεος,
2736 2162 2911 2231 γάμος
2932 2160 3153 2231 ἔννομος
3176 2201 3193 2226 ,
3231 2161 3551 2231 σωφροσύνη
3578 2161 3780 2214 ἀκατὰ·

2208 2271 2450 2323 γνωστος
2476 2293 2491 2316 ,
2532 2252 2853 2322 δικαιοσύνη
2909 2254 3198 2319 σύντονος,
3239 2253 3462 2324 ἀνδρεία
3506 2255 3650 2306 κατὰ
3677 2253 3776 2304 τῶν

2211 2345 2399 2399 παθῶν
2442 2344 2717 2415 έμμονος,
2750 2346 3036 2415 ιφρόνησις
3094 2343 3387 2409 εὔτακτος,
3451 2344 3784 2414 ἐλεημοσύνη

2208 2436 2436 2507 δαψιλὴς
2460 2477 2476 2502 ,
2511 2435 2807 2507 ἐγκράτεια
2841 2435 3071 2507 ἄτυφος,
3114 2435 3440 2497 ταπείνωσις
3485 2435 3782 2488 εὐκατάνυ-

2211 2542 2380 2590 κτοςο
2435 2527 2528 2579 καὶ
2595 2525 2732 2596 πρὸς
2776 2523 3032 2589 τούτοις,
3085 2522 3197 2594 βίος
3255 2523 3491 2592 ἄληπτος
3519 2563 3534 2587 ,
3585 2525 3778 2593 τρόπος

2211 2617 2536 2689 εὔχρηστος,
2595 2611 2724 2686 ἦθος
2775 2616 3025 2685 μέτριον,
3081 2613 3204 2678 νοῦς
3259 2614 3579 2677 εὐσύνετος,
3613 2613 3778 2682 στόμα

2212 2709 2435 2763 εὔλαλον
2458 2747 2472 2770 ,
2520 2706 2743 2775 γλῶσσα
2795 2703 3042 2776 εὔφημος
3065 2744 3080 2770 ,
3115 2704 3272 2772 λόγος
3297 2703 3518 2772 εὔλογος
3538 2743 3552 2767 ,
3591 2702 3784 2770 ὀφθαλ·

2216 2801 2314 2869 μδς
2361 2801 2462 2850 οὐκ
2510 2796 2809 2859 ἀκόλαστος
2841 2837 2857 2860 ,
2912 2796 3089 2865 χεῖρες
3133 2794 3235 2847 οὐκ
3285 2793 3576 2864 ἀκρατεῖς,
3629 2793 3780 2853 πόδες

2212 2893 2314 2946 οὐκ
2349 2889 2491 2956 ὀξεῖς
2537 2890 2673 2960 πρὸς
2701 2888 2926 2952 κακίαν,
3007 2887 3176 2957 θυμὸς
3217 2887 3317 2940 οὐκ
3365 2885 3653 2955 ἀλόγιστος
3701 2886 3786 2939 καὶ

2217 2983 2552 3056 παρασύρων
2597 2982 2688 3034 τὸν
2715 2980 2978 3050 λογισμὸν
3012 2980 3091 3051 τῷ
3120 2980 3221 3050 τῆς
3267 2979 3463 3050 μανίας
3497 2980 3730 3051 ῥεύματι
3763 2995 3775 3008 ⁸

2217 3077 2411 3140 κᾶλλα,
2438 3069 2519 3138 οἷς
2543 3075 2608 3128 ἂν
2640 3075 2669 3126 ὁ
2699 3075 2820 3127 κατ’
2843 3073 3029 3126 εἰκόνα
3080 3072 3450 3142 πεποιημένος
3485 3072 3583 3127 ἄνθ
3595 3089 3785 3144 ρωπος,

2144 3193 2186 3250 C
2220 3169 2314 3224 καὶ
2355 3167 2494 3238 μετὰ
2523 3167 2661 3221 Θεοῦ
2690 3166 3050 3237 τεταγμένος,
3083 3165 3158 3230 ὡς
3189 3167 3379 3238 κόσμῳ
3403 3165 3689 3220 πολυτελεί
3706 3167 3788 3220 καὶ

2222 3261 2411 3332 ὡραίῳ
2435 3259 2931 3329 ὲγκαλλωπίσαιτο.

2294 3353 2392 3407 Διὰ
2432 3352 2640 3406 τούτων
2683 3352 2790 3405 ἔδει
2831 3355 2899 3423 τῇ
2957 3351 3205 3423 Θεοτόκῳ
3257 3351 3628 3424 εὐχαριστεῖν,
3679 3351 3789 3404 ἐπεὶ

2225 3445 2317 3497 καὶ
2339 3443 2438 3515 τὴν
2467 3444 2819 3515 εὐχαριστίαν
2850 3444 3056 3516 ἔργοις,
3092 3444 3206 3496 ἀλλ’
3231 3443 3292 3497 οὐ
3323 3443 3500 3513 λόγοις
3521 3442 3788 3514 όρίζεσθαί

2225 3552 2392 3604 φασιν
2425 3537 2474 3589 oi
2505 3537 2677 3588 ταῦτα
2701 3536 2875 3602 σοφοί.
2913 3535 3067 3588 Ἐπεὶ
3091 3534 3149 3588 δὲ
3175 3534 3238 3588 τὸ
3270 3535 3367 3606 τῆς
3401 3535 3621 3604 φύσεως
3647 3534 3789 3604 ἡμῶν

2225 3629 2471 3694 ἀσθενὲς,
2515 3628 2611 3682 καὶ
2637 3628 2698 3681 τὸ
2722 3629 2818 3699 τῆς
2845 3629 3081 3692 διανοίας
3111 3627 3318 3695 νωθρὸν
3342 3629 3603 3680 ἀποκνεῖν
3650 3629 3785 3698 ημᾶς

2226 3721 2363 3793 πρὸς
2385 3722 2445 3773 τὸ
2467 3722 2564 3792 τῆς
2589 3721 2792 3792 ἀρετῆς
2819 3720 3075 3774 ἐπίπονον
3112 3723 3278 3787 ποιεῖ,
3309 3720 3404 3775 καὶ
3433 3720 3646 3791 βραχέα
3670 3719 3788 3773 ταύο

2227 3829 2323 3883 της
2386 3811 2705 3882 ἁπτόμεθα,
2769 3813 2864 3865 καὶ
2919 3813 3029 3883 ὅσῳ
3072 3814 3244 3865 εἰπεῖν
3272 3853 3287 3876 ,
3331 3812 3486 3882 ἄκρῳ
3531 3811 3790 3880 δακτύλῳ,

2229 3907 2324 3960 καὶ
2371 3905 2462 3960 διὰ
2509 3905 2669 3959 τοῦτο
2714 3905 2851 3975 πρὸς
2905 3905 3004 3975 τὴν
3051 3905 3260 3958 ἔκτισιν
3302 3905 3399 3975 τῆς
3456 3905 3791 3977 εὐχαριστίας

2229 3999 2422 4063 ἐνδεῶς
2448 3999 2670 4069 ἔχομεν,
2697 3997 2800 4051 κᾶν
2822 3996 2920 4068 τὴν
2956 3997 3042 4051 διὰ
3076 3997 3338 4068 ῥημάτων
3365 3997 3536 4068 ψιλῶν
3569 3997 3792 4064 εἰσενέγ·

2229 4108 2438 4162 κωμεν.
2495 4091 2841 4158 Ὑψὼσαντες
2896 4088 2994 4160 τὴν
3042 4090 3226 4160 φωνὴν
3280 4090 3510 4155 ἑαυτῶν,
3552 4092 3653 4144 καὶ
3705 4090 3792 4150 τὰς

2230 4183 2432 4256 φρένας
2488 4182 2938 4254 μετεωρίσαντες,
2970 4179 3143 4244 οὕτως
3199 4182 3446 4252 εἴπωμεν
3495 4183 3553 4234 ὲν
3600 4181 3788 4236 ἀλαλα-

2228 4275 2356 4346 γμῷ
2384 4288 2396 4302 ·
2432 4274 2506 4327 Σύ
2541 4273 2662 4343 μὲν,
2690 4267 2736 4326 ὦ
2769 4273 3036 4326 Δέσποινα
3063 4272 3312 4335 Θεοτόκε,
3335 4273 3394 4326 τὸ
3423 4273 3789 4344 φιλάνθρωπον

2229 4369 2294 4420 ὲκ
2332 4367 2429 4435 τῆς
2485 4365 2701 4434 φύσεως
2748 4363 2970 4434 ἔχουσα,
3011 4365 3073 4417 οὐ
3125 4364 3371 4430 διέλιπες
3425 4365 3788 4436 προνοουμένη

2227 4460 2323 4512 τοῦ
2376 4459 2568 4526 γένους
2617 4459 2802 4528 ἡμῶν,
2871 4456 2986 4510 ἀλλ’
3038 4457 3225 4528 ὥσπερ
3280 4459 3461 4529 μήτηρ
3516 4459 3670 4528 κοινὴ
3707 4456 3789 4510 τοῦ

541 4559 624 4597 nae
657 4543 836 4612 gentis
899 4559 1120 4613 parens,
1161 4543 1396 4598 ﬁliorum
1440 4560 1651 4610 amans,
1711 4560 1776 4599 ac
1823 4545 2127 4599 visceribus

2233 4549 2343 4603 τῶν
2393 4550 2739 4620 Χριστιανῶν
2782 4551 2994 4618 γένους,
3036 4549 3292 4619 φιλόπαις
3323 4551 3456 4620 ὁμοῦ
3517 4551 3614 4603 καὶ
3665 4549 3792 4618 φιλό-

540 4635 790 4697 aﬁluens,
825 4636 905 4688 sic
927 4650 1142 4704 semper
1198 4644 1290 4688 tua
1326 4635 1484 4689 nobis
1543 4636 1803 4690 beneﬁcia
1857 4636 2127 4704 imper-tis;

543 4743 646 4781 nos
717 4727 938 4781 salvans
970 4742 986 4790 ;
1019 4734 1351 4794 protegens;
1399 4727 1747 4790 custodiens,
1795 4743 1823 4780 a
1870 4729 2128 4797 periculis

542 4819 826 4883 liberans;
875 4831 1127 4870 emensa
1191 4818 1604 4874 tentationibus.
1654 4817 1765 4874 Nos
1808 4830 1986 4873 autem
2030 4836 2128 4890 pro

539 4909 811 4978 ejusmoJi
833 4908 1038 4977 gratias
1063 4907 1298 4977 agimus;
1327 4909 1434 4985 alto
1464 4910 1612 4962 vocis
1643 4911 1913 4978 prmeonio
1959 4926 2128 4980 agno-

539 5000 750 5053 scimus
799 4999 960 5064 dona;
991 4998 1257 5053 beneﬁcia
1289 5016 1394 5054 non
1423 5003 1802 5066 occultanms;
1842 5003 2128 5072 magniﬁce

541 5090 797 5144 canimus
851 5098 944 5143 tua
987 5091 1283 5154 mirabilia,
1347 5102 1500 5145 tuum
1535 5094 1587 5145 in
1616 5108 1719 5146 nos
1771 5095 2008 5146 studium
2065 5109 2130 5148 ac

539 5186 727 5233 cut-ain
780 5181 1189 5250 glorificamus;
1228 5182 1647 5250 tnagniﬁcamus
1700 5183 2122 5250 pret-ﬁdentiam;

541 5276 936 5346 protectiouem
971 5276 1263 5330 laudamus
1284 5293 1300 5341 ;
1318 5277 1580 5330 auxilium
1612 5292 1710 5331 ceu
1735 5277 1860 5346 quid
1880 5274 2124 5331 divinum

541 5369 862 5436 i-ﬁerimus;
943 5371 1383 5425 misericordiam
1433 5387 1686 5425 sermone
1755 5371 2125 5426 celebramus.

542 5463 717 5530 Atque
752 5478 850 5532 pro
890 5464 959 5517 iis
1007 5465 1224 5534 quidem
1257 5478 1378 5534 qua:
1427 5473 1848 5534 praecesserunt,
1908 5472 2126 5516 tuorum

545 5567 818 5608 memores
856 5555 1151 5622 donorum,
1188 5573 1254 5611 ac
1288 5572 1352 5610 ex
1380 5571 1545 5625 quam
1577 5556 1769 5611 multis
1801 5567 1897 5610 tuo
1938 5555 2127 5610 favore

543 5647 680 5698 eruti
705 5647 879 5704 simus
909 5649 1193 5718 periculis,
1225 5650 1523 5718 gratiarum
1573 5651 1807 5705 actionis
1844 5652 2122 5705 canticum

615 5823 794 5877 ’l‘sal.
834 5843 1020 5890 Lxxm,
1053 5830 1135 5883 l5.
1217 5829 1258 5860 ¹⁰
1291 5827 1460 5880 Exod.
1487 5827 1622 5889 xv,‘

2235 4658 2486 4710 στιργος.
2523 4639 2698 4703 οὕτως
2727 4642 2815 4694 ἀεὶ
2841 4641 2940 4704 τὰς
2979 4640 3077 4704 σὰς
3107 4641 3428 4712 εὐεργεσίας
3456 4643 3792 4712 ὲπιχορηγεῖς

2232 4735 2366 4803 ἡμῖν
2391 4773 2404 4795 ,
2455 4731 2798 4795 διασώζουσα
2823 4771 2838 4797 ,
2903 4732 3314 4801 περισκέπουσα
3338 4773 3352 4794 ,
3411 4732 3748 4800 φυλάττουσα
3778 4769 3790 4789 ς

2232 4823 2497 4879 κινδύνων
2545 4823 2946 4896 ἐλευθεροῦσα,
2989 4824 3317 4895 πειρασμῶν
3359 4824 3787 4878 ἀπαλλάττουσα·

2231 4919 2392 4989 ἡμεῖς
2454 4917 2512 4970 δὲ
2569 4919 2690 4970 ἀντὶ
2726 4916 2954 4981 τούτων,
2988 4915 3453 4987 εὐχαριστοῦμεν,
3503 4918 3792 4987 ἀνακηρύτο

2229 5026 2395 5078 τομεν
2452 5008 2553 5072 τὰς
2627 5009 2881 5078 χάριτας,
2952 5009 3013 5060 οὐ
3060 5007 3378 5078 κρύπτομεν
3465 5008 3788 5078 εὐεργεσίας.

2233 5099 2468 5168 ’ᾼδομεν
2524 5098 2924 5169 μεγαλοφώνως
2983 5099 3052 5152 τὰ
3104 5099 3173 5150 σὰ
3225 5097 3535 5168 θαυμάσια,
3571 5099 3668 5169 τὴν
3703 5111 3788 5163 κη·

2229 5189 2483 5260 δεμονίαν
2572 5190 2902 5260 δοξάζομεν,
2978 5190 3076 5260 τὴν
3169 5190 3427 5260 πρόνοιαν
3513 5189 3790 5259 μεγαλύνο-

2235 5297 2369 5349 μεν,
2402 5280 2501 5350 τὴν
2555 5279 2893 5350 προστασίαν
2963 5278 3264 5348 ὐμνοῦμεν,
3296 5280 3396 5348 τὴν
3439 5278 3685 5348 βοήθειαν
3717 5277 3790 5328 ἐκ·

2232 5375 2558 5443 θειάζομεν,
2627 5373 2728 5443 τὴν
2783 5373 3190 5443 εὐσπλαγχνίαν
3231 5372 3638 5442 δοξολογοῦμεν.
3699 5367 3790 5420 Καὶ

2238 5467 2348 5538 μὴν
2375 5468 2486 5529 τοῖς
2519 5465 2852 5538 παρελθοῦσι
2879 5465 3221 5538 μεμνημένοι
3263 5467 3371 5518 τῶν
3418 5466 3525 5518 σῶν
3570 5461 3790 5533 δωρεῶν,

2234 5562 2328 5612 καὶ
2355 5557 2416 5623 ἐξ
2451 5559 2592 5612 ὅσων
2632 5559 2894 5613 κινδύνων
2948 5557 3300 5629 ὲρῤύσθημεν
3340 5557 3428 5611 διὰ
3468 5557 3584 5617 σοῦ,
3610 5553 3791 5616 ταύτην

2235 5668 2318 5706 σοι
2343 5651 2442 5722 τὴν
2470 5651 2892 5723 εὐχαριστήριον
2922 5650 3067 5720 ᾠδὴν
3097 5651 3171 5712 ὼς
3213 5650 3370 5720 χρέος
3421 5649 3751 5720 προσάγομεν
3775 5658 3790 5675 ο
