4032 6416
199 347 344 412 1353
1519 346 1738 409 MMBI
1778 349 2139 411 ASCETICI.
3321 343 3454 410 1354

197 459 298 509 οὐκ
352 453 606 520 ἀντάξιον
653 457 750 527 μὲν
784 457 950 512 οὖσαν
986 459 1106 521 ταῖς
1156 457 1276 523 σαῖς
1304 458 1684 532 εὐεργεσίαιςο
1721 463 1775 515 τί

1881 464 2006 528 hoc,
2049 478 2150 517 ceu
2171 461 2414 518 debitum
2482 461 2580 516 tibi
2639 459 2946 526 oﬁ'erimus;
2995 475 3109 515 non
3163 461 3312 516 velut
3351 465 3457 516 tuis

197 550 307 618 γὰρ
356 546 422 601 ἂν
468 549 562 600 καὶ
609 548 694 618 εἴη
750 550 958 603 τούτων
1009 550 1291 617 ἀντάξιονς
1333 551 1494 622 πλὴν,
1527 554 1656 622 φίλα
1686 571 1770 607 σοι

1881 569 2122 625 congrue
2151 553 2432 609 beneﬁciis
2458 553 2788 624 respondeat
2811 571 2826 608 :
2848 554 2978 624 quid
3007 553 3155 608 enim
3185 553 3348 610 etiam
3391 553 3459 608 iis

196 643 266 694 τὰ
291 639 398 693 τῶν
433 640 542 693 σῶν
565 641 768 695 παίδων
797 643 1141 713 ψελλίσματα
1159 658 1173 672 ·
1211 644 1306 695 ἐπὶ
1323 645 1380 696 δὲ
1403 648 1516 708 τοῖς
1541 647 1776 700 ἐνεστῶ-

1880 660 2185 714 congruum
2229 645 2415 700 haberi
2464 645 2676 716 possit?
2733 648 3018 702 enimvero
3049 645 3225 702 amica
3289 646 3459 700 habes

201 751 252 786 σι
310 735 402 786 καὶ
445 731 710 786 λυποῦσιν
777 735 960 804 ἡμᾶς,
1037 734 1472 806 παρακαλοῦμεν
1515 739 1616 809 τὴν
1675 739 1774 808 σὴν

1881 737 2120 792 ﬁliorum
2153 737 2546 794 balbutimenta
2583 756 2599 797 :
2646 737 2754 793 Pro
2801 739 2870 794 iis
2897 747 3080 794 autem
3131 739 3294 794 malis
3338 753 3463 808 quae

203 825 472 895 ὀξυτάτην
521 823 776 895 βοήθειαν
809 841 824 854 ·
863 825 1096 895 δεόμεθα
1135 826 1233 895 τῆς
1283 827 1380 898 σῆς
1437 827 1778 900 ἀντιλήψεως

1881 827 2166 896 ingruunt,
2195 841 2260 882 ac
2297 828 2460 884 nobis
2515 829 2744 884 molesta
2794 838 2948 895 sunt,
3009 830 3364 886 obsecramus
3401 839 3461 886 ut

197 918 358 971 λῦσαι
384 915 451 971 τὰ
471 919 528 972 ὲν
563 917 641 988 τῷ
672 918 822 988 μέσῳ
845 918 1272 989 προσκόμματα·
1301 919 1656 976 διασκεδάσαι
1676 921 1776 992 τὴν

1880 918 2081 974 festino
2105 919 2370 975 auxilium
2411 921 2714 990 impendas.
2771 921 3046 990 Rogamus
3079 937 3180 991 pro
3234 933 3328 978 tuo
3361 939 3461 994 ρει-

197 1007 501 1078 ὲπέχουσαν
518 1008 664 1078 ἡμᾶς
694 1007 926 1077 νεφέλην
945 1025 1005 1060 τε
1037 1008 1135 1062 καὶ
1159 1009 1545 1078 σκοτόμαιναν,
1591 1011 1684 1079 ὑφ’
1707 1005 1778 1080 ἧς

1880 1009 2114 1064 troeinio
2155 1025 2220 1065 ac
2253 1011 2441 1074 tutela,
2483 1017 2544 1065 ut
2601 1011 2764 1066 tollas
2815 1011 3141 1068 oﬁeodicula
3169 1013 3226 1068 in
3277 1016 3459 1070 medio

195 1099 386 1171 ὥσπερ
399 1099 456 1152 ἐν
481 1099 826 1170 νυκτομαχίᾳ
853 1099 1125 1170 βάλλομέν
1142 1117 1202 1153 τε
1237 1101 1330 1155 καὶ
1364 1100 1676 1171 βαλλόμεθα
1695 1117 1708 1131 ’
1742 1101 1774 1170 ἢ

1880 1099 2237 1168 etsistentia;
2287 1102 2547 1172 dispellas
2605 1119 2736 1158 vero
2783 1117 3142 1173 occupantem
3200 1106 3453 1160 nebulam

202 1191 401 1262 μᾶλλον
422 1192 618 1254 εἰπεῖν,
634 1190 822 1261 ὥσπερ
839 1192 888 1244 oi
911 1193 1244 1263 μαινόμενοι,
1267 1193 1376 1246 τῶν
1395 1193 1539 1246 ίδίων
1555 1193 1778 1262 σαρκῶν

1882 1205 1950 1242 ac
1982 1199 2160 1243 atram
2223 1192 2536 1262 caliginem,
2594 1207 2702 1260 qua
2767 1194 2979 1258 ets-cati,
3034 1209 3132 1250 ceu
3194 1206 3459 1251 nocturna

197 1281 506 1352 ἁπτόμεθα,
533 1282 628 1334 καὶ
651 1281 954 1353 ἀγνοοῦμεν
983 1284 1112 1347 τοὺς
1131 1285 1438 1352 συγγενεῖς,
1463 1283 1631 1335 καὶτὸ
1651 1283 1778 1352 ὁμό-

1881 1295 2082 1348 pugna,
2115 1279 2374 1334 caedimus
2405 1283 2629 1350 pariter,
2647 1282 3040 1352 eatdimurquc;
3073 1285 3152 1340 vel
3181 1293 3240 1338 ut
3265 1286 3462 1342 melius

197 1374 362 1442 φυλον
383 1373 484 1426 οὐκ
507 1371 966 1442 ὲπιγινώσκομεν.
996 1376 1106 1427 Καὶ
1141 1375 1314 1428 ταῦτα
1347 1375 1667 1444 τολμῶμεν·
1699 1373 1778 1425 τί-

1882 1371 2085 1432 dicam,
2124 1371 2202 1424 uti
2231 1370 2443 1436 furiosi,
2483 1383 2702 1428 nostras
2725 1375 2983 1444 ipsorum.
3011 1391 3206 1431 carnes
3251 1377 3460 1432 discer-

197 1485 316 1534 νες;
349 1467 400 1520 οἱ
433 1465 526 1519 τοῦ
555 1465 720 1520 αὐτοῦ
767 1467 984 1538 lla-rgo;
1005 1509 1018 1532 ,
1055 1467 1149 1520 τοῦ
1199 1469 1316 1530 ἑνὸς
1363 1467 1604 1537 Χριστοῦ
1625 1509 1640 1532 ,
1670 1466 1774 1534 τῆς

1881 1465 2099 1532 pimus;
2139 1479 2244 1517 non
2305 1465 2654 1534 agnoscimus
2705 1476 2990 1534 cognatos,
3045 1483 3111 1522 ac
3169 1470 3459 1525 contribu-

197 1561 365 1630 αὐτῆς
419 1559 689 1625 πίστεως,
721 1559 816 1612 τοῦ
863 1561 1028 1612 αὑτοῦ
1063 1559 1465 1630 βαπτίσματος,
1509 1559 1608 1631 τῆς
1650 1561 1780 1629 μιᾶς

1881 1559 1961 1612 les
1997 1558 2294 1614 nescimus.
2328 1559 2504 1628 Atque
2527 1559 2642 1614 haec
2675 1561 2944 1616 audemus
2977 1579 2990 1614 :
3026 1561 3259 1627 Quinam
3292 1565 3459 1619 vero?

207 1653 570 1723 Ἐκκλησίας,
603 1653 708 1706 τῶν
749 1653 930 1707 αὐτῶν
971 1653 1294 1722 μυστηρίων
1338 1652 1659 1722 ἠξιωμένοι,
1693 1651 1780 1704 ἵνα

1882 1648 1986 1714 Qui
2019 1649 2282 1704 nimirum
2321 1649 2643 1720 dignatione
2675 1649 2882 1716 divina,
2923 1653 3172 1706 eumdem
3219 1653 3461 1716 Patrem;

197 1747 272 1817 μὴ
311 1745 469 1815 λόγον
521 1745 900 1816 ἁποτείνωμεν
952 1745 1184 1816 μακρόν.
1220 1744 1321 1798 Διὰ
1363 1744 1523 1798 τοῦτο
1547 1743 1780 1798 ἱκετεύο-

1882 1741 2164 1796 Christum
2197 1757 2392 1804 unum,
2443 1744 2690 1796 eatndem
2731 1741 2920 1808 ﬁdem,
2991 1745 3132 1799 idem
3171 1745 3463 1815 baptisma,

198 1854 300 1907 μεν
342 1837 440 1908 τήν
472 1836 571 1908 σήν
613 1838 1041 1907 εὐσπλαγχνίαν,
1103 1833 1284 1890 οἶκτον
1317 1835 1506 1889 λαϐεῖν
1547 1835 1640 1888 τοῦ
1684 1835 1777 1888 σοῦ

1889 1845 2054 1885 unam
2088 1832 2414 1898 Ecelesiam,
2449 1843 2794 1888 sacramenta
2832 1837 3149 1890 communia
3187 1837 3266 1907 (ut
3310 1853 3377 1893 ne
3408 1841 3464 1892 in

196 1927 333 1983 λαοῦ
371 1931 466 1983 καὶ
497 1931 598 1999 τῆς
627 1929 995 2000 κληρονομίας
1039 1945 1156 1996 σου,
1192 1930 1285 1982 καὶ
1309 1927 1506 1996 στῆναι
1545 1926 1780 1996 πρέσϐιν

1884 1923 2108 1993 longum
2149 1939 2335 1980 sermo
2364 1925 2544 1995 abeat)
2575 1926 2864 1982 habemus.
2909 1925 3276 1994 Quamobrem
3333 1945 3465 1999 sup-

195 2023 336 2094 πρδς
368 2021 460 2076 τὸν
488 2023 552 2076 ὲκ
591 2021 686 2075 σοῦ
719 2021 980 2092 τεχθέντα
1005 2021 1136 2074 Θεὸν
1173 2021 1354 2092 ἡμῶν,
1387 2021 1482 2073 καὶ
1513 2019 1782 2090 βοηθῆσαι

1883 2015 2050 2084 plices
2081 2017 2439 2070 obsecramus
2471 2025 2624 2072 tuam
2657 2017 3025 2080 clementiam.
3067 2031 3126 2073 ut
3159 2021 3234 2074 tui
3258 2023 3464 2091 populi,

205 2117 308 2187 μὲν
363 2117 494 2186 ἡμῖν
545 2115 614 2169 τὰ
666 2115 869 2185 ἔσχατα
925 2114 1354 2179 κινδυνεύουσιν,
1387 2112 1666 2176 ἐξελέσθαι
1723 2111 1782 2163 δὲ

1884 2125 1944 2160 ac
1984 2119 2090 2163 tua:
2141 2109 2475 2164 bareditatis
2529 2110 2868 2178 miserearis,
2909 2111 3170 2183 adsisque
3229 2114 3465 2169 interce-

191 2211 345 2281 ἡμᾶς
395 2207 691 2279 συμφορῶν
750 2208 1086 2276 ἀνηκέστων.
1137 2205 1299 2278 Ὁρᾷς
1337 2207 1504 2270 ὅσοις,
1549 2200 1594 2258 ὦ
1643 2205 1779 2256 Δέσ-

1884 2201 2022 2256 dens
2053 2201 2194 2270 apud
2236 2211 2424 2256 natum
2473 2217 2540 2257 ex
2573 2211 2624 2257 te
2653 2202 2820 2257 Deum
2883 2213 3156 2268 nostrum,
3193 2219 3257 2260 ac
3305 2206 3465 2262 nobis

194 2299 1430 2371 ποινα,κακοῖς-περιαντλούμεθα.Ἀνάστηθι
1451 2297 1676 2352 οὖνκαὶ
1693 2296 1779 2365 μὴ
1885 2295 1938 2346 iu
1970 2303 2218 2348 extremo
2247 2295 2564 2350 constitutis
2610 2296 2854 2365 periculo
2903 2297 3208 2362 auxiliaris,
3238 2309 3400 2369 atque
3432 2315 3464 2354 a

191 2389 410 2460 ἀπώσῃ
443 2391 526 2457 εις
551 2391 752 2455 τέλος.
783 2389 908 2442 Ἵνα
934 2390 990 2442 τί
1017 2389 1084 2442 τὸ
1117 2388 1445 2456 πρόσωπόν
1489 2403 1606 2439 σου
1633 2387 1771 2439 dao-

1883 2385 2180 2454 tlepluratis
2210 2387 2412 2456 eripias
2439 2387 2868 2444 calamitatibus.
2917 2389 3106 2454 Vides,
3141 2405 3176 2444 ο
3209 2389 3461 2456 Domina,

193 2481 497 2552 στρέφε-τις,
525 2487 622 2535 καὶ
651 2479 1073 2546 ἐπιλανθάνεις
1104 2479 1214 2547 τῆς
1245 2477 1541 2546 πτωχείας
1577 2475 1781 2544 mulir;

1884 2485 2018 2545 quot
2049 2479 2292 2548 undique
2338 2477 2497 2535 malis
2527 2477 2928 2534 absumamttr:
2977 2480 3216 2552 Exsurge
3276 2484 3461 2554 igitur,

193 2579 462 2632 Διάλυσον
499 2578 626 2640 τοὺς
677 2575 1059 2646 ἐπικειμένους
1105 2573 1299 2642 φόϐους
1353 2573 1451 2625 καὶ
1493 2570 1732 2640 τρόμους
1765 2585 1778 2600 ·

1885 2579 1930 2621 et
1967 2571 2272 2638 πεῖν-ερρίίαε
2299 2572 2352 2624 in
2379 2571 2560 2640 ﬁnem.
2599 2571 2708 2626 Cur
2761 2573 2948 2641 [aciem
2979 2583 3126 2628 luant
3175 2578 3390 2641 avertis,
3417 2587 3465 2630 et

192 2671 352 2724 ἄνελε
387 2671 487 2733 τὰς
527 2669 864 2740 φιλονείκους
908 2667 1194 2730 ἐνστάσεις
1226 2681 1239 2696 ο
1273 2664 1482 2718 παῦσον
1517 2663 1617 2726 τὰς
1671 2663 1776 2734 μά-

1883 2662 1990 2715 obii
1995 2665 2202 2717 visceris
2221 2665 2412 2734 inopia:
2427 2675 2620 2720 nostrae
2635 2667 2705 2719 “?
2721 2667 2962 2722 Dissolve
2981 2667 3360 2724 incumbentes
3375 2685 3469 2724 uo-

192 2780 295 2832 χας
339 2763 434 2816 καὶ
497 2763 622 2824 τοὺς
653 2762 926 2831 πολέμους
955 2759 1237 2812 ’κόπασον
1297 2756 1395 2826 τὴν
1445 2755 1565 2809 καθ’
1625 2751 1782 2824 ἡμῶν

1890 2751 1976 2808 bis
2003 2754 2228 2810 timores
2259 2769 2326 2810 ac
2343 2765 2627 2819 tremores;
2651 2757 2778 2811 tolle
2805 2757 3468 2830 contentiosasoppouen-

195 2852 517 2923 κινηθεῖσαν
547 2852 716 2923 ὀργὴν
741 2852 832 2904 τοῦ
864 2849 1000 2904 Θεοῦ
1025 2851 1120 2904 καὶ
1151 2849 1380 2921 θραῦσιν
1410 2865 1424 2878 ·
1455 2847 1782 2916 καταπράῦ-

1887 2845 2020 2898 tium
2039 2861 2280 2916 pugnas;
2302 2849 2430 2904 seda
2445 2865 2655 2920 pugnos
2671 2865 2732 2903 ac
2745 2850 2880 2904 bella
2903 2867 2918 2915 ;
2933 2853 3061 2906 siste
3083 2863 3282 2907 motam
3299 2853 3351 2906 iu
3367 2869 3469 2908 nos

193 2964 285 3000 νον
316 2945 414 3010 τὰς
445 2947 504 2999 έν
531 2945 607 3016 τῷ
641 2948 792 3017 μέσῳ
829 2943 1044 3007 στάσεις
1078 2943 1174 2996 καὶ
1224 2940 1493 3012 ταραχὰς,
1528 2941 1623 2994 καὶ
1681 2957 1782 3008 γα-

1887 2935 1980 2990 Dei
2017 2935 2154 2990 iram
2171 2953 2232 2992 ac
2251 2939 2668 3006 contritionem;
2695 2955 2962 3010 compone
2977 2941 3186 2997 medias
3218 2953 3464 2999 nostrum

194 3035 367 3108 λήντ,ν
420 3037 515 3090 καὶ
556 3038 782 3108 εἰρήνην
823 3035 1129 3106 βρὰὁευσον
1185 3035 1302 3096 τοῖς
1345 3033 1588 3097 οἰκέταις
1633 3050 1732 3086 σου
1765 3049 1779 3064 °

1886 3029 2184 3085 seditiones
2209 3043 2273 3084 ac
2305 3031 2668 3093 turbationes,
2701 3031 2918 3102 tuisque
2947 3032 3172 3090 famulis
3199 3037 3473 3106 tranquil~

198 3127 283 3182 ἴνα
343 3129 463 3190 ταῖς
522 3127 744 3192 πολλαῖς
817 3126 1163 3197 εὐεργεσίαις
1199 3126 1610 3198 ⁵προστεθείσης
1689 3125 1782 3179 καὶ

1889 3121 2098 3176 litatem
2129 3137 2416 3195 acgpacem
2443 3125 2704 3188 concede;
2739 3133 2799 3178 ut
2845 3125 3094 3194 pluribus
3129 3127 3238 3182 illis
3265 3129 3470 3184 beneﬁ-

195 3221 425 3292 ταύτης,
462 3221 932 3292 ἀνακηρύττωμεν
958 3218 1253 3282 διαπαντὸς
1285 3219 1353 3270 τὰ
1385 3218 1456 3271 σὰ
1485 3217 1774 3289 τεράστια.

1885 3214 2008 3280 ciis,
2041 3215 2243 3284 quibus
2267 3229 2370 3270 nos
2399 3215 2716 3278 cumulasti,
2743 3217 3034 3271 accedente
3063 3217 3326 3275 bettrﬁcio
3345 3222 3467 3284 hoc,

1885 3315 1977 3360 tua
2011 3307 2256 3377 prodigia
2294 3309 2631 3378 sempiterno
2656 3311 2931 3376 praeconio
2961 3310 3326 3368 celebremus.

277 3408 421 3464 Ἀλλ’
472 3407 705 3462 ἐνταῦθα
751 3407 1055 3478 γενόμενοι,
1091 3405 1188 3459 καὶ
1215 3405 1284 3459 τὰ
1313 3405 1460 3458 ίστὶα
1489 3401 1584 3456 τοῦ
1615 3403 1776 3471 λόγου

1953 3397 2072 3453 Huc
2101 3407 2282 3454 autem
2315 3399 2552 3454 deducto
2575 3414 2850 3465 sermone,
2893 3415 2957 3458 ac
2983 3402 3106 3472 ejus
3140 3405 3469 3461 contrahen-

192 3501 550 3572 χαλάσαντες,
597 3501 677 3562 είς
729 3500 820 3552 τὸν
879 3497 1100 3569 ἀσφαλῆ
1149 3499 1250 3569 τῆς
1311 3495 1521 3567 σιωπῆς
1586 3496 1780 3566 ὡρμή-

1883 3499 1965 3546 tes
1998 3492 2132 3556 vela,
2162 3492 2228 3546 ad
2263 3500 2438 3545 tutum
2469 3491 2668 3546 silentii
2699 3501 2916 3563 portum
2968 3495 3324 3563 applicemus;
3367 3497 3472 3554 hoc

195 3610 384 3663 σωμεν
450 3592 675 3664 λιμέναο
750 3593 926 3644 ἐκεῖνο
988 3591 1150 3644 πάλιν
1222 3592 1350 3654 τοὺς
1421 3589 1779 3660 συνειλεγμέ-

1887 3583 2084 3636 iterum
2119 3580 2480 3636 admonentes
2518 3583 2805 3636 collectum
2859 3593 3088 3648 ctutum,
3157 3596 3221 3640 ut
3279 3601 3348 3642 ne
3379 3587 3467 3642 in-

193 3703 320 3750 νους
380 3687 816 3756 ἀναμνήσαντες,
856 3684 930 3756 μὴ
979 3683 1308 3758 ἀγνώμονας
1363 3683 1598 3752 φανῆναι
1650 3683 1778 3752 περὶ

1883 3673 2024 3743 grati
2051 3688 2178 3742 erga
2199 3670 2500 3728 beneﬁcam
2523 3689 2588 3729 ac
2608 3675 2894 3728 Dominam
2923 3675 3233 3744 videamur;
3267 3693 3467 3749 neque,

192 3777 292 3847 τὴν
326 3777 610 3848 εὐεργέτιν
659 3777 754 3830 καὶ
785 3776 1084 3830 Δέσποιναν
1108 3790 1120 3804 ·
1167 3775 1303 3846 μηδὲ
1350 3775 1438 3828 διὰ
1465 3773 1574 3826 τῶν
1599 3773 1777 3842 ἔργων

1883 3767 1978 3836 qui
2004 3766 2140 3836 ipsis
2175 3766 2342 3821 rebus
2383 3767 2650 3821 beneﬁcio
2703 3768 2878 3822 simus
2905 3769 3106 3835 aﬂ‘eeti,
3148 3771 3230 3824 vel
3271 3773 3461 3826 saltem

193 3869 713 3940 εὐεργετουμένους,
746 3869 926 3920 ὀκνεῖν
951 3867 1050 3937 τὴν
1075 3865 1164 3920 διὰ
1199 3865 1307 3918 τῶν
1343 3864 1520 3932 λόγων
1551 3863 1780 3934 εὐχαρι-

1883 3860 2066 3916 verbis
2102 3860 2399 3931 gratiarum
2433 3861 2704 3916 actionem
2751 3861 2948 3917 oﬁ‘crre
2985 3863 3324 3934 negligemus
3359 3883 3372 3921 :
3413 3866 3467 3920 in

194 3963 354 4016 στίαν
388 3961 723 4032 προσφέρειν
757 3976 772 3991 ·
805 3959 901 4012 καὶ
929 3959 1038 4028 γὰρ
1063 3958 1248 4021 πάλιν,
1280 3959 1360 4021 εἰς
1388 3957 1536 4027 ἡμᾶς
1565 3956 1626 4008 τὸ
1652 3955 1781 4026 κέρ-

1886 3967 2030 4023 quos
2067 3955 2330 4008 nimirum
2381 3955 2578 4008 iterum
2611 3964 2921 4010 revertatur
2973 3960 3340 4013 commodum.
3383 3957 3470 4014 Si-

189 4053 278 4117 δος
312 4055 620 4108 ἐπάνεισιν.
671 4051 800 4105 Ἐὰν
827 4051 936 4123 γὰρ
969 4053 1061 4103 ἐπὶ
1094 4053 1206 4113 τοῖς
1257 4050 1528 4119 φθάσας-ιν
1557 4048 1780 4118 εὗιάρι-

1885 4047 2108 4116 quidem
2143 4047 2288 4123 cutim
2319 4061 2420 4115 pro
2473 4047 2748 4116 prioribus
2801 4047 2960 4102 bouis
2997 4049 3138 4119 grati
3175 4049 3466 4114 fuerimus,

195 4115 314 4199 στοι
347 4143 657 4215 γενώμεθα,
689 4115 932 4216 μεγάλην
967 4145 1180 4206 ἑαυτοῖς
1210 4115 1347 4214 πρὸς
1409 4142 1476 4195 τὰ
1517 4115 1780 4212 μέλλοντα

1886 4115 2142 4208 magnam
2175 4115 2336 4192 n’obis
2372 4138 2441 4191 ad
2474 4115 2677 4192 il‘utura
2711 4139 2964 4196 ﬁduciam
3002 4115 3466 4208 comparabimus,

191 4233 597 4305 εὖτρεπίσομεν
629 4235 968 4306 παρρησίαν,
1002 4235 1096 4288 καὶ
1129 4233 1236 4286 τῶν
1277 4233 1608 4302 ἀπορρήτων
1638 4234 1776 4299 ἀγα-

1885 4247 1948 4284 ac
1975 4243 2339 4298 assequemur
2377 4229 2764 4284 inenarrabilia
2791 4247 2856 4285 ac
2887 4247 3087 4286 arcana
3143 4234 3306 4298 bona;
3337 4251 3469 4305 gra-

193 4327 307 4381 θῶν
341 4327 677 4398 ὲπιτύχομεν
713 4344 728 4358 ο
771 4327 955 4399 χάριτι
987 4327 1083 4381 καὶ
1123 4325 1505 4396 ιιιςιιλανθρωσπίςι⁵
1534 4325 1628 4377 τοῦ
1676 4325 1781 4376 Κυ-

1885 4324 1959 4376 tia
1997 4337 2061 4376 ac
2091 4322 2466 4377 misericordia
2501 4319 2721 4378 Domini
2749 4325 2924 4378 nostri
2962 4322 3093 4380 Jesu
3124 4327 3326 4381 Christi
3377 4327 3465 4382 cui

193 4419 316 4492 ρίου
361 4421 522 4492 ήμῶν
563 4419 740 4491 Ἰησοῦ
773 4419 1032 4491 Χριστοῦ,
1064 4412 1108 4488 ᾧ
1129 4419 1162 4490 ή
1186 4417 1312 4482 δόξα
1355 4417 1450 4470 καὶ
1480 4417 1539 4469 τὸ
1578 4417 1779 4478 κοάτος

1404 4417 1450 4470 at
1480 4417 1539 4469 τὸ
1578 4417 1779 4478 κοάτος
1885 4414 2056 4484 gloria
2091 4427 2154 4468 ac
2180 4422 2424 4484 potestas
2459 4415 2514 4468 in
2546 4417 2767 4471 saecula.
2807 4417 2996 4470 Amen.

191 4513 274 4576 είς
296 4512 426 4576 τοὺς
459 4513 684 4576 αἰῶνας.
728 4513 922 4582 Ἀμήν.
1811 4507 1854 4560 Ῑ)

1441 4811 1766 4873 INCERTI
1827 4809 2230 4872 AUCTORIS

647 4993 1098 5086 VERSUS
1175 4991 1633 5080 IAMBICI
1718 4989 1864 5078 DE
1927 4988 2304 5078 REBUS
2359 4989 3003 5080 ASCETICIS.

1172 5181 1233 5247 (Ε
1268 5200 1356 5234 ms.
1384 5197 1499 5234 suae.
1537 5197 1599 5232 xv
1630 5179 1759 5233 Bibl.
1787 5181 2023 5231 Laurent.
2050 5181 2278 5244 Butam,
2309 5181 2350 5244 Ι,
2381 5181 2510 5243 105.)

777 5455 931 5526 Ἔπη
966 5454 1190 5526 χρυσᾶ.

2433 5455 2688 5512 Carmina
2731 5471 2913 5510 aurea.

193 5549 346 5619 Ἐγώ
379 5566 438 5602 σε
470 5547 666 5618 φιλῶν,
703 5549 802 5602 καὶ
829 5549 936 5620 πρὸ
969 5549 1136 5602 τῶνδε
1193 5551 1302 5602 τῶν
1339 5547 1534 5618 λόγων,

1479 5565 1534 5616 ›ν,
1891 5551 1968 5606 Te
1999 5550 2229 5618 diligens
2255 5549 2542 5620 plttSquam
2577 5551 2751 5605 valeat
2784 5565 2848 5604 os
2869 5548 3071 5616 dicere,

179 5643 411 5698 Μᾶλλον
433 5643 490 5697 δὲ
521 5643 734 5698 πενθῶν
768 5643 872 5696 ὑπὸ
902 5641 1224 5714 φιλοσοφίας
1247 5684 1262 5710 ,

1883 5646 1963 5700 Ac
1991 5643 2178 5700 dolens
2205 5643 2368 5698 etiam
2396 5645 2464 5699 ob
2495 5643 2768 5714 ingentem
2795 5642 2902 5695 vim
2934 5657 3163 5710 amoris,

257 5795 298 5828 “
319 5794 467 5853 Psal.
491 5812 646 5862 me,
679 5796 770 5851 25.

585 5891 859 5950 ΡΑτιιοι.
891 5893 1007 5951 Gn.
1053 5892 1208 5952 CVI.

2987 5883 3065 5944 1&3
