  <div class='ocr_page' id='page_1' title='image "/cluster/home/n/w/nwhite01/storage/ocr_20150623/106/coo.31924054870104/691.png"; bbox 0 0 4032 6408; ppageno 0'>
   <div class='ocr_carea' id='block_1_1' title="bbox 645 315 3003 402">
    <p class='ocr_par' dir='ltr' id='par_1_1' title="bbox 645 315 3003 402">
     <span class='ocr_line' id='line_1_1' title="bbox 645 315 3003 402; baseline -0.009 0"><span class='ocrx_word' id='word_1_1' title='bbox 645 340 784 402; x_wconf 65' lang='grc'>1255</span> <span class='ocrx_word' id='word_1_2' title='bbox 1495 321 1889 385; x_wconf 84' lang='lat' dir='ltr'><strong>OPUSCULA</strong></span> <span class='ocrx_word' id='word_1_3' title='bbox 1929 317 2274 380; x_wconf 78' lang='lat' dir='ltr'><strong>MORALIA</strong></span> <span class='ocrx_word' id='word_1_4' title='bbox 2309 315 2658 378; x_wconf 64' lang='lat' dir='ltr'><strong>INCERT/E</strong></span> <span class='ocrx_word' id='word_1_5' title='bbox 2700 316 3003 380; x_wconf 74' lang='lat' dir='ltr'><strong>IE&#39;I‘ATIS.</strong></span> 
     </span>
    </p>
   </div>
   <div class='ocr_carea' id='block_1_2' title="bbox 641 438 1668 521">
    <p class='ocr_par' dir='ltr' id='par_1_2' title="bbox 641 438 1668 521">
     <span class='ocr_line' id='line_1_2' title="bbox 641 438 1668 521; baseline -0.019 -12"><span class='ocrx_word' id='word_1_6' title='bbox 641 457 745 521; x_wconf 90' lang='lat' dir='ltr'><strong>Qui</strong></span> <span class='ocrx_word' id='word_1_7' title='bbox 777 458 992 506; x_wconf 89' lang='lat' dir='ltr'><strong>mortuo</strong></span> <span class='ocrx_word' id='word_1_8' title='bbox 1022 456 1248 514; x_wconf 83' lang='lat' dir='ltr'><strong>prorsus</strong></span> <span class='ocrx_word' id='word_1_9' title='bbox 1271 446 1356 496; x_wconf 92' lang='lat' dir='ltr'><strong>est</strong></span> <span class='ocrx_word' id='word_1_10' title='bbox 1379 438 1668 502; x_wconf 84' lang='lat' dir='ltr'><strong>adsimilis,</strong></span> 
     </span>
    </p>
   </div>
   <div class='ocr_carea' id='block_1_3' title="bbox 645 526 1899 610">
    <p class='ocr_par' dir='ltr' id='par_1_3' title="bbox 645 526 1899 610">
     <span class='ocr_line' id='line_1_3' title="bbox 645 526 1899 610; baseline -0.02 -7"><span class='ocrx_word' id='word_1_11' title='bbox 645 548 700 603; x_wconf 88' lang='lat' dir='ltr'><strong>Si</strong></span> <span class='ocrx_word' id='word_1_12' title='bbox 735 561 840 610; x_wconf 84' lang='lat' dir='ltr'><strong>res,</strong></span> <span class='ocrx_word' id='word_1_13' title='bbox 876 547 1078 595; x_wconf 88' lang='lat' dir='ltr'><strong>utsunt</strong></span> <span class='ocrx_word' id='word_1_14' title='bbox 1104 543 1158 591; x_wconf 91' lang='lat' dir='ltr'><strong>et</strong></span> <span class='ocrx_word' id='word_1_15' title='bbox 1193 545 1250 588; x_wconf 90' lang='lat' dir='ltr'><strong>ut</strong></span> <span class='ocrx_word' id='word_1_16' title='bbox 1271 534 1447 595; x_wconf 90' lang='lat' dir='ltr'><strong>decet,</strong></span> <span class='ocrx_word' id='word_1_17' title='bbox 1480 545 1588 585; x_wconf 92' lang='lat' dir='ltr'><strong>non</strong></span> <span class='ocrx_word' id='word_1_18' title='bbox 1617 526 1899 597; x_wconf 76' lang='lat' dir='ltr'><strong>exprimit.</strong></span> 
     </span>
    </p>
   </div>
   <div class='ocr_carea' id='block_1_4' title="bbox 644 614 2218 700">
    <p class='ocr_par' dir='ltr' id='par_1_4' title="bbox 644 614 2218 700">
     <span class='ocr_line' id='line_1_4' title="bbox 644 614 2218 700; baseline -0.018 -7"><span class='ocrx_word' id='word_1_19' title='bbox 644 639 878 700; x_wconf 77' lang='lat' dir='ltr'><strong>Nudam,</strong></span> <span class='ocrx_word' id='word_1_20' title='bbox 901 650 934 688; x_wconf 91' lang='grc' dir='ltr'><strong>ο</strong></span> <span class='ocrx_word' id='word_1_21' title='bbox 955 632 1114 694; x_wconf 90' lang='lat' dir='ltr'><strong>bone,</strong></span> <span class='ocrx_word' id='word_1_22' title='bbox 1149 627 1245 681; x_wconf 90' lang='lat' dir='ltr'><strong>tibi</strong></span> <span class='ocrx_word' id='word_1_23' title='bbox 1279 625 1443 678; x_wconf 84' lang='lat' dir='ltr'><strong>vitam</strong></span> <span class='ocrx_word' id='word_1_24' title='bbox 1478 615 1997 691; x_wconf 84' lang='lat' dir='ltr'><strong>(contemplandam)</strong></span> <span class='ocrx_word' id='word_1_25' title='bbox 2026 614 2218 680; x_wconf 92' lang='lat' dir='ltr'><strong>obtuli,</strong></span> 
     </span>
    </p>
   </div>
   <div class='ocr_carea' id='block_1_5' title="bbox 648 713 1763 790">
    <p class='ocr_par' dir='ltr' id='par_1_5' title="bbox 648 713 1763 790">
     <span class='ocr_line' id='line_1_5' title="bbox 648 713 1763 790; baseline -0.02 -6"><span class='ocrx_word' id='word_1_26' title='bbox 648 730 719 785; x_wconf 87' lang='lat' dir='ltr'><strong>Ut</strong></span> <span class='ocrx_word' id='word_1_27' title='bbox 749 743 883 781; x_wconf 87' lang='lat' dir='ltr'><strong>vana</strong></span> <span class='ocrx_word' id='word_1_28' title='bbox 909 725 986 778; x_wconf 87' lang='lat' dir='ltr'><strong>sic</strong></span> <span class='ocrx_word' id='word_1_29' title='bbox 1021 721 1276 790; x_wconf 79' lang='lat' dir='ltr'><strong>ﬁgmenta</strong></span> <span class='ocrx_word' id='word_1_30' title='bbox 1309 727 1500 785; x_wconf 88' lang='lat' dir='ltr'><strong>posses</strong></span> <span class='ocrx_word' id='word_1_31' title='bbox 1531 713 1763 774; x_wconf 78' lang='lat' dir='ltr'><strong>discere,</strong></span> 
     </span>
    </p>
   </div>
   <div class='ocr_carea' id='block_1_6' title="bbox 646 802 1937 882">
    <p class='ocr_par' dir='ltr' id='par_1_6' title="bbox 646 802 1937 882">
     <span class='ocr_line' id='line_1_6' title="bbox 646 802 1937 882; baseline -0.018 -6"><span class='ocrx_word' id='word_1_32' title='bbox 646 825 758 876; x_wconf 81' lang='lat' dir='ltr'><strong>Nec</strong></span> <span class='ocrx_word' id='word_1_33' title='bbox 793 830 845 874; x_wconf 89' lang='lat' dir='ltr'><strong>te</strong></span> <span class='ocrx_word' id='word_1_34' title='bbox 875 816 1016 871; x_wconf 91' lang='lat' dir='ltr'><strong>male</strong></span> <span class='ocrx_word' id='word_1_35' title='bbox 1045 813 1328 882; x_wconf 76' lang='lat' dir='ltr'><strong>expertum</strong></span> <span class='ocrx_word' id='word_1_36' title='bbox 1362 805 1567 877; x_wconf 84' lang='lat' dir='ltr'><strong>pericla</strong></span> <span class='ocrx_word' id='word_1_37' title='bbox 1602 802 1937 872; x_wconf 74' lang='lat' dir='ltr'><strong>frangerent,</strong></span> 
     </span>
    </p>
   </div>
   <div class='ocr_carea' id='block_1_7' title="bbox 648 895 1646 981">
    <p class='ocr_par' dir='ltr' id='par_1_7' title="bbox 648 895 1646 981">
     <span class='ocr_line' id='line_1_7' title="bbox 648 895 1646 981; baseline -0.02 -14"><span class='ocrx_word' id='word_1_38' title='bbox 648 913 717 967; x_wconf 90' lang='lat' dir='ltr'><strong>Ut</strong></span> <span class='ocrx_word' id='word_1_39' title='bbox 751 910 978 981; x_wconf 85' lang='lat' dir='ltr'><strong>pavidus</strong></span> <span class='ocrx_word' id='word_1_40' title='bbox 1000 907 1043 962; x_wconf 90' lang='lat' dir='ltr'><strong>si</strong></span> <span class='ocrx_word' id='word_1_41' title='bbox 1075 905 1255 958; x_wconf 78' lang='lat' dir='ltr'><strong>larvas</strong></span> <span class='ocrx_word' id='word_1_42' title='bbox 1278 899 1458 953; x_wconf 83' lang='lat' dir='ltr'><strong>infans</strong></span> <span class='ocrx_word' id='word_1_43' title='bbox 1483 895 1646 958; x_wconf 89' lang='lat' dir='ltr'><strong>videt,</strong></span> 
     </span>
    </p>
   </div>
   <div class='ocr_carea' id='block_1_8' title="bbox 643 985 1680 1058">
    <p class='ocr_par' dir='ltr' id='par_1_8' title="bbox 643 985 1680 1058">
     <span class='ocr_line' id='line_1_8' title="bbox 643 985 1680 1058; baseline -0.017 -2"><span class='ocrx_word' id='word_1_44' title='bbox 643 1007 783 1058; x_wconf 77' lang='lat' dir='ltr'><strong>Cum</strong></span> <span class='ocrx_word' id='word_1_45' title='bbox 817 1000 996 1054; x_wconf 82' lang='lat' dir='ltr'><strong>adhuc</strong></span> <span class='ocrx_word' id='word_1_46' title='bbox 1017 1009 1184 1050; x_wconf 90' lang='lat' dir='ltr'><strong>aureo</strong></span> <span class='ocrx_word' id='word_1_47' title='bbox 1215 991 1430 1046; x_wconf 77' lang='lat' dir='ltr'><strong>labores</strong></span> <span class='ocrx_word' id='word_1_48' title='bbox 1468 985 1680 1040; x_wconf 87' lang='lat' dir='ltr'><strong>morbo.</strong></span> 
     </span>
    </p>
   </div>
   <div class='ocr_carea' id='block_1_9' title="bbox 642 1071 2047 1162">
    <p class='ocr_par' dir='ltr' id='par_1_9' title="bbox 642 1071 2047 1162">
     <span class='ocr_line' id='line_1_9' title="bbox 642 1071 2047 1162; baseline -0.016 -14"><span class='ocrx_word' id='word_1_49' title='bbox 642 1096 712 1148; x_wconf 82' lang='lat' dir='ltr'><strong>At</strong></span> <span class='ocrx_word' id='word_1_50' title='bbox 741 1089 994 1162; x_wconf 78' lang='lat' dir='ltr'><strong>quamvis</strong></span> <span class='ocrx_word' id='word_1_51' title='bbox 1020 1088 1136 1156; x_wconf 66' lang='lat' dir='ltr'><strong>ipse</strong></span> <span class='ocrx_word' id='word_1_52' title='bbox 1164 1084 1324 1138; x_wconf 88' lang='lat' dir='ltr'><strong>ﬁctus</strong></span> <span class='ocrx_word' id='word_1_53' title='bbox 1357 1075 1780 1148; x_wconf 79' lang='lat' dir='ltr'><strong>deprehendaris</strong></span> <span class='ocrx_word' id='word_1_54' title='bbox 1813 1071 2047 1134; x_wconf 85' lang='lat' dir='ltr'><strong>amicus,</strong></span> 
     </span>
    </p>
   </div>
   <div class='ocr_carea' id='block_1_10' title="bbox 647 1160 2224 1251">
    <p class='ocr_par' dir='ltr' id='par_1_10' title="bbox 647 1160 2224 1251">
     <span class='ocr_line' id='line_1_10' title="bbox 647 1160 2224 1251; baseline -0.017 -11"><span class='ocrx_word' id='word_1_55' title='bbox 647 1186 720 1240; x_wconf 80' lang='lat' dir='ltr'><strong>Et</strong></span> <span class='ocrx_word' id='word_1_56' title='bbox 750 1195 1007 1251; x_wconf 87' lang='lat' dir='ltr'><strong>tanquam</strong></span> <span class='ocrx_word' id='word_1_57' title='bbox 1037 1177 1178 1232; x_wconf 86' lang='lat' dir='ltr'><strong>male</strong></span> <span class='ocrx_word' id='word_1_58' title='bbox 1206 1175 1487 1228; x_wconf 66' lang='lat' dir='ltr'><strong>cohaerens</strong></span> <span class='ocrx_word' id='word_1_59' title='bbox 1517 1169 1824 1223; x_wconf 81' lang='lat' dir='ltr'><strong>membrum</strong></span> <span class='ocrx_word' id='word_1_60' title='bbox 1863 1160 2224 1224; x_wconf 87' lang='lat' dir='ltr'><strong>abscindaris,</strong></span> 
     </span>
    </p>
   </div>
   <div class='ocr_carea' id='block_1_11' title="bbox 644 1261 1730 1346">
    <p class='ocr_par' dir='ltr' id='par_1_11' title="bbox 644 1261 1730 1346">
     <span class='ocr_line' id='line_1_11' title="bbox 644 1261 1730 1346; baseline -0.018 -13"><span class='ocrx_word' id='word_1_61' title='bbox 644 1277 876 1346; x_wconf 78' lang='lat' dir='ltr'><strong>Linguae</strong></span> <span class='ocrx_word' id='word_1_62' title='bbox 906 1283 1134 1328; x_wconf 82' lang='lat' dir='ltr'><strong>cruento</strong></span> <span class='ocrx_word' id='word_1_63' title='bbox 1154 1268 1474 1324; x_wconf 81' lang='lat' dir='ltr'><strong>vulneratus</strong></span> <span class='ocrx_word' id='word_1_64' title='bbox 1497 1261 1730 1332; x_wconf 90' lang='lat' dir='ltr'><strong>spiculo,</strong></span> 
     </span>
    </p>
   </div>
   <div class='ocr_carea' id='block_1_12' title="bbox 647 1350 2008 1426">
    <p class='ocr_par' dir='ltr' id='par_1_12' title="bbox 647 1350 2008 1426">
     <span class='ocr_line' id='line_1_12' title="bbox 647 1350 2008 1426; baseline -0.017 -2"><span class='ocrx_word' id='word_1_65' title='bbox 647 1371 863 1424; x_wconf 74' lang='lat' dir='ltr'><strong>Rursus</strong></span> <span class='ocrx_word' id='word_1_66' title='bbox 897 1377 947 1421; x_wconf 90' lang='lat' dir='ltr'><strong>te</strong></span> <span class='ocrx_word' id='word_1_67' title='bbox 983 1377 1202 1426; x_wconf 90' lang='lat' dir='ltr'><strong>moneo,</strong></span> <span class='ocrx_word' id='word_1_68' title='bbox 1230 1376 1295 1414; x_wconf 92' lang='lat' dir='ltr'><strong>ne</strong></span> <span class='ocrx_word' id='word_1_69' title='bbox 1319 1360 1526 1413; x_wconf 89' lang='lat' dir='ltr'><strong>circum</strong></span> <span class='ocrx_word' id='word_1_70' title='bbox 1555 1352 1786 1408; x_wconf 84' lang='lat' dir='ltr'><strong>terrenis</strong></span> <span class='ocrx_word' id='word_1_71' title='bbox 1812 1350 2008 1413; x_wconf 88' lang='lat' dir='ltr'><strong>inhies,</strong></span> 
     </span>
    </p>
   </div>
   <div class='ocr_carea' id='block_1_13' title="bbox 647 1441 1981 1516">
    <p class='ocr_par' dir='ltr' id='par_1_13' title="bbox 647 1441 1981 1516">
     <span class='ocr_line' id='line_1_13' title="bbox 647 1441 1981 1516; baseline -0.016 0"><span class='ocrx_word' id='word_1_72' title='bbox 647 1462 728 1516; x_wconf 82' lang='lat' dir='ltr'><strong>Ne</strong></span> <span class='ocrx_word' id='word_1_73' title='bbox 764 1463 912 1514; x_wconf 86' lang='lat' dir='ltr'><strong>vivas</strong></span> <span class='ocrx_word' id='word_1_74' title='bbox 944 1455 1174 1512; x_wconf 86' lang='lat' dir='ltr'><strong>utcauis</strong></span> <span class='ocrx_word' id='word_1_75' title='bbox 1207 1462 1261 1506; x_wconf 90' lang='lat' dir='ltr'><strong>et</strong></span> <span class='ocrx_word' id='word_1_76' title='bbox 1297 1447 1587 1506; x_wconf 83' lang='lat' dir='ltr'><strong>exhaurire</strong></span> <span class='ocrx_word' id='word_1_77' title='bbox 1609 1443 1742 1498; x_wconf 85' lang='lat' dir='ltr'><strong>velis</strong></span> <span class='ocrx_word' id='word_1_78' title='bbox 1773 1441 1981 1495; x_wconf 85' lang='lat' dir='ltr'><strong>omnia.</strong></span> 
     </span>
    </p>
   </div>
   <div class='ocr_carea' id='block_1_14' title="bbox 650 1537 1998 1612">
    <p class='ocr_par' dir='ltr' id='par_1_14' title="bbox 650 1537 1998 1612">
     <span class='ocr_line' id='line_1_14' title="bbox 650 1537 1998 1612; baseline -0.017 -3"><span class='ocrx_word' id='word_1_79' title='bbox 650 1556 709 1608; x_wconf 89' lang='lat' dir='ltr'><strong>Si</strong></span> <span class='ocrx_word' id='word_1_80' title='bbox 741 1555 878 1608; x_wconf 78' lang='lat' dir='ltr'><strong>forte</strong></span> <span class='ocrx_word' id='word_1_81' title='bbox 907 1551 1052 1606; x_wconf 90' lang='lat' dir='ltr'><strong>enim</strong></span> <span class='ocrx_word' id='word_1_82' title='bbox 1075 1546 1278 1612; x_wconf 86' lang='lat' dir='ltr'><strong>csuris,</strong></span> <span class='ocrx_word' id='word_1_83' title='bbox 1303 1544 1487 1598; x_wconf 83' lang='lat' dir='ltr'><strong>statim</strong></span> <span class='ocrx_word' id='word_1_84' title='bbox 1518 1538 1661 1593; x_wconf 86' lang='lat' dir='ltr'><strong>haud</strong></span> <span class='ocrx_word' id='word_1_85' title='bbox 1685 1537 1794 1591; x_wconf 82' lang='lat' dir='ltr'><strong>eris</strong></span> <span class='ocrx_word' id='word_1_86' title='bbox 1821 1546 1998 1590; x_wconf 89' lang='lat' dir='ltr'><strong>satur.</strong></span> 
     </span>
    </p>
   </div>
   <div class='ocr_carea' id='block_1_15' title="bbox 2249 429 3471 504">
    <p class='ocr_par' dir='ltr' id='par_1_15' title="bbox 2249 429 3471 504">
     <span class='ocr_line' id='line_1_15' title="bbox 2249 429 3471 504; baseline 0 -18"><span class='ocrx_word' id='word_1_87' title='bbox 2249 440 2297 497; x_wconf 79' lang='grc' dir='ltr'>Α</span> <span class='ocrx_word' id='word_1_88' title='bbox 2325 433 2522 504; x_wconf 82' lang='grc' dir='ltr'>Νεκρῷ</span> <span class='ocrx_word' id='word_1_89' title='bbox 2551 433 2659 502; x_wconf 85' lang='grc' dir='ltr'>γάρ</span> <span class='ocrx_word' id='word_1_90' title='bbox 2699 432 2848 486; x_wconf 78' lang='grc' dir='ltr'>ἐστιν</span> <span class='ocrx_word' id='word_1_91' title='bbox 2877 429 3120 502; x_wconf 76' lang='grc' dir='ltr'>ἀκριϐῶς</span> <span class='ocrx_word' id='word_1_92' title='bbox 3149 431 3471 502; x_wconf 75' lang='grc' dir='ltr'><strong>εἰκασμένη,</strong></span> 
     </span>
    </p>
   </div>
   <div class='ocr_carea' id='block_1_16' title="bbox 2339 521 3543 592">
    <p class='ocr_par' dir='ltr' id='par_1_16' title="bbox 2339 521 3543 592">
     <span class='ocr_line' id='line_1_16' title="bbox 2339 521 3543 592; baseline -0.002 -16"><span class='ocrx_word' id='word_1_93' title='bbox 2339 523 2395 576; x_wconf 77' lang='grc' dir='ltr'>Ὁ</span> <span class='ocrx_word' id='word_1_94' title='bbox 2429 524 2504 592; x_wconf 81' lang='grc' dir='ltr'>μὴ</span> <span class='ocrx_word' id='word_1_95' title='bbox 2533 523 2682 592; x_wconf 79' lang='grc' dir='ltr'>λόγῳ</span> <span class='ocrx_word' id='word_1_96' title='bbox 2701 522 2966 592; x_wconf 79' lang='grc' dir='ltr'><strong>πρέποντι</strong></span> <span class='ocrx_word' id='word_1_97' title='bbox 2995 521 3212 590; x_wconf 81' lang='grc' dir='ltr'>κοσμῶν</span> <span class='ocrx_word' id='word_1_98' title='bbox 3239 521 3340 592; x_wconf 80' lang='grc' dir='ltr'>τὴν</span> <span class='ocrx_word' id='word_1_99' title='bbox 3362 522 3543 586; x_wconf 84' lang='grc' dir='ltr'>φύσιν,</span> 
     </span>
    </p>
   </div>
   <div class='ocr_carea' id='block_1_17' title="bbox 2325 613 3562 685">
    <p class='ocr_par' dir='ltr' id='par_1_17' title="bbox 2325 613 3562 685">
     <span class='ocr_line' id='line_1_17' title="bbox 2325 613 3562 685; baseline 0.001 -17"><span class='ocrx_word' id='word_1_100' title='bbox 2325 615 2619 685; x_wconf 70' lang='grc' dir='ltr'>Προῦθηκέι</span> <span class='ocrx_word' id='word_1_101' title='bbox 2639 631 2751 679; x_wconf 86' lang='grc' dir='ltr'>σοι,</span> <span class='ocrx_word' id='word_1_102' title='bbox 2780 613 3050 684; x_wconf 86' lang='grc' dir='ltr'>βέλτιστε,</span> <span class='ocrx_word' id='word_1_103' title='bbox 3081 614 3285 683; x_wconf 77' lang='grc' dir='ltr'>γυμνὸν</span> <span class='ocrx_word' id='word_1_104' title='bbox 3307 614 3400 668; x_wconf 80' lang='grc' dir='ltr'><strong>τὸν</strong></span> <span class='ocrx_word' id='word_1_105' title='bbox 3424 615 3562 685; x_wconf 85' lang='grc' dir='ltr'>βίον,</span> 
     </span>
    </p>
   </div>
   <div class='ocr_carea' id='block_1_18' title="bbox 2338 709 3498 790">
    <p class='ocr_par' dir='ltr' id='par_1_18' title="bbox 2338 709 3498 790">
     <span class='ocr_line' id='line_1_18' title="bbox 2338 709 3498 790; baseline -0.001 -28"><span class='ocrx_word' id='word_1_106' title='bbox 2338 711 2425 790; x_wconf 83' lang='grc' dir='ltr'>Ὡς</span> <span class='ocrx_word' id='word_1_107' title='bbox 2450 709 2515 764; x_wconf 83' lang='grc' dir='ltr'>ἂν</span> <span class='ocrx_word' id='word_1_108' title='bbox 2544 709 2798 780; x_wconf 53' lang='lat' dir='ltr'><strong>maxqu</strong></span> <span class='ocrx_word' id='word_1_109' title='bbox 2822 709 2921 772; x_wconf 84' lang='grc' dir='ltr'><strong>τὰς</strong></span> <span class='ocrx_word' id='word_1_110' title='bbox 2955 711 3120 772; x_wconf 85' lang='grc' dir='ltr'>κενὰς</span> <span class='ocrx_word' id='word_1_111' title='bbox 3157 710 3498 779; x_wconf 76' lang='grc' dir='ltr'><strong>ὑποκρίσεις,</strong></span> 
     </span>
    </p>
   </div>
   <div class='ocr_carea' id='block_1_19' title="bbox 2327 799 3428 872">
    <p class='ocr_par' dir='ltr' id='par_1_19' title="bbox 2327 799 3428 872">
     <span class='ocr_line' id='line_1_19' title="bbox 2327 799 3428 872; baseline -0.004 -16"><span class='ocrx_word' id='word_1_112' title='bbox 2327 802 2439 856; x_wconf 79' lang='lat' dir='ltr'><strong>Kal</strong></span> <span class='ocrx_word' id='word_1_113' title='bbox 2478 801 2553 872; x_wconf 79' lang='grc' dir='ltr'>μὴ</span> <span class='ocrx_word' id='word_1_114' title='bbox 2580 800 2862 872; x_wconf 83' lang='grc' dir='ltr'>ταραχθῇς</span> <span class='ocrx_word' id='word_1_115' title='bbox 2892 799 3000 854; x_wconf 75' lang='grc' dir='ltr'><strong>ὑπὸ</strong></span> <span class='ocrx_word' id='word_1_116' title='bbox 3022 801 3122 871; x_wconf 85' lang='grc' dir='ltr'><strong>τῆς</strong></span> <span class='ocrx_word' id='word_1_117' title='bbox 3150 801 3428 871; x_wconf 82' lang='grc' dir='ltr'>ἀπειρίας,</span> 
     </span>
    </p>
   </div>
   <div class='ocr_carea' id='block_1_20' title="bbox 2329 892 3596 973">
    <p class='ocr_par' dir='ltr' id='par_1_20' title="bbox 2329 892 3596 973">
     <span class='ocr_line' id='line_1_20' title="bbox 2329 892 3596 973; baseline 0.034 -29"><span class='ocrx_word' id='word_1_118' title='bbox 2329 893 2540 962; x_wconf 80' lang='grc' dir='ltr'>’Ὥσπερ</span> <span class='ocrx_word' id='word_1_119' title='bbox 2563 893 2769 973; x_wconf 76' lang='grc' dir='ltr'><strong>¹μίμους</strong></span> <span class='ocrx_word' id='word_1_120' title='bbox 2797 892 3036 963; x_wconf 79' lang='grc' dir='ltr'>φοδηρδν</span> <span class='ocrx_word' id='word_1_121' title='bbox 3063 893 3113 945; x_wconf 72' lang='grc' dir='ltr'><strong>εί</strong></span> <span class='ocrx_word' id='word_1_122' title='bbox 3144 893 3330 962; x_wconf 78' lang='grc' dir='ltr'><strong>βλέπει</strong></span> <span class='ocrx_word' id='word_1_123' title='bbox 3373 893 3596 964; x_wconf 64' lang='grc' dir='ltr'><strong>βρέφος*</strong></span> 
     </span>
    </p>
   </div>
   <div class='ocr_carea' id='block_1_21' title="bbox 2327 983 3643 1055">
    <p class='ocr_par' dir='ltr' id='par_1_21' title="bbox 2327 983 3643 1055">
     <span class='ocr_line' id='line_1_21' title="bbox 2327 983 3643 1055; baseline 0 -16"><span class='ocrx_word' id='word_1_124' title='bbox 2327 985 2438 1039; x_wconf 81' lang='lat' dir='ltr'><strong>Kal</strong></span> <span class='ocrx_word' id='word_1_125' title='bbox 2463 984 2556 1038; x_wconf 85' lang='grc' dir='ltr'><strong>νῦν</strong></span> <span class='ocrx_word' id='word_1_126' title='bbox 2582 984 2639 1038; x_wconf 84' lang='grc' dir='ltr'>δὲ</span> <span class='ocrx_word' id='word_1_127' title='bbox 2671 986 2820 1038; x_wconf 77' lang='grc' dir='ltr'>τουτὶ</span> <span class='ocrx_word' id='word_1_128' title='bbox 2850 984 2912 1038; x_wconf 74' lang='grc' dir='ltr'>τὸ</span> <span class='ocrx_word' id='word_1_129' title='bbox 2935 983 3174 1055; x_wconf 79' lang='grc' dir='ltr'>χρυσοῦν</span> <span class='ocrx_word' id='word_1_130' title='bbox 3203 984 3428 1055; x_wconf 80' lang='grc' dir='ltr'><strong>πάσχων</strong></span> <span class='ocrx_word' id='word_1_131' title='bbox 3463 986 3643 1048; x_wconf 84' lang='grc' dir='ltr'>πάθος,</span> 
     </span>
    </p>
   </div>
   <div class='ocr_carea' id='block_1_22' title="bbox 2328 1075 3454 1147">
    <p class='ocr_par' dir='ltr' id='par_1_22' title="bbox 2328 1075 3454 1147">
     <span class='ocr_line' id='line_1_22' title="bbox 2328 1075 3454 1147; baseline -0.002 -17"><span class='ocrx_word' id='word_1_132' title='bbox 2328 1076 2447 1130; x_wconf 81' lang='grc' dir='ltr'>Κᾶν</span> <span class='ocrx_word' id='word_1_133' title='bbox 2482 1075 2645 1139; x_wconf 78' lang='grc' dir='ltr'>αὐτὸς</span> <span class='ocrx_word' id='word_1_134' title='bbox 2674 1075 2978 1145; x_wconf 77' lang='grc' dir='ltr'><strong>ὑπόχαλκος</strong></span> <span class='ocrx_word' id='word_1_135' title='bbox 3018 1075 3247 1147; x_wconf 81' lang='grc' dir='ltr'><strong>εὑρέθης</strong></span> <span class='ocrx_word' id='word_1_136' title='bbox 3281 1077 3454 1145; x_wconf 85' lang='grc' dir='ltr'>φίλος,</span> 
     </span>
    </p>
   </div>
   <div class='ocr_carea' id='block_1_23' title="bbox 2328 1166 3515 1238">
    <p class='ocr_par' dir='ltr' id='par_1_23' title="bbox 2328 1166 3515 1238">
     <span class='ocr_line' id='line_1_23' title="bbox 2328 1166 3515 1238; baseline -0.003 -15"><span class='ocrx_word' id='word_1_137' title='bbox 2328 1167 2440 1223; x_wconf 78' lang='grc' dir='ltr'><strong>Καὶ</strong></span> <span class='ocrx_word' id='word_1_138' title='bbox 2465 1166 2715 1238; x_wconf 77' lang='grc' dir='ltr'>καθάπερ</span> <span class='ocrx_word' id='word_1_139' title='bbox 2739 1167 3021 1221; x_wconf 76' lang='grc' dir='ltr'>δύσοιστον</span> <span class='ocrx_word' id='word_1_140' title='bbox 3051 1167 3292 1238; x_wconf 71' lang='grc' dir='ltr'>ἑτμὴθης</span> <span class='ocrx_word' id='word_1_141' title='bbox 3329 1168 3515 1238; x_wconf 81' lang='grc' dir='ltr'>μέλος,</span> 
     </span>
    </p>
   </div>
   <div class='ocr_carea' id='block_1_24' title="bbox 2333 1257 3649 1329">
    <p class='ocr_par' dir='ltr' id='par_1_24' title="bbox 2333 1257 3649 1329">
     <span class='ocr_line' id='line_1_24' title="bbox 2333 1257 3649 1329; baseline -0.002 -17"><span class='ocrx_word' id='word_1_142' title='bbox 2333 1257 2570 1327; x_wconf 71' lang='grc' dir='ltr'>Πληγεὶς</span> <span class='ocrx_word' id='word_1_143' title='bbox 2591 1257 2675 1328; x_wconf 74' lang='grc' dir='ltr'><strong>ἐφ’</strong></span> <span class='ocrx_word' id='word_1_144' title='bbox 2705 1259 2855 1329; x_wconf 79' lang='grc' dir='ltr'>ἡμᾶς</span> <span class='ocrx_word' id='word_1_145' title='bbox 2885 1257 3187 1329; x_wconf 79' lang='grc' dir='ltr'>δυσμενοῦς</span> <span class='ocrx_word' id='word_1_146' title='bbox 3216 1257 3462 1328; x_wconf 84' lang='grc' dir='ltr'><strong>γλώττης</strong></span> <span class='ocrx_word' id='word_1_147' title='bbox 3491 1257 3649 1328; x_wconf 82' lang='grc' dir='ltr'>βέλει,</span> 
     </span>
    </p>
   </div>
   <div class='ocr_carea' id='block_1_25' title="bbox 2331 1352 3480 1424">
    <p class='ocr_par' dir='ltr' id='par_1_25' title="bbox 2331 1352 3480 1424">
     <span class='ocr_line' id='line_1_25' title="bbox 2331 1352 3480 1424; baseline -0.003 -16"><span class='ocrx_word' id='word_1_148' title='bbox 2331 1355 2500 1408; x_wconf 85' lang='grc' dir='ltr'>Πάλιν</span> <span class='ocrx_word' id='word_1_149' title='bbox 2541 1353 2797 1423; x_wconf 78' lang='grc' dir='ltr'><strong>παραινῶ</strong></span> <span class='ocrx_word' id='word_1_150' title='bbox 2829 1352 2905 1424; x_wconf 76' lang='grc' dir='ltr'>μὴ</span> <span class='ocrx_word' id='word_1_151' title='bbox 2942 1352 3282 1423; x_wconf 87' lang='grc' dir='ltr'>περιχαίνειν</span> <span class='ocrx_word' id='word_1_152' title='bbox 3306 1353 3480 1415; x_wconf 84' lang='grc' dir='ltr'>κάτω,</span> 
     </span>
    </p>
   </div>
   <div class='ocr_carea' id='block_1_26' title="bbox 2331 1439 3550 1512">
    <p class='ocr_par' dir='ltr' id='par_1_26' title="bbox 2331 1439 3550 1512">
     <span class='ocr_line' id='line_1_26' title="bbox 2331 1439 3550 1512; baseline -0.001 -17"><span class='ocrx_word' id='word_1_153' title='bbox 2331 1442 2422 1510; x_wconf 80' lang='grc' dir='ltr'><strong>Μὴ</strong></span> <span class='ocrx_word' id='word_1_154' title='bbox 2456 1441 2555 1512; x_wconf 81' lang='grc' dir='ltr'><strong>ζῇν</strong></span> <span class='ocrx_word' id='word_1_155' title='bbox 2583 1440 2833 1510; x_wconf 81' lang='grc' dir='ltr'><strong>κυνηδὸν,</strong></span> <span class='ocrx_word' id='word_1_156' title='bbox 2873 1440 2949 1511; x_wconf 81' lang='grc' dir='ltr'>μὴ</span> <span class='ocrx_word' id='word_1_157' title='bbox 2983 1442 3155 1511; x_wconf 80' lang='grc' dir='ltr'>ῥοφῇς</span> <span class='ocrx_word' id='word_1_158' title='bbox 3186 1439 3246 1493; x_wconf 83' lang='grc' dir='ltr'>τὸ</span> <span class='ocrx_word' id='word_1_159' title='bbox 3275 1441 3385 1494; x_wconf 76' lang='grc' dir='ltr'><strong>πᾶν</strong></span> <span class='ocrx_word' id='word_1_160' title='bbox 3407 1439 3550 1494; x_wconf 83' lang='grc' dir='ltr'>θέλε.</span> 
     </span>
    </p>
   </div>
   <div class='ocr_carea' id='block_1_27' title="bbox 2333 1533 3520 1608">
    <p class='ocr_par' dir='ltr' id='par_1_27' title="bbox 2333 1533 3520 1608">
     <span class='ocr_line' id='line_1_27' title="bbox 2333 1533 3520 1608; baseline -0.003 -18"><span class='ocrx_word' id='word_1_161' title='bbox 2333 1537 2397 1590; x_wconf 79' lang='lat' dir='ltr'><strong>El</strong></span> <span class='ocrx_word' id='word_1_162' title='bbox 2434 1537 2540 1608; x_wconf 76' lang='grc' dir='ltr'>γὰρ</span> <span class='ocrx_word' id='word_1_163' title='bbox 2566 1535 2710 1605; x_wconf 75' lang='grc' dir='ltr'>ἔχεις</span> <span class='ocrx_word' id='word_1_164' title='bbox 2748 1533 3003 1604; x_wconf 79' lang='grc' dir='ltr'>βούλιμον</span> <span class='ocrx_word' id='word_1_165' title='bbox 3037 1535 3132 1604; x_wconf 85' lang='grc' dir='ltr'>οὐχ</span> <span class='ocrx_word' id='word_1_166' title='bbox 3164 1533 3308 1598; x_wconf 71' lang='grc' dir='ltr'>ἕξεις</span> <span class='ocrx_word' id='word_1_167' title='bbox 3334 1533 3520 1603; x_wconf 85' lang='grc' dir='ltr'>κόρον,</span> 
     </span>
    </p>
   </div>
   <div class='ocr_carea' id='block_1_28' title="bbox 652 1623 2244 1701">
    <p class='ocr_par' dir='ltr' id='par_1_28' title="bbox 652 1623 2231 1701">
     <span class='ocr_line' id='line_1_28' title="bbox 652 1623 2231 1701; baseline -0.013 0"><span class='ocrx_word' id='word_1_168' title='bbox 652 1646 772 1701; x_wconf 79' lang='lat' dir='ltr'><strong>Nisi</strong></span> <span class='ocrx_word' id='word_1_169' title='bbox 805 1652 930 1699; x_wconf 90' lang='lat' dir='ltr'><strong>ante</strong></span> <span class='ocrx_word' id='word_1_170' title='bbox 964 1640 1170 1695; x_wconf 84' lang='lat' dir='ltr'><strong>biberis</strong></span> <span class='ocrx_word' id='word_1_171' title='bbox 1198 1637 1424 1691; x_wconf 88' lang='lat' dir='ltr'><strong>calicem</strong></span> <span class='ocrx_word' id='word_1_172' title='bbox 1454 1631 1657 1686; x_wconf 87' lang='lat' dir='ltr'><strong>amaris</strong></span> <span class='ocrx_word' id='word_1_173' title='bbox 1688 1630 1909 1699; x_wconf 91' lang='lat' dir='ltr'><strong>plenum</strong></span> <span class='ocrx_word' id='word_1_174' title='bbox 1949 1623 2231 1680; x_wconf 79' lang='lat' dir='ltr'><strong>laboribus</strong></span> 
     </span>
    </p>
   </div>
   <div class='ocr_carea' id='block_1_29' title="bbox 2026 1623 3618 1701">
    <p class='ocr_par' dir='ltr' id='par_1_29' title="bbox 2026 1623 3618 1700">
     <span class='ocr_line' id='line_1_29' title="bbox 2026 1623 3618 1700; baseline 0.001 -22"><span class='ocrx_word' id='word_1_175' title='bbox 2026 1623 2231 1680; x_wconf 70' lang='lat' dir='ltr'><strong>toribus</strong></span> <span class='ocrx_word' id='word_1_176' title='bbox 2335 1629 2472 1698; x_wconf 80' lang='lat' dir='ltr'><strong>Ilpr</strong></span> <span class='ocrx_word' id='word_1_177' title='bbox 2499 1627 2567 1682; x_wconf 81' lang='grc' dir='ltr'><strong>ἂν</strong></span> <span class='ocrx_word' id='word_1_178' title='bbox 2601 1628 2762 1700; x_wconf 82' lang='grc' dir='ltr'>πίνῃς</span> <span class='ocrx_word' id='word_1_179' title='bbox 2795 1627 3066 1691; x_wconf 84' lang='grc' dir='ltr'>κυλικίδος</span> <span class='ocrx_word' id='word_1_180' title='bbox 3100 1627 3388 1698; x_wconf 77' lang='grc' dir='ltr'>ὲμπίκρων</span> <span class='ocrx_word' id='word_1_181' title='bbox 3416 1627 3618 1693; x_wconf 72' lang='grc' dir='ltr'>πόνων,</span> 
     </span>
    </p>
   </div>
   <div class='ocr_carea' id='block_1_30' title="bbox 651 1721 1852 1806">
    <p class='ocr_par' dir='ltr' id='par_1_30' title="bbox 651 1721 1852 1806">
     <span class='ocr_line' id='line_1_30' title="bbox 651 1721 1852 1806; baseline -0.017 -13"><span class='ocrx_word' id='word_1_182' title='bbox 651 1739 722 1793; x_wconf 80' lang='lat' dir='ltr'><strong>Et</strong></span> <span class='ocrx_word' id='word_1_183' title='bbox 744 1746 1208 1806; x_wconf 85' lang='lat' dir='ltr'><strong>supervacaneum</strong></span> <span class='ocrx_word' id='word_1_184' title='bbox 1240 1727 1342 1780; x_wconf 83' lang='lat' dir='ltr'><strong>alvi</strong></span> <span class='ocrx_word' id='word_1_185' title='bbox 1369 1724 1578 1796; x_wconf 86' lang='lat' dir='ltr'><strong>pondus</strong></span> <span class='ocrx_word' id='word_1_186' title='bbox 1607 1721 1852 1791; x_wconf 80' lang='lat' dir='ltr'><strong>ejeccris,</strong></span> 
     </span>
    </p>
   </div>
   <div class='ocr_carea' id='block_1_31' title="bbox 660 1813 1908 1893">
    <p class='ocr_par' dir='ltr' id='par_1_31' title="bbox 660 1813 1908 1893">
     <span class='ocr_line' id='line_1_31' title="bbox 660 1813 1908 1893; baseline -0.012 -15"><span class='ocrx_word' id='word_1_187' title='bbox 660 1828 762 1882; x_wconf 79' lang='lat' dir='ltr'><strong>Vel</strong></span> <span class='ocrx_word' id='word_1_188' title='bbox 789 1823 1157 1893; x_wconf 83' lang='lat' dir='ltr'><strong>corrumperis</strong></span> <span class='ocrx_word' id='word_1_189' title='bbox 1185 1829 1237 1874; x_wconf 91' lang='lat' dir='ltr'><strong>et</strong></span> <span class='ocrx_word' id='word_1_190' title='bbox 1268 1814 1661 1887; x_wconf 85' lang='lat' dir='ltr'><strong>conspurcabis</strong></span> <span class='ocrx_word' id='word_1_191' title='bbox 1687 1813 1908 1875; x_wconf 88' lang='lat' dir='ltr'><strong>lectum,</strong></span> 
     </span>
    </p>
   </div>
   <div class='ocr_carea' id='block_1_32' title="bbox 653 1901 2072 1993">
    <p class='ocr_par' dir='ltr' id='par_1_32' title="bbox 653 1901 2072 1993">
     <span class='ocr_line' id='line_1_32' title="bbox 653 1901 2072 1993; baseline -0.016 -16"><span class='ocrx_word' id='word_1_192' title='bbox 653 1925 834 1993; x_wconf 84' lang='lat' dir='ltr'><strong>Atque</strong></span> <span class='ocrx_word' id='word_1_193' title='bbox 862 1921 934 1974; x_wconf 70' lang='lat' dir='ltr'><strong>ita</strong></span> <span class='ocrx_word' id='word_1_194' title='bbox 966 1931 1158 1971; x_wconf 85' lang='lat' dir='ltr'><strong>omnes</strong></span> <span class='ocrx_word' id='word_1_195' title='bbox 1180 1928 1314 1968; x_wconf 80' lang='lat' dir='ltr'><strong>mea:</strong></span> <span class='ocrx_word' id='word_1_196' title='bbox 1339 1924 1466 1980; x_wconf 85' lang='lat' dir='ltr'><strong>spes</strong></span> <span class='ocrx_word' id='word_1_197' title='bbox 1492 1909 1722 1962; x_wconf 72' lang='lat' dir='ltr'><strong>inversa:</strong></span> <span class='ocrx_word' id='word_1_198' title='bbox 1747 1901 2072 1966; x_wconf 88' lang='lat' dir='ltr'><strong>concident;</strong></span> 
     </span>
    </p>
   </div>
   <div class='ocr_carea' id='block_1_33' title="bbox 656 2002 1566 2079">
    <p class='ocr_par' dir='ltr' id='par_1_33' title="bbox 656 2002 1566 2079">
     <span class='ocr_line' id='line_1_33' title="bbox 656 2002 1566 2079; baseline -0.021 -8"><span class='ocrx_word' id='word_1_199' title='bbox 656 2017 753 2071; x_wconf 86' lang='lat' dir='ltr'><strong>Vel</strong></span> <span class='ocrx_word' id='word_1_200' title='bbox 777 2013 971 2068; x_wconf 85' lang='lat' dir='ltr'><strong>misere</strong></span> <span class='ocrx_word' id='word_1_201' title='bbox 998 2014 1305 2079; x_wconf 68' lang='lat' dir='ltr'><strong>praeventus</strong></span> <span class='ocrx_word' id='word_1_202' title='bbox 1337 2002 1566 2071; x_wconf 86' lang='lat' dir='ltr'><strong>septima</strong></span> 
     </span>
    </p>
   </div>
   <div class='ocr_carea' id='block_1_34' title="bbox 651 2091 1756 2170">
    <p class='ocr_par' dir='ltr' id='par_1_34' title="bbox 651 2091 1756 2170">
     <span class='ocr_line' id='line_1_34' title="bbox 651 2091 1756 2170; baseline -0.019 -11"><span class='ocrx_word' id='word_1_203' title='bbox 651 2106 734 2159; x_wconf 83' lang='lat' dir='ltr'><strong>Ad</strong></span> <span class='ocrx_word' id='word_1_204' title='bbox 764 2098 1186 2170; x_wconf 87' lang='lat' dir='ltr'><strong>insuperabiletn</strong></span> <span class='ocrx_word' id='word_1_205' title='bbox 1221 2091 1456 2148; x_wconf 84' lang='lat' dir='ltr'><strong>traheris</strong></span> <span class='ocrx_word' id='word_1_206' title='bbox 1481 2099 1756 2149; x_wconf 83' lang='lat' dir='ltr'><strong>octavam,</strong></span> 
     </span>
    </p>
   </div>
   <div class='ocr_carea' id='block_1_35' title="bbox 651 2177 1969 2268">
    <p class='ocr_par' dir='ltr' id='par_1_35' title="bbox 651 2177 1969 2268">
     <span class='ocr_line' id='line_1_35' title="bbox 651 2177 1969 2268; baseline -0.014 -17"><span class='ocrx_word' id='word_1_207' title='bbox 651 2199 831 2268; x_wconf 85' lang='lat' dir='ltr'><strong>Quam</strong></span> <span class='ocrx_word' id='word_1_208' title='bbox 861 2194 1108 2250; x_wconf 89' lang='lat' dir='ltr'><strong>ultimam</strong></span> <span class='ocrx_word' id='word_1_209' title='bbox 1145 2187 1389 2244; x_wconf 88' lang='lat' dir='ltr'><strong>sentiens</strong></span> <span class='ocrx_word' id='word_1_210' title='bbox 1411 2181 1770 2239; x_wconf 83' lang='lat' dir='ltr'><strong>decretoriam</strong></span> <span class='ocrx_word' id='word_1_211' title='bbox 1794 2177 1969 2243; x_wconf 73' lang='lat' dir='ltr'><strong>deliis,</strong></span> 
     </span>
    </p>
   </div>
   <div class='ocr_carea' id='block_1_36' title="bbox 653 2273 1914 2360">
    <p class='ocr_par' dir='ltr' id='par_1_36' title="bbox 653 2273 1914 2360">
     <span class='ocr_line' id='line_1_36' title="bbox 653 2273 1914 2360; baseline -0.018 -12"><span class='ocrx_word' id='word_1_212' title='bbox 653 2293 798 2360; x_wconf 83' lang='lat' dir='ltr'><strong>Quia</strong></span> <span class='ocrx_word' id='word_1_213' title='bbox 830 2301 1086 2345; x_wconf 87' lang='lat' dir='ltr'><strong>serenum</strong></span> <span class='ocrx_word' id='word_1_214' title='bbox 1123 2284 1218 2338; x_wconf 90' lang='lat' dir='ltr'><strong>tibi</strong></span> <span class='ocrx_word' id='word_1_215' title='bbox 1243 2281 1481 2352; x_wconf 87' lang='lat' dir='ltr'><strong>judicem</strong></span> <span class='ocrx_word' id='word_1_216' title='bbox 1507 2291 1613 2331; x_wconf 90' lang='lat' dir='ltr'><strong>non</strong></span> <span class='ocrx_word' id='word_1_217' title='bbox 1645 2273 1914 2329; x_wconf 83' lang='lat' dir='ltr'><strong>ostendet.</strong></span> 
     </span>
    </p>
   </div>
   <div class='ocr_carea' id='block_1_37' title="bbox 654 2369 1738 2442">
    <p class='ocr_par' dir='ltr' id='par_1_37' title="bbox 654 2369 1738 2442">
     <span class='ocr_line' id='line_1_37' title="bbox 654 2369 1738 2442; baseline -0.018 -1"><span class='ocrx_word' id='word_1_218' title='bbox 654 2387 894 2440; x_wconf 63' lang='lat' dir='ltr'><strong>Necesse</strong></span> <span class='ocrx_word' id='word_1_219' title='bbox 924 2390 1008 2436; x_wconf 89' lang='lat' dir='ltr'><strong>est</strong></span> <span class='ocrx_word' id='word_1_220' title='bbox 1030 2379 1174 2433; x_wconf 88' lang='lat' dir='ltr'><strong>cnim</strong></span> <span class='ocrx_word' id='word_1_221' title='bbox 1211 2386 1260 2430; x_wconf 90' lang='lat' dir='ltr'><strong>te</strong></span> <span class='ocrx_word' id='word_1_222' title='bbox 1291 2374 1400 2428; x_wconf 91' lang='lat' dir='ltr'><strong>illis</strong></span> <span class='ocrx_word' id='word_1_223' title='bbox 1437 2369 1738 2442; x_wconf 87' lang='lat' dir='ltr'><strong>proﬁcisci,</strong></span> 
     </span>
    </p>
   </div>
   <div class='ocr_carea' id='block_1_38' title="bbox 656 2466 1647 2548">
    <p class='ocr_par' dir='ltr' id='par_1_38' title="bbox 656 2466 1647 2548">
     <span class='ocr_line' id='line_1_38' title="bbox 656 2466 1647 2548; baseline -0.016 -15"><span class='ocrx_word' id='word_1_224' title='bbox 656 2480 726 2532; x_wconf 78' lang='lat' dir='ltr'><strong>Et</strong></span> <span class='ocrx_word' id='word_1_225' title='bbox 751 2491 944 2548; x_wconf 71' lang='lat' dir='ltr'><strong>poenas</strong></span> <span class='ocrx_word' id='word_1_226' title='bbox 970 2473 1080 2528; x_wconf 87' lang='lat' dir='ltr'><strong>illic</strong></span> <span class='ocrx_word' id='word_1_227' title='bbox 1104 2472 1172 2526; x_wconf 91' lang='lat' dir='ltr'><strong>de</strong></span> <span class='ocrx_word' id='word_1_228' title='bbox 1199 2468 1358 2523; x_wconf 80' lang='lat' dir='ltr'><strong>factis</strong></span> <span class='ocrx_word' id='word_1_229' title='bbox 1382 2466 1647 2535; x_wconf 82' lang='lat' dir='ltr'><strong>recipere.</strong></span> 
     </span>
    </p>
   </div>
   <div class='ocr_carea' id='block_1_39' title="bbox 658 2550 2164 2638">
    <p class='ocr_par' dir='ltr' id='par_1_39' title="bbox 658 2550 2164 2638">
     <span class='ocr_line' id='line_1_39' title="bbox 658 2550 2164 2638; baseline -0.017 -13"><span class='ocrx_word' id='word_1_230' title='bbox 658 2573 706 2626; x_wconf 84' lang='lat'>0</span> <span class='ocrx_word' id='word_1_231' title='bbox 735 2584 900 2638; x_wconf 89' lang='lat' dir='ltr'><strong>quam</strong></span> <span class='ocrx_word' id='word_1_232' title='bbox 931 2565 1135 2636; x_wconf 80' lang='lat' dir='ltr'><strong>gravis,</strong></span> <span class='ocrx_word' id='word_1_233' title='bbox 1167 2577 1198 2617; x_wconf 95' lang='lat' dir='ltr'><strong>o</strong></span> <span class='ocrx_word' id='word_1_234' title='bbox 1225 2575 1388 2632; x_wconf 89' lang='lat' dir='ltr'><strong>quam</strong></span> <span class='ocrx_word' id='word_1_235' title='bbox 1425 2555 1678 2612; x_wconf 88' lang='lat' dir='ltr'><strong>turbidus</strong></span> <span class='ocrx_word' id='word_1_236' title='bbox 1703 2562 1832 2607; x_wconf 87' lang='lat' dir='ltr'><strong>tuus</strong></span> <span class='ocrx_word' id='word_1_237' title='bbox 1851 2559 1933 2606; x_wconf 91' lang='lat' dir='ltr'><strong>est</strong></span> <span class='ocrx_word' id='word_1_238' title='bbox 1963 2550 2164 2617; x_wconf 82' lang='lat' dir='ltr'><strong>sopor!</strong></span> 
     </span>
    </p>
   </div>
   <div class='ocr_carea' id='block_1_40' title="bbox 656 2641 2239 2732">
    <p class='ocr_par' dir='ltr' id='par_1_40' title="bbox 656 2641 2239 2732">
     <span class='ocr_line' id='line_1_40' title="bbox 656 2641 2239 2732; baseline -0.018 -12"><span class='ocrx_word' id='word_1_239' title='bbox 656 2667 765 2720; x_wconf 86' lang='lat' dir='ltr'><strong>Per</strong></span> <span class='ocrx_word' id='word_1_240' title='bbox 799 2676 962 2732; x_wconf 85' lang='lat' dir='ltr'><strong>quem</strong></span> <span class='ocrx_word' id='word_1_241' title='bbox 996 2657 1160 2712; x_wconf 88' lang='lat' dir='ltr'><strong>morti</strong></span> <span class='ocrx_word' id='word_1_242' title='bbox 1195 2655 1500 2726; x_wconf 71' lang='lat' dir='ltr'><strong>proximus,</strong></span> <span class='ocrx_word' id='word_1_243' title='bbox 1523 2649 1652 2720; x_wconf 89' lang='lat' dir='ltr'><strong>quid</strong></span> <span class='ocrx_word' id='word_1_244' title='bbox 1689 2647 1903 2709; x_wconf 86' lang='lat' dir='ltr'><strong>deceat,</strong></span> <span class='ocrx_word' id='word_1_245' title='bbox 1931 2657 2040 2696; x_wconf 90' lang='lat' dir='ltr'><strong>non</strong></span> <span class='ocrx_word' id='word_1_246' title='bbox 2069 2641 2239 2695; x_wconf 81' lang='lat' dir='ltr'><strong>vides.</strong></span> 
     </span>
    </p>
   </div>
   <div class='ocr_carea' id='block_1_41' title="bbox 660 2738 1864 2817">
    <p class='ocr_par' dir='ltr' id='par_1_41' title="bbox 660 2738 1864 2817">
     <span class='ocr_line' id='line_1_41' title="bbox 660 2738 1864 2817; baseline -0.017 -6"><span class='ocrx_word' id='word_1_247' title='bbox 660 2756 982 2811; x_wconf 73' lang='lat' dir='ltr'><strong>Dominus</strong></span> <span class='ocrx_word' id='word_1_248' title='bbox 1005 2751 1175 2816; x_wconf 76' lang='lat' dir='ltr'><strong>enim,</strong></span> <span class='ocrx_word' id='word_1_249' title='bbox 1199 2747 1451 2817; x_wconf 85' lang='lat' dir='ltr'><strong>quamvis</strong></span> <span class='ocrx_word' id='word_1_250' title='bbox 1481 2738 1864 2810; x_wconf 80' lang='lat' dir='ltr'><strong>inexplebiles,</strong></span> 
     </span>
    </p>
   </div>
   <div class='ocr_carea' id='block_1_42' title="bbox 662 2831 2110 2915">
    <p class='ocr_par' dir='ltr' id='par_1_42' title="bbox 662 2831 2110 2915">
     <span class='ocr_line' id='line_1_42' title="bbox 662 2831 2110 2915; baseline -0.017 -14"><span class='ocrx_word' id='word_1_251' title='bbox 662 2847 730 2901; x_wconf 74' lang='lat' dir='ltr'><strong>Et</strong></span> <span class='ocrx_word' id='word_1_252' title='bbox 754 2861 852 2915; x_wconf 92' lang='lat' dir='ltr'><strong>pro</strong></span> <span class='ocrx_word' id='word_1_253' title='bbox 887 2841 1043 2897; x_wconf 90' lang='lat' dir='ltr'><strong>nobis</strong></span> <span class='ocrx_word' id='word_1_254' title='bbox 1069 2849 1232 2894; x_wconf 86' lang='lat' dir='ltr'><strong>noctu</strong></span> <span class='ocrx_word' id='word_1_255' title='bbox 1263 2849 1504 2906; x_wconf 80' lang='lat' dir='ltr'><strong>pugnare</strong></span> <span class='ocrx_word' id='word_1_256' title='bbox 1529 2831 1805 2888; x_wconf 85' lang='lat' dir='ltr'><strong>credimus</strong></span> <span class='ocrx_word' id='word_1_257' title='bbox 1836 2834 2110 2888; x_wconf 83' lang='lat' dir='ltr'><strong>naturam,</strong></span> 
     </span>
    </p>
   </div>
   <div class='ocr_carea' id='block_1_43' title="bbox 663 2926 1617 3002">
    <p class='ocr_par' dir='ltr' id='par_1_43' title="bbox 663 2926 1617 3002">
     <span class='ocr_line' id='line_1_43' title="bbox 663 2926 1617 3002; baseline -0.015 -13"><span class='ocrx_word' id='word_1_258' title='bbox 663 2937 843 3002; x_wconf 73' lang='lat' dir='ltr'><strong>Quam</strong></span> <span class='ocrx_word' id='word_1_259' title='bbox 875 2947 961 2986; x_wconf 77' lang='lat' dir='ltr'><strong>res</strong></span> <span class='ocrx_word' id='word_1_260' title='bbox 989 2931 1060 2986; x_wconf 81' lang='lat' dir='ltr'><strong>sit</strong></span> <span class='ocrx_word' id='word_1_261' title='bbox 1085 2927 1251 2982; x_wconf 88' lang='lat' dir='ltr'><strong>inﬁda</strong></span> <span class='ocrx_word' id='word_1_262' title='bbox 1282 2926 1617 2996; x_wconf 78' lang='lat' dir='ltr'><strong>ignorantes.</strong></span> 
     </span>
    </p>
   </div>
   <div class='ocr_carea' id='block_1_44' title="bbox 665 3011 1961 3096">
    <p class='ocr_par' dir='ltr' id='par_1_44' title="bbox 665 3011 1961 3096">
     <span class='ocr_line' id='line_1_44' title="bbox 665 3011 1961 3096; baseline -0.015 -13"><span class='ocrx_word' id='word_1_263' title='bbox 665 3028 811 3096; x_wconf 84' lang='lat' dir='ltr'><strong>Quid</strong></span> <span class='ocrx_word' id='word_1_264' title='bbox 837 3027 940 3079; x_wconf 86' lang='lat' dir='ltr'><strong>hoc</strong></span> <span class='ocrx_word' id='word_1_265' title='bbox 963 3018 1120 3091; x_wconf 83' lang='lat' dir='ltr'><strong>agis?</strong></span> <span class='ocrx_word' id='word_1_266' title='bbox 1146 3032 1244 3072; x_wconf 89' lang='lat' dir='ltr'><strong>cur</strong></span> <span class='ocrx_word' id='word_1_267' title='bbox 1273 3019 1382 3070; x_wconf 88' lang='lat' dir='ltr'><strong>tale</strong></span> <span class='ocrx_word' id='word_1_268' title='bbox 1407 3029 1516 3068; x_wconf 89' lang='lat' dir='ltr'><strong>non</strong></span> <span class='ocrx_word' id='word_1_269' title='bbox 1543 3011 1693 3066; x_wconf 89' lang='lat' dir='ltr'><strong>vides</strong></span> <span class='ocrx_word' id='word_1_270' title='bbox 1723 3011 1961 3066; x_wconf 84' lang='lat' dir='ltr'><strong>malum?</strong></span> 
     </span>
    </p>
   </div>
   <div class='ocr_carea' id='block_1_45' title="bbox 669 3105 1889 3178">
    <p class='ocr_par' dir='ltr' id='par_1_45' title="bbox 669 3105 1889 3178">
     <span class='ocr_line' id='line_1_45' title="bbox 669 3105 1889 3178; baseline -0.016 -1"><span class='ocrx_word' id='word_1_271' title='bbox 669 3117 1001 3178; x_wconf 73' lang='lat' dir='ltr'><strong>Ca‘cutiens,</strong></span> <span class='ocrx_word' id='word_1_272' title='bbox 1033 3114 1163 3166; x_wconf 92' lang='lat' dir='ltr'><strong>dum</strong></span> <span class='ocrx_word' id='word_1_273' title='bbox 1190 3107 1432 3164; x_wconf 78' lang='lat' dir='ltr'><strong>Plicebus</strong></span> <span class='ocrx_word' id='word_1_274' title='bbox 1461 3114 1544 3160; x_wconf 91' lang='lat' dir='ltr'><strong>est</strong></span> <span class='ocrx_word' id='word_1_275' title='bbox 1566 3105 1889 3170; x_wconf 89' lang='lat' dir='ltr'><strong>altissimus,</strong></span> 
     </span>
    </p>
   </div>
   <div class='ocr_carea' id='block_1_46' title="bbox 666 3198 1840 3270">
    <p class='ocr_par' dir='ltr' id='par_1_46' title="bbox 666 3198 1840 3270">
     <span class='ocr_line' id='line_1_46' title="bbox 666 3198 1840 3270; baseline -0.016 -1"><span class='ocrx_word' id='word_1_276' title='bbox 666 3216 857 3268; x_wconf 62' lang='lat' dir='ltr'><strong>thecas</strong></span> <span class='ocrx_word' id='word_1_277' title='bbox 890 3224 986 3262; x_wconf 87' lang='lat' dir='ltr'><strong>nec</strong></span> <span class='ocrx_word' id='word_1_278' title='bbox 1013 3205 1202 3260; x_wconf 88' lang='lat' dir='ltr'><strong>atteris</strong></span> <span class='ocrx_word' id='word_1_279' title='bbox 1228 3215 1348 3257; x_wconf 86' lang='lat' dir='ltr'><strong>tuas</strong></span> <span class='ocrx_word' id='word_1_280' title='bbox 1373 3201 1484 3270; x_wconf 88' lang='lat' dir='ltr'><strong>jam</strong></span> <span class='ocrx_word' id='word_1_281' title='bbox 1515 3198 1840 3268; x_wconf 82' lang='lat' dir='ltr'><strong>palpebras?</strong></span> 
     </span>
    </p>
   </div>
   <div class='ocr_carea' id='block_1_47' title="bbox 667 3285 1928 3359">
    <p class='ocr_par' dir='ltr' id='par_1_47' title="bbox 667 3285 1928 3359">
     <span class='ocr_line' id='line_1_47' title="bbox 667 3285 1928 3359; baseline -0.018 -2"><span class='ocrx_word' id='word_1_282' title='bbox 667 3301 937 3358; x_wconf 84' lang='lat' dir='ltr'><strong>l&#39;allidum</strong></span> <span class='ocrx_word' id='word_1_283' title='bbox 967 3302 1050 3350; x_wconf 89' lang='lat' dir='ltr'><strong>est</strong></span> <span class='ocrx_word' id='word_1_284' title='bbox 1072 3306 1265 3348; x_wconf 89' lang='lat' dir='ltr'><strong>aurum</strong></span> <span class='ocrx_word' id='word_1_285' title='bbox 1293 3288 1451 3359; x_wconf 88' lang='lat' dir='ltr'><strong>quasi</strong></span> <span class='ocrx_word' id='word_1_286' title='bbox 1483 3287 1674 3342; x_wconf 86' lang='lat' dir='ltr'><strong>dolens</strong></span> <span class='ocrx_word' id='word_1_287' title='bbox 1704 3285 1928 3340; x_wconf 82' lang='lat' dir='ltr'><strong>invidia.</strong></span> 
     </span>
    </p>
   </div>
   <div class='ocr_carea' id='block_1_48' title="bbox 669 3376 2038 3454">
    <p class='ocr_par' dir='ltr' id='par_1_48' title="bbox 669 3376 2038 3454">
     <span class='ocr_line' id='line_1_48' title="bbox 669 3376 2038 3454; baseline -0.016 -5"><span class='ocrx_word' id='word_1_288' title='bbox 669 3396 802 3449; x_wconf 69' lang='lat' dir='ltr'><strong>[hec</strong></span> <span class='ocrx_word' id='word_1_289' title='bbox 824 3390 970 3446; x_wconf 90' lang='lat' dir='ltr'><strong>enim</strong></span> <span class='ocrx_word' id='word_1_290' title='bbox 1006 3389 1060 3443; x_wconf 86' lang='lat' dir='ltr'><strong>in</strong></span> <span class='ocrx_word' id='word_1_291' title='bbox 1095 3387 1274 3454; x_wconf 90' lang='lat' dir='ltr'><strong>ipsum</strong></span> <span class='ocrx_word' id='word_1_292' title='bbox 1303 3391 1362 3436; x_wconf 90' lang='lat' dir='ltr'><strong>ut</strong></span> <span class='ocrx_word' id='word_1_293' title='bbox 1392 3379 1573 3450; x_wconf 82' lang='lat' dir='ltr'><strong>gravis</strong></span> <span class='ocrx_word' id='word_1_294' title='bbox 1599 3393 1826 3447; x_wconf 89' lang='lat' dir='ltr'><strong>serpens</strong></span> <span class='ocrx_word' id='word_1_295' title='bbox 1848 3376 2038 3445; x_wconf 85' lang='lat' dir='ltr'><strong>irrepit</strong></span> 
     </span>
    </p>
   </div>
   <div class='ocr_carea' id='block_1_49' title="bbox 669 3469 1790 3554">
    <p class='ocr_par' dir='ltr' id='par_1_49' title="bbox 669 3469 1790 3554">
     <span class='ocr_line' id='line_1_49' title="bbox 669 3469 1790 3554; baseline -0.017 -14"><span class='ocrx_word' id='word_1_296' title='bbox 669 3486 776 3554; x_wconf 85' lang='lat' dir='ltr'><strong>Qui</strong></span> <span class='ocrx_word' id='word_1_297' title='bbox 807 3499 864 3539; x_wconf 89' lang='lat' dir='ltr'><strong>se</strong></span> <span class='ocrx_word' id='word_1_298' title='bbox 891 3482 1212 3548; x_wconf 89' lang='lat' dir='ltr'><strong>intorquens</strong></span> <span class='ocrx_word' id='word_1_299' title='bbox 1242 3487 1466 3530; x_wconf 85' lang='lat' dir='ltr'><strong>cursum</strong></span> <span class='ocrx_word' id='word_1_300' title='bbox 1499 3469 1790 3535; x_wconf 88' lang='lat' dir='ltr'><strong>accelerat,</strong></span> 
     </span>
    </p>
   </div>
   <div class='ocr_carea' id='block_1_50' title="bbox 670 3558 1660 3634">
    <p class='ocr_par' dir='ltr' id='par_1_50' title="bbox 670 3558 1660 3634">
     <span class='ocr_line' id='line_1_50' title="bbox 670 3558 1660 3634; baseline -0.016 -4"><span class='ocrx_word' id='word_1_301' title='bbox 670 3576 740 3630; x_wconf 81' lang='lat' dir='ltr'><strong>Et</strong></span> <span class='ocrx_word' id='word_1_302' title='bbox 767 3583 1034 3628; x_wconf 85' lang='lat' dir='ltr'><strong>venenum</strong></span> <span class='ocrx_word' id='word_1_303' title='bbox 1060 3563 1429 3634; x_wconf 81' lang='lat' dir='ltr'><strong>corruptionis</strong></span> <span class='ocrx_word' id='word_1_304' title='bbox 1454 3558 1660 3630; x_wconf 79' lang='lat' dir='ltr'><strong>expuit.</strong></span> 
     </span>
    </p>
   </div>
   <div class='ocr_carea' id='block_1_51' title="bbox 673 3650 1815 3733">
    <p class='ocr_par' dir='ltr' id='par_1_51' title="bbox 673 3650 1815 3733">
     <span class='ocr_line' id='line_1_51' title="bbox 673 3650 1815 3733; baseline -0.016 -13"><span class='ocrx_word' id='word_1_305' title='bbox 673 3664 918 3733; x_wconf 78' lang='lat' dir='ltr'><strong>Simplex</strong></span> <span class='ocrx_word' id='word_1_306' title='bbox 951 3662 1021 3714; x_wconf 89' lang='lat' dir='ltr'><strong>ab</strong></span> <span class='ocrx_word' id='word_1_307' title='bbox 1047 3659 1167 3728; x_wconf 91' lang='lat' dir='ltr'><strong>ipso</strong></span> <span class='ocrx_word' id='word_1_308' title='bbox 1197 3667 1248 3710; x_wconf 89' lang='lat' dir='ltr'><strong>et</strong></span> <span class='ocrx_word' id='word_1_309' title='bbox 1279 3653 1520 3724; x_wconf 70' lang='lat' dir='ltr'><strong>aequiora</strong></span> <span class='ocrx_word' id='word_1_310' title='bbox 1545 3650 1815 3721; x_wconf 82' lang='lat' dir='ltr'><strong>postulas,</strong></span> 
     </span>
    </p>
   </div>
   <div class='ocr_carea' id='block_1_52' title="bbox 675 3742 1865 3823">
    <p class='ocr_par' dir='ltr' id='par_1_52' title="bbox 675 3742 1865 3823">
     <span class='ocr_line' id='line_1_52' title="bbox 675 3742 1865 3823; baseline -0.014 -10"><span class='ocrx_word' id='word_1_311' title='bbox 675 3757 796 3814; x_wconf 79' lang='lat' dir='ltr'><strong>Fati</strong></span> <span class='ocrx_word' id='word_1_312' title='bbox 823 3755 1050 3823; x_wconf 89' lang='lat' dir='ltr'><strong>impium</strong></span> <span class='ocrx_word' id='word_1_313' title='bbox 1076 3764 1279 3804; x_wconf 90' lang='lat' dir='ltr'><strong>numen</strong></span> <span class='ocrx_word' id='word_1_314' title='bbox 1311 3747 1575 3802; x_wconf 75' lang='lat' dir='ltr'><strong>decoratis</strong></span> <span class='ocrx_word' id='word_1_315' title='bbox 1601 3742 1865 3812; x_wconf 87' lang='lat' dir='ltr'><strong>turpiter?</strong></span> 
     </span>
    </p>
   </div>
   <div class='ocr_carea' id='block_1_53' title="bbox 674 3833 1950 3917">
    <p class='ocr_par' dir='ltr' id='par_1_53' title="bbox 674 3833 1950 3917">
     <span class='ocr_line' id='line_1_53' title="bbox 674 3833 1950 3917; baseline -0.019 -8"><span class='ocrx_word' id='word_1_316' title='bbox 674 3856 721 3909; x_wconf 88' lang='grc'>0</span> <span class='ocrx_word' id='word_1_317' title='bbox 749 3852 852 3917; x_wconf 87' lang='lat' dir='ltr'><strong>sol,</strong></span> <span class='ocrx_word' id='word_1_318' title='bbox 882 3850 1076 3904; x_wconf 89' lang='lat' dir='ltr'><strong>oculus</strong></span> <span class='ocrx_word' id='word_1_319' title='bbox 1100 3854 1279 3906; x_wconf 80' lang='lat' dir='ltr'><strong>terrae,</strong></span> <span class='ocrx_word' id='word_1_320' title='bbox 1306 3838 1581 3910; x_wconf 82' lang='lat' dir='ltr'><strong>quomodo</strong></span> <span class='ocrx_word' id='word_1_321' title='bbox 1614 3837 1728 3891; x_wconf 58' lang='lat' dir='ltr'><strong>hac</strong></span> <span class='ocrx_word' id='word_1_322' title='bbox 1759 3833 1950 3888; x_wconf 86' lang='lat' dir='ltr'><strong>vides?</strong></span> 
     </span>
    </p>
   </div>
   <div class='ocr_carea' id='block_1_54' title="bbox 679 3922 2179 4008">
    <p class='ocr_par' dir='ltr' id='par_1_54' title="bbox 679 3922 2179 4008">
     <span class='ocr_line' id='line_1_54' title="bbox 679 3922 2179 4008; baseline -0.017 -9"><span class='ocrx_word' id='word_1_323' title='bbox 679 3950 758 4001; x_wconf 86' lang='lat' dir='ltr'><strong>Ac</strong></span> <span class='ocrx_word' id='word_1_324' title='bbox 787 3945 831 4000; x_wconf 93' lang='lat' dir='ltr'><strong>si</strong></span> <span class='ocrx_word' id='word_1_325' title='bbox 869 3952 949 4006; x_wconf 92' lang='lat' dir='ltr'><strong>tu,</strong></span> <span class='ocrx_word' id='word_1_326' title='bbox 983 3948 1040 3993; x_wconf 91' lang='lat' dir='ltr'><strong>ut</strong></span> <span class='ocrx_word' id='word_1_327' title='bbox 1063 3952 1218 4008; x_wconf 88' lang='lat' dir='ltr'><strong>puer,</strong></span> <span class='ocrx_word' id='word_1_328' title='bbox 1237 3947 1432 3988; x_wconf 88' lang='lat' dir='ltr'><strong>aurum</strong></span> <span class='ocrx_word' id='word_1_329' title='bbox 1460 3929 1591 4000; x_wconf 91' lang='lat' dir='ltr'><strong>quid</strong></span> <span class='ocrx_word' id='word_1_330' title='bbox 1619 3925 1914 3996; x_wconf 84' lang='lat' dir='ltr'><strong>benignum</strong></span> <span class='ocrx_word' id='word_1_331' title='bbox 1942 3922 2179 3993; x_wconf 74' lang='lat' dir='ltr'><strong>iudicas,</strong></span> 
     </span>
    </p>
   </div>
   <div class='ocr_carea' id='block_1_55' title="bbox 678 4015 2077 4110">
    <p class='ocr_par' dir='ltr' id='par_1_55' title="bbox 678 4015 2077 4110">
     <span class='ocr_line' id='line_1_55' title="bbox 678 4015 2077 4110; baseline -0.016 -18"><span class='ocrx_word' id='word_1_332' title='bbox 678 4038 841 4110; x_wconf 83' lang='lat' dir='ltr'><strong>(Vere</strong></span> <span class='ocrx_word' id='word_1_333' title='bbox 869 4038 1014 4088; x_wconf 89' lang='lat' dir='ltr'><strong>enim</strong></span> <span class='ocrx_word' id='word_1_334' title='bbox 1043 4026 1374 4101; x_wconf 85' lang='lat' dir='ltr'><strong>pusillanimi</strong></span> <span class='ocrx_word' id='word_1_335' title='bbox 1399 4025 1498 4080; x_wconf 90' lang='lat' dir='ltr'><strong>viri</strong></span> <span class='ocrx_word' id='word_1_336' title='bbox 1524 4023 1623 4077; x_wconf 92' lang='lat' dir='ltr'><strong>boc</strong></span> <span class='ocrx_word' id='word_1_337' title='bbox 1652 4027 1736 4075; x_wconf 88' lang='lat' dir='ltr'><strong>est</strong></span> <span class='ocrx_word' id='word_1_338' title='bbox 1757 4015 2077 4088; x_wconf 86' lang='lat' dir='ltr'><strong>judicium).</strong></span> 
     </span>
    </p>
   </div>
   <div class='ocr_carea' id='block_1_56' title="bbox 677 4109 2009 4197">
    <p class='ocr_par' dir='ltr' id='par_1_56' title="bbox 677 4109 2009 4197">
     <span class='ocr_line' id='line_1_56' title="bbox 677 4109 2009 4197; baseline -0.016 -12"><span class='ocrx_word' id='word_1_339' title='bbox 677 4132 792 4185; x_wconf 74' lang='lat' dir='ltr'><strong>Cur</strong></span> <span class='ocrx_word' id='word_1_340' title='bbox 824 4129 991 4197; x_wconf 78' lang='lat' dir='ltr'><strong>igitur</strong></span> <span class='ocrx_word' id='word_1_341' title='bbox 1021 4123 1182 4187; x_wconf 86' lang='lat' dir='ltr'><strong>male,</strong></span> <span class='ocrx_word' id='word_1_342' title='bbox 1207 4135 1316 4175; x_wconf 90' lang='lat' dir='ltr'><strong>non</strong></span> <span class='ocrx_word' id='word_1_343' title='bbox 1348 4121 1484 4174; x_wconf 87' lang='lat' dir='ltr'><strong>bene</strong></span> <span class='ocrx_word' id='word_1_344' title='bbox 1504 4115 1741 4176; x_wconf 83' lang='lat' dir='ltr'><strong>amicum</strong></span> <span class='ocrx_word' id='word_1_345' title='bbox 1768 4109 2009 4180; x_wconf 78' lang='lat' dir='ltr'><strong>excipis?</strong></span> 
     </span>
    </p>
   </div>
   <div class='ocr_carea' id='block_1_57' title="bbox 677 4204 1919 4290">
    <p class='ocr_par' dir='ltr' id='par_1_57' title="bbox 677 4204 1919 4290">
     <span class='ocr_line' id='line_1_57' title="bbox 677 4204 1919 4290; baseline -0.019 -11"><span class='ocrx_word' id='word_1_346' title='bbox 677 4223 817 4278; x_wconf 81' lang='lat' dir='ltr'><strong>Nam</strong></span> <span class='ocrx_word' id='word_1_347' title='bbox 843 4221 1019 4290; x_wconf 86' lang='lat' dir='ltr'><strong>ipsum</strong></span> <span class='ocrx_word' id='word_1_348' title='bbox 1053 4214 1230 4269; x_wconf 85' lang='lat' dir='ltr'><strong>valide</strong></span> <span class='ocrx_word' id='word_1_349' title='bbox 1259 4220 1478 4279; x_wconf 87' lang='lat' dir='ltr'><strong>torques</strong></span> <span class='ocrx_word' id='word_1_350' title='bbox 1505 4216 1559 4262; x_wconf 91' lang='lat' dir='ltr'><strong>et</strong></span> <span class='ocrx_word' id='word_1_351' title='bbox 1586 4204 1919 4275; x_wconf 85' lang='lat' dir='ltr'><strong>strangulas,</strong></span> 
     </span>
    </p>
   </div>
   <div class='ocr_carea' id='block_1_58' title="bbox 685 4297 2005 4381">
    <p class='ocr_par' dir='ltr' id='par_1_58' title="bbox 685 4297 2005 4381">
     <span class='ocr_line' id='line_1_58' title="bbox 685 4297 2005 4381; baseline -0.016 -14"><span class='ocrx_word' id='word_1_352' title='bbox 685 4311 974 4381; x_wconf 84' lang='lat' dir='ltr'><strong>Quamvis,</strong></span> <span class='ocrx_word' id='word_1_353' title='bbox 1000 4315 1058 4358; x_wconf 92' lang='lat' dir='ltr'><strong>ut</strong></span> <span class='ocrx_word' id='word_1_354' title='bbox 1080 4303 1253 4359; x_wconf 87' lang='lat' dir='ltr'><strong>teneri</strong></span> <span class='ocrx_word' id='word_1_355' title='bbox 1281 4300 1522 4365; x_wconf 85' lang='lat' dir='ltr'><strong>nescius,</strong></span> <span class='ocrx_word' id='word_1_356' title='bbox 1549 4297 1615 4352; x_wconf 88' lang='lat' dir='ltr'><strong>ad</strong></span> <span class='ocrx_word' id='word_1_357' title='bbox 1638 4297 1776 4354; x_wconf 86' lang='lat' dir='ltr'><strong>alios</strong></span> <span class='ocrx_word' id='word_1_358' title='bbox 1800 4302 2005 4360; x_wconf 89' lang='lat' dir='ltr'><strong>currat,</strong></span> 
     </span>
    </p>
   </div>
   <div class='ocr_carea' id='block_1_59' title="bbox 682 4395 1608 4463">
    <p class='ocr_par' dir='ltr' id='par_1_59' title="bbox 682 4395 1608 4463">
     <span class='ocr_line' id='line_1_59' title="bbox 682 4395 1608 4463; baseline -0.015 -2"><span class='ocrx_word' id='word_1_359' title='bbox 682 4411 866 4461; x_wconf 83' lang='lat' dir='ltr'><strong>Ansas</strong></span> <span class='ocrx_word' id='word_1_360' title='bbox 896 4399 1158 4456; x_wconf 68' lang='lat' dir='ltr'><strong>custodiae</strong></span> <span class='ocrx_word' id='word_1_361' title='bbox 1189 4395 1449 4463; x_wconf 78' lang='lat' dir='ltr'><strong>frangens</strong></span> <span class='ocrx_word' id='word_1_362' title='bbox 1482 4403 1608 4456; x_wconf 65' lang='lat' dir='ltr'><strong>tua),</strong></span> 
     </span>
    </p>
   </div>
   <div class='ocr_carea' id='block_1_60' title="bbox 682 4479 1973 4554">
    <p class='ocr_par' dir='ltr' id='par_1_60' title="bbox 682 4479 1973 4554">
     <span class='ocr_line' id='line_1_60' title="bbox 682 4479 1973 4554; baseline -0.015 -3"><span class='ocrx_word' id='word_1_363' title='bbox 682 4500 740 4552; x_wconf 81' lang='lat' dir='ltr'><strong>Si</strong></span> <span class='ocrx_word' id='word_1_364' title='bbox 770 4505 949 4549; x_wconf 88' lang='lat' dir='ltr'><strong>autem</strong></span> <span class='ocrx_word' id='word_1_365' title='bbox 979 4493 1083 4544; x_wconf 86' lang='lat' dir='ltr'><strong>hoc</strong></span> <span class='ocrx_word' id='word_1_366' title='bbox 1113 4503 1234 4544; x_wconf 89' lang='lat' dir='ltr'><strong>esse</strong></span> <span class='ocrx_word' id='word_1_367' title='bbox 1267 4485 1471 4540; x_wconf 88' lang='lat' dir='ltr'><strong>malum</strong></span> <span class='ocrx_word' id='word_1_368' title='bbox 1511 4495 1703 4554; x_wconf 89' lang='lat' dir='ltr'><strong>reapse</strong></span> <span class='ocrx_word' id='word_1_369' title='bbox 1737 4479 1973 4552; x_wconf 77' lang='lat' dir='ltr'><strong>iudicas,</strong></span> 
     </span>
    </p>
   </div>
   <div class='ocr_carea' id='block_1_61' title="bbox 684 4573 1864 4646">
    <p class='ocr_par' dir='ltr' id='par_1_61' title="bbox 684 4573 1864 4646">
     <span class='ocr_line' id='line_1_61' title="bbox 684 4573 1864 4646; baseline -0.015 0"><span class='ocrx_word' id='word_1_370' title='bbox 684 4591 796 4646; x_wconf 92' lang='lat' dir='ltr'><strong>Cur</strong></span> <span class='ocrx_word' id='word_1_371' title='bbox 822 4583 1226 4642; x_wconf 85' lang='lat' dir='ltr'><strong>interfectorem</strong></span> <span class='ocrx_word' id='word_1_372' title='bbox 1259 4594 1367 4633; x_wconf 92' lang='lat' dir='ltr'><strong>non</strong></span> <span class='ocrx_word' id='word_1_373' title='bbox 1395 4577 1581 4640; x_wconf 90' lang='lat' dir='ltr'><strong>odisti,</strong></span> <span class='ocrx_word' id='word_1_374' title='bbox 1614 4589 1678 4630; x_wconf 88' lang='lat' dir='ltr'><strong>ac</strong></span> <span class='ocrx_word' id='word_1_375' title='bbox 1703 4573 1864 4644; x_wconf 80' lang='lat' dir='ltr'><strong>fugis,</strong></span> 
     </span>
    </p>
   </div>
   <div class='ocr_carea' id='block_1_62' title="bbox 687 4665 1941 4738">
    <p class='ocr_par' dir='ltr' id='par_1_62' title="bbox 687 4665 1941 4738">
     <span class='ocr_line' id='line_1_62' title="bbox 687 4665 1941 4738; baseline -0.016 0"><span class='ocrx_word' id='word_1_376' title='bbox 687 4683 885 4738; x_wconf 87' lang='lat' dir='ltr'><strong>Statim</strong></span> <span class='ocrx_word' id='word_1_377' title='bbox 911 4692 1010 4731; x_wconf 89' lang='lat' dir='ltr'><strong>nec</strong></span> <span class='ocrx_word' id='word_1_378' title='bbox 1045 4676 1111 4729; x_wconf 87' lang='lat' dir='ltr'><strong>ad</strong></span> <span class='ocrx_word' id='word_1_379' title='bbox 1142 4681 1359 4726; x_wconf 80' lang='lat' dir='ltr'><strong>ventres</strong></span> <span class='ocrx_word' id='word_1_380' title='bbox 1391 4667 1653 4723; x_wconf 83' lang='lat' dir='ltr'><strong>nefandos</strong></span> <span class='ocrx_word' id='word_1_381' title='bbox 1682 4665 1941 4738; x_wconf 82' lang='lat' dir='ltr'><strong>projicis?</strong></span> 
     </span>
    </p>
   </div>
   <div class='ocr_carea' id='block_1_63' title="bbox 687 4758 1727 4832">
    <p class='ocr_par' dir='ltr' id='par_1_63' title="bbox 687 4758 1727 4832">
     <span class='ocr_line' id='line_1_63' title="bbox 687 4758 1727 4832; baseline -0.015 -6"><span class='ocrx_word' id='word_1_382' title='bbox 687 4771 765 4826; x_wconf 87' lang='lat' dir='ltr'><strong>Ut</strong></span> <span class='ocrx_word' id='word_1_383' title='bbox 792 4768 1023 4824; x_wconf 74' lang='lat' dir='ltr'><strong>suﬂ&#39;eras</strong></span> <span class='ocrx_word' id='word_1_384' title='bbox 1047 4764 1258 4832; x_wconf 80' lang='lat' dir='ltr'><strong>majora</strong></span> <span class='ocrx_word' id='word_1_385' title='bbox 1288 4760 1488 4814; x_wconf 87' lang='lat' dir='ltr'><strong>lucrari</strong></span> <span class='ocrx_word' id='word_1_386' title='bbox 1532 4758 1727 4827; x_wconf 83' lang='lat' dir='ltr'><strong>magis.</strong></span> 
     </span>
    </p>
   </div>
   <div class='ocr_carea' id='block_1_64' title="bbox 685 4845 2015 4926">
    <p class='ocr_par' dir='ltr' id='par_1_64' title="bbox 685 4845 2015 4926">
     <span class='ocr_line' id='line_1_64' title="bbox 685 4845 2015 4926; baseline -0.013 -10"><span class='ocrx_word' id='word_1_387' title='bbox 685 4863 888 4923; x_wconf 90' lang='lat' dir='ltr'><strong>llomo,</strong></span> <span class='ocrx_word' id='word_1_388' title='bbox 923 4870 1135 4926; x_wconf 85' lang='lat' dir='ltr'><strong>precor,</strong></span> <span class='ocrx_word' id='word_1_389' title='bbox 1167 4855 1276 4920; x_wconf 83' lang='lat' dir='ltr'><strong>iam</strong></span> <span class='ocrx_word' id='word_1_390' title='bbox 1307 4851 1458 4906; x_wconf 88' lang='lat' dir='ltr'><strong>disce</strong></span> <span class='ocrx_word' id='word_1_391' title='bbox 1486 4859 1737 4903; x_wconf 88' lang='lat' dir='ltr'><strong>naturam</strong></span> <span class='ocrx_word' id='word_1_392' title='bbox 1771 4845 2015 4901; x_wconf 90' lang='lat' dir='ltr'><strong>omnium</strong></span> 
     </span>
    </p>
   </div>
   <div class='ocr_carea' id='block_1_65' title="bbox 688 4941 1830 5014">
    <p class='ocr_par' dir='ltr' id='par_1_65' title="bbox 688 4941 1830 5014">
     <span class='ocr_line' id='line_1_65' title="bbox 688 4941 1830 5014; baseline -0.01 -8"><span class='ocrx_word' id='word_1_393' title='bbox 688 4955 770 5006; x_wconf 75' lang='lat' dir='ltr'><strong>Ex</strong></span> <span class='ocrx_word' id='word_1_394' title='bbox 804 4951 967 5004; x_wconf 87' lang='lat' dir='ltr'><strong>rebus</strong></span> <span class='ocrx_word' id='word_1_395' title='bbox 992 4946 1133 5010; x_wconf 86' lang='lat' dir='ltr'><strong>istis,</strong></span> <span class='ocrx_word' id='word_1_396' title='bbox 1162 4960 1282 5014; x_wconf 78' lang='lat' dir='ltr'><strong>qua:</strong></span> <span class='ocrx_word' id='word_1_397' title='bbox 1305 4944 1488 4998; x_wconf 83' lang='lat' dir='ltr'><strong>valent</strong></span> <span class='ocrx_word' id='word_1_398' title='bbox 1521 4941 1830 5006; x_wconf 87' lang='lat' dir='ltr'><strong>ostendere,</strong></span> 
     </span>
    </p>
   </div>
   <div class='ocr_carea' id='block_1_66' title="bbox 689 5033 1749 5103">
    <p class='ocr_par' dir='ltr' id='par_1_66' title="bbox 689 5033 1749 5103">
     <span class='ocr_line' id='line_1_66' title="bbox 689 5033 1749 5103; baseline -0.01 -6"><span class='ocrx_word' id='word_1_399' title='bbox 689 5043 757 5097; x_wconf 83' lang='lat' dir='ltr'><strong>Et</strong></span> <span class='ocrx_word' id='word_1_400' title='bbox 785 5040 940 5095; x_wconf 89' lang='lat' dir='ltr'><strong>mitte</strong></span> <span class='ocrx_word' id='word_1_401' title='bbox 961 5053 1129 5092; x_wconf 88' lang='lat' dir='ltr'><strong>vanas</strong></span> <span class='ocrx_word' id='word_1_402' title='bbox 1153 5036 1208 5090; x_wconf 89' lang='lat' dir='ltr'><strong>in</strong></span> <span class='ocrx_word' id='word_1_403' title='bbox 1235 5036 1410 5090; x_wconf 89' lang='lat' dir='ltr'><strong>solum</strong></span> <span class='ocrx_word' id='word_1_404' title='bbox 1443 5033 1749 5103; x_wconf 86' lang='lat' dir='ltr'><strong>superbias.</strong></span> 
     </span>
    </p>
   </div>
   <div class='ocr_carea' id='block_1_67' title="bbox 691 5127 1793 5201">
    <p class='ocr_par' dir='ltr' id='par_1_67' title="bbox 691 5127 1793 5201">
     <span class='ocr_line' id='line_1_67' title="bbox 691 5127 1793 5201; baseline -0.009 -12"><span class='ocrx_word' id='word_1_405' title='bbox 691 5135 859 5189; x_wconf 78' lang='lat' dir='ltr'><strong>Vides</strong></span> <span class='ocrx_word' id='word_1_406' title='bbox 892 5131 1105 5201; x_wconf 85' lang='lat' dir='ltr'><strong>plantas</strong></span> <span class='ocrx_word' id='word_1_407' title='bbox 1134 5137 1192 5182; x_wconf 90' lang='lat' dir='ltr'><strong>ut</strong></span> <span class='ocrx_word' id='word_1_408' title='bbox 1215 5128 1390 5182; x_wconf 87' lang='lat' dir='ltr'><strong>virent</strong></span> <span class='ocrx_word' id='word_1_409' title='bbox 1421 5137 1474 5181; x_wconf 85' lang='lat' dir='ltr'><strong>et</strong></span> <span class='ocrx_word' id='word_1_410' title='bbox 1507 5127 1793 5197; x_wconf 82' lang='lat' dir='ltr'><strong>pullulant,</strong></span> 
     </span>
    </p>
   </div>
   <div class='ocr_carea' id='block_1_68' title="bbox 688 5216 2070 5294">
    <p class='ocr_par' dir='ltr' id='par_1_68' title="bbox 688 5216 2070 5294">
     <span class='ocr_line' id='line_1_68' title="bbox 688 5216 2070 5294; baseline -0.008 -16"><span class='ocrx_word' id='word_1_411' title='bbox 688 5227 758 5280; x_wconf 88' lang='lat' dir='ltr'><strong>Et</strong></span> <span class='ocrx_word' id='word_1_412' title='bbox 782 5234 901 5294; x_wconf 87' lang='lat' dir='ltr'><strong>post</strong></span> <span class='ocrx_word' id='word_1_413' title='bbox 933 5219 1153 5291; x_wconf 87' lang='lat' dir='ltr'><strong>aliquod</strong></span> <span class='ocrx_word' id='word_1_414' title='bbox 1185 5227 1401 5288; x_wconf 89' lang='lat' dir='ltr'><strong>tempus</strong></span> <span class='ocrx_word' id='word_1_415' title='bbox 1426 5227 1718 5272; x_wconf 89' lang='lat' dir='ltr'><strong>senescunt</strong></span> <span class='ocrx_word' id='word_1_416' title='bbox 1744 5225 1797 5270; x_wconf 89' lang='lat' dir='ltr'><strong>et</strong></span> <span class='ocrx_word' id='word_1_417' title='bbox 1831 5216 2070 5270; x_wconf 83' lang='lat' dir='ltr'><strong>cadunt?</strong></span> 
     </span>
    </p>
   </div>
   <div class='ocr_carea' id='block_1_69' title="bbox 687 5309 2130 5383">
    <p class='ocr_par' dir='ltr' id='par_1_69' title="bbox 687 5309 2130 5383">
     <span class='ocr_line' id='line_1_69' title="bbox 687 5309 2130 5383; baseline -0.005 -11"><span class='ocrx_word' id='word_1_418' title='bbox 687 5320 813 5372; x_wconf 76' lang='lat' dir='ltr'><strong>llzec</strong></span> <span class='ocrx_word' id='word_1_419' title='bbox 837 5317 1024 5372; x_wconf 88' lang='lat' dir='ltr'><strong>eadem</strong></span> <span class='ocrx_word' id='word_1_420' title='bbox 1054 5316 1169 5383; x_wconf 79' lang='lat' dir='ltr'><strong>ipsa</strong></span> <span class='ocrx_word' id='word_1_421' title='bbox 1195 5321 1246 5366; x_wconf 90' lang='lat' dir='ltr'><strong>te</strong></span> <span class='ocrx_word' id='word_1_422' title='bbox 1282 5320 1485 5376; x_wconf 86' lang='lat' dir='ltr'><strong>manet,</strong></span> <span class='ocrx_word' id='word_1_423' title='bbox 1529 5319 1588 5364; x_wconf 90' lang='lat' dir='ltr'><strong>ut</strong></span> <span class='ocrx_word' id='word_1_424' title='bbox 1624 5310 1790 5375; x_wconf 91' lang='lat' dir='ltr'><strong>nosti,</strong></span> <span class='ocrx_word' id='word_1_425' title='bbox 1817 5309 2130 5373; x_wconf 86' lang='lat' dir='ltr'><strong>inﬁrmitas,</strong></span> 
     </span>
    </p>
   </div>
   <div class='ocr_carea' id='block_1_70' title="bbox 689 5401 1998 5472">
    <p class='ocr_par' dir='ltr' id='par_1_70' title="bbox 689 5401 1998 5472">
     <span class='ocr_line' id='line_1_70' title="bbox 689 5401 1998 5472; baseline -0.005 -11"><span class='ocrx_word' id='word_1_426' title='bbox 689 5409 756 5462; x_wconf 87' lang='lat' dir='ltr'><strong>Et</strong></span> <span class='ocrx_word' id='word_1_427' title='bbox 786 5422 930 5461; x_wconf 82' lang='lat' dir='ltr'><strong>Illlllc</strong></span> <span class='ocrx_word' id='word_1_428' title='bbox 961 5405 1123 5459; x_wconf 82' lang='lat' dir='ltr'><strong>ﬂores</strong></span> <span class='ocrx_word' id='word_1_429' title='bbox 1155 5403 1399 5472; x_wconf 86' lang='lat' dir='ltr'><strong>quidem,</strong></span> <span class='ocrx_word' id='word_1_430' title='bbox 1422 5401 1751 5457; x_wconf 88' lang='lat' dir='ltr'><strong>deﬁorcsces</strong></span> <span class='ocrx_word' id='word_1_431' title='bbox 1778 5402 1998 5464; x_wconf 90' lang='lat' dir='ltr'><strong>iterum,</strong></span> 
     </span>
    </p>
   </div>
   <div class='ocr_carea' id='block_1_71' title="bbox 689 5494 1734 5568">
    <p class='ocr_par' dir='ltr' id='par_1_71' title="bbox 689 5494 1734 5568">
     <span class='ocr_line' id='line_1_71' title="bbox 689 5494 1734 5568; baseline -0.007 -12"><span class='ocrx_word' id='word_1_432' title='bbox 689 5501 824 5556; x_wconf 87' lang='lat' dir='ltr'><strong>Cum</strong></span> <span class='ocrx_word' id='word_1_433' title='bbox 859 5498 1028 5568; x_wconf 82' lang='lat' dir='ltr'><strong>frigus</strong></span> <span class='ocrx_word' id='word_1_434' title='bbox 1053 5495 1248 5550; x_wconf 88' lang='lat' dir='ltr'><strong>mortis</strong></span> <span class='ocrx_word' id='word_1_435' title='bbox 1277 5505 1330 5551; x_wconf 89' lang='lat' dir='ltr'><strong>te</strong></span> <span class='ocrx_word' id='word_1_436' title='bbox 1361 5494 1734 5564; x_wconf 87' lang='lat' dir='ltr'><strong>occupaverit.</strong></span> 
     </span>
    </p>
   </div>
   <div class='ocr_carea' id='block_1_72' title="bbox 689 5584 1981 5650">
    <p class='ocr_par' dir='ltr' id='par_1_72' title="bbox 689 5584 1981 5650">
     <span class='ocr_line' id='line_1_72' title="bbox 689 5584 1981 5650; baseline -0.005 -6"><span class='ocrx_word' id='word_1_437' title='bbox 689 5589 925 5644; x_wconf 78' lang='lat' dir='ltr'><strong>Fructus</strong></span> <span class='ocrx_word' id='word_1_438' title='bbox 951 5596 1131 5642; x_wconf 89' lang='lat' dir='ltr'><strong>tamen</strong></span> <span class='ocrx_word' id='word_1_439' title='bbox 1165 5586 1344 5640; x_wconf 90' lang='lat' dir='ltr'><strong>nullos</strong></span> <span class='ocrx_word' id='word_1_440' title='bbox 1375 5584 1566 5641; x_wconf 87' lang='lat' dir='ltr'><strong>adesse</strong></span> <span class='ocrx_word' id='word_1_441' title='bbox 1599 5593 1728 5639; x_wconf 92' lang='lat' dir='ltr'><strong>tunc</strong></span> <span class='ocrx_word' id='word_1_442' title='bbox 1755 5598 1981 5650; x_wconf 86' lang='lat' dir='ltr'><strong>vereor;</strong></span> 
     </span>
    </p>
   </div>
   <div class='ocr_carea' id='block_1_73' title="bbox 692 5680 2023 5737">
    <p class='ocr_par' dir='ltr' id='par_1_73' title="bbox 692 5680 2023 5737">
     <span class='ocr_line' id='line_1_73' title="bbox 692 5680 2023 5737; baseline -0.002 0"><span class='ocrx_word' id='word_1_443' title='bbox 692 5683 787 5737; x_wconf 86' lang='lat' dir='ltr'><strong>Illa</strong></span> <span class='ocrx_word' id='word_1_444' title='bbox 817 5684 960 5736; x_wconf 87' lang='lat' dir='ltr'><strong>enim</strong></span> <span class='ocrx_word' id='word_1_445' title='bbox 997 5681 1294 5737; x_wconf 79' lang='lat' dir='ltr'><strong>exetsionis</strong></span> <span class='ocrx_word' id='word_1_446' title='bbox 1325 5696 1412 5734; x_wconf 93' lang='lat' dir='ltr'><strong>me</strong></span> <span class='ocrx_word' id='word_1_447' title='bbox 1443 5690 1613 5736; x_wconf 87' lang='lat' dir='ltr'><strong>terret</strong></span> <span class='ocrx_word' id='word_1_448' title='bbox 1647 5680 2023 5736; x_wconf 89' lang='lat' dir='ltr'><strong>comminatio.</strong></span> 
     </span>
    </p>
   </div>
   <div class='ocr_carea' id='block_1_74' title="bbox 693 5774 2014 5845">
    <p class='ocr_par' dir='ltr' id='par_1_74' title="bbox 693 5774 2014 5845">
     <span class='ocr_line' id='line_1_74' title="bbox 693 5774 2014 5845; baseline 0.002 -17"><span class='ocrx_word' id='word_1_449' title='bbox 693 5775 974 5842; x_wconf 78' lang='lat' dir='ltr'><strong>Cognosce</strong></span> <span class='ocrx_word' id='word_1_450' title='bbox 1005 5782 1076 5838; x_wconf 88' lang='lat' dir='ltr'><strong>te,</strong></span> <span class='ocrx_word' id='word_1_451' title='bbox 1107 5781 1162 5828; x_wconf 86' lang='lat' dir='ltr'><strong>et</strong></span> <span class='ocrx_word' id='word_1_452' title='bbox 1191 5789 1460 5845; x_wconf 88' lang='lat' dir='ltr'><strong>cognosce</strong></span> <span class='ocrx_word' id='word_1_453' title='bbox 1486 5774 1690 5829; x_wconf 81' lang='lat' dir='ltr'><strong>ﬂuxum</strong></span> <span class='ocrx_word' id='word_1_454' title='bbox 1726 5775 2014 5843; x_wconf 84' lang='lat' dir='ltr'><strong>temporis-</strong></span> 
     </span>
    </p>
   </div>
   <div class='ocr_carea' id='block_1_75' title="bbox 2335 1719 3580 1792">
    <p class='ocr_par' dir='ltr' id='par_1_75' title="bbox 2335 1719 3580 1792">
     <span class='ocr_line' id='line_1_75' title="bbox 2335 1719 3580 1792; baseline -0.001 -17"><span class='ocrx_word' id='word_1_455' title='bbox 2335 1722 2446 1775; x_wconf 72' lang='grc' dir='ltr'><strong>Καὶ</strong></span> <span class='ocrx_word' id='word_1_456' title='bbox 2477 1721 2583 1774; x_wconf 87' lang='grc' dir='ltr'><strong>τῶν</strong></span> <span class='ocrx_word' id='word_1_457' title='bbox 2615 1719 2887 1788; x_wconf 86' lang='grc' dir='ltr'>περιττῶν</span> <span class='ocrx_word' id='word_1_458' title='bbox 2914 1720 3168 1789; x_wconf 82' lang='grc' dir='ltr'>ὲκφορεῖς</span> <span class='ocrx_word' id='word_1_459' title='bbox 3196 1721 3294 1789; x_wconf 75' lang='grc' dir='ltr'>τὴν</span> <span class='ocrx_word' id='word_1_460' title='bbox 3323 1720 3580 1792; x_wconf 87' lang='grc' dir='ltr'>κοπρίαν,</span> 
     </span>
    </p>
   </div>
   <div class='ocr_carea' id='block_1_76' title="bbox 2260 1787 3449 1881">
    <p class='ocr_par' dir='ltr' id='par_1_76' title="bbox 2260 1787 3449 1881">
     <span class='ocr_line' id='line_1_76' title="bbox 2260 1787 3449 1881; baseline 0.023 -34"><span class='ocrx_word' id='word_1_461' title='bbox 2260 1787 2308 1848; x_wconf 83' lang='grc' dir='ltr'><strong>Β</strong></span> <span class='ocrx_word' id='word_1_462' title='bbox 2342 1813 2411 1865; x_wconf 84' lang='lat' dir='ltr'><strong>&quot;H</strong></span> <span class='ocrx_word' id='word_1_463' title='bbox 2443 1787 2792 1881; x_wconf 80' lang='grc' dir='ltr'>κατασαπῇς,</span> <span class='ocrx_word' id='word_1_464' title='bbox 2822 1811 2917 1863; x_wconf 76' lang='grc' dir='ltr'>καὶ</span> <span class='ocrx_word' id='word_1_465' title='bbox 2955 1787 3083 1881; x_wconf 50' lang='lat' dir='ltr'><strong>pen:</strong></span> <span class='ocrx_word' id='word_1_466' title='bbox 3113 1809 3206 1863; x_wconf 68' lang='grc' dir='ltr'><strong>ἐπὶ</strong></span> <span class='ocrx_word' id='word_1_467' title='bbox 3238 1787 3449 1880; x_wconf 53' lang='grc' dir='ltr'>κλίνης.</span> 
     </span>
    </p>
   </div>
   <div class='ocr_carea' id='block_1_77' title="bbox 2351 1900 3570 1973">
    <p class='ocr_par' dir='ltr' id='par_1_77' title="bbox 2351 1900 3570 1973">
     <span class='ocr_line' id='line_1_77' title="bbox 2351 1900 3570 1973; baseline -0.002 -15"><span class='ocrx_word' id='word_1_468' title='bbox 2351 1902 2536 1973; x_wconf 84' lang='grc' dir='ltr'>Ἐμῶν</span> <span class='ocrx_word' id='word_1_469' title='bbox 2563 1902 2632 1956; x_wconf 86' lang='grc' dir='ltr'>τὰ</span> <span class='ocrx_word' id='word_1_470' title='bbox 2663 1900 2818 1955; x_wconf 80' lang='grc' dir='ltr'>κοινὰ</span> <span class='ocrx_word' id='word_1_471' title='bbox 2844 1903 2912 1971; x_wconf 80' lang='grc' dir='ltr'>τῇ</span> <span class='ocrx_word' id='word_1_472' title='bbox 2946 1904 3154 1971; x_wconf 79' lang='grc' dir='ltr'>στροφῇ</span> <span class='ocrx_word' id='word_1_473' title='bbox 3178 1900 3289 1956; x_wconf 88' lang='grc' dir='ltr'><strong>τῶν</strong></span> <span class='ocrx_word' id='word_1_474' title='bbox 3314 1901 3570 1955; x_wconf 78' lang='grc' dir='ltr'>ἐλπίδων.</span> 
     </span>
    </p>
   </div>
   <div class='ocr_carea' id='block_1_78' title="bbox 2346 1991 3607 2064">
    <p class='ocr_par' dir='ltr' id='par_1_78' title="bbox 2346 1991 3607 2064">
     <span class='ocr_line' id='line_1_78' title="bbox 2346 1991 3607 2064; baseline 0.006 -17"><span class='ocrx_word' id='word_1_475' title='bbox 2346 1995 2418 2048; x_wconf 85' lang='grc' dir='ltr'>Ἢ</span> <span class='ocrx_word' id='word_1_476' title='bbox 2447 1995 2540 2048; x_wconf 75' lang='grc' dir='ltr'>καὶ</span> <span class='ocrx_word' id='word_1_477' title='bbox 2573 1993 2908 2064; x_wconf 73' lang='grc' dir='ltr'>προληφθεὶς</span> <span class='ocrx_word' id='word_1_478' title='bbox 2941 1993 3216 2063; x_wconf 81' lang='grc' dir='ltr'>δυστυχῶς</span> <span class='ocrx_word' id='word_1_479' title='bbox 3241 1991 3342 2061; x_wconf 87' lang='grc' dir='ltr'><strong>τῆς</strong></span> <span class='ocrx_word' id='word_1_480' title='bbox 3369 1992 3607 2061; x_wconf 70' lang='grc' dir='ltr'>ἑϐδόμης</span> 
     </span>
    </p>
   </div>
   <div class='ocr_carea' id='block_1_79' title="bbox 2341 2084 3437 2157">
    <p class='ocr_par' dir='ltr' id='par_1_79' title="bbox 2341 2084 3437 2157">
     <span class='ocr_line' id='line_1_79' title="bbox 2341 2084 3437 2157; baseline -0.005 -16"><span class='ocrx_word' id='word_1_481' title='bbox 2341 2086 2485 2157; x_wconf 72' lang='grc' dir='ltr'>Πρὸς</span> <span class='ocrx_word' id='word_1_482' title='bbox 2524 2087 2618 2157; x_wconf 76' lang='grc' dir='ltr'><strong>τὴν</strong></span> <span class='ocrx_word' id='word_1_483' title='bbox 2647 2085 3180 2156; x_wconf 12' lang='grc' dir='ltr'>ἀκατάλυτονιᾰχθῇς</span> <span class='ocrx_word' id='word_1_484' title='bbox 3222 2084 3437 2154; x_wconf 84' lang='grc' dir='ltr'>ὀγδόην,</span> 
     </span>
    </p>
   </div>
   <div class='ocr_carea' id='block_1_80' title="bbox 2347 2176 3558 2248">
    <p class='ocr_par' dir='ltr' id='par_1_80' title="bbox 2347 2176 3558 2248">
     <span class='ocr_line' id='line_1_80' title="bbox 2347 2176 3558 2248; baseline 0.036 -50"><span class='ocrx_word' id='word_1_485' title='bbox 2347 2179 2450 2232; x_wconf 70' lang='grc' dir='ltr'><strong>,Ἦν</strong></span> <span class='ocrx_word' id='word_1_486' title='bbox 2475 2177 2714 2248; x_wconf 62' lang='grc' dir='ltr'>ἐσχάτην</span> <span class='ocrx_word' id='word_1_487' title='bbox 2743 2176 2998 2248; x_wconf 77' lang='grc' dir='ltr'>κρίσιμον</span> <span class='ocrx_word' id='word_1_488' title='bbox 3034 2176 3210 2247; x_wconf 84' lang='grc' dir='ltr'>εὑρῶν</span> <span class='ocrx_word' id='word_1_489' title='bbox 3242 2176 3558 2246; x_wconf 76' lang='grc' dir='ltr'>δακρύσειςο</span> 
     </span>
    </p>
   </div>
   <div class='ocr_carea' id='block_1_81' title="bbox 2355 2269 3491 2341">
    <p class='ocr_par' dir='ltr' id='par_1_81' title="bbox 2355 2269 3491 2341">
     <span class='ocr_line' id='line_1_81' title="bbox 2355 2269 3491 2341; baseline -0.001 -18"><span class='ocrx_word' id='word_1_490' title='bbox 2355 2270 2509 2323; x_wconf 76' lang='grc' dir='ltr'>Ἐπεὶ</span> <span class='ocrx_word' id='word_1_491' title='bbox 2540 2271 2776 2339; x_wconf 78' lang='grc' dir='ltr'>γαληνὸν</span> <span class='ocrx_word' id='word_1_492' title='bbox 2802 2270 2892 2323; x_wconf 76' lang='grc' dir='ltr'>τὸν</span> <span class='ocrx_word' id='word_1_493' title='bbox 2925 2270 3116 2341; x_wconf 85' lang='grc' dir='ltr'>κριτὴν</span> <span class='ocrx_word' id='word_1_494' title='bbox 3148 2270 3208 2323; x_wconf 81' lang='grc' dir='ltr'><strong>ού</strong></span> <span class='ocrx_word' id='word_1_495' title='bbox 3231 2269 3491 2322; x_wconf 79' lang='grc' dir='ltr'>δεικνύει.</span> 
     </span>
    </p>
   </div>
   <div class='ocr_carea' id='block_1_82' title="bbox 2342 2360 3403 2433">
    <p class='ocr_par' dir='ltr' id='par_1_82' title="bbox 2342 2360 3403 2433">
     <span class='ocr_line' id='line_1_82' title="bbox 2342 2360 3403 2433; baseline -0.001 -19"><span class='ocrx_word' id='word_1_496' title='bbox 2342 2362 2435 2414; x_wconf 86' lang='grc' dir='ltr'><strong>Δεῖ</strong></span> <span class='ocrx_word' id='word_1_497' title='bbox 2461 2360 2566 2433; x_wconf 76' lang='grc' dir='ltr'>γὰρ</span> <span class='ocrx_word' id='word_1_498' title='bbox 2599 2362 2658 2425; x_wconf 75' lang='grc' dir='ltr'>ἐς</span> <span class='ocrx_word' id='word_1_499' title='bbox 2686 2363 2856 2431; x_wconf 80' lang='grc' dir='ltr'>αὐτὴν</span> <span class='ocrx_word' id='word_1_500' title='bbox 2877 2362 3311 2432; x_wconf 86' lang='grc' dir='ltr'>ἀποδημήσαντά</span> <span class='ocrx_word' id='word_1_501' title='bbox 3345 2378 3403 2414; x_wconf 86' lang='grc' dir='ltr'><strong>σε</strong></span> 
     </span>
    </p>
   </div>
   <div class='ocr_carea' id='block_1_83' title="bbox 2347 2450 3594 2523">
    <p class='ocr_par' dir='ltr' id='par_1_83' title="bbox 2347 2450 3594 2523">
     <span class='ocr_line' id='line_1_83' title="bbox 2347 2450 3594 2523; baseline -0.002 -17"><span class='ocrx_word' id='word_1_502' title='bbox 2347 2453 2544 2516; x_wconf 80' lang='grc' dir='ltr'>Ποινὰς</span> <span class='ocrx_word' id='word_1_503' title='bbox 2577 2453 2835 2523; x_wconf 77' lang='grc' dir='ltr'>ὑποσχεῖν</span> <span class='ocrx_word' id='word_1_504' title='bbox 2868 2452 2990 2505; x_wconf 78' lang='grc' dir='ltr'>ἀντὶ</span> <span class='ocrx_word' id='word_1_505' title='bbox 3027 2452 3134 2505; x_wconf 82' lang='grc' dir='ltr'><strong>τῶν</strong></span> <span class='ocrx_word' id='word_1_506' title='bbox 3169 2450 3594 2521; x_wconf 77' lang='grc' dir='ltr'>πεπραγμένων.</span> 
     </span>
    </p>
   </div>
   <div class='ocr_carea' id='block_1_84' title="bbox 2349 2543 3471 2617">
    <p class='ocr_par' dir='ltr' id='par_1_84' title="bbox 2349 2543 3471 2617">
     <span class='ocr_line' id='line_1_84' title="bbox 2349 2543 3471 2617; baseline -0.002 -20"><span class='ocrx_word' id='word_1_507' title='bbox 2349 2546 2414 2596; x_wconf 84' lang='grc' dir='ltr'>Ὤ</span> <span class='ocrx_word' id='word_1_508' title='bbox 2438 2545 2520 2606; x_wconf 86' lang='grc' dir='ltr'><strong>τίς</strong></span> <span class='ocrx_word' id='word_1_509' title='bbox 2553 2545 2580 2597; x_wconf 83' lang='grc' dir='ltr'><strong>ὁ</strong></span> <span class='ocrx_word' id='word_1_510' title='bbox 2611 2544 2778 2615; x_wconf 82' lang='grc' dir='ltr'>βαθὺς</span> <span class='ocrx_word' id='word_1_511' title='bbox 2801 2545 2896 2598; x_wconf 77' lang='grc' dir='ltr'>καὶ</span> <span class='ocrx_word' id='word_1_512' title='bbox 2925 2543 3234 2617; x_wconf 58' lang='grc' dir='ltr'>θορυϐωης</span> <span class='ocrx_word' id='word_1_513' title='bbox 3266 2543 3433 2608; x_wconf 77' lang='grc' dir='ltr'>κάρος</span> <span class='ocrx_word' id='word_1_514' title='bbox 3458 2544 3471 2595; x_wconf 86' lang='lat'><strong>!</strong></span> 
     </span>
    </p>
   </div>
   <div class='ocr_carea' id='block_1_85' title="bbox 2356 2628 3595 2704">
    <p class='ocr_par' dir='ltr' id='par_1_85' title="bbox 2356 2628 3595 2704">
     <span class='ocr_line' id='line_1_85' title="bbox 2356 2628 3595 2704; baseline -0.001 -16"><span class='ocrx_word' id='word_1_515' title='bbox 2356 2635 2479 2704; x_wconf 79' lang='grc' dir='ltr'><strong>Ὑφ’</strong></span> <span class='ocrx_word' id='word_1_516' title='bbox 2513 2628 2574 2689; x_wconf 76' lang='grc' dir='ltr'><strong>οὗ</strong></span> <span class='ocrx_word' id='word_1_517' title='bbox 2599 2637 2846 2690; x_wconf 83' lang='grc' dir='ltr'>θανατῶν</span> <span class='ocrx_word' id='word_1_518' title='bbox 2875 2637 2935 2688; x_wconf 83' lang='grc' dir='ltr'>οὐ</span> <span class='ocrx_word' id='word_1_519' title='bbox 2965 2638 3188 2698; x_wconf 84' lang='grc' dir='ltr'>σκοπεῖς</span> <span class='ocrx_word' id='word_1_520' title='bbox 3211 2635 3271 2688; x_wconf 79' lang='grc' dir='ltr'>τὸ</span> <span class='ocrx_word' id='word_1_521' title='bbox 3299 2634 3595 2702; x_wconf 73' lang='grc' dir='ltr'>συμφέρον.</span> 
     </span>
    </p>
   </div>
   <div class='ocr_carea' id='block_1_86' title="bbox 2345 2724 3494 2798">
    <p class='ocr_par' dir='ltr' id='par_1_86' title="bbox 2345 2724 3494 2798">
     <span class='ocr_line' id='line_1_86' title="bbox 2345 2724 3494 2798; baseline -0.005 -17"><span class='ocrx_word' id='word_1_522' title='bbox 2345 2727 2700 2798; x_wconf 80' lang='grc' dir='ltr'>Καθεύδομεν</span> <span class='ocrx_word' id='word_1_523' title='bbox 2737 2727 2848 2797; x_wconf 87' lang='grc' dir='ltr'>γὰρ</span> <span class='ocrx_word' id='word_1_524' title='bbox 2888 2727 2992 2780; x_wconf 84' lang='grc' dir='ltr'><strong>ὑπὸ</strong></span> <span class='ocrx_word' id='word_1_525' title='bbox 3028 2726 3126 2796; x_wconf 88' lang='grc' dir='ltr'><strong>τῆς</strong></span> <span class='ocrx_word' id='word_1_526' title='bbox 3165 2724 3494 2796; x_wconf 83' lang='grc' dir='ltr'>ἀπληστίας,</span> 
     </span>
    </p>
   </div>
   <div class='ocr_carea' id='block_1_87' title="bbox 2346 2815 3493 2888">
    <p class='ocr_par' dir='ltr' id='par_1_87' title="bbox 2346 2815 3493 2888">
     <span class='ocr_line' id='line_1_87' title="bbox 2346 2815 3493 2888; baseline -0.004 -15"><span class='ocrx_word' id='word_1_527' title='bbox 2346 2818 2460 2873; x_wconf 80' lang='lat' dir='ltr'><strong>Kal</strong></span> <span class='ocrx_word' id='word_1_528' title='bbox 2487 2820 2848 2888; x_wconf 70' lang='grc' dir='ltr'>νυκτομαχεῖν</span> <span class='ocrx_word' id='word_1_529' title='bbox 2885 2817 3143 2888; x_wconf 76' lang='grc' dir='ltr'>ἀξιοῦμεν</span> <span class='ocrx_word' id='word_1_530' title='bbox 3177 2816 3272 2888; x_wconf 82' lang='grc' dir='ltr'>τὴν</span> <span class='ocrx_word' id='word_1_531' title='bbox 3307 2815 3493 2886; x_wconf 80' lang='grc' dir='ltr'>φύσιν,</span> 
     </span>
    </p>
   </div>
   <div class='ocr_carea' id='block_1_88' title="bbox 2347 2909 3332 2981">
    <p class='ocr_par' dir='ltr' id='par_1_88' title="bbox 2347 2909 3332 2981">
     <span class='ocr_line' id='line_1_88' title="bbox 2347 2909 3332 2981; baseline -0.005 -16"><span class='ocrx_word' id='word_1_532' title='bbox 2347 2911 2421 2965; x_wconf 87' lang='grc' dir='ltr'>Τὸ</span> <span class='ocrx_word' id='word_1_533' title='bbox 2451 2911 2550 2981; x_wconf 85' lang='grc' dir='ltr'><strong>τῆς</strong></span> <span class='ocrx_word' id='word_1_534' title='bbox 2575 2911 2702 2980; x_wconf 75' lang='grc' dir='ltr'>ὅλης</span> <span class='ocrx_word' id='word_1_535' title='bbox 2741 2912 2970 2966; x_wconf 76' lang='grc' dir='ltr'>ἄπιστον</span> <span class='ocrx_word' id='word_1_536' title='bbox 2998 2909 3332 2979; x_wconf 79' lang='grc' dir='ltr'>ἠγνοηκότες</span> 
     </span>
    </p>
   </div>
   <div class='ocr_carea' id='block_1_89' title="bbox 2348 2999 3567 3072">
    <p class='ocr_par' dir='ltr' id='par_1_89' title="bbox 2348 2999 3567 3072">
     <span class='ocr_line' id='line_1_89' title="bbox 2348 2999 3567 3072; baseline -0.005 -15"><span class='ocrx_word' id='word_1_537' title='bbox 2348 3005 2415 3058; x_wconf 88' lang='grc' dir='ltr'>Τί</span> <span class='ocrx_word' id='word_1_538' title='bbox 2444 3005 2601 3058; x_wconf 80' lang='grc' dir='ltr'>τοῦτο</span> <span class='ocrx_word' id='word_1_539' title='bbox 2629 3007 2797 3067; x_wconf 79' lang='grc' dir='ltr'>ποιεῖς</span> <span class='ocrx_word' id='word_1_540' title='bbox 2821 3021 2834 3070; x_wconf 90' lang='grc'><strong>;</strong></span> <span class='ocrx_word' id='word_1_541' title='bbox 2872 3004 2957 3056; x_wconf 76' lang='grc' dir='ltr'><strong>ἵνα</strong></span> <span class='ocrx_word' id='word_1_542' title='bbox 2978 3004 3030 3058; x_wconf 87' lang='grc' dir='ltr'><strong>τί</strong></span> <span class='ocrx_word' id='word_1_543' title='bbox 3059 3003 3105 3056; x_wconf 84' lang='grc' dir='ltr'>δ’</span> <span class='ocrx_word' id='word_1_544' title='bbox 3134 3001 3286 3055; x_wconf 77' lang='grc' dir='ltr'>οῦπω</span> <span class='ocrx_word' id='word_1_545' title='bbox 3311 2999 3531 3072; x_wconf 82' lang='grc' dir='ltr'>βλέπεις</span> <span class='ocrx_word' id='word_1_546' title='bbox 3548 3016 3567 3066; x_wconf 89' lang='grc'><strong><em>;</em></strong></span> 
     </span>
    </p>
   </div>
   <div class='ocr_carea' id='block_1_90' title="bbox 2362 3092 3547 3166">
    <p class='ocr_par' dir='ltr' id='par_1_90' title="bbox 2362 3092 3547 3166">
     <span class='ocr_line' id='line_1_90' title="bbox 2362 3092 3547 3166; baseline -0.008 -14"><span class='ocrx_word' id='word_1_547' title='bbox 2362 3097 2503 3152; x_wconf 84' lang='grc' dir='ltr'>Ἀλλ’</span> <span class='ocrx_word' id='word_1_548' title='bbox 2535 3096 2891 3166; x_wconf 80' lang='grc' dir='ltr'>ἀμϐλυωπεῖς</span> <span class='ocrx_word' id='word_1_549' title='bbox 2922 3097 2979 3148; x_wconf 82' lang='grc' dir='ltr'>ὲν</span> <span class='ocrx_word' id='word_1_550' title='bbox 3014 3097 3175 3163; x_wconf 77' lang='grc' dir='ltr'>σαφεῖ</span> <span class='ocrx_word' id='word_1_551' title='bbox 3206 3092 3547 3164; x_wconf 73' lang='grc' dir='ltr'>μεσημϐρίᾳ,</span> 
     </span>
    </p>
   </div>
   <div class='ocr_carea' id='block_1_91' title="bbox 2352 3183 3623 3259">
    <p class='ocr_par' dir='ltr' id='par_1_91' title="bbox 2352 3183 3623 3259">
     <span class='ocr_line' id='line_1_91' title="bbox 2352 3183 3623 3259; baseline -0.008 -15"><span class='ocrx_word' id='word_1_552' title='bbox 2352 3190 2434 3244; x_wconf 78' lang='grc' dir='ltr'>Τὰ</span> <span class='ocrx_word' id='word_1_553' title='bbox 2468 3189 2688 3258; x_wconf 87' lang='grc' dir='ltr'>κρυπτά</span> <span class='ocrx_word' id='word_1_554' title='bbox 2721 3205 2814 3241; x_wconf 90' lang='grc' dir='ltr'><strong>σου</strong></span> <span class='ocrx_word' id='word_1_555' title='bbox 2852 3187 3095 3259; x_wconf 80' lang='grc' dir='ltr'>βλέφαρα</span> <span class='ocrx_word' id='word_1_556' title='bbox 3133 3186 3207 3257; x_wconf 85' lang='grc' dir='ltr'>μὴ</span> <span class='ocrx_word' id='word_1_557' title='bbox 3242 3183 3623 3256; x_wconf 76' lang='grc' dir='ltr'>παρατρίδωνς</span> 
     </span>
    </p>
   </div>
   <div class='ocr_carea' id='block_1_92' title="bbox 2367 3276 3581 3353">
    <p class='ocr_par' dir='ltr' id='par_1_92' title="bbox 2367 3276 3581 3353">
     <span class='ocr_line' id='line_1_92' title="bbox 2367 3276 3581 3353; baseline -0.006 -19"><span class='ocrx_word' id='word_1_558' title='bbox 2367 3281 2424 3334; x_wconf 85' lang='lat'><strong>&#39;0</strong></span> <span class='ocrx_word' id='word_1_559' title='bbox 2454 3282 2652 3353; x_wconf 83' lang='grc' dir='ltr'>χρυσὸς</span> <span class='ocrx_word' id='word_1_560' title='bbox 2686 3281 2862 3351; x_wconf 77' lang='grc' dir='ltr'>ὠχρός</span> <span class='ocrx_word' id='word_1_561' title='bbox 2889 3283 3036 3333; x_wconf 74' lang='grc' dir='ltr'>ἐστιν</span> <span class='ocrx_word' id='word_1_562' title='bbox 3063 3277 3246 3346; x_wconf 81' lang='grc' dir='ltr'>ἀλγῶν</span> <span class='ocrx_word' id='word_1_563' title='bbox 3276 3278 3353 3347; x_wconf 84' lang='grc' dir='ltr'>τῷ</span> <span class='ocrx_word' id='word_1_564' title='bbox 3383 3276 3581 3346; x_wconf 71' lang='grc' dir='ltr'>φθόνῳ.</span> 
     </span>
    </p>
   </div>
   <div class='ocr_carea' id='block_1_93' title="bbox 2353 3368 3671 3445">
    <p class='ocr_par' dir='ltr' id='par_1_93' title="bbox 2353 3368 3671 3445">
     <span class='ocr_line' id='line_1_93' title="bbox 2353 3368 3671 3445; baseline -0.008 -17"><span class='ocrx_word' id='word_1_565' title='bbox 2353 3375 2466 3429; x_wconf 81' lang='grc' dir='ltr'><strong>Καὶ</strong></span> <span class='ocrx_word' id='word_1_566' title='bbox 2495 3376 2602 3445; x_wconf 83' lang='grc' dir='ltr'>γὰρ</span> <span class='ocrx_word' id='word_1_567' title='bbox 2634 3373 2721 3425; x_wconf 72' lang='grc' dir='ltr'><strong>ἐπ’</strong></span> <span class='ocrx_word' id='word_1_568' title='bbox 2758 3372 2921 3426; x_wconf 80' lang='grc' dir='ltr'>αὑτὸν</span> <span class='ocrx_word' id='word_1_569' title='bbox 2959 3372 3034 3436; x_wconf 84' lang='grc' dir='ltr'><strong>ὡς</strong></span> <span class='ocrx_word' id='word_1_570' title='bbox 3073 3370 3245 3442; x_wconf 78' lang='grc' dir='ltr'>βαρὺς</span> <span class='ocrx_word' id='word_1_571' title='bbox 3274 3370 3433 3440; x_wconf 72' lang='grc' dir='ltr'>ἕρπει</span> <span class='ocrx_word' id='word_1_572' title='bbox 3461 3368 3671 3438; x_wconf 81' lang='grc' dir='ltr'>δράκων</span> 
     </span>
    </p>
   </div>
   <div class='ocr_carea' id='block_1_94' title="bbox 2353 3461 3550 3538">
    <p class='ocr_par' dir='ltr' id='par_1_94' title="bbox 2353 3461 3550 3538">
     <span class='ocr_line' id='line_1_94' title="bbox 2353 3461 3550 3538; baseline -0.006 -19"><span class='ocrx_word' id='word_1_573' title='bbox 2353 3466 2466 3538; x_wconf 84' lang='grc' dir='ltr'>Τὴν</span> <span class='ocrx_word' id='word_1_574' title='bbox 2495 3466 2587 3519; x_wconf 80' lang='grc' dir='ltr'>τοῦ</span> <span class='ocrx_word' id='word_1_575' title='bbox 2618 3465 2813 3537; x_wconf 80' lang='grc' dir='ltr'>χρόνου</span> <span class='ocrx_word' id='word_1_576' title='bbox 2845 3465 3061 3536; x_wconf 85' lang='grc' dir='ltr'>κίνησιν</span> <span class='ocrx_word' id='word_1_577' title='bbox 3087 3461 3550 3532; x_wconf 80' lang='grc' dir='ltr'>ἀντισυστρὲφων,</span> 
     </span>
    </p>
   </div>
   <div class='ocr_carea' id='block_1_95' title="bbox 2365 3551 3501 3628">
    <p class='ocr_par' dir='ltr' id='par_1_95' title="bbox 2365 3551 3501 3628">
     <span class='ocr_line' id='line_1_95' title="bbox 2365 3551 3501 3628; baseline -0.006 -17"><span class='ocrx_word' id='word_1_578' title='bbox 2365 3557 2486 3626; x_wconf 80' lang='grc' dir='ltr'><strong>Ὑφ’</strong></span> <span class='ocrx_word' id='word_1_579' title='bbox 2517 3553 2584 3628; x_wconf 84' lang='grc' dir='ltr'>ἧς</span> <span class='ocrx_word' id='word_1_580' title='bbox 2615 3558 2704 3611; x_wconf 78' lang='grc' dir='ltr'><strong>τὸν</strong></span> <span class='ocrx_word' id='word_1_581' title='bbox 2734 3556 2810 3609; x_wconf 81' lang='grc' dir='ltr'><strong>ίὸν</strong></span> <span class='ocrx_word' id='word_1_582' title='bbox 2847 3556 2948 3626; x_wconf 89' lang='grc' dir='ltr'><strong>τῆς</strong></span> <span class='ocrx_word' id='word_1_583' title='bbox 2979 3555 3184 3624; x_wconf 79' lang='grc' dir='ltr'>φθορᾶς</span> <span class='ocrx_word' id='word_1_584' title='bbox 3213 3551 3501 3608; x_wconf 84' lang='grc' dir='ltr'>ἀναπτύει.</span> 
     </span>
    </p>
   </div>
   <div class='ocr_carea' id='block_1_96' title="bbox 2355 3643 3562 3720">
    <p class='ocr_par' dir='ltr' id='par_1_96' title="bbox 2355 3643 3562 3720">
     <span class='ocr_line' id='line_1_96' title="bbox 2355 3643 3562 3720; baseline -0.008 -15"><span class='ocrx_word' id='word_1_585' title='bbox 2355 3650 2466 3705; x_wconf 79' lang='lat' dir='ltr'><strong>Kal</strong></span> <span class='ocrx_word' id='word_1_586' title='bbox 2489 3652 2552 3702; x_wconf 74' lang='grc' dir='ltr'>σὺ</span> <span class='ocrx_word' id='word_1_587' title='bbox 2577 3650 2704 3720; x_wconf 85' lang='grc' dir='ltr'>παρ’</span> <span class='ocrx_word' id='word_1_588' title='bbox 2733 3649 2883 3719; x_wconf 85' lang='grc' dir='ltr'><strong>αὐτῷ</strong></span> <span class='ocrx_word' id='word_1_589' title='bbox 2917 3648 3220 3720; x_wconf 81' lang='grc' dir='ltr'>προσδοκᾷς</span> <span class='ocrx_word' id='word_1_590' title='bbox 3252 3647 3319 3698; x_wconf 78' lang='grc' dir='ltr'>τὰ</span> <span class='ocrx_word' id='word_1_591' title='bbox 3345 3643 3562 3714; x_wconf 85' lang='grc' dir='ltr'>βελτίω,</span> 
     </span>
    </p>
   </div>
   <div class='ocr_carea' id='block_1_97' title="bbox 2355 3735 3636 3812">
    <p class='ocr_par' dir='ltr' id='par_1_97' title="bbox 2355 3735 3636 3812">
     <span class='ocr_line' id='line_1_97' title="bbox 2355 3735 3636 3812; baseline -0.009 -17"><span class='ocrx_word' id='word_1_592' title='bbox 2355 3742 2428 3796; x_wconf 83' lang='grc' dir='ltr'>Τὸ</span> <span class='ocrx_word' id='word_1_593' title='bbox 2453 3741 2552 3811; x_wconf 79' lang='grc' dir='ltr'><strong>τῆς</strong></span> <span class='ocrx_word' id='word_1_594' title='bbox 2585 3741 2754 3812; x_wconf 83' lang='grc' dir='ltr'>τύχης</span> <span class='ocrx_word' id='word_1_595' title='bbox 2783 3739 3000 3793; x_wconf 77' lang='grc' dir='ltr'>εἴδωλον</span> <span class='ocrx_word' id='word_1_596' title='bbox 3030 3739 3268 3810; x_wconf 84' lang='grc' dir='ltr'>αἰσχρῶς</span> <span class='ocrx_word' id='word_1_597' title='bbox 3301 3735 3636 3807; x_wconf 71' lang='grc' dir='ltr'>φαιδρύνωνς</span> 
     </span>
    </p>
   </div>
   <div class='ocr_carea' id='block_1_98' title="bbox 2369 3828 3556 3904">
    <p class='ocr_par' dir='ltr' id='par_1_98' title="bbox 2369 3828 3556 3904">
     <span class='ocr_line' id='line_1_98' title="bbox 2369 3828 3556 3904; baseline -0.008 -16"><span class='ocrx_word' id='word_1_598' title='bbox 2369 3833 2645 3904; x_wconf 79' lang='grc' dir='ltr'>Ὀφθαλμὲ</span> <span class='ocrx_word' id='word_1_599' title='bbox 2673 3832 2798 3902; x_wconf 87' lang='grc' dir='ltr'>γῆς,</span> <span class='ocrx_word' id='word_1_600' title='bbox 2831 3833 2970 3902; x_wconf 70' lang='grc' dir='ltr'>ἥλιε,</span> <span class='ocrx_word' id='word_1_601' title='bbox 3002 3831 3120 3894; x_wconf 86' lang='grc' dir='ltr'><strong>πῶς</strong></span> <span class='ocrx_word' id='word_1_602' title='bbox 3152 3831 3278 3886; x_wconf 82' lang='grc' dir='ltr'>τάδε</span> <span class='ocrx_word' id='word_1_603' title='bbox 3305 3828 3556 3901; x_wconf 81' lang='grc' dir='ltr'>βλέπεις;</span> 
     </span>
    </p>
   </div>
   <div class='ocr_carea' id='block_1_99' title="bbox 2355 3917 3670 3998">
    <p class='ocr_par' dir='ltr' id='par_1_99' title="bbox 2355 3917 3670 3998">
     <span class='ocr_line' id='line_1_99' title="bbox 2355 3917 3670 3998; baseline -0.012 -14"><span class='ocrx_word' id='word_1_604' title='bbox 2355 3927 2502 3998; x_wconf 78' lang='grc' dir='ltr'><strong>Πλὴν</strong></span> <span class='ocrx_word' id='word_1_605' title='bbox 2535 3929 2584 3980; x_wconf 83' lang='grc' dir='ltr'><strong>εί</strong></span> <span class='ocrx_word' id='word_1_606' title='bbox 2617 3926 2716 3998; x_wconf 82' lang='grc' dir='ltr'><strong>μὲν</strong></span> <span class='ocrx_word' id='word_1_607' title='bbox 2741 3925 2816 3990; x_wconf 81' lang='grc' dir='ltr'>ὡς</span> <span class='ocrx_word' id='word_1_608' title='bbox 2842 3928 2966 3991; x_wconf 87' lang='grc' dir='ltr'>παῖς</span> <span class='ocrx_word' id='word_1_609' title='bbox 3002 3923 3207 3994; x_wconf 82' lang='grc' dir='ltr'>εὐμενῆ</span> <span class='ocrx_word' id='word_1_610' title='bbox 3231 3921 3420 3976; x_wconf 82' lang='grc' dir='ltr'>τοῦτον</span> <span class='ocrx_word' id='word_1_611' title='bbox 3453 3917 3670 3990; x_wconf 87' lang='grc' dir='ltr'>κρίνεις.</span> 
     </span>
    </p>
   </div>
   <div class='ocr_carea' id='block_1_100' title="bbox 2356 4013 3559 4092">
    <p class='ocr_par' dir='ltr' id='par_1_100' title="bbox 2356 4013 3559 4092">
     <span class='ocr_line' id='line_1_100' title="bbox 2356 4013 3559 4092; baseline -0.021 -7"><span class='ocrx_word' id='word_1_612' title='bbox 2356 4019 2712 4092; x_wconf 76' lang='grc' dir='ltr'>Μικροψύχου</span> <span class='ocrx_word' id='word_1_613' title='bbox 2738 4019 2845 4089; x_wconf 84' lang='grc' dir='ltr'>γάρ</span> <span class='ocrx_word' id='word_1_614' title='bbox 2875 4020 3024 4070; x_wconf 84' lang='grc' dir='ltr'>ἐστιν</span> <span class='ocrx_word' id='word_1_615' title='bbox 3062 4015 3252 4086; x_wconf 81' lang='grc' dir='ltr'>ἀνδρὸς</span> <span class='ocrx_word' id='word_1_616' title='bbox 3278 4015 3311 4086; x_wconf 83' lang='grc' dir='ltr'>ἡ</span> <span class='ocrx_word' id='word_1_617' title='bbox 3338 4013 3517 4085; x_wconf 84' lang='grc' dir='ltr'>κρίσις</span> <span class='ocrx_word' id='word_1_618' title='bbox 3543 4029 3559 4044; x_wconf 91' lang='grc'><strong>·</strong></span> 
     </span>
    </p>
   </div>
   <div class='ocr_carea' id='block_1_101' title="bbox 2358 4105 3634 4180">
    <p class='ocr_par' dir='ltr' id='par_1_101' title="bbox 2358 4105 3634 4180">
     <span class='ocr_line' id='line_1_101' title="bbox 2358 4105 3634 4180; baseline -0.006 -15"><span class='ocrx_word' id='word_1_619' title='bbox 2358 4112 2425 4165; x_wconf 91' lang='grc' dir='ltr'>Τί</span> <span class='ocrx_word' id='word_1_620' title='bbox 2457 4112 2592 4180; x_wconf 89' lang='grc' dir='ltr'>δῆτα</span> <span class='ocrx_word' id='word_1_621' title='bbox 2621 4110 2832 4175; x_wconf 88' lang='grc' dir='ltr'>παθῶν,</span> <span class='ocrx_word' id='word_1_622' title='bbox 2863 4109 2924 4162; x_wconf 87' lang='grc' dir='ltr'><strong>ού</strong></span> <span class='ocrx_word' id='word_1_623' title='bbox 2961 4108 3144 4162; x_wconf 85' lang='grc' dir='ltr'>καλῶν</span> <span class='ocrx_word' id='word_1_624' title='bbox 3170 4107 3301 4178; x_wconf 84' lang='grc' dir='ltr'>δρᾷς</span> <span class='ocrx_word' id='word_1_625' title='bbox 3330 4106 3419 4160; x_wconf 83' lang='grc' dir='ltr'>τὸν</span> <span class='ocrx_word' id='word_1_626' title='bbox 3449 4105 3634 4174; x_wconf 70' lang='grc' dir='ltr'>φίλονς</span> 
     </span>
    </p>
   </div>
   <div class='ocr_carea' id='block_1_102' title="bbox 2359 4197 3779 4274">
    <p class='ocr_par' dir='ltr' id='par_1_102' title="bbox 2359 4197 3779 4274">
     <span class='ocr_line' id='line_1_102' title="bbox 2359 4197 3779 4274; baseline -0.008 -17"><span class='ocrx_word' id='word_1_627' title='bbox 2359 4203 2648 4274; x_wconf 80' lang='grc' dir='ltr'>Στρεϐλεῖς</span> <span class='ocrx_word' id='word_1_628' title='bbox 2688 4204 2796 4274; x_wconf 80' lang='grc' dir='ltr'>γὰρ</span> <span class='ocrx_word' id='word_1_629' title='bbox 2820 4202 2981 4254; x_wconf 71' lang='grc' dir='ltr'>αὑτὸν</span> <span class='ocrx_word' id='word_1_630' title='bbox 3020 4200 3324 4270; x_wconf 72' lang='grc' dir='ltr'>ἐγκρατῶς,</span> <span class='ocrx_word' id='word_1_631' title='bbox 3360 4199 3456 4252; x_wconf 78' lang='grc' dir='ltr'>καὶ</span> <span class='ocrx_word' id='word_1_632' title='bbox 3477 4197 3779 4268; x_wconf 78' lang='grc' dir='ltr'>συμπνίγεις.</span> 
     </span>
    </p>
   </div>
   <div class='ocr_carea' id='block_1_103' title="bbox 2360 4286 3578 4362">
    <p class='ocr_par' dir='ltr' id='par_1_103' title="bbox 2360 4286 3578 4362">
     <span class='ocr_line' id='line_1_103' title="bbox 2360 4286 3578 4362; baseline 0.004 -14"><span class='ocrx_word' id='word_1_633' title='bbox 2360 4294 2481 4348; x_wconf 83' lang='grc' dir='ltr'>Κᾶν</span> <span class='ocrx_word' id='word_1_634' title='bbox 2515 4293 2674 4358; x_wconf 81' lang='grc' dir='ltr'>αὐτὸς</span> <span class='ocrx_word' id='word_1_635' title='bbox 2706 4293 2781 4352; x_wconf 80' lang='grc' dir='ltr'><strong>ὡς</strong></span> <span class='ocrx_word' id='word_1_636' title='bbox 2817 4291 3056 4362; x_wconf 79' lang='grc' dir='ltr'>ἄληπτος</span> <span class='ocrx_word' id='word_1_637' title='bbox 3086 4291 3163 4353; x_wconf 83' lang='grc' dir='ltr'><strong>είς</strong></span> <span class='ocrx_word' id='word_1_638' title='bbox 3189 4289 3380 4351; x_wconf 82' lang='grc' dir='ltr'>ἀλλους</span> <span class='ocrx_word' id='word_1_639' title='bbox 3411 4286 3578 4359; x_wconf 76' lang='grc' dir='ltr'>τρέχῃ</span> 
     </span>
    </p>
   </div>
   <div class='ocr_carea' id='block_1_104' title="bbox 2362 4381 3581 4454">
    <p class='ocr_par' dir='ltr' id='par_1_104' title="bbox 2362 4381 3581 4454">
     <span class='ocr_line' id='line_1_104' title="bbox 2362 4381 3581 4454; baseline -0.005 -16"><span class='ocrx_word' id='word_1_640' title='bbox 2362 4387 2475 4454; x_wconf 80' lang='grc' dir='ltr'><strong>Τῆς</strong></span> <span class='ocrx_word' id='word_1_641' title='bbox 2504 4385 2602 4454; x_wconf 87' lang='grc' dir='ltr'><strong>σῆς</strong></span> <span class='ocrx_word' id='word_1_642' title='bbox 2639 4383 2889 4454; x_wconf 81' lang='grc' dir='ltr'>φυλακῆς</span> <span class='ocrx_word' id='word_1_643' title='bbox 2914 4384 3012 4446; x_wconf 82' lang='grc' dir='ltr'>τὰς</span> <span class='ocrx_word' id='word_1_644' title='bbox 3043 4381 3214 4444; x_wconf 74' lang='grc' dir='ltr'>λαϐὰς</span> <span class='ocrx_word' id='word_1_645' title='bbox 3243 4381 3581 4454; x_wconf 83' lang='grc' dir='ltr'>ἀνατρέπων.</span> 
     </span>
    </p>
   </div>
   <div class='ocr_carea' id='block_1_105' title="bbox 2291 4471 3651 4547">
    <p class='ocr_par' dir='ltr' id='par_1_105' title="bbox 2291 4471 3651 4547">
     <span class='ocr_line' id='line_1_105' title="bbox 2291 4471 3651 4547; baseline -0.01 -14"><span class='ocrx_word' id='word_1_646' title='bbox 2291 4487 2336 4545; x_wconf 84' lang='grc' dir='ltr'><strong>ι)</strong></span> <span class='ocrx_word' id='word_1_647' title='bbox 2368 4479 2433 4533; x_wconf 78' lang='lat' dir='ltr'><strong>El</strong></span> <span class='ocrx_word' id='word_1_648' title='bbox 2463 4477 2508 4530; x_wconf 84' lang='grc' dir='ltr'>δ’</span> <span class='ocrx_word' id='word_1_649' title='bbox 2539 4472 2606 4530; x_wconf 82' lang='grc' dir='ltr'>αὖ</span> <span class='ocrx_word' id='word_1_650' title='bbox 2641 4475 2873 4547; x_wconf 83' lang='grc' dir='ltr'>πονηρὸν</span> <span class='ocrx_word' id='word_1_651' title='bbox 2903 4473 3060 4528; x_wconf 82' lang='grc' dir='ltr'>τοῦτο</span> <span class='ocrx_word' id='word_1_652' title='bbox 3081 4476 3190 4542; x_wconf 70' lang='grc' dir='ltr'>γὰρ</span> <span class='ocrx_word' id='word_1_653' title='bbox 3223 4475 3390 4535; x_wconf 76' lang='grc' dir='ltr'>ὅντως</span> <span class='ocrx_word' id='word_1_654' title='bbox 3427 4471 3651 4541; x_wconf 86' lang='grc' dir='ltr'>κρίσεις,</span> 
     </span>
    </p>
   </div>
   <div class='ocr_carea' id='block_1_106' title="bbox 2366 4563 3666 4636">
    <p class='ocr_par' dir='ltr' id='par_1_106' title="bbox 2366 4563 3666 4636">
     <span class='ocr_line' id='line_1_106' title="bbox 2366 4563 3666 4636; baseline -0.008 -13"><span class='ocrx_word' id='word_1_655' title='bbox 2366 4570 2432 4623; x_wconf 88' lang='grc' dir='ltr'><strong>Τί</strong></span> <span class='ocrx_word' id='word_1_656' title='bbox 2460 4568 2549 4622; x_wconf 83' lang='grc' dir='ltr'><strong>τὸν</strong></span> <span class='ocrx_word' id='word_1_657' title='bbox 2576 4568 2836 4636; x_wconf 84' lang='grc' dir='ltr'>φονευτὴν</span> <span class='ocrx_word' id='word_1_658' title='bbox 2865 4568 2925 4618; x_wconf 81' lang='grc' dir='ltr'><strong>ού</strong></span> <span class='ocrx_word' id='word_1_659' title='bbox 2968 4567 3204 4634; x_wconf 82' lang='grc' dir='ltr'>στυγεῖς,</span> <span class='ocrx_word' id='word_1_660' title='bbox 3230 4565 3290 4616; x_wconf 84' lang='grc' dir='ltr'><strong>ού</strong></span> <span class='ocrx_word' id='word_1_661' title='bbox 3318 4564 3362 4616; x_wconf 79' lang='grc' dir='ltr'>δ’</span> <span class='ocrx_word' id='word_1_662' title='bbox 3393 4563 3666 4620; x_wconf 80' lang='grc' dir='ltr'>ὲκκλίνεις,</span> 
     </span>
    </p>
   </div>
   <div class='ocr_carea' id='block_1_107' title="bbox 2369 4655 3675 4730">
    <p class='ocr_par' dir='ltr' id='par_1_107' title="bbox 2369 4655 3675 4730">
     <span class='ocr_line' id='line_1_107' title="bbox 2369 4655 3675 4730; baseline -0.007 -16"><span class='ocrx_word' id='word_1_663' title='bbox 2369 4660 2504 4714; x_wconf 80' lang='grc' dir='ltr'>Οὐδὲ</span> <span class='ocrx_word' id='word_1_664' title='bbox 2537 4660 2670 4730; x_wconf 80' lang='grc' dir='ltr'>πρὸς</span> <span class='ocrx_word' id='word_1_665' title='bbox 2701 4657 2926 4728; x_wconf 85' lang='grc' dir='ltr'>οἰκτρὰς</span> <span class='ocrx_word' id='word_1_666' title='bbox 2961 4656 3155 4710; x_wconf 85' lang='grc' dir='ltr'>θᾶττον</span> <span class='ocrx_word' id='word_1_667' title='bbox 3190 4655 3349 4718; x_wconf 85' lang='grc' dir='ltr'>ὠθεῖς</span> <span class='ocrx_word' id='word_1_668' title='bbox 3382 4655 3675 4723; x_wconf 82' lang='grc' dir='ltr'>γαστέρας;</span> 
     </span>
    </p>
   </div>
   <div class='ocr_carea' id='block_1_108' title="bbox 2379 4749 3548 4824">
    <p class='ocr_par' dir='ltr' id='par_1_108' title="bbox 2379 4749 3548 4824">
     <span class='ocr_line' id='line_1_108' title="bbox 2379 4749 3548 4824; baseline -0.009 -17"><span class='ocrx_word' id='word_1_669' title='bbox 2379 4755 2468 4816; x_wconf 84' lang='grc' dir='ltr'><strong>Ὠς</strong></span> <span class='ocrx_word' id='word_1_670' title='bbox 2504 4753 2700 4824; x_wconf 81' lang='grc' dir='ltr'>ἀνὲχῃς</span> <span class='ocrx_word' id='word_1_671' title='bbox 2736 4752 2935 4822; x_wconf 82' lang='grc' dir='ltr'>μᾶλλον</span> <span class='ocrx_word' id='word_1_672' title='bbox 2959 4749 3354 4820; x_wconf 72' lang='grc' dir='ltr'>τικερδαίνειν</span> <span class='ocrx_word' id='word_1_673' title='bbox 3388 4749 3548 4818; x_wconf 79' lang='grc' dir='ltr'>μέγα.</span> 
     </span>
    </p>
   </div>
   <div class='ocr_carea' id='block_1_109' title="bbox 2373 4841 3542 4918">
    <p class='ocr_par' dir='ltr' id='par_1_109' title="bbox 2373 4841 3542 4918">
     <span class='ocr_line' id='line_1_109' title="bbox 2373 4841 3542 4918; baseline -0.005 -19"><span class='ocrx_word' id='word_1_674' title='bbox 2373 4847 2686 4918; x_wconf 75' lang='grc' dir='ltr'>Ἄνθρωπε,</span> <span class='ocrx_word' id='word_1_675' title='bbox 2722 4844 3004 4914; x_wconf 82' lang='grc' dir='ltr'>κατάμαθε</span> <span class='ocrx_word' id='word_1_676' title='bbox 3033 4844 3130 4915; x_wconf 78' lang='grc' dir='ltr'><strong>τὴν</strong></span> <span class='ocrx_word' id='word_1_677' title='bbox 3157 4843 3344 4911; x_wconf 80' lang='grc' dir='ltr'>κοινὴν</span> <span class='ocrx_word' id='word_1_678' title='bbox 3384 4841 3542 4910; x_wconf 81' lang='grc' dir='ltr'>φύσιν</span> 
     </span>
    </p>
   </div>
   <div class='ocr_carea' id='block_1_110' title="bbox 2383 4935 3510 5006">
    <p class='ocr_par' dir='ltr' id='par_1_110' title="bbox 2383 4935 3510 5006">
     <span class='ocr_line' id='line_1_110' title="bbox 2383 4935 3510 5006; baseline -0.004 -16"><span class='ocrx_word' id='word_1_679' title='bbox 2383 4939 2479 4990; x_wconf 84' lang='grc' dir='ltr'>Ἐκ</span> <span class='ocrx_word' id='word_1_680' title='bbox 2503 4937 2610 4990; x_wconf 86' lang='grc' dir='ltr'><strong>τῶν</strong></span> <span class='ocrx_word' id='word_1_681' title='bbox 2638 4937 2770 5006; x_wconf 77' lang='grc' dir='ltr'>πρὸς</span> <span class='ocrx_word' id='word_1_682' title='bbox 2801 4935 3078 4999; x_wconf 69' lang='grc' dir='ltr'>ἀπόδειξιν</span> <span class='ocrx_word' id='word_1_683' title='bbox 3113 4936 3510 5004; x_wconf 76' lang='grc' dir='ltr'>ὑποκειμένων,</span> 
     </span>
    </p>
   </div>
   <div class='ocr_carea' id='block_1_111' title="bbox 2375 5027 3532 5102">
    <p class='ocr_par' dir='ltr' id='par_1_111' title="bbox 2375 5027 3532 5102">
     <span class='ocr_line' id='line_1_111' title="bbox 2375 5027 3532 5102; baseline -0.003 -19"><span class='ocrx_word' id='word_1_684' title='bbox 2375 5032 2484 5084; x_wconf 82' lang='lat' dir='ltr'><strong>Kal</strong></span> <span class='ocrx_word' id='word_1_685' title='bbox 2515 5032 2672 5102; x_wconf 71' lang='grc' dir='ltr'>ῥίψαν</span> <span class='ocrx_word' id='word_1_686' title='bbox 2708 5032 2786 5092; x_wconf 82' lang='grc' dir='ltr'><strong>εἰς</strong></span> <span class='ocrx_word' id='word_1_687' title='bbox 2811 5030 2915 5101; x_wconf 79' lang='grc' dir='ltr'><strong>γῆν</strong></span> <span class='ocrx_word' id='word_1_688' title='bbox 2943 5029 3032 5082; x_wconf 75' lang='grc' dir='ltr'><strong>τὸν</strong></span> <span class='ocrx_word' id='word_1_689' title='bbox 3064 5029 3312 5082; x_wconf 87' lang='grc' dir='ltr'>διάκενον</span> <span class='ocrx_word' id='word_1_690' title='bbox 3344 5027 3532 5096; x_wconf 73' lang='grc' dir='ltr'>τύφου.</span> 
     </span>
    </p>
   </div>
   <div class='ocr_carea' id='block_1_112' title="bbox 2383 5119 3579 5194">
    <p class='ocr_par' dir='ltr' id='par_1_112' title="bbox 2383 5119 3579 5194">
     <span class='ocr_line' id='line_1_112' title="bbox 2383 5119 3579 5194; baseline -0.006 -17"><span class='ocrx_word' id='word_1_691' title='bbox 2383 5125 2546 5194; x_wconf 72' lang='grc' dir='ltr'>Ὁρᾷς</span> <span class='ocrx_word' id='word_1_692' title='bbox 2576 5123 2643 5176; x_wconf 73' lang='grc' dir='ltr'><strong>τὰ</strong></span> <span class='ocrx_word' id='word_1_693' title='bbox 2676 5123 2837 5193; x_wconf 72' lang='grc' dir='ltr'>φυτὰ,</span> <span class='ocrx_word' id='word_1_694' title='bbox 2870 5122 2985 5185; x_wconf 79' lang='grc' dir='ltr'><strong>πῶς</strong></span> <span class='ocrx_word' id='word_1_695' title='bbox 3017 5122 3116 5192; x_wconf 86' lang='grc' dir='ltr'>μὲν</span> <span class='ocrx_word' id='word_1_696' title='bbox 3142 5121 3267 5191; x_wconf 77' lang='grc' dir='ltr'>ἡϐᾷ,</span> <span class='ocrx_word' id='word_1_697' title='bbox 3291 5121 3386 5173; x_wconf 78' lang='grc' dir='ltr'>καὶ</span> <span class='ocrx_word' id='word_1_698' title='bbox 3410 5119 3579 5190; x_wconf 84' lang='grc' dir='ltr'>βρύει,</span> 
     </span>
    </p>
   </div>
   <div class='ocr_carea' id='block_1_113' title="bbox 2372 5215 3553 5286">
    <p class='ocr_par' dir='ltr' id='par_1_113' title="bbox 2372 5215 3553 5286">
     <span class='ocr_line' id='line_1_113' title="bbox 2372 5215 3553 5286; baseline -0.004 -16"><span class='ocrx_word' id='word_1_699' title='bbox 2372 5217 2529 5271; x_wconf 73' lang='grc' dir='ltr'>Μετὰ</span> <span class='ocrx_word' id='word_1_700' title='bbox 2561 5217 2751 5286; x_wconf 86' lang='grc' dir='ltr'>χρόνον</span> <span class='ocrx_word' id='word_1_701' title='bbox 2785 5216 2839 5268; x_wconf 83' lang='grc' dir='ltr'><em>δέ</em></span> <span class='ocrx_word' id='word_1_702' title='bbox 2869 5233 2990 5268; x_wconf 89' lang='grc' dir='ltr'>τινα</span> <span class='ocrx_word' id='word_1_703' title='bbox 3017 5215 3184 5286; x_wconf 76' lang='grc' dir='ltr'>γηρᾷ,</span> <span class='ocrx_word' id='word_1_704' title='bbox 3219 5216 3312 5267; x_wconf 71' lang='grc' dir='ltr'>καὶ</span> <span class='ocrx_word' id='word_1_705' title='bbox 3339 5215 3553 5282; x_wconf 75' lang='grc' dir='ltr'>φθίνει;</span> 
     </span>
    </p>
   </div>
   <div class='ocr_carea' id='block_1_114' title="bbox 2375 5302 3650 5370">
    <p class='ocr_par' dir='ltr' id='par_1_114' title="bbox 2375 5302 3650 5370">
     <span class='ocr_line' id='line_1_114' title="bbox 2375 5302 3650 5370; baseline -0.002 -9"><span class='ocrx_word' id='word_1_706' title='bbox 2375 5309 2532 5361; x_wconf 81' lang='grc' dir='ltr'>Τοῦτ’</span> <span class='ocrx_word' id='word_1_707' title='bbox 2561 5308 2692 5360; x_wconf 83' lang='grc' dir='ltr'>αὐτὸ</span> <span class='ocrx_word' id='word_1_708' title='bbox 2725 5309 2818 5362; x_wconf 80' lang='grc' dir='ltr'>καὶ</span> <span class='ocrx_word' id='word_1_709' title='bbox 2849 5308 2940 5360; x_wconf 76' lang='grc' dir='ltr'>σόν</span> <span class='ocrx_word' id='word_1_710' title='bbox 2973 5311 3141 5370; x_wconf 80' lang='grc' dir='ltr'>ἐστιν,</span> <span class='ocrx_word' id='word_1_711' title='bbox 3171 5308 3244 5370; x_wconf 83' lang='grc' dir='ltr'>ὡς</span> <span class='ocrx_word' id='word_1_712' title='bbox 3280 5302 3447 5370; x_wconf 74' lang='grc' dir='ltr'>οἶδας,</span> <span class='ocrx_word' id='word_1_713' title='bbox 3473 5307 3650 5368; x_wconf 80' lang='grc' dir='ltr'>πάθος.</span> 
     </span>
    </p>
   </div>
   <div class='ocr_carea' id='block_1_115' title="bbox 2375 5398 3692 5470">
    <p class='ocr_par' dir='ltr' id='par_1_115' title="bbox 2375 5398 3692 5470">
     <span class='ocr_line' id='line_1_115' title="bbox 2375 5398 3692 5470; baseline -0.003 -16"><span class='ocrx_word' id='word_1_714' title='bbox 2375 5403 2485 5454; x_wconf 81' lang='lat' dir='ltr'><strong>Kal</strong></span> <span class='ocrx_word' id='word_1_715' title='bbox 2512 5401 2607 5453; x_wconf 78' lang='grc' dir='ltr'>νῦν</span> <span class='ocrx_word' id='word_1_716' title='bbox 2645 5401 2743 5470; x_wconf 81' lang='grc' dir='ltr'>μὲν</span> <span class='ocrx_word' id='word_1_717' title='bbox 2777 5399 2977 5462; x_wconf 82' lang='grc' dir='ltr'>ἀνθεῖς,</span> <span class='ocrx_word' id='word_1_718' title='bbox 3018 5399 3132 5452; x_wconf 79' lang='grc' dir='ltr'>ἀλλ’</span> <span class='ocrx_word' id='word_1_719' title='bbox 3165 5398 3494 5470; x_wconf 85' lang='grc' dir='ltr'>ἀπανθήσεις</span> <span class='ocrx_word' id='word_1_720' title='bbox 3528 5398 3692 5460; x_wconf 78' lang='grc' dir='ltr'>πάλιν,</span> 
     </span>
    </p>
   </div>
   <div class='ocr_carea' id='block_1_116' title="bbox 2376 5491 3627 5562">
    <p class='ocr_par' dir='ltr' id='par_1_116' title="bbox 2376 5491 3627 5562">
     <span class='ocr_line' id='line_1_116' title="bbox 2376 5491 3627 5562; baseline -0.002 -18"><span class='ocrx_word' id='word_1_721' title='bbox 2376 5493 2486 5562; x_wconf 82' lang='grc' dir='ltr'><strong>Τῆς</strong></span> <span class='ocrx_word' id='word_1_722' title='bbox 2517 5491 2610 5544; x_wconf 79' lang='grc' dir='ltr'>τοῦ</span> <span class='ocrx_word' id='word_1_723' title='bbox 2653 5491 2912 5562; x_wconf 83' lang='grc' dir='ltr'>τελευτῆς</span> <span class='ocrx_word' id='word_1_724' title='bbox 2946 5491 3363 5562; x_wconf 82' lang='grc' dir='ltr'>ἀντενεχθέντος</span> <span class='ocrx_word' id='word_1_725' title='bbox 3398 5491 3627 5561; x_wconf 74' lang='grc' dir='ltr'>ψύχουςο</span> 
     </span>
    </p>
   </div>
   <div class='ocr_carea' id='block_1_117' title="bbox 2376 5584 3457 5656">
    <p class='ocr_par' dir='ltr' id='par_1_117' title="bbox 2376 5584 3457 5656">
     <span class='ocr_line' id='line_1_117' title="bbox 2376 5584 3457 5656; baseline -0.005 -18"><span class='ocrx_word' id='word_1_726' title='bbox 2376 5586 2603 5640; x_wconf 87' lang='grc' dir='ltr'>Δὲδοικα</span> <span class='ocrx_word' id='word_1_727' title='bbox 2640 5586 2770 5654; x_wconf 82' lang='grc' dir='ltr'>γοῦν</span> <span class='ocrx_word' id='word_1_728' title='bbox 2807 5585 2984 5655; x_wconf 75' lang='grc' dir='ltr'>ἔγωγε</span> <span class='ocrx_word' id='word_1_729' title='bbox 3019 5585 3116 5656; x_wconf 85' lang='grc' dir='ltr'>τὴν</span> <span class='ocrx_word' id='word_1_730' title='bbox 3145 5584 3420 5655; x_wconf 83' lang='grc' dir='ltr'>ἀκαρπίαν</span> <span class='ocrx_word' id='word_1_731' title='bbox 3445 5599 3457 5612; x_wconf 89' lang='grc'><strong>·</strong></span> 
     </span>
    </p>
   </div>
   <div class='ocr_carea' id='block_1_118' title="bbox 2387 5676 3509 5751">
    <p class='ocr_par' dir='ltr' id='par_1_118' title="bbox 2387 5676 3509 5751">
     <span class='ocr_line' id='line_1_118' title="bbox 2387 5676 3509 5751; baseline -0.005 -18"><span class='ocrx_word' id='word_1_732' title='bbox 2387 5679 2450 5733; x_wconf 81' lang='grc' dir='ltr'><strong>Ἦ</strong></span> <span class='ocrx_word' id='word_1_733' title='bbox 2478 5680 2585 5750; x_wconf 74' lang='grc' dir='ltr'>γὰρ</span> <span class='ocrx_word' id='word_1_734' title='bbox 2623 5679 2820 5751; x_wconf 77' lang='grc' dir='ltr'>ἀπειλὴ</span> <span class='ocrx_word' id='word_1_735' title='bbox 2849 5680 2945 5748; x_wconf 85' lang='grc' dir='ltr'><strong>τῆς</strong></span> <span class='ocrx_word' id='word_1_736' title='bbox 2971 5679 3144 5749; x_wconf 86' lang='grc' dir='ltr'>τομῆς</span> <span class='ocrx_word' id='word_1_737' title='bbox 3174 5694 3240 5747; x_wconf 89' lang='grc' dir='ltr'><strong>με</strong></span> <span class='ocrx_word' id='word_1_738' title='bbox 3274 5676 3509 5746; x_wconf 63' lang='grc' dir='ltr'>συγχέαι.</span> 
     </span>
    </p>
   </div>
   <div class='ocr_carea' id='block_1_119' title="bbox 2377 5769 3580 5841">
    <p class='ocr_par' dir='ltr' id='par_1_119' title="bbox 2377 5769 3580 5841">
     <span class='ocr_line' id='line_1_119' title="bbox 2377 5769 3580 5841; baseline -0.002 -16"><span class='ocrx_word' id='word_1_739' title='bbox 2377 5773 2552 5827; x_wconf 86' lang='grc' dir='ltr'>Γνῶθι</span> <span class='ocrx_word' id='word_1_740' title='bbox 2585 5773 2831 5840; x_wconf 78' lang='grc' dir='ltr'>σεαυτὸν,</span> <span class='ocrx_word' id='word_1_741' title='bbox 2871 5771 2944 5825; x_wconf 75' lang='grc' dir='ltr'>ἴδε</span> <span class='ocrx_word' id='word_1_742' title='bbox 2979 5771 3069 5825; x_wconf 82' lang='grc' dir='ltr'>τὸν</span> <span class='ocrx_word' id='word_1_743' title='bbox 3098 5769 3224 5841; x_wconf 74' lang='grc' dir='ltr'>ῥοῦν</span> <span class='ocrx_word' id='word_1_744' title='bbox 3254 5771 3346 5822; x_wconf 78' lang='grc' dir='ltr'>τοῦ</span> <span class='ocrx_word' id='word_1_745' title='bbox 3377 5771 3580 5839; x_wconf 73' lang='grc' dir='ltr'>χρόνον,</span> 
     </span>
    </p>
   </div>
   <div class='ocr_carea' id='block_1_120' title="bbox 3725 324 3816 394">
    <p class='ocr_par' dir='ltr' id='par_1_120' title="bbox 3725 324 3816 394">
     <span class='ocr_line' id='line_1_120' title="bbox 3725 324 3816 394; baseline 0.077 -7"><span class='ocrx_word' id='word_1_746' title='bbox 3725 324 3816 394; x_wconf 72' lang='lat'><strong>1336</strong></span> 
     </span>
    </p>
   </div>
  </div>
