4032 6482
243 455 372 520 1357
1553 450 1775 511 IAMBI
1817 449 2179 511 ASCETICI.
3363 442 3502 505 1358

239 569 349 640 Τῆς
377 568 568 639 ἡδονῆς
599 566 659 619 τὸ
687 566 890 638 νέκταρ
921 565 1019 634 ὀψὲ
1053 563 1183 633 γοῦν
1215 562 1354 633 φύγε
1376 581 1388 594 ·

242 662 348 712 Καὶ
372 658 484 729 γὰρ
518 657 722 710 ὀδυνῶν
757 655 1012 727 προξενεῖ
1035 671 1120 708 σοι
1150 653 1397 723 πικρίαν.

244 750 388 812 "Em;
420 751 568 812 τίνος
606 749 888 818 χρήματα,
921 747 1018 799 καὶ
1049 743 1411 813 λειτουργίαι,

242 841 395 910 Τάχα
421 840 476 892 δὲ
511 842 606 893 καὶ
637 840 912 909 κτήματα,
937 837 1032 890 καὶ
1059 833 1363 906 παροινίαι,

243 933 419 1002 Μέχρι
448 933 590 994 τίνος
621 931 853 993 κόλακες
880 927 1170 982 ὲκλύσουσί
1201 944 1257 979 σε
1281 945 1294 990 ;

241 1021 409 1074 Γενοῦ
449 1021 762 1090 δανειστὴς,
793 1019 870 1089 τῷ
895 1019 1014 1087 Θεῷ
1048 1017 1134 1080 δὸς
1165 1017 1256 1070 τὸν
1289 1015 1402 1084 βίον
1421 1030 1434 1044 ·

257 1113 574 1182 Ὀφειλέτης
610 1115 718 1182 γάρ
749 1113 885 1173 ἐστι,
915 1113 1008 1162 καὶ
1037 1107 1371 1180 χρεωλύτης,

245 1205 356 1255 Καὶ
387 1203 478 1262 σὸς
513 1201 820 1272 δανειστὴς,
862 1199 962 1252 κᾶν
989 1199 1154 1268 δοκῇς
1189 1196 1263 1267 μὴ
1293 1195 1616 1263 λαμὸάνειν,

245 1291 664 1360 Κατοψοφαγῶν
696 1290 795 1358 τῆς
830 1290 1008 1358 ψυχῆς
1041 1305 1134 1340 σου
1167 1289 1228 1338 τὸ
1255 1287 1434 1355 χρέος.

247 1386 396 1457 Πλὴν
424 1385 516 1453 ἥδε
551 1385 704 1454 κοινὴ
732 1383 902 1436 τῶνδε
941 1383 1054 1435 τῶν
1081 1382 1250 1434 ὄντων
1281 1379 1442 1448 φύσις

247 1477 322 1529 Τὸ
351 1477 440 1529 σὺν
473 1477 611 1545 πρὸς
639 1476 810 1543 αὐτὴν
839 1476 941 1527 ούκ
981 1473 1279 1542 ἀπαιτήσει
1307 1471 1465 1540 χρέος
1485 1485 1498 1500 ·

245 1567 476 1630 Πάντως
507 1566 608 1619 κᾶν
638 1567 832 1636 ἀλγῇς,
868 1563 973 1617 κᾶν
1005 1563 1300 1632 φιλόψυχος
1329 1549 1482 1629 ἔχῃς,

247 1661 550 1731 Οίχήσεται
585 1659 693 1729 γὰρ
725 1660 803 1720 είς
833 1657 894 1710 τὺ
923 1655 1031 1725 πῦρ
1061 1657 1094 1727 ἡ
1130 1653 1428 1724 θερμότης,

247 1753 327 1806 Τὸ
359 1752 522 1822 ξηρὸν
557 1753 637 1814 είς
671 1750 799 1820 γῆν,
841 1751 920 1813 εἰς
949 1749 1092 1820 ὕδωρ
1119 1750 1152 1818 ὴ
1175 1745 1476 1818 ψυχρότης,

262 1844 399 1912 Ἀὴρ
433 1843 478 1894 δ’
500 1843 587 1894 ἐπ’
627 1843 788 1894 αὑτὸν
819 1841 916 1894 καὶ
945 1842 1006 1896 τὸ
1029 1840 1254 1911 ῥευστὸν
1285 1838 1546 1909 ἁρπάσει.

249 1935 438 2006 Κείσῃ
468 1935 528 1988 δὲ
553 1935 746 2006 νεκρὸς
773 1934 876 1988 ὑπὸ
899 1936 1132 2004 γυμνοῖς
1161 1931 1392 1992 ὀστέοις,

263 2029 328 2080 '0
353 2028 447 2082 νῦν
488 2028 764 2098 περιττὸς,
795 2029 887 2080 καὶ
923 2022 1452 2094 κατεϐλακευμένος,

255 2122 424 2190 Ὄφις
449 2119 506 2173 δὲ
537 2119 633 2172 τοῦ
662 2120 904 2183 τένοντος
935 2120 1328 2188 ὲκρηγήσεται.

249 2215 324 2266 Τί
355 2213 464 2285 πῦρ
504 2216 562 2266 ὲν
595 2213 732 2283 ὀργῇ
769 2211 910 2264 κατὰ
936 2211 1030 2264 τοῦ
1061 2209 1230 2271 πέλας
1266 2207 1484 2271 πνέεις;

249 2305 324 2357 Ὗί
349 2304 404 2357 δὲ
435 2303 788 2374 βρυχηθμοὺς
819 2303 1064 2365 αὐθαδῶς
1093 2299 1390 2371 ὑποκρίνῃ,

253 2399 302 2448 ις
315 2400 370 2450 αὶ
400 2399 464 2468 τῇ
494 2397 682 2466 λεοντῇ
714 2395 813 2459 τὰς
851 2397 1063 2466 χρυσᾶς
1103 2399 1324 2448 πάντων
1349 2389 1550 2460 ψύχας,

255 2491 374 2542 Καὶ
398 2489 504 2554 ζῶν
534 2489 746 2560 ἀτερπῆ
778 2489 872 2542 καὶ
895 2488 1064 2557 φιλῶν
1089 2488 1218 2557 περὶ
1249 2487 1392 2556 βίονς

255 2580 329 2632 Τί
361 2580 403 2632 δ’
435 2580 510 2644 ὡς
545 2581 716 2648 φάγος
740 2579 1004 2650 πάρδαλις
1037 2579 1246 2649 ὑπόδρα
1283 2579 1524 2648 βλέπεις,

257 2675 376 2728 Καὶ
401 2673 760 2738 δεινοπαθεῖς,
795 2675 890 2725 καὶ
915 2673 1270 2743 λαρυγγίζεις
1300 2673 1478 2744 μάτην

261 2767 565 2838 "Av-smpti;
595 2767 876 2836 ἡμίγυμνε
915 2766 1081 2835 σεμνὲ
1109 2767 1323 2837 κοχλία,

259 2857 486 2913 Μᾶλλον
517 2859 574 2910 δὲ
603 2857 716 2925 γὺψ
743 2856 950 2911 ἄνωθεν
981 2858 1248 2928 ἁρπάζων
1275 2858 1436 2929 κρέα,

261 2951 415 3021 Πλὴν
443 2948 564 3004 οὕτε
596 2949 823 3018 νεϐρῶν,
861 2949 986 3002 οὔτε
1019 2949 1290 3021 περδίκων
1317 2951 1501 3004 πάλιν.

276 3043 518 3113 ’Λνδρῶν
550 3041 624 3106 δὲ,
661 3042 870 3096 παπαὶί
895 3041 1196 3112 δυστυχῶν,
1223 3043 1316 3096 καὶ
1339 3041 1674 3114 σωφρόνωνς

262 3133 536 3196 Πλούσιος
569 3129 640 3200 εἷ,
669 3133 835 3187 δέδιθι
868 3135 968 3204 τὴν
999 3135 1122 3186 τότε
1151 3134 1352 3202 φλόγα.

265 3228 371 3290 Τίς
405 3227 514 3297 γὰρ
549 3225 814 3295 ἀναψύξει
837 3243 898 3278 σε
924 3225 1166 3294 διψῶντα
1195 3226 1410 3295 δρόσος.

264 3320 340 3372 El.
371 3319 444 3389 μὴ
477 3319 540 3372 σὺ
572 3319 700 3380 τοὺς
740 3317 979 3387 πένητας
1013 3317 1204 3371 ἐνθάδε
1235 3317 1498 3388 θρέψεις;

265 3407 443 3471 Σύνες
475 3408 559 3470 τίς
581 3410 608 3462 ὁ
639 3408 852 3471 πλάσας
885 3423 944 3458 σε
978 3408 1073 3460 καὶ
1108 3406 1484 3476 μεταπλάσας,

281 3499 551 3570 Ἐπείπερ
580 3501 658 3562 είς
693 3499 822 3571 χοῦν
863 3497 1112 3552 ἐκπεσὼν
1145 3497 1505 3567 συνετρίὸης;

273 3593 359 3646 Ἢ
388 3592 468 3655 τίς
501 3593 661 3663 χάριν
693 3593 792 3661 σὴν
827 3592 1096 3656 mil-3521:,
1127 3590 1224 3644 καὶ
1253 3591 1502 3660 σαρκίον,

267 3684 390 3738 Καὶ
420 3685 501 3747 τίς
536 3683 840 3748 πεπονθὼς,
877 3683 972 3736 καὶ
1001 3683 1185 3736 παθῶν
1221 3683 1408 3752 μείνας
1433 3682 1576 3753 δίχα,

269 3864 479 3922 Παθῶν
505 3865 706 3935 ἀμιγῆ,
750 3867 841 3917 καὶ
872 3863 1077 3934 φθορᾶς
1109 3862 1278 3928 ἔδειξε
1306 3880 1401 3928 σε;

272 4048 470 4102 Ταῦτα
501 4047 715 4106 σκόπει,
750 4044 1016 4113 βέλτιστε,
1061 4044 1354 4112 σωφρόνως
1394 4041 1554 4113 ἔχων,

271 4141 402 4195 Καὶ
431 4139 630 4210 μηκέτι
654 4137 900 4207 (θαύμαζε
930 4137 1029 4206 τὴν
1053 4137 1348 4207 ἀμετρίαν.

273 4235 372 4288 Τὰ
393 4233 502 4304 γὰρ
532 4233 612 4284 ἔτι
651 4230 918 4302 μέλλοντα
952 4231 1028 4301 μὴ
1060 4231 1241 4299 σχόντι
1273 4229 1512 4299 βλέπειν,

290 4328 362 4379 '0
393 4327 490 4396 τῆς
524 4311 784 4395 τελευτῆς
825 4325 1106 4392 ἀγνοεῖταί
1146 4340 1228 4375 σοι
1262 4326 1474 4394 χρόνος.

280 4420 508 4490 ’Ὥσπερ
543 4419 604 4470 τὸ
633 4418 729 4471 νῦν
765 4417 876 4486 πῦρ
907 4416 1028 4469 οὐδὲ
1069 4415 1310 4488 μετρίως
1340 4417 1552 4484 φλέγει,

281 4513 472 4582 Πυρὸς
503 4511 612 4582 γὰρ
641 4509 804 4565 εἰκών
835 4513 1006 4572 ἐστιν,
1041 4510 1101 4562 ού
1137 4509 1248 4578 πῦρ
1279 4511 1376 4578 τὴν
1403 4507 1584 4578 φύσιν,

283 4602 455 4656 Ούτω
487 4603 652 4655 θεατὰ
700 4603 794 4654 καὶ
823 4601 885 4652 τὸ
920 4599 1030 4666 πῦρ
1059 4601 1122 4652 τὸ
1161 4601 1481 4669 παμφάγον.

301 4698 368 4750 '0
400 4697 570 4766 θυμὸς
597 4695 857 4759 ἐξέκαυσε
887 4695 1153 4766 τυράννου
1193 4693 1434 4763 βρέμων,

283 4791 424 4854 Τοῖς
453 4791 559 4843 τῶν
587 4791 723 4842 νέων
760 4788 1010 4858 σώμασιν
1053 4786 1252 4857 εὑρέθη
1278 4787 1490 4856 δρόσος,

301 4883 656 4953 Ἀπόκρυφον
681 4883 792 4950 πῦρ
825 4881 1151 4954 ζωγραφοῦν
1181 4880 1310 4950 πρὶν
1343 4879 1469 4933 ἄλλο
1497 4897 1550 4931 ·ιι
1577 4893 1592 4909 ⁸

307 4976 402 5038 Ὠς
435 4977 500 5028 ἂν
531 4973 788 5044 διδσχοῇς
815 4976 908 5026 τὸν
948 4974 1079 5026 Θεὸν
1109 4972 1220 5043 πῦρ
1251 4973 1346 5024 καὶ
1373 4971 1584 5043 δρόσος,

287 5069 394 5130 Εἰς
427 5067 523 5137 τὴν
559 5067 722 5136 βάτον
756 5065 886 5134 πῦρ,
919 5067 998 5128 εἰς
1026 5065 1082 5116 δὲ
1112 5066 1204 5116 τὸν
1242 5065 1406 5117 πόκον
1453 5065 1662 5134 δρόσος.

291 5161 393 5230 Μὴ
421 5157 676 5228 διδράσῃς
715 5158 952 5226 μάλιστα
985 5154 1076 5206 τδν
1111 5154 1280 5206 τύπον
1325 5155 1560 5223 βλέπων.

293 5255 394 5323 Μὴ
423 5252 530 5323 γὰρ
558 5253 695 5312 ὅλως
725 5246 914 5318 ἔφλεξεν
947 5247 1108 5317 νηδὺν
1141 5248 1420 5316 Παρῢένου

295 5345 514 5418 Σαρκδς
549 5343 858 5415 μετασχὼν,
891 5343 984 5395 καὶ
1013 5341 1145 5403 Θεὸς
1171 5339 1360 5410 μείνας
1393 5339 1577 5392 πάλιν.

315 5439 612 5510 Ἑστήκασι
641 5438 700 5491 δὲ
723 5441 823 5506 τῆς
860 5436 1056 5505 φλογὸς
1092 5435 1291 5498 ζῶντες
1337 5433 1522 5503 μέσον,

299 5535 420 5586 Καὶ
458 5532 724 5599 τεττίγων
749 5530 968 5602 ᾅδουσιν
997 5529 1046 5580 oi
1089 5528 1278 5588 παῖδες
1319 5526 1523 5596 τρόπον
1555 5541 1564 5550 κ

297 5623 623 5694 Σιτούμενοι
651 5625 758 5695 γὰρ
785 5627 882 5692 τῆς
919 5621 1238 5692 ἐνεχθείσης
1267 5620 1484 5690 δρόσου,

309 5720 406 5781 Ὠς
439 5721 494 5770 ὲν
531 5717 680 5788 Θὲρει
708 5718 965 5784 στέγουσι
995 5715 1093 5784 τὴν
1124 5711 1284 5783 δεῦρο
1323 5712 1494 5775 ζέσιν.

299 5812 602 5882 Πεπήγασι
634 5809 678 5864 δ’
708 5805 800 5864 οὖν
823 5810 920 5878 τῆς
952 5807 1080 5879 βοῆς
1109 5803 1453 5874 πεπαυμένοι
1479 5819 1492 5832 ·

301 5905 427 5977 Τὴν
457 5905 562 5976 γὰρ
593 5903 796 5975 σιωπὴι
844 5901 1196 5974 ζωγραφοῦσι
1233 5901 1323 5954 τὸν
1344 5899 1532 5962 τύπον,

1849 570 1892 624 Α
1926 563 1990 615 Ει
2026 578 2191 618 suave
2231 560 2443 616 tandem
2481 559 2662 631 gaudii
2699 566 2886 613 nectar
2918 557 3070 626 lnge,

1927 654 2056 708 Fert
2090 654 2301 708 scilicet
2327 655 2540 707 tristem
2569 651 2816 705 dolorum
2850 649 3086 718 c0piatn.

1929 749 2231 818 Quousque
2260 749 2498 812 tandem,
2532 761 2738 817 quaeso.
2771 759 2996 798 munera
3027 752 3080 797 et
3113 741 3279 805 bona,

1929 843 2170 911 Aut-ique
2199 841 2356 910 copia
2385 850 2438 894 ct
2473 839 2626 894 furor
2653 837 2961 902 dementiae,

1930 932 2230 1002 Quousque
2263 929 2534 986 te'omues
2557 931 2904 985 blandientes
2933 923 3222 982 divident?

1934 1023 2023 1076 Sis
2064 1023 2378 1088 fenerator;
2413 1023 2477 1075 da
2509 1031 2653 1075 luam
2687 1022 2850 1074 vitam
2885 1019 3026 1084 Deo;

1933 1114 2027 1168 Est
2061 1129 2295 1182 namque
2324 1115 2554 1178 debitor,
2587 1112 2859 1180 iidemque
2891 1110 3108 1170 liberat,

1935 1205 2197 1275 Tuusque
2228 1207 2520 1271 fenerator,
2544 1205 2793 1275 quamvis
2831 1221 2936 1257 non
2974 1201 3208 1256 videaris
3240 1199 3506 1268 accipi-re,

1936 1296 2050 1350 Sibi
2083 1299 2351 1351 devorans
2381 1299 2578 1351 auinue
2607 1307 2712 1350 tua:
2742 1295 3008 1350 debitmn.

1939 1391 2142 1443 Natura
2164 1389 2282 1456 sed,
2310 1399 2496 1458 gentes
2527 1404 2648 1458 qua:
2681 1389 2732 1441 in
2766 1403 2934 1441 unum
2968 1383 3195 1452 colligit,

1936 1483 2111 1538 Debes
2142 1484 2287 1552 quod
2323 1483 2397 1535 illi
2423 1498 2532 1536 non
2571 1482 2802 1549 reposcit
2829 1477 3108 1532 debitum?

1935 1575 2196 1641 Quamvis
2231 1589 2446 1642 Semper
2479 1573 2662 1626 doleas
2685 1581 2738 1625 et
2769 1571 2934 1624 vitam
2966 1585 3137 1631 ames,

1935 1664 2118 1718 Abibit
2143 1663 2197 1717 in
2226 1663 2402 1733 ignem
2436 1663 2528 1732 qui
2561 1661 2656 1714 tibi
2681 1661 2823 1714 inest
2847 1658 3018 1720 calor,

1937 1753 2157 1809 Siccmn
2189 1754 2240 1807 in
2277 1762 2500 1818 terram,
2533 1753 2584 1805 in
2613 1765 2811 1820 aquam
2839 1749 3120 1819 frigidum,

1939 1845 2006 1898 Et
2038 1860 2132 1899 aer
2164 1845 2446 1898 humidum
2486 1853 2540 1897 et
2569 1843 2770 1896 ﬂuxum
2804 1841 3058 1910 abripiet.

1859 1909 1908 1969 Β
1942 1935 2022 1990 Τιι
2055 1951 2182 1990 vero
2205 1945 2456 1989 mortuus
2479 1933 2689 2004 jacebis
2719 1931 2822 1985 sub
2853 1931 3018 1985 nudis
3047 1929 3289 1991 ossibus,

1941 2025 2046 2092 Qui
2079 2041 2224 2081 nunc
2253 2027 2417 2080 nimia
2457 2035 2639 2094 torpes
2669 2023 3023 2094 pinguedine,

1941 2117 2007 2169 Et
2034 2132 2258 2186 serpens
2287 2124 2393 2170 tuae
2422 2117 2690 2185 superbia:
2723 2115 3118 2182 disrumpetur,

1942 2208 2052 2264 Cur
2081 2210 2257 2280 ignem
2283 2208 2455 2264 iratus
2487 2218 2672 2262 contra
2703 2208 3012 2278 proximum
3041 2207 3242 2276 spiras,

1945 2303 2020 2356 Et
2045 2303 2258 2372 rugitus
2291 2301 2504 2356 feroces
2533 2301 2736 2355 videris
2769 2301 3042 2362 emittere,

1950 2393 2017 2448 Et
2043 2395 2261 2448 leonina
2291 2395 2428 2463 pelle
2461 2394 2689 2448 indutus
2721 2393 3032 2458 insolescis,
3113 2413 3118 2417 ·

1948 2485 2224 2558 Vivasque
2251 2488 2550 2556 injucunde
2580 2495 2634 2540 et
2660 2501 2810 2540 ames
2845 2485 3012 2540 vitam
3035 2485 3059 2538 ?

1947 2577 2058 2632 tlur
2089 2594 2255 2631 vorax
2290 2589 2348 2632 ut
2381 2578 2621 2646 pardalis
2647 2587 2799 2632 torve
2826 2578 3030 2632 circum
3064 2575 3256 2636 tueris,

1951 2672 2016 2726 Et
2047 2671 2410 2742 imaginosum
2439 2671 2664 2741 pateris,
2697 2681 2753 2725 et
2782 2671 2987 2724 clamas
3015 2669 3270 2728 inaniter,

1959 2763 2098 2818 Vere
2132 2765 2350 2818 horrida
2374 2775 2538 2834 atque
2569 2765 2716 2818 nuda
2742 2765 2908 2819 lima:
2939 2764 3200 2827 insolens,

1958 2859 2068 2910 Aut
2091 2858 2276 2910 vultur
2309 2871 2338 2910 e
2369 2872 2586 2910 summo
2615 2855 2871 2912 auferens
2897 2872 3116 2911 carnem
3149 2855 3299 2926 polo,

1955 2948 2072 3003 Non
2105 2949 2486 3014 ltinnulorum,
2521 2949 2635 3003 sive
2667 2950 2948 3021 perdicqm
2985 2957 3190 3016 tamen,

1960 3041 2090 3105 Srd,
2128 3043 2266 3096 heu!
2303 3041 2546 3094 virorum
2566 3055 2865 3110 pauperum
2895 3049 2951 3094 et
2975 3042 3428 3110 temperantiam!

1959 3135 2121 3187 Dives
2145 3148 2224 3199 es,
2257 3133 2384 3187 time
2413 3133 2654 3186 futuram
2679 3133 2978 3187 ﬂammam.

1881 3265 1925 3326 ρ
1965 3231 2085 3298 Quo
2117 3231 2260 3284 enim
2295 3245 2418 3285 rore
2449 3229 2861 3299 refrigeraberis
2890 3237 3018 3284 tunc
3057 3229 3270 3297 sitiens,

1970 3323 2027 3375 Si
2057 3333 2111 3374 tu
2143 3335 2408 3390 pauperes
2437 3320 2523 3373 hic
2555 3333 2662 3374 non
2691 3319 2934 3374 alueris?

1963 3417 2248 3484 Cognosce
2275 3413 2400 3482 quis
2427 3421 2479 3466 te
2511 3411 2728 3466 ﬁnxerit
2756 3421 2808 3466 et
2835 3415 3133 3480 retinxerit,

1961 3504 2415 3572 Quandoquidem
2454 3505 2508 3555 in
2552 3503 2828 3571 pulverem
2854 3518 2912 3557 es
2951 3519 3278 3559 reversurus
3311 3524 3326 3559 :

1963 3597 2056 3651 Vel
2081 3596 2204 3666 quis
2237 3596 2312 3649 tui
2345 3595 2516 3664 gratia
2553 3594 2694 3648 Deus
2725 3611 2834 3648 una
2872 3595 3034 3648 simul
3065 3607 3117 3650 et
3146 3611 3298 3663 caro,

1963 3690 2118 3756 Quis,
2160 3690 2405 3758 inquam,
2445 3703 2661 3757 passus,
2695 3689 2945 3757 quamvis
2980 3691 3222 3759 passioni
3271 3707 3378 3747 non
3416 3693 3550 3748 sub-

3327 3779 3520 3852 [ditus,

1961 3869 2218 3926 Ostendit
2273 3876 2326 3924 te
2385 3868 2636 3924 futurum
2689 3871 3046 3940 passionibus
3093 3885 3148 3926 et
3197 3873 3554 3942 corruptione

3250 3962 3480 4016 liberum
3503 3962 3530 4014 ?

1973 4054 2094 4107 tlzec
2123 4053 2428 4116 considera,
2461 4054 2686 4121 optime,
2731 4053 2912 4107 sobrie
2940 4061 2991 4106 te
3021 4069 3236 4123 gerens,

1968 4146 2156 4210 Neque
2189 4145 2423 4213 amplius
2450 4145 2518 4198 de
2545 4145 2907 4199 immensitate
2929 4147 3315 4212 obstupescas,

1981 4236 2118 4291 Nam
2153 4251 2274 4305 qua:
2307 4245 2436 4290 sunt
2463 4235 2646 4289 futura
2679 4252 2784 4290 non
2813 4237 2939 4290 licet
2969 4237 3174 4301 videre,

1980 4330 2047 4384 Et
2075 4331 2354 4399 ignoratur
2383 4344 2505 4398 qua!
2532 4330 2600 4382 sit
2631 4329 2754 4383 linis
2783 4331 3067 4399 temporis.

1985 4421 2142 4476 Sicut
2169 4421 2307 4492 ignis
2337 4437 2448 4491 quo
2479 4437 2622 4476 nunc
2649 4423 2877 4485 utimur,
2913 4437 3020 4474 non
3052 4423 3162 4475 urit.
3187 4421 3418 4484 modice,

1983 4513 2117 4568 Nam
2155 4515 2295 4582 ignis
2327 4523 2408 4567 est
2439 4514 2640 4584 imago,
2671 4529 2778 4567 non
2811 4513 2952 4582 ignis
2985 4523 3201 4575 natura,

1909 4609 1949 4662 D
1985 4607 2076 4660 Sic
2100 4605 2474 4675 contemplare
2501 4605 2676 4674 ignem
2710 4605 3060 4668 devorantem
3102 4604 3308 4656 onmia.

1981 4699 2244 4754 Accendit
2268 4698 2397 4752 olim
2425 4699 2570 4752 hunc
2593 4713 2748 4753 mens
2773 4698 2997 4768 tyranni
3029 4695 3263 4756 fervida,

1987 4791 2094 4847 Sed
2128 4807 2218 4846 ros
2255 4791 2450 4861 puellis
2473 4790 2649 4844 factus
2675 4798 2760 4844 est
2785 4791 3176 4860 gaudentibus,

1983 4887 2257 4938 Arcanum
2284 4881 2463 4950 ignem
2493 4879 2766 4944 indicans,
2786 4895 2948 4948 quam
2985 4880 3112 4949 quid
3137 4879 3316 4943 aliud;

1987 4975 2059 5031 Ut
2092 4975 2364 5044 intelligas
2396 4973 2564 5027 Deum
2591 4988 2710 5028 esse
2740 4974 2915 5042 ignem
2939 4983 2986 5026 et
3025 4989 3226 5038 rorem,

1999 5069 2181 5138 Ignem
2216 5068 2270 5120 in
2305 5067 2464 5128 rubo,
2493 5073 2547 5119 et
2571 5079 2747 5118 rorem
2780 5065 2832 5117 in
2863 5065 3078 5119 vellere.

1991 5159 2098 5213 Nec
2125 5158 2356 5212 multum
2403 5155 2634 5211 distaltis
2677 5171 2708 5208 a
2740 5171 2890 5220 vero,
2915 5157 2959 5210 si
3011 5165 3196 5226 typum
3231 5156 3568 5225 perpendas;

1989 5252 2125 5306 Nam
2161 5260 2371 5303 uterum
2406 5249 2635 5300 omnino
2663 5263 2770 5301 non
2804 5247 3106 5302 combussit
3131 5247 3393 5318 Virginis,

1993 5344 2097 5410 Qui
2123 5343 2397 5412 particeps
2434 5341 2615 5396 carnis
2641 5339 2784 5394 Deus
2810 5357 3025 5412 semper
3062 5351 3266 5396 manet.

1991 5437 2052 5490 In
2087 5434 2266 5488 medio
2299 5431 2643 5486 flammarum
2673 5432 2780 5486 vivi
2807 5441 3096 5498 steterunt,

1996 5531 2063 5584 Et
2093 5527 2406 5582 cicadarum
2438 5541 2588 5580 more
2625 5527 2888 5580 cauebant
2923 5527 3114 5596 pueri;

1995 5623 2130 5675 Nam
2167 5619 2389 5674 enutriti
2423 5635 2586 5690 super
2615 5619 2803 5672 induto
2836 5635 2982 5682 rore,

1996 5711 2128 5766 Loci
2153 5711 2516 5774 exustionem,
2551 5717 2609 5762 ut
2637 5711 2740 5763 illae
2775 5712 2978 5764 aestatis
3013 5719 3278 5778 tempore,
3309 5705 3574 5764 ferebant.

2000 5808 2229 5864 Stabant
2259 5806 2397 5860 {irini
2427 5815 2706 5862 cessantes
2741 5823 2769 5859 a
2799 5805 3134 5861 clamoribus
3172 5824 3185 5859 :

1999 5898 2121 5968 Ipso
2156 5897 2303 5955 enim
2345 5897 2564 5953 Silentio
2597 5907 2782 5966 typum
2816 5897 3150 5960 indicabant,
