4032 6398
231 398 362 462 13m

937 401 1712 462 INTERPRETATIONES
1755 403 2198 466 DIVINORUM
2239 401 2800 466 MANDATORUM.

3369 399 3507 464 1362

220 508 690 579 ἁπηγορευμὲνας
733 509 961 581 πράξεις
995 513 1138 564 τισὶν
1191 512 1622 584 ὑποτάσσομενοι
1677 531 1814 584 προ-

1947 517 2224 572 ιΓοΙιίὺίιοε
2283 517 2529 572 actiones
2603 515 2880 584 aliquibus
2957 511 3186 576 subjecti
3247 523 3506 580 praetextu

223 604 390 670 φάσει
439 601 720 671 ὑπακοῆς,
769 603 865 654 καὶ
908 604 1152 672 ὲκκοπῆς
1184 603 1508 674 θελημάτων
1537 644 1552 668 ,
1588 604 1666 674 τῷ
1689 605 1808 656 δια-

223 695 404 764 ϐόλῳ,
441 695 537 748 καὶ
566 697 680 756 τοῖς
712 695 770 748 ὲν
803 695 994 748 πόλεσι
1029 695 1313 764 δημοσίοις
1344 697 1774 766 παρεικάζονται
1794 737 1810 761 ,

223 788 330 840 οὐκ
357 783 719 854 ἐκφεύξονται
769 785 828 840 δὲ
881 787 942 840 τὸ
1000 791 1178 858 κρῖμα
1225 787 1320 841 τοῦ
1375 787 1535 854 Θεοῦ,
1588 787 1713 842 οὔτε
1760 791 1811 842 oi

225 879 619 942 ὑπακούοντες,
648 876 772 931 οὔτε
799 880 848 931 οἱ
884 879 1289 943 ἐπιτάττοντες,
1320 879 1434 932 ἀλλ’
1455 879 1684 946 ἕκαστος
1714 881 1814 937 δώ-

227 989 312 1024 σει
344 972 500 1035 δίκας
533 971 676 1025 κατά
705 971 804 1034 τὰς
831 971 1058 1041 πράξεις
1087 971 1280 1026 αὑτοῦ.

301 1061 370 1130 γ’.
413 1061 712 1133 Ἐρμηνεία
744 1063 852 1114 τῶν
898 1061 1072 1114 θείων
1099 1062 1328 1115 ἐντολῶν
1367 1063 1462 1116 τοῦ
1500 1063 1708 1134 Κυρίου
1757 1067 1818 1118 ὲν

227 1154 488 1224 ἐπιτομῇ,
525 1153 590 1206 ἐκ
617 1170 678 1205 τε
707 1153 802 1205 τοῦ
833 1154 1264 1224 Χρυσοστόμου,
1319 1156 1416 1208 καὶ
1447 1155 1654 1220 ἑτέρων
1699 1157 1812 1210 δια-

229 1247 416 1316 φόρων
435 1246 697 1316 Πατέρων
723 1246 996 1313 κεφάλαια
1029 1251 1380 1300 συντείνοντα
1410 1251 1490 1312 είς
1515 1249 1611 1312 τὰς
1644 1250 1818 1314 αὐτάς

229 1339 553 1410 ἑρμηνείας·
587 1339 682 1392 καὶ
713 1340 798 1392 ὅτι
829 1340 857 1391 ό
883 1338 972 1393 διὰ
1004 1341 1104 1410 τὴν
1137 1340 1340 1410 ἀρετὴν
1370 1341 1598 1411 πάσχων
1631 1341 1818 1406 κακῶς

231 1432 385 1499 παρᾶ
409 1429 518 1482 τῶν
547 1429 642 1483 ἀνθ
651 1429 852 1500 ρώπων
879 1422 1034 1492 οὗτος
1069 1431 1433 1500 μακαριστὸς,
1458 1433 1486 1484 ὁ
1511 1432 1568 1486 δὲ
1591 1433 1659 1486 δι’
1685 1433 1819 1487 αὐτὸ

229 1521 294 1574 τ’)
326 1519 495 1574 κακὸν
527 1521 754 1592 πάσχων
784 1522 1102 1587 πανάθλιος·
1137 1525 1232 1576 καὶ
1264 1525 1345 1577 ὅτι
1375 1527 1436 1578 οὐ
1470 1524 1696 1580 δυνατὸν
1727 1528 1818 1582 τὸν

233 1609 292 1662 ἐν
315 1610 481 1679 ἀρετῇ
512 1607 694 1672 ζῶντα
717 1611 868 1681 παρά
895 1613 1110 1666 πάντων
1139 1613 1358 1668 ἀκούειν
1381 1615 1584 1680 καλῶς·
1612 1618 1704 1672 καὶ
1736 1619 1819 1672 ὅτι

231 1699 282 1750 οἱ
329 1697 576 1763 θέλοντες
625 1702 778 1772 παρά
829 1702 1050 1758 πάντων
1103 1706 1398 1770 ἐπαίνους,
1449 1705 1598 1762 οὗτοι
1651 1711 1820 1764 πᾶσιν

232 1790 492 1859 ἀρέσκειν
516 1792 880 1859 σπουδάζουσι
903 1812 915 1826 ·
943 1797 1036 1850 καὶ
1066 1797 1148 1851 ὅτι
1179 1800 1244 1852 ἐκ
1265 1798 1456 1852 τούτου
1487 1802 1818 1873 γνωρίζεται

1919 607 2261 671 obedientiae,
2309 617 2362 662 et
2403 606 2784 677 abnegationis
2833 606 3153 668 voluntatis,
3189 605 3429 666 diabolo,
3457 614 3511 658 et

1922 699 2006 753 bis
2041 700 2132 768 qui
2164 699 2377 768 publice
2411 699 2602 754 vivunt
2637 699 2691 752 in
2720 697 2946 752 urbibus
2972 695 3374 758 assimilantur,
3399 711 3508 750 non

1920 785 2180 856 elingient
2227 787 2319 840 Dei
2381 786 2668 856 iudicium,
2719 799 2896 854 neque
2949 783 3288 845 obcdientcs,
3337 797 3512 850 neque

1917 877 2194 946 iubentes,
2231 881 2326 934 sed
2359 879 2595 950 quisque
2631 877 2782 932 dabit
2821 892 3008 948 pcenas
3042 874 3350 930 secundum
3383 889 3514 930 suas

1923 972 2185 1026 actiones.

1993 1062 2044 1117 5.
2081 1063 2404 1132 Explanatio
2439 1064 2748 1119 divinorum
2777 1062 3160 1117 mandatorum
3198 1059 3414 1114 Domini
3453 1060 3508 1112 in

1925 1157 2270 1224 compendio,
2315 1165 2370 1211 et
2416 1173 2484 1212 ex
2535 1157 2934 1228 Chrysostomo
2987 1163 3042 1209 et
3099 1153 3224 1208 aliis
3277 1152 3512 1206 diversis

1925 1245 2179 1302 Patribus
2211 1249 2388 1318 capita
2417 1250 2756 1304 conferentia
2789 1250 2840 1303 in
2875 1251 3010 1304 istas
3041 1245 3456 1316 explanationes
3490 1261 3504 1297 :

1925 1347 1982 1393 et
2013 1339 2156 1408 quod
2190 1340 2280 1395 ille
2308 1340 2402 1410 qui
2427 1341 2496 1394 ob
2525 1341 2784 1394 virtutem
2823 1340 2962 1395 male
2999 1339 3206 1410 patitur
3237 1337 3306 1392 ab
3335 1337 3515 1390 homi-

1926 1431 2088 1485 nibus
2121 1431 2474 1487 beatissimus
2503 1441 2607 1496 est,
2637 1433 2726 1502 qui
2754 1441 2934 1487 autem
2973 1432 3044 1485 ob
3091 1431 3272 1500 ipsum
3307 1429 3511 1483 malum

1927 1521 2136 1591 patitur
2171 1523 2336 1578 miser
2359 1530 2446 1578 est
2485 1539 2500 1577 :
2543 1531 2598 1577 et
2647 1521 2794 1590 quod
2841 1520 3185 1590 impossibile
3231 1529 3314 1573 cst
3357 1519 3510 1572 illum

1927 1614 2020 1684 qui
2059 1614 2112 1668 in
2145 1614 2348 1670 virtute
2389 1614 2537 1684 degit
2583 1615 2653 1670 ab
2685 1613 2938 1668 omnibus
2989 1613 3128 1666 bene
3167 1610 3356 1664 audire
3397 1627 3412 1663 :
3459 1617 3516 1664 et

1927 1702 2072 1771 quod
2107 1703 2452 1772 exquirentes
2511 1703 2579 1758 ab
2635 1703 2896 1758 omnibus
2932 1702 3143 1766 laudes,
3173 1701 3228 1754 hi
3259 1700 3515 1754 omnibus

1927 1797 2142 1864 placere
2169 1797 2386 1850 student
2421 1813 2436 1850 :
2477 1803 2534 1852 et
2557 1795 2702 1867 quod
2747 1811 2812 1850 ex
2861 1809 2927 1851 eo
2961 1795 3316 1866 cognoscitur
3345 1793 3518 1848 falsus

231 1881 262 1933 ό
295 1880 778 1949 ψευδοδιδάσκαλος
803 1925 816 1948 ,
846 1887 941 1939 καὶ
972 1889 1000 1940 ό
1027 1887 1491 1960 ψευδοπροφήτης
1521 1893 1587 1946 ὲκ
1617 1893 1714 1948 τοῦ
1742 1897 1818 1966 μὴ

1947 1885 2114 1940 loctor
2152 1894 2206 1940 et
2255 1885 2426 1942 falsus
2455 1887 2739 1957 prOpheta,
2774 1901 2899 1941 cum
2937 1902 3046 1941 non
3073 1886 3273 1942 doceat
3315 1900 3384 1940 ex
3435 1884 3522 1938 di-

233 1974 512 2029 διδάσκειν
543 1979 606 2030 ὲκ
646 1978 755 2032 τῶν
785 1979 944 2034 θείων
973 1981 1207 2052 Γραφῶν
1230 2023 1243 2046 ,
1282 1982 1397 2037 ἀλλ’
1427 1985 1492 2038 ἐκ
1523 1985 1624 2056 τῆς
1653 1988 1822 2043 αὐτοῦ

236 2068 468 2138 καρδίας
503 2069 640 2140 πρὸς
668 2071 766 2135 τὰς
799 2073 1034 2126 ἑκάστου
1070 2076 1390 2146 ἐπιθυμίας.

306 2157 368 2212 δ’.
407 2161 545 2231 Περὶ
575 2162 880 2235 ἀποταγῆς·
937 2166 1032 2218 καὶ
1072 2167 1156 2220 ὅτι
1209 2170 1379 2222 κακὸν
1433 2172 1466 2242 ἡ
1521 2172 1825 2244 ἑπιὸλαϐὴς

235 2249 481 2318 ὁμόνοια,
508 2251 604 2305 καὶ
630 2255 887 2324 κρεῖσσόν
915 2257 1032 2308 ὲστι
1063 2257 1486 2330 διαχωρίζεσθαι
1516 2265 1624 2316 τῶν
1648 2266 1825 2319 τοιού-

235 2357 350 2394 των
425 2343 520 2396 καὶ
553 2345 634 2397 ὅτι
687 2347 1032 2401 ἐπικίνδυνον
1083 2351 1399 2423 ἀποκείρειν
1431 2357 1556 2419 τοὺς
1593 2360 1826 2424 γυναῖκα

238 2433 335 2484 καὶ
388 2433 552 2489 τέκνα
591 2435 846 2506 ἔχοντας,
895 2440 928 2507 ἢ
961 2442 1138 2506 ἄλλως
1171 2446 1287 2508 πῶς
1323 2447 1634 2518 ἀδιαφόρως
1667 2450 1828 2504 τοῦτο

239 2528 439 2591 ποιεῖν,
469 2529 564 2582 καὶ
593 2531 712 2594 πῶς
739 2533 846 2602 χρὴ
877 2533 1087 2599 πάντας
1112 2539 1239 2601 τοὺς
1264 2541 1542 2605 τοιούτους
1570 2543 1826 2614 δέχεσθαι

240 2619 301 2670 ὲ)
339 2623 746 2691 μοναστηρίοις·
787 2627 880 2678 καὶ
909 2627 989 2681 ὅτι
1023 2629 1198 2698 μέγαν
1229 2631 1474 2685 κίνδυνον
1509 2635 1642 2704 ἔχει,
1678 2639 1772 2690 καὶ
1800 2640 1828 2691 ὁ

239 2710 440 2776 διδοὺς,
476 2715 568 2768 καὶ
597 2715 626 2766 ὁ
653 2715 968 2785 λαμϐάνων,
1003 2721 1098 2774 καὶ
1138 2725 1166 2776 ό
1197 2725 1536 2779 συνευδοκῶν
1563 2728 1651 2780 διὰ
1690 2747 1830 2799 χρη-

245 2805 434 2872 μάτων
484 2805 582 2868 τάς
631 2808 880 2880 είσδοχὰς
919 2811 1167 2873 γίνεσθαι
1209 2817 1362 2886 παρὰ
1395 2817 1457 2871 τὸ
1489 2822 1610 2883 ταῖς
1655 2821 1830 2887 θείαις

241 2895 436 2950 δοκοῦν
467 2898 739 2968 Γραφαῖς·
779 2903 874 2956 καὶ
901 2904 986 2958 ὅτι
1021 2905 1122 2976 τὴν
1179 2909 1475 2982 μοναδικὴν
1511 2913 1790 2969 πολιτείαν
1813 2959 1827 2981 ,

243 2989 425 3053 ἄλλως
455 2993 573 3057 πῶς
607 2997 657 3047 oi
697 2996 942 3070 Πατέρες
981 2999 1041 3053 οὐ
1071 3001 1352 3071 δέχονται,
1382 3007 1429 3058 εί
1457 3005 1531 3076 μὴ
1561 3007 1701 3060 κατά
1732 3008 1832 3080 τὴν

243 3083 576 3153 νομοθεσίαν
607 3087 716 3141 τῶν
757 3091 1074 3160 ἀσκητικῶν
1113 3095 1206 3147 τοῦ
1251 3097 1486 3165 μεγάλου
1525 3099 1828 3155 Βασιλείου.

323 3172 384 3230 ε’.
416 3176 550 3248 Περὶ
572 3179 859 3251 ἀποταγῆς
881 3183 1105 3237 δούλων·
1131 3187 1224 3239 καὶ
1244 3188 1326 3241 ὄτι
1343 3189 1391 3241 οἱ
1415 3191 1540 3254 τοὺς
1559 3193 1833 3257 τοιούτους

246 3265 535 3338 δεχόμενοι
567 3271 920 3345 ἀδιακρίτως,
959 3277 1054 3330 καὶ
1085 3279 1236 3348 παρὰ
1267 3281 1365 3343 τὰς
1399 3282 1548 3345 θείας
1585 3284 1832 3355 Γραφάς,

249 3359 284 3430 ἥ
319 3362 470 3432 παρά
495 3365 724 3438 γνώμην
755 3369 863 3422 τῶν
900 3369 1044 3424 ίδίων
1083 3373 1362 3426 δεσποτῶν
1415 3375 1834 3448 ἀποκείροντες,

248 3451 355 3519 τῆς
378 3457 663 3520 κοινωνίας
683 3458 1030 3528 χωρίζονται,
1057 3465 1153 3515 καὶ
1171 3465 1660 3536 ἀναθεματίζονται
1685 3469 1840 3541 παρὰ

249 3544 364 3596 τῶν
397 3545 558 3600 θείων
603 3553 880 3615 κανόνων,
909 3554 957 3604 οί
989 3553 1046 3606 δὲ
1093 3555 1268 3608 δοῦλοι
1304 3559 1443 3610 κατὰ
1473 3561 1599 3624 τοὺς
1639 3561 1840 3627 ἔξωθεν

251 3635 456 3704 νόμους
489 3641 928 3709 άναδουλοῦνται,
967 3648 1062 3700 ἐὰν
1097 3649 1172 3717 μὴ
1198 3650 1298 3718 τὴν
1330 3651 1582 3721 ἄσκησιν,
1614 3655 1710 3707 καὶ
1740 3655 1842 3726 τὴν

253 3730 494 3804 ἀκριόὴν
521 3735 798 3792 πολιτείαν
824 3737 932 3789 τῶν
965 3739 1139 3808 ἁγίων
1170 3742 1552 3814 μετέρχονται.

335 3922 410 3978 ς’.
441 3917 576 3986 Περὶ
605 3917 712 3972 τῶν
741 3921 1176 3992 ἀναχωρούντων
1203 3925 1314 3978 ἀπὸ
1337 3927 1718 3999 άδελφότητος·
1751 3932 1845 3985 καὶ

257 4005 346 4058 ὃτι
385 4008 414 4058 ό
457 4005 547 4060 διὰ
587 4010 859 4078 σαρκικὴν
907 4012 1251 4080 ἀνάπαυσιν,
1311 4015 1342 4086 ἢ
1405 4017 1493 4070 διά
1557 4021 1846 4093 προκοπὴν

260 4101 537 4171 κοσμικὴν
566 4102 676 4156 ἀπὸ
708 4104 1067 4177 ἀδελφότητος
1101 4111 1422 4180 ἀναχωρῶν,
1455 4113 1578 4166 λίαν
1605 4116 1849 4188 ἀπόόλη-

259 4193 355 4256 τός
389 4195 506 4246 ἐστι
534 4197 686 4264 παρὰ
717 4195 794 4265 τῷ
821 4195 962 4265 θεῷ,
1015 4199 1108 4251 καὶ
1153 4201 1396 4272 ἀρνητὴς
1439 4202 1532 4256 τοῦ
1569 4205 1844 4274 ἐπαγγέλ-

268 4303 470 4356 ματος·
503 4289 598 4342 καὶ
626 4289 708 4342 ὄτι
747 4292 794 4341 οἱ
821 4289 956 4344 θεῖοι
987 4293 1210 4356 κανόνες
1246 4295 1371 4358 τοὺς
1411 4297 1720 4364 τοιούτους,
1755 4301 1849 4354 καὶ

265 4379 392 4440 τοὺς
413 4379 838 4450 ἀναδεχομένους
862 4384 1082 4448 αὐτοὺς,
1107 4383 1204 4453 τῆς
1226 4387 1510 4450 κοινωνίας
1533 4390 1846 4458 χωρίζουσι·

271 4473 366 4523 καὶ
415 4471 498 4524 ὅτι
525 4474 574 4524 οί
617 4473 707 4526 διὰ
754 4474 848 4526 τὸν
878 4474 1012 4528 Θεὸν
1046 4476 1236 4530 ἄλλοτε
1269 4477 1503 4548 ἀλλαχοῦ
1539 4481 1847 4552 ἑλκόμενοι,

1926 1981 2067 2040 vinis
2096 1979 2418 2051 Scripturis,
2450 1982 2544 2038 sed
2569 1997 2599 2038 e
2622 1981 2844 2052 proprio
2869 1997 2971 2038 suo
3013 1982 3178 2038 corde
3209 1979 3518 2037 secundum

1925 2073 2192 2143 cujusque
2221 2073 2552 2129 voluntates.

1997 2168 2048 2222 4.
2085 2166 2158 2222 De
2189 2167 2530 2236 professione
2567 2169 2824 2240 religiosa
2863 2188 2876 2224 :
2907 2178 2962 2224 et
2989 2167 3137 2238 quod
3181 2168 3385 2222 malum
3433 2175 3520 2222 est

1929 2259 2087 2314 noxia
2122 2261 2478 2325 unanimitas,
2507 2272 2560 2316 et
2605 2261 2800 2317 melius
2826 2271 2910 2316 est
2937 2277 2966 2316 a
2997 2260 3200 2316 talibus
3238 2259 3517 2330 separari;

1927 2361 1982 2405 ct
2025 2353 2166 2418 quod
2215 2354 2580 2422 periculosum
2633 2361 2718 2408 est
2763 2353 2988 2408 tondere
3032 2353 3134 2408 hos
3165 2353 3258 2422 qui
3293 2365 3517 2406 uxorem

1929 2452 1984 2498 ct
2013 2443 2212 2498 liberos
2243 2444 2465 2508 habent,
2503 2444 2582 2498 vel
2615 2445 2777 2499 aliter
2801 2459 3026 2516 qquuo
3061 2446 3226 2498 modo
3258 2443 3514 2498 indiscri-

1931 2536 2182 2590 minatim
2217 2536 2266 2590 id
2299 2553 2482 2607 agerc,
2509 2549 2562 2594 et
2591 2540 2870 2610 quomodo
2913 2547 3128 2609 oportet
3160 2553 3352 2593 omnes
3385 2539 3522 2592 tales

1933 2629 2174 2696 recipere
2215 2629 2270 2682 in
2307 2632 2696 2698 monasteriis;
2746 2639 2801 2688 et
2857 2632 3002 2703 quod
3047 2645 3248 2702 magno
3277 2629 3522 2700 periculo

1933 2738 1994 2776 se
2039 2723 2261 2790 exponit
2307 2733 2362 2777 ct
2393 2723 2534 2780 dans
2567 2732 2622 2778 et
2663 2725 2938 2795 recipiens
2985 2733 3038 2779 et
3089 2724 3410 2794 permittens
3449 2723 3522 2776 ob

1931 2814 2196 2883 pecunias
2225 2815 2590 2872 admissiones
2631 2817 2744 2872 ﬁeri
2781 2829 2976 2874 contra
3022 2819 3330 2875 divinarum
3365 2817 3520 2872 Srt'i-

1934 2915 2218 2975 pturarum
2269 2909 2594 2964 sententiam
2647 2928 2660 2963 :
2711 2919 2764 2965 et
2812 2912 2958 2980 quod
3019 2911 3338 2966 monasticae
3399 2911 3524 2965 vitae

1935 3003 2230 3067 rationem,
2285 3004 2436 3058 nullo
2493 3005 2601 3061 alio
2641 3005 2802 3060 modo
2835 3005 3026 3060 Patres
3066 3005 3364 3075 accipiunt,
3417 3003 3524 3058 nisi

1937 3096 2237 3151 secundum
2266 3097 2690 3152 constitutiones
2720 3097 2988 3152 asceticas
3015 3095 3196 3164 magni
3235 3093 3448 3149 Basilii.

2011 3188 2062 3243 5.
2095 3187 2170 3242 De
2202 3187 2542 3258 professione
2587 3187 2842 3257 religiosa
2892 3203 3175 3244 servorum
3216 3203 3230 3240 :
3274 3197 3328 3241 et
3377 3185 3522 3254 quod

1940 3281 2014 3334 illi
2044 3280 2137 3350 qui
2171 3281 2308 3335 tales
2334 3280 2600 3350 recipiunt
2631 3279 2966 3343 indistincte,
2995 3289 3050 3334 et
3083 3288 3270 3332 contra
3305 3277 3526 3332 divinas

1943 3371 2270 3441 Scripturas,
2305 3381 2359 3426 et
2389 3381 2578 3428 contra
2612 3375 2938 3426 sententiam
2964 3371 3313 3441 propriorum
3349 3369 3528 3424 domi-

1941 3479 2139 3520 norqu
2175 3465 2422 3527 tondent,
2451 3479 2478 3516 a
2513 3465 2908 3519 communione
2947 3473 3276 3534 separantur
3305 3471 3360 3517 et
3391 3477 3530 3516 ana-

1943 3558 2370 3612 thematizantur
2417 3559 2620 3614 divinis
2671 3557 2997 3626 canonilms,
3032 3557 3174 3612 servi
3227 3565 3409 3610 autem
3441 3569 3530 3610 se-

1943 3650 2184 3706 cundum
2210 3659 2463 3706 externas
2491 3651 2634 3720 leges
2669 3665 2887 3706 rursum
2920 3649 3170 3704 servituti
3213 3649 3531 3718 mancipan-

1945 3749 2056 3804 tur,
2081 3742 2186 3796 nisi
2225 3743 2384 3798 vitam
2410 3745 2798 3810 asceticam,ct
2829 3752 3030 3798 rectam
3057 3750 3372 3797 sanctorum
3411 3739 3534 3793 vitae

1947 3833 2214 3888 rationem
2242 3835 2663 3904 amplectantur.

2019 3926 2073 3981 6.
2101 3927 2174 3981 De
2216 3925 2623 3982 discedentibus
2667 3939 2696 3978 a
2743 3923 3086 3979 fraternitate
3117 3941 3132 3977 :
3167 3931 3222 3978 et
3274 3921 3420 3992 quod
3449 3921 3540 3976 ille

1948 4019 2041 4089 qui
2069 4027 2290 4090 propter
2325 4019 2600 4072 carnalem
2631 4018 2892 4087 quietem,
2917 4017 3001 4071 vel
3029 4016 3362 4070 mundanam
3395 4013 3540 4068 utili-

1949 4119 2117 4168 tatem
2153 4127 2184 4165 a
2235 4109 2574 4165 fraternitate
2617 4109 2875 4176 discedit,
2907 4108 3140 4162 multum
3177 4105 3321 4177 apud
3365 4105 3534 4161 Deum

1950 4202 2378 4273 contemptibilis
2411 4212 2515 4265 est,
2533 4211 2586 4257 et
2609 4201 2974 4272 promissione
3002 4200 3281 4269 privatus;
3307 4207 3361 4252 et
3383 4195 3530 4268 quod

1951 4296 2124 4352 divini
2155 4309 2396 4351 canones
2419 4295 2554 4351 tales
2597 4293 2866 4359 homines,
2894 4302 2948 4346 ct
2973 4309 3069 4348 eos
3119 4291 3214 4361 qui
3263 4291 3540 4359 recipiunt

1952 4388 2096 4453 illos,
2143 4401 2172 4440 a
2243 4389 2632 4441 communione
2689 4394 2978 4454 separant;
3023 4393 3078 4438 et
3133 4381 3280 4453 quod
3341 4381 3394 4436 lii
3445 4383 3540 4450 qui

1953 4485 2174 4547 propter
2206 4475 2372 4530 Deum
2406 4475 2562 4530 aliter
2605 4475 2714 4530 alio
2753 4475 3066 4538 tralmntur,
3109 4481 3163 4528 et
3201 4472 3542 4528 discedentes

267 4561 364 4615 καὶ
390 4562 800 4634 ἀναχωροῦντες
829 4565 1125 4630 ὲπαινετοὶ,
1163 4567 1259 4620 καὶ
1290 4569 1351 4621 ού
1383 4569 1710 4640 χωρίζονται
1749 4572 1834 4641 τῆς

1957 4565 2271 4628 laudantur,
2319 4579 2496 4634 neque
2538 4579 2568 4619 a
2626 4563 2966 4620 fraternitate
3023 4571 3366 4634 separantur,
3413 4562 3542 4633 quia

266 4653 649 4724 ἀδελφότητος,
677 4657 759 4708 ὅτι
787 4657 1102 4728 οἰκονομίαν
1133 4659 1452 4730 πληροῦσιν.

343 4745 406 4812 ζ’.
437 4747 574 4817 Περὶ
594 4747 858 4817 διαφορᾶς
883 4751 1213 4808 σκανδάλων’
1241 4756 1333 4807 καὶ
1360 4756 1441 4808 ὄτι
1473 4755 1564 4810 τὸν
1597 4757 1854 4812 ποιοῦντα

275 4839 496 4911 ἐντολὴν
520 4840 680 4904 Θεοῦ,
715 4842 745 4912 ἢ
779 4845 1108 4912 παραδόσεις
1143 4849 1314 4916 ἁγίων
1349 4849 1632 4920 Πατέρων,
1661 4853 1720 4904 ού
1749 4851 1856 4923 χρὴ

271 4934 374 5002 τὴν
408 4933 608 5004 πρᾶξιν
655 4935 1092 5007 καταλιμπάνειν
1140 4939 1230 4992 διὰ
1268 4945 1395 5006 τοὺς
1427 4942 1856 5014 σκανδαλιζομέ-

273 5041 422 5088 νους·
450 5026 544 5080 καὶ
573 5027 655 5080 ὅτι
679 5029 712 5098 ἡ
736 5030 931 5100 εἰρήνη
955 5070 968 5094 ,
1000 5033 1094 5085 καὶ
1125 5035 1156 5102 ή
1185 5035 1320 5104 εὐχὴ
1351 5034 1442 5087 τὸν
1473 5035 1623 5101 ἀξιον
1657 5035 1732 5106 μὴ
1767 5037 1858 5089 εὖ·

275 5117 468 5189 ροῦσα,
527 5121 851 5190 ἐπιστρέφει
907 5123 1072 5175 πάλιν
1125 5127 1263 5196 πρὸς
1311 5127 1404 5180 τὸν
1458 5129 1860 5182 ἀποστέλλοντα

273 5211 472 5278 ταῦτα,
502 5211 646 5266 οὕτω
671 5214 765 5266 καὶ
794 5216 826 5284 ἡ
859 5215 1075 5286 κατάρα
1102 5218 1429 5290 ἐπιστρέφει
1458 5222 1622 5275 πάλιν
1651 5223 1746 5275 ὲπὶ
1769 5222 1860 5276 τὸν

277 5307 481 5369 ἀδίκως
515 5307 976 5361 σκανδαλισθέντα
1007 5311 1100 5362 καὶ
1133 5311 1546 5382 καταρώμενον.

349 5397 418 5468 η’.
450 5399 585 5470 Περὶ
615 5399 954 5452 διδασκάλων
983 5401 1266 5472 διαφορᾶς·
1303 5403 1398 5455 καὶ
1431 5403 1514 5456 ὃτι
1545 5403 1775 5476 φοϐερὸν
1801 5404 1862 5457 τὺ

277 5491 457 5560 κρῖμα
501 5489 594 5543 τοῦ
633 5489 990 5556 διδασκάλου,
1037 5493 1130 5546 ἐὰν
1164 5492 1317 5564 παρά
1359 5493 1458 5557 τὰς
1490 5493 1712 5556 ἐντολὰς
1767 5493 1862 5547 τοῦ

278 5581 415 5635 Θεοῦ
446 5582 697 5654 διδάσκῃ·
736 5583 829 5638 καὶ
875 5584 958 5636 ὅτι
985 5583 1267 5639 πείθεσθαι
1298 5585 1512 5648 τούτοις
1547 5585 1630 5638 δεῖ
1658 5587 1723 5639 ἐκ
1753 5585 1864 5639 τῶν

280 5671 442 5726 θείων
462 5672 696 5743 Γραφῶν
710 5673 1048 5728 διδάσκουσι.

354 5761 420 5816 0'.
449 5761 582 5834 Περὶ
607 5763 872 5836 διαφορᾶς
898 5764 1088 5834 ὀργῆς,
1115 5765 1208 5818 καὶ
1233 5765 1408 5836 θυμοῦ
1433 5765 1656 5836 εὐλόγου
1685 5785 1746 5820 τε
1771 5766 1865 5821 κοιλ¹

286 5853 484 5924 ἀλόγου
509 5869 526 5890 ο
577 5853 674 5910 xei.
707 5855 788 5911 ὅτι
829 5855 890 5910 οὐ
926 5855 1156 5914 πάντοτε
1193 5857 1464 5927 συμφέρει
1505 5859 1566 5914 τὸ
1605 5859 1677 5914 μὴ
1713 5859 1864 5924 ὀργί·

1957 4657 2202 4711 divinum
2246 4657 2586 4726 pr0posilum
2617 4657 2916 4726 complent.

2027 4751 2080 4804 7.
2112 4749 2184 4804 De
2224 4749 2529 4804 dill'erentia
2577 4749 2958 4806 scandalornm
2999 4766 3013 4803 :
3053 4758 3108 4803 et
3158 4749 3304 4820 quod
3353 4749 3546 4805 obser-

1959 4851 2178 4897 vantem
2209 4841 2300 4897 Dei
2325 4843 2496 4913 legem
2519 4853 2574 4898 et
2603 4843 2927 4898 traditiones
2950 4852 3264 4898 sanctorum
3294 4843 3544 4910 Patrum,

1961 4946 2068 4986 non
2103 4941 2318 5002 oportet
2349 4933 2544 5002 agendi
2579 4933 2846 4987 rationem
2901 4933 3286 5002 derelinquere
3319 4933 3390 4986 ob
3421 4933 3544 4988 illos

1960 5025 2052 5094 qui
2091 5025 2568 5090 scandalizantur;
2599 5033 2654 5080 et
2691 5027 2838 5094 quod
2865 5039 2994 5094 pax,
3033 5033 3086 5078 et
3107 5026 3286 5080 oratio
3317 5025 3542 5094 dignum

1963 5131 2070 5168 non
2099 5117 2404 5181 inveniens,
2441 5131 2662 5171 rursum
2695 5116 2982 5171 revertitur
3015 5115 3080 5170 ad
3111 5117 3261 5170 illum
3301 5117 3396 5185 qui
3429 5117 3548 5170 haec

1961 5208 2182 5270 emittit,
2211 5209 2281 5264 ita
2314 5219 2368 5264 et
2400 5209 2712 5264 maledictio
2741 5209 3036 5263 revertitur
3067 5223 3263 5264 rursus
3300 5209 3364 5262 ad
3398 5208 3548 5263 hunc

1963 5301 2054 5370 qui
2095 5301 2295 5370 injuste
2325 5301 2732 5356 scandalizatur
2759 5309 2813 5354 ct
2843 5299 3138 5354 maledicit.

2037 5387 2090 5442 8.
2127 5390 2198 5442 De
2225 5389 2508 5444 doctorum
2549 5387 2851 5442 dill'ercntia
2883 5403 2900 5444 :
2937 5397 2992 5444 et
3015 5387 3160 5458 quod
3197 5389 3544 5442 tremendum

1966 5488 2050 5534 est
2079 5479 2320 5534 doctoris
2348 5479 2637 5547 judicium,
2672 5481 2717 5534 si
2766 5488 2954 5534 contra
2997 5479 3090 5534 Dei
3134 5479 3282 5548 leges
3315 5480 3547 5546 doceat;

1966 5581 2020 5626 et
2045 5572 2188 5642 quod
2220 5571 2444 5626 obedire
2481 5571 2588 5626 illis
2625 5581 2834 5642 oportet
2875 5571 2968 5641 qui
3001 5569 3306 5627 secundum
3336 5570 3552 5626 divinas

1969 5664 2280 5732 Scripturas
2311 5665 2526 5718 docent.

2037 5757 2089 5810 9.
2123 5756 2196 5810 De
2225 5755 2530 5812 differentia
2557 5756 2670 5822 inc,
2696 5755 2996 5810 secundum
3025 5753 3291 5809 rationem
3326 5763 3380 5806 et
3414 5767 3552 5806 con-

1974 5861 2056 5910 tra
2107 5852 2372 5911 rationem
2408 5869 2422 5908 :
2463 5859 2518 5908 et
2579 5850 2724 5922 quod
2790 5867 2898 5906 non
2953 5863 3166 5920 semper
3189 5845 3408 5920 expedit
3443 5860 3553 5899 non
