4032 6406
577 367 722 432 1363

1427 371 1820 434 OPUSCULA
1853 375 2200 436 MORALIA
2239 377 2592 438 INCEllT/E
2631 380 2942 440 1ETATIS.

3693 379 3800 445 1351

573 485 760 548 irasci,
819 461 912 538 sed
974 483 1195 553 quando
1235 492 1450 556 tempus
1500 489 1762 555 postulat.
1817 489 1970 558 Saepe
2013 490 2158 544 enim

2267 493 2478 560 ζεσθαι,
2513 498 2626 549 ἀλλ’
2655 500 2785 550 ὅταν
2807 501 2836 552 6
2871 498 3061 570 καιρὸς
3085 500 3246 569 καλῇ.
3275 497 3546 561 Πολλάκις
3573 498 3670 568 γὰρ
3699 515 3802 570 προ-

571 573 1011 628 mansuetudinis
1061 583 1320 643 praitextu
1377 576 1628 632 cadimns
1675 578 1728 632 in
1773 578 1997 648 laqueos
2043 581 2160 634 dia-

575 668 702 730 boli,
737 677 791 722 et
821 683 848 720 a
893 667 998 720 Deo
1047 681 1409 735 separamur;
1463 669 1764 738 aliquando
1801 681 1980 725 autem
2013 673 2158 726 cele-

573 771 703 812 rner
730 761 932 827 justam
963 759 1100 812 iram
1141 760 1504 830 suscipientes
1547 771 1700 816 extra
1738 766 2155 820 convenientem

571 853 712 902 viam
743 851 1116 905 ambulamus.

642 943 730 998 10.
785 941 859 996 De
909 942 1128 1010 injuria,
1173 951 1228 996 et
1274 943 1640 1012 qualicunque
1704 944 2058 1006 contumelia,
2103 953 2158 998 et

567 1037 757 1088 otiosis
785 1035 970 1090 verbis
1011 1051 1025 1088 :
1053 1043 1108 1090 ct
1139 1035 1284 1104 quod
1321 1051 1427 1090 non
1464 1037 1640 1088 solum
1675 1037 1745 1088 ob
1772 1036 2152 1094 hemicidium.

568 1128 982 1182 fornicationem
1029 1136 1084 1180 et
1119 1128 1446 1181 adulterium
1496 1129 1546 1180 in
1593 1128 1898 1194 gehennam
1947 1129 2155 1182 incide-

567 1237 713 1284 mus,
750 1220 844 1274 sed
889 1225 1052 1274 etiam
1082 1219 1154 1274 ob
1190 1219 1442 1287 injurias,
1473 1229 1526 1271 ct
1575 1235 1696 1288 qua:
1745 1217 1890 1287 apud
1933 1233 2036 1272 nos
2074 1217 2154 1270 vi-

563 1314 763 1366 dentur
791 1314 928 1370 viles
966 1313 1356 1378 contumelias,
1383 1312 1479 1366 sed
1537 1322 1717 1366 tamen
1769 1327 1878 1364 non
1921 1311 2154 1379 mqualis

567 1416 627 1460 ut
651 1407 965 1474 castigatio;
1003 1406 1230 1475 etquod
1265 1404 1574 1460 vindicandi
1624 1419 1684 1458 se
1737 1404 1932 1472 gratia,
1978 1403 2058 1456 vel
2095 1403 2150 1456 in

564 1499 712 1550 nulla
746 1513 801 1550 re
825 1499 1206 1564 conveniente,
1241 1512 1347 1550 non
1375 1505 1591 1566 oportet
1623 1497 1844 1566 injuriis
1886 1497 1970 1551 vel
2016 1513 2150 1551 con-

566 1591 805 1644 tumeliis
835 1590 1097 1658 impetere
1123 1590 1380 1656 aliquem,
1413 1589 1505 1644 sed
1529 1597 1612 1642 est
1640 1588 1692 1641 in
1728 1603 1797 1642 eo
1843 1589 2148 1644 differentia

563 1690 621 1735 ut
657 1683 820 1738 inira
859 1683 1044 1752 justa;
1092 1691 1148 1738 et
1181 1683 1324 1752 quod
1373 1681 1462 1735 ille
1501 1683 1594 1750 qui
1638 1680 1912 1734 immerito
1959 1680 2148 1736 convi-

564 1776 734 1830 tiatur
761 1776 948 1842 alicui,
975 1789 1004 1828 a
1038 1776 1424 1831 communione
1451 1782 1758 1843 separatur.

635 1868 723 1922 1-1.
755 1869 830 1920 De
881 1870 998 1921 rixa
1051 1881 1178 1920 cum
1225 1867 1496 1934 proximo,
1546 1875 1600 1918 et
1640 1880 1736 1932 per
1779 1863 1980 1918 multos
2028 1879 2150 1917 mo-
2183 1855 2224 1909 Β

559 1964 661 2018 dos
687 1961 928 2016 facienda
953 1960 1398 2015 reconciliatione
1433 1979 1444 2012 :
1473 1968 1524 2012 et
1552 1958 1694 2025 quod
1727 1965 1945 2026 propter
1977 1955 2144 2010 Deum

557 2056 796 2123 aliquem
832 2054 1086 2124 affligere,
1115 2051 1308 2108 salutis
1337 2061 1420 2106 est
1455 2051 1790 2120 procuratio,
1821 2060 1874 2102 et
1909 2049 2146 2117 irrepre-

557 2148 846 2204 hensibilis
891 2157 972 2202 est
1011 2146 1104 2216 qui
1129 2145 1342 2208 afﬂixit,
1397 2145 1490 2215 qui
1543 2155 1726 2198 autem
1783 2141 2013 2197 afflictus
2061 2152 2146 2196 est

553 2241 806 2296 excusari
839 2239 998 2294 debet
1023 2250 1074 2292 et
1102 2238 1326 2307 corrigi.
1349 2251 1363 2266 ο

627 2334 714 2388 1-2.
755 2332 830 2386 De
877 2346 1152 2387 consensu
1192 2331 1246 2383 in
1289 2330 1731 2394 fornicationem,
1765 2339 1818 2383 ct
1861 2329 1982 2398 ejus
2013 2343 2142 2396 pro-

553 2425 880 2496 prietatibus
907 2443 920 2478 :
949 2434 1001 2478 et
1031 2425 1180 2493 quod
1213 2437 1280 2476 ex
1315 2423 1596 2492 impudico
1649 2422 1940 2476 mulierum
1981 2435 2142 2486 aspe-

551 2531 670 2585 ctu,
700 2531 754 2574 et
799 2517 1242 2580 conversatione,
1269 2525 1324 2572 et
1371 2532 1436 2570 ex
1491 2517 1614 2568 aliis
1655 2516 1842 2568 multis
1869 2513 2052 2568 carnis
2087 2512 2140 2564 in

553 2629 654 2668 nos
709 2613 998 2666 incurrunt
1057 2607 1374 2678 passiones;
1409 2617 1462 2660 et
1499 2607 1644 2676 quod
1694 2605 1784 2660 ubi
1843 2606 2140 2674 episcopus

550 2715 646 2760 aut
675 2705 980 2760 monachus
1004 2702 1164 2772 .degit
1195 2701 1436 2771 hospitio
1488 2707 1758 2768 receptus,
1793 2707 1886 2752 aut
1919 2697 2138 2766 propria

551 2801 866 2866 inspectans
902 2796 1139 2864 negotia,
1165 2811 1274 2849 non
1311 2801 1527 2862 oportet
1603 2792 1797 2846 adesse
1854 2789 2136 2851 mulieres,

550 2889 645 2942 sed
679 2903 786 2940 non
837 2887 1040 2939 intrare
1081 2885 1132 2938 in
1185 2885 1443 2939 tabernas
1491 2882 1598 2936 illis
1661 2879 1975 2949 praecipitur
2019 2877 2140 2931 sine

550 2981 784 3050 quadam
811 2978 1154 3042 necessitate,
1185 2977 1270 3030 vel
1301 2974 1626 3044 spectaculis
1657 2981 1710 3026 et
1740 2971 2138 3041 hippodromiis

551 3073 850 3136 interesse;
885 3077 940 3122 ct
994 3066 1138 3137 quod
1171 3067 1294 3121 laici
1329 3067 1578 3120 ludentes
1635 3073 1728 3118 aut
1779 3063 2042 3118 saltantes
2081 3062 2133 3116 in

551 3160 1166 3220 commemorationibus
1211 3167 1550 3222 sanctorum,
1601 3172 1630 3210 a
1688 3153 2128 3209 Christianorum

553 3271 780 3316 numero
805 3263 1148 3324 separantur.

625 3349 714 3404 15.
747 3349 822 3402 De
870 3347 1138 3400 adulterio
1185 3353 1238 3400 et
1287 3343 1696 3398 fornicatione:
1735 3349 1790 3395 et
1833 3339 1978 3409 quod
2024 3354 2134 3392 non

551 3444 671 3499 sine
699 3441 944 3512 periculo
981 3449 1066 3494 est
1095 3440 1215 3494 viro
1250 3436 1496 3506 separari
1543 3451 1571 3490 a
1605 3450 1702 3490 sua
1731 3433 1965 3502 conjuge
1997 3447 2136 3500 prae-

551 3543 634 3586 tcr
677 3533 940 3586 rationem
993 3528 1412 3591 fornicationis;
1469 3535 1522 3580 et
1584 3523 1730 3593 quod
1777 3523 1860 3576 vir
1911 3520 2132 3589 quidem

552 3623 878 3677 fornicatam
919 3635 1146 3674 uxorem
1183 3617 1430 3682 dimittit,
1468 3616 1513 3671 si
1565 3631 1691 3669 vero
1755 3629 1861 3668 non
1910 3612 2137 3666 dimise-

552 3718 622 3770 rit
647 3714 936 3782 subjicitur
973 3708 1408 3780 reprehensioni,
1453 3723 1592 3760 uxor
1621 3715 1802 3760 autem
1855 3703 2136 3758 fornican-

551 3819 660 3862 tem
697 3809 876 3860 virum
909 3820 1015 3856 non
1048 3801 1292 3862 dimittit,
1335 3800 1428 3854 sed
1472 3800 1633 3854 debet
1679 3797 1996 3865 corporales
2039 3793 2133 3864 qui

550 3914 580 3952 e
611 3898 729 3951 viro
757 3897 1013 3948 eveniunt
1062 3909 1294 3962 angores
1343 3891 1602 3958 sufferre;
1636 3899 1690 3945 ct
1721 3890 1864 3958 quod
1902 3889 2135 3942 clericus

553 3992 642 4044 tali
680 3993 912 4060 quadam
947 3989 1102 4057 culpa
1135 3986 1418 4040 offendens
1444 3984 1762 4052 deponitur,
1795 3992 1848 4036 et
1879 3997 1985 4036 nou
2015 3981 2130 4049 jam

553 4085 716 4138 habet
758 4082 1214 4152 appellationem;
1261 4089 1314 4134 et
1364 4079 1507 4149 quod
1555 4095 1660 4133 non
1712 4085 1930 4146 oportet
1972 4075 2133 4129 Chri-

549 4179 755 4232 stianos
775 4175 1044 4245 conjugiis
1071 4173 1288 4229 misceri
1310 4189 1434 4227 cum
1456 4171 1760 4236 lnereticis;
1789 4179 1842 4223 ct
1863 4167 2008 4238 quod
2039 4181 2134 4221 eos

548 4272 642 4338 qni
677 4271 936 4324 mulieres
969 4270 1190 4338 rapiunt
1220 4267 1420 4320 divinae
1444 4265 1591 4334 leges
1630 4262 2132 4325 excommunicant;

549 4361 647 4428 qui
691 4371 868 4415 autem
914 4359 1284 4420 consentiunt,
1319 4357 1368 4411 si
1416 4357 1638 4425 quidem
1685 4353 1870 4409 clerici
1907 4351 2132 4418 fuerint,

549 4454 928 4520 deponuntur;
956 4450 1000 4504 si
1033 4460 1212 4504 autem
1245 4448 1392 4510 laici,
1425 4456 1774 4516 separantur.

621 4544 707 4598 Η.
765 4543 836 4596 De
901 4543 1237 4612 juramento.
1287 4550 1340 4595 et
1375 4539 1643 4594 mendacii
1686 4537 1994 4592 differentia
2030 4553 2043 4590 :
2079 4545 2132 4592 et
2168 4560 2210 4613 ο

550 4637 696 4705 quod
729 4634 1028 4704 jnramenti
1077 4633 1324 4696 violatio,
1372 4640 1427 4686 ct
1459 4630 1804 4684 mendacium
1849 4629 2008 4699 juxta
2046 4644 2135 4682 ra-

553 4731 698 4783 tione
736 4729 810 4790 fit,
843 4726 1064 4794 quando
1095 4739 1188 4792 per
1215 4723 1329 4776 haec
1359 4737 1388 4775 a
1427 4723 1534 4776 Deo
1561 4722 1842 4790 jubcmur.

749 4819 826 4872 De
874 4817 1132 4886 patientia
1165 4824 1218 4868 et
1242 4815 1566 4868 aversione:
1600 4823 1652 4866 et
1682 4813 1826 4881 quod
1861 4827 1968 4865 non
2011 4811 2135 4864 red-

550 4915 680 4967 dere
729 4908 931 4963 malum
983 4921 1106 4960 cum
1145 4905 1308 4968 malo,
1340 4913 1392 4959 et
1437 4904 1758 4958 benefacere
1808 4901 2134 4956 nocentibus

549 5001 846 5057 Christiani
911 4999 1191 5068 proprium
1248 5007 1358 5064 est;
1409 5009 1462 5053 et
1511 4996 1657 5066 quod
1709 4997 1988 5050 trahentes
2039 5009 2134 5049 eos

549 5095 644 5164 qui
683 5102 880 5147 nocent
911 5091 962 5145 id
997 5091 1312 5156 tribunalia,
1350 5090 1718 5160 SUlllelllnllll‘
1762 5088 1968 5143 Christi
2003 5087 2134 5155 legi-

551 5187 672 5248 bus.
732 5194 786 5237 et
843 5199 874 5238 a
935 5183 1321 5236 communione
1377 5183 1688 5236 divinorum
1745 5181 2130 5252 mysteriorum

551 5281 862 5348 prirantur;
888 5276 1109 5346 etquod
1147 5275 1458 5330 sacerdotes
1493 5276 1706 5328 fidelem
1735 5275 1814 5328 vel
1855 5274 2130 5328 infidelem

551 5373 827 5428 hominem
859 5369 1130 5426 caedentes
1157 5369 1356 5422 divinae
1390 5370 1532 5437 leges
1563 5368 1878 5438 deponunt;
1913 5377 1964 5420 et
1985 5368 2130 5437 quod

552 5465 854 5518 monachos
894 5462 1166 5516 caedentes
1221 5460 1664 5531 qualemcunque
1709 5461 2011 5524 hominem,
2040 5474 2130 5513 se-

549 5563 744 5622 parant.
789 5557 934 5624 leges
987 5554 1186 5608 divina:
1217 5569 1246 5606 a
1273 5554 1690 5616 communione;
1733 5560 1786 5606 et
1823 5551 1968 5620 quod
2005 5566 2130 5620 pro-

553 5647 737 5700 hibent
769 5649 866 5702 hos
898 5645 988 5716 qui
1028 5663 1131 5700 non
1175 5645 1242 5699 ad
1283 5645 1334 5699 id
1381 5645 1620 5714 deputati
1654 5655 1783 5699 sunt
1825 5647 1878 5700 iu
1929 5645 2128 5700 bellum

552 5733 752 5788 habere
783 5737 867 5789 vel
899 5751 1083 5790 emere
1105 5750 1258 5788 arma
1285 5734 1500 5798 bellica,
1539 5743 1734 5804 praeter
1779 5751 1978 5804 parvos
2011 5735 2130 5806 gla-

551 5824 669 5876 dios
697 5827 896 5880 nonad
927 5826 1130 5882 bellum
1169 5835 1358 5894 aptos;
1403 5835 1461 5880 et
1495 5827 1561 5880 de
1609 5827 1912 5882 differentia
1950 5829 2129 5883 homi-

2265 591 2429 658 φάσει
2467 591 2780 660 πραΰτητος
2823 591 3170 660 ἐμπίπτομεν
3213 593 3293 653 είς
3327 589 3426 652 τὰς
3470 589 3694 652 παγίδας
3729 592 3802 644 τοῦ

2263 685 2536 748 διαϐόλου,
2587 684 2678 736 καὶ
2730 681 3078 752 χωριζόμεθα
3123 683 3232 736 ἀπὸ
3267 681 3362 734 τοῦ
3409 680 3552 733 Θεοῦ
3579 720 3594 744 ,
3625 683 3736 734 πότε
3761 684 3803 736 δὲ

2259 778 2401 846 τάχα
2448 777 2644 845 δικαίῳ
2689 775 2846 846 θυμῷ
2901 775 3174 846 χρώμενοι
3231 774 3326 828 τοῦ
3379 773 3682 845 πρέποντος
3722 775 3802 840 ἔξω

2261 867 2629 936 πορευόμεθα.

2333 965 2380 1012 ι’.
2420 959 2556 1027 Περὶ
2593 959 2861 1028 λοιδορίας
2879 997 2893 1022 ,
2921 959 3018 1012 καὶ
3053 958 3310 1018 παντοίας
3341 957 3580 1029 ὕϐρεως,
3609 957 3698 1010 καὶ
3724 957 3802 1026 ἀρ-

2258 1048 2532 1117 γολογίας·
2571 1051 2664 1100 καὶ
2695 1051 2774 1101 ὅτι
2821 1051 2880 1100 ού
2915 1049 3074 1118 μόνον
3103 1050 3190 1102 διὰ
3219 1051 3402 1116 φόνον,
3433 1051 3533 1102 καὶ
3561 1051 3804 1116 πορνείαν,

2258 1142 2354 1194 καὶ
2383 1142 2652 1210 μοιχείαν,
2683 1143 2760 1202 είς
2789 1143 3012 1210 γέενναν
3033 1141 3448 1210 ὲμπεσούμεθα,
3485 1141 3620 1192 ἀλλὰ
3639 1143 3720 1192 καὶ
3735 1141 3802 1192 διὰ

2199 1292 2218 1300 ,π
2255 1233 2546 1302 λοιδορίας,
2595 1234 2690 1288 καὶ
2727 1233 2825 1294 τάς
2867 1235 2998 1303 παρ’
3041 1235 3171 1304 ἡμῖν
3207 1235 3546 1304 φαινομένας
3595 1233 3804 1294 εὐτελεῖς

2256 1325 2464 1396 ὕϐρεις,
2494 1327 2612 1379 ἀλλ’
2645 1327 2794 1395 ὅμως
2823 1328 2922 1380 οὐκ
2949 1327 3036 1397 ἴση
3067 1329 3098 1396 ὴ
3128 1327 3374 1389 κιίλασις·
3403 1327 3501 1379 καὶ
3531 1327 3614 1379 ὅτι
3643 1325 3804 1378 ἕνεκεν

2252 1418 2346 1470 τοῦ
2378 1417 2614 1470 ἐκδικεῖν
2655 1417 2866 1477 ἑαυτὸν,
2907 1418 2937 1488 ἢ
2989 1419 3084 1470 ἐπὶ
3123 1417 3310 1488 μηδενὶ
3361 1419 3720 1487 προσήκοντι,
3755 1417 3804 1468 ού

2251 1512 2333 1564 δεῖ
2357 1511 2639 1579 λοιδορεῖν,
2670 1509 2702 1580 ἢ
2741 1509 2984 1578 ὑϐρίζειν
3010 1511 3131 1562 τινὰ
3151 1551 3164 1572 ,
3201 1510 3318 1562 ἀλλ’
3353 1509 3470 1562 ἔστι
3511 1509 3608 1562 καὶ
3639 1507 3806 1560 τούτου

2251 1603 2488 1674 διαφορὰ
2521 1602 2668 1656 καθά
2691 1605 2786 1656 καὶ
2811 1603 2888 1674 τῷ
2913 1603 3108 1673 δικαίῳ
3139 1602 3316 1672 θυμῷ·
3355 1605 3450 1656 καὶ
3485 1603 3570 1656 ὅτι
3597 1604 3626 1656 6
3645 1603 3806 1664 ἁπλῶς

2251 1693 2530 1766 χλευάζων
2563 1695 2706 1760 τινὰ,
2743 1695 2838 1762 τῆς
2861 1695 3148 1758 κοινωνίας
3171 1695 3491 1764 χωρίζεται.

2327 1867 2416 1922 ια’.
2451 1869 2586 1939 Περὶ¹
2627 1867 2724 1920 τοῦ
2760 1865 3172 1922 διαλλάττεσθαι
3199 1865 3276 1936 τῷ
3306 1865 3539 1934 πλησίον
3559 1907 3576 1928 ,
3611 1868 3700 1918 καὶ
3733 1865 3804 1917 διὰ

2251 1962 2460 2016 πολλῶν
2495 1963 2708 2034 τρόπων
2739 1961 3010 2014 ποιεῖσθαι
3055 1960 3154 2024 τὰς
3204 1960 3586 2028 καταλλαγάς’
3623 1959 3712 2011 καὶ
3737 1958 3804 2010 δτι

2247 2054 2308 2108 τὸ
2351 2053 2491 2108 κατά
2534 2053 2667 2106 Θεὶν
2697 2053 2888 2106 λυπεῖν
2931 2069 3089 2116 τινα,
3137 2051 3412 2122 σωτηρίας
3461 2051 3584 2103 ἐστὶ
3631 2049 3804 2116 πρόξε-

2247 2165 2358 2206 νον.
2387 2147 2481 2200 καὶ⁴
2510 2145 2849 2214 ἀνέγκλητός
2887 2146 3035 2196 ἐστιν
3069 2147 3096 2197 6
3123 2145 3394 2212 λυπήσας,
3425 2146 3454 2196 ὁ
3483 2144 3540 2196 δὲ
3565 2140 3802 2211 λυπηθεὶς

2247 2238 2698 2310 ἀπολογήσασθαι
2729 2240 2997 2308 χρεωστεῖ
3019 2279 3034 2302 ,
3063 2238 3157 2290 καὶ⁵
3187 2235 3612 2304 διορθώσασθαι.

2321 2330 2406 2402 ιβ’.
2448 2332 2582 2402 Περὶ
2618 2329 3070 2398 συγκαταθέσεως
3104 2329 3201 2398 τῆς
3251 2329 3541 2396 πορνείας,
3585 2326 3672 2378 καὶ
3709 2323 3802 2375 τῶν

2249 2425 2554 2494 ἰδιωμάτων
2595 2424 2796 2492 αὐτῆς·
2837 2422 2930 2474 καὶ
2969 2421 3049 2474 ὅτι
3094 2422 3157 2472 ὲκ
3203 2419 3297 2472 τοῦ
3327 2417 3566 2478 ἀναιδῶς
3601 2416 3800 2486 βλέπειν

2245 2519 2532 2583 γυναῖκας,
2571 2516 2666 2567 καὶ
2701 2512 3112 2566 συνδιαιτᾶσθαι
3147 2511 3358 2572 αὑταῖς,
3397 2511 3494 2562 καὶ
3519 2511 3583 2562 ἐκ
3613 2507 3802 2561 πολλῶν

2244 2608 2448 2678 ἐτέρων
2472 2607 2659 2660 αἰτιῶν
2684 2606 3008 2676 ἐπέρχονται
3034 2607 3164 2673 ἡμῖν
3185 2605 3252 2657 τὰ
3275 2603 3443 2672 πάθη·
3471 2602 3570 2654 καὶ
3591 2603 3666 2653 ὅτι
3691 2599 3800 2651 ἐιθα

2243 2701 2543 2762 ἐπίσκοπος
2567 2740 2580 2763 ,
2610 2698 2642 2768 ἢ
2677 2697 2907 2767 μοναχδς
2943 2696 3118 2764 διάγει
3167 2694 3530 2764 ξενιζόμενος,
3575 2693 3607 2762 ἢ
3645 2691 3800 2744 οἰκεῖα

2243 2792 2708 2861 ἐπισκεπτόμενος
2743 2791 3082 2860 πράγματα,
3115 2789 3176 2842 οὑ
3227 2787 3334 2858 χρὴ
3387 2788 3644 2856 παρεῖναι
3712 2800 3796 2850 γυ-

2244 2888 2458 2950 ναῖκας,
2493 2884 2609 2938 ἀλλ’
2654 2883 2775 2936 οὐδὲ
2805 2885 2884 2946 εἰς
2913 2882 3210 2952 καπηλεῖον
3236 2881 3465 2934 εἰσιέναι
3486 2878 3702 2940 τούτους
3727 2879 3797 2928 ὲν-

2239 2975 2496 3028 τέταλται
2526 2975 2695 3044 χωρίς
2725 2991 2872 3035 τινος
2926 2973 3192 3043 ἀνάγκης,
3231 2971 3262 3040 ἢ
3295 2969 3576 3039 θεωρίαις,
3601 2969 3691 3020 καὶ
3719 2969 3796 3017 ἱπ-

2241 3068 2567 3138 ποδρομίαις
2599 3065 2902 3136 σχολάζειν·
2930 3065 3025 3118 καὶ
3059 3065 3140 3118 ὅτι
3169 3066 3216 3117 οἱ
3239 3063 3417 3116 λαῖκοὶ
3443 3061 3740 3126 παίζοντες,
3765 3057 3792 3126 ἦ

2240 3159 2562 3230 ὀρχούμενοι
2614 3160 2670 3211 ὲν
2723 3161 2842 3220 ταῖς
2899 3157 3141 3226 μνήμαις
3183 3154 3290 3208 τῶν
3323 3153 3533 3221 ἁγίων,
3568 3153 3661 3224 τῆς
3701 3168 3762 3202 τι.

2243 3250 2584 3323 Χριστιανῶν
2601 3248 2923 3320 χωρίζονται
2953 3249 3180 3311 τάξεως.

2315 3353 2404 3415 ιγ’.
2433 3345 2566 3414 Περὶ
2593 3344 2840 3414 μοιχείας
2868 3343 2964 3394 xui.
3013 3340 3290 3412 πορνείας·
3319 3339 3413 3393 καὶ
3439 3339 3524 3391 δτι
3553 3337 3648 3390 οὐκ
3669 3335 3793 3388 ἀκίν-

2236 3439 2393 3494 δυνόν
2425 3441 2573 3490 ἐστιν
2601 3436 2757 3505 ἀνδρὶ
2779 3433 3112 3506 χωρίζεσθαι
3142 3433 3249 3486 ἀπὸ
3271 3433 3369 3502 τῆς
3397 3428 3561 3484 αὑτοῦ
3587 3427 3792 3496 συμὸἰου

2238 3529 2396 3592 ἐκτὸς
2431 3529 2589 3596 λόγου
2629 3525 2905 3596 πορνείαςο
2947 3525 3040 3576 καὶ
3072 3525 3154 3576 ὅτι,
3185 3526 3211 3575 ὁ
3247 3521 3344 3592 μὲν
3553 3532 3788 3587 πορνευο-

2243 3624 2411 3694 μένην
2428 3623 2660 3690 γυναῖκα
2681 3618 2929 3684 ἀπολύει,
2959 3618 3054 3670 ἐὰν
3071 3617 3122 3668 δὲ
3152 3615 3226 3686 μὴ
3243 3613 3512 3683 ἀπολύσῃ,
3531 3613 3790 3664 ὑπόκειται

2238 3715 2315 3785 τῷ
2364 3713 2710 3781 ἐγκλήματι,
2745 3712 2778 3778 ἡ
2820 3710 2876 3762 δὲ
2923 3709 3061 3778 γυνὴ
3111 3707 3442 3778 πορνεύοντα
3493 3703 3658 3772 ἄνδρα
3706 3700 3790 3751 οὐκ

2238 3805 2486 3867 ἀπολύει,
2515 3802 2650 3856 ἀλλὰ
2674 3800 2779 3872 χρὴ
2807 3801 2902 3863 τάς
2935 3800 3086 3868 παρὰ
3107 3797 3201 3851 τοῦ
3225 3797 3418 3866 ἀνδρὶς
3443 3791 3790 3865 ἐπερχομένας

2239 3897 2560 3970 σωματικὰς
2597 3897 2806 3964 θλίψεις
2854 3895 3148 3962 ὑποφέρειν
3175 3907 3188 3919 ⁸
3224 3891 3317 3944 καὶ
3346 3891 3428 3942 ὃτι
3479 3890 3506 3940 6
3555 3881 3789 3956 κληρικὸς

2237 3994 2464 4064 τοιούτῳ
2489 3991 2596 4044 τινὶ
2623 3990 2931 4058 ἐγκλήματι
2969 3983 3281 4057 περιπεσὼν
3315 3983 3675 4050 καθαιρείται,
3710 3973 3790 4027 καὶ

2237 4087 2336 4138 οὐκ
2373 4084 2453 4137 ἔτι
2495 4083 2606 4153 ἔχει
2637 4081 2972 4150 ἀνάκλησιν·
3012 4080 3108 4132 καὶ
3141 4077 3221 4130 ὅτι
3253 4077 3314 4129 οὐ
3341 4076 3420 4128 δεῖ
3449 4069 3784 4144 Χριστιανοὺς

2237 4174 2671 4245 ὲπιγαμθρεύειν
2705 4171 2840 4243 πρὸς
2868 4168 3202 4242 αἱρετικούς·
3239 4167 3332 4220 καὶ
3363 4167 3444 4220 ὅτι
3473 4165 3602 4227 τοὺς
3629 4158 3784 4230 ἁρπάσ

2237 4269 2430 4334 ζοντας
2476 4268 2739 4336 γυναῖκας
2773 4267 2820 4317 οἱ
2851 4265 2983 4318 θεῖοι
3035 4262 3191 4332 νόμοι
3227 4260 3586 4330 ἀφορίζουσιν
3611 4298 3626 4322 ,
3669 4255 3712 4306 οἱ
3740 4251 3784 4302 δὲ

2240 4359 2709 4424 συνευδοκοῦντες,
2746 4359 2793 4410 εἰ
2831 4357 2927 4424 μὲν
2960 4353 3212 4424 κληρικοὶ
3239 4348 3372 4408 εἷεν.
3402 4347 3783 4418 καθαιροῦνται,

2237 4455 2286 4505 εἰ
2311 4453 2366 4505 δὲ
2396 4450 2596 4516 λαῖκοὶ,
2627 4449 3000 4518 ἀφορίζονται.

2315 4541 2394 4597 ιδ’.
2435 4543 2568 4611 Περὶ
2601 4542 2762 4609 ὅρκου
2811 4539 2904 4592 καὶ
2959 4537 3219 4606 διαφορᾶς
3265 4533 3494 4602 ψεύδους
3521 4547 3534 4560 ·
3588 4529 3676 4582 καὶ
3721 4525 3786 4577 ὅτι

2238 4637 2405 4708 ὅρκου
2457 4633 2767 4703 παράϐασις
2792 4671 2807 4694 ,
2850 4631 2943 4683 καὶ
2975 4628 3172 4698 ψεῦδος
3220 4625 3360 4680 κατά
3408 4625 3613 4678 δίκαιον
3651 4620 3783 4684 λόγον

2238 4731 2468 4800 γίνεται,
2493 4730 2620 4780 ὅταν
2648 4723 3015 4796 χωριζὼμεθα
3043 4721 3151 4775 ἀπὸ
3180 4721 3271 4773 τοῦ
3303 4719 3438 4772 Θεοῦ
3469 4717 3558 4770 διὰ
3581 4715 3778 4770 τούτων.

2312 4829 2392 4874 ιε’.
2428 4820 2562 4888 Περὶ
2590 4817 2942 4880 ἀνεξικακίας
2983 4815 3076 4868 καὶ
3130 4811 3571 4882 ἀπροσπαθείας·
3607 4807 3688 4862 καὶ
3714 4805 3780 4856 ὅτι

2236 4913 2295 4964 τὸ
2325 4911 2399 4981 μὴ
2433 4908 2728 4962 ἀποδοῦναι
2755 4907 2924 4960 κακον
2955 4905 3079 4958 ἀντί
3115 4902 3286 4957 κακοῦ
3313 4944 3326 4966 ,
3367 4904 3458 4955 καὶ
3493 4903 3552 4953 τὸ
3590 4901 3780 4966 εὐεργε-

2235 5007 2348 5057 τεῖν
2377 5004 2500 5064 τοὺς
2532 4999 2939 5070 ἐπηρεάζοντας
2957 4994 3290 5062 Χριστιανοῦ
3332 4995 3460 5047 ἴδιον
3479 5009 3490 5020 ·
3526 4993 3618 5045 καὶ
3643 4992 3712 5043 ὅτι
3739 4985 3776 5039 οἱ

2237 5096 2485 5155 ἕλκοντες
2542 5092 2669 5152 τοὺς
2709 5089 3112 5160 ὲπηρεάζοντας
3154 5089 3232 5148 εἰς
3273 5085 3617 5152 δικαστήρια,
3669 5077 3778 5132 ὕπὸε

2236 5203 2444 5240 κεινται
2482 5187 2590 5246 τοῖς
2621 5183 2715 5234 τοῦ
2749 5179 2985 5250 Χριστοῦ
3017 5179 3200 5248 νόμοις
3227 5217 3242 5242 ,
3273 5177 3367 5230 καὶ
3397 5177 3496 5245 τῆς
3527 5171 3776 5230 κοινωνίας

2234 5281 2343 5333 τῶν
2381 5279 2538 5330 θείων
2579 5274 2895 5346 μυστηρίων
2931 5270 3362 5340 ἀποστεροῦνται
3391 5286 3404 5299 ’
3442 5268 3535 5321 καὶ
3562 5268 3641 5319 ὃτι
3673 5261 3774 5320 τοὺς

2238 5370 2402 5439 ἱερεῖς
2436 5367 2738 5427 τύπτοντας
2788 5363 2998 5424 πιστὸν,
3052 5361 3086 5432 ἢ
3126 5361 3354 5414 ἄπιστον
3403 5357 3696 5430 ἄνθρωπον,
3739 5349 3775 5401 οξ

2237 5463 2369 5515 θεῖοι
2401 5463 2553 5530 νόμοι
2600 5457 2944 5529 καθαιροῦσι·
2985 5458 3082 5507 καὶ
3122 5455 3204 5507 ὃτι
3253 5455 3376 5516 τοὺς
3413 5453 3671 5524 μοναχοῦς
3703 5445 3788 5524 τέῄ

2235 5573 2469 5619 πτοντας
2495 5555 2806 5624 οίονδήποτε
2839 5552 3126 5620 ἄνθρωπον
3147 5589 3160 5613 ,
3193 5548 3542 5618 ἀφορίζουσιν
3581 5547 3630 5599 οἱ
3670 5543 3772 5595 θεῖοι

2233 5648 2387 5715 νόμοι
2425 5647 2524 5716 τῆς
2551 5643 2856 5704 κοινωνίας⁸
2888 5642 2979 5693 καὶ
2997 5641 3076 5691 ὅτι
3096 5637 3364 5692 κωλύουσι
3386 5639 3511 5700 τοὺς
3537 5637 3610 5708 μὴ
3633 5647 3772 5702 προσ·

2234 5737 2644 5809 εχειρισμένους
2695 5737 2772 5796 εις
2835 5732 3074 5800 πόλεμον
3102 5730 3246 5800 ἔχειν
3272 5769 3285 5794 ,
3315 5731 3347 5799 ἣ
3381 5729 3634 5784 ὠνεῖσθαι
3663 5723 3771 5779 ὅπλα

2236 5832 2528 5900 πολεμικὰ,
2562 5832 2606 5884 εἰ
2636 5828 2713 5899 μὴ
2749 5825 2922 5896 μικρὰ
2956 5824 3223 5895 μαχαίρια
3265 5821 3338 5894 μὴ
3370 5823 3686 5894 ἐνεργοῦντα
3712 5813 3770 5874 εἰς
