4032 6402
169 445 306 508 1365

873 445 1641 508 INTERPRE'I‘ATIONES
1681 445 2116 507 DIVINORUNI
2160 444 2714 506 MANDATORUM.

3277 442 3411 508 1366

165 556 434 626 πόλεμον·
471 553 565 608 καὶ
605 556 735 628 περὶ
767 557 1032 626 διαφορᾶς
1074 559 1247 628 φόνων
1271 601 1286 620 ,
1335 559 1598 611 ἑκουσίων
1645 558 1738 610 καὶ

1852 557 2132 616 eidiornm.
2163 557 2596 610 voluntariorum
2641 562 2695 608 et
2742 569 2847 607 non
2881 553 3332 619 voluntariorum,
3367 569 3418 610 ct

163 645 459 701 ἀκουσίωνο
501 648 596 700 καὶ
628 647 710 700 ὅτι
741 647 837 717 τῆς
867 647 1028 716 ψιλῆς
1072 650 1328 720 πορνείας
1375 649 1678 719 ἐπιτίμιον,
1707 649 1740 701 ὁ

161 737 419 797 ἀκούσιος
449 737 626 804 φόνος.

239 822 334 886 ις’.
375 825 510 893 Περὶ
548 825 786 890 ἀκακίας
844 827 938 880 καὶ
968 827 1302 898 ἀφελότητος
1327 845 1340 860 ·
1376 829 1468 882 καὶ
1496 829 1578 882 ὅτι
1609 831 1744 882 ἀκαο

163 915 258 968 κία
283 916 400 968 ἐστὶ
419 917 478 968 τὸ
503 918 579 986 μὴ
603 918 728 986 περί
749 935 898 980 τινος
921 919 1092 972 κακὸν
1113 920 1446 988 λογίζεσθαι,
1477 921 1742 992 φρόνιμον

163 1009 222 1060 δὲ
264 1005 402 1060 εἶναι
452 1011 532 1071 εἰς
571 1010 630 1062 τὸ
674 1010 898 1078 ἀγαθὸν.
934 1013 1027 1064 καὶ
1075 1014 1158 1066 ὅτι
1211 1013 1391 1083 ἀγαθὴ
1433 1014 1742 1083 πανουργία

163 1102 331 1166 ἐστὶν,
363 1101 492 1154 ὅταν
521 1119 604 1165 τις
633 1106 790 1156 τοῦτο
823 1104 956 1174 πρὸς
991 1105 1198 1173 ἀγαθὸν
1237 1108 1363 1174 ποιῇ
1386 1121 1400 1136 ⁶
1441 1106 1535 1158 καὶ
1564 1107 1646 1158 ὅτι
1681 1106 1742 1158 τὸ

164 1194 404 1246 τοιοῦτον
443 1195 733 1263 φρόνησις,
776 1197 870 1250 καὶ
911 1199 1194 1267 οἰκονομία
1235 1196 1450 1266 ἀγαθή·
1483 1198 1575 1250 καὶ
1613 1199 1742 1251 ὅταν

162 1285 324 1338 τοῦτο
350 1285 426 1355 μὴ
456 1287 687 1356 ἔχωμεν,
717 1289 796 1350 είς
825 1289 994 1342 πολλὰ
1023 1289 1172 1342 κακὰ
1206 1291 1632 1360 περιπίπτομεν.

241 1372 320 1438 ιξῖ
359 1375 492 1446 Περί¹
524 1377 794 1446 ὑπακοῆς,
837 1381 931 1432 καὶ
974 1380 1056 1433 ὃτι
1085 1382 1144 1434 οὐ
1173 1381 1254 1433 δεῖ
1286 1381 1652 1450 ἐκλαμὸἁνειν
1684 1383 1744 1435 τὺ

163 1463 334 1532 διομα
367 1465 463 1532 τῆς
495 1467 740 1536 ὑπακοῆς
766 1467 978 1536 ἀλόγως
1005 1471 1084 1532 είς
1111 1469 1171 1522 τὸ
1200 1470 1500 1523 ὑπακούειν
1527 1471 1606 1540 τῷ
1633 1472 1744 1524 δια-

163 1555 326 1625 ϐόλῳ,
363 1557 498 1608 ἀλλὰ
533 1559 822 1628 προσέχειν
864 1561 921 1614 ὲν
952 1563 1212 1633 ἀκριϐείᾳ
1243 1566 1364 1626 ταῖς
1399 1564 1568 1627 θείαις
1605 1566 1643 1616 Γ
1647 1583 1744 1637 ρα-

164 1651 316 1716 φαίς,
357 1650 452 1702 καὶ
490 1651 690 1704 εἰδέναι
723 1653 854 1704 ποία
903 1654 1021 1707 ἐστὶ
1060 1653 1154 1707 τοῦ
1189 1654 1326 1707 Θεοῦ
1355 1655 1600 1725 ὑπακοὴ,
1647 1656 1742 1708 καὶ

163 1741 296 1792 ποία
333 1741 426 1794 τοῦ
469 1743 873 1812 ἀντικειμένου·
923 1747 1015 1800 καὶ
1059 1747 1142 1799 ὅτι
1189 1745 1282 1800 δύο
1325 1747 1565 1800 ὑπακοαί
1611 1750 1742 1812 εἱσι,

161 1831 348 1896 καθὼς
375 1833 590 1906 εἴρηται
613 1873 629 1898 ,
663 1837 758 1889 καὶ
791 1837 886 1890 ἐὰν
919 1839 994 1909 μὴ
1027 1840 1388 1910 προσέχωμεν
1413 1881 1426 1904 ,
1462 1841 1738 1910 ἐμπεσού-

164 1923 307 1993 μεθα
337 1929 450 1990 τοῖς
477 1928 570 1980 τοῦ
601 1927 848 1982 διαῦόλου
887 1931 1144 1994 δικτύοις.

233 2011 324 2084 ιη’,
374 2017 508 2086 Περὶ
543 2017 869 2087 θελημάτων
907 2019 1156 2082 οἰκείων,
1189 2020 1282 2073 καὶ
1310 2021 1606 2091 ἀλλοτρίων
1644 2022 1741 2074 καὶ

163 2106 320 2156 ποῖον
349 2105 562 2174 θέλημά
585 2107 732 2162 ἐστιν
754 2107 976 2175 ἀγαθὸν,
998 2110 1092 2162 καὶ
1110 2113 1262 2162 ποῖον
1281 2111 1372 2162 τοῦ
1395 2111 1737 2163 ὑπεναντίον·

161 2196 260 2248 καὶ
289 2198 370 2250 ὅτι
396 2197 465 2250 τὰ
493 2200 634 2252 κατὰ
657 2199 928 2270 σαρκικὴν
962 2201 1270 2254 ἀνάπαυσιν
1299 2202 1580 2271 γινόμενα,
1607 2203 1742 2271 ὴμέ-

162 2303 300 2358 τερα
332 2289 616 2359 θελήματά
637 2292 766 2353 εισι,
789 2291 856 2344 τὰ
875 2292 931 2344 δὲ
965 2293 1039 2363 μὴ
1071 2294 1318 2359 τοιαῦτα,
1349 2295 1484 2348 ἀλλὰ
1515 2297 1744 2350 acet-ritate

164 2379 381 2448 θέλημα
413 2379 518 2432 τῶν
551 2379 710 2433 θείων
739 2381 970 2450 Γραφῶν
999 2383 1284 2452 γινόμενα,
1309 2385 1482 2438 ταῦτα
1514 2389 1620 2440 είσι
1651 2387 1744 2440 τοῦ

163 2469 320 2522 Θεοῦ·
351 2470 446 2523 καὶ
473 2471 556 2524 ὅτι
578 2473 628 2523 οἱ
663 2473 719 2524 ὲν
751 2475 860 2534 τοῖς
899 2474 1308 2543 μοναστηρίοις,
1335 2475 1368 2544 ἢ
1400 2477 1457 2528 ὲν
1487 2478 1606 2538 ταῖς
1635 2478 1744 2530 τῶν

165 2559 450 2629 κοσμικῶν
493 2561 794 2630 ὑποταγαίς
847 2564 920 2632 μὴ
958 2563 1352 2633 προσέχοντες,
1392 2565 1562 2618 πολλὰ
1607 2583 1744 2635 προ-

165 2652 330 2721 φάσει
358 2651 658 2719 ὑποταγῆς,
688 2655 782 2706 καὶ
813 2655 1078 2724 ὑπακοῆς,
1113 2658 1206 2708 καὶ
1239 2657 1481 2727 ὲκκοπῆς
1503 2655 1744 2730 θελημά-

163 2760 276 2796 των
305 2743 706 2814 προκόπτουσιν
727 2783 742 2810 ,
790 2745 824 2815 ἢ
875 2744 1074 2814 μᾶλλον
1107 2748 1316 2810 εἰπεῖν,
1351 2747 1428 2818 τῷ
1474 2749 1706 2819 διαϐόλῳ
1728 2791 1742 2815 ,

169 2837 264 2888 καί
293 2835 403 2897 τοϊς
423 2833 606 2904 ἔργοις
629 2837 798 2890 αὑτοῦ
833 2838 1248 2890 ὑποτάσσονται·
1283 2841 1376 2893 καὶ
1405 2841 1488 2894 ὅτι
1517 2843 1607 2896 διὰ
1637 2843 1746 2896 τῶν

164 2924 550 2997 ἀμελεστέρων
593 2928 643 2980 oi
683 2927 960 2981 σπουδαῖοι
1000 2929 1312 2984 πίπτουσιν.

237 3103 324 3158 ιθ’.
362 3107 496 3176 Περὶ
523 3107 730 3176 ἀγαθοῦ
772 3108 1110 3178 θελήματος,
1145 3110 1225 3163 ὅτι
1254 3113 1280 3162 ὁ
1313 3111 1478 3164 ποιῶν
1509 3113 1640 3166 αὐτὸ
1685 3114 1744 3166 οὑ

1842 645 1986 714 quod
2021 661 2182 700 merae
2217 645 2594 699 fornicationis
2622 645 2862 698 valorem
2915 644 3076 698 habet
3109 644 3416 700 ἱιιγοίυηιιι-

1843 739 1979 790 rium
2009 738 2386 791 homicidium.

1914 829 2000 882 16.
2053 829 2125 882 De
2165 831 2518 897 simplicitate
2549 839 2602 884 et
2630 833 2868 882 candore
2903 848 2918 882 :
2953 839 3004 882 et
3033 828 3178 898 quod
3210 830 3421 900 simpli-

1843 919 1984 972 citas
2017 928 2100 972 est
2145 934 2252 973 non
2305 921 2550 988 cogitare
2583 921 2788 973 malum
2835 921 2901 973 de
2942 922 3148 986 aliquo,
3182 923 3421 990 pruden-

1845 1016 1951 1060 tem
1985 1017 2162 1060 autem
2195 1021 2316 1061 esse
2345 1009 2396 1060 in
2431 1009 2658 1072 bonum,
2686 1017 2738 1060 ct
2769 1010 2914 1074 quod
2951 1011 3094 1061 bona
3139 1015 3220 1062 est
3251 1009 3422 1070 fraus,

1843 1098 2064 1166 quando
2103 1097 2300 1166 aliquis
2325 1111 2388 1149 ca
2437 1098 2488 1150 in
2519 1098 2720 1150 bonum
2753 1098 2948 1162 utitur;
2975 1105 3028 1149 et
3057 1096 3200 1164 quod
3231 1097 3419 1149 talium

1844 1188 1986 1240 ratio
2017 1189 2300 1256 prudentia
2329 1197 2385 1242 et
2409 1188 2813 1242 administratio
2851 1192 2990 1241 bona
3021 1196 3134 1254 est;
3161 1195 3214 1242 et
3254 1203 3422 1257 quan-

1845 1279 1914 1333 tlo
1945 1279 2049 1332 illis
2079 1295 2183 1332 non
2225 1279 2448 1343 utimur,
2481 1279 2534 1332 in
2567 1281 2734 1332 multa
2773 1280 2913 1333 mala
2948 1279 3279 1334 decidimus.

1919 1367 2004 1424 t7.
2035 1367 2110 1421 De
2147 1367 2478 1432 obedientia,
2501 1377 2554 1422 et
2582 1370 2726 1436 quod
2762 1384 2868 1422 non
2909 1379 3125 1438 oportet
3155 1371 3421 1424 adhibere

1845 1475 2042 1512 nomen
2116 1458 2440 1512 obedientiaa
2505 1461 2626 1513 sine
2689 1461 2898 1513 ratione
2951 1461 3018 1514 ad
3071 1461 3422 1514 indicandum

1844 1551 2214 1604 obedientiam
2273 1551 2512 1612 diabolo,
2565 1551 2657 1606 sed
2706 1563 2898 1621 parere
2968 1555 3020 1607 in
3097 1557 3426 1611 rectitudine.

1847 1641 2045 1696 divinis
2077 1639 2398 1710 Scripturis,
2431 1651 2486 1696 et
2511 1643 2654 1698 scire
2679 1659 2804 1712 quae
2831 1645 2901 1697 sit
2938 1644 3048 1699 Deo
3092 1647 3424 1710 obcdientia,

1844 1741 1898 1788 et
1941 1751 2062 1802 (μιίὲ
2112 1734 2426 1789 adversario
2460 1753 2474 1790 :
2507 1744 2560 1789 et
2609 1735 2754 1806 quod
2787 1735 2908 1790 dua:
2929 1747 3060 1790 sunt
3105 1738 3426 1791 obedientia:

1847 1827 1989 1882 sicut
2015 1828 2218 1882 dictum
2243 1841 2346 1892 ρει,
2374 1839 2426 1880 et
2451 1829 2556 1882 nisi
2581 1845 2888 1898 pareamus,
2925 1831 3184 1887 cademus
3223 1833 3277 1886 in
3309 1832 3432 1887 dia-

1765 1892 1812 1951 Β
1841 1920 1946 1974 holi
1983 1920 2141 1974 retia.

1911 2011 2000 2066 18,
2035 2011 2108 2066 De
2158 2013 2532 2066 voluntatibus
2581 2017 2814 2083 propriis
2853 2018 3151 2082 etaltents,
3197 2027 3252 2072 et
3297 2033 3422 2088 qua:

1840 2103 2092 2159 voluntas
2135 2105 2205 2158 sit
2239 2103 2404 2166 bona,
2443 2115 2493 2156 ιιι
2539 2121 2656 2172 quae
2693 2107 2762 2160 sit.
2811 2107 3112 2163 adversarii
3154 2117 3251 2164 :ct
3281 2109 3428 2179 quod

1843 2209 1962 2262 quae
1996 2197 2298 2250 secundum
2351 2197 2623 2250 carnalem
2673 2197 3086 2255 delectationem
3136 2199 3291 2264 fiunt,
3325 2217 3432 2254 no.

1844 2296 1969 2340 stne
2009 2287 2318 2344 voluntates
2364 2299 2510 2348 sunt,
2557 2303 2676 2356 qua:
2708 2299 2889 2342 autem
2935 2307 3042 2343 non
3083 2291 3420 2359 huiusmodi,

1845 2378 1940 2432 St'd
2013 2381 2312 2433 secundum
2379 2379 2692 2432 divinarum
2756 2381 3162 2450 Scripturarum
3233 2391 3426 2436 nutum

1847 2470 2002 2534 fiunt,
2035 2469 2126 2523 Dei
2163 2472 2468 2526 voluntates
2509 2480 2668 2540 sunt;
2707 2479 2762 2525 et
2787 2473 2928 2541 quod
2975 2472 3050 2525 illi
3083 2472 3174 2542 qui
3217 2473 3272 2526 in
3309 2485 3430 2526 mo-

1845 2563 2124 2622 nasteriis,
2153 2563 2238 2616 vel
2291 2564 2342 2617 in
2396 2565 2584 2618 mundi
2637 2565 3014 2620 subordinatis
3048 2567 3282 2622 statibus
3317 2581 3426 2622 non

1845 2654 2124 2716 ohediuut,
2182 2655 2414 2708 multum
2465 2665 2728 2724 pra‘tcxlu
2777 2656 3250 2712 subordinationis
3293 2658 3428 2714 obe-

1843 2743 2058 2797 dii-otiae
2087 2745 2534 2814 etabnegationis
2559 2747 2612 2799 in
2647 2748 2878 2814 propriis
2899 2747 3268 2802 voluntatibus
3299 2765 3428 2818 pro-

1847 2833 2056 2890 ficiunt.
2088 2843 2184 2887 aut
2231 2835 2427 2890 melius
2477 2835 2772 2903 loquendo,
2807 2837 3026 2890 diabolo
3075 2847 3128 2892 et
3171 2840 3430 2908 operibus

1846 2925 1966 2991 ejus
1995 2925 2387 2990 subjiciuntur,
2421 2935 2476 2980 et
2515 2927 2660 2997 quod
2695 2943 2792 2997 per
2823 2943 2886 2982 ea
2919 2945 3040 2999 quae
3081 2932 3434 3002 negliguntur

1849 3017 2122 3070 ferventes
2145 3017 2366 3072 cadunt.

1923 3108 2008 3161 t9.
2045 3109 2118 3162 De
2151 3110 2294 3164 bona
2343 3109 2646 3172 voluntate.
2689 3127 2851 3181 quam
2885 3112 2977 3180 qui
3011 3111 3142 3167 facit
3171 3128 3280 3168 non
3316 3117 3434 3170 sine

166 3197 502 3269 παρέρχεται
539 3199 668 3252 ἄνευ
714 3199 974 3270 θλίψεωςο
1010 3203 1102 3253 καὶ
1130 3203 1239 3264 ὅτι,
1279 3203 1408 3256 ὅταν
1440 3204 1576 3274 μετὰ
1610 3223 1742 3276 προ-

1852 3199 2256 3255 dillienltatibus
2303 3213 2554 3256 versatur
2579 3225 2592 3257 :
2620 3211 2674 3255 et
2713 3204 2878 3271 quod,
2913 3205 3132 3272 quando
3165 3221 3290 3260 cum
3337 3221 3434 3260 ar-

165 3286 365 3356 θυμίας
397 3287 528 3340 αὐτὸ
555 3288 858 3358 διέρχηται,
885 3290 984 3341 οὐκ
1009 3290 1326 3344 αἰσθάνεται
1357 3293 1453 3360 τῆς
1484 3292 1738 3362 θλίψεως,

163 3377 292 3430 ὅταν
324 3377 382 3430 δὲ
408 3378 692 3450 ψυχρανθῇ
723 3379 821 3448 τῆς
855 3379 1188 3450 προθυμίας,
1221 3381 1340 3434 τότε
1373 3386 1466 3436 καὶ
1504 3385 1604 3453 τῆς
1631 3385 1744 3438 θλί-

164 3469 313 3538 ψεως
353 3469 705 3524 αἰσθάνεται·
761 3473 854 3524 καὶ
908 3475 1036 3542 περὶ
1088 3475 1196 3526 τῶν
1248 3475 1587 3530 mmean
1633 3479 1742 3532 τῶν

167 3559 380 3612 πολλῶν
413 3562 522 3614 τῶν
571 3562 981 3616 ἀκολουθουσῶν
1033 3567 1100 3635 τῇ
1149 3565 1384 3636 διανοίᾳ,
1430 3569 1526 3620 καὶ
1573 3569 1630 3620 ἐν
1675 3570 1740 3638 τῇ

169 3652 302 3722 εὐχῇ
363 3651 844 3722 δοκιμαζομένων·
909 3654 1004 3708 καὶ⁸
1057 3655 1188 3726 περὶ
1251 3656 1596 3726 ἐπιγνώσεως
1649 3660 1744 3713 τοῦ

169 3742 472 3812 θελήματος
499 3743 594 3796 τοῦ
623 3743 786 3798 Θεοῦ.

243 3833 312 3887 κ’.
339 3835 474 3904 Περὶ
507 3835 895 3905 ὲλεημοσὺνης,
927 3837 1017 3888 καὶ
1044 3837 1162 3901 πῶς
1187 3838 1292 3910 χρὴ
1313 3837 1515 3911 ταύτην
1547 3843 1746 3896 ποιεῖν·

169 3927 264 3979 καὶ
289 3927 370 3980 ὅτι
397 3926 486 3979 τὸν
519 3927 594 3998 μὴ
617 3927 810 3997 έχοντά
837 3946 910 3990 τι,
935 3929 998 3982 οὐ
1022 3930 1102 3983 δεῖ
1137 3933 1428 4002 μεριμνᾷν,
1455 3935 1548 3986 καὶ
1577 3951 1749 4004 φρον-

168 4017 362 4083 τίζειν,
400 4019 532 4072 ἀλλὰ
575 4019 711 4090 μόνα
745 4021 1008 4090 παρέχειν
1040 4023 1108 4075 τὰ
1143 4025 1272 4092 παρ’
1314 4024 1461 4095 αὑτῴ
1490 4025 1742 4098 εὑρισκό-

173 4127 345 4180 μενα·
374 4111 469 4164 καὶ
504 4113 632 4182 περὶ
670 4109 764 4163 τοῦ
800 4112 1173 4182 παραϐάλλειν
1211 4114 1462 4184 ἀλλήλοις
1488 4131 1500 4144 ·
1537 4117 1630 4168 καὶ
1663 4117 1746 4171 ὅτι

171 4203 230 4256 οὐ
257 4204 364 4273 χρὴ
393 4202 521 4265 τοὺς
549 4203 815 4272 μοναχοίις
845 4204 1116 4272 προφάσει
1148 4205 1270 4275 ὲλεη
1281 4206 1518 4277 μοσύνης
1545 4207 1746 4262 διδόναι

169 4311 222 4348 τι
251 4295 364 4356 τοῖς
399 4295 540 4348 κατὰ
561 4295 740 4364 σάρκα
773 4295 944 4360 ἰδίοις,
973 4295 1110 4349 ἀλλὰ
1142 4295 1335 4362 ξένοις,
1369 4302 1624 4368 πτωχοῖς,
1654 4302 1747 4354 καὶ

171 4387 496 4456 ἀναπήροις’
523 4385 616 4438 καὶ
634 4387 714 4438 ὅτι
744 4385 804 4438 οὑ
833 4387 940 4456 χρὴ
969 4387 1091 4448 τοὺς
1117 4389 1429 4458 ἁκτὴμονας
1454 4394 1746 4460 μοναχοὺς,

170 4477 236 4527 ἐκ
259 4475 354 4528 τοῦ
376 4475 538 4548 ἔργον
565 4475 766 4541 αὐτῶν,
787 4477 820 4548 ἢ
849 4479 942 4530 καὶ
965 4479 1072 4531 ἀπὸ
1097 4479 1272 4534 ἄλλων
1303 4482 1521 4550 τρόπων
1545 4483 1748 4538 διδόναι

1851 3288 1983 3342 dore
2041 3290 2184 3342 illam
2259 3291 2578 3359 susceperit,
2629 3290 3000 3346 difﬁcultatem
3079 3309 3186 3347 non
3239 3295 3430 3360 sentit,

1852 3380 2069 3445 quando
2103 3387 2286 3432 autem
2334 3380 2402 3433 ab
2437 3379 2637 3434 ardore
2663 3380 2944 3446 defecerit,
2977 3391 3108 3438 tunc
3146 3384 3434 3440 difﬁculta-

1853 3479 1960 3523 tem
2015 3472 2213 3535 sentit;
2261 3482 2316 3525 (ιι
2357 3472 2424 3526 de
2465 3473 2868 3530 mutationibus
2909 3476 3202 3530 multarum
3245 3493 3430 3532 rerum

1853 3577 1974 3628 quze
2028 3562 2343 3629 cogitationi
2401 3563 2782 3632 insequuntur,
2812 3574 2868 3620 et
2917 3565 2970 3618 in
3023 3569 3270 3623 oratione
3303 3583 3432 3639 pro-

1853 3653 2082 3719 bantur;
2111 3663 2164 3707 ct
2189 3654 2256 3708 de
2281 3655 2594 3724 cognitione
2625 3657 2922 3710 voluntatis
2949 3657 3060 3712 Dei.

1923 3829 2015 3885 20.
2070 3830 2143 3884 De
2199 3829 2550 3902 elecmosyna
2606 3840 2661 3886 et
2697 3833 2976 3899 quomodo
3021 3841 3240 3903 oportet
3285 3833 3436 3889 illam

1855 3915 2036 3972 facere
2073 3935 2086 3970 :
2121 3925 2176 3972 et
2205 3919 2350 3987 quod
2383 3935 2490 3974 non
2521 3919 2722 3990 aliquid
2755 3922 3038 3978 habentem
3071 3939 3180 3980 non
3217 3933 3438 3994 oportet

1855 4013 2078 4064 anxium
2125 4019 2179 4065 et
2216 4013 2511 4068 sollicitum
2557 4029 2700 4078 esse,
2731 4017 2825 4070 sed
2850 4017 2964 4071 sola
3014 4027 3274 4087 praistare
3309 4035 3436 4088 qua:

1855 4101 1998 4172 apud
2044 4118 2103 4158 se
2151 4103 2544 4172 inveniuntur;
2580 4114 2633 4160 et
2671 4106 2738 4160 de
2786 4108 2990 4162 mutuis
3043 4108 3434 4175 relationibus;

1854 4203 1908 4247 et
1951 4195 2096 4262 quod
2131 4209 2238 4248 non
2271 4205 2485 4263 oportet
2525 4197 2826 4250 monachos
2873 4199 3150 4267 'praatextu
3201 4201 3436 4254 eleemo-

1856 4300 2003 4356 synze
2068 4285 2194 4339 dare
2252 4287 2460 4356 aliquid
2537 4287 2622 4341 his
2686 4289 2777 4356 qni
2848 4289 3146 4344 secundum
3209 4305 3432 4346 carnem

1855 4376 2088 4444 proximi
2133 4388 2284 4440 sunt,
2329 4378 2422 4432 sed
2470 4379 2716 4444 advenis,
2771 4379 2960 4448 egenis
3009 4391 3062 4435 et
3123 4382 3434 4448 debilibus;

1855 4478 1908 4522 et
1948 4471 2090 4538 quod
2127 4485 2234 4522 non
2272 4478 2482 4540 oportet
2511 4487 2776 4540 pauperes
2811 4475 3136 4537 monachos,
3163 4489 3229 4528 ex
3269 4491 3438 4545 opere

169 4570 276 4620 τινὶ
315 4567 496 4638 ἔχοντι
528 4569 626 4632 τὰς
659 4570 850 4638 χρείας
880 4569 1047 4622 αὐτοῦ
1071 4612 1084 4634 ,
1115 4571 1252 4624 ἀλλὰ
1281 4574 1496 4642 χωλοῖς,
1533 4577 1626 4628 καὶ
1658 4595 1745 4630 τυ-

1858 4576 1978 4624 suo,
2005 4561 2088 4615 vel
2127 4562 2292 4615 etiam
2347 4562 2455 4616 alio
2510 4563 2672 4617 modo
2711 4563 2842 4618 dare
2873 4563 2950 4618 illi
2987 4566 3082 4636 qui
3113 4565 3273 4622 habet
3307 4585 3438 4626 suas

172 4660 350 4726 φλοίς,
383 4661 478 4712 καὶ
513 4661 933 4730 ὲστερημένοιςσ
981 4663 1077 4714 καὶ
1127 4663 1210 4716 ὅτι
1253 4667 1312 4717 οὐ
1355 4665 1436 4718 δεῖ
1475 4668 1745 4737 προφάσει

171 4749 542 4818 ὲλεημοσύνης
573 4748 774 4802 διδόναι
806 4749 928 4803 τινὰ
959 4751 1015 4802 ὲν
1050 4753 1398 4824 μοναστηρίῳ
1445 4757 1704 4826 κτήματα
1728 4775 1742 4789 ·

172 4842 266 4894 καὶ
309 4843 435 4902 τοὺς
491 4840 602 4893 τῶν
643 4839 986 4910 ἁκτημόνων,
1042 4844 1137 4894 καὶ¹
1183 4845 1616 4916 ἐσταυρωμένων

171 4933 360 5003 κόσμῳ
385 4931 483 5002 τὴν
515 4933 832 5002 ἐπωνυμίαν
857 4934 1079 5001 ἔχοντας
1108 4937 1188 4998 είς
1213 4937 1388 4989 ταῦτα
1421 4937 1578 4992 πάλιν
1612 4939 1749 4994 καθ-

172 5025 369 5091 έικκειν,
401 5025 523 5076 ἐπεὶ
555 5024 780 5093 κινδύνῳ
812 5025 1099 5077 ὑπόκειται
1120 5043 1134 5056 '
1179 5029 1274 5080 καὶ
1316 5029 1396 5080 ὅτι
1431 5031 1457 5082 ό
1487 5029 1750 5101 κληρικὺς

172 5119 365 5183 τόκους
415 5119 684 5184 ἁπαιτῶν,
725 5119 757 5190 ἢ
813 5119 888 5190 μὴ
937 5119 1108 5184 διδοὺς
1145 5124 1254 5184 τοῖς
1294 5123 1496 5178 ἐνδεέσι
1551 5125 1746 5178 καθαι-

181 5210 376 5278 ρεῑται.

250 5308 354 5355 καν.
390 5303 512 5356 ’Ότι
547 5305 796 5374 κρεῖσσόν
841 5305 988 5356 ἐστιν
1026 5305 1103 5367 εἰς
1134 5305 1261 5367 τοὺς
1293 5306 1529 5376 πένητας
1570 5307 1751 5360 διανέ-

181 5411 304 5462 μειν
335 5395 398 5448 τὰ
429 5395 762 5466 χρήματα,ἢ
793 5395 1122 5464 προσρέρειν
1149 5396 1290 5450 αὐτὰ
1325 5398 1380 5448 ὲν
1408 5397 1750 5466 ἐκκλησίαις,

179 5487 272 5539 καὶ
304 5487 664 5549 καλλωπίζειν
709 5487 896 5550 αὑτάς·
942 5489 1035 5540 καὶ
1079 5489 1160 5540 ὅτι
1199 5489 1336 5558 μόνα
1366 5487 1436 5542 τὰ
1480 5491 1754 5558 ἀναγκαῖα

181 5580 514 5650 προσφέρειν
559 5580 664 5652 χρὴ
713 5580 770 5632 ὲν
829 5580 945 5641 ταῖς
999 5579 1355 5648 ἐκκλησίαις,
1391 5579 1460 5632 τά
1494 5580 1550 5632 δὲ
1591 5581 1755 5633 λοιπὴ

182 5673 604 5726 καταναλίσκειν
636 5674 716 5734 εἰς
745 5673 868 5734 τοὺς
907 5671 1144 5740 πένητας
1168 5688 1180 5702 ·
1224 5673 1316 5726 καὶ
1351 5673 1514 5725 πόσον
1553 5675 1756 5743 μέτρον

181 5761 289 5831 χρὴ
315 5761 514 5816 διδόναι
542 5761 650 5814 τῶν
681 5761 828 5814 ἰδίων
855 5761 1172 5832 χρημάτων·
1207 5763 1300 5814 καὶ
1333 5761 1413 5814 ὅτι
1441 5762 1492 5814 οἱ
1528 5763 1756 5832 μοναχοὶ

185 5852 502 5912 ὑπόκεινται
547 5853 750 5910 διδόναι
804 5853 1215 5925 ἐλεημοσύνην,
1267 5853 1396 5910 ὅταν
1449 5854 1545 5910 καὶ
1601 5853 1756 5908 αὐτοὶ

1857 4655 2234 4717 necessitates,
2283 4654 2375 4709 sed
2433 4655 2676 4718 claudis,
2721 4658 2903 4720 caecis,
2957 4667 3012 4712 et
3061 4659 3316 4714 nudatis:
3381 4669 3440 4715 et

1853 4746 1996 4816 quod
2031 4761 2140 4800 non
2179 4756 2394 4816 Oportet
2435 4757 2698 4817 praetextu
2753 4750 3118 4822 eleemosyna:
3148 4751 3280 4806 dare
3337 4753 3440 4808 ali-

1855 4855 1994 4910 quas
2025 4841 2360 4894 monasterio
2413 4843 2824 4910 possessiones;
2855 4851 2910 4896 et
2964 4858 3058 4898 eos
3108 4844 3202 4912 qni
3235 4860 3442 4913 paupe-

1857 4945 1978 4986 rum
2009 4942 2063 4985 et
2087 4933 2476 4986 crucifixorunt
2527 4933 2734 4988 mundo
2782 4949 2978 4988 nomen
3011 4935 3212 4990 habent
3241 4935 3306 4989 ad
3335 4935 3436 4992 ista

1860 5039 2051 5079 rursus
2097 5023 2387 5090 adducere,
2444 5024 2701 5094 quoniam
2763 5025 3064 5093 periculum
3117 5025 3336 5094 subest;
3383 5033 3442 5080 et

1856 5116 2000 5186 quod
2031 5115 2263 5170 clericus
2297 5131 2496 5170 usuras
2518 5117 2767 5186 exigens,
2793 5116 2874 5170 vel
2905 5133 3009 5170 non
3041 5119 3180 5172 dans
3226 5117 3438 5188 egenti-

1857 5209 1959 5262 bus
1990 5207 2300 5274 deponitur.

1927 5299 2014 5352 21.
2042 5299 2194 5363 Quod
2231 5299 2428 5353 ntelins
2457 5309 2538 5353 est
2571 5300 2626 5352 in
2661 5313 2864 5368 egenos
2896 5299 3038 5353 bona
3078 5299 3432 5360 distribuere,

1859 5407 2020 5462 quant
2053 5391 2142 5444 illa
2211 5391 2264 5444 in
2320 5390 2582 5446 ecclesias
2631 5389 2844 5460 largiri,
2889 5399 2944 5444 et
2979 5409 3074 5446 eas
3127 5391 3434 5446 adornare:

1859 5493 1912 5538 et
1941 5490 2142 5552 quanta
2189 5497 2444 5536 mensura
2483 5489 2698 5552 oportet
2745 5482 2877 5536 dare
2918 5482 3132 5550 propria
3177 5483 3345 5546 bona,
3378 5489 3433 5536 et

1859 5575 2003 5645 quod
2023 5573 2274 5628 monachi
2295 5573 2662 5642 subjiciuntur
2686 5573 2750 5626 ad
2773 5573 3006 5626 dandam
3027 5573 3428 5644 elcemosynam

1859 5669 2078 5739 quando
2119 5676 2173 5722 et
2203 5665 2304 5735 ipsi
2339 5667 2408 5720 ab
2461 5665 2584 5720 aliis
2626 5666 2896 5734 accipiant
2930 5675 2984 5718 et
3027 5677 3344 5728 exerceant,
3377 5675 3434 5719 et

1863 5763 1927 5815 ad
1977 5759 2100 5814 aliis
2158 5773 2314 5827 opem
2351 5757 2628 5812 ferendam
2675 5759 2897 5828 quando
2937 5768 2990 5812 et
3029 5759 3132 5829 ipsi
3191 5761 3261 5814 ab
3314 5759 3435 5814 aliis

1863 5868 2020 5926 opem
2071 5850 2364 5922 recipiant;
2405 5861 2457 5906 et
2509 5851 2654 5922 quod
2691 5851 2746 5906 in
2782 5859 3026 5921 tempore
3073 5851 3435 5922 eleetnosynae
