4032 6416
620 428 765 496 .1361.

1481 431 1865 496 OPUSCULA
1910 435 2259 495 MOltALlA
2299 435 2649 495 INCERTJE
2688 401 2993 496 minis.

3737 436 3835 500 1368

622 561 735 600 non
766 553 978 616 oportet
1009 546 1380 616 acceptionem
1422 546 1625 604 habere
1671 549 1911 604 ﬁdelium
1953 560 2048 603 aut
2084 550 2202 603 inti-

2311 550 2437 618 παρ’
2463 549 2548 601 ὲτέ
2558 565 2667 619 ρων
2684 547 3024 618 λαμϐάνωσι,
3054 548 3146 600 καὶ
3166 547 3538 618 ἐργάζωνται,
3568 547 3656 599 καὶ
3677 549 3835 619 ἑτέροις

624 639 847 703 dolium,
874 639 968 694 sed
999 639 1246 693 omnium
1280 639 1549 695 misereri.

687 892 778 950 22.
829 894 902 949 De
943 894 1272 952 facientibus
1318 898 1720 970 eleemosyuam
1759 917 1824 953 ex
1884 901 2149 969 injustitia
2186 917 2200 954 :

618 986 766 1055 quod
795 1002 905 1041 non
936 987 1113 1042 solum
1147 1004 1254 1042 non
1296 991 1592 1060 propitium
1635 992 1741 1046 sibi
1771 991 1940 1046 lteum
1993 991 2205 1046 faciunt

619 1078 715 1132 scd
751 1079 949 1133 iratum
1007 1081 1182 1151 magis
1235 1083 1281 1138 si
1328 1098 1441 1138 non
1490 1083 1559 1139 ab
1590 1084 1859 1153 injustitia
1919 1085 2202 1150 recedam;

617 1177 678 1222 et
703 1169 796 1239 qui
827 1171 1099 1227 aediﬁcant
1135 1173 1400 1228 ecclesias
1431 1185 1484 1228 et
1519 1176 1856 1230 monasteria
1889 1193 1955 1230 ex
1985 1178 2205 1244 injusti-

620 1262 718 1324 tia,
751 1263 940 1318 eodem
993 1264 1364 1334 subjiciuntur
1406 1267 1638 1338 judirio,
1687 1278 1742 1323 et
1774 1271 1868 1339 qui
1916 1271 2204 1325 rediticavit

619 1357 1039 1421 monasterium,
1083 1359 1346 1428 episcopo
1381 1361 1488 1414 loci
1531 1361 1693 1417 debet
1743 1362 2050 1418 dominium
2105 1363 2204 1418 de-

621 1444 784 1511 l‘crre,
817 1449 981 1518 etqui
1016 1465 1126 1504 non
1161 1451 1234 1506 ita
1266 1452 1380 1522 agit
1404 1453 1847 1522 reprehenditur.

690 1538 782 1594 25.
823 1539 978 1606 Quod
1009 1541 1054 1596 si
1084 1544 1366 1613 proposito
1395 1544 1556 1599 dandi
1588 1547 1775 1615 egenis
1806 1547 1945 1603 bona
1973 1549 2202 1604 divitum

619 1629 824 1699 aliquis
850 1633 1218 1702 dissipaverit,
1244 1651 1349 1691 non
1385 1647 1606 1707 peccat:
1637 1647 1690 1693 et
1715 1641 1858 1710 quod
1892 1651 1975 1695 est
2012 1651 2067 1697 et
2099 1643 2203 1697 alia

620 1725 826 1794 sn-pius
870 1728 953 1781 via
1005 1727 1258 1798 perfecta:
1305 1730 1664 1804 eleemosynze
1717 1735 1770 1787 iu
1815 1734 1899 1789 his
1926 1736 2043 1805 qui,
2078 1751 2203 1790 cum

619 1816 859 1872 viderint
911 1820 1262 1893 indigentem,
1307 1840 1412 1878 non
1466 1834 1699 1894 possunt
1747 1827 1898 1881 illum
1927 1828 2206 1884 dimittere

620 1925 884 1977 vacuum;
939 1913 1030 1983 qui
1076 1925 1256 1968 autem
1305 1917 1440 1972 nihil
1485 1918 1712 1974 omnino
1770 1921 2087 1990 possident,
2135 1923 2206 1976 ab
2241 1903 2278 1956 υ

618 2003 742 2057 al.is
796 2003 1078 2060 laboribus
1134 2007 1286 2062 illum
1337 2008 1680 2080 dispensant,
1717 2012 1835 2068 sive
1880 2014 2060 2068 aliena
2111 2030 2204 2070 su-

618 2104 831 2152 mentes
882 2099 1060 2168 palam
1101 2109 1196 2154 aut
1243 2102 1406 2164 clam.
1439 2103 1553 2159 sive
1592 2105 1796 2176 aliquid
1842 2107 2207 2178 suscipientes

617 2187 852 2244 chorqu
896 2206 1016 2260 quae
1066 2203 1194 2248 sunt
1238 2194 1346 2250 Deo
1377 2196 1590 2263 oblata;
1651 2206 1706 2252 et
1749 2199 1895 2268 quod
1948 2201 2035 2254 illa
2083 2215 2206 2271 qua:

619 2278 735 2335 Deo
759 2293 889 2338 sunt
927 2296 1271 2353 consecrata,
1311 2299 1365 2343 et
1408 2304 1529 2359 qua?
1563 2299 1692 2346 sunt
1720 2291 1786 2345 ad
1825 2294 2200 2348 necessarium

621 2375 910 2431 ministerii
939 2394 1120 2443 usmn,
1147 2380 1273 2434 licet
1312 2381 1364 2435 in
1402 2391 1625 2451 egentes
1678 2393 1733 2439 et
1762 2386 2009 2455 captivos
2053 2386 2206 2440 insu-

618 2482 791 2535 mere,
821 2472 1000 2525 solum
1044 2489 1169 2526 cum
1216 2476 1531 2530 rationabili
1578 2477 1943 2548 dispositione
1990 2478 2102 2546 tiat,
2137 2493 2205 2532 ne

619 2557 761 2616 forte
789 2563 991 2618 bonum
1031 2565 1084 2619 in
1117 2565 1321 2620 malum
1344 2567 1561 2622 evadat.

685 2736 778 2792 24.
811 2737 884 2793 De
913 2736 1206 2794 dilectione
1232 2749 1286 2794 et
1310 2739 1686 2796 benevolentia
1726 2759 1741 2795 :
1778 2742 2006 2812 etquod
2044 2759 2206 2799 occa-

617 2830 774 2886 sione
796 2830 1105 2888 dilectionis
1140 2831 1444 2890 decidimus
1489 2849 1588 2904 per
1627 2835 1906 2889 carnalem
1954 2835 2206 2891 dilectio-

619 2936 745 2975 nem
781 2936 812 2976 e
855 2922 1145 2992 spirituali,
1175 2932 1230 2978 ct
1261 2925 1404 2993 quod
1450 2941 1557 2980 non
1591 2935 1805 2996 oportet
1835 2927 2121 2983 comedere
2149 2928 2204 2982 in

618 3012 868 3068 ccclesiis
909 3023 1170 3084 pra-textu
1217 3016 1544 3082 dilectionis,
1593 3021 1675 3072 vel
1723 3019 1966 3076 dormire
2003 3021 2055 3075 in
2098 3021 2204 3077 illis

618 3105 741 3160 sine
773 3105 1132 3173 necessitate;
1165 3115 1220 3162 et
1263 3109 1408 3179 quod
1439 3112 1483 3165 si
1509 3109 1633 3177 quis
1655 3111 1724 3166 sit
1763 3127 1926 3182 supra
1979 3112 2202 3168 modum

618 3198 878 3262 dilectus,
923 3209 976 3254 et
1008 3214 1165 3255 exeo
1212 3199 1265 3255 in
1324 3202 1820 3259 anima'damnum
1863 3206 2201 3276 accipiamus

618 3292 704 3347 vel
730 3307 795 3348 ex
825 3293 968 3358 aliis,
1001 3303 1212 3364 oportet
1239 3295 1423 3351 statim
1454 3313 1516 3352 ex
1561 3297 1646 3354 his
1677 3299 1924 3366 abscidi;
1979 3309 2034 3355 et
2055 3300 2203 3370 quod

617 3401 730 3442 non
790 3386 863 3441 ob
917 3388 1188 3444 humanas
1236 3389 1724 3459 consideratioucs,
1755 3393 1849 3448 sed
1899 3393 1970 3447 ob
2005 3409 2209 3464 propo-

617 3477 786 3534 sitqu
815 3479 924 3534 Dco
950 3481 1324 3550 complacendi
1358 3491 1573 3552 oportet
1605 3483 1834 3555 diligere
1867 3485 2204 3554 proximum.

691 3661 779 3717 25.
817 3661 974 3729 Quod
1017 3680 1124 3718 non
1161 3674 1375 3736 oportet
1411 3667 1606 3722 laedere
1632 3668 1714 3723 vel
1745 3669 1932 3725 odisse
1954 3671 2210 3740 qualem-

618 3768 842 3824 cunque
884 3755 1186 3824 hominem,
1234 3758 1350 3813 sive
1411 3760 1658 3828 impium,
1705 3760 1821 3815 sive
1866 3761 2206 3826 haereticum,

619 3845 738 3902 sive
764 3845 1068 3912 ethuicum,
1100 3847 1218 3902 sive
1245 3849 1540 3904 admodum
1577 3859 1918 3920 peceatorem
1946 3895 1960 3919 ,
1989 3856 2209 3924 quando

619 3949 838 4010 tempus
868 3940 1244 4010 postulaverit,
1296 3950 1351 3998 et
1403 3958 1507 3997 non
1548 3943 1898 4001 habuerimus
1921 3937 1993 4000 ex
2028 3946 2093 4001 iis
2121 3947 2208 4000 ul-

618 4033 733 4086 lum
763 4035 1045 4088 damnum.
1094 4033 1148 4088 In
1179 4034 1284 4089 hoc
1317 4034 1462 4090 enim
1504 4034 1674 4091 Deum
1713 4037 1996 4092 imitamur
2029 4057 2042 4094 :
2082 4056 2206 4095 cum

617 4137 802 4182 autem
837 4127 1123 4197 spirituale
1153 4127 1420 4182 damnum
1462 4128 1836 4196 habuerimus,
1863 4130 1979 4185 sive
2013 4146 2079 4186 ex
2102 4148 2207 4186 no-

617 4231 736 4278 stra
789 4221 1128 4284 infirmitate,
1172 4221 1287 4276 sive
1346 4221 1452 4274 alio
1480 4221 1676 4292 quovis
1717 4225 1901 4286 modo,
1940 4232 2070 4278 tunc
2111 4238 2209 4294 pro

618 4315 950 4371 necessitate
999 4314 1273 4384 fugiamus
1321 4315 1389 4369 ab
1424 4315 1503 4369 eis
1532 4353 1546 4377 ,
1588 4330 1694 4368 non
1743 4317 1896 4384 quasi
1959 4316 2209 4371 homines

618 4407 920 4472 oderimus,
942 4407 1036 4461 sed
1068 4407 1213 4476 quod
1239 4407 1428 4461 sordes
1455 4406 1744 4470 evitamus,
1773 4424 1839 4461 ne
1861 4422 2050 4462 eorum
2071 4408 2209 4462 ami-

618 4498 752 4553 citia
790 4497 950 4552 nobis
987 4497 1206 4554 occasio
1253 4499 1345 4552 ﬁat
1388 4499 1846 4569 transgressionis
1884 4509 1942 4553 ut
1985 4500 2115 4555 olim
2155 4501 2207 4554 iu

2234 3245 2280 3306 C

2309 641 2559 712 βοηθεῖν,
2609 641 2738 693 ὅταν
2784 641 2880 692 καὶ
2922 641 3077 694 αὐτοὶ
3115 640 3243 710 παρ’
3293 639 3503 707 ἑτέρων
3555 638 3833 708 βοηθῶν-ιιι·

2307 735 2400 788 καὶ
2428 735 2507 787 ὅτι
2533 735 2588 785 ὲν
2613 731 2792 803 καιρῷ
2819 732 3188 802 ἐλεημοσύνης
3215 732 3276 784 οὐ
3311 731 3394 783 δεῖ
3424 729 3837 800 περιεργάζεσθαι

2305 827 2554 888 πιστοὺς,
2590 827 2682 878 καὶ
2713 825 2994 886 ἀπίστους,
3032 823 3170 877 ἀλλά
3198 823 3407 884 πάντας
3441 823 3637 875 ἐλεεῖν.

2378 917 2481 988 κβν.
2517 917 2652 987 Περὶ
2678 917 2788 971 τῶν
2820 917 3120 970 ποιούντων
3159 915 3538 986 ἐλεημοσύνην
3568 913 3627 978 ἐξ
3653 915 3839 978 ἀδικίας·

2306 1009 2386 1062 ὅτι
2415 1010 2476 1060 οὐ
2517 1010 2677 1078 μόνον
2715 1009 2817 1061 οὐκ
2848 1008 3286 1076 ὲξευμενίξονται
3327 1009 3388 1060 τὸ
3412 1007 3597 1067 Θεῖον,
3629 1006 3750 1058 ἀλλά
3774 1010 3841 1058 καὶ

2307 1099 2702 1171 παροξύνουσιν
2735 1101 2830 1153 ὲάν
2865 1100 2939 1170 μὴ
2967 1099 3246 1153 ἀποστῶσι
3284 1099 3382 1168 τῆς
3415 1099 3664 1160 ἀδικίας·
3704 1098 3783 1150 καὶ
3808 1100 3842 1149 oi

2309 1191 2586 1256 κτίζοντες
2632 1192 2930 1262 ἐκκλησίας
2975 1191 3070 1244 καὶ
3116 1191 3452 1260 μοναστήρια
3534 1189 3593 1253 ἐξ
3655 1188 3845 1249 ἀδικίας,

2306 1281 2385 1348 τῷ
2412 1281 2562 1349 αὐτῷ
2595 1281 2911 1334 ὑπόκεινται
2943 1279 3194 1350 κρίματι,
3216 1279 3307 1331 καὶ
3337 1279 3364 1330 ὁ
3396 1278 3596 1340 κτίσας
3623 1281 3849 1345 μοναστή-

2309 1391 2446 1446 ριον,
2498 1372 2578 1442 τῷ
2613 1373 2753 1426 κατά
2793 1373 2884 1424 τὸν
2916 1372 3082 1425 τόπον
3111 1371 3394 1440 ἐπισκόπῳ
3439 1371 3649 1439 ὀφείλει
3689 1369 3852 1422 διδύναι

2308 1467 2405 1538 τὴν
2426 1466 2744 1537 κυριότητα,
2771 1467 2866 1518 καὶ
2889 1467 2916 1517 ὁ
2942 1463 3016 1534 μὴ
3038 1463 3211 1525 οὕτως
3244 1462 3410 1516 ποιῶν
3434 1461 3739 1514 εὐθύνεται.

2380 1557 2486 1627 κγ’.
2521 1559 2646 1612 Ὅτι
2686 1558 2779 1611 ἐὰν
2825 1556 3012 1627 σκοπῷ
3045 1557 3136 1610 τοῦ
3168 1555 3348 1609 δοῦναι
3391 1557 3512 1616 τοῖς
3562 1555 3779 1622 πτωχοῖς
3803 1553 3854 1604 τά

2308 1653 2567 1725 χρήματα
2590 1651 2698 1705 τῶν
2721 1651 2991 1704 πλουσίων
3015 1649 3281 1720 σκορπίζῃ
3307 1666 3412 1711 τις,
3439 1649 3540 1715 οὐχ
3566 1645 3853 1716 ἁμαρτάνει·

2310 1746 2404 1798 καὶ
2433 1747 2514 1799 ὄτι
2561 1744 2680 1797 ἔστι
2724 1745 2817 1797 καὶ
2857 1743 3022 1810 ὲτέρα
3067 1741 3185 1805 ὁδὸς
3218 1741 3481 1803 πολλάκις
3515 1739 3626 1791 τῶν
3671 1736 3856 1789 celsior;

2309 1836 2645 1906 ὲλεημὸνων,
2681 1839 2730 1889 οί
2761 1836 2886 1889 ὅταν
2918 1835 3220 1887 θεάσωνται
3256 1833 3487 1902 πένητα,
3539 1831 3601 1884 ού
3635 1829 3856 1883 δύνανται

2309 1930 2471 1982 αὐτὸν
2496 1927 2820 1998 ἀποπέμψαι
2854 1926 3009 1980 κενόν
3028 1943 3043 1958 ο
3078 1925 3241 1995 μηδὲν
3272 1923 3330 1976 δὲ
3363 1922 3498 1976 ἴδιον
3529 1921 3667 1983 ὅλως
3691 1936 3856 1984 κεκτη-

2311 2024 2486 2095 μένοι,
2521 2022 2628 2076 ἀπὸ
2672 2021 2876 2090 ἐτέρων
2907 2019 3085 2072 πόνων
3119 2014 3495 2084 οίκονομοῦσιν
3526 2012 3688 2066 αὑτὸν
3708 2052 3722 2074 ,
3753 2010 3781 2078 ἦ
3807 2012 3857 2060 τὰ

2307 2115 2564 2185 ἀλλότρια
2589 2111 2959 2182 λαμϐάνοντες
2982 2107 3253 2180 φανερῶς,
3278 2106 3310 2178 ἢ
3334 2108 3425 2159 καὶ
3447 2102 3716 2174 κρυφίως,
3739 2102 3766 2170 ἢ
3786 2101 3856 2152 καὶ

2308 2205 2488 2262 αὐτῶν
2533 2203 2831 2273 ἁπτόμενοι
2869 2201 2980 2254 τῶν
3014 2199 3449 2268 ἀνατεθειμένων
3495 2195 3617 2265 Θεῷ
3639 2212 3652 2224 ·
3687 2193 3771 2244 καὶ
3795 2193 3857 2242 ὅτι

2309 2296 2376 2350 τὰ
2397 2293 2762 2365 άφιερωμένα
2789 2290 2907 2361 Θεῷ
2930 2333 2944 2358 ,
2979 2289 3129 2360 παρά
3153 2289 3252 2360 τὴν
3297 2288 3614 2354 ἀναγκαίαν
3647 2284 3738 2350 τῆς
3775 2283 3858 2334 ὑπ·

2308 2387 2535 2459 ηρεσίας
2565 2386 2756 2456 χρείαν
2774 2383 2923 2450 ὅντα,
2943 2381 3152 2448 ἔξεστιν
3177 2381 3258 2444 είς
3277 2379 3539 2448 πένητας,
3572 2375 3666 2429 καλ⁸
3687 2376 3857 2443 αἰχμα-

2307 2481 2512 2543 λώτους
2533 2476 2976 2540 καταναλίσκειν,
3007 2473 3166 2544 μόνον
3201 2471 3337 2543 μετὰ
3366 2467 3743 2540 πνευματικῆς
3764 2465 3856 2518 διι-

2310 2572 2514 2634 θὲσεως
2555 2569 2821 2640 γινέσθω,
2873 2568 3070 2638 μήπως
3105 2565 3164 2619 τὸ
3198 2563 3402 2633 ἀγαθὸν
3451 2558 3768 2629 καταπλήξῃ
3797 2559 3856 2617 εἰς

2310 2664 2569 2734 πονηρόν.

2381 2757 2479 2812 κδ’.
2515 2756 2648 2825 Περὶ
2678 2755 2896 2825 ἀγάπης
2954 2753 3050 2807 καὶ
3076 2748 3488 2821 φιλανθρωπίας
3509 2785 3528 2813 ,
3555 2747 3650 2798 καὶ
3674 2744 3778 2804 πῶς
3797 2741 3856 2793 δεῖ

2309 2851 2530 2920 ἀγαπᾷν
2565 2848 2657 2902 τὸν
2688 2847 2918 2917 πλησίον
2944 2863 2957 2875 ·
2995 2846 3090 2899 καὶ
3117 2845 3198 2897 ὄτι
3223 2842 3497 2913 προφάσει
3537 2838 3752 2906 ἀγάπης
3781 2837 3853 2886 ἐκ·

2311 2944 2585 3011 πίπτομεν
2645 2939 2730 2992 διὰ
2776 2939 2874 3007 τῆς
2926 2936 3197 3006 σαρκικῆς
3244 2937 3308 2987 ὲκ
3354 2935 3454 3003 τῆς
3515 2927 3853 2996 πνευματικῆς

2309 3035 2563 3105 ἀγάπηςο
2591 3034 2686 3087 καὶ
2719 3033 2800 3084 ὅτι
2829 3031 2888 3085 ού
2920 3031 3000 3084 δεῖ
3032 3029 3233 3082 ἐσθίειν
3281 3028 3339 3080 ὲν
3394 3023 3712 3095 ἐκκλησίαις
3744 3035 3852 3088 προ⁴

2310 3127 2472 3196 φάσει
2495 3124 2743 3193 ἀγάπης,
2773 3121 2805 3192 ἦ
2835 3119 3119 3175 καθεύδειν
3153 3120 3209 3171 ἐν
3233 3117 3424 3178 αὐταῖς
3455 3114 3585 3167 ἀνευ
3621 3111 3850 3176 ἀνάγκης·

2311 3219 2406 3273 καὶ
2437 3219 2520 3272 ὅτι
2548 3217 2645 3270 ὲάν
2679 3232 2764 3279 τις
2855 3213 2979 3266 καθ’
3011 3211 3319 3282 ὑπερϐολὴν
3353 3206 3671 3276 ἀγαπητὸς,
3693 3203 3776 3255 καὶ
3809 3199 3854 3262 ἐξ

2311 3310 2476 3364 αὑτοῦ
2504 3310 2644 3364 κατά
2669 3306 2843 3379 ψυχὴν
2874 3300 3264 3375 βλαπτώμεθα,
3292 3301 3326 3372 ἢ
3357 3301 3447 3353 καὶ
3475 3299 3534 3363 ἐξ
3561 3297 3746 3359 ἄλλων,
3771 3292 3853 3362 χρὴ

2311 3403 2514 3466 εὐθέως
2541 3399 2842 3456 κόπτεσθαι
2878 3398 2937 3463 ἐξ
2961 3396 3159 3450 αὐτῶν·
3197 3395 3290 3447 καὶ
3321 3394 3404 3446 ὅτι
3436 3392 3538 3444 οὐκ
3571 3393 3649 3450 είς
3690 3387 3750 3439 τὰ
3780 3386 3853 3437 ἀν·

2312 3494 2562 3566 θρώπινα
2611 3491 2926 3560 καθήκοντα
2951 3531 2964 3553 ,
3017 3487 3150 3542 ἀλλά
3199 3485 3343 3539 κατά
3383 3483 3586 3537 σκοπὸν
3618 3481 3712 3549 τῆς
3747 3476 3852 3544 πρὸς

2311 3587 2444 3640 Θεὸν
2475 3569 2890 3652 εὐαρεστήσεως
2913 3582 2995 3634 δεῖ
3022 3579 3246 3648 ἀγαπᾷν
3273 3576 3363 3629 τὸν
3398 3575 3650 3645 πλησίον.

2383 3677 2482 3733 κε’.
2519 3677 2644 3732 ’Ότι
2673 3679 2732 3729 ού
2782 3677 2863 3728 δεῖ
2894 3672 3236 3734 κακοποιεῖν,
3283 3668 3316 3738 ἢ
3363 3668 3543 3736 μισεῖν
3576 3661 3850 3729 οίονδήποτε

2311 3772 2620 3841 ἄνθρωπον,
2647 3766 2756 3821 εἴτε
2779 3763 3024 3834 ἀσεϐἧ,ἣ
3048 3758 3396 3832 αἱρετικὸν,ῆ
3421 3754 3725 3825 ’Ἐλληνα,ῆ
3747 3751 3852 3809 ὅλως

2312 3865 2662 3936 ἁμαρτωλὸν,
2687 3861 2816 3914 ὅταν
2844 3858 2955 3928 ἄγῃ
2988 3855 3200 3926 καιρὸς,
3236 3853 3328 3906 καὶ
3351 3852 3452 3904 οὐκ
3479 3849 3696 3920 ἔχωμεν
3721 3863 3766 3897 τι
3808 3842 3853 3904 ἐξ

2313 3957 2495 4011 αὐτῶν
2533 3953 2752 4025 βλάϐος.
2799 3951 2890 4004 Ἐν
2915 3948 3090 4019 τούτῳ
3114 3946 3223 4016 γὰρ
3259 3941 3582 4015 μιμούμεθα
3610 3939 3696 3992 τὸν
3717 3936 3852 3989 Θεῶν

2313 4055 2442 4107 ὅταν
2472 4049 2529 4103 δὲ
2556 4047 2788 4118 ψυχικὸν
2819 4045 3032 4115 ἔχωμεν
3065 4040 3283 4112 βλάϐος,
3313 4037 3345 4109 ἢ
3379 4039 3444 4090 ἐκ
3475 4034 3578 4103 τῆς
3608 4028 3850 4087 ἀσθενείας

2313 4141 2556 4217 ήμῶν,ἢ
2598 4139 2775 4202 ἄλλως
2819 4153 2961 4199 πως,
3005 4133 3128 4186 τότε
3163 4131 3304 4184 κατὰ
3344 4129 3592 4197 ἀνάγκην
3633 4123 3851 4224 φύγωμξν

2312 4216 2408 4289 ἀπ’
2443 4233 2644 4299 αὐτῶν,
2676 4231 2776 4302 οὐχ
2804 4230 2881 4293 ώς
2914 4226 3204 4298 μισοῦντες
3237 4221 3582 4292 ἀνθρώπους,
3619 4216 3742 4270 ἀλλά
3773 4216 3850 4302 τὴν

2312 4327 2494 4398 λύμην
2541 4323 2911 4396 ὑφορώμενοι,
2956 4321 3042 4373 ἵνα
3086 4317 3162 4388 μὴ
3193 4318 3225 4386 ἡ
3255 4313 3436 4368 αὐτῶν
3482 4310 3633 4380 φιλία
3668 4299 3848 4374 ἀφορμῆ

2313 4395 2542 4489 γένηται
2586 4413 2934 4485 παρανομίας
2967 4412 3099 4481 ἡμῖν
3138 4407 3279 4462 κατὰ
3312 4405 3404 4458 τὸν
3439 4403 3608 4457 πάλαι
3649 4395 3845 4489 Ἰσραὴλ,

2316 4486 2411 4564 καὶ
2437 4486 2503 4562 Vo!
2537 4507 2786 4566 θέλοντες
2822 4505 3097 4574 προφάσει
3133 4497 3446 4559 θεοσεϐείας
3487 4493 3759 4548 διεκδικεῖν
3780 4486 3846 4537 τὸν

621 4591 806 4658 Israel,
840 4601 894 4648 et
917 4593 1010 4661 qui
1047 4592 1237 4647 volunt
1267 4592 1550 4661 religionis
1587 4603 1850 4662 praetextu
1888 4593 2058 4647 Deum
2090 4595 2209 4648 vin-

2318 4601 2472 4666 Θεὸν,
2515 4601 2694 4653 οἰκεῖα
2735 4597 2882 4666 πάθη
2923 4592 3221 4665 πληροῦσι·
3256 4590 3350 4643 καὶ
3396 4589 3475 4641 ὃτι
3511 4586 3570 4640 τὸ
3617 4581 3846 4642 στενάζειν

619 4678 825 4746 dicare,
871 4682 1118 4752 pr0prias
1169 4683 1451 4752 passiones
1495 4682 1727 4752 satiant;
1773 4696 1826 4738 et
1865 4685 2010 4754 quod
2046 4701 2210 4755 super

621 4772 912 4828 haereticos
962 4773 1148 4829 dolere
1196 4783 1249 4827 et
1299 4773 1407 4827 illis
1452 4767 1791 4839 benefacere,
1827 4775 1880 4829 id
1939 4785 2042 4842 est,
2085 4792 2209 4831 vera

622 4862 866 4919 dilectio.

691 4954 784 5010 26.
821 4953 979 5021 Quod
1013 4962 1228 5025 oportet
1261 4953 1442 5025 potius
1475 4954 1686 5025 precari
1725 4970 1822 5024 pro
1853 4956 2060 5027 impiis,
2096 4959 2208 5014 hae-

622 5050 813 5106 reticis
833 5088 848 5114 ,
891 5049 1147 5115 ethnicis,
1199 5057 1253 5105 et
1293 5049 1549 5105 omnibus
1577 5050 1992 5119 peccatoribus,
2022 5064 2074 5106 et
2103 5070 2209 5106 non

624 5145 731 5200 illis
774 5143 1125 5209 mal‘adicere;
1181 5144 1284 5198 hoc
1334 5143 1480 5198 enim
1527 5141 1813 5204 facientes,
1871 5144 2027 5198 nobis
2079 5145 2212 5216 ipsis

625 5237 1022 5298 benefacimus.
1040 5245 1096 5292 et
1115 5237 1286 5291 Deum
1307 5236 1603 5302 imitamur;
1627 5237 1842 5306 etquod
1869 5252 1978 5292 non
2000 5247 2210 5308 oportet

623 5331 833 5402 precari
867 5346 967 5400 pro
997 5328 1269 5384 haereticis
1301 5327 1408 5382 vita
1447 5325 1753 5394 defunctis,
1785 5330 1876 5384 sed
1907 5346 2005 5400 pro
2033 5331 2212 5385 adhuc

623 5424 932 5480 viventibus
955 5422 1166 5493 precari
1191 5429 1442 5490 oportet,
1479 5429 1536 5475 ut
1561 5420 1667 5476 illis
1701 5423 1793 5476 det
1829 5423 2207 5492 paenitentiam

626 5517 768 5574 Deus
790 5517 856 5572 ad
887 5515 1266 5572 divertcndum
1295 5514 1363 5568 ab
1396 5528 1612 5582 errore,
1631 5523 1687 5570 et
1713 5515 2014 5570 secundum
2038 5515 2208 5571 Deum

625 5611 941 5678 vivendum,
966 5610 1019 5665 id
1045 5609 1190 5666 enim
1217 5609 1332 5664 vult
1365 5608 1532 5664 Deus.

697 5787 788 5839 27.
829 5787 1115 5852 Quomodo
1141 5798 1355 5858 oportet
1377 5790 1778 5858 cleemosynam
1810 5790 2007 5855 facere,
2039 5807 2214 5861 neque

634 5877 760 5930 tuba
790 5895 1004 5942 canere,
1033 5890 1091 5935 ut
1120 5882 1444 5951 hypocritte:
1472 5893 1522 5936 et
1556 5885 1700 5949 quod
1735 5883 1908 5938 satius
1933 5895 2014 5938 est
2051 5885 2210 5938 benc-

2315 4693 2457 4764 ὑπὲρ
2504 4689 2818 4762 αἱρετικῶν,
2860 4687 2955 4741 καὶ
2993 4683 3304 4756 εὐεργετεῖν
3336 4678 3554 4742 αὐτοὺς,
3589 4674 3733 4730 τοῦτό
3759 4672 3844 4723 ἐστι

2313 4785 2602 4856 διόρθωσις
2631 4780 2863 4852 ἀληθής.

2385 4989 2486 5034 κς.
2523 4971 2647 5022 ’Ὁτι
2686 4967 2767 5020 δεῖ
2807 4964 3008 5034 μᾶλλον
3061 4959 3463 5033 ύπερεύχεσθαι
3507 4954 3614 5008 τῶν
3654 4944 3840 5005 ἀσεϐῶν,

2314 5063 2609 5135 αἱρετικῶν
2627 5078 2707 5125 τε,
2742 5059 2836 5112 καὶ
2876 5056 3166 5126 Ἑλλήνων,
3201 5053 3298 5108 καὶ
3334 5051 3550 5106 πάντων
3577 5047 3678 5099 τῶν
3702 5043 3841 5135 ἁμαρ.

2315 5127 2523 5220 τωλῶν,
2594 5155 2688 5206 καὶ
2761 5151 2835 5222 μὴ
2903 5145 3218 5218 ἐπαρᾶσθαι
3285 5145 3492 5203 αὐτοῖς.
3551 5136 3714 5192 Τοῦτο
3763 5127 3840 5222 γᾷρ

2316 5245 2622 5311 ποιοῦντες,
2675 5241 2906 5305 ἑαυτούς
2949 5257 3009 5292 τε
3037 5235 3456 5309 εύεργετοῦμεν,
3497 5233 3589 5285 καὶ
3630 5229 3712 5282 τὸν
3745 5224 3841 5275 Θετιν

2320 5338 2673 5410 μιμούμεθαο
2724 5335 2818 5388 καὶ
2856 5337 2938 5389 ὅτι
2972 5333 3033 5385 ού
3073 5331 3155 5383 δεῖ
3206 5327 3464 5399 εῧὶίεσθαι
3504 5324 3641 5418 ὑπὲρ
3679 5320 3840 5418 “19.5w

2315 5429 2428 5483 κῶν
2458 5427 2928 5498 τελευτησάντων,
2953 5422 3072 5476 ἀλλ’
3103 5419 3182 5473 ἔτι
3215 5418 3435 5484 ζώντων
3457 5415 3562 5487 χρὴ
3593 5415 3840 5480 ύπερεῡλε·

2318 5522 2460 5582 σθαι,
2493 5522 2642 5582 ὅπως
2672 5519 2746 5588 δῖ)
2779 5518 2963 5580 αὐτοῖς
3015 5515 3307 5585 μετάνοιαν
3333 5512 3360 5564 ὁ
3391 5510 3521 5572 Θεὸς
3557 5510 3633 5570 εἰς
3666 5503 3717 5555 τὸ
3751 5499 3840 5592 ἑξε-

2321 5609 2551 5680 στρέψ;ι
2581 5606 2689 5660 ἀπὸ
2735 5607 2832 5672 τῆς
2865 5605 3097 5674 πλάνης,
3130 5601 3225 5654 καὶ
3255 5599 3397 5654 κατὰ
3431 5598 3561 5650 Θεὸν
3585 5595 3694 5664 ζῆν’
3723 5596 3840 5639 τουτθ

2323 5705 2425 5773 γὰρ
2455 5704 2480 5755 ὁ
2506 5701 2638 5764 Θεὸς
2671 5698 2837 5752 θέλει.
3742 5770 3751 5778 ι
3817 5763 3824 5778 ι

2389 5770 2491 5853 λεξ-
2539 5791 2730 5851 Ὂπως
2760 5787 2867 5860 χρὴ
2897 5785 2994 5859 τὴν
3042 5783 3418 5856 ἐλεημοσύνην
3463 5782 3654 5842 ποιεῖν,
3683 5770 3760 5829 καὶ

2323 5884 2627 5952 σαλπίζειν,
2673 5881 2864 5950 ὥσπερ
2893 5882 2939 5934 oi
2986 5875 3281 5939 ὑποκριταί
3310 5891 3324 5907 ⁸
3364 5875 3456 5930 καὶ
3508 5875 3586 5926 ὅτι
3636 5866 3837 5940 κρεῖσσον
