4032 6460
440 439 577 502 1369

1141 441 1905 509 INTERPRETATIONES
1949 449 2393 511 DIVINORUM
2435 452 2997 516 MANDATORUM.

3557 459 3696 524 13ῗο

433 556 582 608 ἐστιν
611 553 964 623 ἀγαθοποιεῖν
1007 571 1154 620 τινα,
1201 557 1305 610 κᾶν
1353 559 1519 628 μήπω
1548 559 1752 622 τέλειος
1892 563 2004 616 ἀλλ’

2115 563 2294 619 facere
2329 565 2512 630 alicui,
2551 575 2604 620 et
2657 567 2702 622 si
2743 568 2990 622 nondum
3045 569 3316 637 perfectus
3348 559 3454 638 sit;
3483 576 3574 628 sed
3607 583 3692 629 est

433 647 578 700 ἔστιν
646 647 752 700 ὑπὸ
810 646 1118 711 κενοδοξίας
1179 647 1456 711 ἕλκεσθαι,
1521 649 1554 718 ἢ
1625 649 1851 720 ἀμελεῖν
1912 653 2010 722 τῆς

433 737 626 790 ἑαυτοῦ
673 739 970 808 σωτηρίας,
1021 741 1118 794 καὶ
1169 742 1370 812 μᾶλλον
1409 743 1541 798 ὅταν
1585 745 1680 798 καὶ
1723 745 1928 817 ἑτέροις
1975 749 2008 818 ἡ

432 830 668 896 ὠφέλεια
692 831 1025 902 χρησιμεύῃ.

502 922 608 992 κη’.
641 923 774 992 Περὶ
805 924 1136 994 προσευχῆς,
1170 925 1264 976 καὶ
1295 923 1412 988 πῶς
1448 927 1555 997 χρὴ
1592 925 1848 997 εὔχεσθαι
1869 946 1882 960 ·
1916 929 2010 982 καὶ

435 1015 512 1068 ὅτι
545 1013 624 1083 τῷ
653 1016 877 1085 νήφοντι
901 1015 1124 1068 δυνατόν
1164 1020 1312 1068 ἐστιν
1343 1020 1401 1070 ἐν
1437 1021 1600 1072 παντὶ
1633 1021 1780 1090 τόπῳ
1826 1021 1919 1074 καὶ
1953 1023 2008 1072 ὲν

439 1106 595 1160 παντὶ
626 1106 773 1174 ἔργῳ
803 1107 1034 1158 πάντοτε
1059 1107 1424 1170 ἀδιαλείπτως
1451 1109 1850 1179 προσεύχεσθαι
1871 1127 1885 1140 ⁸
1915 1111 2009 1164 καὶ

431 1199 510 1252 ὅτι
559 1199 650 1251 τὸν
729 1199 916 1262 κακῶς
963 1201 1296 1269 πράττοντα,
1349 1203 1444 1254 καὶ
1488 1203 1699 1270 πατέρα
1738 1202 2010 1256 καλοῦντα

428 1291 521 1342 τὸν
571 1290 705 1342 Θεὸν
745 1293 804 1342 ἐν
834 1294 900 1360 τῇ
947 1291 1101 1361 εὐχῇ,
1133 1294 1159 1344 ὀ
1212 1293 1570 1362 καταχθόνιος
1608 1296 1636 1346 ό
1673 1295 1782 1346 τῶν
1823 1295 2008 1348 κακῶν

427 1383 761 1453 δημιουργὸς
814 1381 931 1434 υἱὸν
1011 1385 1296 1453 κέκτηται,
1368 1385 1462 1436 καὶ
1553 1384 1735 1455 πατὴρ
1799 1385 2006 1438 ἐκείνου

427 1475 596 1526 ἐστίν.

499 1566 601 1619 κθ⁶.
633 1566 813 1628 Τύπος
851 1565 1184 1635 προσευχῆς,
1203 1565 1300 1618 καὶ
1322 1565 1566 1636 διαγωγὴ
1596 1566 1964 1638 ἀναχωρητῶν
1991 1583 2003 1597 ·

429 1655 523 1710 καὶ
574 1656 657 1708 ὅτι
701 1656 1026 1726 ἀνάρμοστα
1067 1656 1278 1718 τούτοις
1311 1657 1380 1710 τὰ
1430 1659 1488 1708 ὲν
1525 1659 1646 1720 ταῖς
1689 1657 2006 1727 ἐκκλησίαις

428 1747 763 1818 ψαλλόμενα,
791 1747 902 1800 είτε
935 1743 1079 1816 ἦχοι,
1115 1747 1224 1799 εἴτε
1249 1750 1524 1817 τροπάρια
1551 1765 1564 1778 ·
1608 1749 1700 1800 καὶ
1727 1750 1810 1802 ὅτι
1840 1749 2006 1818 όδίχα

428 1839 762 1908 χειροτονίας
808 1842 924 1902 τοῖς
971 1839 1233 1901 τοιούτοις
1269 1840 1560 1910 ἐγχειρῶν,
1604 1841 1894 1893 ὑπόκειται
1927 1841 2004 1910 τῷ

431 1929 766 1999 ἐγκλήματι.

499 2018 562 2072 λ’.
595 2020 777 2082 Τύπος
808 2020 1116 2089 προσευχῆς
1146 2022 1258 2082 τοῖς
1284 2021 1342 2073 ἐν
1367 2018 1606 2090 συνοδίᾳ,
1638 2020 1732 2072 καὶ
1757 2019 2001 2091 διαγωγῇ

424 2111 533 2164 τῶν
560 2113 617 2162 ὲν
659 2110 982 2180 ἐκκλησίαις
1019 2113 1404 2182 συναγομένων
1427 2128 1439 2142 ·
1469 2112 1566 2166 καὶ
1592 2113 1674 2165 ὅτι
1706 2113 1804 2182 οὐχ
1835 2115 2006 2182 apud—

426 2203 510 2265 ζει
547 2205 663 2265 τοῖς
713 2205 1106 2274 συναγομένοις
1151 2203 1220 2256 τὰ
1265 2203 1375 2256 τῶν
1415 2204 1786 2274 ἀναχωρητῶν
1837 2205 2005 2274 πράτ-

425 2311 568 2359 τειν,
597 2295 672 2357 ὡς
703 2296 824 2347 οὐδὲ
848 2297 1080 2359 ἐκείνοις
1105 2296 1176 2350 τὰ
1205 2295 1435 2362 τούτων,
1469 2296 1604 2351 ἀλλὰ
1634 2298 1776 2349 κατὰ
1797 2296 2004 2350 δίκαιον

424 2386 589 2454 λόγον
637 2391 702 2458 τῇ
753 2387 1048 2458 ψαλμῳδίξι
1127 2387 1452 2458 κεχρῆσθαι,
1505 2387 1581 2458 μὴ
1636 2389 1819 2458 μέντοι
1869 2389 2006 2458 προς

422 2479 672 2550 κραυγὴν
705 2479 1063 2543 ἐκϐιάζεσθαι
1098 2479 1196 2550 τὴν
1236 2479 1420 2548 φύσιν,
1461 2481 1598 2534 ἀλλὰ
1641 2480 1876 2550 σεμνῶς,
1914 2483 2008 2534 καὶ

423 2570 564 2622 κατᾶ
611 2571 679 2624 τὰ
731 2569 852 2624 θεῖα
898 2571 1056 2640 λόγια
1091 2571 1374 2634 εὐλαϐῶς·
1431 2572 1524 2624 καὶ
1571 2573 1654 2625 ὅτι
1713 2573 1839 2633 τοὺς
1901 2575 2000 2642 μὲν

425 2662 593 2732 ἱερεῖς
619 2663 920 2732 ψάλλοντας
947 2665 1216 2726 ἀνοίκεια,
1243 2665 1338 2718 καὶ
1365 2666 1441 2735 μὴ
1471 2665 1831 2733 τετυπωμένα
1858 2664 2010 2735 παρὰ

424 2751 534 2804 τῶν
581 2752 743 2804 θείων
773 2754 1058 2824 Πατέρων,
1090 2754 1123 2824 ἦ
1157 2753 1636 2818 ἀναγινώσκοντας
1673 2756 1760 2806 ἐπ’
1803 2756 2006 2822 ἐκκλη-

427 2842 573 2906 σίας,
611 2843 662 2896 οἱ
693 2845 827 2896 θεῖοι
869 2845 1093 2908 κανόνες
1140 2845 1486 2915 καθαιροῦσι,
1534 2847 1658 2908 τοὺς
1705 2846 1760 2896 δὲ
1790 2845 2006 2907 λοιποὺς

421 2934 887 3002 ἀναθεματίζουσι
911 2953 926 2967 ·
959 2938 1054 2992 καὶ
1085 2937 1166 2991 ὅτι
1200 2938 1260 2990 οὐ
1301 2937 1407 3008 χρὴ
1451 2939 1509 2989 ὲν
1542 2939 1702 2990 παντὶ
1733 2937 1885 3006 τόπῳ
1913 2938 2008 3006 τὴν

423 3025 578 3078 Θείαν
621 3028 996 3098 προσκομιδὴν
1042 3029 1286 3082 ἐκτελεῖν
1315 3047 1326 3057 ·
1367 3031 1462 3082 καὶ
1491 3031 1572 3082 ὅτι
1601 3029 1661 3081 ού
1697 3029 1802 3098 χρὴ
1840 3047 2008 3082 κατα-

425 3120 644 3186 φρονεῖν
678 3119 786 3172 τῶν
837 3120 1134 3187 συνάξεων,
1190 3121 1284 3174 καὶ
1335 3125 1506 3192 χωρὶς
1551 3121 1775 3188 εὐλόγου
1825 3121 2006 3180 αἰτίας

422 3209 926 3279 ἀπολιμπάνεσθαι.

2116 671 2144 708 a
2175 671 2311 710 vana
2347 657 2520 725 gloria
2570 659 2796 720 attrahi,
2829 668 2884 714 et
2925 661 3198 730 negligere
3231 677 3388 715 suam
3434 664 3690 732 salutem,

2113 757 2166 803 et
2207 751 2508 819 praesertim
2534 753 2751 820 quando
2782 753 2904 808 aliis
2938 755 3144 810 utilitas
3179 755 3466 824 profuerit.

2181 930 2270 984 28.
2315 929 2388 984 De
2433 931 2680 984 oratione
2723 940 2775 984 et
2823 933 3099 1000 quomodo
3153 943 3368 1002 oportet
3413 945 3696 990 orarezet

2110 1023 2255 1089 quod
2279 1022 2521 1092 vigilanti
2553 1023 2814 1090 possibile
2842 1033 2926 1078 est
2959 1025 3010 1076 in
3031 1026 3181 1079 omni
3219 1027 3430 1090 loco,et
3461 1027 3514 1080 in
3543 1027 3692 1080 omni

2112 1129 2275 1182 opere
2321 1116 2518 1184 ubique
2567 1115 2688 1169 sine
2742 1117 3148 1172 intermissione
3181 1134 3378 1183 orare;
3435 1128 3491 1172 et
3547 1120 3694 1188 quod

2111 1207 2253 1260 male
2285 1218 2556 1274 agentem.
2592 1219 2645 1262 et
2695 1220 2905 1276 patrem
2941 1219 3223 1263 vocantem
3271 1209 3440 1262 Deum
3471 1212 3526 1263 in
3567 1227 3694 1262 ora-

2113 1297 2278 1360 tione,
2327 1298 2718 1354 subterraneus
2773 1300 3045 1354 malorum
3107 1310 3298 1356 auctor
3341 1301 3512 1354 ﬁlium
3549 1301 3693 1355 obti-

2112 1396 2222 1449 net,
2251 1397 2304 1440 et
2345 1388 2488 1442 illius
2521 1398 2674 1456 pater
2713 1400 2820 1444 est.

2176 1561 2267 1616 29.
2303 1561 2503 1630 Regula
2519 1563 2802 1628 orationis,
2825 1573 2878 1616 et
2902 1565 3170 1618 institutio
3191 1565 3644 1620 anaehoretarum
3674 1586 3688 1619 :

2108 1662 2161 1705 et
2193 1655 2336 1722 quod
2372 1653 2739 1708 discordantia
2763 1655 2830 1708 ab
2858 1654 2963 1710 illis
2993 1672 3114 1724 qua:
3159 1657 3212 1709 in
3257 1658 3507 1712 ccclesiis
3551 1660 3694 1726 psal-

2107 1744 2316 1808 luntur,
2360 1747 2474 1800 sive
2501 1745 2708 1817 hymni,
2735 1747 2848 1800 sive
2887 1748 3126 1816 troparia
3150 1790 3164 1814 ,
3193 1758 3245 1802 et
3279 1750 3420 1817 quod
3467 1750 3556 1802 ille
3599 1754 3692 1819 qui

2109 1839 2228 1892 sine
2274 1839 2618 1893 ordinatione
2667 1838 2865 1893 talibus
2923 1855 2982 1893 se
3066 1839 3339 1894 immiscet
3406 1841 3694 1909 subjicitur

2044 1931 2082 1984 Β
2109 1929 2298 1998 culpae.

2179 2017 2268 2071 '50.
2297 2017 2495 2086 Regula
2537 2019 2802 2073 orationis
2835 2019 2919 2072 his
2945 2019 3038 2088 qui
3078 2019 3130 2072 in
3186 2028 3456 2074 concentu
3486 2029 3537 2074 ct
3565 2037 3696 2074 con-

2105 2109 2391 2164 srtetudine
2421 2119 2548 2164 sunt
2573 2121 3022 2178 congregatornm
3054 2109 3104 2163 in
3138 2111 3384 2166 ecclesiis
3431 2121 3515 2166 :ct
3547 2114 3692 2182 quod

2107 2214 2215 2252 non
2250 2199 2503 2253 convenit
2539 2201 2884 2268 congregatis
2917 2215 3040 2268 qua!
3069 2209 3198 2255 sunt
3231 2203 3690 2256 anachoretarum

2107 2287 2309 2351 facere,
2349 2299 2406 2342 ut
2441 2290 2524 2342 his
2560 2307 2664 2342 non
2694 2292 3326 2361 convenitqureillornni
3350 2301 3478 2346 sunt
3503 2311 3690 2364 agere,

2107 2380 2199 2436 sed
2236 2381 2532 2434 secundum
2562 2381 2765 2446 justam
2803 2383 3066 2437 rationem
3099 2383 3401 2452 p3almodia
3441 2385 3539 2444 uti,
3582 2401 3690 2437 non

2109 2480 2288 2525 tamen
2315 2472 2380 2525 ad
2417 2473 2687 2528 clamores
2715 2483 2924 2527 natura:
2959 2475 3274 2528 violentiam
3303 2473 3575 2538 faciendo,
3596 2476 3692 2528 sed

2108 2559 2384 2625 decenter,
2407 2571 2460 2614 ct
2483 2563 2566 2629 pie
2588 2564 2892 2616 secundum
2920 2563 3100 2617 divina
3135 2574 3439 2632 praecepta;
3473 2574 3525 2617 ct
3545 2565 3692 2633 quod

2109 2653 2422 2706 sacerdotes
2453 2655 2672 2721 quidem
2703 2655 2993 2722 psallentes
3039 2656 3251 2708 insueta
3277 2695 3290 2717 ,
3322 2665 3376 2708 et
3413 2671 3534 2726 quae
3585 2673 3694 2708 non

2109 2753 2238 2797 sunt
2268 2745 2516 2798 instituta
2571 2761 2598 2799 a
2634 2748 2840 2800 sanctis
2890 2747 3166 2812 Pan-ibus,
3218 2748 3300 2802 vel
3335 2749 3576 2816 legentes
3638 2748 3691 2802 in

2108 2835 2378 2898 ccclesiis,
2408 2835 2576 2889 divini
2624 2853 2862 2892 canones
2899 2839 3214 2908 deponunt,
3248 2847 3474 2894 caeteros
3509 2847 3694 2892 autem

2111 2927 2615 2994 anathematizant;
2648 2939 2702 2982 et
2742 2931 2884 2994 quod
2935 2946 3041 2983 non
3075 2939 3290 2999 oportet
3317 2930 3368 2983 in
3390 2930 3538 2984 omni
3573 2929 3693 2984 loco

2110 3017 2351 3072 divinum
2375 3019 2582 3072 cultum
2613 3036 2870 3091 peragere
2897 3031 2984 3087 ;et
3006 3022 3150 3092 quod
3187 3038 3296 3076 non
3321 3031 3535 3090 Oportet
3559 3038 3694 3077 con-

2112 3121 2354 3164 temnere
2405 3113 2856 3182 congregationes
2912 3123 2966 3168 et
3014 3115 3132 3169 sine
3169 3113 3478 3168 rationabili
3525 3129 3694 3168 eausa

2111 3206 2386 3260 omittere.

499 3303 602 3353 λα’.
653 3301 789 3370 Περὶ
831 3301 939 3354 τῶν
974 3301 1113 3372 μετᾶ
1157 3303 1320 3372 εὐχῆς
1368 3304 1426 3354 ἐν
1457 3301 1561 3373 ὀδῷ
1603 3302 1913 3367 ὁδευόντων,
1973 3302 2004 3371 ἢ

2179 3297 2266 3351 51.
2295 3297 2368 3350 De
2397 3297 2480 3350 his
2509 3298 2600 3366 qui
2636 3313 2760 3352 cum
2813 3297 3060 3352 oratione
3103 3299 3204 3352 iter
3237 3299 3564 3368 suscipiunt,
3598 3311 3694 3354 aut

425 3389 599 3460 ἑτέρῳ
655 3393 960 3463 οἱῳδήποτε
1035 3393 1332 3464 πειρασμῷ
1382 3395 1850 3464 περιπιπτόντων·
1912 3394 2010 3446 καὶ

427 3483 506 3534 ὅτι
547 3483 608 3536 οὐ
642 3483 722 3535 δεῖ
771 3485 910 3554 μόνῃ
939 3488 1004 3555 τῇ
1055 3487 1190 3556 εὐχῇ
1227 3486 1474 3557 θαρρεῖν,
1521 3487 1612 3538 καὶ
1663 3503 2006 3556 καταφρονη-

425 3574 594 3637 τικῶς
629 3576 964 3641 διακεῖσθαι,
1011 3577 1115 3630 κᾶν
1147 3575 1298 3646 ἅγιος
1417 3578 1445 3630 ὁ
1478 3577 1618 3648 ὑπὲρ
1649 3576 1814 3631 αὐτοῦ
1858 3577 2008 3646 εὐχόο

431 3681 619 3734 μενος,
669 3667 807 3719 ἀλλὰ
845 3668 942 3720 καὶ
990 3669 1090 3740 τὴν
1131 3670 1259 3739 παρ’
1304 3668 1498 3721 ἑαυτοῦ
1548 3670 1732 3722 πᾶσαν
1769 3667 2006 3738 σπουδὴν

429 3759 751 3828 εἰσφέρειν·
805 3759 902 3813 καὶ
955 3761 1036 3812 ὅτι
1089 3761 1196 3832 χρὴ
1249 3761 1342 3814 τὶν
1399 3762 1706 3832 πειρασμόν
1759 3759 2004 3829 φεύγειν,

425 3850 556 3902 ὅταν
585 3849 832 3912 κίνδυνος
861 3849 1091 3921 ψυχικὸς
1126 3850 1184 3918 ἐξ
1231 3852 1396 3904 αὑτοῦ
1435 3853 1828 3923 προσδοκᾶται,
1857 3848 1951 3902 καὶ
1979 3850 2007 3901 ὁ

427 3941 506 4010 μὴ
540 3941 712 4002 οὕτως
759 3941 927 3994 ποιῶν
974 3943 1260 3996 ὑπόκειται
1294 3943 1370 4014 τῷ
1407 3944 1755 4014 ἐγκλήματι·
1793 3940 1888 3994 καὶ
1923 3941 2007 3994 ὅτι

425 4033 581 4094 ἐλπὶς
624 4033 829 4102 ματαία
871 4033 1040 4100 ἐστὶν,
1089 4035 1217 4087 ὅταν
1268 4034 1342 4105 μὴ
1385 4033 1884 4102 προαγωνιζόμεθα
1913 4032 2006 4086 ἐπὶ

425 4125 504 4193 τῷ
541 4125 686 4194 ἔργῳ
725 4125 817 4177 τοῦ
865 4125 1000 4178 Θεοῦ
1025 4143 1037 4157 ·
1077 4127 1170 4178 καὶ
1216 4127 1344 4196 περὶ
1373 4127 1638 4197 διαφορᾶς
1683 4123 2002 4194 μαρτύρων,

427 4217 522 4270 καὶ
565 4217 918 4288 ὁμολογητῶν
947 4236 960 4248 ·
1003 4219 1098 4272 καὶ
1139 4219 1220 4271 ὅτι
1251 4218 1354 4271 κᾶν
1387 4218 1524 4288 ἀθλῇ
1561 4236 1663 4283 τις,
1699 4220 1760 4272 οὐ
1802 4236 2004 4287 στεφα-

425 4311 613 4363 νοῦται
665 4311 758 4364 ἐὰν
820 4311 894 4379 μὴ
941 4311 1188 4381 νομίμως
1240 4311 1469 4382 ἀθλήσῃ,
1517 4312 1658 4363 κατὰ.
1701 4311 1792 4363 τὸν
1859 4310 2002 4364 θεῖον

424 4401 667 4469 δηλονότι
720 4401 1044 4454 ’Λπόστολον
1070 4419 1083 4432 ·
1131 4403 1226 4454 καὶ
1254 4404 1336 4456 ὅτι
1366 4403 1415 4454 οἱ
1456 4402 1820 4471 φυλάσσοντες
1861 4402 2004 4471 ἅπερ

423 4494 802 4562 ὡμολόγησαν,
834 4495 864 4564 ἢ
898 4497 952 4547 ἐν
981 4495 1058 4564 τῷ
1103 4494 1234 4564 θείῳ
1259 4495 1616 4564 βαπτίσματι,
1657 4495 1692 4563 ἢ
1719 4495 1776 4546 ἐν
1803 4497 1866 4564 τῇ
1904 4511 2002 4564 μο-

425 4585 617 4656 ναδικῇ
646 4586 912 4655 πολιτείᾳ,
943 4585 1272 4654 ὀμολογηταὶ
1301 4585 1610 4640 καλοῦνται.

494 4677 594 4747 λβ’.
629 4679 751 4732 ’Ότι
793 4680 821 4731 ὁ
865 4678 1030 4747 εὐχὴν
1078 4679 1228 4747 παρά
1257 4695 1416 4730 τινων
1449 4677 1722 4748 ἐπιζητῶν
1755 4677 1917 4740 αὐτὸς
1945 4676 2002 4729 δὲ

425 4767 663 4836 ἀμελῶν,
696 4767 848 4821 οὐδὲν
876 4767 1189 4837 ὠφελεῖται,
1220 4766 1323 4822 κᾶν
1355 4767 1510 4836 ἆγιος
1606 4771 1633 4821 ὁ
1663 4769 1958 4840 εὐχόμενος
1985 4785 1998 4798 ·

425 4861 522 4911 καὶ
551 4859 634 4911 ὅτι
667 4859 714 4910 οἱ
761 4859 835 4929 μὴ
885 4858 1088 4924 καλῶς,
1123 4861 1216 4912 καὶ
1261 4860 1381 4912 κατ’
1409 4861 1566 4924 ἀξίαν
1609 4860 1871 4930 βιοῦντες,
1902 4862 2004 4912 ούκ

423 4948 760 5016 ὠφελοῦνται
809 4953 876 5003 ἐκ
922 4951 1016 5003 τοῦ
1071 4951 1230 5020 ἁγίου
1283 4950 1683 5022 βαπτίσματος,
1739 4950 2002 5013 ὡσαύτως

425 5041 546 5093 οὐδὲ
573 5043 620 5094 οί
653 5043 880 5112 μοναχοὶ
914 5044 1010 5096 ἐὰν
1044 5043 1118 5114 μὴ
1143 5043 1263 5098 κατ’
1287 5045 1444 5110 ἀξίαν
1470 5045 1564 5098 τοῦ
1595 5045 1874 5114 σχήματος
1909 5061 2004 5096 πο-

425 5131 784 5200 λιτεύσαιντο,
814 5135 987 5198 οὕτως
1025 5138 1120 5189 καὶ
1151 5136 1206 5190 οῖ
1239 5155 1394 5199 τινας
1440 5135 1854 5206 ἰδιοποιούμενοι
1895 5135 2002 5188 τῶν

427 5230 594 5294 ἁγίων
639 5228 740 5280 οὐκ
785 5227 1232 5298 ὠφεληθήσονται
1279 5228 1439 5281 πλέον
1483 5228 1590 5280 τῶν
1657 5229 1858 5292 ἄλλων,
1910 5229 2004 5281 καὶ

427 5321 875 5390 κολασθήσονται,
915 5321 962 5372 oi
1007 5320 1106 5389 μὲν
1148 5321 1330 5372 πιστοὶ
1361 5321 1543 5372 πλεῖον
1586 5319 1694 5373 τῶν
1733 5320 1998 5383 ἀπίστων,

424 5415 472 5465 οἱ
531 5413 588 5465 δὲ
657 5414 881 5483 μοναχοὶ
933 5413 1116 5466 πλεῖον
1179 5411 1289 5464 τῶν
1347 5413 1487 5464 κατὰ
1544 5412 1773 5481 κόσμου,
1836 5413 1886 5464 οἱ
1943 5411 2000 5462 δὲ

429 5505 846 5576 ἰδιοποιούμενοι
899 5521 1052 5568 τινας
1105 5503 1288 5557 πλεῖον
1321 5503 1428 5557 τῶν
1459 5506 1534 5575 μὴ
1590 5505 1809 5557 εἰδότων
1849 5505 2002 5571 παρά

425 5597 584 5650 τινών
645 5616 700 5651 τι
737 5597 980 5666 ἀγαθόν·
1025 5598 1107 5652 ὅτι
1153 5597 1408 5668 ἀφορμὴν
1465 5595 1739 5668 σωτηρίας
1786 5595 2001 5666 ἔχοντες

425 5683 569 5742 οὗτοι
624 5691 848 5756 πάντες,
899 5693 968 5761 τῇ
1013 5689 1224 5744 ἑαυτῶν
1269 5689 1587 5760 ἀπροσεξίᾳ,
1648 5689 1745 5742 καὶ
1782 5690 1850 5759 τῇ
1903 5704 2002 5741 πο-

427 5780 566 5848 νηρᾷ
613 5781 954 5852 προαιρέσει,
993 5782 1219 5843 ἑαυτοὺς
1267 5784 1332 5851 τῇ
1366 5779 1586 5834 κολάσει
1635 5779 1997 5848 παρέδωκαν·

431 5875 522 5928 καὶ
567 5874 649 5928 ὅτι
692 5874 870 5938 ὀλίγος
898 5875 1016 5928 λίαν
1047 5875 1164 5928 ἐστὶ
1192 5873 1298 5927 τῶν
1331 5872 1656 5938 σωζομένων
1689 5873 1718 5924 ὁ
1744 5871 1997 5939 ἀριθμὸς,

2108 3387 2209 3441 alia
2239 3389 2604 3458 qualicunque
2642 3390 2938 3442 tentatiortc
2975 3401 3296 3444 versantur:
3322 3399 3375 3444 et
3405 3392 3546 3460 quod
3583 3407 3691 3446 non

2109 3487 2325 3548 oportet
2358 3479 2474 3536 sola
2517 3480 2570 3533 in
2607 3481 2857 3534 oratione
2901 3480 3196 3544 confidere,
3229 3489 3282 3534 et
3323 3485 3562 3552 segniter
3589 3483 3687 3536 im-

2109 3573 2333 3638 morari,
2361 3573 2458 3626 etsi
2478 3581 2700 3628 sanctus
2738 3573 2903 3626 l'uerlt
2935 3574 3026 3640 qui
3061 3589 3160 3642 pro
3195 3589 3256 3628 se
3303 3574 3564 3636 oraverit,
3597 3575 3690 3628 sed

2107 3663 2270 3717 etiam
2297 3679 2514 3718 omnem
2537 3680 2603 3718 ex
2638 3681 2694 3718 se
2723 3663 2988 3717 fervorem
3025 3661 3218 3718 afferre
3247 3679 3469 3718 necesse
3491 3674 3611 3730 est;
3638 3675 3694 3720 et

2108 3754 2251 3822 quod
2295 3763 2512 3823 opertet
2563 3756 2916 3810 tentationcm
2951 3754 3170 3825 fugere,
3213 3756 3435 3824 quando
3477 3757 3696 3825 perieu—

2109 3845 2222 3900 lum
2256 3846 2541 3915 spirituale
2576 3863 2642 3901 ex
2680 3847 2782 3901 hac
2828 3846 3026 3910 oritur,
3067 3855 3120 3901 et
3167 3848 3258 3917 qui
3314 3862 3422 3902 non
3473 3848 3545 3901 ita
3583 3851 3694 3918 agit

2107 3934 2395 4004 subjicitur
2417 3937 2618 4005 culpae;
2639 3946 2692 3992 et
2721 3937 2865 4005 quod
2890 3953 3012 4005 spes
3041 3953 3174 3990 vana
3206 3945 3310 4001 est,
3336 3937 3556 4007 quando
3585 3955 3690 3992 non

2111 4033 2205 4088 toti
2273 4033 2641 4088 incumbimus
2699 4033 2765 4086 ad
2801 4050 2938 4100 opus
2988 4035 3112 4102 Dei;
3163 4045 3217 4090 et
3267 4036 3334 4091 de
3385 4035 3692 4090 ditl‘ercntia

2108 4132 2405 4194 martyrum
2443 4135 2496 4178 et
2525 4125 2942 4194 Confessorum;
2980 4135 3033 4178 et
3077 4126 3220 4194 quod
3258 4127 3302 4181 si
3342 4127 3466 4195 quis
3516 4135 3692 4180 certa-

2107 4216 2264 4278 verit,
2292 4231 2400 4268 non
2461 4227 2760 4270 coronatur
2797 4217 2900 4269 nisi
2956 4217 3195 4286 legitime
3251 4220 3562 4278 certaverit,
3608 4234 3693 4272 se-

2107 4306 2344 4362 candum
2396 4306 2564 4360 divini
2619 4307 2860 4375 Apostoli
2899 4309 3201 4362 evidentem
3259 4310 3602 4374 doctrinam;
3639 4319 3693 4364 et

2105 4399 2250 4466 quod
2277 4399 2328 4452 hi
2361 4400 2454 4468 qui
2485 4411 2705 4454 servant
2738 4415 2860 4468 qua:
2887 4399 3121 4454 confessi
3156 4402 3404 4465 sunt,vel
3431 4403 3482 4454 in
3507 4401 3692 4456 divino

2105 4491 2451 4560 baptismate,
2493 4493 2572 4546 vel
2600 4492 2652 4545 in
2703 4494 3008 4549 monastica
3049 4491 3431 4558 institutione,
3471 4493 3692 4548 confes-

2107 4599 2259 4638 sores
2293 4597 2580 4637 VOCilllllil'.

2178 4675 2267 4728 5‘2.
2295 4674 2448 4740 Quod
2479 4676 2566 4730 ille
2603 4677 2694 4744 qui
2726 4677 3030 4731 orationem
3058 4676 3129 4730 ab
3154 4675 3430 4745 aliquibus
3461 4676 3686 4746 expetit,

2107 4764 2224 4834 ipse
2259 4775 2439 4819 autem
2477 4767 2702 4820 minime
2735 4778 2930 4833 curat,
2984 4767 3118 4822 nihil
3149 4767 3404 4822 utilitatis
3440 4768 3687 4838 percipit,

2106 4859 2269 4912 etiam
2306 4859 2348 4912 si
2383 4868 2606 4914 sanctus
2631 4860 2701 4914 sit
2744 4861 2836 4930 qui
2867 4871 2990 4916 orat
3019 4880 3034 4916 :
3065 4869 3120 4916 et
3164 4861 3310 4930 quod
3348 4861 3422 4914 illi
3458 4861 3550 4931 qui
3585 4877 3689 4914 non

2109 4963 2255 5008 recte
2285 4971 2382 5009 nec
2417 4955 2550 5009 bene
2589 4957 2798 5017 vivunt,
2823 4957 3022 5008 nullam
3061 4955 3350 5010 utilitatem
3385 4953 3692 5022 percipiunt

2107 5060 2135 5097 c
2168 5054 2356 5097 sancto
2391 5044 2740 5108 baptismate,
2773 5045 3238 5113 quemmhnodnm
3293 5044 3498 5098 nullam
3521 5043 3688 5096 etiant

2109 5138 2384 5200 monachi,
2422 5138 2522 5190 nisi
2561 5138 2862 5192 secundum
2918 5147 3096 5190 status
3133 5137 3521 5206 obligationem
3557 5151 3690 5188 con-

2107 5228 2308 5282 versati
2339 5229 2467 5292 sint,
2515 5230 2586 5281 ita
2619 5229 2930 5298 quicunque
2981 5237 3201 5283 sanctos
3241 5228 3346 5281 sibi
3383 5227 3692 5280 attribuunt

2106 5337 2212 5375 non
2270 5323 2532 5388 majorem
2582 5337 2744 5390 quam
2797 5322 2890 5374 alii
2943 5321 3232 5374 utilitatem
3265 5320 3591 5389 percipit-nt,
3635 5331 3692 5370 et

2106 5413 2402 5482 punientur
2429 5451 2444 5474 ,
2481 5411 2667 5467 ﬁdeles
2718 5412 2937 5481 quidem
2997 5410 3172 5481 magis
3211 5425 3377 5478 quam
3422 5409 3690 5470 inﬁdeles,

2107 5505 2362 5560 tnonachi
2401 5518 2582 5558 autem
2617 5506 2790 5575 magis
2828 5520 2992 5573 quam
3027 5502 3328 5565 saecularis,
3357 5509 3412 5556 et
3456 5501 3548 5570 qui
3584 5501 3688 5555 sibi

2105 5600 2318 5668 aliquos
2353 5599 2658 5654 attribuunt
2691 5599 2861 5668 magis
2909 5613 3075 5668 quam
3125 5597 3200 5651 illi
3233 5596 3326 5668 qui
3359 5611 3468 5649 non
3523 5609 3688 5648 nove.

2105 5700 2236 5746 runt
2265 5691 2332 5744 ab
2362 5690 2634 5760 aliquibus
2666 5690 2966 5760 quidquam
2987 5688 3144 5754 boni;
3165 5687 3312 5758 quod
3337 5686 3686 5742 occasionem

2106 5781 2297 5837 Salutis
2347 5781 2608 5835 habentes
2645 5795 2838 5836 omnes
2885 5781 2999 5844 iSIi,
3037 5795 3136 5835 sua
3183 5777 3400 5834 incuria
3443 5785 3518 5832 cl-
3549 5779 3688 5830 mala

2107 5873 2429 5938 intentione,
2465 5889 2523 5928 se
2579 5871 2928 5940 eastigationi
2985 5878 3388 5945 exposuerunt;
3443 5877 3494 5924 et
3541 5867 3686 5938 quod
