4032 6406
383 385 510 450 1371

1227 391 1621 455 OPUSCULA
1657 394 2003 455 MORALIA
2045 397 2394 458 INCER'IVE
2436 402 2744 463 .ETATIS.

3511 396 3649 460 1372

379 525 580 578 paruis
606 508 900 564 admodum
935 518 1019 564 est
1055 510 1387 564 salvatorum
1421 529 1703 573 numerus.
1739 516 1882 568 sicut
1909 523 1958 566 et

2070 517 2249 580 καθὼς
2282 519 2376 572 καὶ
2411 521 2439 571 6
2468 521 2674 588 Κύριος
2704 518 3021 590 ἀπεφήνατο
3049 519 3246 585 λέγων,
3276 520 3362 572 ὅτι
3394 517 3646 580 πλατεῖα,

384 603 646 657 Dominus
682 604 919 657 ostendit
947 603 1155 665 dicens,
1188 603 1335 673 quod
1369 605 1475 658 lata
1519 615 1571 660 et
1602 608 1841 676 spatiosa
1872 609 1960 662 via

378 705 465 749 est
495 711 616 765 qua:
648 695 799 748 ducil
851 695 916 748 ad
953 695 1337 764 perditionem,
1371 704 1423 750 et
1483 698 1637 750 multi
1692 711 1819 752 sunt
1866 700 1958 768 qui

382 789 668 841 inveniunt
697 803 851 848 eam,
899 796 1048 841 arcta
1085 797 1266 841 autem
1312 798 1469 856 porta
1507 799 1561 843 et
1592 802 1820 856 angusta
1878 793 1960 846 via

380 897 503 948 quae
536 880 684 933 ducit
715 881 779 931 ad
818 880 1008 943 vitam,
1041 890 1092 934 et
1122 879 1286 934 Pauci
1341 889 1468 935 sunt
1493 884 1585 952 qui
1622 884 1830 938 intrant
1868 901 1962 954 per

380 991 498 1027 eam
530 990 545 1037 ;
577 983 629 1026 et
666 975 861 1027 iterum
885 974 1045 1038 dixit,
1078 974 1241 1030 Pauci
1271 988 1398 1030 sunt
1431 977 1524 1046 qui
1567 977 1876 1042 salvantur;
1908 987 1962 1032 et

380 1067 524 1134 quod
557 1067 629 1118 illi
661 1066 965 1134 quicontra
993 1067 1072 1122 fas
1093 1068 1279 1122 dicunt
1302 1069 1468 1122 Deum
1506 1070 1798 1138 benignum
1819 1086 1959 1136 esse,

378 1169 430 1210 et
474 1173 580 1210 non
613 1159 810 1226 punire
853 1175 1206 1227 quemquam,
1251 1161 1521 1229 imprimis
1565 1161 1960 1227 Christianum,

377 1260 428 1301 et
458 1249 578 1303 ideo
609 1259 892 1318 pet-catum
945 1266 1051 1304 non
1091 1252 1281 1304 volunt
1311 1268 1588 1318 amovere,
1639 1255 1732 1307 sed
1771 1270 1964 1309 secure

377 1341 682 1408 ambulant,
714 1343 1000 1397 Dominum
1037 1345 1352 1399 mendacem
1387 1355 1606 1401 vocant.

445 1523 537 1576 35.
572 1525 646 1578 De
712 1522 998 1578 voluntate
1051 1523 1301 1592 placendi
1357 1523 1672 1578 hominibus
1699 1532 1754 1578 et
1793 1525 1966 1594 hypo-

376 1614 507 1669 crisi
546 1639 554 1668 ;
592 1617 821 1684 etquod
858 1631 964 1668 non
1022 1625 1236 1683 oportet
1263 1615 1479 1670 studere
1521 1615 1586 1668 ad
1640 1615 1960 1684 placendum

381 1707 716 1771 hominibus,
760 1707 852 1762 sed
879 1706 1027 1772 Deo;
1075 1718 1128 1763 et
1169 1709 1312 1777 quod
1345 1709 1683 1778 propositum
1719 1710 1959 1778 exquirit

382 1795 524 1851 Deus
555 1814 620 1851 an
649 1800 1043 1868 propterillum
1078 1811 1260 1854 utrum
1300 1811 1523 1872 propter
1555 1802 1804 1856 homines
1828 1816 1959 1870 aga-

2067 611 2159 662 καὶ
2191 610 2502 680 εὐρύχωρσς
2534 612 2565 680 ἡ
2595 611 2765 680 ὁδοςή
2795 611 3086 677 ἀπάγουσα
3108 611 3184 673 είς
3209 609 3310 680 τὴν
3341 608 3646 671 ἀπώλειαν,

2066 698 2158 748 καὶ
2200 699 2383 749 πολλοί
2424 701 2560 750 εἰσιν
2593 701 2641 751 oi
2683 700 3032 768 εὑρίσκοντες
3075 700 3267 768 αὐτὴν,
3309 700 3471 770 στενὴ
3514 699 3568 753 δὲ
3614 703 3648 769 ἡ

2066 787 2233 854 πύλη,
2268 790 2360 840 καὶ
2400 789 2738 858 τεθλιμμένη
2788 792 2821 859 ἠ
2871 791 2988 853 ὁδὸς
3029 792 3059 859 ἡ
3092 792 3388 858 ἀπάγουσα
3421 793 3503 853 είς
3550 793 3649 860 τὴν

2065 879 2230 949 ζωὴν,
2271 881 2366 933 καὶ
2409 882 2613 947 Ὀλίγοι
2645 884 2783 934 εἰσὶν
2815 885 2863 934 οἱ
2909 885 3283 952 εἰσερχόμενοι
3319 883 3388 936 δι’
3429 883 3604 949 αὐτῆς
3631 900 3647 915 ο

2065 972 2159 1024 καὶ
2207 973 2367 1026 πάλιν
2396 975 2637 1042 εἴρηκεν,
2677 975 2876 1041 Ὀλίγοι
2915 978 2963 1027 oi
3007 975 3336 1044 σωζόμενοι·
3372 979 3465 1027 καὶ
3489 978 3566 1028 ὅτι
3599 977 3648 1028 οἱ

2069 1063 2143 1134 μὴ
2181 1066 2323 1117 κατὰ
2349 1067 2408 1118 τὸ
2436 1067 2674 1135 ἁρμόζον
2697 1068 2949 1134 λέγοντες
2976 1072 3065 1119 τὸν
3099 1068 3229 1118 Θεδν
3259 1068 3647 1138 φιλάνθρωπον

2067 1149 2228 1219 εἶναι,
2267 1155 2360 1208 καὶ
2397 1155 2470 1224 μὴ
2506 1155 2760 1220 κολάζειν
2785 1158 2926 1217 τινὰ,
2965 1158 3164 1226 μᾶλλον
3203 1159 3257 1210 δὲ
3294 1160 3644 1229 Χριστιανὸν,

2067 1246 2160 1297 καὶ
2189 1246 2253 1296 ἐκ
2298 1245 2490 1296 τούτου
2530 1245 2628 1313 τὴν
2677 1246 2953 1314 ἁμαρτίαν
3003 1247 3075 1316 μὴ
3122 1249 3434 1316 βουλόμενοι
3484 1250 3643 1300 ἐκκό-

2066 1351 2242 1395 πτειν,
2277 1335 2411 1388 ἀλλὰ
2439 1336 2609 1399 ἀδεῶς
2641 1337 3020 1406 πορευόμενοι,
3055 1339 3144 1390 τὸν
3170 1339 3376 1407 Κύριον
3401 1339 3649 1408 ψεύστην

2066 1424 2454 1478 ἀποκαλοῦσιν.

2136 1515 2234 1584 λγθ.
2265 1517 2400 1585 Περὶ
2435 1518 2950 1589 ἀνθρωπαρεσκίας,
2990 1519 3086 1572 καὶ
3121 1521 3464 1590 ὑποκρίσεως
3493 1539 3507 1552 ο
3551 1523 3649 1575 καὶ

2065 1608 2146 1660 ὅτι
2187 1611 2245 1661 οὗ
2296 1609 2376 1661 δεῖ
2435 1611 2800 1677 ἀγωνίζεσθαι
2855 1613 2990 1680 προς
3032 1615 3092 1665 τὸ
3123 1615 3379 1685 ἀρέσκειν
3424 1614 3644 1685 ἀνθρώ-

2066 1713 2207 1762 ποις,
2254 1700 2388 1751 ἀλλά
2433 1699 2510 1768 τῷ
2571 1699 2728 1768 Θεῷ·
2765 1702 2860 1754 καὶ
2905 1703 2982 1755 ὅτι
3032 1703 3122 1756 τὸν
3171 1705 3370 1757 σκοπὸν
3424 1704 3580 1774 ζητεῖ
3617 1707 3649 1758 6

2066 1789 2197 1852 Θεὸς
2230 1791 2279 1841 εί
2318 1791 2386 1843 δι’
2421 1792 2606 1853 αύτδν,
2641 1793 2673 1860 ἢ
2703 1792 2771 1845 δι’
2804 1794 3124 1863 ἀνθρώπους
3150 1795 3355 1868 ἐργάζῃ
3381 1812 3396 1828 ⁸
3438 1797 3531 1850 καὶ
3559 1799 3647 1850 ὅτι

380 1901 502 1954 ιιιι·;
528 1902 579 1945 et
608 1892 750 1959 quod
787 1893 1020 1961 primam
1054 1894 1413 1948 intentionem
1455 1895 1696 1948 intuetur
1726 1893 1958 1958 Deus,et

2070 1885 2152 1936 τὸν
2185 1884 2400 1953 πρῶτον
2439 1884 2698 1952 λογισμὸν
2726 1887 2752 1938 6
2789 1885 2922 1949 Θεὸς
2969 1886 3176 1956 βλέπει,
3223 1889 3319 1940 καὶ
3377 1890 3498 1941 κατ’
3539 1892 3644 1942 αὑ-

379 1985 678 2037 secundum
717 1986 863 2037 illam
904 1986 1150 2039 retribuit
1207 1989 1548 2052 mercedem;
1582 1989 1807 2058 etquod
1837 1988 1960 2042 illos

380 2075 470 2142 qui
524 2076 834 2135 stultitiam,
894 2077 1192 2130 secundum
1257 2094 1513 2147 magnum
1566 2078 1878 2132 Simeonem
1910 2089 1962 2132 et

380 2166 672 2228 Andream,
711 2167 1022 2235 vauirunt,
1069 2168 1267 2222 divinae
1331 2169 1474 2236 leges
1513 2171 1838 2238 reprobaut,
1910 2178 1963 2222 ct

377 2258 630 2310 omnibus
653 2259 830 2312 modis
866 2275 1008 2313 nunc
1041 2261 1165 2313 talia
1204 2260 1513 2328 prohibent.

447 2348 536 2402 '51.
573 2345 646 2401 De
675 2358 1012 2416 paupertate,
1049 2359 1102 2404 et
1135 2352 1277 2418 quod
1308 2366 1411 2404 non
1461 2351 1691 2405 distrahi
1721 2367 1750 2404 a
1788 2351 1958 2414 curis,

378 2434 594 2490 Domini
636 2452 743 2492 non
776 2449 860 2492 est
901 2439 1292 2494 irrationabilis
1320 2441 1574 2509 superbia
1602 2482 1617 2504 ,
1652 2443 1744 2495 Sed
1780 2441 1962 2495 fervor

378 2530 430 2581 in
468 2526 700 2583 Domino
738 2539 830 2584 :et
863 2532 1008 2599 quod
1058 2534 1360 2587 monastica
1408 2533 1676 2588 institutio
1721 2534 1957 2602 perfecta

376 2623 716 2690 paupertatis
743 2624 1162 2692 promissionem
1190 2624 1450 2691 habet;et
1480 2627 1621 2694 quod
1662 2629 1856 2682 melius
1881 2637 1965 2681 est

379 2716 709 2766 lllttllaclluul
739 2715 853 2768 lleri
884 2719 1218 2786 paupertatis
1236 2719 1540 2772 secundum
1569 2719 1736 2773 Deum
1771 2721 1963 2787 gratia,

379 2817 538 2870 quam
580 2805 736 2871 ligari
777 2806 1112 2862 immobilem
1150 2825 1246 2877 per
1279 2809 1616 2876 malerialia;
1651 2820 1702 2864 et
1749 2811 1878 2880 quid
1913 2811 1963 2863 id

379 2898 620 2965 exquirit
653 2896 798 2952 Deus
831 2913 860 2952 a
906 2902 1213 2967 monachis,
1250 2911 1306 2956 ut
1331 2903 1628 2971 perfectam
1664 2904 1849 2958 mundi
1873 2904 1968 2958 ab-

381 2988 750 3055 negationem,
784 2999 837 3044 et
876 3002 1249 3060 paupertatem
1284 2995 1585 3049 secundum
1622 2995 1794 3065 ipsius
1837 3012 1966 3066 pro-

381 3077 675 3132 missiones
707 3087 760 3132 ct
789 3080 1016 3134 consilia
1043 3095 1281 3146 servent,
1315 3093 1368 3138 et
1393 3086 1462 3139 ob
1485 3101 1602 3138 eam
1642 3101 1755 3140 rem
1781 3087 1968 3142 multis

383 3170 560 3226 modis
588 3171 940 3228 adversarius
981 3190 1075 3244 per
1111 3177 1403 3233 saeculares
1445 3179 1727 3235 monachis
1759 3179 1967 3250 profert

382 3261 524 3317 bona
580 3273 641 3319 ut
704 3265 949 3321 abnuant
999 3283 1119 3338 qua:
1173 3269 1277 3324 sibi
1336 3269 1492 3326 facta:
1550 3283 1678 3327 sunt
1731 3273 1967 3343 promis-

379 3369 579 3411 SlOIICS.

455 3532 544 3585 55.
582 3532 735 3598 Quod
789 3549 897 3588 non
943 3545 1158 3605 oportet
1207 3537 1487 3593 doctorem
1524 3539 1661 3593 lucri
1712 3541 1966 3611 cupidum

379 3640 522 3689 esse,
558 3626 652 3678 sed
683 3625 826 3680 sicut
854 3627 1025 3696 gratis
1057 3629 1269 3697 accepit
1306 3631 1534 3699 gratiam
1575 3631 1746 3684 divini
1791 3630 1969 3700 Spiri-

383 3728 494 3781 tus,
539 3703 712 3786 gratis
731 3718 857 3772 aliis
908 3722 1185 3774 condonet
1227 3729 1325 3774 :et
1377 3721 1523 3791 quod
1573 3737 1640 3776 ex
1682 3722 1969 3793 discipulis

379 3818 593 3877 oportet
615 3818 868 3878 expetere
895 3811 1226 3876 necessaria,
1267 3821 1321 3866 et
1362 3828 1467 3864 non
1500 3829 1745 3882 quarrere
1775 3830 1969 3884 super-

379 3900 519 3965 ﬂua;
542 3909 596 3954 et
626 3901 771 3970 quod
809 3901 900 3954 ille
925 3902 1118 3956 doctor
1143 3905 1236 3972 qui
1258 3904 1311 3957 in
1329 3905 1721 3974 voluptatibus,
1746 3907 1969 3962 mollitie

379 4003 434 4048 et
488 3993 698 4048 incuria
755 3994 943 4064 degit,
990 4010 1098 4048 non
1150 3996 1285 4065 ipsis
1339 3998 1666 4052 necessariis
1720 3999 1968 4054 mercede

379 4088 576 4155 dignus
605 4096 724 4154 est;
752 4096 805 4142 et
843 4089 990 4158 quod
1016 4089 1312 4143 admodum
1335 4091 1795 4158 condemnantur,
1841 4101 1893 4146 et
1937 4109 1965 4145 a

381 4181 826 4235 Christianorum
869 4181 1047 4238 oillcio
1071 4193 1400 4238 aversantur
1439 4184 1530 4253 qui
1568 4185 1846 4254 accipiunt
1887 4185 1968 4239 vel

380 4275 624 4343 praebent
674 4275 878 4344 aliquid
921 4291 1020 4344 pro
1057 4276 1441 4338 ordinatione,
1487 4285 1680 4331 contra
1722 4277 1866 4346 quod
1912 4279 1965 4330 in

380 4366 584 4420 sanctis
613 4367 912 4437 Scripturis
937 4369 1154 4439 legitur,
1187 4370 1647 4439 quemadmodum
1672 4379 1725 4425 et
1753 4386 1806 4424 tn
1845 4386 1968 4424 mo-

380 4459 638 4512 naSIeriis
665 4459 757 4527 qui
786 4459 1014 4514 tondent
1036 4460 1105 4514 ab
1129 4460 1213 4515 his
1242 4461 1335 4530 qui
1361 4461 1656 4516 tondentur
1682 4479 1696 4528 ;
1731 4472 1784 4517 et
1816 4464 1962 4533 quod

2067 1977 2158 2027 τὸν
2197 1975 2428 2044 παρέχει
2474 1974 2574 2037 τάς
2626 1975 2900 2045 ἀμοιϐάςο
2943 1977 3037 2030 καὶ
3069 1979 3149 2031 ὅτι
3194 1979 3318 2041 τοὺς
3363 1981 3423 2031 τὸ
3459 1981 3648 2050 μωρδν

2068 2065 2211 2117 κατά
2231 2065 2322 2117 τὸν
2350 2066 2522 2135 μέγαν
2539 2066 2785 2135 Συμεὼν,
2809 2068 2902 2120 καὶ
2932 2069 3183 2140 Ἀνδρέαν
3202 2070 3646 2140 ἐπιτηδεύοντας,

2064 2160 2112 2210 oi
2181 2157 2316 2210 θεῖοι
2384 2157 2541 2225 νόμοι
2619 2159 3110 2230 ἀποδοκιμάζουσι,
3173 2163 3266 2214 καὶ
3325 2163 3647 2217 παντάπασι

2065 2249 2160 2302 νῦν
2218 2250 2286 2302 τά
2346 2252 2574 2304 τοιαῦτα
2620 2244 2942 2306 κωλύουσιν.

2135 2341 2228 2394 λδ’.
2261 2343 2394 2413 Περὶ
2421 2344 2830 2413 ἀκτημοσύνης,
2861 2346 2954 2399 καὶ
2977 2347 3059 2400 ὃτι
3092 2347 3152 2400 τὸ
3178 2349 3547 2418 περισπᾶσθαι
3585 2349 3650 2402 ἐν

2063 2438 2174 2496 τοῖς
2208 2436 2616 2505 προστάγμασι,
2647 2436 2740 2489 τοῦ
2767 2438 2974 2506 Κυρίου
3005 2439 3105 2492 οὐκ
3133 2439 3248 2492 ἔστι
3270 2441 3644 2511 μετεωρισμὸς

2065 2525 2281 2592 ἄλογος,
2315 2527 2449 2580 ἀλλά
2482 2529 2688 2599 σπουδὴ
2721 2530 2778 2580 ἐν
2805 2530 2996 2599 Κυρίῳ
3018 2548 3031 2562 ο
3063 2532 3158 2584 καὶ
3188 2533 3267 2584 ὅτι
3297 2534 3329 2602 ἡ
3379 2533 3648 2604 μοναχικὴ

2067 2614 2316 2668 πολιτεία
2344 2618 2442 2686 τῆς
2472 2617 2682 2680 τελείας
2712 2618 3101 2688 ἀκτημοσύνης
3135 2619 3246 2690 ἔχει
3281 2620 3380 2687 τὴν
3409 2623 3648 2688 ἐπαγγε-

2066 2707 2185 2759 λίαν
2215 2723 2227 2737 ·
2273 2709 2366 2760 καὶ
2411 2708 2493 2760 ὅτι
2534 2711 2787 2778 κρεῖσσόν
2835 2712 2951 2762 ἐστι
2985 2709 3315 2774 πελάζεσθαι
3358 2713 3451 2764 τὸν
3483 2731 3649 2782 μονα-

2065 2798 2180 2865 χὺν,
2205 2798 2390 2850 ἕνεκεν
2427 2800 2526 2866 τῆς
2560 2799 2703 2851 κατὰ
2727 2799 2862 2852 Θεὸν
2897 2801 3304 2870 ἀκτημοσύνης,
3343 2802 3375 2873 ἢ
3403 2803 3646 2857 δεδέσθαι

2070 2888 2380 2958 καθήμενον
2442 2890 2530 2943 διὰ
2579 2891 2680 2954 τὰς
2729 2891 2861 2954 ὔλας
2890 2907 2904 2922 ⁸
2959 2893 3053 2946 καὶ
3098 2895 3180 2946 ὅτι
3225 2893 3384 2949 τοῦτο
3423 2893 3576 2964 ζητεῖ
3618 2897 3650 2948 6

2067 2981 2200 3045 Θεὸς
2250 2981 2400 3050 παρὰ
2440 2983 2549 3036 τῶν
2603 2983 2879 3054 μοναχῶν,
2935 2984 3023 3037 ἵνα
3055 2986 3154 3052 τὴν
3193 2985 3406 3039 τελείαν
3453 2988 3647 3042 ἀπονέ-

2069 3090 2275 3142 κρωσιν
2305 3074 2397 3128 τοῦ
2435 3075 2666 3145 κόσμου,
2709 3077 2804 3129 καὶ
2831 3077 2932 3146 τὴν
2966 3077 3356 3148 ἀκτημοσύνην
3383 3080 3522 3132 κατά
3551 3081 3652 3143 τάς

2071 3163 2401 3232 ἐπαγγελίας
2446 3166 2646 3229 αὐτῶν,
2695 3168 2789 3220 καὶ
2863 3169 3151 3238 ὁμολογίας
3201 3169 3496 3239 φυλάξωσι,
3552 3172 3650 3225 δαὶ

1994 3225 2037 3283 C
2074 3256 2162 3309 διὰ
2193 3225 2356 3309 τοῦτο
2384 3225 2486 3310 -διά
2522 3225 2732 3310 πολλῶν
2780 3225 3001 3330 τρόπων
3095 3225 3652 3330 ἀντίκείμενοςιπαρά

2071 3350 2196 3412 τοὺς
2254 3351 2553 3420 κοσμικους
2619 3353 2732 3414 τοῖς
2773 3355 3028 3422 μοναχοῖς
3062 3355 3374 3425 προσξέρει
3412 3357 3478 3408 τά
3511 3357 3650 3426 χρή-

2075 3454 2222 3507 ματα
2251 3440 2387 3508 πρὸς
2415 3440 2645 3511 ἄρνησιν
2674 3440 2767 3493 τοῦ
2800 3443 3010 3494 ἑαυτῶν
3043 3444 3481 3514 ἐπαγγέλματος.

2143 3529 2240 3582 λε’.
2295 3531 2415 3583 Ὅτι
2461 3532 2522 3583 ού
2577 3532 2682 3603 χρὴ
2734 3533 2824 3586 τὸν
2875 3534 3196 3588 διδάσκαλον
3241 3537 3646 3608 φιλοχρήματον

2071 3615 2231 3684 εἶναι,
2265 3621 2380 3675 ἀλλ’
2411 3623 2595 3695 ὥσπερ
2629 3625 2840 3694 δωρεὰν
2867 3626 3028 3678 ἔλαϐε
3059 3627 3157 3698 τὴν
3189 3629 3348 3698 χάριν
3375 3630 3466 3682 τοῦ
3501 3632 3647 3683 θείου

2074 3712 2412 3782 ῐινεύματος,
2439 3715 2651 3784 δωρεάν
2688 3717 2783 3769 καὶ
2811 3717 3142 3786 μεταδιδότω
3167 3735 3179 3746 ·
3218 3721 3312 3772 καὶ
3336 3721 3417 3774 ὅτι
3455 3723 3516 3774 ἐκ
3541 3722 3651 3774 τῶν

2077 3805 2334 3874 μαθητῶν
2363 3807 2466 3876 χρὴ
2491 3809 2810 3862 διοικεῖσθαι
2836 3811 2891 3863 ὲν
2918 3814 3037 3874 ταῖς
3062 3800 3388 3881 ἀναγκαίαις
3415 3817 3646 3884 χρείαις,

2073 3895 2166 3946 καὶ
2202 3896 2275 3966 μὴ
2303 3894 2487 3964 ζητεῖν
2523 3900 2760 3969 περισσά
2802 3914 2817 3929 ⁶
2855 3904 2949 3954 καὶ
2980 3903 3062 3955 ὅτι
3108 3906 3135 3956 6
3183 3905 3421 3975 τρυφῶν,
3466 3908 3556 3959 καὶ
3589 3909 3650 3961 ὲν

2072 3985 2255 4039 ἀνέσει
2299 3989 2392 4040 καὶ
2450 3990 2684 4062 ἀμελείᾳ
2721 3991 2923 4059 διάγων
2953 3993 3295 4058 διδάσκαλος,
3329 3997 3447 4048 οὐδὲ
3479 3997 3649 4067 αὐτῆς

2071 4080 2169 4148 τῆς
2195 4081 2502 4148 ἀναγκαίας
2529 4087 2739 4152 χρείας,
2777 4086 2808 4153 ἢ
2851 4089 2950 4156 τῆς
2978 4087 3143 4157 τιμῆς
3167 4089 3316 4139 ἐστιν
3344 4090 3525 4153 ᾶξιος’
3555 4092 3650 4143 καὶ

2071 4173 2151 4226 ὅτι
2179 4174 2386 4246 σφόδρα
2417 4177 2860 4247 κατακρίνονται,
2903 4182 2996 4233 καὶ
3037 4183 3134 4250 τῆς
3163 4183 3274 4234 τῶν
3298 4184 3341 4236 Χ
3365 4185 3650 4254 ριστιανῶν

2075 4265 2293 4333 μερίδος
2327 4267 2738 4338 ἀλλοτριοῦνται
2777 4272 2826 4323 οἱ
2856 4271 3245 4340 λαμϐάνοντες,
3276 4276 3368 4327 καὶ
3393 4277 3442 4328 οἱ
3506 4295 3648 4347 παρ-

2072 4355 2290 4426 έχοντες
2322 4358 2464 4430 ὑπὲρ
2495 4361 2833 4432 χειροτονίας
2851 4380 2902 4416 τι
2940 4363 3091 4434 παρὰ
3124 4365 3184 4417 τὸ
3214 4367 3331 4427 ταῖς
3362 4366 3533 4427 θείαις
3566 4369 3653 4420 δο-

2073 4449 2201 4502 κοῦν
2225 4450 2490 4522 Γραφαῖς,
2524 4451 2790 4518 ὡσαύτως
2821 4457 2928 4508 κάν
2954 4460 3067 4518 τοῖς
3093 4457 3473 4526 μοναστηρίοις
3500 4461 3649 4530 παρά

381 4551 564 4605 scelus
590 4552 733 4607 istud
766 4552 942 4621 majus
979 4562 1063 4608 est
1104 4555 1324 4618 breresi,
1363 4555 1739 4610 adversarium
1789 4555 1963 4626 Spiri-

2071 4542 2181 4594 τῶν
2208 4542 2664 4612 ἀποκειρομένων
2690 4545 2743 4597 οἱ
2774 4547 3164 4616 ἀποκείροντες
3189 4565 3203 4578 ·
3236 4549 3331 4602 καὶ
3359 4552 3437 4602 ὅτι
3470 4552 3652 4620 μεῖζον

381 4651 490 4702 tus,
510 4649 562 4693 et
594 4641 688 4709 qui
721 4643 1192 4707 hiseonsentiunt,
1220 4645 1461 4698 siclerici
1483 4646 1704 4714 quidem
1735 4645 1960 4712 fuerint,

379 4750 408 4786 a
449 4733 650 4788 divinis
679 4735 981 4788 Canonibus
1019 4735 1402 4802 deponuntur,
1451 4738 1496 4789 si
1541 4751 1672 4789 vero
1720 4737 1843 4792 laici
1879 4738 1963 4791 vel

381 4827 658 4893 monachi,
705 4827 1276 4891 anathematizantur,
1345 4842 1376 4882 a
1435 4828 1822 4882 communione
1880 4845 1966 4884 se-

380 4919 580 4980 parati.

452 5100 540 5154 56.
561 5099 716 5166 Quod
751 5099 910 5153 noxia
942 5106 1025 5154 est
1051 5099 1390 5154 conversatio
1415 5098 1806 5153 monachorum
1839 5115 1963 5155 cum

385 5193 770 5247 smcularibus:
793 5201 845 5247 et
863 5193 1008 5261 quod
1028 5209 1133 5247 non
1158 5195 1336 5245 omnia
1357 5208 1478 5262 qua:
1502 5193 1655 5247 nobis
1679 5193 1876 5246 dantur
1899 5193 1968 5246 ab

384 5286 658 5355 aliquibus
702 5286 988 5339 charitatis
1045 5287 1240 5357 gratia,
1289 5303 1355 5340 ex
1409 5285 1515 5340 Deo
1547 5297 1695 5350 sunt,
1749 5288 1842 5340 sed
1900 5303 1964 5339 ex

384 5380 694 5432 adversario
726 5378 790 5432 ad
834 5377 1045 5431 ruinam
1071 5389 1124 5432 ct
1154 5395 1394 5433 errorem
1430 5388 1712 5444 nostrum;
1762 5380 1964 5434 etenim

385 5471 588 5525 veritas
640 5472 758 5540 ipso
797 5486 906 5524 non
964 5471 1139 5524 solum
1185 5471 1490 5533 monachis,
1527 5471 1617 5526 sed
1650 5472 1812 5526 etiam
1851 5487 1968 5524 om-

389 5564 550 5636 nibus
589 5562 921 5618 Christianis
972 5573 1178 5616 arctam
1224 5571 1279 5616 et
1311 5570 1596 5634 angustam
1633 5564 1855 5618 tradidit
1882 5564 1966 5617 fu-

390 5662 526 5708 tura:
563 5656 745 5724 gloriae
772 5657 950 5722 viam;
979 5654 1121 5710 unde
1155 5655 1420 5710 rationem
1455 5656 1652 5711 debent
1682 5657 1776 5725 qui
1825 5658 1972 5710 acci—

393 5747 549 5812 piunt
585 5747 787 5816 aliquid
837 5747 1124 5802 charitatis
1179 5747 1373 5816 gratia,
1429 5756 1484 5801 et
1526 5746 1801 5801 debitores
1843 5756 1972 5800 sunt

398 5840 706 5895 orationum
737 5855 834 5910 pro
863 5840 1156 5907 dantibus;
1193 5850 1246 5895 ct
1271 5841 1413 5912 quod
1450 5857 1556 5897 nou
1603 5841 1970 5896 licctomninr.

2069 4634 2167 4702 τῆς
2191 4633 2300 4687 τῶν
2319 4637 2792 4705 πνευματομάχων
2818 4639 3084 4708 αίρέσεὼς
3102 4642 3218 4692 ἐστι
3255 4641 3413 4694 τοῦτο
3438 4659 3450 4670 ·
3483 4645 3576 4695 καὶ
3600 4645 3648 4696 οἱ

2067 4727 2280 4791 τούτοις
2326 4729 2774 4794 συνευδοκοῦντες
2807 4734 2854 4783 εί
2895 4734 2993 4802 μὲν
3028 4734 3279 4805 κληρικοὶ
3324 4735 3466 4794 εἷεν,
3504 4741 3653 4805 παρὰ

2071 4818 2181 4870 τῶν
2234 4819 2396 4874 θείων
2430 4823 2674 4876 κανόνων
2707 4823 3122 4894 καθαιροῦνται,
3168 4830 3215 4880 εί
3264 4828 3319 4881 δὲ
3365 4829 3566 4895 λαῖκοὶ,
3617 4832 3649 4900 ἦ

2075 4910 2423 4979 μονάζοντες,
2499 4915 3012 4985 ἀναθεματίζονται,
3089 4918 3476 4990 ἀφοριζόμενοι
3549 4925 3648 4991 τῇς

2073 5003 2378 5066 κοινωνίας.

2143 5093 2250 5157 λς’.
2285 5097 2406 5148 Ὅτι
2445 5097 2689 5168 βλαϐερά
2739 5102 2886 5152 ἐστιν
2930 5104 2961 5173 ἡ
3015 5104 3298 5173 συνομιλία
3341 5105 3450 5157 τῶν
3489 5124 3651 5176 μονα-

2072 5185 2181 5253 χιῦν
2219 5187 2356 5254 μετά
2383 5187 2492 5240 τῶν
2523 5191 2806 5259 κοσμικῶν
2831 5208 2843 5219 ·
2884 5195 2979 5246 καὶ
3009 5194 3090 5246 ὅτι
3118 5195 3178 5246 οὐ
3212 5195 3386 5247 πάντα
3416 5198 3483 5248 τά
3512 5197 3650 5248 διδό-

2075 5294 2214 5347 μενα
2257 5279 2388 5346 ἡμῖν
2435 5279 2590 5349 παρά
2630 5297 2793 5333 τινων
2825 5282 2984 5351 χάριν
3017 5284 3258 5354 ἀγάπης,
3303 5288 3366 5337 ἐκ
3393 5285 3483 5337 τοῦ
3522 5286 3652 5338 Θεοῦ

2073 5375 2228 5437 εἰσιν,
2267 5375 2404 5428 ἀλλὰ
2431 5376 2582 5447 παρὰ
2614 5376 2710 5428 τοῦ
2753 5378 3134 5448 ἀντικειμένου
3176 5379 3312 5446 πρὸς
3342 5380 3652 5450 δελεάσμδν,

2075 5467 2166 5518 καὶ
2194 5467 2402 5537 πλάνην
2431 5469 2589 5538 ἡμῶν
2614 5487 2628 5502 ⁸
2662 5470 2758 5523 καὶ
2787 5471 2894 5540 γὰρ
2925 5472 3060 5540 αὐτὴ
3086 5473 3117 5541 ὴ
3151 5471 3376 5542 ἀλήθεια
3409 5475 3466 5525 ού
3498 5474 3656 5542 μόνον

2074 5565 2186 5623 τοῖς
2217 5564 2487 5630 μοναχοῖς,
2519 5563 2651 5615 ἀλλὰ
2681 5564 2776 5616 καὶ
2803 5566 2936 5618 πᾶσι
2969 5566 3317 5634 Χριστιανοῖς
3346 5566 3534 5633 στενὴν
3564 5567 3656 5619 καὶ

2074 5653 2442 5722 τεθλιμμένην
2488 5653 2774 5724 παρέδωκε
2815 5656 2914 5724 τῆς
2956 5656 3256 5726 μελλούσης
3302 5655 3656 5717 ἀπολαύσεως

2077 5747 2175 5815 τὴν
2203 5747 2320 5798 ὁδον
2343 5763 2356 5776 ·
2390 5744 2514 5799 ὅθεν
2545 5751 2637 5801 καὶ
2666 5747 2822 5815 λόγον
2847 5749 3088 5804 διδόασιν
3125 5751 3176 5804 oi
3204 5749 3570 5819 λαμϐάνοντές
3604 5765 3656 5802 τι

2082 5841 2239 5910 χάριν
2267 5840 2508 5911 ἀγάπης,
2534 5843 2625 5897 καὶ
2665 5841 2939 5913 χρεῶσταί
2971 5847 3108 5899 εἰσιν
3131 5842 3524 5914 ὑπερεύχεσθαι
3543 5841 3656 5896 τῶν
