4032 6436
491 411 627 476 1375

1350 415 1739 476 OPUSCULA
1782 416 2125 477 MORALIA
2169 417 2521 478 INCERTIE
2558 405 2874 475 IETATIS.

3628 407 3761 472 1376

473 527 958 593 derelictionibus;
984 529 1201 598 etquod
1228 544 1335 582 non
1356 545 1420 584 ex
1445 529 1642 585 oblatis
1664 538 1717 584 et
1733 531 2068 584 consecratis

2177 530 2268 581 καὶ
2304 530 2434 600 περὶ
2481 527 2747 597 διαφορᾶς
2775 525 2991 596 τρόπων
3025 521 3468 591 ἐγκαταλείψεως
3489 537 3503 552 ⁸
3559 523 3657 574 καὶ
3690 525 3765 574 ὅτι

474 619 577 675 sibi
612 621 901 676 utilitatem
930 622 1127 691 accipit
1154 621 1314 675 Deus.

547 800 638 854 42.
675 801 748 856 De
782 801 981 857 divinis
1016 802 1237 871 judiciis
1282 813 1374 858 :et
1410 803 1555 872 quod
1591 804 1776 858 nullus
1830 819 1893 857 ea
1929 803 2067 857 el'l‘u-

475 908 602 961 gere
635 902 831 960 potest,
869 895 1014 949 sicut
1058 895 1325 950 Dominus
1362 897 1661 951 declaravit
1691 895 2067 962 dicens,quod

482 985 570 1036 «in
589 999 698 1053 quo
725 984 1350 1055 judiciojudicaveritis,
1370 987 1822 1055 juzlicabiminip
1849 995 1901 1040 ct
1922 984 2066 1056 quod

474 1077 656 1130 omnia
683 1076 832 1131 Deus
859 1078 1099 1132 intuetur
1119 1122 1132 1144 ,
1162 1080 1262 1133 etsi
1296 1079 1550 1134 videatur
1575 1080 1643 1133 ad
1693 1089 1909 1149 tempus
1962 1095 2062 1148 pa-

477 1166 670 1220 tienter
700 1168 975 1223 sustinere
998 1209 1013 1233 ,
1047 1179 1101 1224 et
1131 1186 1239 1222 non
1282 1171 1496 1224 ulcisci.

543 1258 634 1312 43.
672 1259 749 1314 De
791 1259 1118 1315 facientibus
1168 1263 1346 1331 signa,
1398 1272 1451 1318 et
1495 1264 1972 1332 proplictantilms,
2010 1274 2064 1318 et

474 1350 714 1404 visiones
749 1352 1061 1408 videntibus
1107 1370 1202 1424 per
1250 1355 1346 1409 Dei
1397 1365 1588 1409 nutum
1630 1365 1730 1408 :et
1760 1357 1905 1423 (mod
1959 1372 2064 1410 non

474 1451 692 1508 Oportet
718 1443 770 1496 in
803 1445 934 1498 talia
963 1446 1233 1514 aspicere,
1278 1456 1333 1500 et
1377 1462 1446 1500 ex
1494 1445 1561 1501 iis
1607 1455 1832 1501 sanctos
1864 1447 2066 1500 habere

472 1533 564 1602 qui
599 1543 789 1602 agunt,
834 1535 928 1589 sed
970 1537 1020 1589 in
1077 1536 1238 1590 [idem
1279 1548 1486 1590 rectam
1529 1547 1582 1591 et
1621 1538 2061 1592 observationem

475 1627 860 1681 mandatorum
905 1627 1031 1694 Dei;
1069 1638 1123 1682 et
1154 1629 1300 1698 quod
1337 1629 1493 1683 multi
1531 1631 1771 1683 lidelium
1807 1630 2062 1697 deplora-

476 1717 640 1770 hilem
673 1718 840 1772 vitam
883 1719 1172 1785 habentes,
1223 1722 1375 1792 signa
1427 1732 1480 1775 et
1516 1722 1760 1791 prodigia
1814 1732 2066 1791 patrave-

477 1820 627 1875 runt,
662 1822 716 1865 et
749 1829 894 1866 nune
935 1822 1175 1882 patrant,
1228 1824 1281 1868 et
1326 1815 1712 1878 revelationes,
1746 1824 1799 1869 et
1829 1815 2065 1885 prephe-

477 1903 581 1958 tias
611 1905 774 1958 locuti
801 1913 949 1971 sunt,
986 1906 1323 1975 decipientcs
1347 1917 1401 1961 et
1437 1909 1686 1977 decepti;
1725 1910 2063 1978 propositum

475 1997 621 2049 enim
657 1997 788 2052 illud
827 2007 910 2053 est
939 2000 1272 2063 daemonum,
1311 2013 1365 2055 ut
1409 2017 1507 2071 per
1541 2003 1788 2072 prodigia
1821 2005 1872 2054 in
1908 2018 2068 2058 erro-

477 2102 588 2139 rem
621 2087 822 2142 multos
862 2088 1160 2155 adducant,
1207 2093 1485 2160 quomodo
1533 2093 1709 2147 malas
1746 2109 1939 2146 eorum
1975 2108 2070 2147 ac«

476 2179 655 2232 tiones
678 2180 1040 2249 comitentur;
1077 2191 1132 2235 et
1167 2182 1406 2237 haeretici
1436 2185 1638 2253 saepius
1675 2185 1868 2239 eodem
1902 2186 2068 2238 modo

477 2269 632 2338 signa
679 2273 992 2341 perficiunt,
1025 2284 1284 2345 tanquam
1331 2293 1358 2329 a
1389 2277 1735 2332 demonibus
1779 2278 1950 2347 adjuti
1998 2279 2066 2332 ad

477 2362 860 2418 sustinendam
915 2380 1069 2420 suam
1149 2368 1435 2433 hmresim;
1489 2371 1584 2424 sed
1643 2371 1770 2424 licet
1827 2373 2064 2434 lidelem,

475 2454 558 2506 vel
577 2454 848 2510 inﬁdelem
869 2457 921 2511 in
940 2459 1204 2514 exercitio
1233 2463 1481 2528 corporis
1500 2463 1722 2518 insolito
1741 2465 2063 2526 viderimus,

486 2547 571 2602 vel
602 2548 654 2601 in
685 2549 903 2606 deserto
934 2551 1284 2622 incolentem,
1306 2557 1387 2611 vel
1421 2555 1835 2626 Scripturarum
1869 2558 2065 2627 cogni-

476 2641 680 2695 tionem
707 2659 959 2713 magnam
996 2647 1311 2712 habentem,
1369 2650 1451 2704 vel
1482 2666 1551 2706 ex
1584 2651 1886 2721 improviso
1917 2651 2066 2706 Seri«

477 2743 670 2801 νων-ιδ
714 2747 1100 2803 exponentem,
1151 2756 1290 2809 quas
1339 2753 1496 2796 antea
1530 2759 1638 2796 non
1688 2754 1936 2806 noverat,
1971 2745 2056 2797 vel

479 2840 678 2893 corpus
697 2827 928 2896 alicujus
945 2830 1180 2884 multum
1206 2841 1328 2901 post
1355 2845 1568 2903 tempus
1592 2851 1698 2888 non
1721 2844 2067 2905 corruptum,

477 2916 560 2966 vel
596 2917 742 2970 aliud
780 2919 910 2988 quid
953 2922 1083 2986 tale,
1123 2938 1232 2976 non
1264 2924 1528 2979 debemus
1564 2926 1618 2978 in
1653 2942 1898 2980 errorem
1931 2927 2069 2981 inci-

479 3004 610 3060 dere
636 3017 688 3062 et
715 3023 811 3063 eos
843 3021 1065 3066 sanctos
1090 3024 1382 3083 reputare;
1414 3017 1460 3068 si
1492 3017 1637 3070 enim
1666 3033 1772 3070 non
1799 3019 2071 3074 exsistunt

482 3095 632 3163 prius
673 3097 725 3150 in
771 3098 878 3153 illis
907 3100 1188 3156 evidenter
1235 3103 1623 3158 mandatorum
1662 3104 1757 3160 Dei
1789 3110 2068 3175 operatio-

482 3200 601 3248 nes,
629 3199 683 3240 et
707 3188 851 3242 dona
884 3187 1146 3258 Spiritus,
1188 3208 1310 3262 qua:
1339 3194 1407 3248 ab
1440 3195 1703 3264 Apostolo
1734 3212 2068 3252 enumeran-

482 3283 591 3337 tur,
624 3281 676 3328 et
708 3290 816 3328 non
849 3277 1066 3333 oderint
1095 3295 1291 3335 vanam
1329 3282 1494 3353 hujus
1525 3286 1714 3340 mundi
1751 3287 2005 3356 gloriam,
2037 3303 2066 3342 a

481 3365 822 3422 daemonibus
881 3363 1246 3439 inSpirantur,
1295 3384 1348 3430 et
1393 3387 1748 3434 reservantur
1803 3381 1890 3435 his
1951 3397 2073 3452 qua:

483 3455 628 3510 Deus
653 3459 754 3513 scit
781 3459 1024 3529 judiciis.

553 3634 642 3687 44.
678 3634 834 3702 Quod
865 3639 1069 3694 bonum
1102 3651 1187 3698 est
1223 3652 1276 3698 et
1308 3643 1420 3700 Deo
1469 3656 1757 3718 acceptum
1804 3650 2022 3719 operari
2056 3668 2068 3704 :

481 3734 538 3776 et
569 3727 714 3793 quod
750 3745 779 3781 e
805 3743 912 3781 non
940 3732 1222 3799 eperando
1249 3735 1406 3789 multi
1442 3737 1496 3791 in
1529 3747 1754 3808 peccata
1782 3740 2071 3798 innumera

483 3813 762 3869 declinant
793 3815 925 3870 etin
958 3819 1205 3875 diversas
1258 3825 1529 3893 haereses;
1563 3837 1618 3882 et
1668 3829 1814 3898 quod
1852 3844 2074 3902 oportet

485 3899 800 3972 idexscqui,
817 3906 991 3960 neliat
1009 3909 1168 3966 nobis
1191 3916 1398 3982 peccati
1423 3917 1662 3982 occasio,
1687 3935 1784 3987 per
1807 3899 1908 3975 hoc
1925 3923 2072 3992 quod

483 3997 787 4051 secundum
811 3998 1220 4072 Scripturarum
1245 4010 1572 4065 sententiam
1597 4013 1829 4082 accidit;
1848 4026 1901 4070 et
1927 4017 2070 4086 quod

483 4092 577 4160 qui
603 4102 802 4161 potest,
829 4106 880 4150 et
908 4113 1019 4152 non
1045 4110 1325 4169 operatur,
1355 4111 1412 4156 ut
1442 4105 1772 4162 ambitiosus
1803 4125 1832 4162 a
1859 4109 1966 4164 Deo
1985 4111 2076 4181 ju-

484 4186 735 4254 dicatur;
782 4197 838 4244 et
879 4193 1026 4260 quod
1080 4194 1339 4251 doctores
1383 4198 1573 4266 etiam,
1625 4208 1680 4254 et
1725 4204 1988 4270 praesules
2020 4213 2074 4259 et

485 4277 770 4342 liolillllCcS
811 4281 879 4332 ad
913 4282 1210 4350 spirituale
1236 4296 1289 4339 et
1315 4288 1578 4342 sensibile
1610 4304 1749 4359 opus
1774 4292 2074 4348 admoven-

487 4374 574 4418 tur
604 4367 833 4422 tendens
867 4369 918 4422 in
953 4369 1046 4426 Dei
1077 4376 1320 4440 cultum;
1355 4376 1631 4446 siquidem
1663 4380 1864 4450 duplex
1903 4383 2071 4439 homo

485 4458 766 4516 sensibilis
811 4473 865 4516 et
896 4463 1230 4537 intelligens,
1267 4477 1324 4524 et
1355 4481 1572 4540 Oportet
1609 4473 1756 4528 illius
1787 4479 2073 4546 operatio-

481 4565 606 4604 nem
634 4551 906 4623 duplicem
941 4571 1084 4614 esse.

553 4841 646 4896 45.
689 4842 764 4899 De
816 4847 1030 4903 artibus
1066 4865 1188 4920 quae
1242 4855 1598 4922 promissioni
1663 4863 2069 4921 monachorum

483 4936 819 4992 conveniunt
862 4949 951 4994 :et
990 4942 1136 5010 quod
1178 4944 1268 4998 illa
1312 4945 1469 5002 decet
1499 4953 1798 5008 monachos
1826 4959 2069 5025 operari,

482 5041 606 5094 quae
623 5043 801 5098 neque
819 5034 1155 5103 praescripta:
1183 5037 1444 5093 horarum
1477 5044 1798 5111 psalmodize
1831 5049 1910 5102 vel
1939 5065 2068 5104 ora-

483 5120 640 5187 tioni,
671 5141 850 5195 neque
869 5130 1097 5184 omnino
1129 5129 1221 5187 Dei
1253 5135 1428 5188 cultui
1458 5137 1908 5205 impedimentum
1940 5142 2072 5196 am:-

482 5222 629 5277 rant,
661 5217 911 5274 ducendo
957 5221 1010 5275 in
1055 5223 1278 5294 aliquod
1320 5227 1607 5296 spirituale
1651 5229 2070 5287 detrimentum.

555 5390 647 5446 46.
683 5393 971 5459 Quomodo
1005 5406 1222 5466 oportet
1245 5399 1483 5469 aliquem
1521 5403 1752 5459 vendere
1781 5414 1836 5460 et
1866 5422 2070 5474 emere,

486 5499 556 5537 ne
589 5484 729 5542 Deus
756 5487 1064 5543 oﬂ'endatur
1094 5506 1108 5542 :
1143 5499 1196 5545 et
1227 5493 1446 5561 quodgid
1473 5493 1915 5552 Christianorum
1946 5515 2072 5568 pro-

489 5577 665 5644 primn
697 5587 781 5633 est
809 5580 925 5635 lmdi
960 5582 1142 5650 potius
1171 5600 1337 5653 quam
1369 5586 1562 5641 lzedcre
1591 5588 1644 5640 in
1677 5591 2070 5658 negotiationi-

490 5667 624 5736 bus;
652 5674 877 5741 etquod
909 5675 1008 5730 hos
1039 5676 1131 5746 qui
1171 5678 1571 5746 negotiationes
1604 5680 1656 5733 in
1704 5675 1953 5739 ecclesiis
1986 5683 2072 5738 fa-

491 5761 662 5826 ciunt,
690 5764 804 5815 sive
840 5767 1160 5830 monachos,
1192 5769 1308 5824 sive
1340 5769 1527 5834 laicos,
1559 5770 1728 5826 divini
1771 5788 2011 5830 canones
2043 5793 2071 5832 a

493 5852 884 5908 communione
904 5865 1182 5923 separant,
1211 5859 1674 5925 quemadmodum
1700 5873 1753 5916 et
1774 5872 1952 5920 coetus
1978 5867 2070 5932 qui

2171 619 2290 673 οὐδὲ
2322 620 2430 673 τῶν
2469 617 2652 688 αὐτοῦ,
2680 617 3022 686 ἀνακτόρων,
3065 614 3158 668 καὶ
3193 613 3565 684 ἀναθημάτων
3599 613 3769 681 φείδε-

2169 726 2259 762 ται
2295 711 2321 762 ὁ
2348 709 2500 771 Θεός.

2245 799 2352 870 μβ’.
2397 801 2532 870 Περὶ
2575 799 2734 853 θείων
2779 798 3066 870 κριμάτων
3095 815 3106 826 ·
3141 797 3236 850 καὶ
3266 799 3348 851 ὅτι
3385 797 3567 860 οὐδεὶς
3598 795 3768 850 ταῦτα

2169 893 2475 960 ἀποφυγεῖν
2505 891 2750 952 δύναται,
2791 890 2975 954 καθὼς
3004 892 3031 944 ό
3073 889 3279 959 Κύριος
3313 890 3643 957 ἀπεφήνατο
3680 888 3767 940 λέ-

2170 1002 2307 1052 γων,
2332 986 2413 1036 ὅτι
2453 1002 2470 1035 ι
2494 983 2582 1036 Ἑν
2693 984 2926 1054 κρίματι
2958 985 3195 1051 κρίνετε,
3224 979 3556 1052 κριθήσεσθε
3586 997 3598 1010 ·
3625 999 3644 1029 ι
3678 982 3768 1032 καὶ

2169 1072 2251 1125 ὅτι
2273 1073 2450 1124 πάντα
2477 1073 2505 1125 ό
2526 1072 2657 1135 Θεὸς
2680 1072 2993 1143 ἐφορᾷ,κάν
3012 1071 3138 1143 δόξῃ
3170 1072 3301 1142 πρὸς
3335 1072 3524 1140 καιρόν
3556 1087 3768 1140 μακρο

2171 1163 2384 1232 θυμεῖν,
2413 1164 2506 1216 καὶ
2535 1165 2610 1234 μὴ
2640 1162 3059 1234 ἐπεξέρχεσθαι.

2245 1257 2356 1325 μγ’.
2411 1257 2548 1327 Περὶ
2607 1256 2718 1310 τῶν
2778 1255 3080 1310 ποιοῦντων
3141 1259 3364 1328 σημεῖα,
3402 1259 3495 1310 καὶ
3543 1275 3764 1326 προφη-

2171 1349 2438 1402 τευόντων
2454 1351 2548 1402 καὶ
2565 1348 3041 1419 ἐνυπνιαζομένων
3064 1351 3208 1404 κατὰ
3224 1351 3578 1420 συγχώρησιν
3601 1349 3763 1403 Θεοῦ·

2169 1441 2264 1492 καὶ
2293 1441 2374 1494 ὅτι
2405 1441 2468 1493 οὐ
2505 1440 2585 1492 δεῖ
2613 1440 2858 1510 βλέπειν,
2889 1443 2970 1506 είς
3018 1442 3085 1496 τὰ
3118 1442 3371 1506 τοιαῦτα,
3403 1443 3496 1495 καὶ
3529 1445 3601 1496 ἐκ
3647 1442 3771 1494 τού-

2167 1549 2276 1584 των
2336 1533 2523 1600 άγίους
2578 1534 2724 1603 ἔχειν
2756 1535 2883 1598 τοὺς
2919 1533 3284 1602 πράσσοντας,
3319 1533 3432 1588 ἀλλ’
3470 1536 3553 1598 είς
3583 1533 3771 1587 πίστιν

2168 1620 2356 1691 ὀρθὴν,
2405 1622 2499 1674 καὶ
2549 1623 2815 1694 ἐργασίαν
2864 1623 2975 1677 τῶν
3008 1625 3239 1678 ἐντολῶν
3309 1625 3444 1678 Θεοῦ
3485 1643 3497 1656 ·
3533 1627 3637 1677 καὶ
3688 1627 3769 1677 ὅτι

2170 1713 2357 1766 πολλοὶ
2387 1714 2499 1767 τῶν
2554 1713 2762 1770 πιστῶν
2802 1714 2977 1786 ἐξώλη
3009 1716 3123 1785 βίον
3143 1717 3385 1787 ἔχοντες,
3432 1720 3647 1788 σημεῖα
3675 1720 3771 1772 καὶ

2168 1805 2372 1875 τέρατα
2411 1807 2692 1870 ἐτέλεσαν,
2725 1808 2820 1860 καὶ
2852 1808 3188 1872 ἐπιτελοῦσι,
3224 1812 3320 1863 καὶ
3370 1811 3763 1880 ἀποκαλύψεις

2102 1886 2141 1940 Β
2171 1898 2267 1949 καὶ
2325 1900 2662 1969 προφητείας
2695 1901 2990 1972 ἐλάλησαν,
3041 1901 3377 1966 πλανῶντες,
3409 1903 3502 1954 καὶ
3539 1902 3769 1954 πλανώ-

2182 2005 2336 2056 μενοι
2367 2005 2380 2018 ·
2417 1991 2620 2052 σκοπὸς
2645 1992 2754 2062 γὰρ
2776 1995 2934 2046 τοῦτο
2955 1994 3064 2046 τῶν
3095 1993 3388 2063 δαιμόνων,
3415 1995 3498 2047 ἵνα
3529 1994 3623 2047 διὰ
3663 1994 3770 2045 τῶν

2181 2081 2426 2150 σημείων
2476 2083 2907 2156 ἀποπλανήσωσι
2956 2085 3208 2149 πολλοὺς,
3243 2088 3393 2150 ὅπως
3439 2090 3561 2149 ταῖς
3599 2101 3772 2154 πονη-

2177 2176 2297 2240 ραῖς
2323 2174 2502 2227 αὐτῶν
2521 2177 2788 2246 πράξεσιν
2814 2179 3251 2250 ἀκολουθήσωσι,
3281 2181 3374 2234 καὶ
3411 2181 3694 2250 αἱρετικοὶ
3716 2181 3767 2232 δὲ

2179 2267 2436 2329 πολλάκις
2467 2267 2546 2337 τῷ
2594 2269 2744 2339 αὐτῷ
2803 2270 2990 2340 τρόπῳ
3041 2274 3243 2341 σημεῖα
3293 2271 3659 2336 ἐπιτελοῦσιν,
3699 2271 3774 2333 ὡς

2177 2358 2327 2428 παρά
2373 2359 2480 2411 τῶν
2521 2361 2795 2430 δαιμόνων
2854 2361 3243 2432 ἐνεργούμενοι
3292 2365 3378 2417 διὰ
3405 2365 3464 2418 τὸ
3501 2364 3772 2429 συστῆσαι

2173 2448 2273 2516 τὴν
2306 2449 2518 2503 ἑαυτῶν
2546 2452 2760 2522 αἵρεσιν
2787 2468 2800 2480 ·
2851 2453 2988 2508 ἀλλά
3025 2455 3128 2508 κᾶν
3158 2456 3346 2509 πιστὸν
3376 2457 3407 2526 ἦ
3435 2456 3671 2510 ἄπιστον
3719 2458 3774 2507 ἓν

2177 2540 2409 2610 ἀσκήσει
2440 2548 2726 2614 σωματικῇ
2787 2545 3199 2618 ὑπερϐαλλούσῃ
3240 2547 3515 2617 ἵδωμεν,ἦ
3548 2548 3609 2598 ἐν
3643 2547 3773 2616 ἐρή-

2178 2647 2266 2698 μῳ
2291 2633 2719 2703 κατοικοῦντα,ῆ
2743 2633 2978 2704 Γραφῶν
2997 2637 3310 2708 ἐπιστήμην
3329 2638 3530 2709 πολλὴν
3546 2637 3768 2708 ἔχοντα,

2175 2719 2207 2790 ἢ
2236 2723 2593 2793 αὐτοσχεδίως
2628 2725 2989 2780 συντάττοντα
3013 2728 3114 2790 τὰς
3151 2729 3398 2800 Γραφᾶς,
3435 2731 3510 2800 μὴ
3562 2731 3770 2789 ταύτας

2174 2812 2638 2887 πρ;.ὒηνείδότα,ῆ
2673 2817 2989 2886 σῶμάτινος
3017 2820 3195 2891 χρόνῳ
3227 2820 3408 2891 πολλῷ
3440 2821 3515 2892 μή
3536 2821 3770 2889 διαφθα-

2179 2902 2354 2974 ρὲν,ἢ
2397 2905 2583 2975 ἕτερόν
2616 2925 2666 2960 τι
2713 2908 2991 2976 τοσοῦτον,
3018 2912 3080 2964 οὑ
3133 2912 3238 2983 χρὴ
3296 2911 3625 2976 πλανᾶσθαι,
3677 2912 3770 2964 καὶ

2175 2993 2419 3062 νομίζειν
2447 2996 2669 3060 τούτους
2707 2998 2898 3066 ἁγίους
2928 3015 2941 3029 °
2978 3001 3158 3072 είγὰρ
3193 3001 3271 3074 μὴ
3317 3003 3768 3073 προῠπάρχουσιν

2176 3087 2234 3138 ἐν
2270 3088 2454 3152 αὐτοῖς
2487 3089 2766 3161 ὁρώμεναι
2789 3093 2845 3144 αί
2879 3091 2990 3145 τῶν
3015 3094 3244 3148 ἐντολῶν
3273 3095 3368 3148 τοῦ
3415 3096 3620 3166 Κυρίου
3676 3096 3768 3166 ἐρ-

2179 3178 2389 3247 γασίαι,
2423 3181 2517 3233 καὶ
2544 3183 2602 3234 αί
2643 3183 2844 3254 δωρεαὶ
2875 3185 2970 3238 τοῦ
3028 3186 3344 3256 Πνεῦματος
3371 3189 3428 3243 αί
3468 3180 3624 3257 παρά
3673 3187 3765 3240 τοῦ

2192 3270 2516 3326 Ἀποστόλου
2535 3275 2648 3344 ἀπη
2659 3275 2824 3347 ριθμη
2833 3276 3014 3346 μὲναι,
3031 3279 3124 3331 καὶ
3142 3280 3458 3334 παντάπασι
3475 3281 3767 3350 μισήσουσι

2176 3361 2273 3429 τὴν
2305 3362 2470 3434 κενὴν
2499 3364 2658 3429 δόξαν
2689 3366 2781 3419 τοῦ
2805 3366 3016 3436 κόσμου
3067 3367 3283 3433 τούτου,
3341 3369 3446 3422 ὑπο
3488 3367 3763 3438 δαιμόνων

2177 3454 2553 3525 ὲνεργοῦνται,
2577 3457 2610 3528 ἢ
2654 3459 3116 3530 παραχωροῦνται
3156 3455 3238 3524 οἷς
3261 3455 3372 3515 οἶδε
3394 3461 3528 3523 Θεὸς
3551 3461 3758 3531 κρίμα-

2177 3561 2282 3600 σιν.

2252 3638 2352 3707 μδ’.
2381 3640 2504 3693 Ὅτι
2536 3641 2718 3710 καλὸν,
2753 3644 2849 3698 καὶ
2873 3644 3237 3699 εὐαπόδεκτον
3263 3645 3338 3716 τῷ
3362 3643 3482 3716 Θεῷ
3508 3646 3570 3698 τὸ
3603 3645 3764 3716 ἐργά-

2177 3729 2364 3794 ζεσθαι
2401 3749 2413 3760 ·
2451 3735 2544 3787 καὶ
2576 3735 2658 3788 ὅτι
2708 3738 2773 3790 ἐκ
2807 3735 2903 3789 τοῦ
2939 3737 3014 3808 μὴ
3053 3737 3410 3808 ἐργάζεσθαι,
3441 3738 3631 3791 πολλοὶ
3686 3741 3762 3800 είς

2177 3823 2381 3894 πλῆθος
2412 3825 2838 3896 ἁμαρτημάτων
2876 3827 3212 3892 ἐκκλίνουσι,
3245 3831 3338 3882 καὶ
3366 3830 3446 3892 είς
3475 3829 3763 3899 διαφόρους

2176 3916 2418 3989 αἱρέσεις
2453 3934 2465 3946 ·
2496 3919 2591 3972 καὶ
2623 3920 2704 3972 ὅτι
2731 3919 2838 3992 χρὴ
2873 3920 3203 3991 ἐξακριϐοῦν
3233 3920 3414 3987 τοῦτο,
3452 3922 3648 3990 μήπως
3677 3921 3764 3988 γέ-

2175 4024 2336 4076 νηται
2355 4011 2490 4079 ἡμῖν
2512 4011 2788 4079 πρόφασις
2801 4011 3080 4082 ἁμαρτίας
3102 4011 3190 4064 διὰ
3205 4011 3266 4064 τὸ
3295 4011 3445 4082 παρά
3471 4012 3532 4064 τὸ
3553 4011 3761 4081 θέλημα

2176 4099 2285 4152 τῶν
2311 4101 2544 4171 Γραφῶν
2562 4102 2721 4155 τοῦτο
2756 4104 3116 4175 μετέρχεσθαι
3155 4121 3169 4135 ·
3213 4105 3307 4158 καὶ
3333 4107 3418 4158 ὅτι
3463 4107 3491 4158 ό
3533 4105 3763 4174 δυνάμε-

2178 4206 2288 4252 νος,
2316 4192 2410 4243 καὶ
2458 4191 2531 4262 μὴ
2580 4193 2972 4263 ἐργαζόμενος,
3007 4195 3082 4258 ὼς
3131 4197 3460 4266 πλεονέκτης
3517 4196 3761 4267 κρίνεται

2179 4284 2331 4352 πτιρά
2361 4284 2437 4352 τῷ
2471 4283 2589 4354 Θεῴ
2615 4301 2626 4313 ·
2661 4286 2755 4337 καὶ
2777 4286 2860 4338 ὅτι
2886 4287 2978 4340 καὶ
3006 4287 3054 4339 οἱ
3075 4286 3410 4352 διδάσκαλοι,
3443 4289 3536 4342 καὶ
3565 4289 3614 4340 οἱ
3638 4303 3762 4358 προ-

2180 4374 2451 4438 εστῶτες,
2481 4379 2573 4428 καὶ
2607 4376 2762 4430 αὐτοὶ
2791 4379 2840 4430 οί
2869 4378 3148 4448 ἀρχιερεῖς
3173 4381 3311 4447 μετὰ
3333 4378 3426 4431 τοῦ
3456 4395 3757 4449 πνευματι-

2181 4467 2278 4520 κοῦ
2311 4468 2495 4537 ἔργου,
2523 4469 2618 4522 καὶ
2671 4468 2931 4538 αἰσθητοῦ
2960 4470 3224 4524 ἆπτονται
3277 4469 3643 4532 συντείνοντος
3689 4469 3761 4529 είς

2107 4591 2154 4647 D
2182 4559 2515 4617 θεοσέόειαν.
2572 4561 2836 4630 Ἐπείπερ
2871 4561 3094 4626 διπλοῦς
3123 4565 3150 4615 ὀ
3179 4563 3470 4635 ἄνθρωπος
3513 4561 3760 4630 αἰσθητός

2179 4669 2238 4704 τε
2287 4653 2381 4706 καὶ
2409 4654 2620 4722 νοητὸς,
2647 4655 2744 4707 καὶ
2774 4653 2880 4725 χρὴ
2931 4654 3029 4726 τὴν
3078 4655 3245 4710 αὐτοῦ
3299 4655 3561 4728 ἐργασίαν
3626 4651 3759 4710 εἶναι

2177 4745 2423 4800 διπλοῦν.

2253 4866 2354 4928 με’.
2393 4859 2548 4929 Περὶ,
2582 4853 2692 4913 οἷαι
2727 4860 2912 4931 τέχναι
2940 4861 3018 4931 τῷ
3053 4860 3435 4933 ἐπαγγέλματι
3468 4861 3578 4915 τῶν
3606 4878 3758 4931 μονα-

2177 4946 2290 5018 χῶν
2341 4946 2642 5020 ἁρμόζουσι
2673 4965 2687 4980 ·
2724 4950 2821 5003 καὶ
2850 4952 2933 5004 ὅτι
2979 4950 3154 5006 ταῦτα
3183 4952 3312 5016 τοὺς
3356 4952 3627 5022 μοναχοὺς
3671 4953 3758 5021 ἁρ-

2182 5041 2337 5110 μόζει
2375 5039 2730 5112 ἐργάζεσθαι,
2766 5042 2866 5094 ὅσα
2925 5043 3062 5113 μήτε
3112 5045 3180 5115 τῇ
3243 5046 3609 5116 τετυπωμένῃ
3659 5044 3758 5096 τῶν

2177 5132 2338 5202 ὡρῶν
2379 5131 2756 5203 ψαλμῳδίᾳ,ή
2813 5135 2879 5202 τῇ
2939 5134 3096 5204 εὐχῇ,
3162 5134 3288 5203 μηθ’
3319 5133 3457 5196 ὅλως
3517 5138 3581 5204 τῇ
3629 5131 3758 5187 κατά

2178 5223 2311 5275 Θεὸν
2341 5222 2568 5296 λατρεία
2623 5223 2999 5294 ἐμποδίζουσι,
3031 5224 3345 5295 κατάγοντα
3368 5228 3450 5289 εἰς
3473 5224 3758 5297 ἐλάττωμὰ

2177 5334 2230 5370 τι
2258 5317 2509 5386 ψυχικόν.

2251 5415 2370 5480 pg’.
2401 5410 2524 5471 Πῶς
2572 5411 2677 5481 χρή
2744 5427 2867 5463 τινα
2918 5409 3121 5464 πωλεῖν
3173 5411 3267 5464 καὶ
3326 5411 3643 5480 ἀγοράζειν,
3681 5414 3758 5468 ἵνα

2183 5502 2258 5572 μὴ
2289 5503 2639 5573 προσκρούσῃ
2668 5501 2808 5573 Θεῷ·
2833 5503 2926 5556 καὶ
2953 5504 3037 5556 ὅτι
3059 5502 3217 5556 τοῦτο
3243 5503 3373 5557 ἴδιον
3402 5505 3757 5573 Χριστιανῶν,

2179 5596 2238 5648 τὸ
2280 5595 2606 5666 ζημιοῦσθαι
2658 5596 2882 5666 μᾶλλον,
2933 5596 2964 5667 ἢ
2998 5595 3230 5667 ζημιοῦν
3259 5598 3318 5650 ἐν
3350 5601 3470 5660 ταῖς
3510 5615 3759 5668 πραγμα-

2178 5689 2352 5751 τείαις
2387 5705 2401 5719 ο
2427 5687 2520 5740 καὶ
2563 5689 2645 5741 ὅτι
2675 5689 2801 5750 τοὺς
2856 5689 2914 5740 ἐν
2971 5689 3092 5751 ταῖς
3141 5688 3464 5759 ἐκκλησίαις
3511 5705 3761 5758 πραγμα-

2179 5779 2327 5843 τείας
2369 5780 2751 5851 ποιοῦντας,ἥ
2811 5780 3168 5851 μοναχοὺς,ἦ
3227 5781 3469 5845 λαῖκοὺς,
3522 5781 3572 5832 οἱ
3636 5779 3759 5832 θεῖοι

2185 5869 2410 5935 κανόνες
2443 5870 2543 5938 τῆς
2598 5869 2886 5936 κοινωνίας
2943 5869 3321 5942 ἀφορίζουσιν,
3351 5869 3611 5935 ὡσαύτως
3677 5867 3762 5923 καὶ
