  <div class='ocr_page' id='page_1' title='image "/cluster/home/n/w/nwhite01/storage/ocr_20150623/106/coo.31924054870104/702.png"; bbox 0 0 4032 6416; ppageno 0'>
   <div class='ocr_carea' id='block_1_1' title="bbox 333 397 467 463">
    <p class='ocr_par' dir='ltr' id='par_1_1' title="bbox 333 397 467 463">
     <span class='ocr_line' id='line_1_1' title="bbox 333 397 467 463; baseline 0 -3"><span class='ocrx_word' id='word_1_1' title='bbox 333 397 467 463; x_wconf 78' lang='lat' dir='ltr'><strong>i377</strong></span> 
     </span>
    </p>
   </div>
   <div class='ocr_carea' id='block_1_2' title="bbox 1041 389 2898 454">
    <p class='ocr_par' dir='ltr' id='par_1_2' title="bbox 1041 389 2898 454">
     <span class='ocr_line' id='line_1_2' title="bbox 1041 389 2898 454; baseline 0.001 -2"><span class='ocrx_word' id='word_1_2' title='bbox 1041 391 1810 454; x_wconf 78' lang='lat' dir='ltr'><strong>INTERPRETATIONES</strong></span> <span class='ocrx_word' id='word_1_3' title='bbox 1849 389 2295 454; x_wconf 73' lang='lat' dir='ltr'><strong>DIVINORUM</strong></span> <span class='ocrx_word' id='word_1_4' title='bbox 2333 389 2898 453; x_wconf 82' lang='lat' dir='ltr'><strong>MANDATORUM.</strong></span> 
     </span>
    </p>
   </div>
   <div class='ocr_carea' id='block_1_3' title="bbox 3463 397 3601 458">
    <p class='ocr_par' dir='ltr' id='par_1_3' title="bbox 3463 397 3601 458">
     <span class='ocr_line' id='line_1_3' title="bbox 3463 397 3601 458; baseline 0.014 -4"><span class='ocrx_word' id='word_1_5' title='bbox 3463 397 3601 458; x_wconf 66' lang='lat'><strong>1378</strong></span> 
     </span>
    </p>
   </div>
   <div class='ocr_carea' id='block_1_4' title="bbox 323 503 1918 580">
    <p class='ocr_par' dir='ltr' id='par_1_4' title="bbox 323 503 1917 580">
     <span class='ocr_line' id='line_1_4' title="bbox 323 503 1917 580; baseline -0.009 -12"><span class='ocrx_word' id='word_1_6' title='bbox 323 514 424 576; x_wconf 75' lang='grc' dir='ltr'>τὰς</span> <span class='ocrx_word' id='word_1_7' title='bbox 450 507 746 580; x_wconf 80' lang='grc' dir='ltr'>γινομένας</span> <span class='ocrx_word' id='word_1_8' title='bbox 792 503 1138 576; x_wconf 73' lang='grc' dir='ltr'><strong>πανηγύρεις</strong></span> <span class='ocrx_word' id='word_1_9' title='bbox 1204 507 1346 575; x_wconf 81' lang='grc' dir='ltr'>μετὰ</span> <span class='ocrx_word' id='word_1_10' title='bbox 1399 503 1800 573; x_wconf 79' lang='grc' dir='ltr'>πραγματειῶν</span> <span class='ocrx_word' id='word_1_11' title='bbox 1860 504 1917 554; x_wconf 79' lang='grc' dir='ltr'>ὲν</span> 
     </span>
    </p>
   </div>
   <div class='ocr_carea' id='block_1_5' title="bbox 2028 503 3606 580">
    <p class='ocr_par' dir='ltr' id='par_1_5' title="bbox 2028 503 3606 573">
     <span class='ocr_line' id='line_1_5' title="bbox 2028 503 3606 573; baseline 0.004 -15"><span class='ocrx_word' id='word_1_12' title='bbox 2028 519 2152 558; x_wconf 91' lang='lat' dir='ltr'><strong>cum</strong></span> <span class='ocrx_word' id='word_1_13' title='bbox 2211 504 2675 573; x_wconf 76' lang='lat' dir='ltr'><strong>negotiationibus</strong></span> <span class='ocrx_word' id='word_1_14' title='bbox 2714 505 2852 558; x_wconf 84' lang='lat' dir='ltr'><strong>fiunt</strong></span> <span class='ocrx_word' id='word_1_15' title='bbox 2891 503 2944 558; x_wconf 88' lang='lat' dir='ltr'><strong>in</strong></span> <span class='ocrx_word' id='word_1_16' title='bbox 2985 509 3606 564; x_wconf 78' lang='lat' dir='ltr'><strong>commemorationibus</strong></span> 
     </span>
    </p>
   </div>
   <div class='ocr_carea' id='block_1_6' title="bbox 323 596 1912 672">
    <p class='ocr_par' dir='ltr' id='par_1_6' title="bbox 323 596 1912 672">
     <span class='ocr_line' id='line_1_6' title="bbox 323 596 1912 672; baseline -0.008 -12"><span class='ocrx_word' id='word_1_17' title='bbox 323 609 446 670; x_wconf 76' lang='grc' dir='ltr'>ταῖς</span> <span class='ocrx_word' id='word_1_18' title='bbox 471 605 579 658; x_wconf 84' lang='grc' dir='ltr'>τῶν</span> <span class='ocrx_word' id='word_1_19' title='bbox 611 603 784 672; x_wconf 82' lang='grc' dir='ltr'>ἁγίων</span> <span class='ocrx_word' id='word_1_20' title='bbox 821 601 1034 672; x_wconf 89' lang='grc' dir='ltr'>μνείαις</span> <span class='ocrx_word' id='word_1_21' title='bbox 1055 598 1360 652; x_wconf 74' lang='grc' dir='ltr'><strong>κωλύουσιν</strong></span> <span class='ocrx_word' id='word_1_22' title='bbox 1376 600 1426 650; x_wconf 80' lang='grc' dir='ltr'>οἱ</span> <span class='ocrx_word' id='word_1_23' title='bbox 1455 599 1708 670; x_wconf 78' lang='grc' dir='ltr'>θεοφόροι</span> <span class='ocrx_word' id='word_1_24' title='bbox 1735 596 1912 650; x_wconf 77' lang='grc' dir='ltr'><strong>Πατέ-</strong></span> 
     </span>
    </p>
   </div>
   <div class='ocr_carea' id='block_1_7' title="bbox 327 689 1914 766">
    <p class='ocr_par' dir='ltr' id='par_1_7' title="bbox 327 689 1914 766">
     <span class='ocr_line' id='line_1_7' title="bbox 327 689 1914 766; baseline -0.003 -20"><span class='ocrx_word' id='word_1_25' title='bbox 327 711 420 766; x_wconf 85' lang='grc' dir='ltr'><strong>ρες</strong></span> <span class='ocrx_word' id='word_1_26' title='bbox 445 707 462 722; x_wconf 74' lang='grc' dir='ltr'><strong>ο</strong></span> <span class='ocrx_word' id='word_1_27' title='bbox 501 694 593 746; x_wconf 74' lang='grc' dir='ltr'><strong>καὶ</strong></span> <span class='ocrx_word' id='word_1_28' title='bbox 625 693 707 745; x_wconf 82' lang='grc' dir='ltr'>ὅτι</span> <span class='ocrx_word' id='word_1_29' title='bbox 737 691 898 762; x_wconf 88' lang='grc' dir='ltr'>χάριν</span> <span class='ocrx_word' id='word_1_30' title='bbox 931 689 1298 753; x_wconf 77' lang='grc' dir='ltr'><strong>κατανύξεως,</strong></span> <span class='ocrx_word' id='word_1_31' title='bbox 1336 693 1428 742; x_wconf 71' lang='grc' dir='ltr'><strong>καὶ</strong></span> <span class='ocrx_word' id='word_1_32' title='bbox 1462 691 1794 760; x_wconf 78' lang='grc' dir='ltr'><strong>προσευχῆς,</strong></span> <span class='ocrx_word' id='word_1_33' title='bbox 1823 691 1914 742; x_wconf 74' lang='grc' dir='ltr'>καὶ</span> 
     </span>
    </p>
   </div>
   <div class='ocr_carea' id='block_1_8' title="bbox 323 779 1910 854">
    <p class='ocr_par' dir='ltr' id='par_1_8' title="bbox 323 779 1910 854">
     <span class='ocr_line' id='line_1_8' title="bbox 323 779 1910 854; baseline -0.006 -14"><span class='ocrx_word' id='word_1_34' title='bbox 323 784 690 854; x_wconf 83' lang='grc' dir='ltr'>ἀναγνώσεως</span> <span class='ocrx_word' id='word_1_35' title='bbox 717 782 825 836; x_wconf 84' lang='grc' dir='ltr'><strong>τῶν</strong></span> <span class='ocrx_word' id='word_1_36' title='bbox 877 781 1041 834; x_wconf 88' lang='grc' dir='ltr'>θείων</span> <span class='ocrx_word' id='word_1_37' title='bbox 1084 779 1340 850; x_wconf 76' lang='grc' dir='ltr'>Γραφῶν,</span> <span class='ocrx_word' id='word_1_38' title='bbox 1377 780 1470 832; x_wconf 80' lang='grc' dir='ltr'><strong>καὶ</strong></span> <span class='ocrx_word' id='word_1_39' title='bbox 1530 780 1910 850; x_wconf 77' lang='grc' dir='ltr'>ὑπομνήσεως,</span> 
     </span>
    </p>
   </div>
   <div class='ocr_carea' id='block_1_9' title="bbox 324 866 1912 944">
    <p class='ocr_par' dir='ltr' id='par_1_9' title="bbox 324 866 1912 944">
     <span class='ocr_line' id='line_1_9' title="bbox 324 866 1912 944; baseline -0.008 -14"><span class='ocrx_word' id='word_1_40' title='bbox 324 877 420 930; x_wconf 74' lang='grc' dir='ltr'><strong>καὶ</strong></span> <span class='ocrx_word' id='word_1_41' title='bbox 458 876 622 944; x_wconf 78' lang='grc' dir='ltr'>ζήλου</span> <span class='ocrx_word' id='word_1_42' title='bbox 667 873 775 925; x_wconf 84' lang='grc' dir='ltr'><strong>τῶν</strong></span> <span class='ocrx_word' id='word_1_43' title='bbox 823 871 995 938; x_wconf 84' lang='grc' dir='ltr'>ἁγίων</span> <span class='ocrx_word' id='word_1_44' title='bbox 1033 869 1358 937; x_wconf 84' lang='grc' dir='ltr'>συνάγονται</span> <span class='ocrx_word' id='word_1_45' title='bbox 1393 869 1441 920; x_wconf 80' lang='grc' dir='ltr'><strong>οἱ</strong></span> <span class='ocrx_word' id='word_1_46' title='bbox 1481 866 1819 937; x_wconf 73' lang='grc' dir='ltr'>Χριστιανοὶ,</span> <span class='ocrx_word' id='word_1_47' title='bbox 1851 867 1912 918; x_wconf 88' lang='grc' dir='ltr'><strong>ού</strong></span> 
     </span>
    </p>
   </div>
   <div class='ocr_carea' id='block_1_10' title="bbox 323 959 1698 1036">
    <p class='ocr_par' dir='ltr' id='par_1_10' title="bbox 323 959 1698 1036">
     <span class='ocr_line' id='line_1_10' title="bbox 323 959 1698 1036; baseline -0.008 -14"><span class='ocrx_word' id='word_1_48' title='bbox 323 970 510 1036; x_wconf 78' lang='grc' dir='ltr'>μέντοι</span> <span class='ocrx_word' id='word_1_49' title='bbox 545 967 634 1020; x_wconf 89' lang='grc' dir='ltr'><strong>διά</strong></span> <span class='ocrx_word' id='word_1_50' title='bbox 663 983 814 1028; x_wconf 87' lang='grc' dir='ltr'>τινας</span> <span class='ocrx_word' id='word_1_51' title='bbox 845 962 1221 1032; x_wconf 77' lang='grc' dir='ltr'>ἐπιτηδεύσεις</span> <span class='ocrx_word' id='word_1_52' title='bbox 1250 963 1344 1014; x_wconf 78' lang='grc' dir='ltr'>καὶ</span> <span class='ocrx_word' id='word_1_53' title='bbox 1374 959 1698 1031; x_wconf 86' lang='grc' dir='ltr'>ἀγορασίας.</span> 
     </span>
    </p>
   </div>
   <div class='ocr_carea' id='block_1_11' title="bbox 401 1050 1912 1130">
    <p class='ocr_par' dir='ltr' id='par_1_11' title="bbox 401 1050 1912 1130">
     <span class='ocr_line' id='line_1_11' title="bbox 401 1050 1912 1130; baseline -0.007 -17"><span class='ocrx_word' id='word_1_54' title='bbox 401 1060 507 1130; x_wconf 80' lang='grc' dir='ltr'>μζ’.</span> <span class='ocrx_word' id='word_1_55' title='bbox 547 1059 704 1128; x_wconf 62' lang='grc' dir='ltr'>Περὶ,</span> <span class='ocrx_word' id='word_1_56' title='bbox 743 1051 854 1110; x_wconf 80' lang='grc' dir='ltr'>οἷαι</span> <span class='ocrx_word' id='word_1_57' title='bbox 887 1056 1070 1125; x_wconf 81' lang='grc' dir='ltr'>τέχναι</span> <span class='ocrx_word' id='word_1_58' title='bbox 1117 1057 1232 1116; x_wconf 85' lang='grc' dir='ltr'>τοῖς</span> <span class='ocrx_word' id='word_1_59' title='bbox 1275 1053 1420 1105; x_wconf 82' lang='grc' dir='ltr'>κατὰ</span> <span class='ocrx_word' id='word_1_60' title='bbox 1471 1051 1676 1120; x_wconf 80' lang='grc' dir='ltr'>κόσμον</span> <span class='ocrx_word' id='word_1_61' title='bbox 1735 1050 1912 1119; x_wconf 77' lang='grc' dir='ltr'>ἁρμό-</span> 
     </span>
    </p>
   </div>
   <div class='ocr_carea' id='block_1_12' title="bbox 325 1144 1913 1218">
    <p class='ocr_par' dir='ltr' id='par_1_12' title="bbox 325 1144 1913 1218">
     <span class='ocr_line' id='line_1_12' title="bbox 325 1144 1913 1218; baseline -0.006 -14"><span class='ocrx_word' id='word_1_62' title='bbox 325 1151 478 1216; x_wconf 84' lang='grc' dir='ltr'>ζουσι</span> <span class='ocrx_word' id='word_1_63' title='bbox 513 1168 526 1182; x_wconf 82' lang='grc'><em>’</em></span> <span class='ocrx_word' id='word_1_64' title='bbox 557 1151 654 1202; x_wconf 72' lang='grc' dir='ltr'><strong>καὶ</strong></span> <span class='ocrx_word' id='word_1_65' title='bbox 681 1150 764 1202; x_wconf 80' lang='grc' dir='ltr'><strong>ὅτι</strong></span> <span class='ocrx_word' id='word_1_66' title='bbox 795 1150 828 1218; x_wconf 80' lang='grc' dir='ltr'>ἡ</span> <span class='ocrx_word' id='word_1_67' title='bbox 861 1146 1084 1218; x_wconf 78' lang='grc' dir='ltr'>ἰατρικὴ</span> <span class='ocrx_word' id='word_1_68' title='bbox 1109 1145 1296 1215; x_wconf 79' lang='grc' dir='ltr'>τέχνη,</span> <span class='ocrx_word' id='word_1_69' title='bbox 1329 1144 1426 1196; x_wconf 76' lang='grc' dir='ltr'><strong>καὶ</strong></span> <span class='ocrx_word' id='word_1_70' title='bbox 1478 1144 1537 1194; x_wconf 82' lang='grc' dir='ltr'>ἐν</span> <span class='ocrx_word' id='word_1_71' title='bbox 1569 1145 1684 1206; x_wconf 85' lang='grc' dir='ltr'>τοῖς</span> <span class='ocrx_word' id='word_1_72' title='bbox 1717 1159 1913 1210; x_wconf 88' lang='grc' dir='ltr'>κοσμι-</span> 
     </span>
    </p>
   </div>
   <div class='ocr_carea' id='block_1_13' title="bbox 325 1232 1916 1310">
    <p class='ocr_par' dir='ltr' id='par_1_13' title="bbox 325 1232 1916 1310">
     <span class='ocr_line' id='line_1_13' title="bbox 325 1232 1916 1310; baseline -0.008 -12"><span class='ocrx_word' id='word_1_73' title='bbox 325 1247 463 1308; x_wconf 79' lang='grc' dir='ltr'>κοῖς,</span> <span class='ocrx_word' id='word_1_74' title='bbox 486 1243 580 1297; x_wconf 69' lang='grc' dir='ltr'>καὶ</span> <span class='ocrx_word' id='word_1_75' title='bbox 614 1245 670 1295; x_wconf 84' lang='grc' dir='ltr'>ὲν</span> <span class='ocrx_word' id='word_1_76' title='bbox 705 1243 816 1304; x_wconf 83' lang='grc' dir='ltr'>τοῖς</span> <span class='ocrx_word' id='word_1_77' title='bbox 841 1242 1119 1310; x_wconf 82' lang='grc' dir='ltr'>μοναχοῖς,</span> <span class='ocrx_word' id='word_1_78' title='bbox 1146 1239 1246 1290; x_wconf 84' lang='grc' dir='ltr'>οὐκ</span> <span class='ocrx_word' id='word_1_79' title='bbox 1281 1237 1428 1289; x_wconf 80' lang='grc' dir='ltr'>ἐστιν</span> <span class='ocrx_word' id='word_1_80' title='bbox 1459 1235 1789 1304; x_wconf 78' lang='grc' dir='ltr'>ἀπόϐλητος,</span> <span class='ocrx_word' id='word_1_81' title='bbox 1822 1232 1916 1286; x_wconf 82' lang='grc' dir='ltr'><strong>καὶ</strong></span> 
     </span>
    </p>
   </div>
   <div class='ocr_carea' id='block_1_14' title="bbox 323 1327 1915 1406">
    <p class='ocr_par' dir='ltr' id='par_1_14' title="bbox 323 1327 1915 1406">
     <span class='ocr_line' id='line_1_14' title="bbox 323 1327 1915 1406; baseline -0.009 -16"><span class='ocrx_word' id='word_1_82' title='bbox 323 1337 440 1399; x_wconf 84' lang='grc' dir='ltr'>πῶς</span> <span class='ocrx_word' id='word_1_83' title='bbox 467 1337 548 1390; x_wconf 85' lang='grc' dir='ltr'><strong>δεῖ</strong></span> <span class='ocrx_word' id='word_1_84' title='bbox 575 1337 712 1406; x_wconf 87' lang='grc' dir='ltr'><strong>αὑτῇ</strong></span> <span class='ocrx_word' id='word_1_85' title='bbox 747 1333 982 1402; x_wconf 81' lang='grc' dir='ltr'>χρᾶσθαι</span> <span class='ocrx_word' id='word_1_86' title='bbox 1008 1335 1104 1386; x_wconf 73' lang='grc' dir='ltr'><strong>καὶ</strong></span> <span class='ocrx_word' id='word_1_87' title='bbox 1154 1331 1236 1382; x_wconf 87' lang='grc' dir='ltr'><strong>ὅτι</strong></span> <span class='ocrx_word' id='word_1_88' title='bbox 1286 1329 1428 1390; x_wconf 78' lang='grc' dir='ltr'>τινὲς</span> <span class='ocrx_word' id='word_1_89' title='bbox 1493 1327 1766 1396; x_wconf 81' lang='grc' dir='ltr'>προφάσει</span> <span class='ocrx_word' id='word_1_90' title='bbox 1815 1327 1915 1395; x_wconf 82' lang='grc' dir='ltr'>τῆς</span> 
     </span>
    </p>
   </div>
   <div class='ocr_carea' id='block_1_15' title="bbox 325 1419 1917 1498">
    <p class='ocr_par' dir='ltr' id='par_1_15' title="bbox 325 1419 1917 1498">
     <span class='ocr_line' id='line_1_15' title="bbox 325 1419 1917 1498; baseline -0.006 -18"><span class='ocrx_word' id='word_1_91' title='bbox 325 1427 579 1498; x_wconf 73' lang='grc' dir='ltr'><strong>ἰατρικῆς</strong></span> <span class='ocrx_word' id='word_1_92' title='bbox 613 1427 966 1498; x_wconf 79' lang='grc' dir='ltr'>μετέρχονται</span> <span class='ocrx_word' id='word_1_93' title='bbox 995 1425 1095 1486; x_wconf 73' lang='grc' dir='ltr'><strong>τὰς</strong></span> <span class='ocrx_word' id='word_1_94' title='bbox 1123 1421 1358 1491; x_wconf 74' lang='grc' dir='ltr'>ἐπῳδάς,</span> <span class='ocrx_word' id='word_1_95' title='bbox 1397 1420 1492 1474; x_wconf 64' lang='grc' dir='ltr'><strong>καὶ¹</strong></span> <span class='ocrx_word' id='word_1_96' title='bbox 1540 1421 1608 1473; x_wconf 79' lang='grc' dir='ltr'>τὰ</span> <span class='ocrx_word' id='word_1_97' title='bbox 1641 1419 1917 1488; x_wconf 85' lang='grc' dir='ltr'>λεγόμενα</span> 
     </span>
    </p>
   </div>
   <div class='ocr_carea' id='block_1_16' title="bbox 323 1509 1916 1586">
    <p class='ocr_par' dir='ltr' id='par_1_16' title="bbox 323 1509 1916 1586">
     <span class='ocr_line' id='line_1_16' title="bbox 323 1509 1916 1586; baseline -0.004 -18"><span class='ocrx_word' id='word_1_98' title='bbox 323 1515 694 1586; x_wconf 72' lang='grc' dir='ltr'>φυλακτήρια,</span> <span class='ocrx_word' id='word_1_99' title='bbox 737 1517 832 1568; x_wconf 73' lang='grc' dir='ltr'><strong>καὶ</strong></span> <span class='ocrx_word' id='word_1_100' title='bbox 885 1516 955 1566; x_wconf 83' lang='grc' dir='ltr'><strong>τὰ</strong></span> <span class='ocrx_word' id='word_1_101' title='bbox 986 1514 1152 1582; x_wconf 78' lang='grc' dir='ltr'>ὃμοια</span> <span class='ocrx_word' id='word_1_102' title='bbox 1201 1513 1410 1564; x_wconf 87' lang='grc' dir='ltr'>τούτων</span> <span class='ocrx_word' id='word_1_103' title='bbox 1437 1527 1449 1540; x_wconf 93' lang='grc'><strong>·</strong></span> <span class='ocrx_word' id='word_1_104' title='bbox 1493 1510 1588 1564; x_wconf 76' lang='grc' dir='ltr'><strong>καὶ</strong></span> <span class='ocrx_word' id='word_1_105' title='bbox 1639 1511 1722 1564; x_wconf 88' lang='grc' dir='ltr'>ὄτι</span> <span class='ocrx_word' id='word_1_106' title='bbox 1767 1509 1916 1572; x_wconf 81' lang='grc' dir='ltr'>τινὲς</span> 
     </span>
    </p>
   </div>
   <div class='ocr_carea' id='block_1_17' title="bbox 318 1603 1912 1679">
    <p class='ocr_par' dir='ltr' id='par_1_17' title="bbox 318 1603 1912 1679">
     <span class='ocr_line' id='line_1_17' title="bbox 318 1603 1912 1679; baseline -0.006 -16"><span class='ocrx_word' id='word_1_107' title='bbox 318 1610 579 1679; x_wconf 79' lang='grc' dir='ltr'>ἄρκτους,</span> <span class='ocrx_word' id='word_1_108' title='bbox 628 1608 722 1661; x_wconf 76' lang='grc' dir='ltr'><strong>καὶ</strong></span> <span class='ocrx_word' id='word_1_109' title='bbox 779 1607 942 1675; x_wconf 78' lang='grc' dir='ltr'>ἕτερα</span> <span class='ocrx_word' id='word_1_110' title='bbox 974 1605 1091 1668; x_wconf 78' lang='grc' dir='ltr'><strong>ζῶα</strong></span> <span class='ocrx_word' id='word_1_111' title='bbox 1147 1606 1506 1675; x_wconf 80' lang='grc' dir='ltr'>περιάγουσιν</span> <span class='ocrx_word' id='word_1_112' title='bbox 1567 1603 1661 1656; x_wconf 74' lang='grc' dir='ltr'><strong>ἐπὶ</strong></span> <span class='ocrx_word' id='word_1_113' title='bbox 1701 1603 1912 1672; x_wconf 82' lang='grc' dir='ltr'>παιδιᾷ,</span> 
     </span>
    </p>
   </div>
   <div class='ocr_carea' id='block_1_18' title="bbox 317 1693 1915 1768">
    <p class='ocr_par' dir='ltr' id='par_1_18' title="bbox 317 1693 1915 1768">
     <span class='ocr_line' id='line_1_18' title="bbox 317 1693 1915 1768; baseline -0.004 -17"><span class='ocrx_word' id='word_1_114' title='bbox 317 1697 412 1762; x_wconf 83' lang='grc' dir='ltr'><strong>οὓς</strong></span> <span class='ocrx_word' id='word_1_115' title='bbox 433 1697 865 1768; x_wconf 74' lang='grc' dir='ltr'>ἐπιστρέφοντας</span> <span class='ocrx_word' id='word_1_116' title='bbox 898 1696 1020 1764; x_wconf 82' lang='grc' dir='ltr'>μὲν,</span> <span class='ocrx_word' id='word_1_117' title='bbox 1054 1696 1150 1749; x_wconf 76' lang='grc' dir='ltr'>καὶ</span> <span class='ocrx_word' id='word_1_118' title='bbox 1192 1694 1589 1763; x_wconf 81' lang='grc' dir='ltr'>μετανοοῦντας</span> <span class='ocrx_word' id='word_1_119' title='bbox 1623 1693 1760 1764; x_wconf 82' lang='grc' dir='ltr'>πρὸς</span> <span class='ocrx_word' id='word_1_120' title='bbox 1791 1693 1915 1762; x_wconf 85' lang='grc' dir='ltr'>χρό-</span> 
     </span>
    </p>
   </div>
   <div class='ocr_carea' id='block_1_19' title="bbox 319 1783 1914 1859">
    <p class='ocr_par' dir='ltr' id='par_1_19' title="bbox 319 1783 1914 1859">
     <span class='ocr_line' id='line_1_19' title="bbox 319 1783 1914 1859; baseline -0.005 -16"><span class='ocrx_word' id='word_1_121' title='bbox 319 1805 410 1843; x_wconf 89' lang='grc' dir='ltr'><strong>νον</strong></span> <span class='ocrx_word' id='word_1_122' title='bbox 460 1789 752 1859; x_wconf 78' lang='grc' dir='ltr'>χωρίζουσι</span> <span class='ocrx_word' id='word_1_123' title='bbox 791 1792 890 1859; x_wconf 77' lang='grc' dir='ltr'><strong>τῆς</strong></span> <span class='ocrx_word' id='word_1_124' title='bbox 957 1787 1264 1849; x_wconf 82' lang='grc' dir='ltr'>κοινωνίας,</span> <span class='ocrx_word' id='word_1_125' title='bbox 1319 1786 1658 1856; x_wconf 81' lang='grc' dir='ltr'>ἐμμένοντας</span> <span class='ocrx_word' id='word_1_126' title='bbox 1723 1785 1780 1836; x_wconf 80' lang='grc' dir='ltr'>δὲ</span> <span class='ocrx_word' id='word_1_127' title='bbox 1812 1783 1914 1854; x_wconf 82' lang='grc' dir='ltr'>τῆς</span> 
     </span>
    </p>
   </div>
   <div class='ocr_carea' id='block_1_20' title="bbox 315 1877 1426 1949">
    <p class='ocr_par' dir='ltr' id='par_1_20' title="bbox 315 1877 1426 1949">
     <span class='ocr_line' id='line_1_20' title="bbox 315 1877 1426 1949; baseline -0.001 -18"><span class='ocrx_word' id='word_1_128' title='bbox 315 1879 429 1934; x_wconf 84' lang='grc' dir='ltr'>τῶν</span> <span class='ocrx_word' id='word_1_129' title='bbox 455 1878 804 1949; x_wconf 77' lang='grc' dir='ltr'>Χριστιανῶν</span> <span class='ocrx_word' id='word_1_130' title='bbox 837 1877 1134 1947; x_wconf 77' lang='grc' dir='ltr'>χωρίζουσι</span> <span class='ocrx_word' id='word_1_131' title='bbox 1165 1877 1426 1940; x_wconf 86' lang='grc' dir='ltr'>πίστεως.</span> 
     </span>
    </p>
   </div>
   <div class='ocr_carea' id='block_1_21' title="bbox 397 1964 1914 2040">
    <p class='ocr_par' dir='ltr' id='par_1_21' title="bbox 397 1964 1914 2040">
     <span class='ocr_line' id='line_1_21' title="bbox 397 1964 1914 2040; baseline -0.003 -18"><span class='ocrx_word' id='word_1_132' title='bbox 397 1967 506 2040; x_wconf 71' lang='grc' dir='ltr'>μηῆ</span> <span class='ocrx_word' id='word_1_133' title='bbox 560 1969 693 2039; x_wconf 82' lang='grc' dir='ltr'>Περὶ</span> <span class='ocrx_word' id='word_1_134' title='bbox 750 1967 1024 2038; x_wconf 68' lang='grc' dir='ltr'>εὐνούχων</span> <span class='ocrx_word' id='word_1_135' title='bbox 1051 1967 1316 2038; x_wconf 74' lang='grc' dir='ltr'>διαφορᾶς</span> <span class='ocrx_word' id='word_1_136' title='bbox 1389 1966 1484 2020; x_wconf 75' lang='grc' dir='ltr'><strong>καὶ</strong></span> <span class='ocrx_word' id='word_1_137' title='bbox 1537 1965 1702 2020; x_wconf 85' lang='grc' dir='ltr'>πόθεν</span> <span class='ocrx_word' id='word_1_138' title='bbox 1754 1964 1914 2018; x_wconf 85' lang='grc' dir='ltr'>τοῦτο</span> 
     </span>
    </p>
   </div>
   <div class='ocr_carea' id='block_1_22' title="bbox 318 2056 1914 2130">
    <p class='ocr_par' dir='ltr' id='par_1_22' title="bbox 318 2056 1914 2130">
     <span class='ocr_line' id='line_1_22' title="bbox 318 2056 1914 2130; baseline -0.003 -19"><span class='ocrx_word' id='word_1_139' title='bbox 318 2058 481 2113; x_wconf 74' lang='grc' dir='ltr'>ἔλασε</span> <span class='ocrx_word' id='word_1_140' title='bbox 505 2060 604 2130; x_wconf 82' lang='grc' dir='ltr'>τὴν</span> <span class='ocrx_word' id='word_1_141' title='bbox 629 2061 806 2130; x_wconf 81' lang='grc' dir='ltr'>ἀρχήν</span> <span class='ocrx_word' id='word_1_142' title='bbox 833 2075 845 2088; x_wconf 89' lang='grc'><strong>·</strong></span> <span class='ocrx_word' id='word_1_143' title='bbox 881 2059 961 2112; x_wconf 75' lang='grc' dir='ltr'>ἔτι</span> <span class='ocrx_word' id='word_1_144' title='bbox 989 2059 1046 2111; x_wconf 80' lang='grc' dir='ltr'>δὲ</span> <span class='ocrx_word' id='word_1_145' title='bbox 1078 2057 1175 2112; x_wconf 79' lang='grc' dir='ltr'>καὶ</span> <span class='ocrx_word' id='word_1_146' title='bbox 1200 2058 1330 2128; x_wconf 85' lang='grc' dir='ltr'>περί</span> <span class='ocrx_word' id='word_1_147' title='bbox 1361 2074 1523 2110; x_wconf 88' lang='grc' dir='ltr'>τινων</span> <span class='ocrx_word' id='word_1_148' title='bbox 1564 2057 1708 2110; x_wconf 74' lang='grc' dir='ltr'>κατὰ</span> <span class='ocrx_word' id='word_1_149' title='bbox 1751 2056 1914 2126; x_wconf 90' lang='grc' dir='ltr'>φύσιν</span> 
     </span>
    </p>
   </div>
   <div class='ocr_carea' id='block_1_23' title="bbox 317 2151 1916 2226">
    <p class='ocr_par' dir='ltr' id='par_1_23' title="bbox 317 2151 1916 2226">
     <span class='ocr_line' id='line_1_23' title="bbox 317 2151 1916 2226; baseline -0.003 -19"><span class='ocrx_word' id='word_1_150' title='bbox 317 2155 508 2218; x_wconf 83' lang='grc' dir='ltr'>αὑτοῖς</span> <span class='ocrx_word' id='word_1_151' title='bbox 541 2157 876 2226; x_wconf 75' lang='grc' dir='ltr'>προσόντων,</span> <span class='ocrx_word' id='word_1_152' title='bbox 905 2154 1002 2206; x_wconf 76' lang='grc' dir='ltr'><strong>καὶ</strong></span> <span class='ocrx_word' id='word_1_153' title='bbox 1038 2154 1170 2206; x_wconf 81' lang='grc' dir='ltr'>πότε</span> <span class='ocrx_word' id='word_1_154' title='bbox 1220 2154 1480 2207; x_wconf 89' lang='grc' dir='ltr'>δύνανται</span> <span class='ocrx_word' id='word_1_155' title='bbox 1507 2151 1756 2222; x_wconf 80' lang='grc' dir='ltr'>γενέσθαι</span> <span class='ocrx_word' id='word_1_156' title='bbox 1783 2152 1916 2221; x_wconf 84' lang='grc' dir='ltr'>κλη-</span> 
     </span>
    </p>
   </div>
   <div class='ocr_carea' id='block_1_24' title="bbox 316 2244 1914 2316">
    <p class='ocr_par' dir='ltr' id='par_1_24' title="bbox 316 2244 1914 2316">
     <span class='ocr_line' id='line_1_24' title="bbox 316 2244 1914 2316; baseline -0.001 -17"><span class='ocrx_word' id='word_1_157' title='bbox 316 2246 466 2316; x_wconf 87' lang='grc' dir='ltr'>ρικοί</span> <span class='ocrx_word' id='word_1_158' title='bbox 501 2261 515 2278; x_wconf 75' lang='grc'><strong><em>⁸</em></strong></span> <span class='ocrx_word' id='word_1_159' title='bbox 549 2248 646 2298; x_wconf 79' lang='grc' dir='ltr'>καὶ</span> <span class='ocrx_word' id='word_1_160' title='bbox 670 2248 748 2299; x_wconf 77' lang='grc' dir='ltr'><strong>ὅτι</strong></span> <span class='ocrx_word' id='word_1_161' title='bbox 777 2246 880 2298; x_wconf 80' lang='grc' dir='ltr'><strong>οὐκ</strong></span> <span class='ocrx_word' id='word_1_162' title='bbox 926 2245 1356 2300; x_wconf 75' lang='grc' dir='ltr'>ἀπαλλάττονται</span> <span class='ocrx_word' id='word_1_163' title='bbox 1415 2245 1510 2298; x_wconf 90' lang='grc' dir='ltr'><strong>τοῦ</strong></span> <span class='ocrx_word' id='word_1_164' title='bbox 1561 2244 1770 2310; x_wconf 81' lang='grc' dir='ltr'>πάθους</span> <span class='ocrx_word' id='word_1_165' title='bbox 1817 2246 1914 2316; x_wconf 85' lang='grc' dir='ltr'><strong>τῆς</strong></span> 
     </span>
    </p>
   </div>
   <div class='ocr_carea' id='block_1_25' title="bbox 315 2338 1914 2410">
    <p class='ocr_par' dir='ltr' id='par_1_25' title="bbox 315 2338 1914 2410">
     <span class='ocr_line' id='line_1_25' title="bbox 315 2338 1914 2410; baseline -0.001 -18"><span class='ocrx_word' id='word_1_166' title='bbox 315 2339 604 2409; x_wconf 82' lang='grc' dir='ltr'>πορνείας,</span> <span class='ocrx_word' id='word_1_167' title='bbox 636 2340 774 2392; x_wconf 83' lang='grc' dir='ltr'>ἀλλὰ</span> <span class='ocrx_word' id='word_1_168' title='bbox 817 2340 1080 2410; x_wconf 74' lang='grc' dir='ltr'>χειρόνως</span> <span class='ocrx_word' id='word_1_169' title='bbox 1133 2338 1503 2409; x_wconf 77' lang='grc' dir='ltr'>πολεμοῦνται</span> <span class='ocrx_word' id='word_1_170' title='bbox 1541 2357 1556 2371; x_wconf 74' lang='grc' dir='ltr'><strong>ο</strong></span> <span class='ocrx_word' id='word_1_171' title='bbox 1595 2339 1692 2393; x_wconf 73' lang='grc' dir='ltr'><strong>καὶ</strong></span> <span class='ocrx_word' id='word_1_172' title='bbox 1729 2341 1814 2392; x_wconf 87' lang='grc' dir='ltr'><strong>ὃτι</strong></span> <span class='ocrx_word' id='word_1_173' title='bbox 1864 2340 1914 2391; x_wconf 73' lang='lat' dir='ltr'><strong>oi</strong></span> 
     </span>
    </p>
   </div>
   <div class='ocr_carea' id='block_1_26' title="bbox 315 2430 1916 2504">
    <p class='ocr_par' dir='ltr' id='par_1_26' title="bbox 315 2430 1916 2504">
     <span class='ocr_line' id='line_1_26' title="bbox 315 2430 1916 2504; baseline 0 -21"><span class='ocrx_word' id='word_1_174' title='bbox 315 2430 574 2502; x_wconf 85' lang='grc' dir='ltr'>κληρικοί</span> <span class='ocrx_word' id='word_1_175' title='bbox 597 2448 749 2493; x_wconf 91' lang='grc' dir='ltr'>τινας</span> <span class='ocrx_word' id='word_1_176' title='bbox 779 2430 1184 2501; x_wconf 80' lang='grc' dir='ltr'>εὐνουχίζοντες</span> <span class='ocrx_word' id='word_1_177' title='bbox 1214 2431 1627 2504; x_wconf 81' lang='grc' dir='ltr'>καθαιροῦνται,</span> <span class='ocrx_word' id='word_1_178' title='bbox 1651 2432 1702 2484; x_wconf 90' lang='grc' dir='ltr'><strong>οί</strong></span> <span class='ocrx_word' id='word_1_179' title='bbox 1719 2432 1778 2485; x_wconf 84' lang='grc' dir='ltr'>δὲ</span> <span class='ocrx_word' id='word_1_180' title='bbox 1798 2431 1916 2486; x_wconf 85' lang='grc' dir='ltr'>λαῖ-</span> 
     </span>
    </p>
   </div>
   <div class='ocr_carea' id='block_1_27' title="bbox 315 2520 1256 2593">
    <p class='ocr_par' dir='ltr' id='par_1_27' title="bbox 315 2520 1256 2593">
     <span class='ocr_line' id='line_1_27' title="bbox 315 2520 1256 2593; baseline 0 -17"><span class='ocrx_word' id='word_1_181' title='bbox 315 2523 410 2576; x_wconf 76' lang='grc' dir='ltr'>κοὶ</span> <span class='ocrx_word' id='word_1_182' title='bbox 439 2524 538 2593; x_wconf 79' lang='grc' dir='ltr'>τῆς</span> <span class='ocrx_word' id='word_1_183' title='bbox 565 2522 852 2585; x_wconf 81' lang='grc' dir='ltr'>κοινωνίας</span> <span class='ocrx_word' id='word_1_184' title='bbox 879 2520 1256 2592; x_wconf 76' lang='grc' dir='ltr'>ἀφορίζονται.</span> 
     </span>
    </p>
   </div>
   <div class='ocr_carea' id='block_1_28' title="bbox 395 2613 1916 2686">
    <p class='ocr_par' dir='ltr' id='par_1_28' title="bbox 395 2613 1916 2686">
     <span class='ocr_line' id='line_1_28' title="bbox 395 2613 1916 2686; baseline 0.001 -18"><span class='ocrx_word' id='word_1_185' title='bbox 395 2615 503 2685; x_wconf 84' lang='grc' dir='ltr'>μθ’.</span> <span class='ocrx_word' id='word_1_186' title='bbox 531 2616 666 2686; x_wconf 78' lang='grc' dir='ltr'>Περὶ</span> <span class='ocrx_word' id='word_1_187' title='bbox 718 2613 1106 2678; x_wconf 83' lang='grc' dir='ltr'>ταπεινώσεως</span> <span class='ocrx_word' id='word_1_188' title='bbox 1141 2631 1154 2644; x_wconf 93' lang='grc'><strong>·</strong></span> <span class='ocrx_word' id='word_1_189' title='bbox 1181 2615 1276 2667; x_wconf 77' lang='grc' dir='ltr'>καὶ</span> <span class='ocrx_word' id='word_1_190' title='bbox 1307 2615 1390 2668; x_wconf 83' lang='grc' dir='ltr'>ὅτι</span> <span class='ocrx_word' id='word_1_191' title='bbox 1423 2615 1486 2667; x_wconf 91' lang='grc' dir='ltr'><strong>οὑ</strong></span> <span class='ocrx_word' id='word_1_192' title='bbox 1517 2614 1646 2680; x_wconf 77' lang='grc' dir='ltr'>τοὺς</span> <span class='ocrx_word' id='word_1_193' title='bbox 1689 2617 1916 2686; x_wconf 74' lang='grc' dir='ltr'>γινομέ-</span> 
     </span>
    </p>
   </div>
   <div class='ocr_carea' id='block_1_29' title="bbox 313 2706 1914 2779">
    <p class='ocr_par' dir='ltr' id='par_1_29' title="bbox 313 2706 1914 2779">
     <span class='ocr_line' id='line_1_29' title="bbox 313 2706 1914 2779; baseline -0.001 -17"><span class='ocrx_word' id='word_1_194' title='bbox 313 2708 446 2770; x_wconf 67' lang='lat' dir='ltr'><strong>vei);</strong></span> <span class='ocrx_word' id='word_1_195' title='bbox 473 2707 766 2769; x_wconf 74' lang='grc' dir='ltr'>ταπεινοὺς</span> <span class='ocrx_word' id='word_1_196' title='bbox 813 2706 1002 2760; x_wconf 78' lang='grc' dir='ltr'>ἓνεκέν</span> <span class='ocrx_word' id='word_1_197' title='bbox 1055 2723 1203 2769; x_wconf 78' lang='grc' dir='ltr'>τινος</span> <span class='ocrx_word' id='word_1_198' title='bbox 1257 2707 1662 2778; x_wconf 86' lang='grc' dir='ltr'>ὑστερήσεωςό</span> <span class='ocrx_word' id='word_1_199' title='bbox 1708 2709 1914 2779; x_wconf 83' lang='grc' dir='ltr'>Κύριος</span> 
     </span>
    </p>
   </div>
   <div class='ocr_carea' id='block_1_30' title="bbox 318 2799 1914 2872">
    <p class='ocr_par' dir='ltr' id='par_1_30' title="bbox 318 2799 1914 2872">
     <span class='ocr_line' id='line_1_30' title="bbox 318 2799 1914 2872; baseline 0.001 -19"><span class='ocrx_word' id='word_1_200' title='bbox 318 2799 645 2872; x_wconf 78' lang='grc' dir='ltr'>μακαρίζει,</span> <span class='ocrx_word' id='word_1_201' title='bbox 673 2800 807 2852; x_wconf 71' lang='grc' dir='ltr'>ἀλλὰ</span> <span class='ocrx_word' id='word_1_202' title='bbox 835 2801 964 2863; x_wconf 75' lang='grc' dir='ltr'>τοὺς</span> <span class='ocrx_word' id='word_1_203' title='bbox 985 2799 1234 2862; x_wconf 77' lang='grc' dir='ltr'>ἑκόντας,</span> <span class='ocrx_word' id='word_1_204' title='bbox 1268 2799 1362 2854; x_wconf 80' lang='grc' dir='ltr'><strong>καὶ</strong></span> <span class='ocrx_word' id='word_1_205' title='bbox 1387 2799 1692 2871; x_wconf 74' lang='grc' dir='ltr'>τρέμοντας</span> <span class='ocrx_word' id='word_1_206' title='bbox 1724 2803 1792 2854; x_wconf 82' lang='grc' dir='ltr'><strong>τά</strong></span> <span class='ocrx_word' id='word_1_207' title='bbox 1827 2802 1914 2854; x_wconf 88' lang='grc' dir='ltr'><strong>λό-</strong></span> 
     </span>
    </p>
   </div>
   <div class='ocr_carea' id='block_1_31' title="bbox 314 2892 1916 2963">
    <p class='ocr_par' dir='ltr' id='par_1_31' title="bbox 314 2892 1916 2963">
     <span class='ocr_line' id='line_1_31' title="bbox 314 2892 1916 2963; baseline 0.001 -17"><span class='ocrx_word' id='word_1_208' title='bbox 314 2909 419 2962; x_wconf 88' lang='grc' dir='ltr'><strong>για</strong></span> <span class='ocrx_word' id='word_1_209' title='bbox 447 2892 544 2946; x_wconf 88' lang='grc' dir='ltr'><strong>τοῦ</strong></span> <span class='ocrx_word' id='word_1_210' title='bbox 595 2892 753 2957; x_wconf 84' lang='grc' dir='ltr'>Θεοῦ,</span> <span class='ocrx_word' id='word_1_211' title='bbox 787 2892 885 2945; x_wconf 83' lang='grc' dir='ltr'>καὶ</span> <span class='ocrx_word' id='word_1_212' title='bbox 930 2895 1098 2944; x_wconf 85' lang='grc' dir='ltr'>ποίαν</span> <span class='ocrx_word' id='word_1_213' title='bbox 1123 2893 1631 2963; x_wconf 83' lang='grc' dir='ltr'>ταπεινοφροσύνην</span> <span class='ocrx_word' id='word_1_214' title='bbox 1675 2895 1703 2947; x_wconf 83' lang='grc' dir='ltr'><strong>ὁ</strong></span> <span class='ocrx_word' id='word_1_215' title='bbox 1743 2895 1916 2963; x_wconf 82' lang='grc' dir='ltr'>Λόγος</span> 
     </span>
    </p>
   </div>
   <div class='ocr_carea' id='block_1_32' title="bbox 313 2984 1918 3058">
    <p class='ocr_par' dir='ltr' id='par_1_32' title="bbox 313 2984 1918 3058">
     <span class='ocr_line' id='line_1_32' title="bbox 313 2984 1918 3058; baseline 0.002 -20"><span class='ocrx_word' id='word_1_216' title='bbox 313 2985 606 3054; x_wconf 49' lang='grc' dir='ltr'>διδάσκειβ</span> <span class='ocrx_word' id='word_1_217' title='bbox 640 2985 736 3038; x_wconf 76' lang='grc' dir='ltr'>καὶ</span> <span class='ocrx_word' id='word_1_218' title='bbox 763 2986 845 3038; x_wconf 84' lang='grc' dir='ltr'><strong>ὅτι</strong></span> <span class='ocrx_word' id='word_1_219' title='bbox 876 2987 1000 3038; x_wconf 85' lang='grc' dir='ltr'>ὅσον</span> <span class='ocrx_word' id='word_1_220' title='bbox 1027 2985 1173 3038; x_wconf 77' lang='grc' dir='ltr'>ἐστὶν</span> <span class='ocrx_word' id='word_1_221' title='bbox 1203 2987 1230 3038; x_wconf 86' lang='grc' dir='ltr'><strong>ὁ</strong></span> <span class='ocrx_word' id='word_1_222' title='bbox 1250 2984 1562 3056; x_wconf 73' lang='grc' dir='ltr'>εᾰνθρωπος</span> <span class='ocrx_word' id='word_1_223' title='bbox 1595 2989 1654 3041; x_wconf 83' lang='grc' dir='ltr'>ὲν</span> <span class='ocrx_word' id='word_1_224' title='bbox 1682 2991 1748 3058; x_wconf 83' lang='grc' dir='ltr'>τῇ</span> <span class='ocrx_word' id='word_1_225' title='bbox 1779 2990 1918 3058; x_wconf 82' lang='grc' dir='ltr'>άμε-</span> 
     </span>
    </p>
   </div>
   <div class='ocr_carea' id='block_1_33' title="bbox 315 3077 1916 3150">
    <p class='ocr_par' dir='ltr' id='par_1_33' title="bbox 315 3077 1916 3150">
     <span class='ocr_line' id='line_1_33' title="bbox 315 3077 1916 3150; baseline 0.004 -20"><span class='ocrx_word' id='word_1_226' title='bbox 315 3077 468 3149; x_wconf 79' lang='grc' dir='ltr'>λείᾳ,</span> <span class='ocrx_word' id='word_1_227' title='bbox 519 3078 616 3132; x_wconf 77' lang='grc' dir='ltr'><strong>ἐπὶ</strong></span> <span class='ocrx_word' id='word_1_228' title='bbox 665 3077 869 3150; x_wconf 90' lang='grc' dir='ltr'>ταύτην</span> <span class='ocrx_word' id='word_1_229' title='bbox 925 3079 1184 3150; x_wconf 78' lang='grc' dir='ltr'>ἐπιϐῆναι</span> <span class='ocrx_word' id='word_1_230' title='bbox 1229 3080 1290 3132; x_wconf 86' lang='grc' dir='ltr'><strong>οὐ</strong></span> <span class='ocrx_word' id='word_1_231' title='bbox 1329 3080 1572 3145; x_wconf 84' lang='grc' dir='ltr'>δύναται,</span> <span class='ocrx_word' id='word_1_232' title='bbox 1607 3081 1686 3136; x_wconf 85' lang='grc' dir='ltr'>διό</span> <span class='ocrx_word' id='word_1_233' title='bbox 1723 3101 1777 3135; x_wconf 91' lang='grc' dir='ltr'><strong>τι</strong></span> <span class='ocrx_word' id='word_1_234' title='bbox 1815 3085 1916 3136; x_wconf 87' lang='grc' dir='ltr'>οὐκ</span> 
     </span>
    </p>
   </div>
   <div class='ocr_carea' id='block_1_34' title="bbox 315 3167 1914 3244">
    <p class='ocr_par' dir='ltr' id='par_1_34' title="bbox 315 3167 1914 3244">
     <span class='ocr_line' id='line_1_34' title="bbox 315 3167 1914 3244; baseline 0.002 -19"><span class='ocrx_word' id='word_1_235' title='bbox 315 3167 432 3225; x_wconf 80' lang='grc' dir='ltr'>οἶδε</span> <span class='ocrx_word' id='word_1_236' title='bbox 459 3172 512 3224; x_wconf 91' lang='grc' dir='ltr'><strong>τί</strong></span> <span class='ocrx_word' id='word_1_237' title='bbox 547 3171 678 3242; x_wconf 83' lang='grc' dir='ltr'>παρ’</span> <span class='ocrx_word' id='word_1_238' title='bbox 709 3170 874 3226; x_wconf 80' lang='grc' dir='ltr'>αὑτοῦ</span> <span class='ocrx_word' id='word_1_239' title='bbox 904 3171 1106 3242; x_wconf 83' lang='grc' dir='ltr'>ζητεῖὸ</span> <span class='ocrx_word' id='word_1_240' title='bbox 1135 3171 1290 3238; x_wconf 67' lang='grc' dir='ltr'>Θεδς,</span> <span class='ocrx_word' id='word_1_241' title='bbox 1317 3174 1410 3226; x_wconf 78' lang='grc' dir='ltr'><strong>καὶ</strong></span> <span class='ocrx_word' id='word_1_242' title='bbox 1435 3173 1511 3236; x_wconf 88' lang='grc' dir='ltr'>ὡς</span> <span class='ocrx_word' id='word_1_243' title='bbox 1535 3173 1740 3238; x_wconf 85' lang='grc' dir='ltr'>τέλειος</span> <span class='ocrx_word' id='word_1_244' title='bbox 1771 3177 1914 3244; x_wconf 84' lang='grc' dir='ltr'>μέγα</span> 
     </span>
    </p>
   </div>
   <div class='ocr_carea' id='block_1_35' title="bbox 317 3239 1986 3338">
    <p class='ocr_par' dir='ltr' id='par_1_35' title="bbox 317 3239 1986 3338">
     <span class='ocr_line' id='line_1_35' title="bbox 317 3239 1986 3338; baseline 0.002 -21"><span class='ocrx_word' id='word_1_245' title='bbox 317 3265 532 3334; x_wconf 82' lang='grc' dir='ltr'>φρονεῖ,</span> <span class='ocrx_word' id='word_1_246' title='bbox 567 3239 647 3316; x_wconf 79' lang='grc' dir='ltr'><strong>ἔτι</strong></span> <span class='ocrx_word' id='word_1_247' title='bbox 682 3262 789 3334; x_wconf 82' lang='grc' dir='ltr'>μὴν</span> <span class='ocrx_word' id='word_1_248' title='bbox 839 3239 1088 3335; x_wconf 72' lang='grc' dir='ltr'>καὶπερὶ</span> <span class='ocrx_word' id='word_1_249' title='bbox 1135 3266 1393 3328; x_wconf 80' lang='grc' dir='ltr'>πένθους,</span> <span class='ocrx_word' id='word_1_250' title='bbox 1431 3269 1526 3319; x_wconf 72' lang='grc' dir='ltr'><strong>καὶ</strong></span> <span class='ocrx_word' id='word_1_251' title='bbox 1579 3239 1911 3338; x_wconf 72' lang='grc' dir='ltr'>πραότητος,</span> <span class='ocrx_word' id='word_1_252' title='bbox 1939 3239 1986 3300; x_wconf 68' lang='lat' dir='ltr'><strong>C</strong></span> 
     </span>
    </p>
   </div>
   <div class='ocr_carea' id='block_1_36' title="bbox 315 3356 1915 3430">
    <p class='ocr_par' dir='ltr' id='par_1_36' title="bbox 315 3356 1915 3430">
     <span class='ocr_line' id='line_1_36' title="bbox 315 3356 1915 3430; baseline 0 -20"><span class='ocrx_word' id='word_1_253' title='bbox 315 3357 421 3410; x_wconf 78' lang='grc' dir='ltr'>καὶ</span> <span class='ocrx_word' id='word_1_254' title='bbox 450 3356 818 3426; x_wconf 84' lang='grc' dir='ltr'>δικαιοσύνης,</span> <span class='ocrx_word' id='word_1_255' title='bbox 853 3358 946 3410; x_wconf 63' lang='grc' dir='ltr'><strong>καὶ¹</strong></span> <span class='ocrx_word' id='word_1_256' title='bbox 977 3359 1128 3419; x_wconf 84' lang='grc' dir='ltr'>ποῖος</span> <span class='ocrx_word' id='word_1_257' title='bbox 1157 3357 1377 3424; x_wconf 74' lang='grc' dir='ltr'>λέγεται</span> <span class='ocrx_word' id='word_1_258' title='bbox 1404 3358 1644 3430; x_wconf 78' lang='grc' dir='ltr'>καθαρὸς</span> <span class='ocrx_word' id='word_1_259' title='bbox 1671 3361 1736 3430; x_wconf 82' lang='grc' dir='ltr'>τῇ</span> <span class='ocrx_word' id='word_1_260' title='bbox 1780 3375 1915 3429; x_wconf 85' lang='grc' dir='ltr'>καρ-</span> 
     </span>
    </p>
   </div>
   <div class='ocr_carea' id='block_1_37' title="bbox 318 3449 1914 3523">
    <p class='ocr_par' dir='ltr' id='par_1_37' title="bbox 318 3449 1914 3523">
     <span class='ocr_line' id='line_1_37' title="bbox 318 3449 1914 3523; baseline 0.003 -19"><span class='ocrx_word' id='word_1_261' title='bbox 318 3449 417 3522; x_wconf 81' lang='grc' dir='ltr'>δίᾳ</span> <span class='ocrx_word' id='word_1_262' title='bbox 448 3467 463 3482; x_wconf 88' lang='grc'><strong>·</strong></span> <span class='ocrx_word' id='word_1_263' title='bbox 498 3451 594 3504; x_wconf 69' lang='grc' dir='ltr'><strong>καί⁹</strong></span> <span class='ocrx_word' id='word_1_264' title='bbox 647 3451 731 3504; x_wconf 87' lang='grc' dir='ltr'><strong>ὃτι</strong></span> <span class='ocrx_word' id='word_1_265' title='bbox 771 3449 880 3504; x_wconf 84' lang='grc' dir='ltr'><strong>τῶν</strong></span> <span class='ocrx_word' id='word_1_266' title='bbox 938 3451 1038 3521; x_wconf 81' lang='grc' dir='ltr'>μὲν</span> <span class='ocrx_word' id='word_1_267' title='bbox 1087 3451 1310 3505; x_wconf 82' lang='grc' dir='ltr'>τελείων</span> <span class='ocrx_word' id='word_1_268' title='bbox 1359 3454 1476 3504; x_wconf 77' lang='grc' dir='ltr'>ἐστὶ</span> <span class='ocrx_word' id='word_1_269' title='bbox 1510 3453 1572 3506; x_wconf 80' lang='grc' dir='ltr'><strong>τὸ</strong></span> <span class='ocrx_word' id='word_1_270' title='bbox 1606 3454 1914 3523; x_wconf 81' lang='grc' dir='ltr'>εἰρηνεύειν</span> 
     </span>
    </p>
   </div>
   <div class='ocr_carea' id='block_1_38' title="bbox 315 3539 1917 3615">
    <p class='ocr_par' dir='ltr' id='par_1_38' title="bbox 315 3539 1917 3615">
     <span class='ocr_line' id='line_1_38' title="bbox 315 3539 1917 3615; baseline 0.002 -22"><span class='ocrx_word' id='word_1_271' title='bbox 315 3541 452 3604; x_wconf 81' lang='grc' dir='ltr'>τοὺς</span> <span class='ocrx_word' id='word_1_272' title='bbox 478 3542 846 3611; x_wconf 82' lang='grc' dir='ltr'>μαχομένους,</span> <span class='ocrx_word' id='word_1_273' title='bbox 873 3539 982 3595; x_wconf 84' lang='grc' dir='ltr'><strong>τῶν</strong></span> <span class='ocrx_word' id='word_1_274' title='bbox 997 3541 1054 3594; x_wconf 82' lang='grc' dir='ltr'>δὲ</span> <span class='ocrx_word' id='word_1_275' title='bbox 1076 3542 1484 3614; x_wconf 78' lang='grc' dir='ltr'>ἀσθενεστέρων</span> <span class='ocrx_word' id='word_1_276' title='bbox 1507 3544 1605 3612; x_wconf 83' lang='grc' dir='ltr'>τὴν</span> <span class='ocrx_word' id='word_1_277' title='bbox 1627 3544 1762 3597; x_wconf 87' lang='grc' dir='ltr'>ίδίαν</span> <span class='ocrx_word' id='word_1_278' title='bbox 1779 3561 1917 3615; x_wconf 86' lang='grc' dir='ltr'>καρ-</span> 
     </span>
    </p>
   </div>
   <div class='ocr_carea' id='block_1_39' title="bbox 316 3631 1736 3707">
    <p class='ocr_par' dir='ltr' id='par_1_39' title="bbox 316 3631 1736 3707">
     <span class='ocr_line' id='line_1_39' title="bbox 316 3631 1736 3707; baseline 0.003 -21"><span class='ocrx_word' id='word_1_279' title='bbox 316 3631 464 3698; x_wconf 88' lang='grc' dir='ltr'>δίαν,</span> <span class='ocrx_word' id='word_1_280' title='bbox 499 3635 594 3686; x_wconf 71' lang='grc' dir='ltr'><strong>καὶ</strong></span> <span class='ocrx_word' id='word_1_281' title='bbox 620 3633 721 3702; x_wconf 87' lang='grc' dir='ltr'>τὴν</span> <span class='ocrx_word' id='word_1_282' title='bbox 739 3634 848 3686; x_wconf 86' lang='grc' dir='ltr'><strong>τῶν</strong></span> <span class='ocrx_word' id='word_1_283' title='bbox 867 3633 1052 3697; x_wconf 84' lang='grc' dir='ltr'>αὐτοῖς</span> <span class='ocrx_word' id='word_1_284' title='bbox 1085 3635 1228 3689; x_wconf 87' lang='grc' dir='ltr'><strong>κατὰ</strong></span> <span class='ocrx_word' id='word_1_285' title='bbox 1252 3635 1384 3688; x_wconf 81' lang='grc' dir='ltr'>Θεὸν</span> <span class='ocrx_word' id='word_1_286' title='bbox 1404 3637 1736 3707; x_wconf 79' lang='grc' dir='ltr'>ἀγαπητῶν.</span> 
     </span>
    </p>
   </div>
   <div class='ocr_carea' id='block_1_40' title="bbox 396 3721 1916 3802">
    <p class='ocr_par' dir='ltr' id='par_1_40' title="bbox 396 3721 1916 3802">
     <span class='ocr_line' id='line_1_40' title="bbox 396 3721 1916 3802; baseline 0.003 -22"><span class='ocrx_word' id='word_1_287' title='bbox 396 3721 461 3781; x_wconf 77' lang='grc' dir='ltr'>ν’.</span> <span class='ocrx_word' id='word_1_288' title='bbox 491 3725 612 3780; x_wconf 83' lang='grc' dir='ltr'>Ὅτι</span> <span class='ocrx_word' id='word_1_289' title='bbox 644 3725 743 3788; x_wconf 87' lang='grc' dir='ltr'><strong>τὰς</strong></span> <span class='ocrx_word' id='word_1_290' title='bbox 773 3724 868 3779; x_wconf 91' lang='grc' dir='ltr'><strong>τοῦ</strong></span> <span class='ocrx_word' id='word_1_291' title='bbox 895 3727 1103 3795; x_wconf 84' lang='grc' dir='ltr'>Κυρίου</span> <span class='ocrx_word' id='word_1_292' title='bbox 1138 3728 1360 3791; x_wconf 75' lang='grc' dir='ltr'>ἐντολὰς</span> <span class='ocrx_word' id='word_1_293' title='bbox 1402 3732 1678 3802; x_wconf 83' lang='grc' dir='ltr'>προτιμᾷν</span> <span class='ocrx_word' id='word_1_294' title='bbox 1709 3731 1810 3796; x_wconf 87' lang='grc' dir='ltr'>δεῖ,</span> <span class='ocrx_word' id='word_1_295' title='bbox 1858 3732 1916 3784; x_wconf 78' lang='grc' dir='ltr'><strong>ἐν</strong></span> 
     </span>
    </p>
   </div>
   <div class='ocr_carea' id='block_1_41' title="bbox 317 3816 1915 3890">
    <p class='ocr_par' dir='ltr' id='par_1_41' title="bbox 317 3816 1915 3890">
     <span class='ocr_line' id='line_1_41' title="bbox 317 3816 1915 3890; baseline 0.004 -19"><span class='ocrx_word' id='word_1_296' title='bbox 317 3817 564 3887; x_wconf 77' lang='grc' dir='ltr'>δευτέρῳ</span> <span class='ocrx_word' id='word_1_297' title='bbox 597 3816 652 3869; x_wconf 80' lang='grc' dir='ltr'>δὲ</span> <span class='ocrx_word' id='word_1_298' title='bbox 683 3817 781 3880; x_wconf 76' lang='grc' dir='ltr'><strong>τὰς</strong></span> <span class='ocrx_word' id='word_1_299' title='bbox 810 3818 918 3872; x_wconf 86' lang='grc' dir='ltr'>τῶν</span> <span class='ocrx_word' id='word_1_300' title='bbox 963 3817 1272 3888; x_wconf 79' lang='grc' dir='ltr'>ἀνθρώπων</span> <span class='ocrx_word' id='word_1_301' title='bbox 1299 3820 1630 3890; x_wconf 82' lang='grc' dir='ltr'>παραδόσεις</span> <span class='ocrx_word' id='word_1_302' title='bbox 1663 3839 1675 3850; x_wconf 85' lang='grc'><em>’</em></span> <span class='ocrx_word' id='word_1_303' title='bbox 1705 3825 1802 3877; x_wconf 77' lang='grc' dir='ltr'>καὶ</span> <span class='ocrx_word' id='word_1_304' title='bbox 1834 3825 1915 3877; x_wconf 77' lang='grc' dir='ltr'>ὅτι</span> 
     </span>
    </p>
   </div>
   <div class='ocr_carea' id='block_1_42' title="bbox 323 3909 1916 3987">
    <p class='ocr_par' dir='ltr' id='par_1_42' title="bbox 323 3909 1916 3987">
     <span class='ocr_line' id='line_1_42' title="bbox 323 3909 1916 3987; baseline 0.005 -25"><span class='ocrx_word' id='word_1_305' title='bbox 323 3909 381 3962; x_wconf 80' lang='grc' dir='ltr'>οἱ</span> <span class='ocrx_word' id='word_1_306' title='bbox 422 3911 521 3972; x_wconf 87' lang='grc' dir='ltr'>τὰς</span> <span class='ocrx_word' id='word_1_307' title='bbox 552 3909 777 3973; x_wconf 76' lang='grc' dir='ltr'>ἐντολὰς</span> <span class='ocrx_word' id='word_1_308' title='bbox 809 3909 902 3971; x_wconf 84' lang='grc' dir='ltr'><strong>τοῦ</strong></span> <span class='ocrx_word' id='word_1_309' title='bbox 948 3910 1156 3982; x_wconf 83' lang='grc' dir='ltr'>Κυρίου</span> <span class='ocrx_word' id='word_1_310' title='bbox 1192 3912 1270 3982; x_wconf 83' lang='grc' dir='ltr'>μὴ</span> <span class='ocrx_word' id='word_1_311' title='bbox 1301 3913 1687 3982; x_wconf 83' lang='grc' dir='ltr'>φυλάττοντες,</span> <span class='ocrx_word' id='word_1_312' title='bbox 1721 3918 1916 3987; x_wconf 86' lang='grc' dir='ltr'>σχολά-</span> 
     </span>
    </p>
   </div>
   <div class='ocr_carea' id='block_1_43' title="bbox 327 4001 1914 4078">
    <p class='ocr_par' dir='ltr' id='par_1_43' title="bbox 327 4001 1914 4078">
     <span class='ocr_line' id='line_1_43' title="bbox 327 4001 1914 4078; baseline 0.006 -24"><span class='ocrx_word' id='word_1_313' title='bbox 327 4001 518 4067; x_wconf 82' lang='grc' dir='ltr'>ζοντες</span> <span class='ocrx_word' id='word_1_314' title='bbox 544 4003 600 4056; x_wconf 81' lang='grc' dir='ltr'>δὲ</span> <span class='ocrx_word' id='word_1_315' title='bbox 629 4006 708 4067; x_wconf 82' lang='grc' dir='ltr'><strong>είς</strong></span> <span class='ocrx_word' id='word_1_316' title='bbox 767 4008 866 4068; x_wconf 82' lang='grc' dir='ltr'>τὰς</span> <span class='ocrx_word' id='word_1_317' title='bbox 917 4004 1026 4057; x_wconf 87' lang='grc' dir='ltr'><strong>τῶν</strong></span> <span class='ocrx_word' id='word_1_318' title='bbox 1073 4008 1325 4076; x_wconf 86' lang='grc' dir='ltr'>πατέρων</span> <span class='ocrx_word' id='word_1_319' title='bbox 1358 4007 1520 4076; x_wconf 83' lang='grc' dir='ltr'>δῆθεν</span> <span class='ocrx_word' id='word_1_320' title='bbox 1566 4009 1914 4078; x_wconf 87' lang='grc' dir='ltr'>παραδόσεις,</span> 
     </span>
    </p>
   </div>
   <div class='ocr_carea' id='block_1_44' title="bbox 325 4096 1912 4171">
    <p class='ocr_par' dir='ltr' id='par_1_44' title="bbox 325 4096 1912 4171">
     <span class='ocr_line' id='line_1_44' title="bbox 325 4096 1912 4171; baseline 0.004 -23"><span class='ocrx_word' id='word_1_321' title='bbox 325 4097 428 4149; x_wconf 70' lang='grc' dir='ltr'>καὶ</span> <span class='ocrx_word' id='word_1_322' title='bbox 457 4097 588 4149; x_wconf 77' lang='grc' dir='ltr'>αὐτὸ</span> <span class='ocrx_word' id='word_1_323' title='bbox 627 4096 786 4149; x_wconf 86' lang='grc' dir='ltr'>τοῦτο</span> <span class='ocrx_word' id='word_1_324' title='bbox 833 4100 974 4152; x_wconf 79' lang='grc' dir='ltr'>κατὰ</span> <span class='ocrx_word' id='word_1_325' title='bbox 1002 4097 1528 4170; x_wconf 81' lang='grc' dir='ltr'>ἁνθρωπαρέσκειαν</span> <span class='ocrx_word' id='word_1_326' title='bbox 1564 4102 1912 4171; x_wconf 71' lang='grc' dir='ltr'>ἐργάζονται,</span> 
     </span>
    </p>
   </div>
   <div class='ocr_carea' id='block_1_45' title="bbox 327 4190 1918 4268">
    <p class='ocr_par' dir='ltr' id='par_1_45' title="bbox 327 4190 1918 4268">
     <span class='ocr_line' id='line_1_45' title="bbox 327 4190 1918 4268; baseline 0.005 -26"><span class='ocrx_word' id='word_1_327' title='bbox 327 4191 415 4242; x_wconf 77' lang='grc' dir='ltr'>ἔτι</span> <span class='ocrx_word' id='word_1_328' title='bbox 447 4193 540 4243; x_wconf 74' lang='grc' dir='ltr'><strong>καὶ</strong></span> <span class='ocrx_word' id='word_1_329' title='bbox 575 4207 638 4241; x_wconf 86' lang='grc' dir='ltr'><strong>πε</strong></span> <span class='ocrx_word' id='word_1_330' title='bbox 651 4192 704 4259; x_wconf 81' lang='lat' dir='ltr'><strong>pi.</strong></span> <span class='ocrx_word' id='word_1_331' title='bbox 723 4190 1053 4263; x_wconf 80' lang='grc' dir='ltr'>διακρίσεων</span> <span class='ocrx_word' id='word_1_332' title='bbox 1083 4195 1148 4246; x_wconf 78' lang='grc' dir='ltr'><strong>ὲκ</strong></span> <span class='ocrx_word' id='word_1_333' title='bbox 1197 4193 1472 4263; x_wconf 74' lang='grc' dir='ltr'>διαφόρων</span> <span class='ocrx_word' id='word_1_334' title='bbox 1501 4195 1736 4268; x_wconf 84' lang='grc' dir='ltr'>Γραφῶν</span> <span class='ocrx_word' id='word_1_335' title='bbox 1793 4213 1918 4250; x_wconf 85' lang='grc' dir='ltr'>συν·-</span> 
     </span>
    </p>
   </div>
   <div class='ocr_carea' id='block_1_46' title="bbox 331 4283 1920 4359">
    <p class='ocr_par' dir='ltr' id='par_1_46' title="bbox 331 4283 1920 4359">
     <span class='ocr_line' id='line_1_46' title="bbox 331 4283 1920 4359; baseline 0.006 -25"><span class='ocrx_word' id='word_1_336' title='bbox 331 4283 664 4353; x_wconf 82' lang='grc' dir='ltr'>ισταμένων,</span> <span class='ocrx_word' id='word_1_337' title='bbox 707 4283 836 4354; x_wconf 74' lang='grc' dir='ltr'>περὶ</span> <span class='ocrx_word' id='word_1_338' title='bbox 893 4283 1205 4338; x_wconf 78' lang='grc' dir='ltr'>ὑποθέσεων</span> <span class='ocrx_word' id='word_1_339' title='bbox 1232 4286 1342 4339; x_wconf 85' lang='grc' dir='ltr'>τῶν</span> <span class='ocrx_word' id='word_1_340' title='bbox 1375 4287 1615 4356; x_wconf 84' lang='grc' dir='ltr'>ὲχουσῶν</span> <span class='ocrx_word' id='word_1_341' title='bbox 1655 4289 1754 4359; x_wconf 77' lang='grc' dir='ltr'><strong>μὲν</strong></span> <span class='ocrx_word' id='word_1_342' title='bbox 1777 4289 1920 4342; x_wconf 86' lang='grc' dir='ltr'>κατὰ</span> 
     </span>
    </p>
   </div>
   <div class='ocr_carea' id='block_1_47' title="bbox 325 4375 1918 4448">
    <p class='ocr_par' dir='ltr' id='par_1_47' title="bbox 325 4375 1918 4448">
     <span class='ocr_line' id='line_1_47' title="bbox 325 4375 1918 4448; baseline 0.002 -18"><span class='ocrx_word' id='word_1_343' title='bbox 325 4377 431 4445; x_wconf 81' lang='grc' dir='ltr'><strong>τὴν</strong></span> <span class='ocrx_word' id='word_1_344' title='bbox 467 4375 611 4439; x_wconf 80' lang='grc' dir='ltr'>λέξιν</span> <span class='ocrx_word' id='word_1_345' title='bbox 639 4375 696 4427; x_wconf 84' lang='grc' dir='ltr'>ἓν</span> <span class='ocrx_word' id='word_1_346' title='bbox 735 4376 928 4446; x_wconf 78' lang='grc' dir='ltr'>ὃνσμα,</span> <span class='ocrx_word' id='word_1_347' title='bbox 959 4376 1152 4440; x_wconf 82' lang='grc' dir='ltr'>διπλᾶς</span> <span class='ocrx_word' id='word_1_348' title='bbox 1172 4377 1228 4430; x_wconf 80' lang='grc' dir='ltr'><strong>δὲ</strong></span> <span class='ocrx_word' id='word_1_349' title='bbox 1261 4379 1356 4432; x_wconf 76' lang='grc' dir='ltr'>καὶ</span> <span class='ocrx_word' id='word_1_350' title='bbox 1397 4380 1631 4448; x_wconf 83' lang='grc' dir='ltr'>τριπλᾶς</span> <span class='ocrx_word' id='word_1_351' title='bbox 1665 4383 1764 4446; x_wconf 84' lang='grc' dir='ltr'>τὰς</span> <span class='ocrx_word' id='word_1_352' title='bbox 1812 4382 1918 4435; x_wconf 85' lang='grc' dir='ltr'>ὑπ-</span> 
     </span>
    </p>
   </div>
   <div class='ocr_carea' id='block_1_48' title="bbox 251 4464 1916 4548">
    <p class='ocr_par' dir='ltr' id='par_1_48' title="bbox 251 4464 1916 4548">
     <span class='ocr_line' id='line_1_48' title="bbox 251 4464 1916 4548; baseline 0.004 -29"><span class='ocrx_word' id='word_1_353' title='bbox 251 4533 264 4548; x_wconf 41' lang='grc'><em>’</em></span> <span class='ocrx_word' id='word_1_354' title='bbox 327 4467 524 4531; x_wconf 79' lang='grc' dir='ltr'>ακοὰς,</span> <span class='ocrx_word' id='word_1_355' title='bbox 545 4464 654 4520; x_wconf 76' lang='grc' dir='ltr'>οἷον</span> <span class='ocrx_word' id='word_1_356' title='bbox 685 4469 718 4538; x_wconf 79' lang='grc' dir='ltr'>ὴ</span> <span class='ocrx_word' id='word_1_357' title='bbox 751 4468 986 4540; x_wconf 81' lang='grc' dir='ltr'>ὑπακοὴ.</span> <span class='ocrx_word' id='word_1_358' title='bbox 1019 4469 1196 4522; x_wconf 83' lang='grc' dir='ltr'>καὶτὸ</span> <span class='ocrx_word' id='word_1_359' title='bbox 1221 4468 1454 4539; x_wconf 78' lang='grc' dir='ltr'>θέλημα,</span> <span class='ocrx_word' id='word_1_360' title='bbox 1479 4471 1621 4542; x_wconf 77' lang='grc' dir='ltr'>καὶὴ</span> <span class='ocrx_word' id='word_1_361' title='bbox 1653 4473 1916 4543; x_wconf 78' lang='grc' dir='ltr'>ἁπλότης,</span> 
     </span>
    </p>
   </div>
   <div class='ocr_carea' id='block_1_49' title="bbox 2017 595 3602 668">
    <p class='ocr_par' dir='ltr' id='par_1_49' title="bbox 2017 595 3602 668">
     <span class='ocr_line' id='line_1_49' title="bbox 2017 595 3602 668; baseline 0.002 -18"><span class='ocrx_word' id='word_1_362' title='bbox 2017 605 2332 650; x_wconf 81' lang='lat' dir='ltr'><strong>sanctorum</strong></span> <span class='ocrx_word' id='word_1_363' title='bbox 2366 597 2662 665; x_wconf 73' lang='lat' dir='ltr'><strong>prohibent</strong></span> <span class='ocrx_word' id='word_1_364' title='bbox 2687 597 2863 651; x_wconf 85' lang='lat' dir='ltr'><strong>sancti</strong></span> <span class='ocrx_word' id='word_1_365' title='bbox 2911 595 3133 663; x_wconf 85' lang='lat' dir='ltr'><strong>Patres;</strong></span> <span class='ocrx_word' id='word_1_366' title='bbox 3167 608 3222 652; x_wconf 87' lang='lat' dir='ltr'><strong>et</strong></span> <span class='ocrx_word' id='word_1_367' title='bbox 3256 600 3402 668; x_wconf 89' lang='lat' dir='ltr'><strong>quod</strong></span> <span class='ocrx_word' id='word_1_368' title='bbox 3446 615 3602 654; x_wconf 90' lang='lat' dir='ltr'><strong>com-</strong></span> 
     </span>
    </p>
   </div>
   <div class='ocr_carea' id='block_1_50' title="bbox 2016 689 3604 760">
    <p class='ocr_par' dir='ltr' id='par_1_50' title="bbox 2016 689 3604 760">
     <span class='ocr_line' id='line_1_50' title="bbox 2016 689 3604 760; baseline 0.002 -19"><span class='ocrx_word' id='word_1_369' title='bbox 2016 689 2330 758; x_wconf 88' lang='lat' dir='ltr'><strong>punctionis</strong></span> <span class='ocrx_word' id='word_1_370' title='bbox 2357 704 2546 754; x_wconf 87' lang='lat' dir='ltr'><strong>causa,</strong></span> <span class='ocrx_word' id='word_1_371' title='bbox 2573 697 2627 742; x_wconf 88' lang='lat' dir='ltr'><strong>et</strong></span> <span class='ocrx_word' id='word_1_372' title='bbox 2653 690 2944 752; x_wconf 88' lang='lat' dir='ltr'><strong>orationis,</strong></span> <span class='ocrx_word' id='word_1_373' title='bbox 2973 699 3029 744; x_wconf 88' lang='lat' dir='ltr'><strong>et</strong></span> <span class='ocrx_word' id='word_1_374' title='bbox 3061 691 3317 746; x_wconf 81' lang='lat' dir='ltr'><strong>lectionis</strong></span> <span class='ocrx_word' id='word_1_375' title='bbox 3347 691 3604 760; x_wconf 83' lang='lat' dir='ltr'><strong>Scriptu-</strong></span> 
     </span>
    </p>
   </div>
   <div class='ocr_carea' id='block_1_51' title="bbox 2016 782 3604 848">
    <p class='ocr_par' dir='ltr' id='par_1_51' title="bbox 2016 782 3604 848">
     <span class='ocr_line' id='line_1_51' title="bbox 2016 782 3604 848; baseline 0 -12"><span class='ocrx_word' id='word_1_376' title='bbox 2016 798 2224 848; x_wconf 87' lang='lat' dir='ltr'><strong>rarum,</strong></span> <span class='ocrx_word' id='word_1_377' title='bbox 2256 791 2312 836; x_wconf 89' lang='lat' dir='ltr'><strong>et</strong></span> <span class='ocrx_word' id='word_1_378' title='bbox 2359 783 2639 836; x_wconf 64' lang='lat' dir='ltr'><strong>memoriae</strong></span> <span class='ocrx_word' id='word_1_379' title='bbox 2667 791 2720 836; x_wconf 91' lang='lat' dir='ltr'><strong>et</strong></span> <span class='ocrx_word' id='word_1_380' title='bbox 2759 782 3084 838; x_wconf 69' lang='lat' dir='ltr'><strong>imitationis</strong></span> <span class='ocrx_word' id='word_1_381' title='bbox 3119 793 3437 838; x_wconf 87' lang='lat' dir='ltr'><strong>sanctorum</strong></span> <span class='ocrx_word' id='word_1_382' title='bbox 3471 799 3604 836; x_wconf 80' lang='lat' dir='ltr'><strong>mn-</strong></span> 
     </span>
    </p>
   </div>
   <div class='ocr_carea' id='block_1_52' title="bbox 2015 867 3606 944">
    <p class='ocr_par' dir='ltr' id='par_1_52' title="bbox 2015 867 3606 944">
     <span class='ocr_line' id='line_1_52' title="bbox 2015 867 3606 944; baseline 0.002 -18"><span class='ocrx_word' id='word_1_383' title='bbox 2015 873 2312 944; x_wconf 77' lang='lat' dir='ltr'><strong>gregantur</strong></span> <span class='ocrx_word' id='word_1_384' title='bbox 2343 867 2666 938; x_wconf 84' lang='lat' dir='ltr'><strong>Christiani,</strong></span> <span class='ocrx_word' id='word_1_385' title='bbox 2701 889 2812 928; x_wconf 90' lang='lat' dir='ltr'><strong>non</strong></span> <span class='ocrx_word' id='word_1_386' title='bbox 2860 885 3043 930; x_wconf 89' lang='lat' dir='ltr'><strong>autem</strong></span> <span class='ocrx_word' id='word_1_387' title='bbox 3079 886 3304 944; x_wconf 90' lang='lat' dir='ltr'><strong>propter</strong></span> <span class='ocrx_word' id='word_1_388' title='bbox 3329 875 3606 944; x_wconf 76' lang='lat' dir='ltr'><strong>quaslibet</strong></span> 
     </span>
    </p>
   </div>
   <div class='ocr_carea' id='block_1_53' title="bbox 2016 967 2720 1036">
    <p class='ocr_par' dir='ltr' id='par_1_53' title="bbox 2016 967 2720 1036">
     <span class='ocr_line' id='line_1_53' title="bbox 2016 967 2720 1036; baseline -0.003 -14"><span class='ocrx_word' id='word_1_389' title='bbox 2016 983 2176 1022; x_wconf 89' lang='lat' dir='ltr'><strong>curas</strong></span> <span class='ocrx_word' id='word_1_390' title='bbox 2205 979 2260 1022; x_wconf 89' lang='lat' dir='ltr'><strong>et</strong></span> <span class='ocrx_word' id='word_1_391' title='bbox 2299 967 2720 1036; x_wconf 82' lang='lat' dir='ltr'><strong>negotiationes.</strong></span> 
     </span>
    </p>
   </div>
   <div class='ocr_carea' id='block_1_54' title="bbox 2085 1059 3606 1130">
    <p class='ocr_par' dir='ltr' id='par_1_54' title="bbox 2085 1059 3606 1130">
     <span class='ocr_line' id='line_1_54' title="bbox 2085 1059 3606 1130; baseline -0.003 -16"><span class='ocrx_word' id='word_1_392' title='bbox 2085 1060 2175 1114; x_wconf 70' lang='grc'><strong>47.</strong></span> <span class='ocrx_word' id='word_1_393' title='bbox 2206 1061 2280 1114; x_wconf 91' lang='lat' dir='ltr'><strong>De</strong></span> <span class='ocrx_word' id='word_1_394' title='bbox 2325 1061 2535 1114; x_wconf 85' lang='lat' dir='ltr'><strong>artibus</strong></span> <span class='ocrx_word' id='word_1_395' title='bbox 2583 1075 2705 1130; x_wconf 71' lang='lat' dir='ltr'><strong>qua:</strong></span> <span class='ocrx_word' id='word_1_396' title='bbox 2733 1059 3094 1114; x_wconf 71' lang='lat' dir='ltr'><strong>sazcularibus</strong></span> <span class='ocrx_word' id='word_1_397' title='bbox 3125 1059 3466 1112; x_wconf 87' lang='lat' dir='ltr'><strong>conveniunt</strong></span> <span class='ocrx_word' id='word_1_398' title='bbox 3498 1075 3511 1110; x_wconf 94' lang='lat'>:</span> <span class='ocrx_word' id='word_1_399' title='bbox 3551 1067 3606 1111; x_wconf 84' lang='lat' dir='ltr'><strong>et</strong></span> 
     </span>
    </p>
   </div>
   <div class='ocr_carea' id='block_1_55' title="bbox 2016 1151 3604 1222">
    <p class='ocr_par' dir='ltr' id='par_1_55' title="bbox 2016 1151 3604 1222">
     <span class='ocr_line' id='line_1_55' title="bbox 2016 1151 3604 1222; baseline -0.003 -16"><span class='ocrx_word' id='word_1_400' title='bbox 2016 1153 2161 1222; x_wconf 88' lang='lat' dir='ltr'><strong>quod</strong></span> <span class='ocrx_word' id='word_1_401' title='bbox 2197 1169 2286 1206; x_wconf 92' lang='lat' dir='ltr'><strong>ars</strong></span> <span class='ocrx_word' id='word_1_402' title='bbox 2321 1153 2631 1216; x_wconf 62' lang='lat' dir='ltr'><strong>medicina},</strong></span> <span class='ocrx_word' id='word_1_403' title='bbox 2660 1161 2714 1206; x_wconf 88' lang='lat' dir='ltr'><strong>et</strong></span> <span class='ocrx_word' id='word_1_404' title='bbox 2743 1154 2797 1206; x_wconf 90' lang='lat' dir='ltr'><strong>in</strong></span> <span class='ocrx_word' id='word_1_405' title='bbox 2827 1152 3188 1206; x_wconf 67' lang='lat' dir='ltr'><strong>satcularibus</strong></span> <span class='ocrx_word' id='word_1_406' title='bbox 3226 1151 3362 1204; x_wconf 89' lang='lat' dir='ltr'><strong>etin</strong></span> <span class='ocrx_word' id='word_1_407' title='bbox 3403 1165 3604 1204; x_wconf 88' lang='lat' dir='ltr'><strong>mona-</strong></span> 
     </span>
    </p>
   </div>
   <div class='ocr_carea' id='block_1_56' title="bbox 2015 1242 3606 1314">
    <p class='ocr_par' dir='ltr' id='par_1_56' title="bbox 2015 1242 3606 1314">
     <span class='ocr_line' id='line_1_56' title="bbox 2015 1242 3606 1314; baseline -0.004 -14"><span class='ocrx_word' id='word_1_408' title='bbox 2015 1245 2136 1300; x_wconf 85' lang='lat' dir='ltr'><strong>chis</strong></span> <span class='ocrx_word' id='word_1_409' title='bbox 2183 1261 2292 1299; x_wconf 91' lang='lat' dir='ltr'><strong>non</strong></span> <span class='ocrx_word' id='word_1_410' title='bbox 2337 1244 2767 1314; x_wconf 88' lang='lat' dir='ltr'><strong>contemptibilis</strong></span> <span class='ocrx_word' id='word_1_411' title='bbox 2801 1251 2904 1308; x_wconf 86' lang='lat' dir='ltr'><strong>est,</strong></span> <span class='ocrx_word' id='word_1_412' title='bbox 2960 1251 3015 1296; x_wconf 89' lang='lat' dir='ltr'><strong>et</strong></span> <span class='ocrx_word' id='word_1_413' title='bbox 3055 1242 3331 1311; x_wconf 88' lang='lat' dir='ltr'><strong>quomodo</strong></span> <span class='ocrx_word' id='word_1_414' title='bbox 3383 1250 3606 1310; x_wconf 77' lang='lat' dir='ltr'><strong>oportet</strong></span> 
     </span>
    </p>
   </div>
   <div class='ocr_carea' id='block_1_57' title="bbox 2017 1333 3580 1406">
    <p class='ocr_par' dir='ltr' id='par_1_57' title="bbox 2017 1333 3580 1406">
     <span class='ocr_line' id='line_1_57' title="bbox 2017 1333 3580 1406; baseline -0.003 -15"><span class='ocrx_word' id='word_1_415' title='bbox 2017 1337 2168 1391; x_wconf 92' lang='lat' dir='ltr'><strong>illum</strong></span> <span class='ocrx_word' id='word_1_416' title='bbox 2201 1351 2487 1401; x_wconf 75' lang='lat' dir='ltr'><strong>exercere;</strong></span> <span class='ocrx_word' id='word_1_417' title='bbox 2515 1347 2562 1389; x_wconf 78' lang='lat' dir='ltr'><strong>et</strong></span> <span class='ocrx_word' id='word_1_418' title='bbox 2591 1336 2738 1406; x_wconf 87' lang='lat' dir='ltr'><strong>quod</strong></span> <span class='ocrx_word' id='word_1_419' title='bbox 2770 1335 2937 1404; x_wconf 84' lang='lat' dir='ltr'><strong>aliqui</strong></span> <span class='ocrx_word' id='word_1_420' title='bbox 2963 1335 3258 1389; x_wconf 84' lang='lat' dir='ltr'><strong>occasione</strong></span> <span class='ocrx_word' id='word_1_421' title='bbox 3287 1333 3580 1387; x_wconf 76' lang='lat' dir='ltr'><strong>medicina:</strong></span> 
     </span>
    </p>
   </div>
   <div class='ocr_carea' id='block_1_58' title="bbox 2015 1428 3605 1498">
    <p class='ocr_par' dir='ltr' id='par_1_58' title="bbox 2015 1428 3605 1498">
     <span class='ocr_line' id='line_1_58' title="bbox 2015 1428 3605 1498; baseline -0.003 -14"><span class='ocrx_word' id='word_1_422' title='bbox 2015 1431 2280 1484; x_wconf 88' lang='lat' dir='ltr'><strong>adhibent</strong></span> <span class='ocrx_word' id='word_1_423' title='bbox 2311 1430 2712 1484; x_wconf 81' lang='lat' dir='ltr'><strong>incantationes</strong></span> <span class='ocrx_word' id='word_1_424' title='bbox 2734 1439 2788 1483; x_wconf 90' lang='lat' dir='ltr'><strong>et</strong></span> <span class='ocrx_word' id='word_1_425' title='bbox 2815 1445 2935 1498; x_wconf 72' lang='lat' dir='ltr'><strong>quae</strong></span> <span class='ocrx_word' id='word_1_426' title='bbox 2961 1430 3222 1484; x_wconf 90' lang='lat' dir='ltr'><strong>dicuntur</strong></span> <span class='ocrx_word' id='word_1_427' title='bbox 3252 1428 3605 1497; x_wconf 85' lang='lat' dir='ltr'><strong>philacteria.</strong></span> 
     </span>
    </p>
   </div>
   <div class='ocr_carea' id='block_1_59' title="bbox 2015 1520 3606 1590">
    <p class='ocr_par' dir='ltr' id='par_1_59' title="bbox 2015 1520 3606 1590">
     <span class='ocr_line' id='line_1_59' title="bbox 2015 1520 3606 1590; baseline -0.003 -13"><span class='ocrx_word' id='word_1_428' title='bbox 2015 1532 2070 1577; x_wconf 88' lang='lat' dir='ltr'><strong>ct</strong></span> <span class='ocrx_word' id='word_1_429' title='bbox 2097 1523 2184 1576; x_wconf 91' lang='lat' dir='ltr'><strong>bis</strong></span> <span class='ocrx_word' id='word_1_430' title='bbox 2212 1521 2453 1587; x_wconf 85' lang='lat' dir='ltr'><strong>similia;</strong></span> <span class='ocrx_word' id='word_1_431' title='bbox 2487 1530 2540 1575; x_wconf 90' lang='lat' dir='ltr'><strong>et</strong></span> <span class='ocrx_word' id='word_1_432' title='bbox 2577 1523 2721 1590; x_wconf 88' lang='lat' dir='ltr'><strong>quod</strong></span> <span class='ocrx_word' id='word_1_433' title='bbox 2754 1521 2926 1590; x_wconf 77' lang='lat' dir='ltr'><strong>aliqui</strong></span> <span class='ocrx_word' id='word_1_434' title='bbox 2958 1535 3116 1574; x_wconf 87' lang='lat' dir='ltr'><strong>ursos</strong></span> <span class='ocrx_word' id='word_1_435' title='bbox 3151 1530 3206 1575; x_wconf 91' lang='lat' dir='ltr'><strong>et</strong></span> <span class='ocrx_word' id='word_1_436' title='bbox 3245 1520 3352 1574; x_wconf 87' lang='lat' dir='ltr'><strong>alia</strong></span> <span class='ocrx_word' id='word_1_437' title='bbox 3386 1520 3606 1574; x_wconf 89' lang='lat' dir='ltr'><strong>anima-</strong></span> 
     </span>
    </p>
   </div>
   <div class='ocr_carea' id='block_1_60' title="bbox 2015 1611 3602 1682">
    <p class='ocr_par' dir='ltr' id='par_1_60' title="bbox 2015 1611 3602 1682">
     <span class='ocr_line' id='line_1_60' title="bbox 2015 1611 3602 1682; baseline -0.002 -13"><span class='ocrx_word' id='word_1_438' title='bbox 2015 1615 2086 1670; x_wconf 80' lang='lat' dir='ltr'><strong>lia</strong></span> <span class='ocrx_word' id='word_1_439' title='bbox 2123 1615 2546 1669; x_wconf 82' lang='lat' dir='ltr'><strong>circumducunt</strong></span> <span class='ocrx_word' id='word_1_440' title='bbox 2595 1614 2916 1676; x_wconf 84' lang='lat' dir='ltr'><strong>educantes,</strong></span> <span class='ocrx_word' id='word_1_441' title='bbox 2965 1627 3106 1682; x_wconf 88' lang='lat' dir='ltr'><strong>quos</strong></span> <span class='ocrx_word' id='word_1_442' title='bbox 3136 1627 3436 1668; x_wconf 78' lang='lat' dir='ltr'><strong>conversos</strong></span> <span class='ocrx_word' id='word_1_443' title='bbox 3477 1611 3602 1682; x_wconf 87' lang='lat' dir='ltr'><strong>qui-</strong></span> 
     </span>
    </p>
   </div>
   <div class='ocr_carea' id='block_1_61' title="bbox 2015 1697 3602 1774">
    <p class='ocr_par' dir='ltr' id='par_1_61' title="bbox 2015 1697 3602 1774">
     <span class='ocr_line' id='line_1_61' title="bbox 2015 1697 3602 1774; baseline -0.003 -14"><span class='ocrx_word' id='word_1_444' title='bbox 2015 1706 2138 1760; x_wconf 88' lang='lat' dir='ltr'><strong>dem</strong></span> <span class='ocrx_word' id='word_1_445' title='bbox 2180 1716 2230 1759; x_wconf 89' lang='lat' dir='ltr'><strong>et</strong></span> <span class='ocrx_word' id='word_1_446' title='bbox 2279 1704 2608 1774; x_wconf 78' lang='lat' dir='ltr'><strong>pcenitentes</strong></span> <span class='ocrx_word' id='word_1_447' title='bbox 2639 1702 2706 1757; x_wconf 89' lang='lat' dir='ltr'><strong>ad</strong></span> <span class='ocrx_word' id='word_1_448' title='bbox 2753 1711 2971 1770; x_wconf 86' lang='lat' dir='ltr'><strong>tempus</strong></span> <span class='ocrx_word' id='word_1_449' title='bbox 3001 1711 3257 1771; x_wconf 80' lang='lat' dir='ltr'><strong>separant</strong></span> <span class='ocrx_word' id='word_1_450' title='bbox 3285 1717 3313 1755; x_wconf 89' lang='lat' dir='ltr'><strong>a</strong></span> <span class='ocrx_word' id='word_1_451' title='bbox 3349 1697 3602 1755; x_wconf 86' lang='lat' dir='ltr'><strong>commu-</strong></span> 
     </span>
    </p>
   </div>
   <div class='ocr_carea' id='block_1_62' title="bbox 2018 1785 3605 1869">
    <p class='ocr_par' dir='ltr' id='par_1_62' title="bbox 2018 1785 3605 1869">
     <span class='ocr_line' id='line_1_62' title="bbox 2018 1785 3605 1869; baseline -0.005 -15"><span class='ocrx_word' id='word_1_452' title='bbox 2018 1801 2204 1864; x_wconf 89' lang='lat' dir='ltr'><strong>nione,</strong></span> <span class='ocrx_word' id='word_1_453' title='bbox 2255 1807 2670 1869; x_wconf 83' lang='lat' dir='ltr'><strong>perseverantes</strong></span> <span class='ocrx_word' id='word_1_454' title='bbox 2700 1804 2883 1850; x_wconf 89' lang='lat' dir='ltr'><strong>autem</strong></span> <span class='ocrx_word' id='word_1_455' title='bbox 2934 1811 2962 1849; x_wconf 72' lang='grc' dir='ltr'><strong>ο</strong></span> <span class='ocrx_word' id='word_1_456' title='bbox 3003 1794 3108 1849; x_wconf 81' lang='lat' dir='ltr'><strong>fide</strong></span> <span class='ocrx_word' id='word_1_457' title='bbox 3162 1785 3605 1849; x_wconf 84' lang='lat' dir='ltr'><strong>Christianorum</strong></span> 
     </span>
    </p>
   </div>
   <div class='ocr_carea' id='block_1_63' title="bbox 1943 1883 2286 1960">
    <p class='ocr_par' dir='ltr' id='par_1_63' title="bbox 1943 1883 2286 1960">
     <span class='ocr_line' id='line_1_63' title="bbox 1943 1883 2286 1960; baseline -0.003 -15"><span class='ocrx_word' id='word_1_458' title='bbox 1943 1883 1984 1940; x_wconf 72' lang='grc' dir='ltr'><strong><em>Β</em></strong></span> <span class='ocrx_word' id='word_1_459' title='bbox 2014 1899 2286 1960; x_wconf 82' lang='lat' dir='ltr'><strong>separant.</strong></span> 
     </span>
    </p>
   </div>
   <div class='ocr_carea' id='block_1_64' title="bbox 2085 1979 3596 2041">
    <p class='ocr_par' dir='ltr' id='par_1_64' title="bbox 2085 1979 3596 2041">
     <span class='ocr_line' id='line_1_64' title="bbox 2085 1979 3596 2041; baseline -0.003 -5"><span class='ocrx_word' id='word_1_460' title='bbox 2085 1983 2175 2036; x_wconf 73' lang='grc'><strong>48.</strong></span> <span class='ocrx_word' id='word_1_461' title='bbox 2225 1983 2298 2038; x_wconf 91' lang='lat' dir='ltr'><strong>De</strong></span> <span class='ocrx_word' id='word_1_462' title='bbox 2354 1983 2736 2037; x_wconf 82' lang='lat' dir='ltr'><strong>cunuchorum</strong></span> <span class='ocrx_word' id='word_1_463' title='bbox 2787 1979 3118 2041; x_wconf 85' lang='lat' dir='ltr'><strong>dilTerentia,</strong></span> <span class='ocrx_word' id='word_1_464' title='bbox 3173 1987 3226 2033; x_wconf 87' lang='lat' dir='ltr'><strong>et</strong></span> <span class='ocrx_word' id='word_1_465' title='bbox 3281 1979 3425 2033; x_wconf 86' lang='lat' dir='ltr'><strong>unde</strong></span> <span class='ocrx_word' id='word_1_466' title='bbox 3461 1979 3596 2033; x_wconf 92' lang='lat' dir='ltr'><strong>illud</strong></span> 
     </span>
    </p>
   </div>
   <div class='ocr_carea' id='block_1_65' title="bbox 2017 2071 3604 2142">
    <p class='ocr_par' dir='ltr' id='par_1_65' title="bbox 2017 2071 3604 2142">
     <span class='ocr_line' id='line_1_65' title="bbox 2017 2071 3604 2142; baseline -0.003 -12"><span class='ocrx_word' id='word_1_467' title='bbox 2017 2077 2234 2131; x_wconf 89' lang='lat' dir='ltr'><strong>initittm</strong></span> <span class='ocrx_word' id='word_1_468' title='bbox 2279 2077 2476 2142; x_wconf 83' lang='lat' dir='ltr'><strong>duxit;</strong></span> <span class='ocrx_word' id='word_1_469' title='bbox 2541 2075 2724 2130; x_wconf 89' lang='lat' dir='ltr'><strong>adhuc</strong></span> <span class='ocrx_word' id='word_1_470' title='bbox 2775 2083 2957 2127; x_wconf 87' lang='lat' dir='ltr'><strong>autem</strong></span> <span class='ocrx_word' id='word_1_471' title='bbox 3007 2073 3074 2127; x_wconf 89' lang='lat' dir='ltr'><strong>de</strong></span> <span class='ocrx_word' id='word_1_472' title='bbox 3115 2071 3446 2141; x_wconf 82' lang='lat' dir='ltr'><strong>quihusdam</strong></span> <span class='ocrx_word' id='word_1_473' title='bbox 3482 2087 3604 2140; x_wconf 64' lang='lat' dir='ltr'><strong>quae</strong></span> 
     </span>
    </p>
   </div>
   <div class='ocr_carea' id='block_1_66' title="bbox 2019 2161 3598 2235">
    <p class='ocr_par' dir='ltr' id='par_1_66' title="bbox 2019 2161 3598 2235">
     <span class='ocr_line' id='line_1_66' title="bbox 2019 2161 3598 2235; baseline -0.004 -13"><span class='ocrx_word' id='word_1_474' title='bbox 2019 2178 2210 2222; x_wconf 86' lang='lat' dir='ltr'><strong>natura</strong></span> <span class='ocrx_word' id='word_1_475' title='bbox 2243 2169 2356 2223; x_wconf 90' lang='lat' dir='ltr'><strong>illic</strong></span> <span class='ocrx_word' id='word_1_476' title='bbox 2380 2167 2602 2232; x_wconf 82' lang='lat' dir='ltr'><strong>adsunt,</strong></span> <span class='ocrx_word' id='word_1_477' title='bbox 2647 2176 2698 2220; x_wconf 89' lang='lat' dir='ltr'><strong>et</strong></span> <span class='ocrx_word' id='word_1_478' title='bbox 2723 2166 2946 2235; x_wconf 82' lang='lat' dir='ltr'><strong>quando</strong></span> <span class='ocrx_word' id='word_1_479' title='bbox 2971 2175 3204 2234; x_wconf 90' lang='lat' dir='ltr'><strong>possunt</strong></span> <span class='ocrx_word' id='word_1_480' title='bbox 3234 2163 3348 2218; x_wconf 89' lang='lat' dir='ltr'><strong>fieri</strong></span> <span class='ocrx_word' id='word_1_481' title='bbox 3381 2161 3598 2216; x_wconf 86' lang='lat' dir='ltr'><strong>clerici:</strong></span> 
     </span>
    </p>
   </div>
   <div class='ocr_carea' id='block_1_67' title="bbox 2016 2254 3600 2332">
    <p class='ocr_par' dir='ltr' id='par_1_67' title="bbox 2016 2254 3600 2332">
     <span class='ocr_line' id='line_1_67' title="bbox 2016 2254 3600 2332; baseline -0.008 -15"><span class='ocrx_word' id='word_1_482' title='bbox 2016 2263 2246 2332; x_wconf 86' lang='lat' dir='ltr'><strong>etquod</strong></span> <span class='ocrx_word' id='word_1_483' title='bbox 2303 2277 2408 2314; x_wconf 91' lang='lat' dir='ltr'><strong>non</strong></span> <span class='ocrx_word' id='word_1_484' title='bbox 2441 2261 2762 2315; x_wconf 75' lang='lat' dir='ltr'><strong>eximuntur</strong></span> <span class='ocrx_word' id='word_1_485' title='bbox 2807 2275 2836 2312; x_wconf 91' lang='lat' dir='ltr'><strong>a</strong></span> <span class='ocrx_word' id='word_1_486' title='bbox 2881 2260 3140 2328; x_wconf 87' lang='lat' dir='ltr'><strong>passione</strong></span> <span class='ocrx_word' id='word_1_487' title='bbox 3188 2254 3600 2312; x_wconf 88' lang='lat' dir='ltr'><strong>fornicationis,</strong></span> 
     </span>
    </p>
   </div>
   <div class='ocr_carea' id='block_1_68' title="bbox 2017 2350 3601 2424">
    <p class='ocr_par' dir='ltr' id='par_1_68' title="bbox 2017 2350 3601 2424">
     <span class='ocr_line' id='line_1_68' title="bbox 2017 2350 3601 2424; baseline -0.004 -14"><span class='ocrx_word' id='word_1_488' title='bbox 2017 2355 2111 2410; x_wconf 88' lang='lat' dir='ltr'><strong>sed</strong></span> <span class='ocrx_word' id='word_1_489' title='bbox 2140 2355 2403 2409; x_wconf 86' lang='lat' dir='ltr'><strong>violenter</strong></span> <span class='ocrx_word' id='word_1_490' title='bbox 2441 2355 2832 2424; x_wconf 80' lang='lat' dir='ltr'><strong>impugnantur</strong></span> <span class='ocrx_word' id='word_1_491' title='bbox 2862 2369 2878 2416; x_wconf 86' lang='lat'><strong>;</strong></span> <span class='ocrx_word' id='word_1_492' title='bbox 2907 2361 2960 2405; x_wconf 91' lang='lat' dir='ltr'><strong>et</strong></span> <span class='ocrx_word' id='word_1_493' title='bbox 2991 2352 3134 2420; x_wconf 91' lang='lat' dir='ltr'><strong>quod</strong></span> <span class='ocrx_word' id='word_1_494' title='bbox 3169 2351 3356 2404; x_wconf 76' lang='lat' dir='ltr'><strong>clerici</strong></span> <span class='ocrx_word' id='word_1_495' title='bbox 3387 2350 3601 2419; x_wconf 79' lang='lat' dir='ltr'><strong>aliquos</strong></span> 
     </span>
    </p>
   </div>
   <div class='ocr_carea' id='block_1_69' title="bbox 2016 2445 3608 2514">
    <p class='ocr_par' dir='ltr' id='par_1_69' title="bbox 2016 2445 3608 2514">
     <span class='ocr_line' id='line_1_69' title="bbox 2016 2445 3608 2514; baseline -0.005 -12"><span class='ocrx_word' id='word_1_496' title='bbox 2016 2448 2302 2502; x_wconf 83' lang='lat' dir='ltr'><strong>eunuchos</strong></span> <span class='ocrx_word' id='word_1_497' title='bbox 2327 2447 2596 2500; x_wconf 89' lang='lat' dir='ltr'><strong>facientes</strong></span> <span class='ocrx_word' id='word_1_498' title='bbox 2625 2445 3006 2514; x_wconf 89' lang='lat' dir='ltr'><strong>deponuntur,</strong></span> <span class='ocrx_word' id='word_1_499' title='bbox 3027 2445 3150 2499; x_wconf 89' lang='lat' dir='ltr'><strong>laici</strong></span> <span class='ocrx_word' id='word_1_500' title='bbox 3187 2453 3366 2498; x_wconf 89' lang='lat' dir='ltr'><strong>autem</strong></span> <span class='ocrx_word' id='word_1_501' title='bbox 3389 2459 3418 2496; x_wconf 91' lang='lat' dir='ltr'><strong>a</strong></span> <span class='ocrx_word' id='word_1_502' title='bbox 3451 2457 3608 2498; x_wconf 87' lang='lat' dir='ltr'><strong>com-</strong></span> 
     </span>
    </p>
   </div>
   <div class='ocr_carea' id='block_1_70' title="bbox 2018 2542 2659 2608">
    <p class='ocr_par' dir='ltr' id='par_1_70' title="bbox 2018 2542 2659 2608">
     <span class='ocr_line' id='line_1_70' title="bbox 2018 2542 2659 2608; baseline -0.002 -15"><span class='ocrx_word' id='word_1_503' title='bbox 2018 2542 2278 2594; x_wconf 89' lang='lat' dir='ltr'><strong>munione</strong></span> <span class='ocrx_word' id='word_1_504' title='bbox 2311 2549 2659 2608; x_wconf 86' lang='lat' dir='ltr'><strong>separantur.</strong></span> 
     </span>
    </p>
   </div>
   <div class='ocr_carea' id='block_1_71' title="bbox 2087 2629 3604 2701">
    <p class='ocr_par' dir='ltr' id='par_1_71' title="bbox 2087 2629 3604 2701">
     <span class='ocr_line' id='line_1_71' title="bbox 2087 2629 3604 2701; baseline -0.001 -15"><span class='ocrx_word' id='word_1_505' title='bbox 2087 2635 2179 2689; x_wconf 66' lang='lat'><strong>49.</strong></span> <span class='ocrx_word' id='word_1_506' title='bbox 2207 2632 2281 2688; x_wconf 89' lang='lat' dir='ltr'><strong>De</strong></span> <span class='ocrx_word' id='word_1_507' title='bbox 2312 2634 2652 2686; x_wconf 82' lang='lat' dir='ltr'><strong>humilitate:</strong></span> <span class='ocrx_word' id='word_1_508' title='bbox 2683 2645 2737 2686; x_wconf 89' lang='lat' dir='ltr'><strong>et</strong></span> <span class='ocrx_word' id='word_1_509' title='bbox 2764 2631 2908 2701; x_wconf 85' lang='lat' dir='ltr'><strong>quod</strong></span> <span class='ocrx_word' id='word_1_510' title='bbox 2947 2647 3055 2684; x_wconf 87' lang='lat' dir='ltr'><strong>non</strong></span> <span class='ocrx_word' id='word_1_511' title='bbox 3093 2631 3215 2686; x_wconf 91' lang='lat' dir='ltr'><strong>illos</strong></span> <span class='ocrx_word' id='word_1_512' title='bbox 3241 2632 3334 2700; x_wconf 91' lang='lat' dir='ltr'><strong>qui</strong></span> <span class='ocrx_word' id='word_1_513' title='bbox 3365 2629 3604 2684; x_wconf 89' lang='lat' dir='ltr'><strong>humiles</strong></span> 
     </span>
    </p>
   </div>
   <div class='ocr_carea' id='block_1_72' title="bbox 2020 2721 3606 2797">
    <p class='ocr_par' dir='ltr' id='par_1_72' title="bbox 2020 2721 3606 2797">
     <span class='ocr_line' id='line_1_72' title="bbox 2020 2721 3606 2797; baseline -0.003 -17"><span class='ocrx_word' id='word_1_514' title='bbox 2020 2727 2153 2780; x_wconf 77' lang='lat' dir='ltr'><strong>:iuul</strong></span> <span class='ocrx_word' id='word_1_515' title='bbox 2177 2736 2397 2795; x_wconf 91' lang='lat' dir='ltr'><strong>propter</strong></span> <span class='ocrx_word' id='word_1_516' title='bbox 2419 2727 2717 2797; x_wconf 78' lang='lat' dir='ltr'><strong>quamdam</strong></span> <span class='ocrx_word' id='word_1_517' title='bbox 2747 2725 3161 2780; x_wconf 88' lang='lat' dir='ltr'><strong>iuferioritatem</strong></span> <span class='ocrx_word' id='word_1_518' title='bbox 3190 2723 3454 2777; x_wconf 82' lang='lat' dir='ltr'><strong>Dominus</strong></span> <span class='ocrx_word' id='word_1_519' title='bbox 3483 2721 3606 2776; x_wconf 83' lang='lat' dir='ltr'><strong>bea-</strong></span> 
     </span>
    </p>
   </div>
   <div class='ocr_carea' id='block_1_73' title="bbox 2019 2815 3603 2889">
    <p class='ocr_par' dir='ltr' id='par_1_73' title="bbox 2019 2815 3603 2889">
     <span class='ocr_line' id='line_1_73' title="bbox 2019 2815 3603 2889; baseline -0.004 -13"><span class='ocrx_word' id='word_1_520' title='bbox 2019 2831 2104 2876; x_wconf 89' lang='lat' dir='ltr'><strong>tos</strong></span> <span class='ocrx_word' id='word_1_521' title='bbox 2129 2821 2284 2883; x_wconf 84' lang='lat' dir='ltr'><strong>dicit,</strong></span> <span class='ocrx_word' id='word_1_522' title='bbox 2327 2823 2424 2876; x_wconf 90' lang='lat' dir='ltr'><strong>sed</strong></span> <span class='ocrx_word' id='word_1_523' title='bbox 2458 2819 2553 2889; x_wconf 91' lang='lat' dir='ltr'><strong>qui</strong></span> <span class='ocrx_word' id='word_1_524' title='bbox 2589 2823 2872 2874; x_wconf 76' lang='lat' dir='ltr'><strong>voluntate</strong></span> <span class='ocrx_word' id='word_1_525' title='bbox 2923 2819 3061 2872; x_wconf 85' lang='lat' dir='ltr'><strong>fiunt</strong></span> <span class='ocrx_word' id='word_1_526' title='bbox 3103 2827 3159 2872; x_wconf 90' lang='lat' dir='ltr'><strong>et</strong></span> <span class='ocrx_word' id='word_1_527' title='bbox 3211 2815 3603 2872; x_wconf 84' lang='lat' dir='ltr'><strong>observatione</strong></span> 
     </span>
    </p>
   </div>
   <div class='ocr_carea' id='block_1_74' title="bbox 2019 2908 3604 2982">
    <p class='ocr_par' dir='ltr' id='par_1_74' title="bbox 2019 2908 3604 2982">
     <span class='ocr_line' id='line_1_74' title="bbox 2019 2908 3604 2982; baseline -0.003 -18"><span class='ocrx_word' id='word_1_528' title='bbox 2019 2920 2416 2982; x_wconf 69' lang='lat' dir='ltr'><strong>praeceptorum</strong></span> <span class='ocrx_word' id='word_1_529' title='bbox 2445 2909 2538 2964; x_wconf 85' lang='lat' dir='ltr'><strong>Dei</strong></span> <span class='ocrx_word' id='word_1_530' title='bbox 2565 2927 2580 2968; x_wconf 88' lang='lat'>:</span> <span class='ocrx_word' id='word_1_531' title='bbox 2613 2919 2668 2965; x_wconf 90' lang='lat' dir='ltr'><strong>et</strong></span> <span class='ocrx_word' id='word_1_532' title='bbox 2701 2910 2920 2980; x_wconf 88' lang='lat' dir='ltr'><strong>qualem</strong></span> <span class='ocrx_word' id='word_1_533' title='bbox 2971 2909 3335 2963; x_wconf 84' lang='lat' dir='ltr'><strong>humilitatem</strong></span> <span class='ocrx_word' id='word_1_534' title='bbox 3363 2908 3604 2963; x_wconf 76' lang='lat' dir='ltr'><strong>Verbum</strong></span> 
     </span>
    </p>
   </div>
   <div class='ocr_carea' id='block_1_75' title="bbox 2019 2999 3606 3074">
    <p class='ocr_par' dir='ltr' id='par_1_75' title="bbox 2019 2999 3606 3074">
     <span class='ocr_line' id='line_1_75' title="bbox 2019 2999 3606 3074; baseline -0.004 -13"><span class='ocrx_word' id='word_1_535' title='bbox 2019 3007 2207 3072; x_wconf 87' lang='lat' dir='ltr'><strong>docet;</strong></span> <span class='ocrx_word' id='word_1_536' title='bbox 2234 3015 2287 3060; x_wconf 92' lang='lat' dir='ltr'><strong>et</strong></span> <span class='ocrx_word' id='word_1_537' title='bbox 2317 3005 2463 3074; x_wconf 89' lang='lat' dir='ltr'><strong>quod</strong></span> <span class='ocrx_word' id='word_1_538' title='bbox 2505 3004 2729 3073; x_wconf 82' lang='lat' dir='ltr'><strong>quando</strong></span> <span class='ocrx_word' id='word_1_539' title='bbox 2769 3005 2935 3056; x_wconf 91' lang='lat' dir='ltr'><strong>homo</strong></span> <span class='ocrx_word' id='word_1_540' title='bbox 2983 3002 3034 3056; x_wconf 89' lang='lat' dir='ltr'><strong>in</strong></span> <span class='ocrx_word' id='word_1_541' title='bbox 3073 3001 3287 3056; x_wconf 90' lang='lat' dir='ltr'><strong>incuria</strong></span> <span class='ocrx_word' id='word_1_542' title='bbox 3331 3000 3501 3070; x_wconf 84' lang='lat' dir='ltr'><strong>jacet,</strong></span> <span class='ocrx_word' id='word_1_543' title='bbox 3539 2999 3606 3054; x_wconf 86' lang='lat' dir='ltr'><strong>ad</strong></span> 
     </span>
    </p>
   </div>
   <div class='ocr_carea' id='block_1_76' title="bbox 2020 3093 3607 3166">
    <p class='ocr_par' dir='ltr' id='par_1_76' title="bbox 2020 3093 3607 3166">
     <span class='ocr_line' id='line_1_76' title="bbox 2020 3093 3607 3166; baseline -0.004 -14"><span class='ocrx_word' id='word_1_544' title='bbox 2020 3099 2168 3154; x_wconf 87' lang='lat' dir='ltr'><strong>illam</strong></span> <span class='ocrx_word' id='word_1_545' title='bbox 2207 3099 2506 3152; x_wconf 87' lang='lat' dir='ltr'><strong>ascendere</strong></span> <span class='ocrx_word' id='word_1_546' title='bbox 2550 3095 2760 3166; x_wconf 82' lang='lat' dir='ltr'><strong>nequit,</strong></span> <span class='ocrx_word' id='word_1_547' title='bbox 2809 3109 2875 3149; x_wconf 90' lang='lat' dir='ltr'><strong>eo</strong></span> <span class='ocrx_word' id='word_1_548' title='bbox 2901 3095 3049 3165; x_wconf 76' lang='lat' dir='ltr'><strong>quod</strong></span> <span class='ocrx_word' id='word_1_549' title='bbox 3087 3094 3262 3149; x_wconf 85' lang='lat' dir='ltr'><strong>nescit</strong></span> <span class='ocrx_word' id='word_1_550' title='bbox 3305 3093 3438 3162; x_wconf 87' lang='lat' dir='ltr'><strong>quid</strong></span> <span class='ocrx_word' id='word_1_551' title='bbox 3465 3093 3607 3147; x_wconf 88' lang='lat' dir='ltr'><strong>Deus</strong></span> 
     </span>
    </p>
   </div>
   <div class='ocr_carea' id='block_1_77' title="bbox 2019 3186 3606 3261">
    <p class='ocr_par' dir='ltr' id='par_1_77' title="bbox 2019 3186 3606 3261">
     <span class='ocr_line' id='line_1_77' title="bbox 2019 3186 3606 3261; baseline -0.004 -16"><span class='ocrx_word' id='word_1_552' title='bbox 2019 3193 2087 3245; x_wconf 88' lang='lat' dir='ltr'><strong>ab</strong></span> <span class='ocrx_word' id='word_1_553' title='bbox 2115 3207 2180 3246; x_wconf 91' lang='lat' dir='ltr'><strong>eo</strong></span> <span class='ocrx_word' id='word_1_554' title='bbox 2205 3199 2386 3261; x_wconf 82' lang='lat' dir='ltr'><strong>petat;</strong></span> <span class='ocrx_word' id='word_1_555' title='bbox 2413 3199 2468 3244; x_wconf 90' lang='lat' dir='ltr'><strong>et</strong></span> <span class='ocrx_word' id='word_1_556' title='bbox 2495 3190 2641 3260; x_wconf 89' lang='lat' dir='ltr'><strong>quod</strong></span> <span class='ocrx_word' id='word_1_557' title='bbox 2669 3188 2948 3259; x_wconf 83' lang='lat' dir='ltr'><strong>perfectus</strong></span> <span class='ocrx_word' id='word_1_558' title='bbox 2981 3201 3178 3256; x_wconf 84' lang='lat' dir='ltr'><strong>magna</strong></span> <span class='ocrx_word' id='word_1_559' title='bbox 3203 3188 3388 3250; x_wconf 90' lang='lat' dir='ltr'><strong>sentit,</strong></span> <span class='ocrx_word' id='word_1_560' title='bbox 3422 3186 3606 3240; x_wconf 89' lang='lat' dir='ltr'><strong>adhuc</strong></span> 
     </span>
    </p>
   </div>
   <div class='ocr_carea' id='block_1_78' title="bbox 2017 3278 3608 3347">
    <p class='ocr_par' dir='ltr' id='par_1_78' title="bbox 2017 3278 3608 3347">
     <span class='ocr_line' id='line_1_78' title="bbox 2017 3278 3608 3347; baseline -0.006 -8"><span class='ocrx_word' id='word_1_561' title='bbox 2017 3293 2200 3339; x_wconf 89' lang='lat' dir='ltr'><strong>autem</strong></span> <span class='ocrx_word' id='word_1_562' title='bbox 2229 3291 2284 3337; x_wconf 91' lang='lat' dir='ltr'><strong>et</strong></span> <span class='ocrx_word' id='word_1_563' title='bbox 2307 3283 2374 3338; x_wconf 87' lang='lat' dir='ltr'><strong>de</strong></span> <span class='ocrx_word' id='word_1_564' title='bbox 2402 3281 2573 3346; x_wconf 90' lang='lat' dir='ltr'><strong>luctu,</strong></span> <span class='ocrx_word' id='word_1_565' title='bbox 2609 3285 2674 3336; x_wconf 90' lang='lat' dir='ltr'><strong>de</strong></span> <span class='ocrx_word' id='word_1_566' title='bbox 2719 3280 3165 3342; x_wconf 86' lang='lat' dir='ltr'><strong>mansuetudine,</strong></span> <span class='ocrx_word' id='word_1_567' title='bbox 3207 3288 3260 3332; x_wconf 88' lang='lat' dir='ltr'><strong>et</strong></span> <span class='ocrx_word' id='word_1_568' title='bbox 3285 3278 3522 3347; x_wconf 79' lang='lat' dir='ltr'><strong>juStitia,</strong></span> <span class='ocrx_word' id='word_1_569' title='bbox 3553 3289 3608 3332; x_wconf 91' lang='lat' dir='ltr'><strong>et</strong></span> 
     </span>
    </p>
   </div>
   <div class='ocr_carea' id='block_1_79' title="bbox 2017 3369 3604 3446">
    <p class='ocr_par' dir='ltr' id='par_1_79' title="bbox 2017 3369 3604 3446">
     <span class='ocr_line' id='line_1_79' title="bbox 2017 3369 3604 3446; baseline -0.004 -16"><span class='ocrx_word' id='word_1_570' title='bbox 2017 3377 2197 3446; x_wconf 88' lang='lat' dir='ltr'><strong>qualis</strong></span> <span class='ocrx_word' id='word_1_571' title='bbox 2232 3375 2435 3430; x_wconf 89' lang='lat' dir='ltr'><strong>dicitur</strong></span> <span class='ocrx_word' id='word_1_572' title='bbox 2469 3374 2709 3428; x_wconf 89' lang='lat' dir='ltr'><strong>mundus</strong></span> <span class='ocrx_word' id='word_1_573' title='bbox 2735 3373 2936 3434; x_wconf 87' lang='lat' dir='ltr'><strong>corde;</strong></span> <span class='ocrx_word' id='word_1_574' title='bbox 2972 3371 3198 3441; x_wconf 88' lang='lat' dir='ltr'><strong>etquod</strong></span> <span class='ocrx_word' id='word_1_575' title='bbox 3237 3369 3604 3440; x_wconf 87' lang='lat' dir='ltr'><strong>perfectorum</strong></span> 
     </span>
    </p>
   </div>
   <div class='ocr_carea' id='block_1_80' title="bbox 2017 3462 3604 3539">
    <p class='ocr_par' dir='ltr' id='par_1_80' title="bbox 2017 3462 3604 3539">
     <span class='ocr_line' id='line_1_80' title="bbox 2017 3462 3604 3539; baseline -0.006 -15"><span class='ocrx_word' id='word_1_576' title='bbox 2017 3480 2097 3524; x_wconf 89' lang='lat' dir='ltr'><strong>cst</strong></span> <span class='ocrx_word' id='word_1_577' title='bbox 2129 3468 2418 3539; x_wconf 82' lang='lat' dir='ltr'><strong>paciﬁcare</strong></span> <span class='ocrx_word' id='word_1_578' title='bbox 2437 3467 2726 3529; x_wconf 88' lang='lat' dir='ltr'><strong>bellantes,</strong></span> <span class='ocrx_word' id='word_1_579' title='bbox 2747 3465 3074 3520; x_wconf 87' lang='lat' dir='ltr'><strong>debiliorum</strong></span> <span class='ocrx_word' id='word_1_580' title='bbox 3105 3473 3290 3516; x_wconf 90' lang='lat' dir='ltr'><strong>autem</strong></span> <span class='ocrx_word' id='word_1_581' title='bbox 3321 3462 3604 3531; x_wconf 87' lang='lat' dir='ltr'><strong>propriutn</strong></span> 
     </span>
    </p>
   </div>
   <div class='ocr_carea' id='block_1_81' title="bbox 2017 3555 3607 3632">
    <p class='ocr_par' dir='ltr' id='par_1_81' title="bbox 2017 3555 3607 3632">
     <span class='ocr_line' id='line_1_81' title="bbox 2017 3555 3607 3632; baseline -0.007 -12"><span class='ocrx_word' id='word_1_582' title='bbox 2017 3580 2134 3628; x_wconf 88' lang='lat' dir='ltr'><strong>cor,</strong></span> <span class='ocrx_word' id='word_1_583' title='bbox 2184 3573 2238 3618; x_wconf 78' lang='lat' dir='ltr'><strong>et</strong></span> <span class='ocrx_word' id='word_1_584' title='bbox 2282 3577 2380 3617; x_wconf 88' lang='lat' dir='ltr'><strong>eor</strong></span> <span class='ocrx_word' id='word_1_585' title='bbox 2427 3577 2620 3616; x_wconf 87' lang='lat' dir='ltr'><strong>eorum</strong></span> <span class='ocrx_word' id='word_1_586' title='bbox 2667 3575 2809 3632; x_wconf 87' lang='lat' dir='ltr'><strong>quos</strong></span> <span class='ocrx_word' id='word_1_587' title='bbox 2856 3559 2958 3629; x_wconf 91' lang='lat' dir='ltr'><strong>ipsi</strong></span> <span class='ocrx_word' id='word_1_588' title='bbox 3009 3567 3232 3629; x_wconf 89' lang='lat' dir='ltr'><strong>propter</strong></span> <span class='ocrx_word' id='word_1_589' title='bbox 3277 3555 3446 3610; x_wconf 90' lang='lat' dir='ltr'><strong>Deum</strong></span> <span class='ocrx_word' id='word_1_590' title='bbox 3478 3555 3607 3610; x_wconf 83' lang='lat' dir='ltr'><strong>dili-</strong></span> 
     </span>
    </p>
   </div>
   <div class='ocr_carea' id='block_1_82' title="bbox 2019 3664 2174 3728">
    <p class='ocr_par' dir='ltr' id='par_1_82' title="bbox 2019 3664 2174 3728">
     <span class='ocr_line' id='line_1_82' title="bbox 2019 3664 2174 3728; baseline 0 -20"><span class='ocrx_word' id='word_1_591' title='bbox 2019 3664 2174 3728; x_wconf 78' lang='lat' dir='ltr'><strong>gunt.</strong></span> 
     </span>
    </p>
   </div>
   <div class='ocr_carea' id='block_1_83' title="bbox 2092 3741 3604 3812">
    <p class='ocr_par' dir='ltr' id='par_1_83' title="bbox 2092 3741 3604 3812">
     <span class='ocr_line' id='line_1_83' title="bbox 2092 3741 3604 3812; baseline -0.005 -10"><span class='ocrx_word' id='word_1_592' title='bbox 2092 3747 2184 3803; x_wconf 78' lang='lat'><strong>50.</strong></span> <span class='ocrx_word' id='word_1_593' title='bbox 2216 3745 2372 3812; x_wconf 87' lang='lat' dir='ltr'><strong>Quod</strong></span> <span class='ocrx_word' id='word_1_594' title='bbox 2421 3745 2638 3799; x_wconf 90' lang='lat' dir='ltr'><strong>Domini</strong></span> <span class='ocrx_word' id='word_1_595' title='bbox 2691 3743 2947 3798; x_wconf 86' lang='lat' dir='ltr'><strong>mandata</strong></span> <span class='ocrx_word' id='word_1_596' title='bbox 2985 3741 3246 3812; x_wconf 77' lang='lat' dir='ltr'><strong>praeferre</strong></span> <span class='ocrx_word' id='word_1_597' title='bbox 3276 3750 3518 3811; x_wconf 86' lang='lat' dir='ltr'><strong>oportet,</strong></span> <span class='ocrx_word' id='word_1_598' title='bbox 3551 3743 3604 3795; x_wconf 91' lang='lat' dir='ltr'><strong>in</strong></span> 
     </span>
    </p>
   </div>
   <div class='ocr_carea' id='block_1_84' title="bbox 2021 3832 3610 3902">
    <p class='ocr_par' dir='ltr' id='par_1_84' title="bbox 2021 3832 3610 3902">
     <span class='ocr_line' id='line_1_84' title="bbox 2021 3832 3610 3902; baseline -0.004 -9"><span class='ocrx_word' id='word_1_599' title='bbox 2021 3838 2264 3893; x_wconf 82' lang='lat' dir='ltr'><strong>secundo</strong></span> <span class='ocrx_word' id='word_1_600' title='bbox 2297 3845 2477 3891; x_wconf 89' lang='lat' dir='ltr'><strong>autem</strong></span> <span class='ocrx_word' id='word_1_601' title='bbox 2509 3835 2632 3888; x_wconf 91' lang='lat' dir='ltr'><strong>loco</strong></span> <span class='ocrx_word' id='word_1_602' title='bbox 2659 3835 2944 3887; x_wconf 89' lang='lat' dir='ltr'><strong>hominum</strong></span> <span class='ocrx_word' id='word_1_603' title='bbox 2978 3833 3336 3888; x_wconf 85' lang='lat' dir='ltr'><strong>traditiones:</strong></span> <span class='ocrx_word' id='word_1_604' title='bbox 3376 3841 3430 3886; x_wconf 88' lang='lat' dir='ltr'><strong>et</strong></span> <span class='ocrx_word' id='word_1_605' title='bbox 3461 3832 3610 3902; x_wconf 89' lang='lat' dir='ltr'><strong>quod</strong></span> 
     </span>
    </p>
   </div>
   <div class='ocr_carea' id='block_1_85' title="bbox 2022 3925 3608 4000">
    <p class='ocr_par' dir='ltr' id='par_1_85' title="bbox 2022 3925 3608 4000">
     <span class='ocr_line' id='line_1_85' title="bbox 2022 3925 3608 4000; baseline -0.005 -16"><span class='ocrx_word' id='word_1_606' title='bbox 2022 3931 2097 3984; x_wconf 76' lang='lat' dir='ltr'><strong>iiii</strong></span> <span class='ocrx_word' id='word_1_607' title='bbox 2133 3931 2224 4000; x_wconf 90' lang='lat' dir='ltr'><strong>qui</strong></span> <span class='ocrx_word' id='word_1_608' title='bbox 2257 3930 2514 3983; x_wconf 86' lang='lat' dir='ltr'><strong>mandata</strong></span> <span class='ocrx_word' id='word_1_609' title='bbox 2549 3927 2769 3981; x_wconf 88' lang='lat' dir='ltr'><strong>Domini</strong></span> <span class='ocrx_word' id='word_1_610' title='bbox 2817 3943 2923 3981; x_wconf 90' lang='lat' dir='ltr'><strong>non</strong></span> <span class='ocrx_word' id='word_1_611' title='bbox 2972 3937 3214 3986; x_wconf 82' lang='lat' dir='ltr'><strong>servant.</strong></span> <span class='ocrx_word' id='word_1_612' title='bbox 3257 3925 3482 3981; x_wconf 88' lang='lat' dir='ltr'><strong>student</strong></span> <span class='ocrx_word' id='word_1_613' title='bbox 3509 3939 3608 3978; x_wconf 89' lang='lat' dir='ltr'><strong>au-</strong></span> 
     </span>
    </p>
   </div>
   <div class='ocr_carea' id='block_1_86' title="bbox 2023 4018 3612 4091">
    <p class='ocr_par' dir='ltr' id='par_1_86' title="bbox 2023 4018 3612 4091">
     <span class='ocr_line' id='line_1_86' title="bbox 2023 4018 3612 4091; baseline -0.003 -14"><span class='ocrx_word' id='word_1_614' title='bbox 2023 4033 2129 4077; x_wconf 87' lang='lat' dir='ltr'><strong>tem</strong></span> <span class='ocrx_word' id='word_1_615' title='bbox 2169 4024 2252 4077; x_wconf 85' lang='lat' dir='ltr'><strong>his</strong></span> <span class='ocrx_word' id='word_1_616' title='bbox 2295 4038 2436 4091; x_wconf 86' lang='lat' dir='ltr'><strong>quas</strong></span> <span class='ocrx_word' id='word_1_617' title='bbox 2475 4031 2676 4076; x_wconf 80' lang='lat' dir='ltr'><strong>vocant</strong></span> <span class='ocrx_word' id='word_1_618' title='bbox 2720 4029 2934 4090; x_wconf 89' lang='lat' dir='ltr'><strong>patrutn</strong></span> <span class='ocrx_word' id='word_1_619' title='bbox 2975 4019 3388 4084; x_wconf 85' lang='lat' dir='ltr'><strong>traditionibus,</strong></span> <span class='ocrx_word' id='word_1_620' title='bbox 3421 4027 3474 4071; x_wconf 90' lang='lat' dir='ltr'><strong>et</strong></span> <span class='ocrx_word' id='word_1_621' title='bbox 3509 4018 3612 4072; x_wconf 89' lang='lat' dir='ltr'><strong>hoc</strong></span> 
     </span>
    </p>
   </div>
   <div class='ocr_carea' id='block_1_87' title="bbox 2022 4109 3609 4186">
    <p class='ocr_par' dir='ltr' id='par_1_87' title="bbox 2022 4109 3609 4186">
     <span class='ocr_line' id='line_1_87' title="bbox 2022 4109 3609 4186; baseline -0.004 -16"><span class='ocrx_word' id='word_1_622' title='bbox 2022 4119 2200 4186; x_wconf 85' lang='lat' dir='ltr'><strong>ipsum</strong></span> <span class='ocrx_word' id='word_1_623' title='bbox 2235 4126 2296 4170; x_wconf 89' lang='lat' dir='ltr'><strong>ut</strong></span> <span class='ocrx_word' id='word_1_624' title='bbox 2345 4115 2662 4170; x_wconf 90' lang='lat' dir='ltr'><strong>hominibus</strong></span> <span class='ocrx_word' id='word_1_625' title='bbox 2692 4113 2945 4182; x_wconf 89' lang='lat' dir='ltr'><strong>placeant</strong></span> <span class='ocrx_word' id='word_1_626' title='bbox 2978 4118 3176 4180; x_wconf 82' lang='lat' dir='ltr'><strong>agunt;</strong></span> <span class='ocrx_word' id='word_1_627' title='bbox 3211 4109 3400 4164; x_wconf 89' lang='lat' dir='ltr'><strong>adhuc</strong></span> <span class='ocrx_word' id='word_1_628' title='bbox 3443 4109 3609 4164; x_wconf 86' lang='lat' dir='ltr'><strong>etiam</strong></span> 
     </span>
    </p>
   </div>
   <div class='ocr_carea' id='block_1_88' title="bbox 2021 4200 3610 4274">
    <p class='ocr_par' dir='ltr' id='par_1_88' title="bbox 2021 4200 3610 4274">
     <span class='ocr_line' id='line_1_88' title="bbox 2021 4200 3610 4274; baseline -0.007 -10"><span class='ocrx_word' id='word_1_629' title='bbox 2021 4211 2089 4264; x_wconf 85' lang='lat' dir='ltr'><strong>de</strong></span> <span class='ocrx_word' id='word_1_630' title='bbox 2135 4207 2550 4264; x_wconf 86' lang='lat' dir='ltr'><strong>discriminibus</strong></span> <span class='ocrx_word' id='word_1_631' title='bbox 2600 4221 2724 4274; x_wconf 75' lang='lat' dir='ltr'><strong>qua:</strong></span> <span class='ocrx_word' id='word_1_632' title='bbox 2771 4219 2868 4274; x_wconf 88' lang='lat' dir='ltr'><strong>per</strong></span> <span class='ocrx_word' id='word_1_633' title='bbox 2920 4201 3236 4257; x_wconf 75' lang='lat' dir='ltr'><strong>differentes</strong></span> <span class='ocrx_word' id='word_1_634' title='bbox 3290 4200 3610 4271; x_wconf 75' lang='lat' dir='ltr'><strong>Scriptura</strong></span> 
     </span>
    </p>
   </div>
   <div class='ocr_carea' id='block_1_89' title="bbox 2023 4293 3610 4366">
    <p class='ocr_par' dir='ltr' id='par_1_89' title="bbox 2023 4293 3610 4366">
     <span class='ocr_line' id='line_1_89' title="bbox 2023 4293 3610 4366; baseline -0.006 -9"><span class='ocrx_word' id='word_1_635' title='bbox 2023 4303 2411 4358; x_wconf 85' lang='lat' dir='ltr'><strong>instituuntur.</strong></span> <span class='ocrx_word' id='word_1_636' title='bbox 2457 4300 2524 4354; x_wconf 90' lang='lat' dir='ltr'><strong>de</strong></span> <span class='ocrx_word' id='word_1_637' title='bbox 2559 4297 2826 4366; x_wconf 85' lang='lat' dir='ltr'><strong>subjectis</strong></span> <span class='ocrx_word' id='word_1_638' title='bbox 2873 4311 2999 4366; x_wconf 81' lang='lat' dir='ltr'><strong>quae</strong></span> <span class='ocrx_word' id='word_1_639' title='bbox 3051 4295 3253 4349; x_wconf 91' lang='lat' dir='ltr'><strong>habent</strong></span> <span class='ocrx_word' id='word_1_640' title='bbox 3279 4293 3505 4363; x_wconf 87' lang='lat' dir='ltr'><strong>quidem</strong></span> <span class='ocrx_word' id='word_1_641' title='bbox 3553 4293 3610 4348; x_wconf 92' lang='lat' dir='ltr'><strong>in</strong></span> 
     </span>
    </p>
   </div>
   <div class='ocr_carea' id='block_1_90' title="bbox 2019 4385 3608 4463">
    <p class='ocr_par' dir='ltr' id='par_1_90' title="bbox 2019 4385 3608 4463">
     <span class='ocr_line' id='line_1_90' title="bbox 2019 4385 3608 4463; baseline -0.006 -15"><span class='ocrx_word' id='word_1_642' title='bbox 2019 4393 2250 4463; x_wconf 84' lang='lat' dir='ltr'><strong>legendo</strong></span> <span class='ocrx_word' id='word_1_643' title='bbox 2285 4406 2450 4444; x_wconf 89' lang='lat' dir='ltr'><strong>unam</strong></span> <span class='ocrx_word' id='word_1_644' title='bbox 2481 4403 2689 4453; x_wconf 71' lang='lat' dir='ltr'><strong>vocem,</strong></span> <span class='ocrx_word' id='word_1_645' title='bbox 2727 4387 3002 4457; x_wconf 82' lang='lat' dir='ltr'><strong>duplicem</strong></span> <span class='ocrx_word' id='word_1_646' title='bbox 3039 4395 3224 4440; x_wconf 89' lang='lat' dir='ltr'><strong>autem</strong></span> <span class='ocrx_word' id='word_1_647' title='bbox 3251 4398 3305 4442; x_wconf 91' lang='lat' dir='ltr'><strong>et</strong></span> <span class='ocrx_word' id='word_1_648' title='bbox 3335 4385 3608 4454; x_wconf 86' lang='lat' dir='ltr'><strong>triplicem</strong></span> 
     </span>
    </p>
   </div>
   <div class='ocr_carea' id='block_1_91' title="bbox 2023 4479 3611 4557">
    <p class='ocr_par' dir='ltr' id='par_1_91' title="bbox 2023 4479 3611 4557">
     <span class='ocr_line' id='line_1_91' title="bbox 2023 4479 3611 4557; baseline -0.005 -16"><span class='ocrx_word' id='word_1_649' title='bbox 2023 4484 2464 4557; x_wconf 81' lang='lat' dir='ltr'><strong>intelligentiam,</strong></span> <span class='ocrx_word' id='word_1_650' title='bbox 2483 4493 2541 4536; x_wconf 78' lang='grc' dir='ltr'><strong>ιιι</strong></span> <span class='ocrx_word' id='word_1_651' title='bbox 2559 4481 2944 4552; x_wconf 71' lang='lat' dir='ltr'><strong>intelligentia,</strong></span> <span class='ocrx_word' id='word_1_652' title='bbox 2965 4480 3237 4543; x_wconf 75' lang='lat' dir='ltr'><strong>voluntas,</strong></span> <span class='ocrx_word' id='word_1_653' title='bbox 3261 4479 3611 4548; x_wconf 84' lang='lat' dir='ltr'><strong>simplicitas,</strong></span> 
     </span>
    </p>
   </div>
   <div class='ocr_carea' id='block_1_92' title="bbox 327 4559 1918 4649">
    <p class='ocr_par' dir='ltr' id='par_1_92' title="bbox 327 4559 1918 4633">
     <span class='ocr_line' id='line_1_92' title="bbox 327 4559 1918 4633; baseline 0.002 -19"><span class='ocrx_word' id='word_1_654' title='bbox 327 4561 428 4614; x_wconf 78' lang='grc' dir='ltr'>καὶ</span> <span class='ocrx_word' id='word_1_655' title='bbox 471 4561 504 4630; x_wconf 86' lang='grc' dir='ltr'><strong>ἡ</strong></span> <span class='ocrx_word' id='word_1_656' title='bbox 541 4559 828 4633; x_wconf 82' lang='grc' dir='ltr'>φρόνησις,</span> <span class='ocrx_word' id='word_1_657' title='bbox 859 4563 955 4615; x_wconf 80' lang='grc' dir='ltr'><strong>καὶ</strong></span> <span class='ocrx_word' id='word_1_658' title='bbox 989 4563 1020 4628; x_wconf 89' lang='grc' dir='ltr'><strong>ή</strong></span> <span class='ocrx_word' id='word_1_659' title='bbox 1053 4562 1282 4626; x_wconf 85' lang='grc' dir='ltr'>ἀκακία,</span> <span class='ocrx_word' id='word_1_660' title='bbox 1312 4562 1484 4615; x_wconf 88' lang='grc' dir='ltr'>ταῦτα</span> <span class='ocrx_word' id='word_1_661' title='bbox 1509 4565 1686 4616; x_wconf 86' lang='grc' dir='ltr'>πάντα</span> <span class='ocrx_word' id='word_1_662' title='bbox 1727 4563 1918 4626; x_wconf 84' lang='grc' dir='ltr'>διπλᾶς</span> 
     </span>
    </p>
   </div>
   <div class='ocr_carea' id='block_1_93' title="bbox 2028 4559 3616 4649">
    <p class='ocr_par' dir='ltr' id='par_1_93' title="bbox 2031 4571 3616 4649">
     <span class='ocr_line' id='line_1_93' title="bbox 2031 4571 3616 4649; baseline -0.003 -18"><span class='ocrx_word' id='word_1_663' title='bbox 2031 4578 2340 4649; x_wconf 87' lang='lat' dir='ltr'><strong>prudentia,</strong></span> <span class='ocrx_word' id='word_1_664' title='bbox 2371 4575 2706 4636; x_wconf 85' lang='lat' dir='ltr'><strong>innocentia,</strong></span> <span class='ocrx_word' id='word_1_665' title='bbox 2741 4575 2857 4628; x_wconf 70' lang='lat' dir='ltr'><strong>hrec</strong></span> <span class='ocrx_word' id='word_1_666' title='bbox 2888 4573 3074 4626; x_wconf 87' lang='lat' dir='ltr'><strong>omnia</strong></span> <span class='ocrx_word' id='word_1_667' title='bbox 3104 4571 3374 4642; x_wconf 83' lang='lat' dir='ltr'><strong>duplicem</strong></span> <span class='ocrx_word' id='word_1_668' title='bbox 3409 4574 3616 4627; x_wconf 86' lang='lat' dir='ltr'><strong>habent</strong></span> 
     </span>
    </p>
   </div>
   <div class='ocr_carea' id='block_1_94' title="bbox 327 4653 1925 4726">
    <p class='ocr_par' dir='ltr' id='par_1_94' title="bbox 327 4653 1925 4726">
     <span class='ocr_line' id='line_1_94' title="bbox 327 4653 1925 4726; baseline 0.001 -19"><span class='ocrx_word' id='word_1_669' title='bbox 327 4653 516 4724; x_wconf 68' lang='grc' dir='ltr'>ἔχουσι</span> <span class='ocrx_word' id='word_1_670' title='bbox 552 4655 652 4718; x_wconf 84' lang='grc' dir='ltr'><strong>τὰς</strong></span> <span class='ocrx_word' id='word_1_671' title='bbox 677 4653 960 4725; x_wconf 83' lang='grc' dir='ltr'>διαφορὰς,</span> <span class='ocrx_word' id='word_1_672' title='bbox 994 4656 1161 4726; x_wconf 74' lang='grc' dir='ltr'>ἤγουν</span> <span class='ocrx_word' id='word_1_673' title='bbox 1196 4657 1465 4726; x_wconf 80' lang='grc' dir='ltr'>σαρκικὴν</span> <span class='ocrx_word' id='word_1_674' title='bbox 1511 4657 1605 4708; x_wconf 80' lang='grc' dir='ltr'><strong>καὶ</strong></span> <span class='ocrx_word' id='word_1_675' title='bbox 1627 4673 1925 4726; x_wconf 85' lang='grc' dir='ltr'>πνευματι-</span> 
     </span>
    </p>
   </div>
   <div class='ocr_carea' id='block_1_95' title="bbox 331 4746 1925 4820">
    <p class='ocr_par' dir='ltr' id='par_1_95' title="bbox 331 4746 1925 4820">
     <span class='ocr_line' id='line_1_95' title="bbox 331 4746 1925 4820; baseline 0.001 -19"><span class='ocrx_word' id='word_1_676' title='bbox 331 4748 441 4817; x_wconf 86' lang='grc' dir='ltr'>κήν</span> <span class='ocrx_word' id='word_1_677' title='bbox 472 4763 486 4778; x_wconf 92' lang='grc'><strong>·</strong></span> <span class='ocrx_word' id='word_1_678' title='bbox 523 4746 604 4800; x_wconf 83' lang='grc' dir='ltr'>ἑτι</span> <span class='ocrx_word' id='word_1_679' title='bbox 643 4747 700 4800; x_wconf 85' lang='grc' dir='ltr'>δὲ</span> <span class='ocrx_word' id='word_1_680' title='bbox 728 4747 825 4800; x_wconf 76' lang='grc' dir='ltr'><strong>καὶ</strong></span> <span class='ocrx_word' id='word_1_681' title='bbox 867 4747 996 4818; x_wconf 77' lang='grc' dir='ltr'>περὶ</span> <span class='ocrx_word' id='word_1_682' title='bbox 1050 4747 1422 4818; x_wconf 79' lang='grc' dir='ltr'>δικαιοσύνης,</span> <span class='ocrx_word' id='word_1_683' title='bbox 1465 4749 1559 4800; x_wconf 74' lang='grc' dir='ltr'>καὶ</span> <span class='ocrx_word' id='word_1_684' title='bbox 1615 4751 1925 4820; x_wconf 75' lang='grc' dir='ltr'>ἁγιότητος,</span> 
     </span>
    </p>
   </div>
   <div class='ocr_carea' id='block_1_96' title="bbox 330 4839 1566 4911">
    <p class='ocr_par' dir='ltr' id='par_1_96' title="bbox 330 4839 1566 4911">
     <span class='ocr_line' id='line_1_96' title="bbox 330 4839 1566 4911; baseline 0 -16"><span class='ocrx_word' id='word_1_685' title='bbox 330 4841 430 4895; x_wconf 82' lang='grc' dir='ltr'>καὶ</span> <span class='ocrx_word' id='word_1_686' title='bbox 458 4839 576 4904; x_wconf 86' lang='grc' dir='ltr'>πῶς</span> <span class='ocrx_word' id='word_1_687' title='bbox 607 4841 734 4904; x_wconf 80' lang='grc' dir='ltr'>τοὺς</span> <span class='ocrx_word' id='word_1_688' title='bbox 767 4839 990 4910; x_wconf 79' lang='grc' dir='ltr'>ἔχοντας</span> <span class='ocrx_word' id='word_1_689' title='bbox 1011 4841 1182 4894; x_wconf 85' lang='grc' dir='ltr'>ταῦτα</span> <span class='ocrx_word' id='word_1_690' title='bbox 1200 4843 1566 4911; x_wconf 79' lang='grc' dir='ltr'>γνωρίσομεν.</span> 
     </span>
    </p>
   </div>
   <div class='ocr_carea' id='block_1_97' title="bbox 403 4933 1926 5009">
    <p class='ocr_par' dir='ltr' id='par_1_97' title="bbox 403 4933 1926 5009">
     <span class='ocr_line' id='line_1_97' title="bbox 403 4933 1926 5009; baseline 0.002 -22"><span class='ocrx_word' id='word_1_691' title='bbox 403 4933 505 4988; x_wconf 86' lang='grc' dir='ltr'>να’.</span> <span class='ocrx_word' id='word_1_692' title='bbox 541 4935 675 5005; x_wconf 75' lang='grc' dir='ltr'>Περὶ</span> <span class='ocrx_word' id='word_1_693' title='bbox 713 4935 1004 5004; x_wconf 81' lang='grc' dir='ltr'>μετανοίας</span> <span class='ocrx_word' id='word_1_694' title='bbox 1035 4937 1098 4988; x_wconf 78' lang='grc' dir='ltr'>ὲκ</span> <span class='ocrx_word' id='word_1_695' title='bbox 1129 4936 1236 4988; x_wconf 81' lang='grc' dir='ltr'><strong>τῶν</strong></span> <span class='ocrx_word' id='word_1_696' title='bbox 1279 4935 1438 4989; x_wconf 87' lang='grc' dir='ltr'>θείων</span> <span class='ocrx_word' id='word_1_697' title='bbox 1461 4937 1695 5006; x_wconf 86' lang='grc' dir='ltr'>Γραφῶν</span> <span class='ocrx_word' id='word_1_698' title='bbox 1719 4954 1926 5009; x_wconf 85' lang='grc' dir='ltr'>μαρτυ-</span> 
     </span>
    </p>
   </div>
   <div class='ocr_carea' id='block_1_98' title="bbox 335 5024 1728 5096">
    <p class='ocr_par' dir='ltr' id='par_1_98' title="bbox 335 5024 1728 5096">
     <span class='ocr_line' id='line_1_98' title="bbox 335 5024 1728 5096; baseline 0.004 -20"><span class='ocrx_word' id='word_1_699' title='bbox 335 5024 450 5096; x_wconf 84' lang='grc' dir='ltr'>ρίαι</span> <span class='ocrx_word' id='word_1_700' title='bbox 479 5038 494 5053; x_wconf 79' lang='grc'><strong><em>⁸</em></strong></span> <span class='ocrx_word' id='word_1_701' title='bbox 525 5026 620 5078; x_wconf 75' lang='grc' dir='ltr'>καὶ</span> <span class='ocrx_word' id='word_1_702' title='bbox 655 5024 775 5086; x_wconf 84' lang='grc' dir='ltr'><strong>πῶς</strong></span> <span class='ocrx_word' id='word_1_703' title='bbox 811 5024 892 5076; x_wconf 87' lang='grc' dir='ltr'><strong>δεῖ</strong></span> <span class='ocrx_word' id='word_1_704' title='bbox 910 5025 1261 5094; x_wconf 76' lang='grc' dir='ltr'>ἐξαγορεύειν</span> <span class='ocrx_word' id='word_1_705' title='bbox 1301 5027 1394 5078; x_wconf 81' lang='grc' dir='ltr'><strong>καὶ</strong></span> <span class='ocrx_word' id='word_1_706' title='bbox 1425 5029 1728 5093; x_wconf 82' lang='grc' dir='ltr'>μετανοεῖν.</span> 
     </span>
    </p>
   </div>
   <div class='ocr_carea' id='block_1_99' title="bbox 410 5115 1928 5188">
    <p class='ocr_par' dir='ltr' id='par_1_99' title="bbox 410 5115 1928 5188">
     <span class='ocr_line' id='line_1_99' title="bbox 410 5115 1928 5188; baseline 0.003 -20"><span class='ocrx_word' id='word_1_707' title='bbox 410 5115 514 5184; x_wconf 83' lang='grc' dir='ltr'>νβ’.</span> <span class='ocrx_word' id='word_1_708' title='bbox 549 5116 960 5187; x_wconf 78' lang='grc' dir='ltr'>’Υποδείγματα</span> <span class='ocrx_word' id='word_1_709' title='bbox 1003 5119 1134 5188; x_wconf 76' lang='grc' dir='ltr'>περὶ</span> <span class='ocrx_word' id='word_1_710' title='bbox 1206 5120 1522 5188; x_wconf 86' lang='grc' dir='ltr'>μετανοίας,</span> <span class='ocrx_word' id='word_1_711' title='bbox 1585 5121 1680 5172; x_wconf 78' lang='grc' dir='ltr'>καὶ</span> <span class='ocrx_word' id='word_1_712' title='bbox 1735 5118 1928 5188; x_wconf 75' lang='grc' dir='ltr'>ἐξαγο-</span> 
     </span>
    </p>
   </div>
   <div class='ocr_carea' id='block_1_100' title="bbox 337 5207 1926 5282">
    <p class='ocr_par' dir='ltr' id='par_1_100' title="bbox 337 5207 1926 5282">
     <span class='ocr_line' id='line_1_100' title="bbox 337 5207 1926 5282; baseline 0.004 -23"><span class='ocrx_word' id='word_1_713' title='bbox 337 5207 580 5280; x_wconf 83' lang='grc' dir='ltr'>ρεύσεως</span> <span class='ocrx_word' id='word_1_714' title='bbox 601 5225 614 5240; x_wconf 89' lang='grc'><strong>·</strong></span> <span class='ocrx_word' id='word_1_715' title='bbox 647 5209 742 5260; x_wconf 78' lang='grc' dir='ltr'><strong>καὶ</strong></span> <span class='ocrx_word' id='word_1_716' title='bbox 763 5209 844 5260; x_wconf 84' lang='grc' dir='ltr'><strong>ὅτι</strong></span> <span class='ocrx_word' id='word_1_717' title='bbox 876 5209 936 5260; x_wconf 86' lang='grc' dir='ltr'>οὺ</span> <span class='ocrx_word' id='word_1_718' title='bbox 997 5209 1102 5278; x_wconf 85' lang='grc' dir='ltr'>χρὴ</span> <span class='ocrx_word' id='word_1_719' title='bbox 1133 5209 1230 5271; x_wconf 72' lang='grc' dir='ltr'><strong>τὰς</strong></span> <span class='ocrx_word' id='word_1_720' title='bbox 1257 5211 1397 5264; x_wconf 74' lang='grc' dir='ltr'>κατὰ</span> <span class='ocrx_word' id='word_1_721' title='bbox 1421 5209 1670 5280; x_wconf 81' lang='grc' dir='ltr'>ἀνάγκην</span> <span class='ocrx_word' id='word_1_722' title='bbox 1703 5214 1926 5282; x_wconf 81' lang='grc' dir='ltr'>γινομέ-</span> 
     </span>
    </p>
   </div>
   <div class='ocr_carea' id='block_1_101' title="bbox 341 5303 1926 5377">
    <p class='ocr_par' dir='ltr' id='par_1_101' title="bbox 341 5303 1926 5377">
     <span class='ocr_line' id='line_1_101' title="bbox 341 5303 1926 5377; baseline 0.004 -23"><span class='ocrx_word' id='word_1_723' title='bbox 341 5303 590 5375; x_wconf 82' lang='grc' dir='ltr'>μένα;,ἢ</span> <span class='ocrx_word' id='word_1_724' title='bbox 645 5303 788 5356; x_wconf 83' lang='grc' dir='ltr'><strong>κατὰ</strong></span> <span class='ocrx_word' id='word_1_725' title='bbox 828 5303 1144 5372; x_wconf 83' lang='grc' dir='ltr'>οἰκονομίαν</span> <span class='ocrx_word' id='word_1_726' title='bbox 1179 5303 1302 5356; x_wconf 86' lang='grc' dir='ltr'>τινὰ</span> <span class='ocrx_word' id='word_1_727' title='bbox 1333 5303 1672 5377; x_wconf 74' lang='grc' dir='ltr'>πρόσκαιρον</span> <span class='ocrx_word' id='word_1_728' title='bbox 1728 5305 1926 5374; x_wconf 73' lang='grc' dir='ltr'>ἐξαγο-</span> 
     </span>
    </p>
   </div>
   <div class='ocr_carea' id='block_1_102' title="bbox 339 5397 1928 5469">
    <p class='ocr_par' dir='ltr' id='par_1_102' title="bbox 339 5397 1928 5469">
     <span class='ocr_line' id='line_1_102' title="bbox 339 5397 1928 5469; baseline 0.004 -19"><span class='ocrx_word' id='word_1_729' title='bbox 339 5397 578 5468; x_wconf 85' lang='grc' dir='ltr'>ρεύσεις,</span> <span class='ocrx_word' id='word_1_730' title='bbox 602 5397 699 5451; x_wconf 76' lang='grc' dir='ltr'>καὶ</span> <span class='ocrx_word' id='word_1_731' title='bbox 721 5399 1100 5468; x_wconf 86' lang='grc' dir='ltr'>σνγχωρήσεις</span> <span class='ocrx_word' id='word_1_732' title='bbox 1132 5399 1442 5469; x_wconf 75' lang='grc' dir='ltr'>ἁμαρτιῶν,</span> <span class='ocrx_word' id='word_1_733' title='bbox 1467 5401 1698 5454; x_wconf 81' lang='grc' dir='ltr'>πάντοτε</span> <span class='ocrx_word' id='word_1_734' title='bbox 1722 5402 1928 5465; x_wconf 88' lang='grc' dir='ltr'>ταύτας</span> 
     </span>
    </p>
   </div>
   <div class='ocr_carea' id='block_1_103' title="bbox 337 5489 1927 5561">
    <p class='ocr_par' dir='ltr' id='par_1_103' title="bbox 337 5489 1927 5561">
     <span class='ocr_line' id='line_1_103' title="bbox 337 5489 1927 5561; baseline 0.001 -16"><span class='ocrx_word' id='word_1_735' title='bbox 337 5494 420 5552; x_wconf 82' lang='grc' dir='ltr'>εἰς</span> <span class='ocrx_word' id='word_1_736' title='bbox 453 5489 760 5559; x_wconf 86' lang='grc' dir='ltr'>μαρτυρίαν</span> <span class='ocrx_word' id='word_1_737' title='bbox 803 5491 1122 5561; x_wconf 81' lang='grc' dir='ltr'>προφέρειν,</span> <span class='ocrx_word' id='word_1_738' title='bbox 1153 5490 1270 5543; x_wconf 84' lang='grc' dir='ltr'>ἀλλ’</span> <span class='ocrx_word' id='word_1_739' title='bbox 1296 5491 1424 5543; x_wconf 83' lang='grc' dir='ltr'>ὅταν</span> <span class='ocrx_word' id='word_1_740' title='bbox 1469 5493 1634 5546; x_wconf 83' lang='grc' dir='ltr'>πάλιν</span> <span class='ocrx_word' id='word_1_741' title='bbox 1685 5495 1927 5558; x_wconf 80' lang='grc' dir='ltr'>τοιοῦτος</span> 
     </span>
    </p>
   </div>
   <div class='ocr_carea' id='block_1_104' title="bbox 339 5581 1920 5657">
    <p class='ocr_par' dir='ltr' id='par_1_104' title="bbox 339 5581 1920 5657">
     <span class='ocr_line' id='line_1_104' title="bbox 339 5581 1920 5657; baseline 0.003 -23"><span class='ocrx_word' id='word_1_742' title='bbox 339 5581 546 5654; x_wconf 74' lang='grc' dir='ltr'>ἐπέλθῃ</span> <span class='ocrx_word' id='word_1_743' title='bbox 567 5583 759 5654; x_wconf 75' lang='grc' dir='ltr'>καιρός</span> <span class='ocrx_word' id='word_1_744' title='bbox 797 5599 810 5614; x_wconf 79' lang='grc'><strong><em>⁸</em></strong></span> <span class='ocrx_word' id='word_1_745' title='bbox 841 5583 936 5636; x_wconf 70' lang='grc' dir='ltr'>καὶ</span> <span class='ocrx_word' id='word_1_746' title='bbox 968 5584 1050 5636; x_wconf 84' lang='grc' dir='ltr'>ὅτι</span> <span class='ocrx_word' id='word_1_747' title='bbox 1103 5585 1164 5636; x_wconf 86' lang='grc' dir='ltr'><strong>τὸ</strong></span> <span class='ocrx_word' id='word_1_748' title='bbox 1197 5583 1270 5653; x_wconf 86' lang='grc' dir='ltr'><strong>μὴ</strong></span> <span class='ocrx_word' id='word_1_749' title='bbox 1326 5583 1496 5647; x_wconf 85' lang='grc' dir='ltr'>δόλως</span> <span class='ocrx_word' id='word_1_750' title='bbox 1527 5584 1782 5656; x_wconf 83' lang='grc' dir='ltr'>δέχεσθαι</span> <span class='ocrx_word' id='word_1_751' title='bbox 1821 5605 1920 5657; x_wconf 82' lang='grc' dir='ltr'>με-</span> 
     </span>
    </p>
   </div>
   <div class='ocr_carea' id='block_1_105' title="bbox 336 5675 1926 5748">
    <p class='ocr_par' dir='ltr' id='par_1_105' title="bbox 336 5675 1926 5748">
     <span class='ocr_line' id='line_1_105' title="bbox 336 5675 1926 5748; baseline 0.003 -21"><span class='ocrx_word' id='word_1_752' title='bbox 336 5675 580 5741; x_wconf 85' lang='grc' dir='ltr'>τάνοιαν,</span> <span class='ocrx_word' id='word_1_753' title='bbox 606 5675 640 5746; x_wconf 84' lang='grc' dir='ltr'>ἢ</span> <span class='ocrx_word' id='word_1_754' title='bbox 667 5676 827 5730; x_wconf 83' lang='grc' dir='ltr'>πάλιν</span> <span class='ocrx_word' id='word_1_755' title='bbox 846 5676 1054 5743; x_wconf 75' lang='grc' dir='ltr'>ἀλόγως</span> <span class='ocrx_word' id='word_1_756' title='bbox 1084 5676 1648 5748; x_wconf 84' lang='grc' dir='ltr'>φιλανθρωπεύεσθαι,</span> <span class='ocrx_word' id='word_1_757' title='bbox 1685 5683 1772 5734; x_wconf 65' lang='grc' dir='ltr'><strong>καί</strong></span> <span class='ocrx_word' id='word_1_758' title='bbox 1798 5681 1926 5733; x_wconf 80' lang='grc' dir='ltr'>ἄνευ</span> 
     </span>
    </p>
   </div>
   <div class='ocr_carea' id='block_1_106' title="bbox 341 5769 1924 5844">
    <p class='ocr_par' dir='ltr' id='par_1_106' title="bbox 341 5769 1924 5844">
     <span class='ocr_line' id='line_1_106' title="bbox 341 5769 1924 5844; baseline 0.003 -20"><span class='ocrx_word' id='word_1_759' title='bbox 341 5769 562 5837; x_wconf 77' lang='grc' dir='ltr'>ἐντολῆς</span> <span class='ocrx_word' id='word_1_760' title='bbox 580 5789 744 5836; x_wconf 85' lang='grc' dir='ltr'>τινος,</span> <span class='ocrx_word' id='word_1_761' title='bbox 791 5772 824 5842; x_wconf 85' lang='grc' dir='ltr'>ἢ</span> <span class='ocrx_word' id='word_1_762' title='bbox 853 5770 1084 5842; x_wconf 70' lang='grc' dir='ltr'>καρπῶν</span> <span class='ocrx_word' id='word_1_763' title='bbox 1116 5771 1484 5844; x_wconf 83' lang='grc' dir='ltr'>μετανοίας,ἧ</span> <span class='ocrx_word' id='word_1_764' title='bbox 1519 5774 1670 5844; x_wconf 81' lang='grc' dir='ltr'>ποιρὰ</span> <span class='ocrx_word' id='word_1_765' title='bbox 1708 5775 1776 5828; x_wconf 75' lang='grc' dir='ltr'><strong>τά</strong></span> <span class='ocrx_word' id='word_1_766' title='bbox 1819 5793 1924 5828; x_wconf 84' lang='grc' dir='ltr'>πα-</span> 
     </span>
    </p>
   </div>
   <div class='ocr_carea' id='block_1_107' title="bbox 346 5862 1926 5942">
    <p class='ocr_par' dir='ltr' id='par_1_107' title="bbox 346 5862 1926 5942">
     <span class='ocr_line' id='line_1_107' title="bbox 346 5862 1926 5942; baseline 0.003 -24"><span class='ocrx_word' id='word_1_767' title='bbox 346 5862 643 5936; x_wconf 83' lang='grc' dir='ltr'>ραδοθέντα</span> <span class='ocrx_word' id='word_1_768' title='bbox 657 5865 808 5937; x_wconf 69' lang='grc' dir='ltr'>παρὰ</span> <span class='ocrx_word' id='word_1_769' title='bbox 829 5864 935 5919; x_wconf 84' lang='grc' dir='ltr'><strong>τῶν</strong></span> <span class='ocrx_word' id='word_1_770' title='bbox 958 5864 1119 5918; x_wconf 78' lang='grc' dir='ltr'>θείων</span> <span class='ocrx_word' id='word_1_771' title='bbox 1145 5866 1404 5936; x_wconf 82' lang='grc' dir='ltr'>Πατέρων</span> <span class='ocrx_word' id='word_1_772' title='bbox 1425 5871 1726 5939; x_wconf 74' lang='grc' dir='ltr'>σύχχωρεῖν</span> <span class='ocrx_word' id='word_1_773' title='bbox 1744 5869 1926 5942; x_wconf 78' lang='grc' dir='ltr'>ἁμαρ-</span> 
     </span>
    </p>
   </div>
   <div class='ocr_carea' id='block_1_108' title="bbox 2029 4665 3614 4736">
    <p class='ocr_par' dir='ltr' id='par_1_108' title="bbox 2029 4665 3614 4736">
     <span class='ocr_line' id='line_1_108' title="bbox 2029 4665 3614 4736; baseline -0.006 -10"><span class='ocrx_word' id='word_1_774' title='bbox 2029 4670 2429 4736; x_wconf 74' lang='lat' dir='ltr'><strong>tlilfercntiam,</strong></span> <span class='ocrx_word' id='word_1_775' title='bbox 2499 4668 2776 4723; x_wconf 76' lang='lat' dir='ltr'><strong>carnalem</strong></span> <span class='ocrx_word' id='word_1_776' title='bbox 2843 4667 3054 4722; x_wconf 88' lang='lat' dir='ltr'><strong>scilicet</strong></span> <span class='ocrx_word' id='word_1_777' title='bbox 3119 4675 3172 4721; x_wconf 88' lang='lat' dir='ltr'><strong>et</strong></span> <span class='ocrx_word' id='word_1_778' title='bbox 3233 4665 3614 4735; x_wconf 84' lang='lat' dir='ltr'><strong>spirilttalem;</strong></span> 
     </span>
    </p>
   </div>
   <div class='ocr_carea' id='block_1_109' title="bbox 2029 4757 3616 4830">
    <p class='ocr_par' dir='ltr' id='par_1_109' title="bbox 2029 4757 3616 4830">
     <span class='ocr_line' id='line_1_109' title="bbox 2029 4757 3616 4830; baseline -0.004 -13"><span class='ocrx_word' id='word_1_779' title='bbox 2029 4765 2208 4818; x_wconf 87' lang='lat' dir='ltr'><strong>adhuc</strong></span> <span class='ocrx_word' id='word_1_780' title='bbox 2238 4773 2420 4817; x_wconf 83' lang='lat' dir='ltr'><strong>autem</strong></span> <span class='ocrx_word' id='word_1_781' title='bbox 2450 4761 2516 4815; x_wconf 89' lang='lat' dir='ltr'><strong>de</strong></span> <span class='ocrx_word' id='word_1_782' title='bbox 2537 4759 2775 4830; x_wconf 83' lang='lat' dir='ltr'><strong>justitia,</strong></span> <span class='ocrx_word' id='word_1_783' title='bbox 2802 4767 2858 4814; x_wconf 85' lang='lat' dir='ltr'><strong>et</strong></span> <span class='ocrx_word' id='word_1_784' title='bbox 2898 4757 3210 4824; x_wconf 87' lang='lat' dir='ltr'><strong>sanctitate,</strong></span> <span class='ocrx_word' id='word_1_785' title='bbox 3252 4766 3306 4812; x_wconf 88' lang='lat' dir='ltr'><strong>et</strong></span> <span class='ocrx_word' id='word_1_786' title='bbox 3335 4757 3616 4825; x_wconf 85' lang='lat' dir='ltr'><strong>quomodo</strong></span> 
     </span>
    </p>
   </div>
   <div class='ocr_carea' id='block_1_110' title="bbox 2029 4853 2884 4923">
    <p class='ocr_par' dir='ltr' id='par_1_110' title="bbox 2029 4853 2884 4923">
     <span class='ocr_line' id='line_1_110' title="bbox 2029 4853 2884 4923; baseline -0.005 -13"><span class='ocrx_word' id='word_1_787' title='bbox 2029 4857 2146 4911; x_wconf 73' lang='lat' dir='ltr'><strong>haec</strong></span> <span class='ocrx_word' id='word_1_788' title='bbox 2183 4856 2446 4910; x_wconf 85' lang='lat' dir='ltr'><strong>habentes</strong></span> <span class='ocrx_word' id='word_1_789' title='bbox 2478 4853 2884 4923; x_wconf 78' lang='lat' dir='ltr'><strong>cognoscimus.</strong></span> 
     </span>
    </p>
   </div>
   <div class='ocr_carea' id='block_1_111' title="bbox 2102 4945 3616 5018">
    <p class='ocr_par' dir='ltr' id='par_1_111' title="bbox 2102 4945 3616 5018">
     <span class='ocr_line' id='line_1_111' title="bbox 2102 4945 3616 5018; baseline -0.003 -13"><span class='ocrx_word' id='word_1_790' title='bbox 2102 4951 2192 5006; x_wconf 80' lang='grc'><strong>51.</strong></span> <span class='ocrx_word' id='word_1_791' title='bbox 2230 4951 2304 5004; x_wconf 89' lang='lat' dir='ltr'><strong>De</strong></span> <span class='ocrx_word' id='word_1_792' title='bbox 2353 4949 2674 5018; x_wconf 66' lang='lat' dir='ltr'><strong>paenitentia</strong></span> <span class='ocrx_word' id='word_1_793' title='bbox 2705 4965 2733 5002; x_wconf 90' lang='lat' dir='ltr'><strong>e</strong></span> <span class='ocrx_word' id='word_1_794' title='bbox 2768 4949 2966 5002; x_wconf 78' lang='lat' dir='ltr'><strong>divinis</strong></span> <span class='ocrx_word' id='word_1_795' title='bbox 3007 4945 3309 5016; x_wconf 86' lang='lat' dir='ltr'><strong>Scripturis</strong></span> <span class='ocrx_word' id='word_1_796' title='bbox 3368 4947 3616 5000; x_wconf 83' lang='lat' dir='ltr'><strong>testimo-</strong></span> 
     </span>
    </p>
   </div>
   <div class='ocr_carea' id='block_1_112' title="bbox 2035 5037 3475 5110">
    <p class='ocr_par' dir='ltr' id='par_1_112' title="bbox 2035 5037 3475 5110">
     <span class='ocr_line' id='line_1_112' title="bbox 2035 5037 3475 5110; baseline -0.006 -13"><span class='ocrx_word' id='word_1_797' title='bbox 2035 5045 2154 5097; x_wconf 89' lang='lat' dir='ltr'><strong>nia:</strong></span> <span class='ocrx_word' id='word_1_798' title='bbox 2188 5053 2242 5096; x_wconf 84' lang='lat' dir='ltr'><strong>et</strong></span> <span class='ocrx_word' id='word_1_799' title='bbox 2276 5045 2552 5110; x_wconf 89' lang='lat' dir='ltr'><strong>quomodo</strong></span> <span class='ocrx_word' id='word_1_800' title='bbox 2582 5048 2795 5109; x_wconf 86' lang='lat' dir='ltr'><strong>oportet</strong></span> <span class='ocrx_word' id='word_1_801' title='bbox 2828 5038 3072 5092; x_wconf 82' lang='lat' dir='ltr'><strong>conﬁteri</strong></span> <span class='ocrx_word' id='word_1_802' title='bbox 3106 5047 3160 5092; x_wconf 91' lang='lat' dir='ltr'><strong>et</strong></span> <span class='ocrx_word' id='word_1_803' title='bbox 3185 5037 3475 5106; x_wconf 76' lang='lat' dir='ltr'><strong>pwnitcre.</strong></span> 
     </span>
    </p>
   </div>
   <div class='ocr_carea' id='block_1_113' title="bbox 2103 5129 3618 5204">
    <p class='ocr_par' dir='ltr' id='par_1_113' title="bbox 2103 5129 3618 5204">
     <span class='ocr_line' id='line_1_113' title="bbox 2103 5129 3618 5204; baseline -0.004 -14"><span class='ocrx_word' id='word_1_804' title='bbox 2103 5134 2192 5190; x_wconf 73' lang='lat'><strong>52.</strong></span> <span class='ocrx_word' id='word_1_805' title='bbox 2239 5133 2499 5204; x_wconf 80' lang='lat' dir='ltr'><strong>Exempla</strong></span> <span class='ocrx_word' id='word_1_806' title='bbox 2543 5133 2611 5186; x_wconf 92' lang='lat' dir='ltr'><strong>de</strong></span> <span class='ocrx_word' id='word_1_807' title='bbox 2661 5131 2986 5202; x_wconf 73' lang='lat' dir='ltr'><strong>poenitentia</strong></span> <span class='ocrx_word' id='word_1_808' title='bbox 3039 5141 3092 5185; x_wconf 86' lang='lat' dir='ltr'><strong>et</strong></span> <span class='ocrx_word' id='word_1_809' title='bbox 3140 5129 3492 5185; x_wconf 84' lang='lat' dir='ltr'><strong>confessione</strong></span> <span class='ocrx_word' id='word_1_810' title='bbox 3524 5150 3534 5184; x_wconf 96' lang='lat'><strong>:</strong></span> <span class='ocrx_word' id='word_1_811' title='bbox 3564 5141 3618 5184; x_wconf 85' lang='lat' dir='ltr'><strong>et</strong></span> 
     </span>
    </p>
   </div>
   <div class='ocr_carea' id='block_1_114' title="bbox 2031 5223 3614 5298">
    <p class='ocr_par' dir='ltr' id='par_1_114' title="bbox 2031 5223 3614 5298">
     <span class='ocr_line' id='line_1_114' title="bbox 2031 5223 3614 5298; baseline -0.005 -15"><span class='ocrx_word' id='word_1_812' title='bbox 2031 5229 2174 5298; x_wconf 86' lang='lat' dir='ltr'><strong>quod</strong></span> <span class='ocrx_word' id='word_1_813' title='bbox 2203 5244 2310 5282; x_wconf 90' lang='lat' dir='ltr'><strong>non</strong></span> <span class='ocrx_word' id='word_1_814' title='bbox 2350 5234 2564 5296; x_wconf 86' lang='lat' dir='ltr'><strong>oportet</strong></span> <span class='ocrx_word' id='word_1_815' title='bbox 2592 5227 2706 5280; x_wconf 82' lang='lat' dir='ltr'><strong>haec</strong></span> <span class='ocrx_word' id='word_1_816' title='bbox 2742 5239 2864 5296; x_wconf 75' lang='lat' dir='ltr'><strong>qua:</strong></span> <span class='ocrx_word' id='word_1_817' title='bbox 2897 5240 2990 5293; x_wconf 90' lang='lat' dir='ltr'><strong>per</strong></span> <span class='ocrx_word' id='word_1_818' title='bbox 3025 5223 3410 5278; x_wconf 53' lang='lat' dir='ltr'><strong>neottssitatem</strong></span> <span class='ocrx_word' id='word_1_819' title='bbox 3447 5223 3614 5288; x_wconf 82' lang='lat' dir='ltr'><strong>fiunt,</strong></span> 
     </span>
    </p>
   </div>
   <div class='ocr_carea' id='block_1_115' title="bbox 2031 5317 3616 5389">
    <p class='ocr_par' dir='ltr' id='par_1_115' title="bbox 2031 5317 3616 5389">
     <span class='ocr_line' id='line_1_115' title="bbox 2031 5317 3616 5389; baseline -0.003 -16"><span class='ocrx_word' id='word_1_820' title='bbox 2031 5321 2114 5375; x_wconf 78' lang='lat' dir='ltr'><strong>vel</strong></span> <span class='ocrx_word' id='word_1_821' title='bbox 2145 5335 2236 5389; x_wconf 87' lang='lat' dir='ltr'><strong>per</strong></span> <span class='ocrx_word' id='word_1_822' title='bbox 2279 5319 2684 5374; x_wconf 88' lang='lat' dir='ltr'><strong>institutionem</strong></span> <span class='ocrx_word' id='word_1_823' title='bbox 2717 5317 3010 5386; x_wconf 88' lang='lat' dir='ltr'><strong>quamdam</strong></span> <span class='ocrx_word' id='word_1_824' title='bbox 3062 5325 3430 5385; x_wconf 82' lang='lat' dir='ltr'><strong>opportunam</strong></span> <span class='ocrx_word' id='word_1_825' title='bbox 3481 5331 3616 5370; x_wconf 87' lang='lat' dir='ltr'><strong>con-</strong></span> 
     </span>
    </p>
   </div>
   <div class='ocr_carea' id='block_1_116' title="bbox 2029 5407 3618 5479">
    <p class='ocr_par' dir='ltr' id='par_1_116' title="bbox 2029 5407 3618 5479">
     <span class='ocr_line' id='line_1_116' title="bbox 2029 5407 3618 5479; baseline -0.003 -12"><span class='ocrx_word' id='word_1_826' title='bbox 2029 5411 2299 5467; x_wconf 89' lang='lat' dir='ltr'><strong>fessiones</strong></span> <span class='ocrx_word' id='word_1_827' title='bbox 2340 5421 2396 5465; x_wconf 90' lang='lat' dir='ltr'><strong>et</strong></span> <span class='ocrx_word' id='word_1_828' title='bbox 2445 5410 2802 5466; x_wconf 88' lang='lat' dir='ltr'><strong>remissiones</strong></span> <span class='ocrx_word' id='word_1_829' title='bbox 2847 5417 3222 5479; x_wconf 84' lang='lat' dir='ltr'><strong>peccatorum,</strong></span> <span class='ocrx_word' id='word_1_830' title='bbox 3295 5407 3522 5462; x_wconf 90' lang='lat' dir='ltr'><strong>omnino</strong></span> <span class='ocrx_word' id='word_1_831' title='bbox 3563 5409 3618 5462; x_wconf 93' lang='lat' dir='ltr'><strong>in</strong></span> 
     </span>
    </p>
   </div>
   <div class='ocr_carea' id='block_1_117' title="bbox 2033 5502 3622 5574">
    <p class='ocr_par' dir='ltr' id='par_1_117' title="bbox 2033 5502 3622 5574">
     <span class='ocr_line' id='line_1_117' title="bbox 2033 5502 3622 5574; baseline 0.001 -17"><span class='ocrx_word' id='word_1_832' title='bbox 2033 5503 2418 5560; x_wconf 86' lang='lat' dir='ltr'><strong>testimonium</strong></span> <span class='ocrx_word' id='word_1_833' title='bbox 2476 5505 2769 5569; x_wconf 87' lang='lat' dir='ltr'><strong>adducere,</strong></span> <span class='ocrx_word' id='word_1_834' title='bbox 2825 5504 2918 5560; x_wconf 90' lang='lat' dir='ltr'><strong>sed</strong></span> <span class='ocrx_word' id='word_1_835' title='bbox 2972 5502 3196 5574; x_wconf 88' lang='lat' dir='ltr'><strong>quando</strong></span> <span class='ocrx_word' id='word_1_836' title='bbox 3250 5503 3452 5558; x_wconf 85' lang='lat' dir='ltr'><strong>iterum</strong></span> <span class='ocrx_word' id='word_1_837' title='bbox 3517 5503 3622 5558; x_wconf 87' lang='lat' dir='ltr'><strong>tale</strong></span> 
     </span>
    </p>
   </div>
   <div class='ocr_carea' id='block_1_118' title="bbox 2033 5597 3622 5669">
    <p class='ocr_par' dir='ltr' id='par_1_118' title="bbox 2033 5597 3622 5669">
     <span class='ocr_line' id='line_1_118' title="bbox 2033 5597 3622 5669; baseline 0 -17"><span class='ocrx_word' id='word_1_838' title='bbox 2033 5609 2249 5668; x_wconf 89' lang='lat' dir='ltr'><strong>tempus</strong></span> <span class='ocrx_word' id='word_1_839' title='bbox 2282 5599 2598 5662; x_wconf 86' lang='lat' dir='ltr'><strong>advenerit;</strong></span> <span class='ocrx_word' id='word_1_840' title='bbox 2635 5609 2685 5654; x_wconf 90' lang='lat' dir='ltr'><strong>et</strong></span> <span class='ocrx_word' id='word_1_841' title='bbox 2717 5599 2858 5669; x_wconf 89' lang='lat' dir='ltr'><strong>quod</strong></span> <span class='ocrx_word' id='word_1_842' title='bbox 2891 5598 3268 5669; x_wconf 74' lang='lat' dir='ltr'><strong>pmuitentiam</strong></span> <span class='ocrx_word' id='word_1_843' title='bbox 3305 5597 3622 5652; x_wconf 85' lang='lat' dir='ltr'><strong>fraudulen-</strong></span> 
     </span>
    </p>
   </div>
   <div class='ocr_carea' id='block_1_119' title="bbox 2034 5693 3624 5764">
    <p class='ocr_par' dir='ltr' id='par_1_119' title="bbox 2034 5693 3624 5764">
     <span class='ocr_line' id='line_1_119' title="bbox 2034 5693 3624 5764; baseline 0.001 -18"><span class='ocrx_word' id='word_1_844' title='bbox 2034 5701 2137 5757; x_wconf 85' lang='lat' dir='ltr'><strong>ter,</strong></span> <span class='ocrx_word' id='word_1_845' title='bbox 2187 5709 2296 5747; x_wconf 82' lang='lat' dir='ltr'><strong>non</strong></span> <span class='ocrx_word' id='word_1_846' title='bbox 2356 5696 2626 5764; x_wconf 82' lang='lat' dir='ltr'><strong>accipere,</strong></span> <span class='ocrx_word' id='word_1_847' title='bbox 2675 5695 2759 5748; x_wconf 80' lang='lat' dir='ltr'><strong>vel</strong></span> <span class='ocrx_word' id='word_1_848' title='bbox 2810 5709 3002 5748; x_wconf 89' lang='lat' dir='ltr'><strong>rursus</strong></span> <span class='ocrx_word' id='word_1_849' title='bbox 3048 5693 3166 5748; x_wconf 84' lang='lat' dir='ltr'><strong>sine</strong></span> <span class='ocrx_word' id='word_1_850' title='bbox 3215 5693 3431 5748; x_wconf 88' lang='lat' dir='ltr'><strong>ratione</strong></span> <span class='ocrx_word' id='word_1_851' title='bbox 3483 5693 3624 5748; x_wconf 81' lang='lat' dir='ltr'><strong>bene</strong></span> 
     </span>
    </p>
   </div>
   <div class='ocr_carea' id='block_1_120' title="bbox 2032 5783 3622 5855">
    <p class='ocr_par' dir='ltr' id='par_1_120' title="bbox 2032 5783 3622 5855">
     <span class='ocr_line' id='line_1_120' title="bbox 2032 5783 3622 5855; baseline 0.002 -20"><span class='ocrx_word' id='word_1_852' title='bbox 2032 5783 2282 5846; x_wconf 82' lang='lat' dir='ltr'><strong>tractari,</strong></span> <span class='ocrx_word' id='word_1_853' title='bbox 2315 5795 2368 5840; x_wconf 91' lang='lat' dir='ltr'><strong>et</strong></span> <span class='ocrx_word' id='word_1_854' title='bbox 2415 5785 2536 5839; x_wconf 88' lang='lat' dir='ltr'><strong>sine</strong></span> <span class='ocrx_word' id='word_1_855' title='bbox 2581 5785 2764 5855; x_wconf 88' lang='lat' dir='ltr'><strong>aliqua</strong></span> <span class='ocrx_word' id='word_1_856' title='bbox 2815 5785 3122 5854; x_wconf 88' lang='lat' dir='ltr'><strong>prassione,</strong></span> <span class='ocrx_word' id='word_1_857' title='bbox 3153 5783 3240 5839; x_wconf 77' lang='lat' dir='ltr'><strong>vel</strong></span> <span class='ocrx_word' id='word_1_858' title='bbox 3284 5785 3622 5854; x_wconf 64' lang='lat' dir='ltr'><strong>prenitentim</strong></span> 
     </span>
    </p>
   </div>
   <div class='ocr_carea' id='block_1_121' title="bbox 2034 5875 3620 5946">
    <p class='ocr_par' dir='ltr' id='par_1_121' title="bbox 2034 5875 3620 5946">
     <span class='ocr_line' id='line_1_121' title="bbox 2034 5875 3620 5946; baseline 0.001 -17"><span class='ocrx_word' id='word_1_859' title='bbox 2034 5875 2326 5946; x_wconf 85' lang='lat' dir='ltr'><strong>fructibus,</strong></span> <span class='ocrx_word' id='word_1_860' title='bbox 2352 5879 2435 5932; x_wconf 81' lang='lat' dir='ltr'><strong>vel</strong></span> <span class='ocrx_word' id='word_1_861' title='bbox 2466 5889 2656 5934; x_wconf 83' lang='lat' dir='ltr'><strong>contra</strong></span> <span class='ocrx_word' id='word_1_862' title='bbox 2683 5879 3007 5934; x_wconf 83' lang='lat' dir='ltr'><strong>traditiones</strong></span> <span class='ocrx_word' id='word_1_863' title='bbox 3044 5888 3360 5934; x_wconf 79' lang='lat' dir='ltr'><strong>sanctorum</strong></span> <span class='ocrx_word' id='word_1_864' title='bbox 3395 5877 3620 5932; x_wconf 79' lang='lat' dir='ltr'><strong>Patrum</strong></span> 
     </span>
    </p>
   </div>
  </div>
