4032 6410
512 359 652 424 1379

1368 360 1765 422 OPUSCULA
1805 359 2156 421 MORALIA
2192 361 2543 422 INCERTIE
2583 363 2894 425 [ΕΤΑΤΙΞ.

3649 369 3777 437 1380

505 477 782 533 dimittere
811 487 1036 546 peccata
1059 517 1073 541 ,
1118 483 1419 544 utrumque
1450 477 1517 531 ad
1554 477 1804 531 haeresim
1835 477 2098 543 deciinat,

2207 477 2347 542 τίας,
2385 478 2674 548 ἀμφότερα
2702 481 2782 541 εἰς
2813 479 3054 550 αἱρέσεις
3090 479 3428 549 ἐκκλίνουσι,
3453 486 3512 537 τὸ
3558 487 3656 554 μὲν
3707 491 3780 553 είς

508 585 679 623 unum
710 569 934 638 quidem
968 570 1034 622 ad
1065 568 1501 622 Novatianorum
1539 569 1816 634 haeresim,
1861 571 2097 623 alterum

507 672 689 716 autem
730 661 797 714 ad
850 662 1099 715 haeresim
1145 669 1344 714 natura
1405 668 1748 714 mutulorum
1806 657 2096 713 Massalia-

508 769 728 806 IIOI'UIII.

580 846 667 899 55.
703 843 990 908 Quomolo
1023 851 1243 912 oportet
1271 841 1552 910 explicare
1582 841 1672 894 Dei
1714 843 2006 910 mysteria:
2046 851 2099 895 et

506 940 649 1006 quod
698 937 1002 989 timendum
1039 937 1194 989 valde
1238 944 1292 988 et
1325 935 1697 1004 periculosum
1741 945 1826 988 est
1874 935 2098 1004 indigne

504 1031 804 1097 explicare;
835 1039 887 1082 et
917 1030 1061 1098 quo-.l
1097 1029 1187 1082 ille
1222 1030 1317 1098 qui
1358 1030 1584 1096 indigne
1634 1027 1892 1096 explicat,
1929 1042 1959 1080 a
1998 1029 2099 1080 Sa-

505 1134 632 1176 tana
659 1123 954 1183 deluditur,
981 1122 1141 1191 quasi
1174 1138 1234 1176 se
1266 1123 1443 1190 ipsum
1477 1137 1506 1173 a
1529 1121 1920 1175 communione
1951 1136 2098 1173 amo-

503 1231 659 1268 VL'IIS.

573 1306 665 1358 ενι.
702 1304 853 1370 Quod
888 1304 1192 1357 timendum
1232 1314 1286 1358 et
1314 1303 1687 1371 periculosum
1743 1314 1826 1356 est
1859 1303 2095 1357 intirmis

501 1398 687 1450 animo
729 1400 970 1466 recipere
1016 1397 1232 1465 aliquas
1263 1397 1687 1450 confeSsiones:
1721 1408 1774 1449 et
1809 1396 1954 1464 quod
2005 1397 2096 1448 tir-

502 1505 623 1542 mos
656 1491 805 1557 ipsos
834 1498 890 1542 et
918 1489 1242 1558 spirituales
1281 1489 1339 1543 id
1396 1490 1449 1542 in
1478 1490 1695 1542 ruinam
1731 1489 1993 1555 adducit;
2042 1499 2095 1540 et

501 1581 568 1633 de
613 1579 920 1634 ditlerentia
965 1579 1088 1633 talis
1125 1579 1397 1648 depositi;
1429 1589 1483 1634 et
1529 1579 1804 1648 quomodo
1852 1579 1968 1633 haec
1996 1581 2093 1632 ad-

502 1671 691 1725 hihere
714 1679 953 1740 oportet.

577 1761 667 1814 55.
718 1763 875 1827 Quod
927 1777 1036 1814 non
1087 1770 1306 1830 oportet
1356 1763 1477 1817 sine
1527 1764 1816 1819 sacerdote
1852 1767 2088 1836 aliquem

2199 571 2299 640 τὴν
2331 569 2443 622 τῶν
2475 571 2853 636 Ναυατιανῶν,
2883 573 2944 625 τὸ
2973 573 3031 626 δὲ
3057 575 3136 637 είς
3167 577 3268 646 τὴν
3291 576 3401 630 τῶν
3436 585 3776 652 πεφυσιωμέ-

2204 681 2315 714 νων
2348 664 2769 717 Μασσαλιανῶν.

2272 851 2372 911 νγ¹.
2392 845 2513 907 Πῶς
2531 848 2636 916 χρὴ
2663 847 3103 918 μεταλαμϐάνειν
3123 851 3232 903 τῶν
3249 851 3409 905 θείων
3434 856 3744 926 μυστηρίων
3758 879 3770 890 υ

2199 935 2295 988 καὶ
2325 936 2406 988 ὅτι
2439 938 2671 1007 φοϐερὸν
2709 937 2828 992 λίαν
2868 941 2965 992 καὶ
3011 943 3353 996 ἐπικίνδυνόν
3382 947 3500 996 ἐστι
3554 949 3614 1000 τὸ
3645 950 3774 1002 ἀνα-

2202 1026 2331 1090 ξίως
2368 1029 2810 1097 μεταλαμϐάνειν
2853 1047 2867 1060 ·
2898 1033 2994 1085 καὶ
3019 1034 3101 1086 ὅτι
3131 1036 3160 1086 6
3201 1036 3440 1100 ἀναξίως
3493 1043 3777 1111 μεταλαμο

2200 1118 2398 1182 θάκων,
2437 1122 2541 1173 ὐπύ
2594 1122 2688 1174 τοῦ
2732 1124 2947 1178 Σατανᾶ
3001 1128 3424 1194 καταπαίζεται,
3456 1130 3651 1206 ὥσπερ
3691 1139 3778 1188 καὶ

2197 1215 2225 1264 ὁ
2254 1214 2353 1281 τῆς
2381 1216 2666 1279 κοινωνίας
2693 1219 2882 1272 ἑαυτὸν
2911 1221 3224 1290 μακρύνων.

2269 1305 2360 1359 νδ¹.
2393 1307 2517 1360 ’Ὁτι
2543 1310 2794 1378 φοϐεῴν,
2840 1312 2932 1364 καὶ
2960 1314 3298 1370 ἐπικίνδυνόν
3332 1318 3449 1370 ὲστι
3468 1321 3583 1382 τοῖς
3615 1320 3779 1374 ἀσθε-

2199 1399 2314 1450 νέσι
2373 1401 2515 1452 κατά
2569 1403 2749 1472 ψυχὴν
2795 1403 3050 1474 δέχεσθαί
3094 1424 3248 1470 τινας
3299 1409 3658 1482 ὲξαγορείας·
3691 1414 3781 1466 καὶ

2196 1492 2278 1544 ὅτι
2302 1493 2397 1543 καὶ
2421 1494 2618 1556 αὐτοὺς
2641 1498 2762 1557 τοὺς
2780 1495 3037 1560 δυνατοὺς
3064 1501 3158 1550 καὶ
3177 1504 3587 1569 πνευματικῶς
3615 1521 3781 1556 κατα-

2200 1586 2312 1653 σπᾷ.
2351 1585 2412 1636 τὸ
2454 1587 2695 1638 τοιοῦτον
2721 1591 2800 1650 είς
2825 1589 3034 1641 πτῶσιν
3057 1607 3071 1620 ’
3096 1592 3193 1644 καὶ
3217 1595 3346 1663 περὶ
3397 1594 3668 1664 διαφορᾶς
3688 1597 3782 1666 τῆς

2195 1677 2451 1746 τοιαύτης
2481 1680 2746 1750 ἀναδοχῆς
2769 1697 2781 1709 ·
2805 1682 2901 1733 καὶ
2925 1683 3039 1745 πῶς
3056 1683 3230 1736 ταῦτα
3256 1686 3621 1757 μετέρχεσθαι
3653 1691 3778 1758 χρή.

2267 1769 2362 1826 νε’.
2388 1771 2512 1824 ’Ότι
2538 1773 2598 1824 οὐ
2623 1773 2729 1842 χρὴ
2751 1773 2879 1825 ἄνευ
2915 1775 3104 1843 ἱερέως
3146 1775 3267 1829 τινὰ
3311 1777 3564 1846 δέχεσθαι
3593 1779 3784 1846 ἐξαγο-

502 1855 880 1909 confessiones
910 1855 1190 1922 recipere:
1216 1864 1270 1908 et
1299 1858 1446 1923 quod
1481 1866 1596 1910 nazc
1629 1857 1910 1927 negligens
1934 1875 1962 1913 a
1995 1876 2091 1929 po-

2200 1863 2416 1932 ρεύσεις
2441 1881 2453 1895 ο
2483 1864 2577 1915 καὶ
2601 1865 2682 1916 δτι
2706 1864 2926 1933 ἀμελῶν
2937 1860 3091 1928 οὗτος
3116 1865 3212 1918 τοῦ
3238 1867 3370 1920 λαοῦ
3395 1868 3777 1939 καθαιρεῖται’

501 1948 630 2019 pulo
660 1946 983 2016 deponitur;
1014 1957 1070 2001 et
1091 1947 1238 2016 quod
1274 1961 1386 2000 non
1419 1956 1636 2017 oportet
1665 1951 1956 2008 absolvere
1986 1954 2088 2009 hos

500 2042 593 2111 qui
626 2040 912 2094 docentur.

572 2131 660 2184 56.
699 2130 774 2184 lle
799 2129 977 2198 pteuis
999 2139 1052 2184 et
1080 2131 1751 2187 excommunicationibus
1769 2149 1799 2188 a
1832 2136 2090 2191 sacerdo-

500 2223 646 2276 tibus
679 2223 924 2290 prolatis,
978 2221 1207 2291 etquod
1262 2221 1354 2274 illa
1390 2237 1512 2291 qua:
1555 2239 1651 2292 per
1704 2241 1798 2280 eas
1849 2227 2091 2296 ligantur

499 2315 740 2384 legitime
773 2330 880 2366 non
903 2315 1192 2368 solvuntur
1221 2315 1289 2368 ab
1319 2316 1516 2378 altero,
1548 2316 1655 2370 nisi
1687 2327 1941 2373 mortuus
1968 2320 2087 2373 iuc-

498 2408 574 2459 rit
621 2406 716 2475 qui
761 2405 1013 2474 ligaverit
1057 2420 1071 2458 :
1110 2415 1165 2460 et
1199 2407 1345 2475 quod
1388 2406 1589 2476 itijusta
1619 2423 1778 2476 pcena
1806 2425 1913 2464 non
1944 2412 2083 2479 liga-

501 2507 592 2551 tnr
628 2513 657 2550 a
692 2497 824 2562 Deo,
865 2499 1009 2552 sicut
1039 2514 1272 2566 magnus
1323 2497 1620 2567 Dionysius
1660 2502 2006 2567 memoravit,
2037 2511 2090 2555 et

501 2591 593 2642 alii
630 2593 847 2659 plures;
891 2590 1158 2660 etquales
1193 2597 1324 2645 sunt
1355 2591 1518 2660 jnstae
1548 2600 1602 2644 et
1644 2592 1860 2661 injusta:
1885 2608 2086 2662 pinnae;

501 2693 558 2736 et
589 2684 735 2752 quod
769 2683 874 2738 etsi
907 2683 1050 2752 apud
1084 2683 1253 2737 Deum
1288 2699 1396 2738 non
1425 2683 1670 2754 ligantur
1717 2701 1840 2754 quze
1887 2686 2091 2755 injuste

501 2778 726 2844 prolatae
752 2785 881 2830 sunt
904 2780 1208 2838 sententiae,
1245 2777 1338 2830 sel
1375 2786 1555 2831 tamen
1590 2792 1699 2830 non
1731 2777 1892 2831 debet
1921 2794 1981 2833 se
2009 2779 2091 2849 ip-

502 2885 624 2923 sum
660 2870 872 2923 solvere
905 2870 998 2938 qui
1034 2869 1238 2938 injuste
1265 2867 1562 2924 damnatus
1594 2878 1700 2935 est,
1733 2879 1786 2923 et
1815 2872 1906 2924 tali
1946 2887 2089 2940 pra:-

503 2971 651 3015 textu
693 2962 1182 3030 contemptibiliter
1221 2971 1275 3014 ct
1328 2961 1564 3030 superbe
1600 2961 1654 3013 in
1686 2962 1927 3016 ferentes
1960 2980 2087 3018 sen-

504 3055 728 3108 tentiain
767 3070 825 3108 se
857 3069 1042 3122 agere,
1089 3053 1186 3107 sed
1216 3068 1340 3108 cum
1373 3054 1524 3108 omni
1560 3054 1871 3110 humilitate
1899 3057 2090 3111 admo-

502 3164 653 3210 nere,
681 3158 734 3200 et
764 3149 809 3202 si
843 3147 944 3202 hoc
974 3147 1136 3202 modo
1177 3161 1286 3200 non
1332 3156 1510 3217 potest
1543 3147 1748 3217 aliquid
1783 3149 2083 3218 protiCere;
2113 3195 2160 3259 C

503 3242 654 3293 atlire
683 3239 918 3309 majores
945 3239 1281 3302 sacerdotes,
1323 3252 1377 3293 et
1417 3240 1490 3292 ita
1514 3240 1583 3294 ab
1610 3239 1690 3295 eis
1718 3240 1856 3294 solvi
1888 3257 2089 3296 secun-

499 3332 628 3386 dum
657 3332 1132 3401 quartodecimum
1183 3345 1454 3386 canonem
1491 3331 1703 3387 Sardici
1759 3334 2004 3402 concilii;
2035 3347 2086 3389 et

498 3420 642 3488 quod
673 3421 764 3474 ille
787 3421 878 3490 qui
911 3422 1243 3475 sententiain
1276 3420 1486 3491 profert
1520 3434 1712 3477 contra
1759 3422 1856 3478 Dei
1886 3425 2086 3479 volun-

501 3519 664 3564 tatem
698 3511 1118 3565 condemnatur.

570 3687 638 3741 57
687 3685 762 3740 De
795 3686 968 3749 festis,
1001 3697 1052 3741 et
1077 3686 1330 3757 jejuniis,
1362 3696 1416 3742 et
1447 3688 1922 3758 genuﬂcxionibus
1965 3705 2088 3760 qum.

506 3776 621 3830 fieri
656 3779 1096 3847 prazcipiuutur:
1136 3787 1188 3831 et
1233 3778 1379 3846 quod
1426 3779 1795 3846 periculosum
1845 3790 1927 3835 est
1962 3780 2086 3834 talia

500 3871 820 3938 despicere;
869 3872 1069 3925 etenim
1096 3880 1424 3940 separantur
1446 3883 1498 3926 et
1523 3872 2084 3937 anathematizantur,

499 3973 556 4016 ct
588 3979 710 4016 cum
757 3963 1028 4018 haereticis
1073 3973 1510 4018 annumerantur
1549 3963 1750 4018 divinis
1782 3967 2087 4020 canonibus

499 4055 593 4125 qui
632 4058 839 4126 absque
886 4057 1033 4124 jnsla
1086 4071 1254 4110 causa
1287 4057 1402 4111 haec
1452 4057 1796 4127 despiciunt;
1832 4068 1886 4111 et
1917 4075 2088 4128 quare

498 4145 564 4199 ad
600 4157 869 4200 orientem
895 4149 1143 4202 conversi
1172 4164 1418 4202 oramus.

570 4350 661 4404 58.
706 4350 993 4418 Ενροείιὶο
1029 4352 1335 4421 composita
1375 4367 1406 4405 e
1444 4350 1646 4406 divinis
1681 4351 1980 4421 Scripturis
2021 4353 2088 4408 de

504 4441 700 4497 festis:
738 4444 881 4512 quod
921 4461 1030 4497 non
1063 4445 1360 4514 voluptatis
1395 4445 1591 4513 gratia,
1624 4453 1678 4497 et
1708 4446 1803 4498 otii
1839 4446 2085 4500 instituta

2196 1958 2291 2008 καὶ
2313 1957 2395 2008 ὅτι
2423 1957 2484 2009 οὐ
2514 1956 2595 2008 δεῖ
2623 1957 3024 2024 ἀπογινώσκειν
3048 1957 3158 2011 τῶν
3186 1958 3676 2030 μαθητευομένων.

2266 2132 2374 2196 νς’.
2396 2133 2530 2203 Περὶ
2556 2133 2871 2203 ἐπιτιμίων,
2892 2136 2986 2187 καὶ
3005 2135 3331 2205 ἀφορισμῶν
3352 2135 3461 2188 τῶν
3491 2135 3650 2205 παρά
3681 2137 3784 2189 τῶν

2196 2225 2386 2296 ἱερέων
2413 2225 2704 2295 διδομένων
2730 2241 2745 2254 ·
2776 2227 2966 2280 κα“ιὸτι
2995 2227 3065 2279 τά
3096 2229 3246 2297 παρά
3282 2228 3489 2280 τούτων
3515 2227 3777 2298 δεδεμένα

2193 2317 2432 2390 εὐλόγως
2456 2318 2518 2369 οὐ
2547 2317 2766 2371 λύονται
2823 2319 2913 2389 ὑφ’
2935 2319 3150 2390 ἐτέρου,
3198 2322 3248 2372 εί
3277 2321 3352 2391 μὴ
3379 2319 3695 2389 τελευτήσει
3750 2325 3776 2374 6

2191 2408 2360 2478 δήσας
2409 2409 2605 2462 αὐτόν’
2644 2410 2740 2462 καὶ
2787 2410 2931 2479 ὅτιή
2993 2409 3307 2480 παράλογος
3342 2412 3666 2480 ἐπιτίμησις
3724 2413 3779 2464 οὐ

2192 2502 2400 2555 δέδεται
2433 2502 2585 2571 παρά
2644 2502 2720 2572 τῷ
2781 2502 2921 2571 Θεῷ,
2959 2501 3144 2565 καθὼς
3174 2509 3268 2556 καὶ
3297 2505 3325 2556 ό
3371 2504 3548 2573 μέγας
3596 2504 3782 2558 Διονύ-

2196 2611 2308 2657 σιος
2333 2593 2775 2664 ὑπεμνημάτισε,
2809 2594 2905 2646 καὶ
2947 2594 3127 2665 ἕτεροι
3175 2595 3419 2657 πλείονες
3453 2613 3466 2626 ·
3499 2597 3598 2648 καὶ
3628 2597 3778 2650 ποίαι

2193 2688 2332 2740 εἰσὶν
2365 2687 2602 2755 εὐλογοι,
2645 2689 2739 2741 καὶ
2779 2687 3080 2757 παράλογοι
3130 2689 3476 2761 ἐπιτιμήσεις
3504 2706 3518 2720 ·
3569 2690 3670 2742 καὶ
3701 2689 3778 2741 ὅτι

2190 2781 2240 2830 εί
2292 2779 2387 2832 καὶ
2417 2780 2477 2832 οὐ
2502 2780 2709 2832 δέδεται
2739 2779 2890 2848 παρά
2911 2779 2989 2850 τῷ
3015 2779 3135 2850 Θεῷ
3150 2781 3217 2833 τὰ
3242 2780 3572 2850 παραλόγως
3608 2783 3782 2833 ἐπιτι-

2193 2871 2455 2940 μηθέντα,
2487 2871 2602 2925 ἀλλ’
2629 2871 2722 2925 οὖν
2743 2872 2864 2925 οὐδὲ
2900 2873 3138 2927 ἐκδικεῖν
3167 2873 3356 2926 ἑαυτὸν
3374 2873 3577 2943 ὀφείλει
3607 2877 3636 2928 6
3676 2893 3779 2928 πα-

2193 2963 2437 3032 ραλόγως
2496 2965 2866 3034 ἐπιτιμηθεὶς,
2918 2966 3016 3020 καὶ
3091 2968 3157 3037 τῇ
3217 2966 3446 3039 τοιαύτῃ
3505 2970 3778 3039 προφάσει

2190 3057 2710 3127 καταφρονητικῶς,
2761 3059 2856 3110 καὶ⁵
2908 3057 3250 3122 ἀλαζονικῶς
3296 3059 3433 3130 πρὸς
3497 3063 3628 3124 τούς
3662 3062 3777 3113 επι-

2190 3152 2468 3222 τιμῶντας
2488 3151 2815 3215 διακεῖσθαι,
2841 3151 2977 3204 ἀλλά
3006 3151 3148 3221 μετὰ
3197 3153 3382 3221 ⁸πάσης
3429 3154 3778 3223 παρακαλεῖν

2191 3245 2601 3313 ταπεινότητος,
2639 3245 2734 3296 καὶ
2761 3246 2810 3297 εί
2860 3244 2922 3297 οὐ
2971 3243 3196 3296 δύναται
3240 3243 3415 3314 τούτῳ
3466 3244 3544 3314 τῷ
3593 3247 3777 3316 τρόπῳ

2189 3338 2384 3392 ἀνῦσαί
2415 3357 2487 3400 τι,
2515 3337 2917 3409 προσέρχεσθαι
2935 3339 3048 3400 τοῖς
3095 3337 3341 3408 μείζοσιν
3396 3338 3629 3407 ἱερεῦσι,
3689 3339 3777 3390 καὶ

2189 3430 2335 3486 οὕτω
2381 3431 2511 3500 παρ’
2557 3431 2738 3484 αὐτῶν
2808 3429 3142 3484 ἐκδικείσθαι
3211 3431 3352 3483 κατά
3396 3432 3489 3483 τὸν
3528 3433 3590 3482 ὲν
3639 3432 3774 3502 Σαρ-

2189 3525 2311 3595 δικῇ
2366 3523 2965 3594 τεσσαρεσκαιδέκατον
2998 3521 3202 3575 κανόνα
3232 3537 3246 3552 ⁸
3276 3521 3374 3574 καὶ
3423 3523 3506 3574 ὅτι
3544 3524 3574 3576 6
3626 3523 3774 3591 παρά

2188 3616 2250 3668 τὸ
2280 3616 2491 3686 θέλημα
2521 3615 2615 3668 τοῦ
2651 3613 2786 3667 Θεοῦ
2817 3614 3086 3684 ἰπιτιμῶν
3117 3613 3562 3679 καταδικάζεται.

2265 3708 2364 3773 νζ’.
2398 3708 2534 3776 Περὶ
2564 3707 2789 3778 ἑορτῶν,
2822 3708 2918 3760 καὶ⁵
2953 3706 3244 3776 νηστειῶν,
3272 3707 3369 3760 καὶ
3413 3706 3773 3774 γονυκλισιῶν

2189 3800 2298 3854 τῶν
2365 3799 2762 3868 κεκωλυμένων
2813 3798 3060 3865 γίνεσθαι
3093 3813 3108 3827 ⁸
3147 3798 3243 3851 καὶ
3295 3799 3377 3850 ὅτι
3431 3798 3772 3850 ἐπικίνδυνόν

2189 3896 2306 3948 ἐστι
2336 3893 2397 3946 τὸ
2427 3895 2788 3962 καταφρονεῖν
2826 3891 2936 3945 τῶν
2966 3890 3223 3945 τοιούτων
3256 3909 3271 3920 ⁸
3307 3890 3535 3961 καὶγὰρ
3581 3891 3769 3960 ἀφορία

2190 3987 2396 4052 ζονται,
2424 3988 2519 4039 καί
2535 3983 3049 4053 ἀναθεματίζονται,
3082 3984 3177 4037 καὶ
3200 3986 3314 4047 τοῖς
3331 3985 3626 4054 αἱρετικοῖς
3652 3999 3770 4035 συν-

2191 4078 2552 4152 αριθμοῦνται
2584 4077 2735 4146 παρά
2777 4077 2886 4130 τῶν
2920 4076 3078 4129 θείων
3099 4077 3344 4129 κανόνων
3367 4078 3417 4129 οἱ
3447 4076 3572 4146 δίχα
3611 4075 3764 4128 εὐλό-

2188 4189 2286 4240 γου
2347 4170 2526 4233 αἰτίας
2575 4170 2784 4222 τούτων
2851 4167 3324 4239 καταφρονοῦντες
3353 4183 3370 4200 ·
3413 4169 3508 4222 καὶ
3563 4168 3653 4222 διά
3713 4167 3768 4220 τὸ

2190 4264 2328 4333 πρὸς
2353 4262 2618 4325 ἀνατολὰς
2644 4261 2881 4334 ὁρῶντες
2914 4261 3211 4332 εὐχόμεθα.

2261 4361 2362 4426 νη’.
2410 4352 2713 4425 Ἐρμηνεία
2745 4351 3066 4405 συντεθεῖσα
3092 4354 3158 4404 ὲκ
3199 4351 3309 4405 τῶν
3338 4351 3498 4406 θείων
3539 4351 3766 4424 Γραφῶν

2193 4447 2452 4519 περὶτῶν
2494 4446 2698 4516 ἑορτῶν
2727 4461 2740 4474 ·
2785 4445 2867 4497 ὅτι
2907 4445 3005 4513 οὐχ
3036 4443 3222 4496 ἕνεκεν
3249 4445 3485 4514 τρυφῆς,
3545 4445 3640 4497 καὶ
3669 4446 3763 4514 ἀρ-

497 4547 649 4601 sunl,
680 4539 774 4591 sed
805 4537 872 4590 ad
903 4537 1304 4591 correctionem
1337 4549 1390 4591 et
1417 4538 1706 4591 utilitatem
1739 4538 2079 4604 animarum;

2194 4542 2311 4608 γίας
2348 4539 2748 4610 παρεδόθησαν,
2805 4537 2943 4591 ἀλλά
2974 4537 3110 4608 πρὸς
3165 4536 3455 4608 διόρθωσιν
3509 4539 3601 4590 καὶ
3623 4536 3764 4606 ιτ)φέ-

494 4640 548 4683 et
589 4630 657 4684 de
712 4631 796 4682 his
858 4645 980 4697 quae
1027 4639 1181 4684 extra
1229 4643 1433 4699 corpus
1483 4638 1610 4684 sunt
1666 4630 2080 4698 pollutionibus,

496 4738 692 4790 nempe
716 4723 784 4775 de
813 4721 962 4778 ﬂuxu
999 4730 1053 4774 et
1079 4722 1378 4776 similibus.

569 4814 658 4868 59.
703 4813 1015 4874 Distinctio,
1053 4817 1136 4868 vel
1168 4815 1444 4883 expositio
1483 4830 1512 4869 e
1546 4815 1750 4870 divinis
1783 4813 2082 4884 Scripturis

495 4917 778 4971 constans,
843 4921 1086 4974 quonam
1159 4909 1346 4968 modo,
1407 4917 1462 4961 ct
1532 4907 1751 4976 quando
1831 4914 2084 4976 oporteat

495 5003 814 5071 praescripta
861 5001 1073 5069 jejunia
1125 5002 1509 5055 universaliter
1560 5001 1850 5055 occasione
1892 5015 2083 5055 occur-

494 5096 681 5149 rentia:
709 5103 925 5163 patrum
965 5103 1018 5148 et
1051 5093 1286 5149 fratrum
1321 5095 1532 5150 solvere
1574 5112 1587 5148 :
1623 5097 1847 5164 etquod
1879 5095 1954 5150 illi
1985 5096 2079 5165 qui

494 5189 809 5258 praescripta
865 5187 1076 5258 jejunia
1121 5204 1217 5258 per
1258 5188 1525 5258 Spiritum
1578 5200 1829 5242 sanctum
1863 5190 2083 5244 solvunt

491 5281 612 5335 sine
655 5281 901 5350 legitima
948 5296 1132 5346 causa,
1168 5281 1251 5334 vel
1293 5279 1608 5335 necessario
1653 5283 1889 5350 quodam
1925 5298 2076 5346 casu,

490 5376 903 5432 communicant
939 5375 1239 5430 Itazresihus
1272 5374 1748 5431 Massalianorum.

560 5551 651 5605 60.
689 5550 763 5605 De
792 5551 931 5606 cibis
956 5561 1010 5606 et
1038 5552 1257 5622 potibus
1282 5553 1567 5607 monachis
1599 5553 2076 5620 convenientibus,

491 5645 858 5710 anachoretis,
880 5657 929 5698 et
968 5645 1053 5699 his
1085 5646 1178 5716 qui
1218 5647 1271 5700 in
1297 5647 1524 5717 synodis
1556 5658 1706 5710 sunt,
1733 5656 1786 5700 et
1810 5646 1954 5715 quod
1980 5662 2076 5716 pa-

492 5735 578 5788 nis
622 5745 677 5790 et
722 5738 802 5792 sal
848 5747 979 5793 sunt
1014 5741 1159 5806 regia
1196 5743 1279 5795 via
1326 5741 1646 5795 deliciarum
1677 5758 1690 5792 :
1719 5749 1770 5794 et
1801 5742 1944 5808 quod
1974 5741 2078 5794 illze

491 5839 610 5893 qua:
639 5842 736 5895 per
789 5828 1063 5896 pulmenta
1112 5843 1304 5900 prieter
1355 5834 1734 5889 necessitatem
1785 5834 1920 5887 ﬁunt
1977 5835 2075 5888 ιι·ίὶ-

2187 4635 2337 4688 λειαν
2365 4631 2556 4702 ψυχῶν
2580 4647 2592 4658 ·
2633 4630 2729 4684 καὶ
2753 4631 2884 4700 περὶ
2908 4629 3016 4683 τῶν
3044 4632 3151 4694 ἕξω
3180 4629 3274 4682 τοῦ
3300 4628 3548 4699 σώματος
3609 4629 3763 4700 μολυ-

2188 4726 2362 4797 σμῶν,
2401 4726 2519 4796 ἦτοι
2548 4723 2674 4794 περὶ
2709 4721 2948 4792 ρεύσεως
2980 4721 3078 4775 καὶ
3115 4721 3224 4775 τῶν
3258 4721 3539 4775 τοιούτων.

2255 4816 2353 4872 νϐ’.
2391 4817 2692 4888 Διάκρισις,
2725 4813 2844 4883 ἦτοι
2877 4813 3146 4886 ἑρμηνεία
3172 4815 3238 4867 ὲκ
3285 4812 3393 4866 τῶν
3416 4812 3578 4866 θείων
3622 4813 3662 4863 Γ
3668 4828 3761 4882 ρα-

2187 4911 2302 4981 φῶν
2368 4913 2708 4977 συντεθεῖσα,
2744 4911 2882 4979 ποίῳ
2928 4908 3117 4978 τρόπῳ
3177 4907 3272 4959 καὶ
3323 4905 3454 4958 πότε
3504 4905 3610 4974 χρὴ
3670 4905 3760 4964 τὰς

2186 5005 2630 5078 παραδεδομένας
2651 5003 2906 5073 νηστείας
2927 5003 3006 5064 είς
3029 5000 3089 5052 τὸ
3102 4999 3280 5053 κοινὸν
3308 4998 3580 5068 προφάσει
3597 4999 3760 5046 ἀπαν-

2183 5097 2284 5165 τῆς
2305 5099 2559 5167 πατέρων
2582 5097 2676 5150 καὶ
2703 5093 2952 5162 ἀδελφῶν
2984 5090 3278 5144 καταλύειν
3304 5107 3317 5120 ·
3348 5089 3442 5141 καὶ
3473 5090 3553 5140 ὅτι
3587 5087 3636 5139 ot
3659 5086 3750 5148 τὰς

2184 5188 2626 5258 παραδεδόμενας
2657 5185 2911 5254 νηστείας
2931 5183 3020 5235 διὰ
3059 5180 3374 5251 Πνεύματο;
3408 5179 3565 5246 ἁγίου
3598 5193 3754 5232 κατα-

2184 5280 2400 5344 λύοντες
2445 5281 2615 5350 χωρὶς
2672 5277 2897 5343 εὐλόγου
2962 5274 3142 5336 αἰτίας
3187 5272 3222 5342 ἢ
3275 5272 3572 5340 ἀναγκαίου
3617 5270 3754 5331 τινὸς

2184 5370 2534 5442 πράγματος,
2571 5364 2993 5436 συ-[κοινωνοῦσι
3020 5366 3140 5427 ταῖς
3166 5364 3413 5434 αἱρέσεσι
3451 5363 3558 5416 τῶν
3603 5363 3754 5416 Μασ-

2185 5462 2476 5518 σαλιανῶν.

2255 5551 2317 5620 ξ’.
2346 5553 2483 5624 Περὶ
2530 5549 2838 5622 βρωμάτων
2897 5547 2995 5602 καὶ
3037 5547 3298 5619 πομάτων
3345 5548 3459 5610 τοῖς
3513 5544 3754 5617 μοναχοῖς

2185 5645 2524 5716 πρεπόντων,
2551 5646 2662 5707 τοῖς
2714 5661 2774 5696 τε
2806 5642 3210 5713 ἀναχωρηταῖς,
3242 5640 3335 5694 καὶ
3389 5642 3501 5702 τοῖς
3539 5640 3596 5692 ἐν
3637 5654 3754 5689 συντ

2183 5739 2344 5800 ὁδοις·
2380 5738 2570 5790 κα¹ιὸτι
2598 5737 2762 5806 ἄρτος
2819 5736 2915 5788 καὶ
2946 5733 3082 5798 ἅλας
3107 5733 3256 5786 ἐστὶν
3289 5734 3323 5805 ἡ
3367 5729 3619 5803 βασιλικὴ
3647 5727 3754 5786 όδὸς

2180 5833 2280 5899 τῆς
2302 5830 2513 5899 τρυφῆς
2556 5845 2568 5857 ·
2617 5830 2711 5882 καὶ
2757 5830 2839 5881 ὅτι
2866 5829 2924 5881 αἱ
2959 5826 3049 5881 διὰ
3092 5825 3200 5882 τῶν
3235 5827 3567 5898 ἀρτυμάτων
3615 5821 3753 5892 παρά
