4032 6420
403 380 537 445 1381
1107 383 1876 448 INTERPRETATIONES
1916 385 1990 444 DI
2001 383 2362 447 VINORUM
2398 386 2562 452 MAN
2565 389 2938 452 DATORUM
2951 437 2960 449 .
3525 391 3664 456 1382

398 499 457 551 τὸ
475 497 592 551 δέον
613 498 1122 570 τροφαὶάπόϐλητοί
1145 503 1252 554 εἱσι
1285 517 1300 532 ο
1323 501 1422 554 καὶ
1469 501 1550 554 ὅτι
1581 501 1742 570 φύσει
1775 504 1807 572 ἡ
1860 501 1970 554 τῶν

2075 510 2279 570 menta,
2313 505 2744 574 contetnptibilia
2781 512 2940 570 sunt;
2974 511 3027 556 et
3069 501 3215 573 quod
3247 511 3442 559 natura
3473 507 3661 563 homi-

396 588 698 659 ἀνθρώπων
720 592 894 662 τροφὴ
919 593 1071 663 παρά
1103 593 1198 646 τοῦ
1233 593 1579 664 Δημιουργοῦ
1632 594 1867 664 ώρίσθη,
1892 595 1979 647 οἵα

2083 611 2212 649 num
2241 611 2368 650 esca
2410 611 2436 648 a
2475 598 2736 652 Creatore
2775 597 3090 666 praescripta
3123 605 3227 660 est,
3259 595 3420 651 sicuti
3458 607 3512 652 ct
3543 602 3663 654 aui-

395 679 491 733 καὶ
535 683 646 743 τοῖς
675 681 858 747 ζώοις,
897 685 926 735 ό
975 685 1165 753 χόρτος
1197 685 1296 754 τῆς
1334 686 1435 756 γῆς
1479 686 1750 754 δηλονότι,
1777 687 1870 738 καὶ
1911 687 1978 738 τὰ

2083 687 2338 752 malibus,
2368 696 2524 741 terra:
2561 686 2742 741 fenum
2780 689 3061 742 evidenter
3082 697 3135 742 et
3159 687 3401 754 semina;
3435 701 3488 742 et
3515 693 3659 759 quod

396 773 689 842 σπέρματα
720 791 732 804 ·
767 775 862 826 καὶ
915 776 996 827 ὅτι
1040 776 1232 847 καιροῦ
1281 794 1412 829 ποτε
1467 779 1698 846 εὐλόγου
1762 794 1978 846 συμπε-

2083 784 2329 843 tempore
2385 785 2693 843 opportuno
2753 778 3128 846 contingente,
3179 778 3230 830 in
3273 778 3504 847 gloriam
3567 782 3658 836 Dei

397 864 600 929 σόντος,
625 867 702 926 εἰς
737 865 893 930 δόξαν
921 866 1057 919 Θεοῦ
1090 868 1530 938 μεταλαμϐάνειν
1583 870 1690 940 χρὴ
1723 870 1816 921 τὸν
1853 869 1978 939 βου-

2081 877 2295 934 oportet
2316 869 2564 936 accipere
2593 869 2864 924 volentem
2899 870 2967 924 ab
2990 871 3269 936 omnibus,
3301 881 3508 940 quanta
3543 891 3661 928 IIIO-

393 955 617 1024 λόμενον
667 957 774 1010 ἀπὸ
797 958 1016 1012 πάντων
1046 961 1146 1012 ὅσα
1195 963 1306 1025 τοῖς
1341 965 1598 1032 μοναχοῖς
1633 962 1970 1032 ἀφώρισται.

1123 978 1146 1012 ι
1195 963 1306 1025 τοῖς
1341 965 1598 1032 μοπιαχοίς
1633 962 1970 1032 ἀφώρισται.
2081 959 2273 1014 [tacitis
2305 963 2715 1030 permittuntur.

464 1047 563 1110 ξαν.
601 1048 738 1118 Περὶ
769 1048 1027 1118 βρώσεως
1088 1051 1182 1105 καὶ
1233 1053 1445 1116 πόσεως
1480 1055 1590 1105 τῶν
1629 1056 1687 1106 ὲν
1713 1057 1827 1118 τοῖς
1859 1071 1976 1108 κοι-

2151 1053 2238 1106 6i.
2299 1051 2376 1108 De
2435 1055 2556 1109 cibo
2607 1065 2662 1110 et
2715 1064 2846 1124 potu
2903 1071 3090 1112 eorum
3140 1061 3232 1128 qui
3280 1061 3334 1115 in
3391 1065 3661 1120 coenobiis

393 1137 592 1201 νοϐίοις
612 1138 928 1207 διαγόντων,
957 1141 1034 1194 ἔτι
1075 1143 1130 1196 δὲ
1157 1144 1251 1196 καὶ
1277 1146 1403 1214 περὶ
1437 1145 1812 1214 ἀναχωρητῶν
1840 1162 1849 1175 ·
1883 1145 1976 1197 καὶ

2079 1142 2302 1210 degunt,
2330 1145 2561 1198 etetiam
2593 1146 2660 1202 de
2686 1147 3036 1204 anachoretis
3061 1165 3074 1203 :
3103 1159 3156 1204 et
3183 1153 3326 1218 quod
3355 1169 3464 1208 non
3498 1170 3663 1223 Opor-

393 1229 474 1280 ὃτι
498 1230 558 1280 οὐ
589 1231 670 1282 δεῖ
694 1231 989 1299 γογγύζειν
1015 1233 1199 1288 ἕνεκεν
1229 1235 1504 1306 βρώσεως,
1535 1237 1977 1306 ἢάποσχίζεσθαι

2082 1243 2152 1290 tet
2175 1253 2520 1292 murmurare
2541 1252 2762 1309 propter
2780 1242 2983 1306 cibum,
3008 1243 3092 1297 vel
3114 1243 3394 1300 discedere
3412 1263 3442 1300 a
3468 1263 3655 1303 mensa

389 1322 486 1388 τῆς
524 1321 804 1392 τραπέζης
831 1323 938 1376 τῶν
975 1325 1241 1396 ἀδελφῶν,
1271 1327 1366 1381 καὶ
1395 1327 1561 1396 ἔτερα
1595 1328 1874 1395 ἐπιζητεῖν
1911 1327 1978 1378 τά

2081 1327 2336 1392 fratrum,
2367 1339 2423 1384 et
2451 1329 2558 1383 alia
2585 1335 2874 1401 exquirere
2900 1333 3234 1400 jncundiora
3268 1345 3322 1390 et
3373 1338 3655 1405 dulciora;

391 1411 628 1481 ἠδύτερα
687 1414 782 1465 καὶ
834 1415 1244 1487 εὐχρηστότερα
1286 1431 1300 1444 ·
1358 1417 1452 1470 καὶ
1503 1419 1585 1470 ὅτι
1653 1416 1816 1486 ἄρτος
1877 1417 1970 1468 καὶ

2079 1427 2132 1472 et
2175 1420 2320 1488 quod
2378 1421 2536 1489 panis
2581 1433 2635 1475 et
2685 1424 2894 1478 semina
2935 1426 3215 1481 satiabunt
3270 1431 3654 1485 necessitatem

394 1503 684 1571 σπέρματα
716 1506 1065 1578 ἐκπληρώσει
1099 1509 1197 1578 τὴν
1223 1512 1413 1582 χρείαν
1442 1509 1536 1564 τοῦ
1568 1509 1840 1579 σώματος,
1883 1509 1978 1562 καὶ

2079 1511 2357 1580 corporis,
2391 1521 2442 1566 et
2473 1527 2612 1582 aqua
2643 1514 2792 1568 sitim
2827 1515 2963 1570 bene
2993 1517 3234 1584 valenti;
3265 1528 3318 1573 et
3343 1523 3488 1590 quod
3521 1533 3657 1576 tem~

393 1592 536 1664 ὕδωρ
567 1595 662 1666 τὴν
696 1597 854 1665 δίψαν
889 1599 966 1668 τῷ
1001 1601 1332 1669 ὑγιαίνοντι·
1365 1603 1458 1655 καὶ
1483 1602 1563 1655 ὅτι
1611 1601 1806 1672 καιροῦ
1843 1619 1975 1654 ποτε

2081 1615 2211 1667 pore
2243 1600 2486 1670 legitimo
2533 1602 2905 1673 contingente,
2955 1605 3009 1658 in
3050 1605 3277 1674 gloriam
3313 1608 3408 1664 Dei
3445 1618 3657 1681 oportet

393 1686 612 1754 εὐλόγου
645 1691 1036 1758 συμπεσόντος,
1087 1696 1167 1757 εἰς
1194 1694 1351 1761 δόξαν
1375 1695 1509 1748 Θεοῦ
1535 1695 1976 1766 μεταλαμϐάνειν

2079 1695 2324 1760 accipere
2345 1693 2617 1748 volentem
2650 1709 2895 1760 caseum,
2935 1711 3060 1762 ova,
3088 1699 3317 1767 piscem,
3346 1712 3399 1756 et
3429 1703 3649 1765 similia.

391 1775 478 1827 τδν
515 1777 838 1848 βουλόμενον
870 1783 1054 1850 τυροῦ,
1091 1786 1183 1838 καὶ
1214 1785 1342 1850 ώοῦ,
1378 1787 1471 1838 καὶ
1513 1786 1714 1856 ίχθύος,
1751 1787 1846 1839 καὶ
1862 1785 1972 1838 τῶν

1451 1787 1471 1838 't
1513 1786 1714 1856 ἰχθύος,
1751 1787 1846 1839 καὶ
1862 1785 1972 1838 τῶν
2002 1843 2040 1856 ﬂ
2077 1796 2281 1855 quanta
2321 1786 2609 1840 monachis
2637 1787 3043 1855 permittuntur.

391 1869 668 1932 τοιούτων,
702 1872 794 1923 καὶ
822 1874 922 1927 ὅσα
953 1878 1062 1938 τοῖς
1093 1880 1345 1946 μοναχοῖς
1373 1877 1703 1948 ἀφώρισται.
2002 1843 2042 1896 Β

461 1957 560 2028 ξβ’.
599 1962 730 2032 Περὶ
761 1963 1015 2034 βρώσεως
1048 1967 1140 2019 καὶ
1187 1969 1396 2030 πόσεως
1430 1968 1537 2020 τῶν
1569 1969 1713 2020 κατὰ
1765 1969 1972 2038 κόσμον

2154 1958 2242 2012 6‘2.
2287 1959 2360 2013 De
2385 1960 2508 2014 ciho
2533 1967 2588 2013 et
2619 1966 2747 2028 potu
2777 1973 2966 2014 eorum
2992 1960 3160 2029 quiin
3195 1961 3402 2016 mundo
3437 1962 3655 2017 vivunt:

389 2051 656 2118 βιωτικῶν
691 2073 704 2085 ·
747 2057 842 2108 καὶ
871 2056 988 2121 πῶς
1017 2059 1096 2112 δεῖ
1119 2059 1792 2130 τρέφεσθαιΧριστιανούς
1826 2077 1838 2091 ·
1877 2062 1970 2114 καὶ

2077 2062 2129 2106 ct
2155 2052 2432 2121 quomodo
2457 2051 2656 2106 debent
2685 2052 2756 2106 ali
2789 2051 3125 2118 Christiani;
3162 2063 3216 2108 et
3243 2055 3392 2122 quod
3421 2055 3652 2117 semina,

387 2143 470 2196 ὅτι
506 2144 818 2216 σπέρματα,
869 2151 962 2202 καὶ
1010 2150 1172 2222 χλόην
1223 2153 1282 2218 ἐξ
1349 2153 1525 2223 ἀρχῆς
1575 2153 1969 2223 ἐνομοθέτησεν

2076 2155 2130 2198 et
2157 2145 2381 2198 herbam
2413 2159 2442 2196 a
2479 2143 2747 2213 principio
2779 2144 3018 2200 instituit
3054 2143 3199 2200 Deus
3232 2147 3304 2200 ab
3339 2147 3654 2202 hominibus

383 2234 416 2286 ὁ
467 2235 598 2299 Θεὸς
647 2239 771 2302 τοὺς
825 2240 1148 2312 ἀνθρώπους
1210 2244 1412 2296 ἐσθίειν
1441 2259 1456 2274 ·
1507 2245 1602 2298 καὶ
1633 2246 1970 2315 ὄτιήκρεω-

2078 2237 2427 2300 manducari;
2461 2246 2514 2290 et
2541 2237 2686 2306 quod
2719 2236 2904 2292 carnis
2937 2252 3088 2303 esus,
3114 2247 3169 2292 et
3193 2237 3305 2292 vini
3337 2247 3498 2306 potus
3519 2247 3649 2306 post

387 2328 558 2394 φαγία
596 2332 690 2382 κα)⁸
712 2333 742 2401 ἡ
781 2334 1062 2388 οίνοποσία
1094 2335 1230 2405 μετά
1257 2335 1346 2388 τὸν
1369 2335 1754 2406 κατακλυσμὸν
1775 2338 1965 2389 ἐπεισ-

2075 2325 2340 2380 diluvium
2387 2326 2444 2379 in
2503 2327 2764 2380 mundum
2817 2327 3194 2392 intraverunt,
3237 2337 3292 2382 et
3343 2329 3427 2382 his
3471 2329 3651 2398 quiin

383 2418 516 2485 ἦλθε
551 2421 628 2490 τῷ
656 2422 778 2491 βίῳ,
809 2425 903 2478 καὶ
933 2429 1046 2490 τοῖς
1073 2427 1214 2482 κατά
1242 2429 1446 2498 κόσμον
1477 2430 1538 2480 ἐν
1579 2427 1758 2498 καιρῷ
1795 2429 1966 2495 ἀναγ-

2077 2420 2282 2474 mundo
2325 2429 2452 2474 sunt
2491 2419 2544 2474 in
2583 2429 2824 2489 tempore
2853 2419 3166 2476 necessario
3215 2420 3320 2476 ista
3357 2421 3650 2487 rejicienda

387 2512 524 2580 καίῳ
541 2515 714 2568 ταῦτα
737 2519 1043 2588 ἀπόϐλητα.
2075 2519 2224 2566 sum.

460 2604 558 2672 ξγ’.
593 2610 726 2677 Περὶ
755 2613 1107 2680 χειροτονίας,
1131 2613 1226 2666 καὶ
1257 2613 1630 2684 καθαιρέσεως
1653 2612 1961 2684 κληρικῶν·

2144 2605 2234 2659 65.
2267 2604 2341 2658 De
2383 2603 2748 2666 ordinatione,
2795 2611 2849 2658 et
2894 2602 3241 2673 depositione
3276 2603 3604 2660 clericorum
3631 2622 3648 2656 :

387 2699 480 2749 καὶ
517 2699 598 2751 ὅτι
633 2701 683 2752 οἱ
718 2705 866 2771 παρὰ
897 2705 1022 2766 τοὺς
1077 2704 1418 2774 ὡρισμένους
1457 2707 1684 2776 χρόνους
1721 2723 1963 2776 χειροτο-

2072 2705 2126 2750 et
2150 2697 2293 2765 quod
2321 2695 2396 2748 illi
2423 2695 2514 2764 qui
2540 2705 2734 2764 praeter
2755 2702 2958 2748 statuta
2991 2703 3234 2763 tempora
3259 2694 3497 2748 ordinati
3523 2703 3653 2746 sunt

382 2787 638 2856 νηθέντες
693 2793 1104 2861 καθαιροῦνται,
1141 2796 1233 2849 καὶ
1261 2798 1290 2848 ὁ
1321 2797 1506 2859 κύϐοις
1539 2796 1838 2865 σχολάζων,
1873 2797 1966 2849 καὶ

2071 2785 2444 2856 deponuntur,
2467 2793 2521 2840 et
2551 2784 2644 2853 qui
2683 2785 2806 2838 talis
2821 2795 2878 2839 et
2907 2785 3268 2840 ebrietatibus
3301 2796 3460 2840 vocat
3491 2785 3653 2838 cleri-

385 2879 581 2946 μέθαις
613 2880 872 2952 κληρικὸς
889 2885 1026 2938 καθα
1037 2889 1251 2955 ιρεῖται,
1272 2889 1300 2940 ὁ
1321 2887 1374 2940 δὲ
1397 2887 1586 2950 λαῐκδς
1612 2889 1961 2958 ἀφορίζεται·

2073 2893 2171 2934 cus
2200 2878 2514 2947 deponitur,
2541 2877 2714 2933 laicus
2739 2885 2920 2931 autem
2949 2887 3270 2946 separatur;
3301 2885 3354 2930 et
3385 2877 3534 2946 quod
3561 2877 3652 2932 ille

381 2969 479 3034 καὶ
510 2971 591 3024 ὅτι
613 2975 641 3022 ό
673 2974 782 3028 ἀπὺ
812 2976 908 3044 τῆς
949 2975 1364 3050 ἀρχιερωσύνης
1391 2982 1471 3042 εἰς
1524 2982 1623 3050 τὴν
1661 2979 1964 3050 μοναχικὴν

2073 2970 2168 3039 qui
2213 2985 2240 3023 a
2273 2978 2417 3024 statu
2452 2968 2778 3024 sacerdotali
2817 2969 2871 3024 in
2919 2969 3284 3022 monasticum
3327 2969 3650 3036 ingreditur,

379 3061 540 3125 τάξιν
579 3063 768 3131 ἐλθὼν,
801 3069 900 3120 οὐκ
939 3067 1320 3139 ἔτιίεράτευσε
1357 3089 1370 3102 ·
1399 3072 1494 3123 καὶ
1531 3070 1660 3141 περὶ
1693 3071 1964 3139 διαφόρων

2069 3061 2179 3130 jam
2209 3075 2316 3113 non
2344 3059 2646 3114 ministerio
2675 3074 2837 3114 sacro
2867 3067 3053 3124 vacat;
3089 3069 3142 3112 et
3167 3059 3236 3112 de
3263 3058 3494 3114 diversis
3519 3058 3651 3112 sub-

379 3151 714 3208 ὑποθέσεων·
751 3159 842 3210 καὶ
877 3159 958 3211 ὅτι
987 3159 1044 3211 ἓν
1074 3159 1291 3228 πνεῦμα
1327 3162 1629 3229 ἐνήργησεν
1665 3160 1746 3222 εἷς
1771 3176 1828 3212 τε
1863 3162 1963 3220 τὰς

2068 3153 2260 3221 jectis;
2295 3160 2348 3206 et
2379 3152 2523 3221 quod
2557 3167 2700 3205 unus
2751 3150 2983 3219 spiritus
3023 3150 3315 3219 inspiravit
3369 3151 3421 3204 in
3457 3149 3649 3204 locali-

376 3249 630 3308 τοπικὰς,
667 3247 761 3299 καὶ
810 3249 892 3311 είς
945 3250 1044 3312 τὰς
1090 3253 1478 3319 οίκουμενικάς
1526 3250 1772 3311 συνόδους
1800 3266 1814 3280 ·
1872 3251 1968 3301 καὶ

2077 3247 2178 3300 bus
2207 3254 2260 3300 et
2277 3246 2330 3298 in
2349 3243 2696 3313 generalibus
2713 3243 2966 3311 synodis;
2989 3250 3042 3296 et
3067 3249 3282 3311 oportet
3303 3241 3648 3296 Christianus

375 3333 486 3404 χρὴ
509 3335 612 3396 ἓως
640 3336 834 3400 αἰῶνος
865 3341 990 3402 τοὺς
1027 3341 1394 3410 Χριστιανοὺς
1424 3342 1550 3402 τοὺς
1581 3339 1757 3402 θείους
1785 3340 1966 3394 αὐτῶν

2074 3352 2314 3393 canones
2353 3335 2567 3390 divinos
2603 3349 2790 3390 carum
2823 3334 3144 3390 observare.
3633 3335 3635 3338 ’

377 3426 673 3494 φυλάττειν
705 3431 957 3494 κανόνας.

897 3549 1025 3604 Post
1063 3550 1311 3618 paginam
1337 3549 1412 3615 ς’,
1449 3562 1602 3620 caput
1644 3539 1875 3620 primunt
1909 3548 1984 3600 ita
2016 3545 2222 3613 incipit,
2269 3541 2488 3612 prwﬁa'o
2517 3539 2692 3592 rubris
2725 3538 2918 3592 litteris
2953 3536 3149 3590 titulo:

461 3686 758 3758 Ἐρμηνεία
809 3687 917 3740 τῶν
945 3686 1175 3739 ἐντολῶν
1209 3687 1302 3739 τοῦ
1337 3688 1540 3758 Κυρίου
1592 3686 1748 3757 ἡμῶν
1789 3685 1962 3754 Ἰησοῦ

2145 3679 2427 3749 ExpOsitio
2503 3676 2886 3730 mandatorum
2961 3673 3182 3727 Domini
3269 3669 3442 3725 nostri
3511 3668 3642 3727 Jesu

375 3779 642 3850 Χριστοῦ,
687 3778 842 3846 λόγος
905 3779 1288 3848 διαλαμϐάνων
1341 3784 1469 3850 περὶ
1507 3780 1608 3848 τῆς
1655 3778 1962 3839 ὑποθέσεως

2070 3772 2295 3836 Christi,
2329 3783 2510 3824 sermo
2539 3777 2780 3820 tractans
2815 3765 2882 3819 de
2914 3764 3161 3833 subjecto
3195 3761 3338 3816 libri.
3375 3760 3474 3815 llic
3501 3762 3645 3816 liber

373 3871 474 3924 τοῦ
513 3869 742 3939 βιϐλίου.
777 3869 925 3940 Αὐτὴ
956 3872 988 3939 ἡ
1032 3869 1213 3939 βίβλος
1241 3869 1338 3931 τὰς
1373 3869 1468 3923 τοῦ
1507 3871 1712 3942 Κυρίου
1745 3869 1960 3939 μὲνέν-

2069 3863 2285 3917 Domini
2318 3865 2596 3926 mandata,
2637 3867 2691 3913 et
2721 3861 2916 3911 horum
2961 3855 3357 3925 explicationes
3407 3853 3645 3923 comple-

372 3964 560 4026 στολὰς,
588 3964 685 4016 καὶ
711 3963 810 4026 τὰς
841 3963 1048 4015 τούτων
1097 3963 1398 4033 ἑρμηνείας
1441 3963 1710 4034 περιέχει,
1764 3979 1961 4032 συναρ-

2067 3957 2253 4022 ctitnr,
2291 3955 2574 4022 adaptatas
2603 3952 2688 4006 his
2723 3959 2776 4004 et
2803 3947 3177 4005 consectarias
3208 3945 3396 4008 simul,
3435 3955 3488 4000 et
3518 3961 3645 3999 san-

380 4055 652 4128 μοζούσας
677 4057 732 4108 δὲ
751 4055 976 4118 ταύταις
1003 4055 1099 4108 καὶ
1125 4055 1587 4119 ἐξακολουθούσας
1609 4055 1832 4125 ὁμοίως,
1863 4055 1960 4108 καὶ

2063 4061 2276 4105 ctorum
2293 4046 2519 4100 Patrum
2543 4043 2822 4098 doctrinas
2850 4039 3116 4104 continet,
3137 4036 3432 4107 praeferens
3461 4037 3639 4104 quod-

371 4127 478 4212 τάς
531 4149 641 4202 τῶν
670 4149 840 4217 ἁγίων
898 4149 1156 4219 Πατέρων
1185 4149 1532 4212 διδασκαλίας
1574 4148 1963 4219 συμπεριείλη-

2063 4155 2170 4207 que
2199 4145 2366 4206 caput
2410 4151 2440 4189 e
2483 4133 2716 4204 singulis
2766 4131 3024 4184 Palribus
3065 4127 3283 4183 titulum
3327 4141 3553 4182 sumens
3585 4133 3643 4178 et

373 4257 497 4308 φεν,
521 4239 754 4292 ἕκαστον
787 4241 850 4292 ἐκ
880 4217 1113 4303 θατέρου
1142 4239 1420 4308 λαμϐάνον
1449 4239 1550 4311 τὴν
1585 4217 1841 4310 ἀφορμὴν
1867 4217 1960 4293 κε-

2063 4233 2206 4284 sicut
2231 4239 2420 4283 catena
2453 4241 2518 4280 ex
2553 4241 2690 4278 auro
2723 4222 2986 4277 fabricata
3017 4227 3071 4275 et
3104 4217 3378 4289 lapidibus
3409 4224 3465 4270 et
3491 4230 3643 4268 mar-

374 4333 604 4403 φάλαιον
638 4334 898 4400 φέρουσα,
931 4333 1027 4384 καλ⁵
1050 4331 1237 4402 ὥσπερ
1277 4351 1361 4395 τις
1409 4333 1782 4403 χρυσόπλοκος
1809 4335 1958 4402 σχοῖ-

974 4331 1237 4402 αἰῶσπερ
1277 4351 1361 4395 τις
1409 4333 1782 4403 χρυσόπλοκος
1809 4335 1958 4402 σχοῖ-
2061 4323 2251 4394 gnritls
2282 4321 2566 4375 adornam-

373 4441 465 4488 νος
487 4426 575 4477 διὰ
612 4425 794 4487 λίτων,
836 4425 930 4477 καὶ
967 4425 1330 4494 μαργαριτῶν
1353 4427 1552 4494 τιμίων
1577 4423 1953 4495 ἐξυφασμὲνη.

455 4517 712 4571 Ultimum
734 4519 925 4570 desinit
962 4534 980 4571 :
1009 4519 1132 4580 Τοῖς
1184 4519 1240 4570 δὲ
1300 4519 1623 4587 φιλομαθέσι
1659 4517 1831 4570 πολλά
1865 4517 1957 4570 καὶ
1991 4527 2033 4578 ο

2135 4516 2354 4572 Sciendi
2409 4514 2624 4586 cupidis
2676 4513 2846 4568 multa
2891 4519 2945 4567 et
2995 4509 3100 4564 alia
3152 4505 3370 4562 aliunde
3415 4503 3642 4558 omnino

370 4610 510 4663 ἄλλα
541 4611 870 4682 πολλαχόθεν
901 4609 1112 4676 ἔξεστιν
1153 4611 1419 4682 ἐξευρεῖν.

941 4609 1112 4676 Ξεστιν
1153 4611 1419 4682 ἐξευρεῖν.
2063 4611 2356 4682 exquirere
2386 4610 2533 4664 licet.

863 4749 926 4804 In
955 4749 1144 4802 ultima
1187 4749 1400 4802 tandem
1431 4750 1638 4820 pagina:
1677 4766 1793 4816 ora,
1830 4750 2153 4820 fugientibus
2185 4753 2348 4820 ferme
2390 4751 2580 4804 litteris
2619 4749 2726 4802 lucc
2762 4745 2956 4815 scripta
2987 4752 3149 4799 sunt:

445 4887 656 4958 ’Ὠσπερ
690 4887 828 4952 ξένοι
877 4889 1128 4962 χαίρουσι
1175 4890 1406 4960 πατρίδα
1473 4891 1762 4962 ἐμϐλέψαι,
1811 4889 1952 4944 οὕτω

2139 4888 2292 4944 Sicut
2324 4887 2584 4958 perigrini
2611 4885 2846 4955 gaudent
2881 4882 3118 4952 patriam
3147 4878 3438 4949 inspicere,
3475 4875 3551 4930 ita
3588 4881 3641 4928 et

371 4989 467 5038 καὶ
491 4983 539 5034 oi
578 4983 881 5053 ypa'tgao‘tze;
914 4983 1118 5052 βιϐλίου
1149 4984 1322 5048 τέλος.

1185 4984 1322 5048 ἐλος.
2065 4982 2374 5037 scribentes
2401 4979 2564 5036 libelli
2595 4979 2777 5032 tinent.
