  <div class='ocr_page' id='page_1' title='image "/cluster/home/n/w/nwhite01/storage/ocr_20150623/106/coo.31924054870104/705.png"; bbox 0 0 4032 6424; ppageno 0'>
   <div class='ocr_carea' id='block_1_1' title="bbox 435 373 570 437">
    <p class='ocr_par' dir='ltr' id='par_1_1' title="bbox 435 373 570 437">
     <span class='ocr_line' id='line_1_1' title="bbox 435 373 570 437; baseline 0.007 -2"><span class='ocrx_word' id='word_1_1' title='bbox 435 373 570 437; x_wconf 84' lang='lat'><strong>1383</strong></span> 
     </span>
    </p>
   </div>
   <div class='ocr_carea' id='block_1_2' title="bbox 1279 351 2807 429">
    <p class='ocr_par' dir='ltr' id='par_1_2' title="bbox 1279 351 2807 429">
     <span class='ocr_line' id='line_1_2' title="bbox 1279 351 2807 429; baseline -0.011 0"><span class='ocrx_word' id='word_1_2' title='bbox 1279 365 1674 429; x_wconf 84' lang='lat' dir='ltr'><strong>OPUSCULA</strong></span> <span class='ocrx_word' id='word_1_3' title='bbox 1714 362 2058 425; x_wconf 75' lang='lat' dir='ltr'><strong>MORALIA</strong></span> <span class='ocrx_word' id='word_1_4' title='bbox 2100 354 2457 420; x_wconf 60' lang='lat' dir='ltr'><strong>INCERTXE</strong></span> <span class='ocrx_word' id='word_1_5' title='bbox 2495 351 2807 414; x_wconf 67' lang='lat' dir='ltr'><strong>IETATIS.</strong></span> 
     </span>
    </p>
   </div>
   <div class='ocr_carea' id='block_1_3' title="bbox 3560 334 3699 399">
    <p class='ocr_par' dir='ltr' id='par_1_3' title="bbox 3560 334 3699 399">
     <span class='ocr_line' id='line_1_3' title="bbox 3560 334 3699 399; baseline -0.036 0"><span class='ocrx_word' id='word_1_6' title='bbox 3560 334 3699 399; x_wconf 67' lang='lat' dir='ltr'><strong>138i</strong></span> 
     </span>
    </p>
   </div>
   <div class='ocr_carea' id='block_1_4' title="bbox 2317 491 3666 524">
    <p class='ocr_par' dir='ltr' id='par_1_4' title="bbox 2317 491 3666 524">
     <span class='ocr_line' id='line_1_4' title="bbox 2317 491 3666 524; baseline -0.009 -6"><span class='ocrx_word' id='word_1_7' title='bbox 2317 491 3666 524; x_wconf 57' lang='grc' dir='ltr'>Μ</span> 
     </span>
    </p>
   </div>
   <div class='ocr_carea' id='block_1_5' title="bbox 1478 666 2675 792">
    <p class='ocr_par' dir='ltr' id='par_1_5' title="bbox 1478 666 2675 792">
     <span class='ocr_line' id='line_1_5' title="bbox 1478 666 2675 792; baseline -0.013 -1"><span class='ocrx_word' id='word_1_8' title='bbox 1478 666 2675 792; x_wconf 85' lang='grc' dir='ltr'><strong>ΑΠΟΦΘΕΓΜΑΤΑ</strong></span> 
     </span>
    </p>
   </div>
   <div class='ocr_carea' id='block_1_6' title="bbox 1199 901 2939 1014">
    <p class='ocr_par' dir='ltr' id='par_1_6' title="bbox 1199 901 2939 1014">
     <span class='ocr_line' id='line_1_6' title="bbox 1199 901 2939 1014; baseline -0.01 -2"><span class='ocrx_word' id='word_1_9' title='bbox 1199 925 1538 1014; x_wconf 81' lang='grc' dir='ltr'><strong>ΑΓΙΩΝ</strong></span> <span class='ocrx_word' id='word_1_10' title='bbox 1623 916 2233 1010; x_wconf 82' lang='grc' dir='ltr'><strong>ΘΕΟΦΟΡΩΝ</strong></span> <span class='ocrx_word' id='word_1_11' title='bbox 2306 912 2827 1003; x_wconf 85' lang='grc' dir='ltr'><strong>ΠΑΤΕΡΩΝ</strong></span> <span class='ocrx_word' id='word_1_12' title='bbox 2881 901 2939 991; x_wconf 68' lang='grc'><strong>⁸.</strong></span> 
     </span>
    </p>
   </div>
   <div class='ocr_carea' id='block_1_7' title="bbox 2055 1126 2130 1143">
    <p class='ocr_par' dir='ltr' id='par_1_7' title="bbox 2055 1126 2130 1143">
     <span class='ocr_line' id='line_1_7' title="bbox 2055 1126 2130 1143; baseline 0 -3"><span class='ocrx_word' id='word_1_13' title='bbox 2055 1126 2130 1143; x_wconf 73' lang='grc'><strong>.-</strong></span> 
     </span>
    </p>
   </div>
   <div class='ocr_carea' id='block_1_8' title="bbox 1431 1266 2714 1395">
    <p class='ocr_par' dir='ltr' id='par_1_8' title="bbox 1431 1266 2714 1395">
     <span class='ocr_line' id='line_1_8' title="bbox 1431 1266 2714 1395; baseline -0.012 0"><span class='ocrx_word' id='word_1_14' title='bbox 1431 1266 2714 1395; x_wconf 85' lang='lat' dir='ltr'><strong>APOPHTHEGMATA</strong></span> 
     </span>
    </p>
   </div>
   <div class='ocr_carea' id='block_1_9' title="bbox 865 1527 3296 1643">
    <p class='ocr_par' dir='ltr' id='par_1_9' title="bbox 865 1527 3296 1643">
     <span class='ocr_line' id='line_1_9' title="bbox 865 1527 3296 1643; baseline -0.012 0"><span class='ocrx_word' id='word_1_15' title='bbox 865 1541 1588 1643; x_wconf 80' lang='lat' dir='ltr'><strong>SANCTOBUM</strong></span> <span class='ocrx_word' id='word_1_16' title='bbox 1664 1530 2690 1629; x_wconf 79' lang='lat' dir='ltr'><strong>THEOPHORORUM</strong></span> <span class='ocrx_word' id='word_1_17' title='bbox 2769 1527 3296 1620; x_wconf 83' lang='lat' dir='ltr'><strong>PATRUM.</strong></span> 
     </span>
    </p>
   </div>
   <div class='ocr_carea' id='block_1_10' title="bbox 1401 1746 2758 1822">
    <p class='ocr_par' dir='ltr' id='par_1_10' title="bbox 1401 1746 2758 1822">
     <span class='ocr_line' id='line_1_10' title="bbox 1401 1746 2758 1822; baseline -0.008 -14"><span class='ocrx_word' id='word_1_18' title='bbox 1401 1758 1496 1822; x_wconf 83' lang='lat' dir='ltr'><strong>(Ex</strong></span> <span class='ocrx_word' id='word_1_19' title='bbox 1526 1752 1780 1806; x_wconf 72' lang='lat' dir='ltr'><strong>Anecdotis</strong></span> <span class='ocrx_word' id='word_1_20' title='bbox 1803 1754 1847 1803; x_wconf 86' lang='lat' dir='ltr'><strong>J.</strong></span> <span class='ocrx_word' id='word_1_21' title='bbox 1877 1753 1961 1802; x_wconf 88' lang='lat' dir='ltr'><strong>Fr.</strong></span> <span class='ocrx_word' id='word_1_22' title='bbox 1986 1751 2308 1810; x_wconf 85' lang='lat' dir='ltr'><strong>Boissonade,</strong></span> <span class='ocrx_word' id='word_1_23' title='bbox 2342 1755 2460 1800; x_wconf 90' lang='lat' dir='ltr'><strong>tom.</strong></span> <span class='ocrx_word' id='word_1_24' title='bbox 2484 1747 2522 1809; x_wconf 88' lang='lat' dir='ltr'><strong>l,</strong></span> <span class='ocrx_word' id='word_1_25' title='bbox 2545 1761 2598 1810; x_wconf 75' lang='grc' dir='ltr'><strong>ν.</strong></span> <span class='ocrx_word' id='word_1_26' title='bbox 2625 1746 2758 1810; x_wconf 84' lang='grc'><strong>109.)</strong></span> 
     </span>
    </p>
   </div>
   <div class='ocr_carea' id='block_1_11' title="bbox 520 2055 2108 2126">
    <p class='ocr_par' dir='ltr' id='par_1_11' title="bbox 520 2055 2108 2126">
     <span class='ocr_line' id='line_1_11' title="bbox 520 2055 2108 2126; baseline -0.011 -4"><span class='ocrx_word' id='word_1_27' title='bbox 520 2065 786 2122; x_wconf 71' lang='lat' dir='ltr'><strong>.Ieremire.</strong></span> <span class='ocrx_word' id='word_1_28' title='bbox 825 2061 1019 2116; x_wconf 80' lang='lat' dir='ltr'><strong>Venite</strong></span> <span class='ocrx_word' id='word_1_29' title='bbox 1042 2069 1098 2116; x_wconf 91' lang='lat' dir='ltr'><strong>et</strong></span> <span class='ocrx_word' id='word_1_30' title='bbox 1141 2060 1422 2113; x_wconf 89' lang='lat' dir='ltr'><strong>mittamus</strong></span> <span class='ocrx_word' id='word_1_31' title='bbox 1453 2057 1687 2126; x_wconf 89' lang='lat' dir='ltr'><strong>lapidem</strong></span> <span class='ocrx_word' id='word_1_32' title='bbox 1735 2055 1789 2108; x_wconf 93' lang='lat' dir='ltr'><strong>in</strong></span> <span class='ocrx_word' id='word_1_33' title='bbox 1831 2069 2024 2124; x_wconf 86' lang='lat' dir='ltr'><strong>panem</strong></span> <span class='ocrx_word' id='word_1_34' title='bbox 2069 2066 2108 2117; x_wconf 75' lang='grc' dir='ltr'><strong>Α</strong></span> 
     </span>
    </p>
   </div>
   <div class='ocr_carea' id='block_1_12' title="bbox 2223 2045 3724 2123">
    <p class='ocr_par' dir='ltr' id='par_1_12' title="bbox 2223 2045 3724 2123">
     <span class='ocr_line' id='line_1_12' title="bbox 2223 2045 3724 2123; baseline -0.005 -18"><span class='ocrx_word' id='word_1_35' title='bbox 2223 2051 2511 2123; x_wconf 82' lang='grc' dir='ltr'>Ἱερεμίου.</span> <span class='ocrx_word' id='word_1_36' title='bbox 2535 2080 2609 2090; x_wconf 94' lang='lat'><strong>—</strong></span> <span class='ocrx_word' id='word_1_37' title='bbox 2636 2049 2803 2103; x_wconf 84' lang='grc' dir='ltr'><strong>Δεῦτε</strong></span> <span class='ocrx_word' id='word_1_38' title='bbox 2838 2048 2917 2118; x_wconf 77' lang='grc'><strong>(1)</strong></span> <span class='ocrx_word' id='word_1_39' title='bbox 2957 2047 3051 2100; x_wconf 76' lang='grc' dir='ltr'>καὶ</span> <span class='ocrx_word' id='word_1_40' title='bbox 3091 2045 3427 2116; x_wconf 73' lang='grc' dir='ltr'>ἐμϐάλωμεν</span> <span class='ocrx_word' id='word_1_41' title='bbox 3456 2045 3610 2099; x_wconf 85' lang='grc' dir='ltr'>λίθον</span> <span class='ocrx_word' id='word_1_42' title='bbox 3641 2046 3724 2108; x_wconf 84' lang='grc' dir='ltr'><strong>είς</strong></span> 
     </span>
    </p>
   </div>
   <div class='ocr_carea' id='block_1_13' title="bbox 448 2139 2098 2230">
    <p class='ocr_par' dir='ltr' id='par_1_13' title="bbox 448 2148 2030 2230">
     <span class='ocr_line' id='line_1_13' title="bbox 448 2148 2030 2230; baseline -0.009 -15"><span class='ocrx_word' id='word_1_43' title='bbox 448 2163 592 2230; x_wconf 84' lang='lat' dir='ltr'><strong>ejus,</strong></span> <span class='ocrx_word' id='word_1_44' title='bbox 623 2171 677 2214; x_wconf 92' lang='lat' dir='ltr'><strong>et</strong></span> <span class='ocrx_word' id='word_1_45' title='bbox 704 2157 994 2212; x_wconf 88' lang='lat' dir='ltr'><strong>eradamns</strong></span> <span class='ocrx_word' id='word_1_46' title='bbox 1041 2169 1166 2208; x_wconf 86' lang='lat' dir='ltr'><strong>enm</strong></span> <span class='ocrx_word' id='word_1_47' title='bbox 1224 2152 1290 2207; x_wconf 88' lang='lat' dir='ltr'><strong>de</strong></span> <span class='ocrx_word' id='word_1_48' title='bbox 1321 2162 1461 2206; x_wconf 86' lang='lat' dir='ltr'><strong>terra</strong></span> <span class='ocrx_word' id='word_1_49' title='bbox 1515 2150 1834 2204; x_wconf 76' lang='lat' dir='ltr'><strong>viventium.</strong></span> <span class='ocrx_word' id='word_1_50' title='bbox 1890 2148 2030 2203; x_wconf 87' lang='lat' dir='ltr'><strong>Ecce</strong></span> 
     </span>
    </p>
   </div>
   <div class='ocr_carea' id='block_1_14' title="bbox 2165 2139 3725 2230">
    <p class='ocr_par' dir='ltr' id='par_1_14' title="bbox 2170 2139 3725 2215">
     <span class='ocr_line' id='line_1_14' title="bbox 2170 2139 3725 2215; baseline -0.007 -17"><span class='ocrx_word' id='word_1_51' title='bbox 2170 2147 2228 2198; x_wconf 83' lang='grc' dir='ltr'>ὸν</span> <span class='ocrx_word' id='word_1_52' title='bbox 2259 2147 2424 2215; x_wconf 84' lang='grc' dir='ltr'>ἀρτον</span> <span class='ocrx_word' id='word_1_53' title='bbox 2472 2142 2663 2209; x_wconf 83' lang='grc' dir='ltr'>αὐτοῦ,</span> <span class='ocrx_word' id='word_1_54' title='bbox 2717 2142 2812 2194; x_wconf 81' lang='grc' dir='ltr'>καὶ</span> <span class='ocrx_word' id='word_1_55' title='bbox 2854 2139 3205 2210; x_wconf 63' lang='grc' dir='ltr'>ἐπιτρίψωμεν</span> <span class='ocrx_word' id='word_1_56' title='bbox 3253 2139 3416 2191; x_wconf 85' lang='grc' dir='ltr'>αὐτὸν</span> <span class='ocrx_word' id='word_1_57' title='bbox 3466 2139 3579 2191; x_wconf 76' lang='grc' dir='ltr'><strong>ἀπὸ</strong></span> <span class='ocrx_word' id='word_1_58' title='bbox 3622 2139 3725 2206; x_wconf 77' lang='grc' dir='ltr'>γῆς</span> 
     </span>
    </p>
   </div>
   <div class='ocr_carea' id='block_1_15' title="bbox 449 2245 1686 2309">
    <p class='ocr_par' dir='ltr' id='par_1_15' title="bbox 449 2245 1686 2309">
     <span class='ocr_line' id='line_1_15' title="bbox 449 2245 1686 2309; baseline -0.011 -1"><span class='ocrx_word' id='word_1_59' title='bbox 449 2256 671 2309; x_wconf 88' lang='lat' dir='ltr'><strong>domum</strong></span> <span class='ocrx_word' id='word_1_60' title='bbox 711 2249 849 2304; x_wconf 82' lang='lat' dir='ltr'><strong>Juda</strong></span> <span class='ocrx_word' id='word_1_61' title='bbox 881 2249 1138 2302; x_wconf 89' lang='lat' dir='ltr'><strong>tollamus</strong></span> <span class='ocrx_word' id='word_1_62' title='bbox 1159 2245 1226 2300; x_wconf 86' lang='lat' dir='ltr'><strong>de</strong></span> <span class='ocrx_word' id='word_1_63' title='bbox 1257 2245 1437 2299; x_wconf 89' lang='lat' dir='ltr'><strong>medio</strong></span> <span class='ocrx_word' id='word_1_64' title='bbox 1472 2257 1686 2297; x_wconf 90' lang='lat' dir='ltr'><strong>eorum.</strong></span> 
     </span>
    </p>
   </div>
   <div class='ocr_carea' id='block_1_16' title="bbox 519 2422 2038 2496">
    <p class='ocr_par' dir='ltr' id='par_1_16' title="bbox 519 2422 2038 2496">
     <span class='ocr_line' id='line_1_16' title="bbox 519 2422 2038 2496; baseline -0.007 -13"><span class='ocrx_word' id='word_1_65' title='bbox 519 2431 727 2485; x_wconf 77' lang='lat' dir='ltr'><strong>Basilii.</strong></span> <span class='ocrx_word' id='word_1_66' title='bbox 751 2459 819 2469; x_wconf 90' lang='lat'><strong>—</strong></span> <span class='ocrx_word' id='word_1_67' title='bbox 840 2429 1024 2482; x_wconf 80' lang='lat' dir='ltr'><strong>Rebus</strong></span> <span class='ocrx_word' id='word_1_68' title='bbox 1047 2424 1266 2496; x_wconf 86' lang='lat' dir='ltr'><strong>quidem</strong></span> <span class='ocrx_word' id='word_1_69' title='bbox 1296 2422 1727 2477; x_wconf 82' lang='lat' dir='ltr'><strong>modeslinribus</strong></span> <span class='ocrx_word' id='word_1_70' title='bbox 1759 2428 1812 2474; x_wconf 85' lang='lat' dir='ltr'><strong>ct</strong></span> <span class='ocrx_word' id='word_1_71' title='bbox 1842 2434 2038 2473; x_wconf 87' lang='lat' dir='ltr'><strong>neces-</strong></span> 
     </span>
    </p>
   </div>
   <div class='ocr_carea' id='block_1_17' title="bbox 452 2516 2037 2588">
    <p class='ocr_par' dir='ltr' id='par_1_17' title="bbox 452 2516 2037 2588">
     <span class='ocr_line' id='line_1_17' title="bbox 452 2516 2037 2588; baseline -0.009 -10"><span class='ocrx_word' id='word_1_72' title='bbox 452 2523 612 2579; x_wconf 67' lang='lat' dir='ltr'><strong>sariis</strong></span> <span class='ocrx_word' id='word_1_73' title='bbox 637 2523 701 2576; x_wconf 91' lang='lat' dir='ltr'><strong>ad</strong></span> <span class='ocrx_word' id='word_1_74' title='bbox 727 2520 1018 2576; x_wconf 88' lang='lat' dir='ltr'><strong>vivendum</strong></span> <span class='ocrx_word' id='word_1_75' title='bbox 1039 2533 1214 2588; x_wconf 80' lang='lat' dir='ltr'><strong>usque</strong></span> <span class='ocrx_word' id='word_1_76' title='bbox 1231 2517 1296 2570; x_wconf 90' lang='lat' dir='ltr'><strong>ad</strong></span> <span class='ocrx_word' id='word_1_77' title='bbox 1326 2517 1612 2569; x_wconf 86' lang='lat' dir='ltr'><strong>utilitatem</strong></span> <span class='ocrx_word' id='word_1_78' title='bbox 1646 2516 2037 2577; x_wconf 64' lang='lat' dir='ltr'><strong>inhmreamus,</strong></span> 
     </span>
    </p>
   </div>
   <div class='ocr_carea' id='block_1_18' title="bbox 453 2607 2040 2672">
    <p class='ocr_par' dir='ltr' id='par_1_18' title="bbox 453 2607 2040 2672">
     <span class='ocr_line' id='line_1_18' title="bbox 453 2607 2040 2672; baseline -0.008 -3"><span class='ocrx_word' id='word_1_79' title='bbox 453 2617 624 2669; x_wconf 90' lang='lat' dir='ltr'><strong>etiam</strong></span> <span class='ocrx_word' id='word_1_80' title='bbox 663 2615 716 2668; x_wconf 88' lang='lat' dir='ltr'><strong>in</strong></span> <span class='ocrx_word' id='word_1_81' title='bbox 756 2614 840 2667; x_wconf 92' lang='lat' dir='ltr'><strong>his</strong></span> <span class='ocrx_word' id='word_1_82' title='bbox 870 2611 1176 2666; x_wconf 90' lang='lat' dir='ltr'><strong>satietatem</strong></span> <span class='ocrx_word' id='word_1_83' title='bbox 1211 2609 1481 2663; x_wconf 86' lang='lat' dir='ltr'><strong>evitantes</strong></span> <span class='ocrx_word' id='word_1_84' title='bbox 1523 2624 1537 2660; x_wconf 75' lang='grc' dir='ltr'><strong>ι</strong></span> <span class='ocrx_word' id='word_1_85' title='bbox 1572 2607 1739 2660; x_wconf 84' lang='lat' dir='ltr'><strong>rebus</strong></span> <span class='ocrx_word' id='word_1_86' title='bbox 1770 2619 1895 2658; x_wconf 87' lang='lat' dir='ltr'><strong>vero</strong></span> <span class='ocrx_word' id='word_1_87' title='bbox 1918 2619 2040 2672; x_wconf 73' lang='grc' dir='ltr'>ιμιω</span> 
     </span>
    </p>
   </div>
   <div class='ocr_carea' id='block_1_19' title="bbox 455 2699 1768 2775">
    <p class='ocr_par' dir='ltr' id='par_1_19' title="bbox 455 2699 1768 2775">
     <span class='ocr_line' id='line_1_19' title="bbox 455 2699 1768 2775; baseline -0.006 -14"><span class='ocrx_word' id='word_1_88' title='bbox 455 2709 522 2761; x_wconf 88' lang='lat' dir='ltr'><strong>ad</strong></span> <span class='ocrx_word' id='word_1_89' title='bbox 551 2708 877 2775; x_wconf 83' lang='lat' dir='ltr'><strong>voluptatem</strong></span> <span class='ocrx_word' id='word_1_90' title='bbox 912 2711 1042 2757; x_wconf 91' lang='lat' dir='ltr'><strong>sunt</strong></span> <span class='ocrx_word' id='word_1_91' title='bbox 1107 2701 1334 2755; x_wconf 89' lang='lat' dir='ltr'><strong>omnino</strong></span> <span class='ocrx_word' id='word_1_92' title='bbox 1366 2699 1768 2753; x_wconf 82' lang='lat' dir='ltr'><strong>abstineamus.</strong></span> 
     </span>
    </p>
   </div>
   <div class='ocr_carea' id='block_1_20' title="bbox 543 2789 2043 2870">
    <p class='ocr_par' dir='ltr' id='par_1_20' title="bbox 543 2789 2043 2870">
     <span class='ocr_line' id='line_1_20' title="bbox 543 2789 2043 2870; baseline -0.007 -17"><span class='ocrx_word' id='word_1_93' title='bbox 543 2795 944 2870; x_wconf 81' lang='lat' dir='ltr'><strong>Chrysostomi.</strong></span> <span class='ocrx_word' id='word_1_94' title='bbox 978 2823 1048 2834; x_wconf 95' lang='lat'>—</span> <span class='ocrx_word' id='word_1_95' title='bbox 1073 2792 1373 2847; x_wconf 82' lang='lat' dir='ltr'><strong>Moderatio</strong></span> <span class='ocrx_word' id='word_1_96' title='bbox 1398 2801 1452 2844; x_wconf 89' lang='lat' dir='ltr'><strong>et</strong></span> <span class='ocrx_word' id='word_1_97' title='bbox 1479 2789 1764 2858; x_wconf 73' lang='lat' dir='ltr'><strong>frugalitas</strong></span> <span class='ocrx_word' id='word_1_98' title='bbox 1794 2789 2043 2842; x_wconf 85' lang='lat' dir='ltr'><strong>sanitatis</strong></span> 
     </span>
    </p>
   </div>
   <div class='ocr_carea' id='block_1_21' title="bbox 458 2881 2045 2955">
    <p class='ocr_par' dir='ltr' id='par_1_21' title="bbox 458 2881 2045 2955">
     <span class='ocr_line' id='line_1_21' title="bbox 458 2881 2045 2955; baseline -0.009 -9"><span class='ocrx_word' id='word_1_99' title='bbox 458 2901 634 2946; x_wconf 82' lang='lat' dir='ltr'><strong>mater</strong></span> <span class='ocrx_word' id='word_1_100' title='bbox 658 2900 760 2955; x_wconf 89' lang='lat' dir='ltr'><strong>est,</strong></span> <span class='ocrx_word' id='word_1_101' title='bbox 793 2888 936 2946; x_wconf 71' lang='lat' dir='ltr'><strong>unde</strong></span> <span class='ocrx_word' id='word_1_102' title='bbox 957 2885 1152 2941; x_wconf 89' lang='lat' dir='ltr'><strong>medici</strong></span> <span class='ocrx_word' id='word_1_103' title='bbox 1184 2899 1196 2935; x_wconf 93' lang='lat'>:</span> <span class='ocrx_word' id='word_1_104' title='bbox 1225 2881 1514 2937; x_wconf 82' lang='lat' dir='ltr'><strong>Insatietas</strong></span> <span class='ocrx_word' id='word_1_105' title='bbox 1545 2881 1668 2946; x_wconf 77' lang='lat' dir='ltr'><strong>cibi,</strong></span> <span class='ocrx_word' id='word_1_106' title='bbox 1706 2881 1933 2944; x_wconf 77' lang='lat' dir='ltr'><strong>sanitas,</strong></span> <span class='ocrx_word' id='word_1_107' title='bbox 1966 2881 2045 2936; x_wconf 87' lang='lat' dir='ltr'><strong>di-</strong></span> 
     </span>
    </p>
   </div>
   <div class='ocr_carea' id='block_1_22' title="bbox 461 2973 2040 3042">
    <p class='ocr_par' dir='ltr' id='par_1_22' title="bbox 461 2973 2040 3042">
     <span class='ocr_line' id='line_1_22' title="bbox 461 2973 2040 3042; baseline -0.006 -5"><span class='ocrx_word' id='word_1_108' title='bbox 461 2995 612 3039; x_wconf 82' lang='lat' dir='ltr'><strong>cunt.</strong></span> <span class='ocrx_word' id='word_1_109' title='bbox 647 2984 704 3036; x_wconf 90' lang='lat' dir='ltr'><strong>Si</strong></span> <span class='ocrx_word' id='word_1_110' title='bbox 741 2996 870 3035; x_wconf 88' lang='lat' dir='ltr'><strong>vero</strong></span> <span class='ocrx_word' id='word_1_111' title='bbox 899 2976 1228 3032; x_wconf 85' lang='lat' dir='ltr'><strong>abstinentia</strong></span> <span class='ocrx_word' id='word_1_112' title='bbox 1267 2984 1438 3028; x_wconf 86' lang='lat' dir='ltr'><strong>mater</strong></span> <span class='ocrx_word' id='word_1_113' title='bbox 1473 2973 1725 3027; x_wconf 76' lang='lat' dir='ltr'><strong>sanitatis</strong></span> <span class='ocrx_word' id='word_1_114' title='bbox 1755 2981 1859 3036; x_wconf 87' lang='lat' dir='ltr'><strong>est,</strong></span> <span class='ocrx_word' id='word_1_115' title='bbox 1894 2984 2040 3042; x_wconf 87' lang='lat' dir='ltr'><strong>patet</strong></span> 
     </span>
    </p>
   </div>
   <div class='ocr_carea' id='block_1_23' title="bbox 461 3068 1572 3127">
    <p class='ocr_par' dir='ltr' id='par_1_23' title="bbox 461 3068 1572 3127">
     <span class='ocr_line' id='line_1_23' title="bbox 461 3068 1572 3127; baseline -0.01 0"><span class='ocrx_word' id='word_1_116' title='bbox 461 3075 764 3127; x_wconf 78' lang='lat' dir='ltr'><strong>satietatem</strong></span> <span class='ocrx_word' id='word_1_117' title='bbox 821 3068 1134 3122; x_wconf 87' lang='lat' dir='ltr'><strong>morborum</strong></span> <span class='ocrx_word' id='word_1_118' title='bbox 1171 3079 1291 3118; x_wconf 88' lang='lat' dir='ltr'><strong>esse</strong></span> <span class='ocrx_word' id='word_1_119' title='bbox 1323 3072 1572 3116; x_wconf 82' lang='lat' dir='ltr'><strong>rnatrcm.</strong></span> 
     </span>
    </p>
   </div>
   <div class='ocr_carea' id='block_1_24' title="bbox 530 3153 2045 3234">
    <p class='ocr_par' dir='ltr' id='par_1_24' title="bbox 530 3153 2045 3234">
     <span class='ocr_line' id='line_1_24' title="bbox 530 3153 2045 3234; baseline -0.008 -16"><span class='ocrx_word' id='word_1_120' title='bbox 530 3162 777 3234; x_wconf 80' lang='lat' dir='ltr'><strong>Gregorii</strong></span> <span class='ocrx_word' id='word_1_121' title='bbox 808 3158 1091 3229; x_wconf 86' lang='lat' dir='ltr'><strong>Theologi.</strong></span> <span class='ocrx_word' id='word_1_122' title='bbox 1111 3187 1178 3200; x_wconf 67' lang='grc' dir='ltr'><strong>-ρ</strong></span> <span class='ocrx_word' id='word_1_123' title='bbox 1201 3155 1437 3210; x_wconf 85' lang='lat' dir='ltr'><strong>Satietas</strong></span> <span class='ocrx_word' id='word_1_124' title='bbox 1461 3153 1835 3208; x_wconf 81' lang='lat' dir='ltr'><strong>conviciorum</strong></span> <span class='ocrx_word' id='word_1_125' title='bbox 1861 3161 2045 3222; x_wconf 87' lang='lat' dir='ltr'><strong>pater:</strong></span> 
     </span>
    </p>
   </div>
   <div class='ocr_carea' id='block_1_25' title="bbox 464 3246 2049 3325">
    <p class='ocr_par' dir='ltr' id='par_1_25' title="bbox 464 3246 2049 3325">
     <span class='ocr_line' id='line_1_25' title="bbox 464 3246 2049 3325; baseline -0.007 -14"><span class='ocrx_word' id='word_1_126' title='bbox 464 3272 570 3311; x_wconf 90' lang='lat' dir='ltr'><strong>non</strong></span> <span class='ocrx_word' id='word_1_127' title='bbox 622 3257 785 3325; x_wconf 83' lang='lat' dir='ltr'><strong>igitur</strong></span> <span class='ocrx_word' id='word_1_128' title='bbox 840 3252 934 3307; x_wconf 86' lang='lat' dir='ltr'><strong>tibi</strong></span> <span class='ocrx_word' id='word_1_129' title='bbox 989 3263 1156 3306; x_wconf 85' lang='lat' dir='ltr'><strong>suave</strong></span> <span class='ocrx_word' id='word_1_130' title='bbox 1203 3247 1309 3303; x_wconf 90' lang='lat' dir='ltr'><strong>erit</strong></span> <span class='ocrx_word' id='word_1_131' title='bbox 1367 3255 1575 3317; x_wconf 86' lang='lat' dir='ltr'><strong>guttur,</strong></span> <span class='ocrx_word' id='word_1_132' title='bbox 1627 3246 1771 3314; x_wconf 86' lang='lat' dir='ltr'><strong>quod</strong></span> <span class='ocrx_word' id='word_1_133' title='bbox 1797 3247 2049 3300; x_wconf 85' lang='lat' dir='ltr'><strong>devastat</strong></span> 
     </span>
    </p>
   </div>
   <div class='ocr_carea' id='block_1_26' title="bbox 463 3347 1041 3418">
    <p class='ocr_par' dir='ltr' id='par_1_26' title="bbox 463 3347 1041 3418">
     <span class='ocr_line' id='line_1_26' title="bbox 463 3347 1041 3418; baseline -0.014 -14"><span class='ocrx_word' id='word_1_134' title='bbox 463 3349 644 3404; x_wconf 87' lang='lat' dir='ltr'><strong>omnia</strong></span> <span class='ocrx_word' id='word_1_135' title='bbox 672 3363 794 3418; x_wconf 71' lang='lat' dir='ltr'><strong>qua:</strong></span> <span class='ocrx_word' id='word_1_136' title='bbox 823 3347 1041 3400; x_wconf 89' lang='lat' dir='ltr'><strong>dantur.</strong></span> 
     </span>
    </p>
   </div>
   <div class='ocr_carea' id='block_1_27' title="bbox 537 3449 2042 3516">
    <p class='ocr_par' dir='ltr' id='par_1_27' title="bbox 537 3449 2042 3516">
     <span class='ocr_line' id='line_1_27' title="bbox 537 3449 2042 3516; baseline -0.008 0"><span class='ocrx_word' id='word_1_137' title='bbox 537 3461 842 3516; x_wconf 81' lang='lat' dir='ltr'><strong>Athanasii.</strong></span> <span class='ocrx_word' id='word_1_138' title='bbox 875 3487 944 3498; x_wconf 93' lang='lat'>—</span> <span class='ocrx_word' id='word_1_139' title='bbox 965 3456 1199 3512; x_wconf 84' lang='lat' dir='ltr'><strong>Satietas</strong></span> <span class='ocrx_word' id='word_1_140' title='bbox 1230 3467 1448 3510; x_wconf 89' lang='lat' dir='ltr'><strong>carnem</strong></span> <span class='ocrx_word' id='word_1_141' title='bbox 1482 3449 1648 3504; x_wconf 78' lang='lat' dir='ltr'><strong>elﬁcit</strong></span> <span class='ocrx_word' id='word_1_142' title='bbox 1670 3449 2042 3504; x_wconf 79' lang='lat' dir='ltr'><strong>lascivientem</strong></span> 
     </span>
    </p>
   </div>
   <div class='ocr_carea' id='block_1_28' title="bbox 467 3543 2046 3618">
    <p class='ocr_par' dir='ltr' id='par_1_28' title="bbox 467 3543 2046 3618">
     <span class='ocr_line' id='line_1_28' title="bbox 467 3543 2046 3618; baseline -0.009 -9"><span class='ocrx_word' id='word_1_143' title='bbox 467 3565 520 3609; x_wconf 88' lang='lat' dir='ltr'><strong>et</strong></span> <span class='ocrx_word' id='word_1_144' title='bbox 548 3553 1020 3616; x_wconf 85' lang='lat' dir='ltr'><strong>recalcitrantem;</strong></span> <span class='ocrx_word' id='word_1_145' title='bbox 1053 3545 1412 3618; x_wconf 89' lang='lat' dir='ltr'><strong>temperantia</strong></span> <span class='ocrx_word' id='word_1_146' title='bbox 1453 3553 1635 3598; x_wconf 90' lang='lat' dir='ltr'><strong>autem</strong></span> <span class='ocrx_word' id='word_1_147' title='bbox 1666 3543 1816 3596; x_wconf 89' lang='lat' dir='ltr'><strong>illam</strong></span> <span class='ocrx_word' id='word_1_148' title='bbox 1851 3545 2046 3597; x_wconf 87' lang='lat' dir='ltr'><strong>morti-</strong></span> 
     </span>
    </p>
   </div>
   <div class='ocr_carea' id='block_1_29' title="bbox 470 3645 930 3714">
    <p class='ocr_par' dir='ltr' id='par_1_29' title="bbox 470 3645 930 3714">
     <span class='ocr_line' id='line_1_29' title="bbox 470 3645 930 3714; baseline -0.007 -13"><span class='ocrx_word' id='word_1_149' title='bbox 470 3649 594 3702; x_wconf 87' lang='lat' dir='ltr'><strong>ticat</strong></span> <span class='ocrx_word' id='word_1_150' title='bbox 616 3657 668 3701; x_wconf 93' lang='lat' dir='ltr'><strong>et</strong></span> <span class='ocrx_word' id='word_1_151' title='bbox 691 3645 930 3714; x_wconf 87' lang='lat' dir='ltr'><strong>subjicit.</strong></span> 
     </span>
    </p>
   </div>
   <div class='ocr_carea' id='block_1_30' title="bbox 538 3737 2051 3811">
    <p class='ocr_par' dir='ltr' id='par_1_30' title="bbox 538 3737 2051 3811">
     <span class='ocr_line' id='line_1_30' title="bbox 538 3737 2051 3811; baseline -0.003 -18"><span class='ocrx_word' id='word_1_152' title='bbox 538 3738 784 3809; x_wconf 80' lang='lat' dir='ltr'><strong>Gregorii</strong></span> <span class='ocrx_word' id='word_1_153' title='bbox 813 3737 1071 3808; x_wconf 86' lang='lat' dir='ltr'><strong>Nysseni.</strong></span> <span class='ocrx_word' id='word_1_154' title='bbox 1101 3770 1169 3779; x_wconf 92' lang='lat'><strong>-—</strong></span> <span class='ocrx_word' id='word_1_155' title='bbox 1195 3739 1384 3811; x_wconf 78' lang='lat' dir='ltr'><strong>Neque</strong></span> <span class='ocrx_word' id='word_1_156' title='bbox 1417 3740 1562 3794; x_wconf 91' lang='lat' dir='ltr'><strong>enim</strong></span> <span class='ocrx_word' id='word_1_157' title='bbox 1589 3738 1810 3794; x_wconf 89' lang='lat' dir='ltr'><strong>athletis</strong></span> <span class='ocrx_word' id='word_1_158' title='bbox 1841 3752 1896 3789; x_wconf 84' lang='lat' dir='ltr'><strong>In</strong></span> <span class='ocrx_word' id='word_1_159' title='bbox 1932 3750 2051 3789; x_wconf 87' lang='lat' dir='ltr'><strong>cer-</strong></span> 
     </span>
    </p>
   </div>
   <div class='ocr_carea' id='block_1_31' title="bbox 474 3826 2051 3898">
    <p class='ocr_par' dir='ltr' id='par_1_31' title="bbox 474 3826 2051 3898">
     <span class='ocr_line' id='line_1_31' title="bbox 474 3826 2051 3898; baseline -0.003 -15"><span class='ocrx_word' id='word_1_160' title='bbox 474 3829 694 3883; x_wconf 85' lang='lat' dir='ltr'><strong>taminis</strong></span> <span class='ocrx_word' id='word_1_161' title='bbox 742 3839 985 3898; x_wconf 90' lang='lat' dir='ltr'><strong>tempore</strong></span> <span class='ocrx_word' id='word_1_162' title='bbox 1019 3828 1166 3884; x_wconf 90' lang='lat' dir='ltr'><strong>utilis</strong></span> <span class='ocrx_word' id='word_1_163' title='bbox 1204 3839 1288 3884; x_wconf 86' lang='lat' dir='ltr'><strong>est</strong></span> <span class='ocrx_word' id='word_1_164' title='bbox 1325 3829 1568 3894; x_wconf 88' lang='lat' dir='ltr'><strong>satietas,</strong></span> <span class='ocrx_word' id='word_1_165' title='bbox 1641 3843 1815 3897; x_wconf 86' lang='lat' dir='ltr'><strong>neque</strong></span> <span class='ocrx_word' id='word_1_166' title='bbox 1855 3826 2051 3880; x_wconf 88' lang='lat' dir='ltr'><strong>ascetis</strong></span> 
     </span>
    </p>
   </div>
   <div class='ocr_carea' id='block_1_32' title="bbox 473 3919 1076 3986">
    <p class='ocr_par' dir='ltr' id='par_1_32' title="bbox 473 3919 1076 3986">
     <span class='ocr_line' id='line_1_32' title="bbox 473 3919 1076 3986; baseline -0.003 -13"><span class='ocrx_word' id='word_1_167' title='bbox 473 3919 814 3974; x_wconf 87' lang='lat' dir='ltr'><strong>certantibus</strong></span> <span class='ocrx_word' id='word_1_168' title='bbox 843 3932 1076 3986; x_wconf 89' lang='lat' dir='ltr'><strong>semper.</strong></span> 
     </span>
    </p>
   </div>
   <div class='ocr_carea' id='block_1_33' title="bbox 545 4032 2056 4104">
    <p class='ocr_par' dir='ltr' id='par_1_33' title="bbox 545 4032 2056 4104">
     <span class='ocr_line' id='line_1_33' title="bbox 545 4032 2056 4104; baseline -0.002 -17"><span class='ocrx_word' id='word_1_169' title='bbox 545 4033 752 4104; x_wconf 81' lang='lat' dir='ltr'><strong>Cyrilli.</strong></span> <span class='ocrx_word' id='word_1_170' title='bbox 779 4063 850 4072; x_wconf 97' lang='lat'><strong>—</strong></span> <span class='ocrx_word' id='word_1_171' title='bbox 883 4033 1017 4088; x_wconf 85' lang='lat' dir='ltr'><strong>Vera</strong></span> <span class='ocrx_word' id='word_1_172' title='bbox 1077 4033 1438 4103; x_wconf 88' lang='lat' dir='ltr'><strong>temperantia</strong></span> <span class='ocrx_word' id='word_1_173' title='bbox 1472 4049 1577 4087; x_wconf 92' lang='lat' dir='ltr'><strong>non</strong></span> <span class='ocrx_word' id='word_1_174' title='bbox 1612 4032 1938 4088; x_wconf 89' lang='lat' dir='ltr'><strong>abstinentia</strong></span> <span class='ocrx_word' id='word_1_175' title='bbox 1973 4039 2056 4086; x_wconf 90' lang='lat' dir='ltr'><strong>est</strong></span> 
     </span>
    </p>
   </div>
   <div class='ocr_carea' id='block_1_34' title="bbox 475 4125 2054 4200">
    <p class='ocr_par' dir='ltr' id='par_1_34' title="bbox 475 4125 2054 4200">
     <span class='ocr_line' id='line_1_34' title="bbox 475 4125 2054 4200; baseline -0.001 -18"><span class='ocrx_word' id='word_1_176' title='bbox 475 4129 774 4198; x_wconf 87' lang='lat' dir='ltr'><strong>completa;</strong></span> <span class='ocrx_word' id='word_1_177' title='bbox 803 4128 936 4183; x_wconf 88' lang='lat' dir='ltr'><strong>illud</strong></span> <span class='ocrx_word' id='word_1_178' title='bbox 979 4128 1126 4184; x_wconf 90' lang='lat' dir='ltr'><strong>enim</strong></span> <span class='ocrx_word' id='word_1_179' title='bbox 1164 4144 1367 4200; x_wconf 91' lang='lat' dir='ltr'><strong>corpus</strong></span> <span class='ocrx_word' id='word_1_180' title='bbox 1417 4127 1685 4192; x_wconf 86' lang='lat' dir='ltr'><strong>debilitat,</strong></span> <span class='ocrx_word' id='word_1_181' title='bbox 1745 4125 1840 4182; x_wconf 85' lang='lat' dir='ltr'><strong>sed</strong></span> <span class='ocrx_word' id='word_1_182' title='bbox 1887 4126 2054 4181; x_wconf 84' lang='lat' dir='ltr'><strong>satie-</strong></span> 
     </span>
    </p>
   </div>
   <div class='ocr_carea' id='block_1_35' title="bbox 477 4220 857 4275">
    <p class='ocr_par' dir='ltr' id='par_1_35' title="bbox 477 4220 857 4275">
     <span class='ocr_line' id='line_1_35' title="bbox 477 4220 857 4275; baseline -0.003 0"><span class='ocrx_word' id='word_1_183' title='bbox 477 4229 641 4275; x_wconf 82' lang='lat' dir='ltr'><strong>tatem</strong></span> <span class='ocrx_word' id='word_1_184' title='bbox 667 4220 857 4274; x_wconf 84' lang='lat' dir='ltr'><strong>evitat.</strong></span> 
     </span>
    </p>
   </div>
   <div class='ocr_carea' id='block_1_36' title="bbox 553 4308 2058 4378">
    <p class='ocr_par' dir='ltr' id='par_1_36' title="bbox 553 4308 2058 4378">
     <span class='ocr_line' id='line_1_36' title="bbox 553 4308 2058 4378; baseline -0.005 -12"><span class='ocrx_word' id='word_1_185' title='bbox 553 4309 732 4367; x_wconf 62' lang='lat' dir='ltr'><strong>Sabar.</strong></span> <span class='ocrx_word' id='word_1_186' title='bbox 769 4340 837 4352; x_wconf 88' lang='lat'><strong><em>—</em></strong></span> <span class='ocrx_word' id='word_1_187' title='bbox 871 4308 975 4376; x_wconf 84' lang='lat' dir='ltr'><strong>Qui</strong></span> <span class='ocrx_word' id='word_1_188' title='bbox 1020 4318 1169 4364; x_wconf 89' lang='lat' dir='ltr'><strong>amat</strong></span> <span class='ocrx_word' id='word_1_189' title='bbox 1195 4309 1362 4366; x_wconf 89' lang='lat' dir='ltr'><strong>Deum</strong></span> <span class='ocrx_word' id='word_1_190' title='bbox 1396 4308 1694 4378; x_wconf 83' lang='lat' dir='ltr'><strong>angelicam</strong></span> <span class='ocrx_word' id='word_1_191' title='bbox 1725 4309 1893 4362; x_wconf 90' lang='lat' dir='ltr'><strong>vitam</strong></span> <span class='ocrx_word' id='word_1_192' title='bbox 1925 4308 2058 4361; x_wconf 88' lang='lat' dir='ltr'><strong>vivit</strong></span> 
     </span>
    </p>
   </div>
   <div class='ocr_carea' id='block_1_37' title="bbox 481 4401 1844 4474">
    <p class='ocr_par' dir='ltr' id='par_1_37' title="bbox 481 4401 1844 4474">
     <span class='ocr_line' id='line_1_37' title="bbox 481 4401 1844 4474; baseline -0.003 -16"><span class='ocrx_word' id='word_1_193' title='bbox 481 4405 538 4460; x_wconf 91' lang='lat' dir='ltr'><strong>iu</strong></span> <span class='ocrx_word' id='word_1_194' title='bbox 574 4413 738 4472; x_wconf 85' lang='lat' dir='ltr'><strong>terra,</strong></span> <span class='ocrx_word' id='word_1_195' title='bbox 759 4403 1038 4474; x_wconf 84' lang='lat' dir='ltr'><strong>jejunans,</strong></span> <span class='ocrx_word' id='word_1_196' title='bbox 1076 4402 1338 4473; x_wconf 89' lang='lat' dir='ltr'><strong>psallens,</strong></span> <span class='ocrx_word' id='word_1_197' title='bbox 1369 4401 1624 4472; x_wconf 78' lang='lat' dir='ltr'><strong>vigilans,</strong></span> <span class='ocrx_word' id='word_1_198' title='bbox 1656 4415 1844 4455; x_wconf 89' lang='lat' dir='ltr'><strong>orans.</strong></span> 
     </span>
    </p>
   </div>
   <div class='ocr_carea' id='block_1_38' title="bbox 555 4599 2057 4673">
    <p class='ocr_par' dir='ltr' id='par_1_38' title="bbox 555 4599 2057 4673">
     <span class='ocr_line' id='line_1_38' title="bbox 555 4599 2057 4673; baseline 0.001 -19"><span class='ocrx_word' id='word_1_199' title='bbox 555 4601 856 4673; x_wconf 82' lang='lat' dir='ltr'><strong>Enthymii.</strong></span> <span class='ocrx_word' id='word_1_200' title='bbox 913 4630 983 4642; x_wconf 97' lang='lat'><strong>—</strong></span> <span class='ocrx_word' id='word_1_201' title='bbox 1036 4599 1244 4654; x_wconf 78' lang='lat' dir='ltr'><strong>Merces</strong></span> <span class='ocrx_word' id='word_1_202' title='bbox 1303 4599 1678 4667; x_wconf 82' lang='lat' dir='ltr'><strong>temperantiae</strong></span> <span class='ocrx_word' id='word_1_203' title='bbox 1743 4602 2057 4669; x_wconf 87' lang='lat' dir='ltr'><strong>passionum</strong></span> 
     </span>
    </p>
   </div>
   <div class='ocr_carea' id='block_1_39' title="bbox 483 4692 2060 4765">
    <p class='ocr_par' dir='ltr' id='par_1_39' title="bbox 483 4692 2060 4765">
     <span class='ocr_line' id='line_1_39' title="bbox 483 4692 2060 4765; baseline 0 -19"><span class='ocrx_word' id='word_1_204' title='bbox 483 4695 677 4765; x_wconf 87' lang='lat' dir='ltr'><strong>quies;</strong></span> <span class='ocrx_word' id='word_1_205' title='bbox 702 4695 818 4748; x_wconf 68' lang='lat' dir='ltr'><strong>haec</strong></span> <span class='ocrx_word' id='word_1_206' title='bbox 843 4701 1026 4748; x_wconf 89' lang='lat' dir='ltr'><strong>autem</strong></span> <span class='ocrx_word' id='word_1_207' title='bbox 1063 4692 1456 4762; x_wconf 77' lang='lat' dir='ltr'><strong>perfectionem</strong></span> <span class='ocrx_word' id='word_1_208' title='bbox 1498 4700 1740 4760; x_wconf 80' lang='lat' dir='ltr'><strong>generat,</strong></span> <span class='ocrx_word' id='word_1_209' title='bbox 1781 4709 1902 4763; x_wconf 79' lang='lat' dir='ltr'><strong>quae</strong></span> <span class='ocrx_word' id='word_1_210' title='bbox 1936 4709 2060 4763; x_wconf 91' lang='lat' dir='ltr'><strong>pro-</strong></span> 
     </span>
    </p>
   </div>
   <div class='ocr_carea' id='block_1_40' title="bbox 487 4782 1109 4856">
    <p class='ocr_par' dir='ltr' id='par_1_40' title="bbox 487 4782 1109 4856">
     <span class='ocr_line' id='line_1_40' title="bbox 487 4782 1109 4856; baseline -0.003 -16"><span class='ocrx_word' id='word_1_211' title='bbox 487 4786 610 4856; x_wconf 88' lang='lat' dir='ltr'><strong>pius</strong></span> <span class='ocrx_word' id='word_1_212' title='bbox 641 4783 791 4838; x_wconf 85' lang='lat' dir='ltr'><strong>ducit</strong></span> <span class='ocrx_word' id='word_1_213' title='bbox 824 4784 891 4838; x_wconf 87' lang='lat' dir='ltr'><strong>ad</strong></span> <span class='ocrx_word' id='word_1_214' title='bbox 916 4782 1109 4838; x_wconf 87' lang='lat' dir='ltr'><strong>Deum.</strong></span> 
     </span>
    </p>
   </div>
   <div class='ocr_carea' id='block_1_41' title="bbox 561 4872 2069 4941">
    <p class='ocr_par' dir='ltr' id='par_1_41' title="bbox 561 4872 2069 4941">
     <span class='ocr_line' id='line_1_41' title="bbox 561 4872 2069 4941; baseline -0.004 -10"><span class='ocrx_word' id='word_1_215' title='bbox 561 4877 712 4931; x_wconf 79' lang='lat' dir='ltr'><strong>l’anli</strong></span> <span class='ocrx_word' id='word_1_216' title='bbox 739 4873 978 4929; x_wconf 66' lang='lat' dir='ltr'><strong>Thebaai.</strong></span> <span class='ocrx_word' id='word_1_217' title='bbox 1021 4872 1225 4928; x_wconf 85' lang='lat' dir='ltr'><strong>—Non</strong></span> <span class='ocrx_word' id='word_1_218' title='bbox 1257 4873 1364 4930; x_wconf 89' lang='lat' dir='ltr'><strong>cibi</strong></span> <span class='ocrx_word' id='word_1_219' title='bbox 1404 4875 1530 4928; x_wconf 85' lang='lat' dir='ltr'><strong>mali</strong></span> <span class='ocrx_word' id='word_1_220' title='bbox 1573 4882 1722 4941; x_wconf 87' lang='lat' dir='ltr'><strong>sunt,</strong></span> <span class='ocrx_word' id='word_1_221' title='bbox 1747 4875 1839 4928; x_wconf 89' lang='lat' dir='ltr'><strong>sed</strong></span> <span class='ocrx_word' id='word_1_222' title='bbox 1869 4875 2069 4929; x_wconf 87' lang='lat' dir='ltr'><strong>intem-</strong></span> 
     </span>
    </p>
   </div>
   <div class='ocr_carea' id='block_1_42' title="bbox 2137 2225 3722 2300">
    <p class='ocr_par' dir='ltr' id='par_1_42' title="bbox 2137 2225 3722 2300">
     <span class='ocr_line' id='line_1_42' title="bbox 2137 2225 3722 2300; baseline -0.003 -16"><span class='ocrx_word' id='word_1_223' title='bbox 2137 2235 2375 2300; x_wconf 78' lang='grc' dir='ltr'><strong>ζώντων.</strong></span> <span class='ocrx_word' id='word_1_224' title='bbox 2429 2233 2556 2288; x_wconf 86' lang='grc' dir='ltr'><strong>’1δού</strong></span> <span class='ocrx_word' id='word_1_225' title='bbox 2583 2232 2676 2285; x_wconf 84' lang='grc' dir='ltr'><strong>τὸν</strong></span> <span class='ocrx_word' id='word_1_226' title='bbox 2698 2225 2848 2284; x_wconf 79' lang='grc' dir='ltr'>οἷκον</span> <span class='ocrx_word' id='word_1_227' title='bbox 2889 2229 3058 2282; x_wconf 87' lang='grc' dir='ltr'>Ἰούδα</span> <span class='ocrx_word' id='word_1_228' title='bbox 3095 2227 3420 2298; x_wconf 78' lang='grc' dir='ltr'>ἐκϐάλωμεν</span> <span class='ocrx_word' id='word_1_229' title='bbox 3449 2230 3514 2280; x_wconf 83' lang='grc' dir='ltr'>ὲκ</span> <span class='ocrx_word' id='word_1_230' title='bbox 3545 2228 3722 2298; x_wconf 75' lang='grc' dir='ltr'>μέσον</span> 
     </span>
    </p>
   </div>
   <div class='ocr_carea' id='block_1_43' title="bbox 2137 2326 2340 2382">
    <p class='ocr_par' dir='ltr' id='par_1_43' title="bbox 2137 2326 2340 2382">
     <span class='ocr_line' id='line_1_43' title="bbox 2137 2326 2340 2382; baseline 0.01 -2"><span class='ocrx_word' id='word_1_231' title='bbox 2137 2326 2340 2382; x_wconf 86' lang='grc' dir='ltr'>αὐτῶν.</span> 
     </span>
    </p>
   </div>
   <div class='ocr_carea' id='block_1_44' title="bbox 2211 2411 3725 2486">
    <p class='ocr_par' dir='ltr' id='par_1_44' title="bbox 2211 2411 3725 2486">
     <span class='ocr_line' id='line_1_44' title="bbox 2211 2411 3725 2486; baseline -0.007 -14"><span class='ocrx_word' id='word_1_232' title='bbox 2211 2418 2516 2472; x_wconf 79' lang='grc' dir='ltr'>Βασιλείου.</span> <span class='ocrx_word' id='word_1_233' title='bbox 2554 2445 2625 2457; x_wconf 84' lang='grc'><strong><em>--</em></strong></span> <span class='ocrx_word' id='word_1_234' title='bbox 2656 2417 2780 2479; x_wconf 82' lang='grc' dir='ltr'>Τοῖς</span> <span class='ocrx_word' id='word_1_235' title='bbox 2815 2415 2913 2486; x_wconf 81' lang='grc' dir='ltr'>μὲν</span> <span class='ocrx_word' id='word_1_236' title='bbox 2942 2411 3345 2482; x_wconf 82' lang='grc' dir='ltr'>εὐτελεστέροις</span> <span class='ocrx_word' id='word_1_237' title='bbox 3391 2411 3485 2462; x_wconf 77' lang='grc' dir='ltr'>καὶ</span> <span class='ocrx_word' id='word_1_238' title='bbox 3539 2413 3725 2476; x_wconf 79' lang='grc' dir='ltr'>ἁναγο</span> 
     </span>
    </p>
   </div>
   <div class='ocr_carea' id='block_1_45' title="bbox 2143 2503 3728 2582">
    <p class='ocr_par' dir='ltr' id='par_1_45' title="bbox 2143 2503 3728 2582">
     <span class='ocr_line' id='line_1_45' title="bbox 2143 2503 3728 2582; baseline -0.009 -16"><span class='ocrx_word' id='word_1_239' title='bbox 2143 2513 2322 2575; x_wconf 82' lang='grc' dir='ltr'>καίοις</span> <span class='ocrx_word' id='word_1_240' title='bbox 2357 2511 2495 2582; x_wconf 80' lang='grc' dir='ltr'>πρὸς</span> <span class='ocrx_word' id='word_1_241' title='bbox 2532 2509 2593 2562; x_wconf 79' lang='grc' dir='ltr'>τὸ</span> <span class='ocrx_word' id='word_1_242' title='bbox 2623 2511 2722 2580; x_wconf 80' lang='grc' dir='ltr'><strong>ζῇν</strong></span> <span class='ocrx_word' id='word_1_243' title='bbox 2752 2510 2914 2578; x_wconf 86' lang='grc' dir='ltr'>μέχρι</span> <span class='ocrx_word' id='word_1_244' title='bbox 2937 2507 3034 2577; x_wconf 82' lang='grc' dir='ltr'><strong>τῆς</strong></span> <span class='ocrx_word' id='word_1_245' title='bbox 3060 2505 3250 2576; x_wconf 78' lang='grc' dir='ltr'><strong>χρείας</strong></span> <span class='ocrx_word' id='word_1_246' title='bbox 3280 2503 3728 2575; x_wconf 76' lang='grc' dir='ltr'>προσδιατρῖψω-</span> 
     </span>
    </p>
   </div>
   <div class='ocr_carea' id='block_1_46' title="bbox 2146 2595 3729 2676">
    <p class='ocr_par' dir='ltr' id='par_1_46' title="bbox 2146 2595 3729 2676">
     <span class='ocr_line' id='line_1_46' title="bbox 2146 2595 3729 2676; baseline -0.009 -16"><span class='ocrx_word' id='word_1_247' title='bbox 2146 2624 2268 2676; x_wconf 87' lang='grc' dir='ltr'>μεν,</span> <span class='ocrx_word' id='word_1_248' title='bbox 2305 2610 2401 2660; x_wconf 82' lang='grc' dir='ltr'>καὶ</span> <span class='ocrx_word' id='word_1_249' title='bbox 2428 2607 2486 2658; x_wconf 82' lang='grc' dir='ltr'>ὲν</span> <span class='ocrx_word' id='word_1_250' title='bbox 2513 2603 2728 2666; x_wconf 83' lang='grc' dir='ltr'>τούτοις</span> <span class='ocrx_word' id='word_1_251' title='bbox 2779 2601 2870 2654; x_wconf 83' lang='grc' dir='ltr'><strong>τὸν</strong></span> <span class='ocrx_word' id='word_1_252' title='bbox 2917 2602 3080 2669; x_wconf 84' lang='grc' dir='ltr'>κόρον</span> <span class='ocrx_word' id='word_1_253' title='bbox 3109 2597 3452 2658; x_wconf 77' lang='grc' dir='ltr'>ἐκκλίνοντες</span> <span class='ocrx_word' id='word_1_254' title='bbox 3479 2612 3494 2625; x_wconf 84' lang='grc'><strong>·</strong></span> <span class='ocrx_word' id='word_1_255' title='bbox 3529 2597 3646 2648; x_wconf 82' lang='grc' dir='ltr'>τῶν</span> <span class='ocrx_word' id='word_1_256' title='bbox 3674 2595 3729 2646; x_wconf 75' lang='grc' dir='ltr'>δὲ</span> 
     </span>
    </p>
   </div>
   <div class='ocr_carea' id='block_1_47' title="bbox 2145 2689 3155 2769">
    <p class='ocr_par' dir='ltr' id='par_1_47' title="bbox 2145 2689 3155 2769">
     <span class='ocr_line' id='line_1_47' title="bbox 2145 2689 3155 2769; baseline -0.007 -20"><span class='ocrx_word' id='word_1_257' title='bbox 2145 2699 2282 2769; x_wconf 85' lang='grc' dir='ltr'>πρὸς</span> <span class='ocrx_word' id='word_1_258' title='bbox 2315 2699 2506 2769; x_wconf 78' lang='grc' dir='ltr'>ἡδονὴν</span> <span class='ocrx_word' id='word_1_259' title='bbox 2537 2694 2770 2750; x_wconf 79' lang='grc' dir='ltr'><strong>καθόλου</strong></span> <span class='ocrx_word' id='word_1_260' title='bbox 2801 2689 3155 2761; x_wconf 76' lang='grc' dir='ltr'><strong>ἀπεχώμεθα.</strong></span> 
     </span>
    </p>
   </div>
   <div class='ocr_carea' id='block_1_48' title="bbox 2219 2777 3732 2859">
    <p class='ocr_par' dir='ltr' id='par_1_48' title="bbox 2219 2777 3732 2859">
     <span class='ocr_line' id='line_1_48' title="bbox 2219 2777 3732 2859; baseline -0.011 -15"><span class='ocrx_word' id='word_1_261' title='bbox 2219 2790 2326 2843; x_wconf 76' lang='grc' dir='ltr'>Τοῦ</span> <span class='ocrx_word' id='word_1_262' title='bbox 2360 2787 2774 2859; x_wconf 83' lang='grc' dir='ltr'>Χρυσοστόμου.</span> <span class='ocrx_word' id='word_1_263' title='bbox 2813 2813 2884 2825; x_wconf 89' lang='lat'><strong>-</strong></span> <span class='ocrx_word' id='word_1_264' title='bbox 2920 2783 2982 2834; x_wconf 87' lang='lat' dir='ltr'><strong>&#39;H</strong></span> <span class='ocrx_word' id='word_1_265' title='bbox 3019 2779 3267 2834; x_wconf 80' lang='grc' dir='ltr'>εὐτέλεια</span> <span class='ocrx_word' id='word_1_266' title='bbox 3298 2777 3394 2832; x_wconf 72' lang='grc' dir='ltr'>καὶ</span> <span class='ocrx_word' id='word_1_267' title='bbox 3437 2779 3470 2848; x_wconf 79' lang='grc' dir='ltr'><strong>ἡ</strong></span> <span class='ocrx_word' id='word_1_268' title='bbox 3508 2777 3732 2846; x_wconf 76' lang='grc' dir='ltr'>λιτότης</span> 
     </span>
    </p>
   </div>
   <div class='ocr_carea' id='block_1_49' title="bbox 2148 2864 3727 2950">
    <p class='ocr_par' dir='ltr' id='par_1_49' title="bbox 2148 2864 3727 2950">
     <span class='ocr_line' id='line_1_49' title="bbox 2148 2864 3727 2950; baseline -0.01 -15"><span class='ocrx_word' id='word_1_269' title='bbox 2148 2881 2336 2950; x_wconf 83' lang='grc' dir='ltr'>ὑγείας</span> <span class='ocrx_word' id='word_1_270' title='bbox 2355 2880 2538 2949; x_wconf 83' lang='grc' dir='ltr'><strong>μήτηρ</strong></span> <span class='ocrx_word' id='word_1_271' title='bbox 2558 2877 2726 2938; x_wconf 71' lang='grc' dir='ltr'>ἐστὶν,</span> <span class='ocrx_word' id='word_1_272' title='bbox 2747 2873 2870 2926; x_wconf 77' lang='grc' dir='ltr'>ὅθεν</span> <span class='ocrx_word' id='word_1_273' title='bbox 2897 2872 3070 2941; x_wconf 73' lang='grc' dir='ltr'>ἰατροὶ</span> <span class='ocrx_word' id='word_1_274' title='bbox 3089 2869 3166 2939; x_wconf 77' lang='grc'><strong>(2)</strong></span> <span class='ocrx_word' id='word_1_275' title='bbox 3208 2869 3438 2936; x_wconf 82' lang='grc' dir='ltr'>Ἀκορίη</span> <span class='ocrx_word' id='word_1_276' title='bbox 3472 2864 3727 2935; x_wconf 59' lang='grc' dir='ltr'>τροφῆς,</span> 
     </span>
    </p>
   </div>
   <div class='ocr_carea' id='block_1_50' title="bbox 2147 2958 3732 3043">
    <p class='ocr_par' dir='ltr' id='par_1_50' title="bbox 2147 2958 3732 3043">
     <span class='ocr_line' id='line_1_50' title="bbox 2147 2958 3732 3043; baseline -0.01 -16"><span class='ocrx_word' id='word_1_277' title='bbox 2147 2973 2339 3043; x_wconf 64' lang='lat' dir='ltr'><strong>brain,</strong></span> <span class='ocrx_word' id='word_1_278' title='bbox 2376 2969 2562 3039; x_wconf 82' lang='grc' dir='ltr'>φασίν·</span> <span class='ocrx_word' id='word_1_279' title='bbox 2594 2970 2643 3020; x_wconf 79' lang='grc' dir='ltr'><strong>εί</strong></span> <span class='ocrx_word' id='word_1_280' title='bbox 2667 2966 2724 3019; x_wconf 84' lang='grc' dir='ltr'>δὲ</span> <span class='ocrx_word' id='word_1_281' title='bbox 2746 2965 2920 3018; x_wconf 74' lang='grc' dir='ltr'>ἔνδεια</span> <span class='ocrx_word' id='word_1_282' title='bbox 2945 2964 3128 3034; x_wconf 81' lang='grc' dir='ltr'>μήτηρ</span> <span class='ocrx_word' id='word_1_283' title='bbox 3159 2960 3368 3029; x_wconf 81' lang='grc' dir='ltr'>ὑγείας,</span> <span class='ocrx_word' id='word_1_284' title='bbox 3393 2958 3620 3028; x_wconf 79' lang='grc' dir='ltr'>εὐδηλον</span> <span class='ocrx_word' id='word_1_285' title='bbox 3652 2959 3732 3011; x_wconf 84' lang='grc' dir='ltr'>ὅτι</span> 
     </span>
    </p>
   </div>
   <div class='ocr_carea' id='block_1_51' title="bbox 2149 3054 3116 3136">
    <p class='ocr_par' dir='ltr' id='par_1_51' title="bbox 2149 3054 3116 3136">
     <span class='ocr_line' id='line_1_51' title="bbox 2149 3054 3116 3136; baseline -0.01 -18"><span class='ocrx_word' id='word_1_286' title='bbox 2149 3068 2184 3136; x_wconf 81' lang='grc' dir='ltr'>ἡ</span> <span class='ocrx_word' id='word_1_287' title='bbox 2209 3060 2494 3134; x_wconf 84' lang='grc' dir='ltr'>πλησμονὴ</span> <span class='ocrx_word' id='word_1_288' title='bbox 2528 3061 2711 3131; x_wconf 77' lang='grc' dir='ltr'>μήτηρ</span> <span class='ocrx_word' id='word_1_289' title='bbox 2740 3057 2912 3111; x_wconf 90' lang='grc' dir='ltr'>νόσων</span> <span class='ocrx_word' id='word_1_290' title='bbox 2947 3054 3116 3108; x_wconf 79' lang='grc' dir='ltr'>ἐστίν.</span> 
     </span>
    </p>
   </div>
   <div class='ocr_carea' id='block_1_52' title="bbox 2222 3141 3732 3228">
    <p class='ocr_par' dir='ltr' id='par_1_52' title="bbox 2222 3141 3732 3228">
     <span class='ocr_line' id='line_1_52' title="bbox 2222 3141 3732 3228; baseline -0.011 -18"><span class='ocrx_word' id='word_1_291' title='bbox 2222 3155 2527 3228; x_wconf 84' lang='grc' dir='ltr'>Γρηγορίου</span> <span class='ocrx_word' id='word_1_292' title='bbox 2596 3153 2690 3206; x_wconf 83' lang='grc' dir='ltr'>τοῦ</span> <span class='ocrx_word' id='word_1_293' title='bbox 2761 3148 3053 3216; x_wconf 87' lang='grc' dir='ltr'>Θεολόγου.</span> <span class='ocrx_word' id='word_1_294' title='bbox 3137 3174 3210 3188; x_wconf 92' lang='lat'><strong><em>—-</em></strong></span> <span class='ocrx_word' id='word_1_295' title='bbox 3284 3145 3464 3216; x_wconf 80' lang='grc' dir='ltr'>Κόρος</span> <span class='ocrx_word' id='word_1_296' title='bbox 3544 3141 3732 3213; x_wconf 75' lang='grc' dir='ltr'>πατὴρ</span> 
     </span>
    </p>
   </div>
   <div class='ocr_carea' id='block_1_53' title="bbox 2154 3229 3732 3321">
    <p class='ocr_par' dir='ltr' id='par_1_53' title="bbox 2154 3229 3732 3321">
     <span class='ocr_line' id='line_1_53' title="bbox 2154 3229 3732 3321; baseline -0.011 -17"><span class='ocrx_word' id='word_1_297' title='bbox 2154 3250 2364 3321; x_wconf 76' lang='grc' dir='ltr'>ὕϐρεως</span> <span class='ocrx_word' id='word_1_298' title='bbox 2389 3249 2486 3318; x_wconf 82' lang='grc'><strong>(5).</strong></span> <span class='ocrx_word' id='word_1_299' title='bbox 2517 3247 2608 3312; x_wconf 83' lang='grc' dir='ltr'><strong>Μὴ</strong></span> <span class='ocrx_word' id='word_1_300' title='bbox 2639 3243 2734 3299; x_wconf 76' lang='grc' dir='ltr'><strong>οὖν</strong></span> <span class='ocrx_word' id='word_1_301' title='bbox 2766 3240 3130 3312; x_wconf 77' lang='grc' dir='ltr'>γλυκανθήτω</span> <span class='ocrx_word' id='word_1_302' title='bbox 3155 3256 3238 3292; x_wconf 91' lang='grc' dir='ltr'><strong>σοι</strong></span> <span class='ocrx_word' id='word_1_303' title='bbox 3265 3237 3502 3308; x_wconf 77' lang='grc' dir='ltr'><strong>φάρυγξ,</strong></span> <span class='ocrx_word' id='word_1_304' title='bbox 3535 3229 3603 3288; x_wconf 74' lang='grc' dir='ltr'>οὗ</span> <span class='ocrx_word' id='word_1_305' title='bbox 3635 3253 3732 3288; x_wconf 90' lang='grc' dir='ltr'>κα-</span> 
     </span>
    </p>
   </div>
   <div class='ocr_carea' id='block_1_54' title="bbox 2153 3335 2999 3413">
    <p class='ocr_par' dir='ltr' id='par_1_54' title="bbox 2153 3335 2999 3413">
     <span class='ocr_line' id='line_1_54' title="bbox 2153 3335 2999 3413; baseline -0.009 -17"><span class='ocrx_word' id='word_1_306' title='bbox 2153 3343 2447 3413; x_wconf 83' lang='grc' dir='ltr'>τασύρεται</span> <span class='ocrx_word' id='word_1_307' title='bbox 2481 3342 2588 3391; x_wconf 83' lang='grc' dir='ltr'>πᾶν</span> <span class='ocrx_word' id='word_1_308' title='bbox 2618 3338 2678 3391; x_wconf 84' lang='grc' dir='ltr'><strong>τὸ</strong></span> <span class='ocrx_word' id='word_1_309' title='bbox 2704 3335 2999 3407; x_wconf 85' lang='grc' dir='ltr'>διδόμενον.</span> 
     </span>
    </p>
   </div>
   <div class='ocr_carea' id='block_1_55' title="bbox 2239 3444 3735 3521">
    <p class='ocr_par' dir='ltr' id='par_1_55' title="bbox 2239 3444 3735 3521">
     <span class='ocr_line' id='line_1_55' title="bbox 2239 3444 3735 3521; baseline -0.012 -11"><span class='ocrx_word' id='word_1_310' title='bbox 2239 3454 2582 3511; x_wconf 79' lang='grc' dir='ltr'>Ἀθανασίου.</span> <span class='ocrx_word' id='word_1_311' title='bbox 2619 3451 2889 3521; x_wconf 83' lang='grc' dir='ltr'>-Κόρος</span> <span class='ocrx_word' id='word_1_312' title='bbox 2916 3451 2982 3519; x_wconf 81' lang='grc' dir='ltr'>τῇ</span> <span class='ocrx_word' id='word_1_313' title='bbox 3016 3447 3180 3518; x_wconf 72' lang='grc' dir='ltr'>σαρκὶ</span> <span class='ocrx_word' id='word_1_314' title='bbox 3229 3459 3583 3514; x_wconf 82' lang='grc' dir='ltr'>σκιρτηματα</span> <span class='ocrx_word' id='word_1_315' title='bbox 3636 3444 3735 3512; x_wconf 80' lang='grc' dir='ltr'><strong>ὲμ-</strong></span> 
     </span>
    </p>
   </div>
   <div class='ocr_carea' id='block_1_56' title="bbox 2157 3537 3731 3618">
    <p class='ocr_par' dir='ltr' id='par_1_56' title="bbox 2157 3537 3731 3618">
     <span class='ocr_line' id='line_1_56' title="bbox 2157 3537 3731 3618; baseline -0.011 -13"><span class='ocrx_word' id='word_1_316' title='bbox 2157 3554 2304 3606; x_wconf 82' lang='grc' dir='ltr'>ποιεῖ</span> <span class='ocrx_word' id='word_1_317' title='bbox 2337 3551 2430 3603; x_wconf 77' lang='grc' dir='ltr'>καὶ</span> <span class='ocrx_word' id='word_1_318' title='bbox 2457 3549 2793 3618; x_wconf 74' lang='grc' dir='ltr'>φρυάγματα</span> <span class='ocrx_word' id='word_1_319' title='bbox 2815 3561 2828 3574; x_wconf 77' lang='grc' dir='ltr'><strong>ο</strong></span> <span class='ocrx_word' id='word_1_320' title='bbox 2863 3541 3162 3610; x_wconf 70' lang='grc' dir='ltr'>ἐγκράτεια</span> <span class='ocrx_word' id='word_1_321' title='bbox 3188 3539 3246 3592; x_wconf 78' lang='grc' dir='ltr'>δὲ</span> <span class='ocrx_word' id='word_1_322' title='bbox 3272 3538 3444 3608; x_wconf 76' lang='grc' dir='ltr'>αὐτὴν</span> <span class='ocrx_word' id='word_1_323' title='bbox 3472 3537 3731 3590; x_wconf 80' lang='grc' dir='ltr'>ὑπωπιά-</span> 
     </span>
    </p>
   </div>
   <div class='ocr_carea' id='block_1_57' title="bbox 2157 3641 2736 3712">
    <p class='ocr_par' dir='ltr' id='par_1_57' title="bbox 2157 3641 2736 3712">
     <span class='ocr_line' id='line_1_57' title="bbox 2157 3641 2736 3712; baseline -0.012 -13"><span class='ocrx_word' id='word_1_324' title='bbox 2157 3647 2240 3712; x_wconf 83' lang='grc' dir='ltr'>ζει</span> <span class='ocrx_word' id='word_1_325' title='bbox 2265 3645 2358 3698; x_wconf 75' lang='grc' dir='ltr'>καὶ</span> <span class='ocrx_word' id='word_1_326' title='bbox 2382 3641 2736 3708; x_wconf 85' lang='grc' dir='ltr'>δουλαγωγεῖ.</span> 
     </span>
    </p>
   </div>
   <div class='ocr_carea' id='block_1_58' title="bbox 2229 3719 3734 3807">
    <p class='ocr_par' dir='ltr' id='par_1_58' title="bbox 2229 3719 3734 3807">
     <span class='ocr_line' id='line_1_58' title="bbox 2229 3719 3734 3807; baseline -0.013 -16"><span class='ocrx_word' id='word_1_327' title='bbox 2229 3735 2530 3807; x_wconf 85' lang='grc' dir='ltr'>Γρηγορίου</span> <span class='ocrx_word' id='word_1_328' title='bbox 2566 3732 2808 3800; x_wconf 85' lang='grc' dir='ltr'>Νύσσης.</span> <span class='ocrx_word' id='word_1_329' title='bbox 2839 3757 2900 3766; x_wconf 84' lang='lat'><strong>——</strong></span> <span class='ocrx_word' id='word_1_330' title='bbox 2927 3725 3065 3780; x_wconf 75' lang='grc' dir='ltr'>Οὔτε</span> <span class='ocrx_word' id='word_1_331' title='bbox 3087 3725 3194 3794; x_wconf 82' lang='grc' dir='ltr'>γὰρ</span> <span class='ocrx_word' id='word_1_332' title='bbox 3219 3722 3476 3790; x_wconf 78' lang='grc' dir='ltr'>ἀθληταῖς</span> <span class='ocrx_word' id='word_1_333' title='bbox 3500 3721 3556 3773; x_wconf 79' lang='grc' dir='ltr'><strong>ἐν</strong></span> <span class='ocrx_word' id='word_1_334' title='bbox 3587 3719 3734 3789; x_wconf 79' lang='grc' dir='ltr'><strong>ἀγῶο</strong></span> 
     </span>
    </p>
   </div>
   <div class='ocr_carea' id='block_1_59' title="bbox 2160 3813 3728 3898">
    <p class='ocr_par' dir='ltr' id='par_1_59' title="bbox 2160 3813 3728 3898">
     <span class='ocr_line' id='line_1_59' title="bbox 2160 3813 3728 3898; baseline -0.014 -13"><span class='ocrx_word' id='word_1_335' title='bbox 2160 3848 2249 3894; x_wconf 87' lang='grc' dir='ltr'><strong>νος</strong></span> <span class='ocrx_word' id='word_1_336' title='bbox 2283 3826 2462 3898; x_wconf 81' lang='grc' dir='ltr'>καιρῷ</span> <span class='ocrx_word' id='word_1_337' title='bbox 2489 3823 2773 3892; x_wconf 78' lang='grc' dir='ltr'>λυσιτελὴς</span> <span class='ocrx_word' id='word_1_338' title='bbox 2806 3824 2833 3874; x_wconf 89' lang='grc' dir='ltr'><strong>ὁ</strong></span> <span class='ocrx_word' id='word_1_339' title='bbox 2858 3820 3015 3890; x_wconf 77' lang='grc' dir='ltr'>κόρος</span> <span class='ocrx_word' id='word_1_340' title='bbox 3052 3817 3222 3881; x_wconf 74' lang='grc' dir='ltr'>ἐστὶν,</span> <span class='ocrx_word' id='word_1_341' title='bbox 3250 3813 3375 3868; x_wconf 74' lang='grc' dir='ltr'>οὐτε</span> <span class='ocrx_word' id='word_1_342' title='bbox 3405 3814 3519 3876; x_wconf 91' lang='grc' dir='ltr'>τοῖς</span> <span class='ocrx_word' id='word_1_343' title='bbox 3553 3814 3728 3882; x_wconf 80' lang='grc' dir='ltr'>ἀσκη-</span> 
     </span>
    </p>
   </div>
   <div class='ocr_carea' id='block_1_60' title="bbox 2163 3913 2884 3988">
    <p class='ocr_par' dir='ltr' id='par_1_60' title="bbox 2163 3913 2884 3988">
     <span class='ocr_line' id='line_1_60' title="bbox 2163 3913 2884 3988; baseline -0.008 -15"><span class='ocrx_word' id='word_1_344' title='bbox 2163 3925 2282 3985; x_wconf 83' lang='grc' dir='ltr'>ταῖς</span> <span class='ocrx_word' id='word_1_345' title='bbox 2320 3916 2745 3988; x_wconf 79' lang='grc' dir='ltr'>ἀγωνιζομένοις</span> <span class='ocrx_word' id='word_1_346' title='bbox 2775 3913 2884 3967; x_wconf 81' lang='grc' dir='ltr'>ἀεί.</span> 
     </span>
    </p>
   </div>
   <div class='ocr_carea' id='block_1_61' title="bbox 2235 4018 3738 4106">
    <p class='ocr_par' dir='ltr' id='par_1_61' title="bbox 2235 4018 3738 4106">
     <span class='ocr_line' id='line_1_61' title="bbox 2235 4018 3738 4106; baseline -0.014 -16"><span class='ocrx_word' id='word_1_347' title='bbox 2235 4032 2528 4106; x_wconf 80' lang='grc' dir='ltr'>Κυρίλλου.</span> <span class='ocrx_word' id='word_1_348' title='bbox 2564 4060 2633 4070; x_wconf 89' lang='grc'><strong><em>--</em></strong></span> <span class='ocrx_word' id='word_1_349' title='bbox 2689 4027 2753 4081; x_wconf 89' lang='lat' dir='ltr'><strong>&#39;H</strong></span> <span class='ocrx_word' id='word_1_350' title='bbox 2796 4023 3004 4096; x_wconf 77' lang='grc' dir='ltr'>ἀληθὴς</span> <span class='ocrx_word' id='word_1_351' title='bbox 3062 4022 3360 4090; x_wconf 74' lang='grc' dir='ltr'>ἐγκράτεια</span> <span class='ocrx_word' id='word_1_352' title='bbox 3402 4020 3504 4072; x_wconf 90' lang='grc' dir='ltr'><strong>οὐκ</strong></span> <span class='ocrx_word' id='word_1_353' title='bbox 3557 4018 3738 4071; x_wconf 82' lang='grc' dir='ltr'>ἀσιτία</span> 
     </span>
    </p>
   </div>
   <div class='ocr_carea' id='block_1_62' title="bbox 2166 4115 3734 4193">
    <p class='ocr_par' dir='ltr' id='par_1_62' title="bbox 2166 4115 3734 4193">
     <span class='ocr_line' id='line_1_62' title="bbox 2166 4115 3734 4193; baseline -0.011 -11"><span class='ocrx_word' id='word_1_354' title='bbox 2166 4131 2281 4183; x_wconf 75' lang='grc' dir='ltr'>ἐστὶ</span> <span class='ocrx_word' id='word_1_355' title='bbox 2345 4124 2635 4193; x_wconf 81' lang='grc' dir='ltr'>παντελής·</span> <span class='ocrx_word' id='word_1_356' title='bbox 2692 4120 2851 4174; x_wconf 78' lang='grc' dir='ltr'>τοῦτο</span> <span class='ocrx_word' id='word_1_357' title='bbox 2901 4121 3008 4188; x_wconf 82' lang='grc' dir='ltr'><strong>γὰρ</strong></span> <span class='ocrx_word' id='word_1_358' title='bbox 3048 4115 3144 4169; x_wconf 78' lang='grc' dir='ltr'>τοῦ</span> <span class='ocrx_word' id='word_1_359' title='bbox 3185 4116 3436 4185; x_wconf 86' lang='grc' dir='ltr'>σώματος</span> <span class='ocrx_word' id='word_1_360' title='bbox 3490 4115 3734 4176; x_wconf 81' lang='grc' dir='ltr'>ἕκλυσις’</span> 
     </span>
    </p>
   </div>
   <div class='ocr_carea' id='block_1_63' title="bbox 2166 4211 2823 4286">
    <p class='ocr_par' dir='ltr' id='par_1_63' title="bbox 2166 4211 2823 4286">
     <span class='ocr_line' id='line_1_63' title="bbox 2166 4211 2823 4286; baseline -0.017 -13"><span class='ocrx_word' id='word_1_361' title='bbox 2166 4219 2302 4273; x_wconf 84' lang='grc' dir='ltr'><strong>ἀλλά</strong></span> <span class='ocrx_word' id='word_1_362' title='bbox 2343 4218 2503 4286; x_wconf 88' lang='grc' dir='ltr'>κόρου</span> <span class='ocrx_word' id='word_1_363' title='bbox 2539 4211 2823 4282; x_wconf 87' lang='grc' dir='ltr'>ἀποφυγή.</span> 
     </span>
    </p>
   </div>
   <div class='ocr_carea' id='block_1_64' title="bbox 2240 4299 3742 4373">
    <p class='ocr_par' dir='ltr' id='par_1_64' title="bbox 2240 4299 3742 4373">
     <span class='ocr_line' id='line_1_64' title="bbox 2240 4299 3742 4373; baseline -0.01 -8"><span class='ocrx_word' id='word_1_364' title='bbox 2240 4312 2414 4365; x_wconf 85' lang='grc' dir='ltr'>Σάϐα.</span> <span class='ocrx_word' id='word_1_365' title='bbox 2444 4337 2513 4350; x_wconf 85' lang='lat'><strong>-—</strong></span> <span class='ocrx_word' id='word_1_366' title='bbox 2553 4309 2612 4361; x_wconf 84' lang='grc' dir='ltr'>Ὀ</span> <span class='ocrx_word' id='word_1_367' title='bbox 2643 4304 2872 4373; x_wconf 81' lang='grc' dir='ltr'>ἀγαπῶν</span> <span class='ocrx_word' id='word_1_368' title='bbox 2901 4303 2994 4355; x_wconf 79' lang='grc' dir='ltr'>τὸν</span> <span class='ocrx_word' id='word_1_369' title='bbox 3008 4300 3140 4354; x_wconf 78' lang='grc' dir='ltr'>Θεὸν</span> <span class='ocrx_word' id='word_1_370' title='bbox 3172 4299 3461 4368; x_wconf 78' lang='grc' dir='ltr'>ἀγγελικὸν</span> <span class='ocrx_word' id='word_1_371' title='bbox 3494 4299 3609 4370; x_wconf 80' lang='grc' dir='ltr'>βίον</span> <span class='ocrx_word' id='word_1_372' title='bbox 3639 4299 3742 4368; x_wconf 79' lang='grc' dir='ltr'>βιοῖ</span> 
     </span>
    </p>
   </div>
   <div class='ocr_carea' id='block_1_65' title="bbox 2169 4393 3740 4474">
    <p class='ocr_par' dir='ltr' id='par_1_65' title="bbox 2169 4393 3740 4474">
     <span class='ocr_line' id='line_1_65' title="bbox 2169 4393 3740 4474; baseline -0.011 -13"><span class='ocrx_word' id='word_1_373' title='bbox 2169 4407 2261 4461; x_wconf 73' lang='grc' dir='ltr'>ἐπὶ</span> <span class='ocrx_word' id='word_1_374' title='bbox 2289 4405 2389 4474; x_wconf 82' lang='grc' dir='ltr'>τῆς</span> <span class='ocrx_word' id='word_1_375' title='bbox 2412 4401 2538 4472; x_wconf 78' lang='grc' dir='ltr'>γῆς,</span> <span class='ocrx_word' id='word_1_376' title='bbox 2571 4397 2869 4470; x_wconf 84' lang='grc' dir='ltr'>νηστεύων,</span> <span class='ocrx_word' id='word_1_377' title='bbox 2896 4395 3137 4466; x_wconf 76' lang='grc' dir='ltr'>ψάλλων,</span> <span class='ocrx_word' id='word_1_378' title='bbox 3167 4393 3483 4463; x_wconf 77' lang='grc' dir='ltr'>ἀγρυπνῶν,</span> <span class='ocrx_word' id='word_1_379' title='bbox 3515 4409 3740 4462; x_wconf 83' lang='grc' dir='ltr'>προσευ-</span> 
     </span>
    </p>
   </div>
   <div class='ocr_carea' id='block_1_66' title="bbox 2169 4499 2416 4566">
    <p class='ocr_par' dir='ltr' id='par_1_66' title="bbox 2169 4499 2416 4566">
     <span class='ocr_line' id='line_1_66' title="bbox 2169 4499 2416 4566; baseline -0.008 -16"><span class='ocrx_word' id='word_1_380' title='bbox 2169 4499 2416 4566; x_wconf 81' lang='grc' dir='ltr'>χόμενος.</span> 
     </span>
    </p>
   </div>
   <div class='ocr_carea' id='block_1_67' title="bbox 2246 4579 3737 4658">
    <p class='ocr_par' dir='ltr' id='par_1_67' title="bbox 2246 4579 3737 4658">
     <span class='ocr_line' id='line_1_67' title="bbox 2246 4579 3737 4658; baseline -0.007 -16"><span class='ocrx_word' id='word_1_381' title='bbox 2246 4588 2546 4658; x_wconf 78' lang='grc' dir='ltr'>Εὐθυμίου.</span> <span class='ocrx_word' id='word_1_382' title='bbox 2581 4583 2881 4647; x_wconf 82' lang='grc' dir='ltr'>-Μισθὺς</span> <span class='ocrx_word' id='word_1_383' title='bbox 2912 4582 3013 4652; x_wconf 75' lang='grc' dir='ltr'>τῆς</span> <span class='ocrx_word' id='word_1_384' title='bbox 3053 4579 3383 4650; x_wconf 73' lang='grc' dir='ltr'>ἐγκρατείας</span> <span class='ocrx_word' id='word_1_385' title='bbox 3411 4581 3442 4650; x_wconf 79' lang='grc' dir='ltr'><strong>η</strong></span> <span class='ocrx_word' id='word_1_386' title='bbox 3470 4579 3737 4633; x_wconf 76' lang='grc' dir='ltr'>ἀπάθεια·</span> 
     </span>
    </p>
   </div>
   <div class='ocr_carea' id='block_1_68' title="bbox 2172 4669 3740 4754">
    <p class='ocr_par' dir='ltr' id='par_1_68' title="bbox 2172 4669 3740 4754">
     <span class='ocr_line' id='line_1_68' title="bbox 2172 4669 3740 4754; baseline -0.01 -19"><span class='ocrx_word' id='word_1_387' title='bbox 2172 4682 2291 4754; x_wconf 79' lang='grc' dir='ltr'><strong>ἡδὲ</strong></span> <span class='ocrx_word' id='word_1_388' title='bbox 2341 4677 2582 4732; x_wconf 82' lang='grc' dir='ltr'>ἀπάθεια</span> <span class='ocrx_word' id='word_1_389' title='bbox 2615 4675 2788 4729; x_wconf 82' lang='grc' dir='ltr'>τίκτει</span> <span class='ocrx_word' id='word_1_390' title='bbox 2833 4671 2929 4744; x_wconf 83' lang='grc' dir='ltr'>τὴν</span> <span class='ocrx_word' id='word_1_391' title='bbox 2961 4671 3268 4741; x_wconf 73' lang='grc' dir='ltr'>διάκρισιν*</span> <span class='ocrx_word' id='word_1_392' title='bbox 3327 4670 3361 4739; x_wconf 80' lang='grc' dir='ltr'>ἡ</span> <span class='ocrx_word' id='word_1_393' title='bbox 3415 4669 3472 4722; x_wconf 82' lang='grc' dir='ltr'>δὲ</span> <span class='ocrx_word' id='word_1_394' title='bbox 3520 4669 3740 4740; x_wconf 80' lang='grc' dir='ltr'>πλησίον</span> 
     </span>
    </p>
   </div>
   <div class='ocr_carea' id='block_1_69' title="bbox 2091 4771 2480 4848">
    <p class='ocr_par' dir='ltr' id='par_1_69' title="bbox 2091 4771 2480 4848">
     <span class='ocr_line' id='line_1_69' title="bbox 2091 4771 2480 4848; baseline -0.018 -19"><span class='ocrx_word' id='word_1_395' title='bbox 2091 4787 2134 4848; x_wconf 78' lang='lat' dir='ltr'>c</span> <span class='ocrx_word' id='word_1_396' title='bbox 2170 4775 2292 4840; x_wconf 72' lang='grc' dir='ltr'>ἄγει</span> <span class='ocrx_word' id='word_1_397' title='bbox 2323 4771 2480 4825; x_wconf 78' lang='grc' dir='ltr'>Θεοῦ.</span> 
     </span>
    </p>
   </div>
   <div class='ocr_carea' id='block_1_70' title="bbox 2249 4849 3740 4927">
    <p class='ocr_par' dir='ltr' id='par_1_70' title="bbox 2249 4849 3740 4927">
     <span class='ocr_line' id='line_1_70' title="bbox 2249 4849 3740 4927; baseline -0.011 -12"><span class='ocrx_word' id='word_1_398' title='bbox 2249 4861 2462 4916; x_wconf 87' lang='grc' dir='ltr'>Παύλου</span> <span class='ocrx_word' id='word_1_399' title='bbox 2493 4858 2587 4912; x_wconf 81' lang='grc' dir='ltr'>τοῦ</span> <span class='ocrx_word' id='word_1_400' title='bbox 2619 4855 2880 4927; x_wconf 79' lang='grc' dir='ltr'>Θηϐαίου.</span> <span class='ocrx_word' id='word_1_401' title='bbox 2914 4883 2976 4897; x_wconf 92' lang='grc'><strong><em>--</em></strong></span> <span class='ocrx_word' id='word_1_402' title='bbox 3007 4853 3081 4906; x_wconf 85' lang='grc' dir='ltr'>Οὐ</span> <span class='ocrx_word' id='word_1_403' title='bbox 3140 4851 3218 4916; x_wconf 31' lang='grc' dir='ltr'><strong>τὰ.</strong></span> <span class='ocrx_word' id='word_1_404' title='bbox 3257 4849 3520 4920; x_wconf 81' lang='grc' dir='ltr'>βρώματα</span> <span class='ocrx_word' id='word_1_405' title='bbox 3580 4849 3740 4907; x_wconf 73' lang='grc' dir='ltr'>κακὰ,</span> 
     </span>
    </p>
   </div>
   <div class='ocr_carea' id='block_1_71' title="bbox 487 4939 2098 5042">
    <p class='ocr_par' dir='ltr' id='par_1_71' title="bbox 487 4963 2070 5042">
     <span class='ocr_line' id='line_1_71' title="bbox 487 4963 2070 5042; baseline -0.004 -17"><span class='ocrx_word' id='word_1_406' title='bbox 487 4971 765 5042; x_wconf 86' lang='lat' dir='ltr'><strong>perantia:</strong></span> <span class='ocrx_word' id='word_1_407' title='bbox 820 4966 1030 5022; x_wconf 91' lang='lat' dir='ltr'><strong>nullum</strong></span> <span class='ocrx_word' id='word_1_408' title='bbox 1083 4965 1230 5020; x_wconf 91' lang='lat' dir='ltr'><strong>enim</strong></span> <span class='ocrx_word' id='word_1_409' title='bbox 1291 4963 1384 5018; x_wconf 82' lang='lat' dir='ltr'><strong>Dei</strong></span> <span class='ocrx_word' id='word_1_410' title='bbox 1431 4979 1657 5035; x_wconf 90' lang='lat' dir='ltr'><strong>operum</strong></span> <span class='ocrx_word' id='word_1_411' title='bbox 1703 4964 1927 5030; x_wconf 88' lang='lat' dir='ltr'><strong>malum,</strong></span> <span class='ocrx_word' id='word_1_412' title='bbox 1977 4965 2070 5019; x_wconf 86' lang='lat' dir='ltr'><strong>sed</strong></span> 
     </span>
    </p>
   </div>
   <div class='ocr_carea' id='block_1_72' title="bbox 2165 4939 3742 5042">
    <p class='ocr_par' dir='ltr' id='par_1_72' title="bbox 2175 4939 3742 5024">
     <span class='ocr_line' id='line_1_72' title="bbox 2175 4939 3742 5024; baseline -0.012 -15"><span class='ocrx_word' id='word_1_413' title='bbox 2175 4955 2291 5010; x_wconf 84' lang='grc' dir='ltr'>ἀλλ’</span> <span class='ocrx_word' id='word_1_414' title='bbox 2325 4958 2357 5024; x_wconf 85' lang='grc' dir='ltr'><strong>ἠ</strong></span> <span class='ocrx_word' id='word_1_415' title='bbox 2400 4948 2842 5021; x_wconf 84' lang='grc' dir='ltr'>γαστριμαργία’</span> <span class='ocrx_word' id='word_1_416' title='bbox 2896 4945 3048 4998; x_wconf 80' lang='grc' dir='ltr'>οὐδὲν</span> <span class='ocrx_word' id='word_1_417' title='bbox 3081 4943 3190 5015; x_wconf 83' lang='grc' dir='ltr'><strong>γὰρ</strong></span> <span class='ocrx_word' id='word_1_418' title='bbox 3223 4941 3332 4994; x_wconf 83' lang='grc' dir='ltr'>τῶν</span> <span class='ocrx_word' id='word_1_419' title='bbox 3357 4941 3450 4994; x_wconf 83' lang='grc' dir='ltr'>τοῦ</span> <span class='ocrx_word' id='word_1_420' title='bbox 3485 4939 3619 4993; x_wconf 80' lang='grc' dir='ltr'>Θεοῦ</span> <span class='ocrx_word' id='word_1_421' title='bbox 3647 4957 3742 4992; x_wconf 86' lang='grc' dir='ltr'>κα-</span> 
     </span>
    </p>
   </div>
   <div class='ocr_carea' id='block_1_73' title="bbox 489 5063 1128 5128">
    <p class='ocr_par' dir='ltr' id='par_1_73' title="bbox 489 5063 1128 5128">
     <span class='ocr_line' id='line_1_73' title="bbox 489 5063 1128 5128; baseline -0.009 -13"><span class='ocrx_word' id='word_1_422' title='bbox 489 5063 694 5115; x_wconf 87' lang='lat' dir='ltr'><strong>abusus</strong></span> <span class='ocrx_word' id='word_1_423' title='bbox 717 5066 1000 5128; x_wconf 88' lang='lat' dir='ltr'><strong>peccatum</strong></span> <span class='ocrx_word' id='word_1_424' title='bbox 1024 5064 1128 5110; x_wconf 87' lang='lat' dir='ltr'><strong>est.</strong></span> 
     </span>
    </p>
   </div>
   <div class='ocr_carea' id='block_1_74' title="bbox 559 5145 2072 5216">
    <p class='ocr_par' dir='ltr' id='par_1_74' title="bbox 559 5145 2072 5216">
     <span class='ocr_line' id='line_1_74' title="bbox 559 5145 2072 5216; baseline -0.006 -12"><span class='ocrx_word' id='word_1_425' title='bbox 559 5150 741 5205; x_wconf 87' lang='lat' dir='ltr'><strong>Antis.</strong></span> <span class='ocrx_word' id='word_1_426' title='bbox 774 5179 832 5190; x_wconf 93' lang='lat'><strong>—</strong></span> <span class='ocrx_word' id='word_1_427' title='bbox 872 5147 990 5203; x_wconf 86' lang='lat' dir='ltr'><strong>Non</strong></span> <span class='ocrx_word' id='word_1_428' title='bbox 1049 5154 1266 5216; x_wconf 85' lang='lat' dir='ltr'><strong>oportet</strong></span> <span class='ocrx_word' id='word_1_429' title='bbox 1313 5155 1558 5200; x_wconf 88' lang='lat' dir='ltr'><strong>metuere</strong></span> <span class='ocrx_word' id='word_1_430' title='bbox 1604 5145 1913 5198; x_wconf 68' lang='lat' dir='ltr'><strong>da-rnonum</strong></span> <span class='ocrx_word' id='word_1_431' title='bbox 1972 5146 2072 5196; x_wconf 54' lang='lat' dir='ltr'><strong>im.</strong></span> 
     </span>
    </p>
   </div>
   <div class='ocr_carea' id='block_1_75' title="bbox 489 5235 2070 5312">
    <p class='ocr_par' dir='ltr' id='par_1_75' title="bbox 489 5235 2070 5312">
     <span class='ocr_line' id='line_1_75' title="bbox 489 5235 2070 5312; baseline -0.007 -14"><span class='ocrx_word' id='word_1_432' title='bbox 489 5252 684 5312; x_wconf 86' lang='lat' dir='ltr'><strong>pctus:</strong></span> <span class='ocrx_word' id='word_1_433' title='bbox 715 5240 1058 5296; x_wconf 89' lang='lat' dir='ltr'><strong>orationibus</strong></span> <span class='ocrx_word' id='word_1_434' title='bbox 1087 5239 1235 5294; x_wconf 91' lang='lat' dir='ltr'><strong>enim</strong></span> <span class='ocrx_word' id='word_1_435' title='bbox 1266 5249 1318 5292; x_wconf 89' lang='lat' dir='ltr'><strong>et</strong></span> <span class='ocrx_word' id='word_1_436' title='bbox 1337 5237 1562 5306; x_wconf 85' lang='lat' dir='ltr'><strong>jejuniis</strong></span> <span class='ocrx_word' id='word_1_437' title='bbox 1597 5247 1649 5291; x_wconf 72' lang='lat' dir='ltr'><strong>cl</strong></span> <span class='ocrx_word' id='word_1_438' title='bbox 1678 5238 1782 5291; x_wconf 82' lang='lat' dir='ltr'><strong>ﬁde</strong></span> <span class='ocrx_word' id='word_1_439' title='bbox 1807 5238 1856 5290; x_wconf 89' lang='lat' dir='ltr'><strong>in</strong></span> <span class='ocrx_word' id='word_1_440' title='bbox 1889 5235 2070 5289; x_wconf 77' lang='lat' dir='ltr'><strong>Dolui-</strong></span> 
     </span>
    </p>
   </div>
   <div class='ocr_carea' id='block_1_76' title="bbox 489 5331 1268 5390">
    <p class='ocr_par' dir='ltr' id='par_1_76' title="bbox 489 5331 1268 5390">
     <span class='ocr_line' id='line_1_76' title="bbox 489 5331 1268 5390; baseline -0.006 0"><span class='ocrx_word' id='word_1_441' title='bbox 489 5350 622 5390; x_wconf 89' lang='lat' dir='ltr'><strong>num</strong></span> <span class='ocrx_word' id='word_1_442' title='bbox 653 5333 836 5390; x_wconf 84' lang='lat' dir='ltr'><strong>statim</strong></span> <span class='ocrx_word' id='word_1_443' title='bbox 868 5332 956 5388; x_wconf 90' lang='lat' dir='ltr'><strong>isti</strong></span> <span class='ocrx_word' id='word_1_444' title='bbox 991 5331 1268 5387; x_wconf 86' lang='lat' dir='ltr'><strong>decidunt.</strong></span> 
     </span>
    </p>
   </div>
   <div class='ocr_carea' id='block_1_77' title="bbox 558 5421 2068 5495">
    <p class='ocr_par' dir='ltr' id='par_1_77' title="bbox 558 5421 2068 5495">
     <span class='ocr_line' id='line_1_77' title="bbox 558 5421 2068 5495; baseline -0.006 -13"><span class='ocrx_word' id='word_1_445' title='bbox 558 5424 799 5482; x_wconf 83' lang='lat' dir='ltr'><strong>Arsenii.</strong></span> <span class='ocrx_word' id='word_1_446' title='bbox 828 5454 898 5466; x_wconf 93' lang='lat'><strong>—</strong></span> <span class='ocrx_word' id='word_1_447' title='bbox 929 5423 1032 5492; x_wconf 86' lang='lat' dir='ltr'><strong>Qui</strong></span> <span class='ocrx_word' id='word_1_448' title='bbox 1061 5423 1206 5495; x_wconf 81' lang='lat' dir='ltr'><strong>ligna</strong></span> <span class='ocrx_word' id='word_1_449' title='bbox 1257 5423 1310 5478; x_wconf 93' lang='lat' dir='ltr'><strong>in</strong></span> <span class='ocrx_word' id='word_1_450' title='bbox 1357 5423 1481 5494; x_wconf 86' lang='lat' dir='ltr'><strong>igne</strong></span> <span class='ocrx_word' id='word_1_451' title='bbox 1514 5422 1755 5493; x_wconf 86' lang='lat' dir='ltr'><strong>congerit</strong></span> <span class='ocrx_word' id='word_1_452' title='bbox 1795 5421 2068 5475; x_wconf 85' lang='lat' dir='ltr'><strong>ﬂammam</strong></span> 
     </span>
    </p>
   </div>
   <div class='ocr_carea' id='block_1_78' title="bbox 561 5598 1800 5672">
    <p class='ocr_par' dir='ltr' id='par_1_78' title="bbox 561 5598 1800 5672">
     <span class='ocr_line' id='line_1_78' title="bbox 561 5598 1800 5672; baseline -0.003 -14"><span class='ocrx_word' id='word_1_453' title='bbox 561 5603 580 5625; x_wconf 81' lang='grc'><strong>⁹</strong></span> <span class='ocrx_word' id='word_1_454' title='bbox 619 5601 665 5657; x_wconf 85' lang='grc' dir='ltr'><strong>Ε</strong></span> <span class='ocrx_word' id='word_1_455' title='bbox 695 5601 877 5658; x_wconf 86' lang='lat' dir='ltr'><strong>codice</strong></span> <span class='ocrx_word' id='word_1_456' title='bbox 905 5598 1239 5672; x_wconf 82' lang='lat' dir='ltr'><strong>regiol650,</strong></span> <span class='ocrx_word' id='word_1_457' title='bbox 1271 5600 1555 5672; x_wconf 67' lang='lat' dir='ltr'><strong>pag.20l,</strong></span> <span class='ocrx_word' id='word_1_458' title='bbox 1588 5598 1610 5652; x_wconf 88' lang='lat' dir='ltr'><strong>l</strong></span> <span class='ocrx_word' id='word_1_459' title='bbox 1645 5613 1800 5669; x_wconf 78' lang='lat' dir='ltr'><strong>seqq.</strong></span> 
     </span>
    </p>
   </div>
   <div class='ocr_carea' id='block_1_79' title="bbox 564 5670 1586 5744">
    <p class='ocr_par' dir='ltr' id='par_1_79' title="bbox 564 5670 1586 5744">
     <span class='ocr_line' id='line_1_79' title="bbox 564 5670 1586 5744; baseline -0.006 -15"><span class='ocrx_word' id='word_1_460' title='bbox 564 5675 650 5744; x_wconf 63' lang='lat' dir='ltr'><strong>(ll</strong></span> <span class='ocrx_word' id='word_1_461' title='bbox 674 5672 886 5744; x_wconf 54' lang='lat' dir='ltr'><strong>gerem.</strong></span> <span class='ocrx_word' id='word_1_462' title='bbox 904 5670 988 5738; x_wconf 73' lang='lat' dir='ltr'><strong>si,</strong></span> <span class='ocrx_word' id='word_1_463' title='bbox 1012 5670 1261 5744; x_wconf 83' lang='lat' dir='ltr'><strong>l9,__eum</strong></span> <span class='ocrx_word' id='word_1_464' title='bbox 1301 5671 1586 5744; x_wconf 61' lang='lat' dir='ltr'><strong>varietate.</strong></span> 
     </span>
    </p>
   </div>
   <div class='ocr_carea' id='block_1_80' title="bbox 567 5735 2070 5812">
    <p class='ocr_par' dir='ltr' id='par_1_80' title="bbox 567 5735 2070 5812">
     <span class='ocr_line' id='line_1_80' title="bbox 567 5735 2070 5812; baseline -0.004 -17"><span class='ocrx_word' id='word_1_465' title='bbox 567 5735 645 5812; x_wconf 68' lang='lat'><strong>(2&#39;)</strong></span> <span class='ocrx_word' id='word_1_466' title='bbox 673 5735 1064 5812; x_wconf 50' lang='lat' dir='ltr'><strong>liespicinti&#39;tur</strong></span> <span class='ocrx_word' id='word_1_467' title='bbox 1095 5738 1447 5812; x_wconf 72' lang='lat' dir='ltr'><strong>Hippocratis</strong></span> <span class='ocrx_word' id='word_1_468' title='bbox 1477 5739 1634 5812; x_wconf 70' lang='lat' dir='ltr'><strong>Epid.</strong></span> <span class='ocrx_word' id='word_1_469' title='bbox 1665 5754 1737 5812; x_wconf 78' lang='lat' dir='ltr'><strong>vr.</strong></span> <span class='ocrx_word' id='word_1_470' title='bbox 1765 5739 1820 5802; x_wconf 72' lang='grc'>4,</span> <span class='ocrx_word' id='word_1_471' title='bbox 1845 5735 2070 5812; x_wconf 20' lang='grc' dir='ltr'><strong>ἳθγ-ῂιείο</strong></span> 
     </span>
    </p>
   </div>
   <div class='ocr_carea' id='block_1_81' title="bbox 500 5807 2067 5880">
    <p class='ocr_par' dir='ltr' id='par_1_81' title="bbox 500 5807 2067 5880">
     <span class='ocr_line' id='line_1_81' title="bbox 500 5807 2067 5880; baseline -0.003 -18"><span class='ocrx_word' id='word_1_472' title='bbox 500 5807 670 5865; x_wconf 76' lang='lat' dir='ltr'><strong>dorus</strong></span> <span class='ocrx_word' id='word_1_473' title='bbox 689 5807 803 5866; x_wconf 54' lang='lat' dir='ltr'><strong>Pel&#39;.</strong></span> <span class='ocrx_word' id='word_1_474' title='bbox 830 5827 885 5878; x_wconf 71' lang='grc' dir='ltr'>γ,</span> <span class='ocrx_word' id='word_1_475' title='bbox 909 5809 1015 5866; x_wconf 74' lang='lat'><strong>528</strong></span> <span class='ocrx_word' id='word_1_476' title='bbox 1042 5829 1056 5867; x_wconf 91' lang='lat'><strong>:</strong></span> <span class='ocrx_word' id='word_1_477' title='bbox 1090 5807 1310 5864; x_wconf 70' lang='grc' dir='ltr'>εσθἰ“ὄτι</span> <span class='ocrx_word' id='word_1_478' title='bbox 1341 5811 1434 5864; x_wconf 75' lang='grc' dir='ltr'><strong>καὶ</strong></span> <span class='ocrx_word' id='word_1_479' title='bbox 1461 5807 1826 5880; x_wconf 68' lang='grc' dir='ltr'>Ἱπποκράτης</span> <span class='ocrx_word' id='word_1_480' title='bbox 1847 5811 1873 5861; x_wconf 87' lang='grc' dir='ltr'><strong>ό</strong></span> <span class='ocrx_word' id='word_1_481' title='bbox 1892 5807 2067 5870; x_wconf 82' lang='grc' dir='ltr'>Κὼος,</span> 
     </span>
    </p>
   </div>
   <div class='ocr_carea' id='block_1_82' title="bbox 2176 5037 3170 5116">
    <p class='ocr_par' dir='ltr' id='par_1_82' title="bbox 2176 5037 3170 5116">
     <span class='ocr_line' id='line_1_82' title="bbox 2176 5037 3170 5116; baseline -0.014 -13"><span class='ocrx_word' id='word_1_482' title='bbox 2176 5051 2291 5112; x_wconf 82' lang='grc' dir='ltr'>κὺν,</span> <span class='ocrx_word' id='word_1_483' title='bbox 2329 5047 2443 5102; x_wconf 78' lang='grc' dir='ltr'>ἀλλ’</span> <span class='ocrx_word' id='word_1_484' title='bbox 2469 5049 2502 5116; x_wconf 85' lang='grc' dir='ltr'>ἡ</span> <span class='ocrx_word' id='word_1_485' title='bbox 2531 5045 2878 5114; x_wconf 80' lang='grc' dir='ltr'>παράχρησις</span> <span class='ocrx_word' id='word_1_486' title='bbox 2902 5037 3170 5109; x_wconf 79' lang='grc' dir='ltr'>ἁμαρτία.</span> 
     </span>
    </p>
   </div>
   <div class='ocr_carea' id='block_1_83' title="bbox 2266 5126 3743 5201">
    <p class='ocr_par' dir='ltr' id='par_1_83' title="bbox 2266 5126 3743 5201">
     <span class='ocr_line' id='line_1_83' title="bbox 2266 5126 3743 5201; baseline -0.012 -9"><span class='ocrx_word' id='word_1_487' title='bbox 2266 5137 2504 5201; x_wconf 79' lang='grc' dir='ltr'>Ἀντοῦς.</span> <span class='ocrx_word' id='word_1_488' title='bbox 2535 5165 2604 5176; x_wconf 86' lang='lat'><strong>-—</strong></span> <span class='ocrx_word' id='word_1_489' title='bbox 2639 5136 2714 5187; x_wconf 87' lang='grc' dir='ltr'>Οὐ</span> <span class='ocrx_word' id='word_1_490' title='bbox 2744 5134 2822 5186; x_wconf 88' lang='grc' dir='ltr'><strong>δεῖ</strong></span> <span class='ocrx_word' id='word_1_491' title='bbox 2865 5129 3150 5200; x_wconf 73' lang='grc' dir='ltr'>φοϐεῖσθαι</span> <span class='ocrx_word' id='word_1_492' title='bbox 3177 5129 3276 5192; x_wconf 82' lang='grc' dir='ltr'><strong>τὰς</strong></span> <span class='ocrx_word' id='word_1_493' title='bbox 3304 5126 3608 5196; x_wconf 76' lang='grc' dir='ltr'>προσϐολὰς</span> <span class='ocrx_word' id='word_1_494' title='bbox 3644 5126 3743 5177; x_wconf 77' lang='grc' dir='ltr'>τῶν</span> 
     </span>
    </p>
   </div>
   <div class='ocr_carea' id='block_1_84' title="bbox 2178 5218 3741 5298">
    <p class='ocr_par' dir='ltr' id='par_1_84' title="bbox 2178 5218 3741 5298">
     <span class='ocr_line' id='line_1_84' title="bbox 2178 5218 3741 5298; baseline -0.009 -14"><span class='ocrx_word' id='word_1_495' title='bbox 2178 5231 2456 5296; x_wconf 80' lang='grc' dir='ltr'>δαιμόνων</span> <span class='ocrx_word' id='word_1_496' title='bbox 2477 5245 2491 5260; x_wconf 76' lang='grc'><strong><em>⁸</em></strong></span> <span class='ocrx_word' id='word_1_497' title='bbox 2528 5229 2715 5298; x_wconf 79' lang='grc' dir='ltr'>εὐχαῖς</span> <span class='ocrx_word' id='word_1_498' title='bbox 2747 5225 2856 5295; x_wconf 86' lang='grc' dir='ltr'>γὰρ</span> <span class='ocrx_word' id='word_1_499' title='bbox 2891 5226 2985 5277; x_wconf 74' lang='grc' dir='ltr'><strong>καὶ</strong></span> <span class='ocrx_word' id='word_1_500' title='bbox 3007 5220 3286 5293; x_wconf 84' lang='grc' dir='ltr'>νηστείαις</span> <span class='ocrx_word' id='word_1_501' title='bbox 3319 5221 3415 5273; x_wconf 76' lang='grc' dir='ltr'>καὶ</span> <span class='ocrx_word' id='word_1_502' title='bbox 3452 5221 3518 5290; x_wconf 78' lang='grc' dir='ltr'>τῇ</span> <span class='ocrx_word' id='word_1_503' title='bbox 3556 5222 3632 5280; x_wconf 77' lang='grc' dir='ltr'>εἰς</span> <span class='ocrx_word' id='word_1_504' title='bbox 3659 5218 3741 5270; x_wconf 82' lang='grc' dir='ltr'><strong>τὸν</strong></span> 
     </span>
    </p>
   </div>
   <div class='ocr_carea' id='block_1_85' title="bbox 2179 5315 3370 5395">
    <p class='ocr_par' dir='ltr' id='par_1_85' title="bbox 2179 5315 3370 5395">
     <span class='ocr_line' id='line_1_85' title="bbox 2179 5315 3370 5395; baseline -0.01 -15"><span class='ocrx_word' id='word_1_505' title='bbox 2179 5325 2383 5395; x_wconf 79' lang='grc' dir='ltr'>Κύριον</span> <span class='ocrx_word' id='word_1_506' title='bbox 2413 5323 2596 5374; x_wconf 79' lang='grc' dir='ltr'>πίστει</span> <span class='ocrx_word' id='word_1_507' title='bbox 2627 5322 2916 5374; x_wconf 83' lang='grc' dir='ltr'>πίπτουσιν</span> <span class='ocrx_word' id='word_1_508' title='bbox 2947 5316 3109 5379; x_wconf 79' lang='grc' dir='ltr'>εὐθὺς</span> <span class='ocrx_word' id='word_1_509' title='bbox 3150 5315 3370 5368; x_wconf 80' lang='grc' dir='ltr'>ἐκεῖνοι.</span> 
     </span>
    </p>
   </div>
   <div class='ocr_carea' id='block_1_86' title="bbox 2269 5400 3745 5486">
    <p class='ocr_par' dir='ltr' id='par_1_86' title="bbox 2269 5400 3745 5486">
     <span class='ocr_line' id='line_1_86' title="bbox 2269 5400 3745 5486; baseline -0.012 -18"><span class='ocrx_word' id='word_1_510' title='bbox 2269 5416 2565 5486; x_wconf 67' lang='grc' dir='ltr'>Ἄρσενίου.</span> <span class='ocrx_word' id='word_1_511' title='bbox 2617 5442 2684 5451; x_wconf 91' lang='grc'><strong><em>--</em></strong></span> <span class='ocrx_word' id='word_1_512' title='bbox 2720 5411 2780 5464; x_wconf 85' lang='grc' dir='ltr'>Ὀ</span> <span class='ocrx_word' id='word_1_513' title='bbox 2811 5409 2946 5474; x_wconf 84' lang='grc' dir='ltr'>ξύλα</span> <span class='ocrx_word' id='word_1_514' title='bbox 2982 5405 3380 5470; x_wconf 81' lang='grc' dir='ltr'>ὲπιστοιϐἀζων</span> <span class='ocrx_word' id='word_1_515' title='bbox 3425 5404 3558 5474; x_wconf 68' lang='grc' dir='ltr'>πυρὶ</span> <span class='ocrx_word' id='word_1_516' title='bbox 3609 5400 3745 5470; x_wconf 78' lang='grc' dir='ltr'>αἴρει</span> 
     </span>
    </p>
   </div>
   <div class='ocr_carea' id='block_1_87' title="bbox 2173 5582 3741 5660">
    <p class='ocr_par' dir='ltr' id='par_1_87' title="bbox 2173 5582 3741 5660">
     <span class='ocr_line' id='line_1_87' title="bbox 2173 5582 3741 5660; baseline -0.007 -16"><span class='ocrx_word' id='word_1_517' title='bbox 2173 5587 2216 5660; x_wconf 78' lang='grc' dir='ltr'>ᾧ</span> <span class='ocrx_word' id='word_1_518' title='bbox 2249 5592 2446 5653; x_wconf 71' lang='grc' dir='ltr'>πάντες</span> <span class='ocrx_word' id='word_1_519' title='bbox 2478 5591 2740 5652; x_wconf 78' lang='grc' dir='ltr'>εῖκουσιν,</span> <span class='ocrx_word' id='word_1_520' title='bbox 2769 5586 2875 5656; x_wconf 63' lang='grc' dir='ltr'>ἔφη</span> <span class='ocrx_word' id='word_1_521' title='bbox 2913 5585 3012 5654; x_wconf 78' lang='grc' dir='ltr'><strong>τὴν</strong></span> <span class='ocrx_word' id='word_1_522' title='bbox 3041 5587 3254 5653; x_wconf 84' lang='grc' dir='ltr'>ὑγίειαν</span> <span class='ocrx_word' id='word_1_523' title='bbox 3283 5582 3655 5654; x_wconf 81' lang='grc' dir='ltr'>διατηρεῖσθαι</span> <span class='ocrx_word' id='word_1_524' title='bbox 3683 5582 3741 5649; x_wconf 81' lang='grc' dir='ltr'>τῇ</span> 
     </span>
    </p>
   </div>
   <div class='ocr_carea' id='block_1_88' title="bbox 2177 5667 2395 5734">
    <p class='ocr_par' dir='ltr' id='par_1_88' title="bbox 2177 5667 2395 5734">
     <span class='ocr_line' id='line_1_88' title="bbox 2177 5667 2395 5734; baseline -0.014 -17"><span class='ocrx_word' id='word_1_525' title='bbox 2177 5667 2395 5734; x_wconf 69' lang='grc' dir='ltr'>ἀκορίῃ.</span> 
     </span>
    </p>
   </div>
   <div class='ocr_carea' id='block_1_89' title="bbox 2251 5722 3741 5804">
    <p class='ocr_par' dir='ltr' id='par_1_89' title="bbox 2251 5722 3741 5804">
     <span class='ocr_line' id='line_1_89' title="bbox 2251 5722 3741 5804; baseline -0.007 -19"><span class='ocrx_word' id='word_1_526' title='bbox 2251 5722 2672 5804; x_wconf 15' lang='grc' dir='ltr'>(έ›)”5ιιιιινῇλ11;ι</span> <span class='ocrx_word' id='word_1_527' title='bbox 2709 5729 2883 5804; x_wconf 81' lang='lat' dir='ltr'><strong>prima</strong></span> <span class='ocrx_word' id='word_1_528' title='bbox 2917 5728 3082 5781; x_wconf 88' lang='lat' dir='ltr'><strong>verba</strong></span> <span class='ocrx_word' id='word_1_529' title='bbox 3131 5728 3185 5781; x_wconf 91' lang='lat' dir='ltr'><strong>in</strong></span> <span class='ocrx_word' id='word_1_530' title='bbox 3213 5725 3378 5804; x_wconf 64' lang='grc' dir='ltr'><strong>(ΙΙ-ες.</strong></span> <span class='ocrx_word' id='word_1_531' title='bbox 3416 5723 3546 5779; x_wconf 79' lang='lat' dir='ltr'><strong>Naz.</strong></span> <span class='ocrx_word' id='word_1_532' title='bbox 3599 5722 3741 5778; x_wconf 87' lang='lat' dir='ltr'><strong>Orat.</strong></span> 
     </span>
    </p>
   </div>
   <div class='ocr_carea' id='block_1_90' title="bbox 2181 5799 3258 5874">
    <p class='ocr_par' dir='ltr' id='par_1_90' title="bbox 2181 5799 3258 5874">
     <span class='ocr_line' id='line_1_90' title="bbox 2181 5799 3258 5874; baseline -0.007 -15"><span class='ocrx_word' id='word_1_533' title='bbox 2181 5799 2319 5866; x_wconf 70' lang='lat' dir='ltr'><strong>xvii,</strong></span> <span class='ocrx_word' id='word_1_534' title='bbox 2349 5820 2470 5874; x_wconf 76' lang='lat' dir='ltr'><strong>pag.</strong></span> <span class='ocrx_word' id='word_1_535' title='bbox 2500 5802 2636 5868; x_wconf 65' lang='lat'><strong>1275;</strong></span> <span class='ocrx_word' id='word_1_536' title='bbox 2665 5801 2873 5867; x_wconf 85' lang='lat' dir='ltr'><strong>reliqua</strong></span> <span class='ocrx_word' id='word_1_537' title='bbox 2914 5814 3020 5852; x_wconf 90' lang='lat' dir='ltr'><strong>non</strong></span> <span class='ocrx_word' id='word_1_538' title='bbox 3058 5799 3258 5868; x_wconf 84' lang='lat' dir='ltr'><strong>reperi.</strong></span> 
     </span>
    </p>
   </div>
  </div>
