4032 6448
340 409 476 471 1-3εὲ

1453 406 2116 468 ᾹΡΟΡΙΙΤΗΕΘΜᾹΤΛ
2151 405 2488 467 PATRUM.

3453 395 3587 455 1386

335 523 544 590 φλόγαο
579 521 607 572 ὁ
649 520 692 571 δ’
722 518 1012 589 ἐμπιπλῶν
1060 517 1158 590 τὴν
1199 519 1442 590 γαστέρα
1486 520 1588 590 τὴν
1634 523 1910 591 πυρκαϊάν

2032 520 2277 589 :oncipit;
2327 521 2419 588 qui
2453 527 2693 571 ventrem
2746 515 2906 569 satiat
2954 510 3268 582 passionum
3312 507 3584 563 futttaccnt

334 613 443 666 τῶν
465 611 652 666 παθῶν
675 609 984 675 ὲξανάπτει.

415 702 676 774 Ἐφραίμ.
735 728 803 742 -υ
861 703 1135 772 Μέγιστον
1181 705 1344 758 καλὸν
1377 707 1410 775 ἡ
1475 706 1792 772 ἐγκράτεια.
1845 704 1909 755 'll

339 795 438 866 μὲν
459 795 765 865 ἀδδηφαγία
794 795 1080 861 καταλύει,
1106 797 1139 866 ή
1168 796 1225 849 δὲ
1260 797 1559 867 ἐγκράτεια
1611 796 1907 864 οἰκοδομεῖ.

407 971 640 1042 Παχὼμ.
667 1000 740 1013 -—
762 972 1011 1040 Μοναχός
1043 973 1193 1026 ἐστιν
1225 977 1253 1027 ό
1284 975 1392 1027 τῶν
1426 975 1628 1026 ὑλικῶν
1654 975 1746 1026 τὸν
1787 974 1907 1026 νοῦν

335 1062 709 1133 ἀποχωρίσας,
725 1063 790 1115 δι’
814 1063 1163 1133 ἐγκρατείας,
1182 1065 1276 1116 καὶ
1312 1065 1553 1134 ἀγάπης,
1569 1064 1662 1116 καὶ
1681 1080 1912 1133 προσευ-

337 1154 440 1224 χῆς
468 1154 902 1224 προσκαρτερῶν
927 1153 1004 1224 τῷ
1030 1153 1169 1224 Θεῷ.

422 1244 776 1298 Ἰωαννικίου.
826 1274 896 1283 -
942 1245 1120 1314 Κόρος
1169 1245 1475 1316 βρωμάτων
1507 1245 1763 1316 πορνείας
1809 1263 1914 1297 πα-

343 1335 468 1405 τήρ·
495 1334 674 1404 θλίψις
713 1334 770 1387 δὲ
796 1336 1005 1399 κοιλίας
1033 1337 1261 1404 ἁγνείας
1287 1336 1573 1406 πρόξενος.

409 1425 693 1479 Θεοδοσίου
728 1425 822 1478 τοῦ
874 1427 1275 1497 κοινοῦιάρχου.
1310 1455 1376 1468 —-
1410 1425 1484 1477 Τὸ
1513 1428 1738 1493 κρατεῖν
1788 1423 1908 1492 ὅλης

338 1513 594 1581 γαστρὸς,
633 1516 856 1584 κρατεῖν
884 1517 999 1567 ἐστι
1023 1515 1134 1568 τῶν
1160 1514 1373 1569 παθῶν.

411 1607 518 1659 Τοῦ
546 1608 644 1677 τῆς
681 1608 984 1678 Κλίμακος.
1019 1636 1083 1648 -
1112 1607 1336 1671 Κοιλίας
1376 1607 1454 1679 (4)
1489 1606 1646 1676 κόρος
1682 1605 1913 1677 ἐξήρανε

341 1699 527 1768 πηγάς
549 1715 564 1729 ·
592 1698 732 1769 αὕτη
762 1701 817 1753 δὲ
846 1699 1182 1770 ξηρανθείσα
1211 1699 1506 1768 ἐγέννησεν
1530 1698 1720 1752 ὕδατα.

426 1788 698 1860 Ἰσιδὼρου
720 1790 813 1843 τοῦ
851 1790 1254 1859 Πηλουσιώτου.
1285 1819 1355 1831 -
1383 1791 1628 1860 Μοναχὲ,
1662 1790 1737 1861 μὴ
1774 1793 1913 1862 πέσῃ

2013 611 2273 666 incendit.

2083 702 2340 771 Ephrem.
2374 729 2444 741 ——
2471 699 2767 753 Maximum
2823 700 3024 750 bonmn
3077 703 3162 750 est
3206 696 3584 764 temperantia.

2011 790 2429 860 intemperantia
2484 788 2702 857 quidem
2750 789 2996 843 ciborum
3063 786 3328 850 dissolvit,
3386 797 3592 855 tempe-

2013 882 2188 935 rantia
2219 891 2403 936 autem
2433 879 2687 935 aediﬁcat.

2084 973 2344 1027 Pacomii.
2379 1003 2448 1012 -—
2506 970 2804 1026 Monachus
2846 982 2930 1025 est
2988 971 3078 1039 qui
3126 986 3154 1024 a
3213 970 3592 1025 matcrialibus

2015 1073 2192 1119 mente
2219 1080 2279 1119 se
2311 1064 2521 1128 eximit,
2558 1078 2653 1132 per
2701 1066 3113 1131 temperantiam
3161 1073 3215 1118 et
3243 1064 3590 1118 dilectionem

2011 1164 2064 1208 et
2092 1155 2394 1209 orationem
2431 1169 2788 1224 perseverans
2823 1155 2875 1207 in
2911 1155 3036 1206 Duo.

2081 1243 2373 1298 Joannicii.
2406 1272 2475 1284 —~
2499 1244 2731 1300 Satietas
2748 1245 2993 1299 ciborum
3014 1245 3394 1300 fornicationis
3417 1253 3589 1314 pater,

2016 1335 2225 1389 ventris
2248 1345 2428 1388 autem
2471 1337 2807 1405 compressio
2841 1340 3132 1405 puritatem
3165 1348 3407 1407 prastat.

2083 1425 2374 1480 Theodosii
2399 1427 2793 1481 coenobiarcbi.
2818 1459 2879 1469 —-
2901 1426 3127 1483 Vincere
3156 1438 3327 1483 totum
3350 1438 3590 1485 ventrem

2012 1527 2096 1573 est
2126 1517 2344 1571 vincere
2371 1518 2676 1586 passiones.

2082 1605 2309 1662 Joannis
2327 1607 2649 1662 Climaci.—
2666 1607 2880 1663 Ventris
2908 1610 3132 1664 satietas
3153 1610 3376 1666 siccavit
3394 1612 3592 1677 fontes;

2016 1709 2200 1753 venter
2225 1711 2406 1754 autem
2435 1699 2672 1755 siccatus
2699 1701 2959 1771 produxit
2992 1717 3183 1771 aquas.

2088 1790 2281 1846 lsidori
2310 1789 2699 1847 Pelusiotaa.—
2718 1791 3002 1857 Monachc,
3032 1810 3097 1849 nc
3124 1796 3282 1849 cadat
3309 1795 3361 1849 in
3387 1805 3439 1850 te
3457 1796 3597 1867 ignis

343 1881 456 1952 πῦρ
473 1881 564 1935 ἐπὶ
597 1882 655 1934 σὲ
684 1881 745 1934 τὸ
769 1885 831 1935 ὲκ
861 1881 962 1951 τῆς
989 1882 1204 1953 τρυφῆς
1221 1899 1236 1913 ο
1260 1885 1355 1936 καὶ
1387 1883 1489 1936 οὐκ
1511 1883 1630 1952 ὄψει
1650 1884 1740 1935 τὸν
1762 1883 1914 1952 ἥλιον

2032 1881 2107 1950 lui
2141 1889 2226 1935 est
2253 1897 2283 1936 e
2313 1882 2620 1951 voluptate:
2651 1892 2704 1938 et
2734 1899 2839 1940 non
2873 1885 3082 1940 videbis
3114 1889 3282 1942 solem
3321 1888 3468 1944 hunc
3505 1890 3597 1960 ju-

341 1972 434 2024 τὸν
463 1972 564 2040 τῆς
603 1972 949 2043 δικαιοσύνης
975 1973 1064 2026 τὸν
1095 1973 1306 2027 ἄδυτον.

415 2063 688 2134 Μαξίμου.
724 2093 791 2105 --
835 2064 1099 2135 Νηστεία,
1136 2066 1230 2118 καὶ
1269 2066 1568 2136 ἀγρυπνία,
1603 2068 1696 2120 καὶ
1744 2085 1912 2139 προσ-

339 2154 498 2224 ευχὴ.
535 2157 628 2207 καὶ
659 2155 962 2224 μετάδοσις.
990 2155 1149 2224 φύσει
1173 2157 1348 2209 καλά’
1401 2157 1519 2210 ἀλλ’
1548 2160 1642 2210 ἐὰν
1675 2158 1764 2210 διὰ
1821 2176 1914 2210 κε-

341 2245 582 2308 νοδοξίας
613 2248 892 2312 γίνωνται,
923 2246 984 2298 οὐ
1008 2247 1168 2300 xum.

428 2333 670 2387 Ἰωάννου
724 2333 818 2386 τοῦ
857 2334 1244 2404 Δαμασκηνοῦ.
1303 2361 1373 2372 —
1428 2335 1640 2402 ’Ὠσπερ
1689 2334 1917 2404 ὑϐριστῇ

2018 1973 2178 2027 stitia:
2197 1973 2560 2030 inaccessum.

2091 2061 2328 2117 Maximi.
2360 2094 2429 2104 —-
2449 2064 2746 2135 Jejuninm,
2776 2068 2984 2136 vigilia,
3003 2070 3201 2133 oratio,
3221 2071 3592 2143 eleemosyna,

2020 2161 2216 2204 natura
2241 2162 2366 2205 Sunt
2389 2151 2566 2220 bona;
2594 2157 2710 2217 sed,
2741 2157 2788 2210 si
2825 2158 2895 2210 ob
2919 2173 3112 2210 vanam
3173 2161 3398 2230 gloriam
3444 2165 3593 2222 liant,

2019 2255 2126 2293 non
2147 2253 2275 2294 sunt
2309 2244 2468 2296 bona.

2086 2330 2314 2385 Joannis
2335 2331 2752 2389 Damasceni.—-
2775 2336 2926 2391 Sicut
2949 2339 3336 2409 viulcntuequo
3359 2339 3592 2406 frenum,

342 2426 510 2497 πώλῳ
532 2425 777 2496 χαλινὸν,
830 2424 1219 2494 ὲπενὲγκωμεν
1263 2428 1326 2495 τῇ
1387 2428 1551 2494 σαρκὶ
1577 2427 1675 2496 τὴν
1714 2426 1919 2493 ἐγκρά-

2032 2423 2094 2474 ita
2117 2422 2269 2475 carni
2307 2423 2654 2492 imponamus
2688 2432 3122 2496 temperantiam.

341 2533 404 2570 τε
413 2532 516 2569 ιαν.

417 2604 635 2659 Νείλου.
657 2633 726 2645 -—-
746 2603 858 2656 Οὐκ
881 2603 1029 2658 ἐστιν
1053 2604 1366 2676 ἀμαρτίατδ
1389 2604 1523 2675 πρὸς
1546 2604 1720 2675 βραχὺ
1751 2620 1920 2675 προσ-

345 2696 524 2750 ελθεῖν
551 2697 621 2766 τῇ
651 2695 771 2748 καθ’
803 2695 1015 2767 ἡμέραν
1044 2698 1222 2767 τροφῇ
1248 2698 1390 2750 κατὰ
1438 2697 1659 2766 καιρόνο
1693 2694 1800 2766 χρὴ
1841 2694 1920 2758 δὲ,

351 2787 493 2858 μετὰ
516 2785 616 2857 τὴν
636 2786 826 2857 χρείαν
855 2785 947 2838 τοῦ
982 2784 1255 2856 σώματος,
1293 2787 1372 2850 είς
1404 2787 1632 2855 οὐρανὸν
1664 2787 1922 2854 ἀναπέμο

348 2895 420 2932 στε
428 2896 476 2932 ιν
505 2879 563 2930 τὸ
590 2876 864 2946 φρόνημα.

422 2966 528 3020 Τοῦ
568 2966 873 3021 Στουδίτου.
907 2994 975 3006 —
1004 2966 1114 3036 Τὴν
1157 2967 1434 3037 νηστείαν,
1463 2965 1539 3030 ὡς
1575 2967 1792 3036 φύλακα
1823 2967 1926 3036 ἀγ-

2092 2597 2220 2653 Nili.
2251 2630 2321 2639 —-
2347 2598 2462 2654 Non
2503 2611 2587 2656 est
2610 2613 2899 2671 peccatum
2927 2603 3163 2658 breviter
3198 2621 3390 2662 varare
3412 2611 3597 2677 quoti-

2027 2691 2193 2745 diano
2221 2691 2349 2746 cibo
2386 2693 2686 2747 secundum
2718 2704 2965 2762 tempus:
2998 2707 3212 2764 oportet
3240 2711 3442 2762 autem,
3477 2713 3600 2769 pust

2029 2783 2271 2851 corporis
2302 2781 2678 2848 refcctionen't,
2710 2786 2762 2838 in
2793 2787 2992 2840 coelum
3013 2797 3247 2842 mentem
3280 2790 3597 2847 immittere.

2103 2963 2354 3019 Studitaa.
2383 2985 2449 3002 -υ
2473 2961 2776 3034 Jejunium,
2822 2975 2882 3021 ut
2921 2969 3206 3022 custodem
3245 2970 3499 3039 puritatis
3549 2983 3605 3026 et

345 3059 498 3123 νείας
538 3061 632 3113 καὶ
676 3058 886 3131 μητέρα
918 3058 1192 3123 ἀπαθείας
1228 3061 1519 3130 τιμῶντες,
1561 3060 1804 3128 ἀδελφοὶ,
1862 3063 1927 3113 ἐκ

2032 3064 2259 3110 matrem
2294 3056 2616 3125 passionum
2659 3059 2856 3126 quietis
2885 3060 3235 3128 honorantes,
3281 3061 3498 3131 fratres,
3534 3081 3602 3120 ex

345 3152 519 3206 πόθου
542 3150 938 3221 ἀσπασῶμεθα.

433 3240 653 3309 Ἰωσήφ.
683 3270 748 3280 --
777 3238 1018 3310 Νηστεία
1042 3238 1258 3310 καθαρὰ
1274 3237 1604 3309 μακρυσμὸς
1625 3238 1922 3310 ἁμαρτίας,

349 3330 712 3401 ἀλλοτρίωσις
757 3330 968 3399 παθῶν,
1022 3331 1213 3400 ἀγάπη
1257 3328 1395 3397 πρὸς
1431 3328 1585 3392 Θεὸν,
1617 3329 1926 3399 προσευχῆς

345 3425 663 3494 ἐπιμέλεια.

424 3515 749 3584 Θεοφάνους.
783 3542 850 3557 -—
889 3513 950 3568 '0
975 3510 1348 3582 ὕπωπιασμὺς
1395 3509 1490 3565 τοῦ
1534 3511 1788 3582 σώματος
1832 3512 1927 3566 καὶ

347 3607 387 3678 ἡ
416 3606 757 3676 δουλαγωγία
819 3606 909 3659 ὑπ’
942 3603 1155 3666 οὐδενὸς
1207 3603 1370 3659 ἄλλου
1398 3601 1670 3666 τοσοῦτον,
1701 3605 1776 3668 ὡς
1819 3605 1924 3658 ὑπὸ

348 3699 456 3769 τῆς
487 3696 842 3768 ἐγκρατείας,
871 3695 1288 3766 κατορθοῦνται.

426 3787 536 3841 Τοῦ
586 3785 862 3858 Γραπτοῦ.
913 3815 985 3827 --
1027 3784 1360 3854 Ἐγκράτεια
1426 3783 1574 3835 ἐστὶν
1625 3784 1928 3854 ὲμπαθείας

350 3877 661 3949 ἀναίρεσις,
703 3875 896 3930 παθῶν
941 3873 1324 3944 ἁλλοτρίωσις,
1362 3873 1510 3943 ζωῆς
1554 3877 1930 3945 πνευματικῆς

353 3970 524 4040 ἀρχῆς

428 4059 717 4115 Νικολάου.
747 4090 821 4101 -
846 4058 938 4128 Μὴ
959 4060 1171 4126 άπατῶ,
1207 4062 1426 4133 μοναχὲ,
1451 4064 1532 4116 ὅτι
1555 4062 1635 4116 ἔνι
1664 4060 1930 4132 σωθῆναι,

354 4154 519 4224 ἡδονῇ
557 4152 650 4204 καὶ
673 4151 951 4218 κενοδοξία
979 4150 1320 4207 δουλεῦοντα.

428 4241 732 4312 Γρηγορίου
787 4241 882 4294 τοῦ
928 4241 1375 4312 Θαυματουργοῦ.
1428 4244 1789 4315 -Νηστεία,
1840 4245 1934 4297 καὶ

362 4332 668 4404 ἀγρυπνία,
699 4333 794 4386 καὶ
826 4333 1014 4397 κόπος,
1045 4334 1147 4384 οὐκ
1170 4333 1334 4387 ἐῶσιν
1364 4334 1551 4402 αὒξειν
1596 4337 1696 4407 τὴν
1741 4336 1934 4389 ὲπιθυ-

356 4443 510 4497 μιαν.

1950 3184 1996 3240 C
2027 3163 2216 3202 amore
2245 3149 2662 3216 amplectamur.

2097 3237 2339 3306 Josephi.
2375 3271 2445 3282 —
2467 3239 2744 3311 ieiunium
2769 3260 2964 3314 parum
2986 3247 3190 3316 peccati
3221 3251 3446 3315 amatio,
3480 3266 3605 3321 pas-

2029 3333 2248 3388 sionum
2288 3334 2566 3398 exsilium,
2615 3335 2834 3390 dilectio
2879 3338 2932 3391 in
2971 3338 3166 3405 Deum,
3209 3343 3474 3398 orationis
3520 3355 3603 3396 at-

2031 3427 2221 3480 lentio.

2104 3517 2472 3588 TheOphauis.
2509 3547 2578 3557 —-
2605 3517 2949 3577 Mortiﬁcati-o
2975 3524 3223 3591 corporis
3253 3535 3309 3579 et
3338 3528 3508 3598 subici
3529 3530 3606 3583 tio

2034 3626 2126 3678 per
2147 3611 2280 3664 nihil
2311 3610 2457 3664 aliud
2483 3620 2714 3676 tantum,
2736 3623 3003 3682 quantum
3038 3629 3132 3684 per
3165 3621 3604 3686 temperantiam,

2035 3713 2420 3771 procurantur.

2107 3793 2392 3862 Grapti.-—
2441 3792 2827 3864 Temperantia
2886 3806 2970 3852 est
3017 3799 3346 3854 turbationis
3379 3803 3607 3865 ablatio,

2035 3881 2352 3951 passionum
2393 3884 2668 3952 exsilium,
2707 3885 2832 3940 vitae
2863 3889 3160 3956 spiritualis
3187 3892 3537 3962 principium.

2107 4059 2340 4116 Nicolai.
2368 4059 2536 4116 —Ne
2577 4062 2893 4133 decipiaris,
2932 4070 3217 4133 monacho,
3265 4073 3406 4136 quod
3445 4074 3613 4140 possit

2036 4153 2236 4206 salvari
2267 4153 2359 4222 qui
2387 4153 2651 4223 voluptati
2691 4165 2745 4209 et
2781 4171 2930 4210 vanae
2953 4159 3141 4226 gloriae
3165 4163 3354 4214 servit.

2107 4243 2782 4318 Gregorii'l‘haumaturgi.
2807 4277 2876 4288 —
2903 4247 3204 4320 Ieiunium,
3223 4254 3428 4323 vigilia,
3459 4255 3611 4311 labar

2037 4351 2146 4390 non
2180 4335 2368 4392 sinunt
2391 4350 2639 4392 crescere
2675 4341 3198 4406 concupiscentiam.

430 4513 733 4586 Γνωμικόν.
769 4543 840 4554 -—-
868 4514 1032 4586 Ψυχὴ
1072 4514 1182 4586 γὰρ
1215 4515 1302 4568 ἀεὶ
1346 4516 1704 4588 ἀνθρωπίνων
1764 4518 1927 4586 αἱμά-

2109 4511 2455 4567 Gnomicum.
2477 4541 2545 4552 —
2574 4512 2723 4567 Mens
2749 4515 2895 4568 enim
2927 4531 3142 4586 semper
3158 4519 3453 4575 humanum
3485 4539 3611 4578 san-

356 4625 468 4662 των
495 4605 732 4676 διψῶσα,
758 4607 873 4668 τοῖς
925 4607 1034 4660 τῶν
1061 4607 1477 4677 προτεθυμένων
1511 4610 1571 4662 οὐ
1612 4609 1930 4680 κορὲννυται

355 4697 671 4769 πτώμασιν.

430 4790 737 4860 Γνωμικόν.
770 4820 842 4833 --
881 4793 1099 4862 Πέφυκε
1148 4793 1259 4864 γὰρ
1322 4793 1384 4847 τὸ
1436 4792 1782 4864 ἀνθρώπινον
1835 4793 1933 4863 οὐχ

354 4877 504 4933 οὕτω
530 4879 651 4942 ταῖς
679 4881 1079 4952 παρελθούσαις
1101 4882 1391 4954 τιμωρίαις
1414 4882 1826 4949 ἁσφαλξζεσθαι,
1860 4881 1935 4944 ὡς

356 4972 480 5032 ταῖς
507 4971 816 5041 ὁρωμέναις
846 4973 1299 5043 σωφρονίζεσθαι,
1335 4976 1430 5027 καί⁵
1459 4974 1569 5026 τῶν
1612 4973 1938 5043 φθασάντων

359 5061 598 5132 ὑπάρχει
647 5062 942 5132 βεϐαίωσις
996 5065 1170 5134 ἡτῶν
1201 5066 1510 5135 ἑστηκότων
1560 5064 1938 5134 συμφώνησις.

431 5153 741 5223 Γνωμικόν.
773 5183 844 5193 -
873 5150 1028 5208 Οἶδεν
1051 5155 1247 5224 ἀνδρὸς
1288 5157 1491 5227 ἀρετὴν
1543 5157 1808 5211 αἰδεῖσθαι
1845 5155 1939 5208 καὶ

359 5242 642 5314 πολέμιος.

445 5333 792 5389 ’ΛΘανασίου.
821 5365 890 5375 -—
921 5335 1035 5390 Οὐκ
1068 5335 1220 5389 ἔστιν
1245 5339 1278 5408 ἠ
1307 5338 1616 5408 πρόγνωσις
1664 5339 1814 5391 αἰτία
1842 5337 1936 5391 τοῦ

361 5426 651 5498 μέλλοντος
693 5428 937 5496 ἔσεσθαι,
983 5431 1126 5485 ἀλλὰ
1171 5431 1233 5484 τὸ
1285 5430 1476 5502 μέλλον
1517 5430 1737 5485 ἔσεσθαι
1765 5431 1938 5484 αἴτιόν

357 5521 478 5572 ἐστι
499 5520 601 5588 τῆς
627 5522 994 5591 προγνώσεως
1017 5538 1031 5553 ·
1063 5523 1123 5576 οὐ
1148 5523 1258 5595 γὰρ
1284 5527 1348 5595 τῇ
1389 5522 1699 5594 προγνώσει
1743 5523 1938 5576 ἕπεται

356 5611 422 5668 τὸ
458 5611 674 5684 μέλλον,
706 5613 842 5668 ἀλλὰ
869 5613 948 5685 τῷ
991 5615 1242 5686 μέλλοντι
1291 5617 1482 5671 ἕπεται
1529 5618 1562 5686 ἡ
1606 5616 1936 5685 πρόγνωσις.

437 5789 515 5861 (ι)
543 5787 741 5846 Joann.
779 5789 943 5846 Clim.
969 5806 1026 5861 p.
1065 5791 1194 5846 205.

685 5888 952 5949 PATROL.
995 5889 1111 5950 Gn.
1143 5887 1300 5950 CVI.

2042 4603 2260 4673 guinem
2318 4603 2510 4659 sitiens
2546 4605 2846 4672 primarum
2894 4609 3242 4665 victimarum
3283 4603 3616 4670 immolatio-

2041 4695 2203 4751 nibus
2234 4711 2343 4751 non
2373 4697 2625 4751 satiatur.

2113 4786 2780 4844 Gnomicum.-—Natura
2828 4791 3125 4847 humanum
3161 4804 3242 4848 est
3269 4811 3375 4848 non
3411 4804 3616 4851 tantum

2044 4877 2336 4949 praeteritis
2362 4878 2540 4946 pomis
2569 4882 2907 4949 praemuniri,
2954 4892 3218 4953 quantum
3259 4889 3618 4954 prasentibns

2043 4971 2431 5041 sapientiorem
2458 4973 2596 5036 lteri,
2636 4981 2690 5026 et
2725 4974 3124 5042 prteteritorum
3156 4976 3502 5031 conﬁrmatio
3534 4989 3618 5032 est

2041 5063 2394 5132 praesentium
2421 5071 2742 5117 concentus.

2113 5151 2462 5206 Gnomicutn.
2500 5180 2568 5193 --
2595 5149 2756 5204 Novit
2803 5151 2904 5205 viri
2956 5152 3212 5206 virtutem
3245 5155 3482 5206 revereri
3534 5155 3618 5208 vrl

2043 5241 2320 5297 inimicus.

2115 5333 2422 5388 Athanasii.
2441 5363 2510 5374 —
2532 5332 2650 5388 Non
2679 5345 2764 5390 est
2783 5335 3121 5404 prasscientia
3139 5351 3304 5390 causa
3327 5337 3444 5406 ejus
3472 5339 3617 5406 quod

2044 5424 2288 5480 futurum
2318 5435 2421 5491 est,
2460 5428 2553 5480 sed
2585 5427 2731 5496 quod
2775 5427 3018 5482 futurum
3051 5436 3134 5483 est
3161 5444 3326 5483 causa
3366 5439 3451 5484 est
3483 5446 3622 5500 pric-

2044 5517 2322 5585 scientiae;
2351 5533 2458 5572 non
2484 5519 2630 5575 enim
2655 5520 3052 5589 praeseicntiam
3081 5522 3327 5591 sequitur
3350 5520 3619 5586 futurum,

2046 5608 2139 5667 sed
2162 5607 2668 5683 futurumsequitur
2683 5609 3043 5682 pmscientia.
3063 5608 3288 5672 Minime
3313 5612 3477 5683 igitur
3494 5628 3626 5680 prur-

3101 5887 3176 5946 Mt
