4078 6454
508 377 582 452 sit
1837 354 1999 426 vim
2036 362 2094 423 s.
2135 355 2440 426 DIONYSiI
3715 361 3784 421 δα

491 450 665 552 "item
695 495 752 548 et
771 485 971 557 Ellam,
1007 494 1132 546 cum
1160 482 1490 543 audierimus
1531 481 1644 548 illa,
1673 493 1794 553 quae
1815 453 2114 551 placebant
2128 483 2182 546 Α
2206 471 2364 546 num,
2414 459 2478 534 ut
2511 475 2636 552 igne
2664 475 2874 535 ccclesti
2903 477 3064 535 ambo
3093 477 3252 535 simul
3280 479 3786 538 immisericorditer

487 579 962 656 ὀάεαεεριεδεωάι-
989 579 1228 652 benigno
1257 565 1398 632 διέθει
1431 576 1488 629 ἀ·
1513 570 1798 644 discipulis
1839 568 1976 642 dus,
2006 571 2125 641 qui.
2205 571 2523 628 amitterent
2572 570 2766 627 vitam.
2806 569 2960 638 Quod
3006 587 3130 627 cum
3182 571 3430 636 dixisset,
3485 573 3670 634 statim
3699 581 3786 630 est

512 677 664 735 tuere
685 673 768 732 'iiil
802 671 988 732 cat-itis
1023 669 1448 730 enumeratione
1487 662 1798 738 "participes
1830 663 2099 720 mansueti
2187 671 2388 737 raptus
2409 665 2465 720 in
2489 664 2708 735 spiritu,
2738 671 2798 720 et
2813 663 2993 722 visum
3025 661 3128 720 sibi
3171 661 3340 722 fuisse
3372 663 3530 732 dixit,
3583 666 3785 722 vidisse

489 763 566 828 ‘bl
583 758 990 842 innigni'tpsius'
1009 765 1248 837 spiritus.
1267 761 1484 818 Docere
1503 760 1670 828 enim,
1699 769 1808 814 non
1821 754 2094 826 cruciare,

511 855 735 934 oportet
759 857 1090 932 ignaranies,
1137 855 1284 910 iiicut
1301 861 1363 909 'et
1397 856 1598 908 ’δέδωκ’
1631 851 1740 908 non
1767 845 2096 916 cruciamus,

512 943 606 1010 sc'd
647 959 812 1008 manu
829 949 1108 1007 ducimus.-
1136 946 1419 1018 benignus
1439 946 1678 1016 namque
1709 945 1987 1000 errantem
2013 942 2100 998 in-

509 1032 1189 1124 qiiirit;'et"reiugientedi
1215 1027 1588 1108 vocanbtque
1608 1038 1701 1094 vix
1729 1035 2014 1093 triremium
2041 1035 2100 1092 in

509 1118 930 1196 iiimer'is'ioiiit.
948 1129 1063 1204 ‘Qui
1091 1140 1150 1192 ei
1175 1127 1573 1204 refugientibus
1609 1127 2097 1202 cupide’jtmgttur,

509 1225 563 1290 c't
609 1221 1479 1303 ndn‘dedignatui‘“deuigiiari'a
1528 1214 2008 1308 serejicientibns,
2043 1229 2101 1278 et

485 1311 630 1384 'siii‘c
655 1321 819 1382 causa
867 1312 1230 1401 provocantes
1262 1323 1326 1378 se
1369 1319 1588 1401 tulerat,
1620 1311 1818 1392 et'ipse
1847 1319 2096 1375 ‘excusat.

491 1407 620 1472 iiiis
663 1395 939 1489 promittit
983 1395 1188 1471 mederi
1248 1395 1392 1480 eos",
1437 1411 1499 1468 et
1539 1409 2100 1483 appropinquantibus

506 1490 608 1564 sibi
633 1501 990 1580 praeculti-rit
1009 1501 1065 1562 et
1083 1489 1286 1571 obviat,
1313 1510 1369 1559 et
1385 1499 1536 1558 totus
1557 1495 1706 1558 "totos
1734 1500 2100 1573 complectens

505 1588 898 1664 iiuoscuiaiur,
951 1592 1006 1652 et
1059 1595 1176 1652 uoir‘
1226 1589 1595 1652 accusarunt
1646 1595 1978 1666 im‘piop’ei‘a!
2023 1590 2104 1649 eis

503 1670 692 1761 priora
715 1694 903 1748 eorum
924 1697 941 1758 ς
967 1683 1062 1747 sed
1085 1685 1266 1762 diligit
1291 1677 1601 1762 pitesentia,
1633 1693 1688 1744 ει
1729 1688 1874 1746 diem
1902 1688 2101 1744 festdm

503 1779 652 1852 agit,‘
681 1773 737 1836 cl
776 1779 1039 1838 convocat
1065 1767 1303 1848 aulicos,
1351 1777 1616 1852 benignos
1645 1777 1895 1836 videlicet
1933 1783 2103 1849 ange-

2185 769 2262 812 »εδ
2287 761 2510 826 repente
2559 753 2803 822 domum,
2829 755 2888 812 in
2915 769 3022 830 qua
3069 754 3271 821 stabat,
3305 771 3650 824 concussam,
3671 765 3727 812 et
3756 774 3787 812 a

2157 876 2164 887 -
2197 845 2440 904 culmine
2461 861 2561 918 per
2586 845 2827 904 medium
2853 847 2909 903 in
2946 849 3082 904 duas
3113 856 3300 919 partes
3347 847 3598 920 divisam,
3629 857 3686 903 et
3711 849 3788 904 ita

2165 951 2260 993 -se
2319 938 2420 995 sub
2482 937 2572 994 dio
2629 938 2976 1003 remansisse.
3030 936 3330 1005 Quemdam
3383 939 3549 1004 etiam
3590 955 3786 1011 rogum

2200 1033 2370 1090 multo
2393 1033 2518 1102 igne
2537 1031 2930 1097 ﬂammantem,
2951 1045 3124 1108 usque
3149 1029 3218 1088 ad
3259 1033 3436 1104 ipsum
3455 1031 3790 1096 descenden-

2199 1132 2347 1190 tem;
2377 1121 2580 1178 coelum
2621 1129 2803 1178 autem
2862 1121 3040 1202 ipsum
3069 1128 3245 1180 totum
3266 1135 3583 1190 accensum,
3623 1129 3788 1196 atque

2199 1213 2258 1270 in“
2285 1219 2444 1286 parte
2465 1211 2725 1291 Australi,
2755 1207 2942 1272 Iesum
2974 1213 3269 1286 benignum
3295 1213 3353 1272 in
3374 1210 3572 1274 tbroao
3597 1212 3788 1279 seden-

2203 1314 2348 1392 tem,
2383 1313 2440 1366 et
2477 1311 2744 1364 astantem
2765 1307 2816 1364 ei
2851 1308 2909 1362 in
2953 1307 3234 1364 hominum
3261 1301 3545 1392 speciebus
3589 1302 3789 1374 inanti.

2187 1389 2454 1453 .mabiiem
2483 1395 2801 1472 angelorum
2820 1405 3126 1456 numerum.
3151 1389 3502 1458 Hzee‘videns
3527 1399 3786 1472 desuper.

2200 1487 2256 1544 et
2285 1489 2562 1549 admirans
2587 1490 2818 1566 Carpus,
2874 1505 2998 1548 cum
3049 1507 3110 1550 se
3147 1485 3466 1558 inclinasset
3509 1491 3785 1562 deorsum,

2200 1581 2336 1638 vidit
2370 1589 2573 1638 terram
2603 1581 2852 1640 horribili
2877 1581 3029 1640 hiatu
3064 1593 3330 1660 apertam,
3353 1593 3411 1642 et
3440 1585 3787 1650 tenebrosum

2199 1673 2522 1730 barathrum
2557 1673 2796 1744 hiscens,
2827 1683 2884 1731 et
2909 1671 3130 1735 eosdem
3177 1675 3326 1738 viros
3354 1675 3421 1735 de
3450 1674 3646 1751 quibus
3670 1683 3791 1742 ten-

2178 1764 2446 1834 'tabatur,
2473 1773 2602 1824 ante
2627 1783 2689 1822 se
2719 1767 2775 1823 in
2822 1767 3068 1840 margine
3107 1765 3316 1829 lubrico
3360 1767 3793 1829 tenebrosissiuii

502 1869 606 1938 los,
643 1876 716 1927 ut‘
729 1871 806 1928 sit
833 1862 1073 1929 omnium
1104 1870 1490 1930 demittentium
1533 1869 1820 1928 habitatio.
1861 1867 2100 1938 Quicun-
2127 1865 2178 1930 B
2203 1857 2470 1926 barathri,
2503 1865 2649 1915 stare
2670 1867 2966 1922 trementes
3003 1868 3060 1919 et
3087 1860 3320 1922 miseros
3337 1859 3522 1928 nimia.
3547 1859 3793 1926 nondum

504 1975 612 2032 que
655 1951 825 2035 igitur
873 1958 1060 2034 liticine
1112 1970 1272 2035 agere
1321 1963 1417 2019 alit
1445 1960 1767 2022 benefacere
1807 1960 2114 2034 incipiunt,!

503 2053 624 2134 illos
649 2054 872 2128 spiritus
893 2055 1233 2130 benignitate
1255 2055 1347 2112 aut
1376 2055 1583 2112 malitia
1614 2054 1845 2122 sociant,
1869 2055 2100 2125 quorum

505 2145 840 2202 voluntatem
867 2137 1051 2204 facere
1087 2149 1366 2204 inchoant.
1408 2147 1477 2212 Et
1501 2145 1558 2202 bi
1581 2145 1801 2218 quidem
1835 2145 2100 2217 benigno-

504 2239 628 2291 rum“
649 2223 1238 2308 angelorum'discipuii
1270 2255 1335 2294 ac
1366 2231 1616 2305 cemites,
1649 2237 1716 2292 a‘d
1738 2249 1955 2308 semper
1979 2235 2098 2292 exi-

505 2329 654 2382 stc'ns
680 2323 964 2398 specillum
985 2323 1182 2385 beatas
1233 2333 1359 2384 suas
1387 2329 1638 2400 delegant
1671 2329 2098 2395 terminationes,

501 2419 590 2475 ubi
617 2422 832 2491 semper
871 2415 998 2477 cum
1024 2420 1135 2478 Deo
1165 2419 1328 2478 ei‘iint
1357 2442 1368 2476 :
1401 2423 1546 2492 quod
1590 2419 1674 2478 est
1699 2419 1964 2478 bonorum
1984 2439 2103 2477 om-

501 2511 650 2569 iiimii
681 2514 1012 2570 maximum:
1038 2513 1127 2571 isti
1163 2525 1344 2572 autem
1376 2522 1432 2572 et
1465 2516 1557 2572 hic
1581 2509 1837 2572 decidciit
1865 2533 1895 2570 a
1921 2516 2102 2572 divina

505 2603 666 2662 simul
695 2615 750 2661 et
775 2603 1049 2678 pei'pét‘ua‘
1083 2611 1237 2678 pace,
1269 2613 1324 2662 et
1359 2613 1484 2682 post
1507 2611 1747 2663 martem
1771 2611 1894 2662 cu'm
1917 2603 2102 2660 dome-

504 2695 658 2753 sticis
705 2695 819 2752 suis
859 2698 1194 2754 daemonibtts
1224 2703 1406 2754 erunt.
1457 2695 1573 2753 Nan
1609 2711 1739 2772 ergo
1765 2705 1977 2768 oportet
2003 2713 2103 2752 nos

474 2787 490 2794 “
503 2787 674 2842 multa
695 2781 1044 2844 festinatione
1063 2797 1186 2844 cum
1203 2780 1313 2844 Deo
1333 2789 1567 2861 benigno
1589 2796 1690 2860 per
1707 2787 1930 2844 multam
1953 2788 2102 2843 beni-

504 2879 767 2950 gnitatem
807 2880 860 2935 et
890 2875 1319 2937 misericordiam
1353 2880 1490 2947 ﬁeri,
1539 2885 1592 2935 ct
1617 2893 1834 2950 semper
1855 2886 2096 2947 manere,

502 2969 625 3028 cum
661 2987 725 3030 eo
758 2968 814 3029 ei
843 2973 1116 3047 segregari
1143 2975 1210 3030 de'
1239 2972 1393 3031 malis
1441 2975 1919 3048 injustiiicantibus
1967 2977 2103 3032 nos?

2205 1957 2386 2008 tamen
2416 1947 2658 2024 deiectos
2684 1950 2754 2007 ab
2790 1949 3146 2008 instabilitate
3191 1951 3569 2014 lubricationis
3601 1951 3660 2013 in
3684 1965 3796 2024 qua

2199 2043 2522 2101 vacillantes
2570 2043 2998 2103 collabebantur.
3050 2046 3130 2102 De
3175 2048 3432 2114 deorsum
3464 2061 3598 2109 vero
3640 2048 3796 2110 bara-

2203 2133 2338 2202 thri,
2366 2136 2504 2191 vidit
2531 2147 2814 2208 serpentes
2851 2133 3140 2196 horribiles
3189 2154 3402 2216 repere,
3437 2146 3494 2197 et
3525 2139 3677 2196 circa
3703 2153 3796 2216 pe-

2201 2231 2300 2288 des
2314 2245 2505 2287 corum
2519 2247 2580 2288 se
2603 2231 2896 2305 subjicere,
2917 2235 3082 2315 atque
3103 2233 3377 2295 interdum
3405 2229 3527 2300 illos
3550 2233 3796 2300 trahere,

2203 2321 2544 2379 involventes
2571 2337 2629 2379 se
2654 2324 2751 2389 eis,
2783 2323 2947 2382 simul
2969 2332 3025 2384 et
3051 2325 3362 2389 cruciantes
3387 2340 3502 2385 eos.
3527 2325 3797 2400 Aliquan-

2199 2415 2276 2473 do
2329 2417 2496 2472 etiam
2544 2418 2796 2474 dentibus
2847 2419 3160 2488 trahebant,
3211 2425 3266 2481 et
3313 2419 3590 2483 vellebant
3628 2417 3797 2479 iidem

2205 2517 2489 2580 serpentes
2527 2511 2750 2566 eosdem
2772 2511 2938 2578 viros,
2973 2511 3066 2584 qui
3113 2509 3324 2571 emiesti
3354 2511 3480 2586 igne
3507 2524 3798 2576 conmme-

2203 2602 2427 2670 bantur,
2457 2613 2516 2658 et
2565 2605 2903 2665 conabantur
2929 2604 3056 2664 illos
3095 2605 3315 2669 trahere
3362 2605 3420 2660 in
3445 2605 3794 2674 barathrum,

2203 2695 2348 2750 unde
2402 2693 2507 2772 ipsi
2550 2695 2820 2760 exierant,
2888 2695 3034 2756 Vidit
3083 2711 3300 2776 quoque
3353 2705 3412 2754 et
3463 2709 3588 2759 esse
3645 2695 3798 2754 viros

2197 2783 2470 2856 Quosdam
2497 2787 2555 2842 in
2585 2789 2765 2844 medio
2787 2790 3144 2861 serpentium,
3197 2805 3320 2846 cum
3350 2790 3581 2856 tumultu
3608 2803 3800 2864 perso-

2203 2883 2400 2934 nantes
2425 2883 2482 2961 et
2503 2881 2896 2952 percutienies,
2946 2892 3113 2961 atque
3167 2881 3509 2958 impellentes
3547 2881 3604 2948 in
3633 2881 3796 2940 bara-

2205 2971 2388 3026 thrum
2431 2959 2526 3029 eos
2585 2975 2678 3046 qui
2731 2959 3140 3036 cruciabantur.
3178 2973 3477 3040 Videbatur
3507 2973 3694 3040 itidem
3717 2973 3796 3041 ei,

501 3071 664 3138 atque
690 3062 813 3138 pbst
865 3077 1036 3138 pauca
1067 3086 1080 3121 :
1110 3062 1176 3122 Et
1229 3065 1274 3124 si
1321 3063 1424 3135 vis,
1450 3067 1542 3134 ait,
1571 3069 1810 3124 divinam
1833 3067 2102 3125 visionem
2203 3065 2469 3134 quosdam
2493 3067 2632 3124 alios
2678 3069 2828 3130 viros
2878 3069 3176 3135 accessisse
3197 3068 3268 3132 ad
3321 3067 3478 3136 illos;
3533 3067 3627 3140 qui
3650 3067 3798 3123 vole-

505 3149 680 3214 sancti
705 3153 985 3226 cujusdam
1014 3153 1116 3215 viri
1141 3159 1380 3218 referam
1402 3154 1524 3227 tibi,
1553 3177 1716 3233 quam
1749 3178 1860 3218 non
1889 3159 2100 3218 deride-
2147 3216 2150 3221 ,
2203 3155 2357 3222 bant,
2382 3165 2442 3211 ut
2462 3157 2566 3230 ipsi
2607 3159 2792 3217 miseri
2821 3159 2876 3214 in
2904 3159 3057 3218 brevi
3107 3159 3505 3230 cruciarentur.
3531 3168 3589 3219 ει
3634 3159 3800 3218 Salis-

503 3236 588 3306 bis
617 3269 628 3302 :
659 3263 790 3305 vera
822 3251 968 3305 enim
993 3251 1193 3316 dicam,
1225 3251 1361 3322 Cum
1405 3267 1584 3310 essein
1623 3253 1912 3324 aliquando
1942 3269 2100 3320 secus
2127 3234 2174 3298 (ἶ
2203 3245 2487 3304 iacerent:
2521 3251 2618 3307 sed
2659 3251 2738 3306 illi
2785 3252 2878 3322 qui
2916 3253 3299 3324 percutiebant
3349 3260 3405 3310 et
3448 3251 3802 3322 impellebant

501 3335 744 3404 Cretam,
777 3341 1019 3412 hospitio
1075 3358 1164 3398 me
1217 3343 1458 3416 suscepit
1487 3343 1544 3405 S.
1597 3341 1826 3416 Carpus,
1855 3344 1940 3398 vir
1965 3353 2021 3399 et
2054 3345 2102 3400 si
2202 3359 2320 3412 eos,
2349 3343 2624 3402 nolebant.
2656 3343 2902 3418 Cumque
2948 3347 3052 3417 bis,
3101 3362 3223 3420 qua:
3255 3347 3511 3412 deorsum
3569 3360 3800 3417 conspe-

503 3429 700 3502 allmiis
753 3429 923 3498 alitis,
977 3430 1076 3504 per
1131 3431 1356 3488 multam
1414 3433 1615 3490 inclitis
1660 3433 1984 3490 munditiam
2033 3435 2103 3491 ad

439 3613 452 3622 ’
504 3617 802 3673 inchoabat

507 3521 605 3578 Dei
655 3522 898 3580 Visiones
950 3521 1322 3580 divliilssimus
1373 3524 1796 3602 [digniSSim'us].
1838 3525 1940 3596 Qui
1991 3544 2103 3585 non

884 3625 1102 3673 sanctas
1161 3619 1546 3690 mysteriorum
1610 3621 2050 3677 consecrationcs
2085 3662 2101 3687 ,

505 3702 612 3762 nisi
673 3708 826 3779 prius
883 3708 934 3764 ei
997 3709 1377 3765 ostenderetur
1430 3710 1496 3768 de
1551 3713 1804 3784 supernis
1867 3713 2100 3786 prepitia

513 3799 674 3868 visio,
701 3804 881 3859 oranti
907 3806 1056 3862 ante'
1083 3802 1413 3862 oblationem
1461 3807 1792 3884 sanctissimi
1820 3807 2098 3864 sacriﬁcii.

505 3884 924 3952 Coniercntibus
965 3910 1202 3968 namque
1261 3897 1416 3954 nobis
1445 3899 1695 3972 quaedam
1749 3899 1817 3956 ad
1843 3899 2096 3967 invicem,

476 3983 699 4040 ‘retulit
727 3985 860 4042 mihi
887 3987 1052 4056 idem,
1086 3997 1143 4044 se
1177 3989 1340 4044 nimis
1386 3991 1771 4046 contristatum
1801 4007 1831 4044 a
1864 3989 2100 4060 quodam

508 4075 832 4132 inildciium.
875 4073 1052 4135 Causa
1095 4085 1276 4137 autem
1319 4085 1439 4138 erat
1465 4081 1637 4156 ipsius
1676 4082 1929 4150 tristitim,
1962 4099 2100 4154 quo-

509 4167 868 4229 niani‘isdem
897 4171 1146 4244 infidelis,
1182 4172 1308 4232 dum
1359 4175 1769 4236 celebrarentur
1817 4177 1931 4234 dies
1973 4177 2102 4234 festi

511 4265 722 4332 eorum,
781 4266 1036 4323 aberrare
1087 4267 1216 4326 fecit
1248 4268 1537 4341 quemdam
1566 4263 1781 4326 fidelem
1809 4285 1838 4324 a
1865 4271 2100 4342 benigno

509 4342 650 4413 Uesu'
689 4359 917 4414 Domino
953 4369 1160 4418 nostro.
1207 4365 1380 4432 Quem
1429 4361 1716 4420 consolans
1761 4363 1905 4421 suasi
1933 4363 1981 4418 ei
2009 4375 2102 4433 0p-

511 4453 800 4520 portuiium
832 4457 974 4520 esse,
1005 4463 1064 4510 ut
1093 4470 1192 4533 pro
1229 4449 1334 4514 illis
1355 4455 1594 4512 divinam
1622 4453 1971 4512 clementiam
2007 4472 2098 4528 pe-

517 4545 678 4606 teret,
711 4552 766 4597 et
805 4547 836 4596 a
867 4539 976 4599 Duo
1009 4541 1292 4601 Salvatore
1345 4543 1755 4617 opitulationem
1805 4538 2097 4614 accipiens,

2203 3447 2380 3506 xerat,
2415 3435 2627 3521 Carpus
2661 3437 2983 3505 intenderet,
3010 3446 3067 3494 et
3102 3453 3360 3514 superna,
3390 3451 3512 3510 quas
3538 3436 3692 3510 prius
3719 3435 3801 3494 vi—

2205 3529 2380 3597 derat,
2408 3529 2709 3603 iiegiigeret
2735 3540 2790 3587 et
2812 3532 3012 3592 taedere
3039 3532 3299 3604 coepisset
3345 3539 3510 3602 atque
3558 3529 3788 3596 cessari,

2204 3623 2328 3694 quia
2353 3621 2464 3692 jam
2519 3625 2598 3678 rei
2631 3639 2738 3679 non
2780 3625 3041 3682 caderent
3070 3626 3126 3682 in
3155 3623 3582 3698 profunditatem
3634 3633 3794 3682 vora-

2204 3715 2381 3786 ginis,
2428 3715 2650 3788 insupcr
2709 3717 3214 3776 immisericorditer
3266 3715 3641 3776 maledixissot
3689 3716 3796 3783 eis,

2203 3809 2440 3879 respexit
2481 3825 2722 3874 sursum,
2753 3819 2810 3866 et
2834 3811 2926 3867 vix
2975 3827 3035 3868 se
3067 3811 3256 3870 videre
3276 3825 3438 3881 posse
3486 3811 3684 3866 ciuium
3707 3811 3798 3866 de-

2203 3913 2313 3955 nuo
2342 3899 2480 3956 dixit
2513 3944 2524 3956 .
2556 3899 2662 3958 Sed
2691 3901 2877 3967 Jesum
2926 3905 3220 3976 benignum
3249 3903 3480 3960 intuitus
3504 3911 3610 3971 est,
3640 3903 3800 3962 missu

2204 4003 2417 4050 rantem
2460 4011 2626 4068 super
2645 4006 2965 4070 peccatores
3001 3998 3094 4068 qui
3141 3996 3577 4068 torquebanturi
3609 4005 3664 4054 et
3700 4005 3796 4054 ex-

2203 4097 2515 4158 surgentem
2547 4086 2698 4144 ilium
2742 4089 2808 4147 de
2842 4088 3054 4149 scelesti
3095 4090 3314 4156 throno,
3359 4104 3422 4148 ac
3464 4089 3796 4146 descenden-

2203 4189 2314 4236 tem
2346 4197 2518 4256 usque
2548 4183 2614 4238 ad
2637 4183 2778 4251 illos,
2805 4191 2862 4243 ct
2905 4199 3132 4246 manum
3160 4185 3452 4257 benignam
3481 4185 3537 4241 in
3559 4194 3796 4242 tormen-

2206 4275 2276 4331 tis
2305 4277 2499 4354 positis
2525 4278 2872 4348 porrexisse:
2908 4295 3144 4362 moxque
3183 4279 3500 4352 angelorum
3547 4277 3794 4333 multitu-

2205 4366 2374 4432 dines,
2419 4369 2664 4439 quicum
2687 4385 2754 4428 eo
2779 4369 3202 4439 descenderant,
3251 4379 3645 4440 coacoeperunt
3671 4367 3794 4425 illos

2205 4457 2271 4513 de
2301 4465 2536 4530 utraque
2561 4465 2737 4530 parte,
2785 4461 2838 4520 in
2892 4476 3000 4532 qua
3031 4462 3271 4527 stabant,
3300 4462 3430 4517 dum
3479 4470 3796 4530 torqueren-

2208 4559 2316 4616 tur,
2343 4551 2562 4622 quando
2606 4553 2688 4608 eis
2733 4568 2956 4614 manum
3007 4553 3254 4626 porrexit
3315 4551 3582 4623 benignus
3610 4549 3788 4618 Iesus,

514 4632 787 4690 inﬁdelem
818 4637 1036 4706 quidem
1076 4645 1438 4704 converteret,
1467 4640 1771 4709 apoStatam
1803 4637 1983 4692 autem
2011 4632 2181 4717 δεδι-,ν
2207 4652 2262 4697 et
2295 4653 2560 4702 cruerunt
2613 4643 2751 4704 illos.
2793 4646 2862 4702 Et
2904 4663 3204 4704 conversus
3250 4647 3319 4710 ad
3346 4645 3585 4719 Carpam
3633 4643 3793 4704 Jesus

515 4724 778 4793 nignitate
828 4726 1098 4794 vinceret,
1131 4729 1478 4785 ethortando
1501 4745 1594 4784 cos
1622 4729 1886 4795 converti,
1925 4729 2098 4785 donec
2209 4733 2343 4792 dixit
2367 4737 2415 4792 ei
2445 4755 2456 4792 :
2491 4737 2689 4809 Carpe,
2747 4755 2911 4800 manu
2939 4740 2995 4801 in
3044 4741 3180 4796 istos
3233 4742 3549 4809 constituta,
3597 4748 3652 4796 et
3681 4756 3792 4798 non

514 4817 600 4870 est
647 4814 826 4885 hodie,
884 4835 989 4874 non
1043 4819 1316 4883 deficeret,
1379 4820 1566 4891 sicque
1616 4814 1734 4874 illos
1765 4821 1818 4875 in
1859 4814 2098 4876 divinam
2207 4841 2306 4903 per
2330 4829 2766 4894 miscricordiam
2802 4841 3059 4900 retracta.
3091 4839 3318 4903 Perculsi
3353 4833 3642 4888 adversum
3680 4847 3789 4899 me,

519 4908 804 4964 scientiam
837 4911 1080 4967 duceret.
1137 4909 1245 4968 Sed
1273 4911 1320 4966 is
1348 4912 1450 4967 hoc
1493 4911 1766 4982 patienter
1807 4929 1912 4967 non
1945 4908 2102 4968 suil‘e-
2209 4902 2334 5001 nam
2364 4930 2588 4998 paratus
2630 4939 2749 4985 sum
2775 4938 2878 4994 pm
2906 4902 3213 4983 hominibus
3238 4924 3792 4982 msaivandisitemm

495 5011 662 5078 urens,
701 5007 755 5055 et
785 5002 1100 5073 nescioquo
1129 5003 1288 5058 modo
1339 5001 1507 5057 multa
1539 5003 1772 5075 quadam
1817 5005 2100 5061 inrestina-
2208 5011 2342 5093 pati,
2375 5021 2430 5068 et
2452 5013 2764 5088 complaceo
2789 5033 2953 5086 super
2977 5017 3085 5086 bis,
3132 5033 3297 5088 quam
3346 5031 3512 5088 super
3544 5017 3665 5073 aliis
3693 5019 3795 5073 bo-

519 5091 666 5148 tioi'ie'
694 5099 749 5148 et
775 5091 1138 5150 amaritudine
1184 5093 1488 5161 tabescens,
1522 5095 1810 5151 dormitum
1838 5099 2099 5180 perrexit,
2209 5091 2448 5162 minibus
2493 5107 2585 5180 qui
2637 5123 2747 5167 non
2793 5120 3174 5178 peccaverunt.
3225 5111 3614 5166 Verumtamen
3644 5109 3788 5176 vide,
3869 5109 3882 5120 '

518 5185 583 5238 cii
622 5183 724 5240 hoc
753 5185 891 5240 male
914 5183 1118 5242 habens
1149 5184 1398 5260 (vespere
1439 5188 1582 5242 enim
1611 5183 1769 5262 erat).
1808 5177 1964 5246 Circa
1997 5206 2104 5246 me—
2205 5194 2356 5251 sisic
2382 5177 2523 5254 bene
2547 5198 2644 5254 tibi
2674 5177 2907 5266 habetur
2935 5199 2990 5262 in
3025 5202 3310 5268 barathro,
3344 5217 3468 5258 eum
3513 5201 3790 5273 serpenti-

517 5277 662 5332 diam
701 5285 880 5334 autem
913 5273 1124 5332 noctein
1179 5277 1394 5350 (solitus
1454 5283 1688 5352 namque“
1743 5290 1860 5336 erat
1912 5281 2014 5339 isto
2044 5283 2099 5362 in
2202 5289 2306 5346 bus
2341 5291 2655 5354 mansiones
2713 5297 3074 5362 commutare,
3119 5293 3262 5352 sicut
3312 5308 3526 5351 mecm
3564 5309 3628 5349 ae
3663 5309 3790 5350 eum

519 5376 762 5458 tempore
797 5371 862 5422 ad
887 5369 1099 5425 divinos
1139 5371 1372 5442 hymnos
1394 5370 1698 5456 cvig‘ilarc),
1751 5377 1989 5430 surrexit
2031 5360 2098 5431 ei
2211 5381 2457 5458 benignis
2505 5399 2573 5445 ac
2611 5384 2865 5446 humanis
2904 5360 3112 5456 angelis
3163 5403 3304 5443 esse.
3341 5385 3448 5445 ista
3491 5392 3639 5450 sunt,
3667 5397 3792 5456 quae

519 5457 744 5548 somnis;
793 5465 848 5513 et
871 5459 1184 5516 turbatione
1220 5459 1383 5548 nimia
1417 5465 1666 5531 anxians,
1696 5465 1845 5521 stetit
1885 5465 1952 5522 ad
1981 5483 2100 5522 ora-
2206 5489 2306 5548 ego
2332 5457 2580 5544 audiens,
2611 5476 2774 5533 credo
2815 5492 2944 5536 vera
2978 5493 3117 5535 esse.
3167 5499 3187 5532 ι
3230 5475 3358 5546 Baio
3396 5475 3464 5530 ad
3491 5473 3786 5548 Demophi-

463 5541 742 5613 "tio‘neni,
792 5563 900 5602 non
953 5549 1297 5609 benedicens.
1354 5545 1700 5612 Tristabatur
1732 5557 1876 5613 enim
1901 5568 2100 5632 etgra-

515 5639 744 5692 vabatur
791 5640 931 5694 ultra
979 5645 1221 5713 modum,
1270 5643 1461 5705 dicens
1506 5665 1612 5706 non
1641 5665 1762 5707 esse
1793 5652 2001 5722 justum
2039 5661 2100 5708 ut

516 5731 761 5788 viverent
789 5735 910 5801 viri,
957 5737 1052 5808 qui
1099 5745 1256 5796 erant
1291 5744 1407 5799 sine
1460 5740 1590 5810 Deo,
1635 5745 2097 5816 ctpervertcbant

519 5823 636 5878 vias
665 5825 872 5883 Domini
902 5841 1097 5885 rectas.
1129 5829 1193 5886 Et
1231 5835 1344 5889 inec
1378 5836 1565 5892 dicens
1599 5837 2098 5908 postulavit-Domi-

2208 5564 2319 5620 lum
2351 5565 2494 5621 dicta
2525 5562 2670 5622 sunt.

2783 5659 3012 5722 CAPUT
3039 5659 3178 5719 XVI.

2278 5747 2402 5806 Tito
2441 5767 2573 5807 vero
2627 5751 2984 5825 interroganti
3036 5771 3132 5825 per
3183 5756 3488 5826 epistolam,
3539 5771 3662 5838 qua:
3704 5760 3790 5812 est

2208 5841 2486 5910 sapientius
2509 5841 2720 5909 donius,
2773 5851 2828 5899 et
2857 5846 2980 5914 qtiis
3037 5856 3121 5904 est
3177 5855 3374 5917 crater,
3417 5858 3474 5906 et
3502 5863 3622 5922 quae
3659 5853 3788 5905 sunt
