4078 6462
521 380 594 451 τι

1617 383 1889 445 esttam
1925 381 2657 454 ἳωΕῌᾘΒιΜΟΝΔΜ
2681 425 2693 434 α

3716 397 3834 458 η.

523 503 638 568 nisu
665 515 822 573 nam,
842 498 1137 562 ille-Judas
1155 498 1401 560 omnium
1439 495 1780 568 perditorum
1809 496 2086 558 .hominuu

2185 495 2320 582 [Dei
2332 495 2960 571 θιυτοιὶωιάίιεειὶοηᾳ
2973 497 3299 574 Δὶιεειοωα.
3310 502 3638 571 sublevatio.
3660 521 3797 574 om»

521 591 749 664 ﬁguram
780 592 955 648 tenuit
981 593 1208 663 ideoque
1235 605 1359 646 cum
1387 589 1473 644 ille
1499 589 1720 653 exisset,
1754 589 1895 642 dixit
1917 588 2100 650 Domi:
2135 635 2142 662 π

520 699 626 740 nus
654 701 667 740 :
703 681 756 740 Ν
761 697 862 742 unc
889 681 1214 752 clariﬁcatus
1237 678 1502 742 estI'Iilius
1523 678 1784 746 hominis;
1806 694 1926 736 cum
1953 679 2098 750 enim

518 792 628 836 nox
705 777 876 832 exivit
901 815 918 842 ,
979 775 1095 832 dies
1157 773 1302 832 saltu
1364 771 1645 830 mmansit.
1709 769 1802 827 Sic
1853 770 2054 832 fratres
2079 811 2102 839 ,

517 867 611 923 sic'
651 864 896 924 futurum
940 874 1023 922 est
1045 903 1062 931 ,
1107 878 1231 920 cum
1287 877 1480 920 omnes
1531 860 1728 934 perditi
1789 861 1846 916 in
1920 862 2098 932 ignem

515 966 788 1017 aeternum
814 959 989 1024 ibunt,
1021 963 1148 1013 tunc
1193 954 1350 1019 ibunt
1369 953 1500 1028 justi
1525 954 1584 1038 in
1614 953 1779 1013 vitam
1801 961 2094 1018 aeternam.

513 1062 646 1112 tunc
674 1054 844 1111 Filium
873 1052 970 1110 Dei
1011 1050 1194 1108 clarus
1230 1048 1342 1116 llet,
1367 1064 1492 1106 cum
1534 1048 1590 1106 in
1619 1061 1844 1118 corpore
1873 1045 2010 1116 ejus,
2041 1045 2100 1104 id

513 1155 598 1203 est
625 1147 681 1202 in
701 1145 941 1202 Ecclesia
973 1143 1106 1200 nihil
1141 1151 1385 1200 remanet
1405 1140 1892 1205 tenebrosum,-sed
1923 1147 2100 1198 totum

515 1239 728 1294 clarum
755 1237 878 1294 erit.
933 1236 1008 1292 Et
1037 1237 1200 1302 Deus,
1233 1237 1429 1309 inquit,
1463 1235 1784 1306 clarificatus
1805 1244 1881 1291 est
1911 1235 1966 1294 in
1993 1250 2054 1292 eo

510 1345 638 1386 nam
654 1330 766 1400 ipse
785 1327 953 1384 Filius
963 1327 1084 1394 Dei,
1113 1328 1409 1384 secundum
1431 1327 1572 1398 quod
1593 1326 1738 1382 Deus
1755 1335 1860 1391 est,
1883 1341 2098 1398 semper

510 1417 693 1474 clarus
716 1426 802 1474 est
823 1426 886 1474 et
901 1429 1129 1477 manet:
1161 1418 1258 1476 sed
1308 1418 1370 1476 in
1403 1431 1636 1488 corpore
1671 1433 1790 1482 suo,
1822 1417 1967 1487 quod
2012 1424 2097 1474 est

507 1511 769 1580 Ecclesia,
813 1513 996 1571 multis
1033 1515 1214 1574 adhuc
1237 1515 1486 1574 tenebras
1527 1523 1939 1580 remanserunt,
1977 1529 2101 1584 quae
2137 1545 2144 1567 .

505 1621 694 1664 omnes
721 1622 846 1662 cum
873 1608 1446 1674 exierint,remanebit
1479 1607 1724 1687 Ecclesia
1746 1608 1946 1666 Christi
1979 1609 2104 1669 sine

505 1698 740 1754 macula.
765 1697 821 1754 Si
847 1697 1222 1772 Deus,inquit,
1241 1701 1572 1760 clariﬁcatus
1589 1709 1673 1758 est
1693 1701 1750 1756 in
1771 1716 1860 1765 eo,
1885 1710 1942 1761 et
1954 1703 2097 1762 Deus

502 1783 823 1842 clarillcavit
847 1803 976 1844 eum
1021 1789 1078 1844 in
1115 1790 1438 1862 seutetipso;
1477 1791 1647 1858 Filius
1674 1791 1818 1849 enim
1843 1792 1900 1848 in
1935 1791 2096 1848 Patre

2207 589 2843 666 lisinemlumdixitcu
2931 641 2966 666 η.
3233 640 3278 664 ,η
3355 623 3432 662 ι,
3533 649 3543 658 .
3826 663 3838 670 ,

2257 677 2460 748 .Pater.
2484 683 2625 772 venit
2655 684 2822 750 hara;
2842 683 3080 755 clariﬁca
3106 685 3312 748 Filium
3325 695 3501 760 tuum,
3525 697 3586 746 ut
3613 687 3804 760 Filius.

2203 780 2325 848 tuus
2365 773 2620 850 clariﬁpet
2640 786 2750 851 ste;
2779 778 2917 846 sicut
2935 779 3129 855 dqdisti
3175 782 3238 838 ei.
3263 791 3574 853 potestatem
3619 785 3802 844 om

2201 865 2396 930 carnis,
2424 875 2480 920 ut
2507 883 2658 922 omne
2692 869 2834 939 quod
2876 869 3066 925 dedisti
3092 871 3175 938 ei,
3217 871 3303 928 det
3347 873 3421 929 eis
3454 874 3612 931 vitam
3630 884 3793 932 teter-

2202 973 2347 1014 nam.
2375 955 2507 1016 Han:
2525 968 2604 1038 est
2623 969 2803 1038 autem.
2821 962 2926 1032 vita
2955 972 3175 1031 eterna,
3203 974 3262 1020 ut
3279 977 3600 1038 cognoscant
3619 977 3671 1038 te
3703 984 3796 1026 sn-

2203 1046 2314 1104 lum
2345 1065 2523 1108 verum
2559 1051 2822 1134 Deum,,et
2867 1071 3036 1125 quem.
3061 1056 3252 1128 misisti
3288 1058 3472 1116 Iesum
3497 1057 3790 1122 Christum.

2202 1137 2318 1211 Ego
2350 1147 2399 1196 te
2447 1141 2734 1212 clariﬁcavi
2767 1163 2938 1216 super
2979 1156 3216 1214 terram,
3256 1165 3384 1222 opus
3433 1157 3796 1224 consummavi

2198 1231 2339 1301 quod.
2357 1231 2550 1288 dedisti
2587 1235 2714 1309 mihi
2745 1247 2802 1315 ut
2829 1239 3066 1309 faciams
3093 1249 3142 1296 et
3169 1255 3320 1306 nunc
3349 1240 3586 1314 clariﬁca
3611 1254 3798 1314 me,ttt

2201 1321 2386 1392 Pater,
2411 1326 2552 1396 apud
2565 1329 2912 1411 temetipsum,
2939 1331 3202 1398 claritate,
3227 1349 3388 1407 quam
3417 1335 3796 1410 habuigpriuso

2197 1425 2356 1481 quam
2387 1414 2615 1468 mundus
2631 1426 2786 1488 esset,
2810 1417 2958 1493 apud,
2977 1427 3048 1474 te.
3075 1417 3413 1493 Manifestum
3431 1437 3621 1482 nomen
3639 1431 3795 1482 tuum

2197 1501 2496 1558 hominibus
2522 1522 2652 1576 quos
2689 1492 2878 1564 dedisti
2921 1511 3050 1567 milii
3081 1511 3148 1566 de
3179 1492 3410 1581 mundo;
3444 1515 3523 1570 ttti
3547 1524 3720 1581 erant,
3743 1525 3796 1572 et

2198 1591 2330 1675 mihi
2351 1612 2438 1650 eos
2460 1597 2671 1668 dedisti,
2698 1609 2748 1654 et
2766 1617 3056 1658 sermonem
3080 1613 3225 1660 tuum
3255 1615 3608 1662 servaverunt.
3628 1606 3683 1662 Ν
3686 1624 3792 1663 unc

2200 1701 2548 1760 cognoverunt
2570 1693 2694 1766 quia
2723 1680 2900 1750 omnia
2919 1713 3036 1767 qua?
3061 1697 3251 1752 dedisti
3277 1697 3406 1752 mihi
3433 1698 3526 1755 abs
3557 1707 3606 1752 te
3629 1707 3788 1773 sunt;

2197 1781 2320 1850 quia
2352 1779 2505 1854 uerba
2535 1800 2654 1854 qum
2685 1784 2879 1842 dedisti
2908 1787 3056 1852 mihi,
3084 1787 3206 1842 dedi
3237 1788 3336 1858 eis,
3364 1797 3414 1843 et
3456 1787 3556 1859 ipsi
3581 1805 3794 1860 accepe-

501 1883 609 1943 est,
637 1885 692 1934 et
714 1875 876 1936 Pater
903 1879 962 1934 in
989 1879 1149 1948 Filio,
1176 1881 1478 1941 secundum
1506 1883 1654 1940 illam
1689 1893 1958 1954 naturam,
1995 1900 2100 1956 qua
2127 1880 2350 1946 Βετιιηιι
2378 1885 2426 1929 et
2453 1889 2801 1953 cognoverunt
2843 1895 2958 1936 vere
2991 1881 3115 1952 quia
3145 1899 3178 1936 α
3207 1890 3257 1936 te
3293 1881 3449 1949 exivi.
3474 1890 3525 1937 et
3547 1882 3790 1948 credider

502 1965 594 2024 ille
629 1967 686 2023 in
709 1965 872 2026 Patre
909 1978 1010 2039 est,
1045 1971 1298 2027 et-Pater
1321 1973 1378 2028 in
1426 1971 1516 2028 illo
1541 1987 1792 2044 semper,
1837 1980 1911 2037 ,ιιι
1938 1973 2088 2043 dixi,

507 2056 687 2114 clarus
709 2068 812 2126 est,
837 2067 892 2118 et
917 2061 1141 2118 tenebrat
1163 2062 1222 2118 in
1248 2079 1308 2116 eo
1337 2079 1440 2118 non
1471 2073 1592 2120 sunt
1621 2062 1768 2122 υιιω.
1797 2062 1906 2120 Sed
1921 2065 2085 2136 Deus,

499 2147 694 2219 inquit,
723 2152 968 2208 continuo
1008 2151 1322 2224 clariﬁcabit
1352 2170 1507 2222 eum;
1540 2153 1780 2214 futurum
1805 2163 1889 2213 est
1915 2155 2088 2226 enim,

498 2237 694 2312 inquit,
721 2251 782 2298 ut
812 2244 956 2300 Deus
983 2244 1150 2310 etiam
1181 2260 1378 2316 corpus
1428 2261 1631 2312 meum,
1661 2245 1720 2305 id
1743 2253 1830 2302 est
1849 2287 1866 2314 ,
1898 2247 2084 2322 Eccle-

453 2385 456 2389 .
499 2331 656 2398 siam,
685 2332 943 2390 clariﬁcet
971 2343 1162 2412 totum,
1194 2343 1255 2390 ut
1280 2343 1334 2392 et
1359 2335 1487 2392 illud
1517 2335 1849 2404 clarumsit.
1869 2336 1942 2392 Et
1977 2337 2084 2394 hoc
2129 2393 2134 2402 ,

495 2423 605 2479 cito
625 2433 742 2480 erat
769 2422 1030 2490 futurum,
1060 2418 1484 2498 videlicetquod
1507 2441 1707 2498 corpus
1753 2427 1908 2498 illud,
1937 2426 2082 2500 quod

495 2532 594 2588 pro
641 2517 796 2576 nobis
826 2533 892 2574 ex
922 2518 1080 2576 nobis
1123 2520 1460 2592 assumpsit,
1507 2517 1916 2580 clariﬁcandum
1965 2525 2084 2576 erat

495 2607 664 2680 gloria
695 2610 1133 2676 resurrectionis,
1161 2617 1218 2666 et
1261 2609 1724 2676 immortalitatis,
1765 2619 1821 2668 et
1858 2611 1928 2668 ad
1953 2611 2081 2668 dex-

493 2710 668 2762 teram
691 2703 788 2762 Dci
805 2704 988 2762 Patris
1017 2705 1411 2764 collocandum.

560 2880 854 2952 Modicum,
890 2885 1085 2956 inquit,
1125 2885 1391 2942 vobiscum
1418 2903 1558 2953 sum,
1579 2895 1629 2942 et
1660 2904 1762 2960 quo
1801 2904 1896 2962 ego
1917 2888 2076 2965 vado,

487 2991 576 3030 eos
605 2991 708 3030 non
738 2977 951 3048 potestis
999 2976 1172 3032 uenire
1212 2975 1396 3050 (Ioan.
1427 2976 1572 3052 xm).
1627 2978 1896 3036 Modicum
1943 2979 2076 3051 fuit,

487 3069 634 3140 quod
672 3069 763 3126 ille
813 3078 942 3126 tunc
968 3087 1089 3128 cum
1119 3070 1397 3142 discipulis
1428 3071 1675 3130 mortalis
1702 3071 1836 3129 fuit:
1868 3081 1924 3129 et
1969 3089 2078 3146 quo

486 3163 578 3221 ille
599 3163 734 3231 ibat,
759 3164 815 3220 id
839 3175 922 3221 est
942 3163 1009 3221 ad
1035 3165 1467 3222 immortalitatis
1489 3167 1740 3240 gloriam,
1769 3183 1878 3224 non
1923 3177 2078 3240 pote-

2196 1975 2316 2018 runt
2345 1967 2469 2036 quia
2498 1976 2555 2020 tu
2586 1985 2666 2023 me
2692 1970 2900 2028 misisti.
2933 1969 3047 2044 Ego
3086 1988 3182 2042 pro
3232 1971 3307 2026 eis
3357 1987 3506 2046 rogo,
3542 1987 3648 2027 non
3685 1988 3788 2043 pro

2192 2053 2388 2110 mundo
2420 2075 2569 2130 rogo,
2603 2061 2694 2116 sed
2719 2077 2817 2130 pro
2861 2062 2944 2117 his
2965 2079 3098 2133 quos
3146 2063 3339 2118 dedisti
3363 2063 3517 2134 mihi,
3539 2064 3666 2136 quia
3706 2064 3788 2120 tui

2191 2157 2348 2213 sunt;
2386 2157 2434 2203 et
2457 2166 2571 2208 mea
2599 2151 2775 2206 omnia
2807 2161 2900 2206 tua
2931 2161 3075 2217 sunt,
3095 2161 3145 2208 et
3175 2161 3270 2208 tua
3289 2169 3404 2210 mea
3427 2160 3570 2218 sunt,
3599 2161 3647 2208 et
3673 2151 3788 2208 cla-

2191 2239 2427 2309 riftcatus
2449 2259 2566 2298 sum
2597 2245 2652 2300 in
2682 2245 2776 2300 eis.
2803 2243 2872 2299 Et
2905 2245 3024 2316 jam
3054 2262 3158 2301 non
3183 2263 3300 2302 sum
3344 2247 3400 2300 in
3423 2246 3621 2304 mundo
3651 2255 3700 2304 et
3728 2247 3788 2302 hi

2188 2330 2244 2384 in
2273 2331 2470 2386 mundo
2496 2343 2636 2398 sunt,
2670 2344 2720 2409 et
2735 2351 2829 2406 ego
2853 2335 2923 2390 ad
2953 2345 3002 2390 te
3025 2335 3190 2390 uenio.
3222 2333 3388 2390 Pater
3405 2345 3605 2402 sancte,
3631 2351 3786 2392 serva

2142 2470 2148 2479 .
2187 2438 2274 2476 eos
2303 2416 2358 2478 in
2388 2425 2596 2478 nomine
2624 2434 2736 2492 tuo,
2767 2443 2899 2496 quos
2937 2425 3127 2502 dedisti
3171 2425 3323 2494 mihi,
3360 2437 3418 2482 ut
3462 2427 3567 2481 sint
3620 2442 3786 2482 unum

2185 2513 2320 2568 sicut
2341 2523 2390 2570 et
2416 2532 2533 2570 nos.
2564 2514 2697 2574 Cum
2722 2534 2886 2576 essem
2915 2535 3030 2576 cum
3059 2517 3156 2586 eis,
3177 2517 3449 2576 servabam
3488 2535 3575 2576 eos
3600 2519 3657 2574 in
3683 2535 3784 2574 no-

2184 2607 2324 2659 mine
2348 2613 2458 2660 tuo.
2516 2606 2660 2674 Quos
2707 2609 2898 2663 dedisti
2929 2611 3078 2674 mihi,
3111 2610 3388 2678 custodivi,
3419 2619 3466 2664 et
3515 2627 3665 2666 nemo
3716 2625 3787 2668 ea:
3837 2591 3847 2607 ”

2184 2695 2266 2750 his
2295 2693 2468 2768 periit,
2501 2697 2602 2752 nisi
2628 2697 2792 2768 ﬁlius.
2811 2699 3142 2770 perditionis,
3171 2713 3226 2778 ut
3257 2701 3538 2772 Scriptura
3562 2699 3784 2774 implea-

2184 2796 2288 2865 tur.
2317 2785 2476 2857 Nunc
2499 2799 2674 2846 autem
2695 2792 2764 2846 ad
2791 2800 2838 2848 te
2857 2793 3024 2865 venio,
3053 2804 3103 2848 et
3132 2795 3244 2849 hac
3261 2791 3450 2865 loquor
3477 2793 3534 2854 in
3555 2793 3778 2862 mundo,
3847 2861 3855 2870 .

2182 2887 2238 2932 ut
2265 2879 2492 2935 habeant
2519 2884 2774 2954 gaudium
2821 2902 2995 2948 meum
3035 2883 3092 2940 in
3129 2887 3418 2958 semetipsis
3475 2885 3775 2958 impletum.

2178 2968 2294 3042 Ego
2320 2969 2441 3026 dedi
2465 2975 2546 3057 eis
2567 2993 2857 3034 sermonem
2879 2987 3048 3045 tuum,
3087 2987 3138 3034 et
3174 2978 3403 3034 mundus
3427 2979 3547 3054 odio
3568 2995 3656 3036 eos
3685 2979 3782 3035 ha-

2180 3061 2310 3130 buit,
2340 3063 2466 3135 quia
2497 3082 2599 3122 non
2627 3078 2748 3122 sunt
2779 3069 2844 3122 de
2885 3069 3102 3138 mundo,
3130 3070 3267 3126 sicut
3299 3079 3349 3124 et
3374 3085 3467 3142 ego
3498 3087 3605 3127 non
3655 3085 3780 3126 sum

2177 3153 2242 3207 de
2279 3155 2494 3210 mundo.
2529 3153 2652 3214 Non
2680 3174 2808 3232 rogo
2847 3169 2902 3212 ut
2919 3158 3078 3225 tollas
3105 3176 3192 3216 eos
3216 3159 3282 3215 de
3301 3159 3496 3216 mundo
3519 3199 3535 3227 ,
3585 3159 3678 3218 sed
3719 3170 3780 3216 ut

485 3266 611 3315 rant
637 3259 815 3314 adhuc
864 3265 992 3314 tunc
1033 3259 1260 3315 venire:
1296 3259 1394 3315 sed
1437 3237 1508 3314 uti
1535 3260 1772 3324 scirent,
1805 3237 2073 3330 quomodo

2185 3262 2346 3314 serves
2366 3264 2454 3303 eos
2481 3266 2515 3303 a
2555 3249 2716 3304 malo.
2755 3237 2848 3304 'De
2870 3251 3064 3306 mundo
3095 3268 3200 3308 non
3244 3261 3387 3318 sunt,
3419 3253 3555 3310 sicut
3602 3260 3650 3306 et
3677 3267 3776 3323 ego

485 3349 615 3405 illuc
639 3349 877 3406 eundum
915 3359 1055 3416 erat,
1077 3350 1231 3408 vobis
1250 3391 1266 3418 ,
1308 3351 1481 3422 inquit
1505 3391 1520 3417 ,
1569 3349 1691 3414 dico
1718 3351 1904 3417 modo,
1926 3367 2077 3406 man-

483 3427 668 3494 datum
697 3456 886 3496 novum
917 3439 984 3496 do
1027 3439 1200 3506 vobis,
1247 3449 1310 3498 ut
1343 3422 1586 3514 diligatis
1626 3441 1890 3507 invicem,
1934 3439 2076 3496 sicut

486 3527 651 3588 dilexi
684 3545 798 3586 vos.
825 3530 962 3598 lsta,
1004 3530 1198 3602 inquit,
1229 3539 1316 3588 est
1360 3532 1481 3604 via,
1523 3547 1629 3604 qua
1672 3531 1826 3588 vobis
1851 3531 2075 3586 venien-

483 3617 612 3676 dum
635 3626 720 3676 est
747 3619 814 3674 ad
864 3619 1285 3678 immortalitatis
1333 3621 1582 3694 gloriam,
1617 3621 1845 3690 scilicet,
1872 3631 1930 3676 ut
1953 3619 2075 3676 dili-

483 3713 618 3783 gatis
640 3711 880 3780 invicem,
910 3711 1043 3766 sicut
1082 3730 1175 3784 ego
1203 3713 1365 3770 dilexi
1411 3731 1519 3770 vos.
1549 3712 1724 3788 Supra
1759 3715 1904 3770 enim
1930 3714 2074 3772 idem

483 3803 746 3862 Dominus
785 3804 956 3860 dixit:
985 3804 1098 3878 Ego
1138 3823 1254 3860 sum
1283 3805 1367 3861 via
1410 3815 1458 3861 et
1488 3807 1698 3864 veritas.
1745 3807 1943 3863 Factus
1988 3814 2077 3864 est

481 3909 612 3966 ergo
639 3889 726 3950 ille
757 3893 1032 3968 discipulis
1062 3894 1149 3951 via
1198 3896 1264 3955 ad
1309 3897 1773 3955 immortalitatem
1801 3906 1858 3954 et
1904 3895 1971 3953 ad
1994 3898 2074 3954 vi-

483 3979 899 4053 tam'aeternam,
929 3983 1115 4043 dicens
1140 4000 1154 4040 :
1190 3983 1280 4041 Sic
1301 3983 1508 4058 diligite
1536 3986 1787 4052 invicem,
1811 3988 1952 4044 sicut
1972 4003 2073 4059 ego

484 4075 648 4133 dilexi
679 4093 795 4134 vos.
821 4076 901 4133 Ac
923 4079 967 4134 si
991 4073 1236 4134 diceret:
1267 4075 1358 4132 Sic
1389 4075 1516 4133 illuc
1556 4077 1651 4144 ite,
1684 4079 1825 4133 sicut
1861 4094 1970 4145 me,
1993 4078 2075 4134 vi-

483 4171 642 4229 distis
679 4181 918 4228 euntem.
973 4171 1041 4228 In
1092 4173 1212 4240 hoc,
1279 4172 1484 4244 inquit,
1539 4176 1846 4244 cognoscent
1895 4188 2075 4230 omnes

481 4263 606 4337 quia
634 4265 733 4319 mei
762 4262 1009 4336 discipuli
1053 4265 1174 4318 estis
1198 4303 1215 4332 ,
1262 4263 1308 4318 si
1335 4261 1663 4320 dilectionem
1687 4262 1972 4318 habueritis
2002 4245 2072 4316 ad

484 4357 724 4424 invicem,
751 4365 805 4413 et
854 4355 1078 4427 reliqua,
1115 4372 1236 4430 qua:
1279 4357 1449 4412 multa
1495 4356 1602 4412 illis
1629 4357 1696 4412 de
1721 4356 1908 4412 eadem
1937 4355 2071 4412 dile-

485 4449 662 4505 ctione
690 4445 788 4503 Dei
815 4457 870 4504 et
907 4445 1143 4518 proximi
1181 4443 1412 4503 dixerat.
1437 4445 1570 4502 Cum
1597 4446 1742 4502 enim
1775 4446 1949 4502 exiret
1972 4443 2071 4499 Ju-

485 4541 582 4597 das
625 4539 714 4598 ille
745 4539 1006 4612 proditor,
1037 4539 1440 4597 remanentibus
1477 4556 1660 4596 secum
1693 4540 1880 4596 electis
1907 4541 2071 4596 disci-

484 4636 648 4710 pulis,
671 4634 840 4691 multa
867 4635 1079 4706 aperuit
1104 4635 1358 4706 mysteria
1413 4649 1533 4706 qua:
1557 4640 1681 4686 ante
1705 4631 1783 4687 eis
1803 4647 1910 4686 non
1945 4621 2069 4704 ape-

485 4708 616 4798 ruit,
645 4745 767 4784 cum
791 4725 878 4783 ille
906 4741 1145 4798 praesens
1167 4719 1374 4788 fuisset,
1408 4723 1500 4796 qui
1527 4723 1807 4794 periturus
1837 4731 1975 4778 erat.
1999 4721 2068 4776 In
2113 4708 2118 4718 ’

483 4820 604 4886 hoc,
631 4819 834 4892 inquit,
887 4825 1193 4889 cognoscent
1251 4831 1426 4870 omnes
1453 4855 1469 4880 ,
1519 4815 1644 4886 quia
1681 4815 1783 4867 mei
1825 4811 2070 4884 discipuli

482 4913 626 4975 estis,
653 4902 758 4966 hoc
783 4917 866 4967 est
904 4907 1120 4980 signum
1161 4905 1512 4978 discipulatus
1557 4905 1794 4964 Domini.
1845 4903 1904 4963 lu
1931 4904 2068 4974 hoc,

483 5004 706 5068 fratres,
749 5016 962 5075 semper
994 5011 1394 5071 cognoscuntur
1425 4999 1672 5072 discipuli
1700 4995 1837 5064 Dei,
1882 5005 1939 5054 et
1967 4997 2074 5054 dis-

483 5095 647 5168 cipuli
673 5094 908 5150 diaboli:
941 5093 988 5170 si
1008 5094 1194 5149 videas
1214 5091 1488 5148 hominem
1512 5091 1824 5165 diligentem
1848 5091 2076 5151 fratrem

485 5173 698 5250 suum,
727 5185 868 5241 scias
913 5185 1039 5256 quia
1083 5183 1380 5256 discipulus
1421 5182 1623 5242 Christi
1654 5195 1768 5252 est;
1804 5183 1850 5240 si
1891 5175 2072 5240 autem

486 5295 610 5336 eum
635 5276 823 5335 videas
850 5271 1030 5334 odisse
1055 5277 1279 5334 fratrem
1307 5294 1486 5346 suum,
1523 5295 1685 5352 quem
1711 5279 1888 5344 videt,
1933 5278 2072 5334 scias

487 5383 610 5428 eum
647 5384 746 5424 nec
769 5369 940 5424 Deum
972 5362 1214 5451 diligere,
1241 5386 1402 5442 quem
1458 5387 1568 5426 non
1612 5372 1795 5436 videt;
1847 5370 2074 5442 ideoque

487 5453 707 5518 necesse
729 5469 812 5516 est
832 5469 892 5516 ut
912 5459 1109 5517 diaboli
1136 5461 1240 5530 sit,
1286 5462 1377 5534 qui
1407 5461 1502 5518 Dei
1535 5478 1642 5518 non
1678 5470 1784 5520 est.
1815 5457 2071 5532 Semper,

487 5553 687 5611 fratres
708 5554 834 5620 mei,
863 5553 968 5611 ista
989 5555 1151 5612 verba
1187 5553 1399 5613 Domini
1427 5555 1481 5611 in
1502 5565 1682 5612 mente
1703 5563 1900 5620 tenete,
1934 5569 2077 5612 sem—

488 5661 588 5720 per
619 5645 874 5718 operibus
901 5647 1200 5716 ostendite;
1243 5647 1371 5718 quia
1413 5649 1469 5702 in
1511 5647 1614 5704 hoc
1656 5643 2075 5717 cognoscemini,

491 5739 538 5796 si
567 5735 634 5793 ad
663 5737 833 5795 Deum
876 5741 1196 5814 pertineatis
1218 5781 1234 5808 ,
1283 5739 1331 5796 si
1363 5739 1558 5795 fratres
1590 5746 1802 5792 vestros
1833 5735 2072 5806 diligitis.

491 5827 629 5893 Cum
653 5848 804 5926 ergo,
819 5841 880 5892 ut
917 5833 1332 5918 dixiLDomiuus
1357 5831 1524 5920 multa
1552 5831 1832 5908 discipulis
1865 5831 1979 5889 suis
2008 5830 2082 5916 de

2177 3357 2282 3395 non
2301 3357 2417 3396 sum
2437 3341 2501 3396 de
2523 3341 2739 3396 mundo.
2777 3341 3066 3414 Sancti/ica
3093 3361 3182 3400 eos
3211 3346 3266 3400 in
3307 3345 3548 3420 ueritate.
3583 3343 3777 3402 Sermo

2177 3441 2298 3486 tuus
2321 3433 2511 3488 veritas
2538 3443 2634 3488 est.
2659 3431 2807 3489 Sicut
2846 3452 2926 3490 me
2954 3434 3144 3490 misisti
3197 3435 3254 3492 in
3303 3435 3578 3504 mundum,
3610 3445 3658 3491 et
3679 3453 3776 3506 ego

2175 3529 2296 3586 misi
2320 3545 2408 3584 eos
2434 3529 2489 3584 in
2517 3530 2796 3585 mundum.
2824 3527 2894 3585 Et
2943 3548 3039 3602 pro
3081 3531 3156 3586 eis
3201 3548 3296 3604 ego
3343 3529 3614 3604 sancti/ica
3666 3547 3782 3585 me-

2174 3617 2370 3688 ipsum,
2393 3627 2450 3673 ut
2477 3617 2584 3674 sint
2610 3629 2658 3674 et
2684 3611 2784 3690 ipsi
2809 3619 3127 3690 sanctiﬁcati
3151 3621 3207 3675 in
3237 3621 3474 3676 veritate.
3506 3617 3634 3674 Non
3671 3636 3776 3692 pro

2173 3710 2256 3766 his
2282 3719 2457 3780 autem
2500 3729 2626 3784 rogo
2669 3719 2907 3778 tantum;
2944 3713 3037 3767 sed
3065 3721 3114 3766 et
3151 3729 3248 3784 pro
3287 3711 3370 3766 his
3391 3709 3482 3782 qui
3517 3709 3779 3766 credituri

2173 3809 2294 3855 sunt
2319 3817 2413 3872 per
2433 3797 2646 3856 verbum
2685 3819 2866 3858 eorum
2893 3803 2949 3858 in
2977 3819 3082 3868 me,
3108 3789 3169 3856 ut
3187 3818 3366 3856 omnes
3414 3817 3576 3857 unum
3627 3799 3769 3868 sint,

2173 3895 2308 3948 sicut
2333 3903 2383 3952 et
2419 3901 2476 3948 lu
2506 3891 2672 3950 Pater
2689 3897 2746 3950 in
2773 3911 2876 3964 me,
2915 3906 2965 3950 et
2995 3913 3089 3968 ego
3114 3893 3170 3949 in
3199 3905 3250 3949 te
3272 3908 3292 3946 :
3319 3904 3368 3949 et
3394 3904 3450 3948 ut
3475 3894 3576 3967 ipsi
3593 3889 3649 3946 in
3675 3908 3774 3951 tto-

2175 3983 2253 4039 bis
2275 4001 2436 4038 unum
2467 3987 2595 4050 s‘int,
2631 3995 2685 4040 ut
2719 3986 2950 4042 mundus
2975 3985 3156 4040 credat
3196 3986 3324 4056 quia
3347 3995 3405 4040 tu
3427 4001 3510 4040 me
3555 3981 3769 4038 misisti.

2173 4078 2244 4135 Et
2267 4096 2360 4151 ego
2384 4061 2680 4134 claritatem
2716 4097 2879 4152 quam
2923 4080 3114 4135 dedisti
3139 4078 3290 4150 mihi,
3318 4078 3440 4135 dedi
3463 4079 3560 4145 eis,
3583 4086 3642 4132 ut
3662 4079 3772 4134 siut

2173 4187 2361 4238 unum,
2391 4173 2527 4226 sicut
2557 4181 2604 4226 et
2636 4187 2729 4226 nos
2751 4167 2914 4230 unum
2939 4188 3141 4228 sumus.
3173 4169 3288 4245 Ego
3314 4169 3371 4225 in
3395 4169 3492 4236 eis,
3513 4177 3564 4225 et
3605 4178 3665 4224 tu
3711 4169 3770 4224 in

2175 4277 2286 4328 me,
2323 4271 2377 4315 ut
2402 4263 2506 4317 sint
2536 4263 2884 4318 consummati
2910 4261 2966 4318 in
3009 4280 3194 4330 unum,
3226 4273 3274 4318 et
3303 4270 3582 4336 cognoscat
3610 4277 3771 4316 mua-

2173 4352 2273 4406 dus
2298 4353 2422 4424 quia
2451 4363 2506 4408 tu
2549 4371 2630 4408 me
2669 4353 2878 4418 misisti,
2909 4364 2956 4410 et
2984 4352 3144 4410 dilexi
3185 4371 3295 4422 eos,
3316 4355 3452 4410 sicut
3477 4363 3527 4414 et
3563 4371 3646 4410 me
3683 4352 3769 4410 di-

2175 4443 2368 4499 lexisli.
2401 4443 2586 4514 Pater,
2609 4463 2742 4518 quos
2761 4445 2958 4503 dedisti
2975 4448 3123 4513 mihi,
3151 4448 3268 4503 volo
3313 4455 3371 4502 ut
3400 4447 3492 4504 ubi
3515 4464 3610 4520 ego
3623 4463 3764 4516 sum,

2172 4549 2222 4593 et
2250 4539 2328 4594 illi
2357 4539 2459 4594 sint
2490 4557 2729 4609 mecum;
2759 4551 2818 4596 ut
2839 4529 3048 4600 videant
3077 4541 3369 4599 claritatem
3391 4556 3560 4598 "team
3603 4556 3766 4611 quam

2173 4623 2362 4690 diediin
2398 4637 2555 4706 mihi,
2601 4639 2728 4708 quia
2765 4635 2995 4693 dilexisti
3047 4653 3128 4691 me
3173 4645 3294 4691 ante
3341 4633 3766 4692 constitutionem

2173 4717 2377 4783 mundi.
2419 4725 2584 4782 Pater
2595 4727 2762 4800 juste,
2791 4727 3018 4784 mundus
3057 4737 3110 4781 te
3133 4743 3235 4782 non
3264 4727 3520 4797 cognovit,
3549 4742 3643 4798 ego
3665 4743 3764 4783 au-

2171 4829 2274 4875 tem
2313 4820 2548 4892 cognoui,
2569 4830 2618 4874 et
2644 4820 2700 4874 hi
2751 4829 3103 4890 cognouerunt
3126 4819 3251 4890 quia
3282 4827 3438 4877 tume
3476 4818 3686 4886 misisti,
3712 4827 3764 4874 et

2173 4921 2354 4967 notum
2379 4909 2481 4981 feci
2508 4911 2583 4966 eis
2607 4927 2794 4970 nomen
2821 4920 2992 4977 tuum,
3029 4919 3078 4964 et
3104 4919 3284 4964 notum
3306 4907 3522 4982 faciam,
3549 4917 3604 4966 ut
3629 4908 3764 4969 dite.

2175 5005 2276 5059 ctio
2305 5023 2408 5077 qua
2432 5001 2664 5060 dilexisti
2704 5019 2826 5072 me,
2851 5004 2930 5083 lin
2977 5003 3106 5072 ipsis
3153 5002 3255 5067 sit,
3284 5010 3333 5058 et
3387 5017 3480 5073 ego
3524 5001 3581 5056 in
3628 5001 3761 5072 ipsis

2173 5083 2359 5172 (Joan,
2389 5093 2548 5168 xvlt).

2267 5189 2275 5194 ’
2779 5185 3007 5244 CAPUT
3046 5184 3157 5242 VII.

2246 5276 2316 5335 Et
2336 5281 2529 5352 hymno
2549 5281 2689 5335 dicto
2713 5281 2954 5338 exierunt
2980 5267 3037 5335 in
3063 5288 3291 5338 montem
3315 5277 3504 5336 Oliveti
3539 5276 3756 5350 (Matth.
3833 5318 3842 5329 .

2174 5371 2350 5443 xxvi).
2391 5369 2682 5442 Postquam
2733 5369 2996 5444 hymnum
3041 5369 3218 5429 laudis
3257 5379 3315 5428 et
3360 5370 3622 5430 orationis
3656 5384 3759 5444 pro
3816 5429 3820 5436 ,

2177 5463 2429 5518 omnibus
2456 5461 2798 5520 credentibus
2830 5463 2942 5522 Deo
2974 5461 3196 5520 offerret
3225 5463 3388 5536 (sicut
3421 5463 3584 5520 modo
3608 5461 3762 5520 audi-

2176 5555 2298 5624 stis,
2334 5551 2571 5628 fratres),
2613 5563 2896 5626 surgentes
2931 5563 3061 5611 tunc
3103 5555 3256 5612 ibant
3281 5555 3335 5610 in
3379 5563 3620 5612 montem
3647 5553 3759 5611 01i-

2174 5645 2288 5703 veti
2331 5645 2427 5702 Illo
2449 5645 2658 5701 scilicet
2677 5645 2988 5718 signiﬁcans
3009 5648 3152 5721 quod
3172 5661 3270 5718 per
3290 5644 3434 5702 illam
3454 5645 3758 5720 orationem

2175 5755 2279 5812 qua
2333 5754 2434 5812 pro
2481 5735 2587 5794 illis
2634 5737 2809 5793 oravit
2837 5737 2890 5792 in
2939 5747 3176 5811 montem
3223 5737 3607 5802 misericordia:
3658 5735 3756 5797 Dei
3794 5797 3807 5804 ,

2155 5831 2454 5916 .asceusuri
2487 5837 2716 5919 essent;
2761 5825 2937 5885 oleum
2973 5827 3154 5898 enim,
3176 5828 3320 5922 quod
3339 5828 3404 5909 'in
3438 5827 3530 5912 illo
3571 5836 3756 5897 monte
3791 5895 3800 5900 _

3000 5963 3124 6003 ³1⁸
3197 5960 3442 6013 Διη⁹ιέ

3197 6000 3255 6014 ,ιι
