4078 6538
492 461 601 533 139

1443 453 1446 458 ’
1492 468 1500 480 ³
1549 457 1754 523 -ΙΟΒλΕ
1793 455 2347 523 AURELIANENSIS
2383 461 2729 526 EPISCOPI‘

3639 449 3837 530 ιη’

486 604 674 654 nostro
695 634 709 660 ,
739 589 997 662 sanguine
1026 581 1258 660 proximi
1290 597 1314 626 δι
1347 580 1426 638 tui
1467 581 1766 638 cruentatis
1801 582 2054 638 manibus
2082 578 2139 640 Δ
2160 580 2512 640 demonstrat.
2563 581 2839 640 Cancrum
2871 579 2944 640 de
2975 581 3220 652 pendere
3247 581 3578 641 aestimando
3611 581 3749 643 deli-

487 695 542 742 te
589 683 925 757 impudenter
969 679 1207 736 inseris:
1239 685 1312 743 et,
1354 666 1497 746 quod
1519 672 1741 744 majoris
1769 681 1854 730 est
1881 671 2061 744 impu-

488 779 716 850 dentiae,
760 775 1042 834 nobiscum
1079 769 1409 844 participare
1451 784 1558 826 non
1588 769 1825 840 trepidas
1866 781 2063 838 corpus

489 877 545 926 et
587 859 902 939 sanguinem
969 857 1180 918 Domini
1227 859 1404 914 nostri
1453 850 1580 914 Jesu
1619 855 1868 918 Christi?
1909 855 2063 926 Quod

489 961 613 1016 dico
640 959 765 1030 plus
793 971 894 1013 usu
921 969 1083 1026 quam
1109 959 1237 1010 voto
1262 961 1522 1022 expertus
1551 944 1690 1010 sum.
1747 974 1750 980 ι

560 1051 698 1108 Cum
726 1051 890 1122 igitur
917 1056 1154 1117 tempora
1184 1046 1528 1117 poenitentiae
1557 1045 1762 1102 idcirco
1791 1045 1901 1104 sint
1927 1057 2060 1102 cou-

489 1144 677 1199 stituta
692 1183 708 1209 ,
733 1149 795 1198 ut
817 1137 1111 1196 satisfaciat
1136 1137 1405 1208 pmitens
1429 1136 1687 1194 Ecclesiae
1703 1177 1720 1202 ,
1747 1149 1912 1208 quam
1937 1151 2064 1208 pec—-

490 1234 660 1290 cando
701 1231 870 1295 laesit,
911 1229 1100 1284 nescio
1139 1234 1322 1284 utrum
1358 1225 1448 1282 ille
1487 1227 1866 1299 paenitentiam
1905 1225 2064 1299 digne

487 1334 645 1398 agat,
675 1322 766 1399 qui
791 1320 1096 1378 Ecclesiam
1122 1334 1286 1390 quam
1315 1317 1552 1388 primum
1581 1320 1858 1390 peccando
1888 1319 2026 1376 laesit
2047 1359 2062 1388 ,

486 1424 674 1488 postea
712 1421 820 1468 tam
864 1411 1165 1484 impudenti
1207 1410 1485 1468 consortio
1524 1410 1580 1465 in
1625 1411 1712 1470 sui
1755 1425 2064 1470 murmura-

487 1507 632 1562 tione
671 1513 728 1562 et
770 1505 1106 1564 detractione
1145 1504 1399 1562 devenire
1439 1504 1734 1578 compellit.
1782 1505 1910 1562 llaec
1955 1519 2066 1564 non

487 1600 552 1656 de
580 1597 826 1664 occultis,
853 1597 948 1654 sed
974 1599 1040 1654 de
1061 1595 1361 1654 manifestis
1387 1596 1710 1654 criminibus
1732 1597 1881 1654 dicta
1903 1605 2062 1666 sunt,

485 1705 606 1759 quae
644 1690 773 1746 dum
797 1688 1013 1761 publice
1053 1687 1430 1755 admittuntur,
1476 1683 1693 1760 publica
1735 1687 2068 1758 paenitentiae

486 1777 858 1838 satisfactione
888 1779 1164 1836 diiuantur
1191 1793 1412 1838 necesse
1439 1786 1543 1838 est.

557 1872 850 1948 [Qualiter
891 1879 1071 1930 autem
1113 1873 1168 1930 in
1214 1872 1303 1930 his
1347 1871 1790 1930 Occidentalibus
1821 1869 2067 1944 partibus

487 1966 790 2036 antiquitus
827 1980 956 2036 erga
996 1965 1324 2038 ptenitentes
1360 1981 1480 2022 mos
1514 1966 1858 2031 servabatur,
1891 1965 1945 2020 in
1979 1965 2074 2022 lii-

485 2055 655 2112 storia
696 2055 1064 2113 ecclesiastica
1106 2056 1380 2127 tripartita
1428 2052 1766 2114 Sozomenus
1803 2054 2070 2111 transcri-

485 2149 568 2204 bit
595 2165 611 2204 :
646 2167 666 2200 ι
699 2147 964 2216 Quoniam
994 2135 1248 2214 omnino,
1283 2147 1492 2218 inquit,
1523 2159 1636 2203 non
1672 2159 1900 2218 peccare
1929 2145 2078 2207 divi;

485 2256 613 2296 num
630 2281 646 2307 ,
678 2247 733 2296 et
762 2254 927 2311 supra
953 2238 1248 2296 humanam
1277 2247 1530 2298 naturam
1559 2254 1680 2296 esse
1705 2238 2068 2312 cognoscitur,

483 2333 841 2404 peccantibus
879 2341 937 2388 et
973 2331 1350 2403 paenitentiam
1399 2331 1682 2403 agentibus
1721 2331 1937 2388 veniam
1965 2328 2073 2384 Do-

483 2423 664 2479 minus
687 2423 948 2495 prtecepit
972 2439 988 2490 ;
1013 2422 1106 2493 qui
1129 2437 1266 2480 vero
1289 2421 1540 2480 conﬁteri
1564 2421 1872 2494 refugiunt,
1897 2420 2073 2492 majus

485 2522 772 2586 peccatum
812 2515 1120 2585 acquirunt.
1167 2513 1466 2586 Propterea
1496 2514 1672 2570 visum
1715 2521 1798 2568 est
1835 2509 2074 2582 antiquis

481 2603 865 2674 pontiﬁcibus,
895 2611 956 2660 ut
986 2605 1134 2662 velut
1162 2605 1221 2661 in
1249 2606 1466 2661 theatro
1498 2604 1600 2662 sub
1629 2604 1938 2660 testimonio
1977 2618 2070 2660 eco-

483 2693 793 2753 clesiastico
813 2695 994 2767 populi
1019 2695 1216 2752 delicta
1237 2697 1578 2768 pandantur;
1603 2701 1659 2750 et
1681 2695 1750 2752 ad
1773 2695 1916 2750 hanc
1943 2709 2072 2750 caur

484 2801 600 2842 sam
641 2787 907 2856 probum,
952 2788 1108 2842 bonae
1147 2787 1608 2852 conversationis,
1651 2793 2073 2856 servantemquo

483 2885 756 2934 secretum
777 2917 792 2942 ,
824 2892 888 2932 ac
913 2877 1213 2948 sapientem
1240 2878 1418 2934 virum
1441 2883 1788 2944 statuerunt;
1818 2875 1884 2932 ad
1909 2891 2072 2946 quem

481 2970 803 3026 accedentes
835 2969 892 3024 bi
920 2969 1014 3042 qui
1041 2969 1460 3041 deiinquebant,
1488 2963 1689 3026 delicta
1729 2969 1948 3043 propria
1993 2968 2073 3029 fa—

485 3063 760 3122 tebantur.
805 3061 878 3118 At
921 3061 1011 3118 ille
1051 3061 1347 3120 secundum
1389 3059 1816 3132 uniuscujusque
1856 3061 2072 3132 culpam

481 3155 700 3212 dicebat
721 3162 777 3212 et
802 3152 1103 3220 mulctam;
1135 3153 1280 3224 quod
1301 3152 1470 3210 etiam
1497 3153 1760 3212 hactenus
1785 3153 2074 3225 diligenter

482 3247 540 3300 in
596 3245 1040 3302 Occidentalibus
1087 3254 1340 3306 servatur
1388 3246 1675 3314 ecclesiis,
1726 3255 1786 3304 et
1835 3247 2074 3302 maxime

2167 681 2378 731 ctorum
2403 675 2708 730 sacerdotis
2737 681 2828 730 est
2844 672 3124 745 judicare,
3151 675 3488 732 ut'attendat
3524 677 3592 734 ad
3621 690 3752 735 com

2167 765 2462 824 fessionem
2502 767 2850 838 pmnitentis,
2881 771 2943 822 et
2961 765 3032 822 ad
3061 764 3218 822 ﬂetus
3245 774 3300 822 et
3329 763 3600 840 iacrytnas
3625 783 3753 838 cor-

2167 859 2428 930 rigentis.
2460 873 2528 914 ac
2555 867 2670 913 tum
2703 856 2899 928 jubere
2938 857 3134 914 dimitti
3159 899 3176 924 ,
3217 868 3343 914 cum
3380 859 3578 920 viderit
3619 877 3754 918 con-

2168 961 2358 1024 gruam
2389 949 2846 1010 satisfactionem;
2870 947 3026 1005 Sane
3055 951 3107 1006 si
3132 951 3255 1020 quis
3285 950 3342 1007 in
3369 951 3754 1024 aegritudinem

2168 1042 2452 1112 inciderit,
2492 1052 2654 1112 atque
2679 1055 2854 1112 usque
2883 1041 2960 1097 ad.
2977 1041 3412 1116 desperationem
3437 1043 3751 1117 devenerit,

2167 1133 2216 1188 ei
2249 1140 2333 1191 est
2362 1140 2490 1189 ante
2520 1141 2734 1202 tempus
2760 1131 2985 1188 Paschze
3013 1130 3365 1202 relaxandum
3386 1171 3401 1200 ,
3427 1145 3500 1192 ne
3538 1133 3607 1190 de
3645 1149 3753 1192 sa»

2169 1221 2291 1280 culo
2318 1220 2524 1294 absque
2548 1221 2930 1280 communione
2955 1221 3214 1279 discedat.
3254 1241 3274 1275 ι
3301 1219 3324 1294 ]

2238 1353 2374 1413 Illud
2401 1355 2566 1412 etiam
2597 1353 2821 1411 minime
2847 1354 3282 1426 praetereundum
3309 1359 3396 1410 est
3414 1394 3430 1420 ,
3461 1352 3605 1425 quod
3633 1351 3760 1425 qui-

2171 1439 2296 1509 dam
2337 1458 2682 1522 peccatorum
2715 1463 2938 1509 suorum
2975 1448 3211 1516 conscii,
3239 1447 3522 1519 imperitos
3547 1447 3764 1504 anima—

2172 1558 2296 1598 rum
2337 1559 2561 1599 suarum
2599 1545 2841 1602 medicos
2875 1551 3170 1614 expetunt,
3212 1549 3274 1598 ut
3313 1539 3416 1598 sibi
3457 1541 3524 1600 ad
3565 1548 3760 1599 votum

2173 1649 2331 1692 suum
2358 1629 2692 1705 poenitentia:
2718 1643 2962 1706 tempora
3002 1635 3319 1706 imponant;
3351 1641 3408 1690 et
3433 1633 3639 1704 peritos
3679 1635 3766 1690 idp-

2173 1729 2321 1784 circo
2365 1727 2678 1794 declinant,
2708 1743 2778 1784 ne
2809 1727 3084 1784 auster-ius
3110 1727 3450 1798 ptenitentiae
3475 1743 3572 1787 eos
3602 1725 3760 1782 addi-'-

2177 1829 2324 1874 caut.
2359 1817 2420 1874 Si
2449 1819 2594 1874 enim
2622 1819 2836 1890 peritus
2861 1817 3103 1876 medicus
3141 1818 3212 1874 ad
3249 1817 3471 1874 morbos
3511 1817 3766 1887 corporis

2099 1947 2150 2013 Β
2174 1910 2451 1982 pellendos
2500 1910 2780 1982 quaeritur,
2821 1918 3024 1980 quanto
3061 1909 3234 1980 magis
3275 1908 3518 1968 medicus
3566 1909 3770 1966 animai

2175 2003 2544 2076 peritissimus
2571 2001 2894 2074 quaerendus
2918 2004 3037 2060 est?
3060 2001 3130 2060 Ut
3153 2017 3283 2074 ergo
3313 2003 3450 2060 artis
3475 2003 3768 2062 medicinas

2174 2099 2426 2165 nescius,
2467 2097 2597 2154 dum
2649 2113 2844 2154 curare
2891 2097 3067 2153 nescit
3100 2097 3300 2152 Vulnus
3336 2095 3608 2166 corporis.
3651 2109 3769 2152 non

2175 2191 2307 2247 illud
2337 2191 2537 2248 minuit
2555 2231 2569 2259 ,
2601 2192 2696 2248 sed
2726 2191 2902 2262 magis
2931 2191 3250 2262 plerumque
3287 2189 3686 2246 incrementum
3711 2188 3770 2246 ei

2175 2285 2369 2340 addit:
2406 2285 2482 2340 ita
2519 2291 2575 2340 et
2621 2285 2906 2356 imperitus
2957 2284 3198 2340 medicus
3243 2283 3574 2345 animarum,
3629 2281 3766 2337 dum

2173 2391 2364 2434 eorum
2413 2379 2766 2450 languoribus
2813 2377 3021 2434 mederi
3073 2377 3246 2432 videri
3295 2375 3444 2441 vult,
3497 2374 3626 2446 quia
3673 2373 3766 2431 his

2175 2486 2412 2544 congrua
2441 2471 2836 2529 medicamenta
2865 2471 3040 2527 nescit
3066 2469 3327 2526 adbibere
3349 2509 3364 2535 ,
3391 2469 3614 2524 eosdem
3644 2467 3771 2524 ian-

2173 2577 2374 2636 guores
2425 2565 2665 2620 creditur
2718 2564 3138 2619 incrementum.
3200 2559 3280 2615 De
3331 2559 3533 2616 talibus
3580 2559 3768 2630 inquit

2171 2655 2434 2713 Dominus
2466 2673 2564 2728 per
2597 2657 2923 2728 prophetam
2953 2674 2965 2706 :
3009 2651 3359 2723 Vini/leuant
3399 2651 3607 2706 animos
3643 2659 3767 2723 quas

2174 2763 2281 2804 non
2313 2747 2546 2803 vivebant
2584 2763 2602 2799 :
2634 2756 2682 2802 et
2711 2744 3100 2815 mortiﬁcabant
3127 2743 3336 2798 animos
3368 2755 3490 2814 quin
3516 2755 3621 2798 non
3648 2752 3768 2796 m-

2175 2839 2449 2894 riebantur
2475 2835 2717 2912 (Each.
2743 2849 2844 2893 xm
2863 2878 2876 2904 ,
2907 2835 3036 2909 18).
3501 2833 3508 2846 '
3737 2843 3744 2852 ‘

2247 2971 2388 3032 Sunt
2435 2972 2599 3030 etiam
2649 2971 2900 3044 plerique
2935 2966 3211 3044 spiritales
3243 2967 3476 3038 medici,
3513 2969 3608 3046 qui
3643 2985 3764 3030 me-

2175 3059 2334 3122 dendi
2367 3061 2683 3124 animarum.
2706 3057 2927 3122 vulnera
2958 3052 3162 3125 habent
3187 3055 3472 3116 scientiam
3491 3099 3506 3126 ,
3537 3059 3635 3115 sed
3673 3061 3770 3124 aut

2175 3153 2382 3216 amoris
2414 3154 2654 3226 proprii,
2693 3161 2784 3211 aut
2818 3149 3148 3219 adulationis
3191 3167 3357 3209 causa
3401 3159 3618 3222 errata,
3671 3141 3768 3230 qui

2175 3237 2284 3303 sibi
2329 3256 2518 3300 eorum
2568 3240 2969 3301 confessionem
3018 3244 3367 3314 peccatorum
3417 3255 3639 3298 suorum
3687 3235 3770 3296 fa-

485 3336 629 3408 apud
657 3335 921 3404 Romam,
953 3335 1046 3394 ubi
1073 3328 1239 3392 etiam
1268 3333 1420 3394 locus
1443 3343 1662 3392 erectus
1687 3343 1774 3392 est
1798 3337 2068 3406 pmniten-
2091 3323 2142 3390 C
2175 3337 2358 3406 ciunt,
2397 3333 2770 3398 saluberrimae
2802 3332 3138 3406 poenitentiae
3179 3333 3357 3410 rigore
3393 3331 3556 3390 ferire
3605 3329 3764 3388 refu-

486 3431 644 3487 tium.
698 3429 859 3488 Stant
889 3431 1035 3488 enim
1083 3430 1166 3486 rei
1209 3438 1265 3486 et
1309 3429 1457 3486 velut
1493 3430 1549 3486 in
1588 3428 2064 3486 lamentationibus

485 3523 766 3580 constituti
794 3540 810 3590 ;
841 3524 968 3580 dum
999 3523 1147 3578 enim
1178 3535 1336 3578 sacra
1365 3521 1665 3580 celebratio
1693 3521 1860 3580 fuerit
1889 3521 2066 3578 edim-

2169 3431 2344 3510 giunt.
2383 3429 2459 3486 De
2493 3429 2691 3501 quibus
2727 3443 2917 3492 rursus
2953 3425 3218 3490 Dominus
3246 3441 3348 3502 per
3395 3423 3765 3500 prophetam:

2185 3521 2303 3590 Vc,
2335 3521 2542 3592 inquit,
2572 3523 2656 3584 liis
2682 3522 3064 3594 quiconsuunt
3091 3510 3336 3590 pulvillos
3369 3517 3464 3572 sub
3495 3518 3640 3573 omni
3669 3534 3767 3574 cu-

480 3615 624 3687 pieta
643 3655 658 3682 ,
693 3607 1236 3672 illi'communionem
1263 3604 1375 3670 non
1401 3613 1787 3684 percipientes,
1823 3627 1948 3670 cum
1973 3625 2068 3684 ge-
2173 3614 2285 3672 bitu
2313 3629 2505 3673 manus
2527 3627 2546 3666 :
2575 3621 2626 3670 et
2667 3611 2870 3686 faciunt
2903 3609 3179 3678 cervicalia
3218 3607 3316 3664 sub
3357 3609 3526 3682 capite
3557 3609 3771 3690 univer-

483 3710 618 3764 mitu
646 3717 703 3763 et
731 3707 1118 3764 lamentatione
1148 3706 1472 3776 semetipsos
1499 3706 1556 3761 in
1585 3714 1788 3764 terram
1827 3713 2068 3775 proster-
2172 3721 2247 3761 sat
2273 3706 2447 3763 (etatis
2477 3704 2546 3758 ad
2575 3703 2859 3776 capiendas
2889 3703 3096 3763 animas
3126 3697 3305 3774 (Ibid.
3331 3696 3370 3774 ).
3405 3697 3560 3754 Hunc
3587 3697 3770 3754 locum

485 3807 652 3866 nunt,
696 3799 765 3856 ad
805 3813 941 3868 quos
982 3811 1316 3856 concurrens
1353 3797 1668 3868 episcopus,
1699 3805 1756 3852 et
1791 3796 1909 3866 ipse
1941 3805 2070 3849 cum
2175 3811 2314 3869 papa
2373 3793 2672 3868 Gregorius,
2724 3794 2778 3852 in
2834 3793 2978 3866 libro
3029 3781 3300 3849 Pastorali
3357 3791 3434 3848 ita
3488 3789 3716 3862 exponit
3750 3807 3765 3848 :

483 3887 740 3960 iacrymis
777 3895 832 3944 et
870 3888 1075 3958 gemitu
1115 3888 1347 3959 spiritali
1377 3888 1766 3958 prosternitur,
1795 3895 1859 3941 ut
1883 3886 2067 3944 omnis
2181 3907 2200 3941 ι
2236 3887 2499 3954 Pulvillus
2537 3887 2736 3964 quippe
2767 3886 2873 3947 sub
2907 3884 3059 3943 omni
3095 3884 3284 3940 cubitu
3319 3897 3511 3943 manus
3547 3891 3634 3938 est
3667 3898 3771 3958 po-

486 3976 730 4032 ecclesire
758 3975 909 4047 plebs
937 3975 1154 4032 ﬂetibus
1182 3976 1514 4032 intendatur.
1559 3976 1692 4036 Post
1734 3977 1840 4032 hoc
1884 3985 2066 4034 autem
2175 3993 2345 4054 nere,
2377 3979 2636 4043 cadentes
2673 3995 2702 4044 ει
2741 3993 2840 4040 sua
2875 3974 3204 4040 rectitudine
3240 3974 3479 4041 animas,
3512 3982 3676 4044 atque
3712 3971 3768 4028 in

483 4067 634 4138 prior
679 4067 854 4138 surgit
891 4066 1208 4137 episcopus,
1250 4075 1307 4122 et
1341 4067 1520 4124 elevat
1557 4066 1805 4136 iacentes
1833 4081 1865 4120 a
1896 4075 2066 4124 terra.
2176 4067 2483 4142 huiusmodi
2514 4083 2574 4126 se
2604 4066 2963 4126 delectatione
2991 4065 3321 4133 reclinantes
3349 4063 3542 4120 blanda
3574 4061 3766 4120 adula-

485 4159 639 4214 Tunc
667 4165 1040 4229 competenter
1066 4174 1165 4228 pro
1192 4157 1584 4229 paenitentibus
1611 4159 1753 4214 facta
1780 4159 2064 4227 oratione,
2175 4162 2326 4226 tione
2353 4160 2602 4218 relevere
2628 4177 2642 4214 :
2671 4159 2827 4232 quasi
2855 4158 3004 4219 enim
3031 4156 3251 4229 puivillo
3279 4155 3514 4238 cubitus,
3547 4151 3628 4212 vel
3654 4169 3774 4210 cer-

485 4248 712 4309 dimittit
749 4263 979 4316 omnes;
1023 4259 1081 4304 at
1116 4239 1192 4306 iiii
1231 4249 1611 4306 aillictionibus
1649 4257 1839 4321 sponte
1869 4264 2068 4308 vaean-
2177 4251 2442 4310 vicaiibus
2469 4259 2634 4330 caput
2656 4250 2909 4322 pauentis
2937 4249 3228 4322 excipitur.
3253 4263 3376 4306 cum
3405 4247 3772 4316 correptionis

485 4347 599 4407 tes,
643 4349 736 4396 aut
767 4339 1022 4412 ieiuniis,
1054 4349 1148 4398 aut
1188 4341 1512 4397 abstinentia
1547 4341 1767 4408 lavacri,
1813 4353 1906 4398 aut
1947 4355 2068 4400 sus-
2177 4345 2380 4408 duritia
2408 4343 2656 4416 peccasti
2687 4341 3046 4408 subtrahitur,
3079 4342 3238 4410 eique
3268 4334 3524 4396 mollities
3552 4338 3763 4396 favoris

483 4428 744 4497 pensione
785 4429 1062 4498 ciborum.
1125 4437 1220 4486 aut
1261 4430 1424 4487 rebus
1463 4431 1588 4488 aliis
1625 4447 1748 4502 qua:
1785 4431 2064 4502 iubentur,
2177 4436 2488 4502 adhibetur,
2521 4444 2581 4494 ut
2612 4435 2666 4496 in
2697 4449 2883 4497 errore
2914 4431 3149 4504 molliter
3170 4431 3382 4506 jaceat,
3417 4446 3576 4502 quem
3607 4427 3760 4486 nulla

485 4527 803 4592 exspectant
831 4535 1120 4580 commune
1151 4529 1362 4592 tempus
1387 4523 1533 4593 quod
1577 4523 1821 4579 decernit
1856 4523 2069 4594 episco-
2177 4529 2444 4600 asperitas
2471 4525 2918 4588 contradictionis
2943 4524 3142 4606 pulsat.
3175 4544 3193 4578 ›
3229 4519 3294 4580 Hi
3325 4531 3506 4581 autem
3537 4521 3628 4592 qui
3658 4519 3772 4576 im-

483 4627 610 4685 pos.
643 4611 952 4671 Constituto
979 4629 1112 4672 vero
1138 4623 1385 4686 tempore
1410 4615 1560 4672 velut
1598 4617 1870 4686 quoddam
1913 4618 2068 4672 debi-
2094 4679 2150 4701 π
2174 4623 2383 4693 peritos
2415 4621 2726 4689 adulatores
2759 4619 3072 4683 animarum
3098 4635 3317 4679 suarum
3345 4619 3584 4701 medicos
3611 4633 3770 4694 quae-

485 4713 603 4762 tum
643 4704 988 4762 exsolventes
1033 4705 1410 4774 aﬂlictionem,
1461 4717 1684 4788 peccato
1725 4711 1901 4764 curati
1944 4725 2069 4765 cum
2097 4704 2151 4738 ν
2181 4722 2342 4780 runt,
2395 4727 2533 4768 vana
2581 4710 2882 4778 securitate,
2913 4725 2972 4769 se
3007 4709 3155 4782 ipsos
3191 4709 3482 4790 decipiunt.
3526 4708 3608 4764 Ad
3660 4705 3774 4767 hoc

485 4797 682 4868 populo
710 4800 1144 4856 communionem
1172 4801 1586 4872 participantur.
1610 4823 1632 4863 ι
1671 4802 1797 4859 Hace
1822 4819 1953 4876 ergo
1973 4817 2069 4858 ιλιι-ρ
2179 4818 2376 4874 nempe
2410 4801 2546 4867 tales
2570 4817 2830 4878 quaerere
2845 4800 3056 4868 solent,
3093 4808 3156 4858 ut
3187 4801 3244 4856 in
3275 4800 3592 4882 pmniwndo
3624 4815 3771 4873 pene

485 4890 716 4962 tiquitus
754 4892 988 4950 Romani
1035 4894 1322 4965 pontiﬁces
1369 4911 1538 4966 usque
1563 4898 1632 4952 ad
1665 4907 1907 4952 nostrum
1941 4911 2070 4952 con-
2175 4892 2318 4952 nihil
2348 4890 2660 4956 amictiouis
2695 4906 2892 4966 corpus
2927 4905 3115 4960 eorum
3164 4890 3408 4970 sentiat:
3459 4889 3768 4970 praesertim

487 4991 846 5040 servaverunt
892 4993 1124 5055 tempus.
1173 4985 1422 5054 Qualiter
1467 4997 1650 5046 autem
1699 4999 1756 5044 et
1797 4989 2069 5060 quomodo
2177 4999 2304 5041 cum
2352 4983 2616 5056 praefatus
2661 5000 2799 5060 papa
2845 4983 3138 5058 Gregorius
3188 4967 3377 5066 dicat;
3415 5001 3434 5033 ‹
3463 4967 3604 5070 Caro
3641 4967 3770 5070 laeta

486 5073 814 5143 paenitentiae
858 5077 928 5132 ad
973 5077 1373 5148 suscipiendam
1399 5080 1646 5150 corporis
1690 5089 1748 5156 et
1791 5081 2072 5154 sanguinis
2179 5089 2281 5156 nos
2310 5075 2478 5130 traxit
2503 5075 2572 5130 ad
2599 5084 2860 5139 mortem,
2895 5073 3094 5132 amicta
3125 5062 3348 5156 reducat
3371 5073 3441 5131 ad
3465 5062 3711 5130 veniam.
3738 5093 3763 5128 ι

488 5162 705 5224 Domini
731 5166 961 5236 gratiam
983 5170 1242 5227 accedere
1267 5170 1506 5230 debeant
1523 5209 1538 5236 ,
1560 5171 1904 5230 innocentius
1929 5185 2071 5242 papa

486 5255 543 5314 in
573 5253 942 5314 Decretalibus
964 5259 1079 5316 suis
1101 5260 1417 5330 plenissime
1441 5262 1632 5326 docet,
1659 5261 2066 5322 transui-ibatis:

493 5365 512 5398 ι
547 5344 624 5404 De
652 5347 1045 5418 pmnitentibus
1071 5359 1284 5418 autem.
1331 5351 1423 5422 qui
1463 5351 1581 5408 sive
1617 5365 1689 5406 ex
1729 5351 2071 5424 gravioribus

487 5440 795 5512 commissis
811 5481 828 5509 ,
851 5442 972 5502 sive
997 5459 1063 5500 ex
1089 5435 1390 5508 levioribus
1413 5444 1794 5515 penitentiam
1835 5455 2032 5517 gerunt
2048 5487 2066 5515 ,

487 5529 534 5584 si
560 5530 707 5586 nulla
743 5532 1067 5590 interveniat
1091 5535 1380 5605 aegritudo,
1414 5535 1601 5608 quinta
1641 5535 1778 5592 feria
1803 5545 1934 5596 ante
1962 5538 2064 5594 Pa-

487 5626 617 5681 scha
647 5627 729 5684 eis
753 5630 1136 5686 remittendum
1163 5629 1420 5692 Romana:
1447 5619 1704 5690 Ecclesiae
1733 5633 2064 5692 consuetudo

560 5771 584 5840 ξ
640 5757 908 5845 Sanguine
959 5762 1227 5845 praebui;
1259 5761 1338 5845 Ita
1393 5763 1628 5845 optimus
1687 5766 1857 5845 cedet
1909 5765 2060 5845 ,ςιιιι-Σ

487 5827 646 5906 Prior
687 5827 851 5888 editio
895 5827 1016 5906 εαξη
1061 5831 1300 5888 manibus
1340 5827 1608 5906 isaiguine
1663 5831 1848 5906 plenis.
1907 5835 2063 5904 Quod

489 5901 731 5970 sequitur
774 5917 842 5958 ex
888 5902 1193 5960 Sozomeno
1245 5915 1302 5960 et
1337 5901 1648 5964 innocentio
1663 5901 1816 5978 papa
1855 5901 2063 5965 exscri-

2248 5155 2423 5226 Porro
2453 5163 2519 5222 de
2549 5165 2877 5239 abstinentia
2915 5165 3003 5224 cui
3039 5152 3254 5240 quidam
3293 5165 3620 5240 ptenitentes
3653 5164 3771 5220 dis-

2177 5267 2329 5318 creto
2355 5265 2413 5314 et
2447 5255 2810 5326 laudabiliter,
2841 5244 3071 5342 quidam
3100 5253 3230 5322 Vero
3267 5251 3562 5325 indiscrete.
3589 5261 3644 5314 ει
3675 5251 3770 5327 εἶθ’

2175 5349 2443 5424 gligenter
2471 5364 2540 5408 se
2566 5350 2804 5412 subdere
2831 5349 3034 5420 solent,
3064 5348 3316 5424 Prospen'
3347 5347 3614 5410 sententia
3631 5348 3768 5412 haec

2177 5452 2262 5500 est
2293 5429 2358 5497 it:
2386 5460 2406 5494 ι
2427 5442 2668 5498 Membra
2687 5483 2702 5509 ,
2735 5442 2943 5514 inquit,
2971 5457 3067 5502 sua
3081 5483 3102 5523 ρ
3134 5455 3254 5516 quae
3297 5452 3424 5508 sunt
3451 5455 3630 5530 super,
3652 5450 3767 5496 ter-

2177 5549 2320 5600 ram,
2340 5531 2672 5596 mortitieant
2685 5573 2702 5607 _,
2723 5534 2936 5603 quando
2960 5531 3198 5608 insolens
3217 5527 3412 5604 corpus
3429 5527 3764 5604 ieiuniorum

2178 5625 2916 5697 continuationeeastigant;
2944 5625 3160 5696 quando
3207 5624 3350 5686 intra
3387 5619 3763 5693 necessarium

2174 5766 2336 5830 ptum
2360 5763 2444 5830 est
2472 5771 2504 5814 e
2531 5744 2716 5830 codice
2739 5747 2972 5812 Clarom.

2125 5883 2138 5889 ._
2177 5809 2504 5886 "31.5.31
2532 5809 3076 5898 ὀὲῖὶὶεᾙῐηιέωρ.ς
3101 5809 3220 5896 cap.
3251 5819 3356 5894 ελ,
