3964 6448
491 372 600 431 199

1558 362 1752 422 ΙΟΝᾸΕ
1768 354 2349 419 'AURELIANENSIS
2356 353 2694 423 fEPISCOPl

492 483 854 557 disciplinam,
899 482 1060 538 existi
1104 481 1247 536 inde.
1288 499 1307 533 ι
1359 477 1509 533 Multi
1549 493 1741 547 nempe
1781 446 1929 540 sunt,
1979 472 2073 544 qui

2187 470 2324 524 niens
2361 470 2546 537 o/feres
2573 484 2763 524 munus
2799 477 2945 523 tuum
2977 466 3194 542 (Himb.
3222 485 3277 537 ν,
3306 470 3420 545 23).
3452 471 3522 528 Et
3544 473 3683 529 alibi
3704 476 3759 530 in

490 577 633 633 hanc
686 575 1069 639 recessionem,
1118 580 1172 627 et
1216 573 1357 626 hunc
1395 572 1598 625 exitum
1638 570 1838 635 facere,
1871 576 1926 624 et
1970 569 2074 624 hoc

490 665 829 722 immundum
853 679 960 717 non
993 672 1211 734 tangere
1235 661 1649 732 parvipendunt.
1683 660 1820 715 Dum
1842 660 1988 715 enim
2017 661 2071 714 in

493 755 743 810 domibus
763 754 875 808 suis
894 753 1127 822 rapinas,
1152 752 1529 821 oppressiones
1553 767 1874 822 pauperum,
1903 750 2069 818 furta,

493 846 782 911 adulteria,
811 852 867 899 et
893 851 1087 899 caetera
1122 842 1407 896 innumera
1444 842 1583 896 mala
1614 842 1731 897 fieri
1769 843 1973 909 sinunt,
2017 852 2074 897 et

494 939 681 994 talium
740 937 1010 1007 obsequiis
1063 934 1303 1001 deliniti,
1362 937 1620 992 societate
1666 935 1935 1001 delectati,
1993 934 2073 991 eis

494 1032 657 1087 corde
697 1030 1025 1101 junguntur,
1071 1029 1255 1100 procul
1292 1028 1455 1084 dubio
1499 1044 1607 1084 non
1652 1029 1777 1083 inde
1813 1029 2070 1085 recedere

493 1122 930 1192 comprobantur.
954 1117 1089 1174 Cum
1112 1134 1242 1174 vero
1258 1118 1453 1174 talibus
1476 1119 1827 1187 peccantibus
1849 1134 2077 1173 consen-

493 1214 656 1280 tiunt,
704 1212 769 1267 ab
811 1227 1001 1267 eorum
1037 1212 1312 1267 consortio
1344 1226 1451 1264 non
1479 1219 1698 1265 exeunt.
1747 1209 1883 1264 Cum
1909 1210 2076 1280 igitur

496 1319 627 1375 erga
674 1301 1045 1372 hujuscemodi
1091 1302 1466 1371 delinquentes
1503 1316 1797 1372 congruam
1836 1301 2076 1371 discipli-

493 1408 618 1449 nam
645 1393 1062 1449 non'exhibent.
1093 1392 1375 1464 pollutum,
1400 1402 1455 1447 et
1486 1393 1823 1447 immundum
1856 1394 2076 1450 minime

492 1492 715 1560 tangere
740 1493 953 1541 cavent.
992 1484 1215 1540 Videant
1245 1486 1425 1555 itaque
1453 1482 1822 1553 hujuscemodi
1844 1485 2072 1555 praelati,

491 1575 705 1645 qualem
746 1592 877 1647 erga
930 1575 1069 1632 male
1126 1586 1348 1647 agentes
1382 1577 1619 1647 rigorem
1658 1577 1968 1647 disciplinae,
2022 1585 2077 1634 et

489 1683 619 1737 erga
660 1684 950 1739 oppressos
987 1683 1148 1739 opera
1193 1668 1581 1724 misericordiae
1617 1670 1806 1725 beatus
1832 1669 1934 1725 Job
1975 1670 2075 1725 im-

490 1758 779 1829 pendebat.
821 1758 915 1813 Ait
955 1773 1188 1828 namque
1227 1778 1239 1814 :
1279 1759 1437 1813 Auris
1484 1759 1702 1814 audiens
1748 1760 2076 1829 beatificabat

2175 561 2466 630 Evangelia
2492 579 2505 613 :
2542 561 2825 625 Accedens,
2842 561 3034 630 inquit,
3059 563 3251 617 Petrus
3273 563 3343 617 ad
3361 562 3544 619 Iesum
3572 566 3714 621 dicit
3739 580 3759 620 :

2175 652 2416 717 Domine,
2443 652 2644 723 quoties
2675 654 2960 722 peccaverit
2990 654 3044 707 in
3072 670 3154 708 me
3184 655 3353 723 frater
3376 672 3546 721 meus,
3574 658 3760 712 dimit-

2173 758 2283 804 tam
2310 765 2471 819 usque
2495 749 2723 818 septies?
2747 746 2847 802 Cui
2874 750 3153 819 :respondit
3185 749 3437 805 Dominus
3465 766 3485 805 :
3517 767 3625 805 non
3664 766 3757 806 us-

2172 856 2272 911 que
2298 841 2483 910 septies
2506 855 2524 904 ;
2555 838 2646 892 sed
2674 854 2836 908 usque
2861 839 3157 910 septuagies
3183 840 3372 910 septies
3399 838 3564 913 (Ibid.
3598 856 3759 907 xvm,

2174 930 2288 1002 2i).
2320 930 2388 985 Et
2415 939 2538 1001 post
2570 931 2749 1001 aliqua
2788 948 2802 984 :
2850 931 2941 986 Sic
2969 942 3019 985 et
3048 931 3213 987 Pater
3249 949 3396 989 meus
3426 934 3650 990 celestis
3679 935 3761 1004 fa-

2173 1022 2271 1076 ciet
2296 1020 2453 1085 vobis,
2485 1023 2531 1076 si
2559 1038 2664 1075 non
2691 1022 2995 1076 remiseritis
3015 1025 3374 1095 unusquisque
3395 1024 3552 1094 fratri
3573 1043 3677 1081 suo
3698 1026 3762 1082 de

2175 1115 2421 1169 cordibus
2464 1116 2647 1169 vestris
2676 1114 2839 1187 (Ibid.
2872 1116 3062 1187 xxxv).
3093 1115 3248 1183 Quod
3283 1117 3357 1172 ita
3401 1118 3598 1174 beatus
3622 1119 3765 1174 edis-

2178 1206 2312 1261 serit
2338 1205 2706 1277 Hieronymus
2732 1218 2758 1248 ι
2790 1224 2805 1259 :
2849 1224 2869 1257 ι
2905 1205 3300 1272 Formidolosa,
3331 1207 3527 1276 inquit,
3549 1217 3766 1264 senten-

2176 1300 2274 1365 tia,
2303 1299 2351 1355 si
2387 1297 2542 1367 juxta
2593 1306 2844 1355 nostram
2888 1308 3125 1354 mentem
3164 1299 3434 1354 sententia
3469 1299 3567 1354 Dei
3594 1298 3765 1356 flecti-

2178 1400 2287 1457 tur,
2316 1402 2481 1462 atque
2506 1399 2771 1447 mutatur.
2802 1390 2860 1447 Si
2888 1406 3056 1462 parva
3100 1391 3363 1446 fratribus
3395 1405 3505 1447 non
3530 1391 3766 1447 dimitti-

2178 1499 2319 1550 mus,
2350 1482 2560 1553 majora
2590 1485 2747 1540 nobis
2776 1500 2807 1538 a
2836 1484 2947 1540 Deo
2981 1500 3089 1540 non
3118 1484 3491 1539 dimittuntur.
3538 1483 3611 1540 Et
3638 1484 3765 1555 quia

2177 1584 2355 1646 potest
2381 1577 2754 1647 unusquisque
2783 1576 2986 1642 dicere,
3019 1576 3154 1631 nihil
3177 1575 3354 1632 habeo
3393 1584 3587 1631 contra
3619 1590 3764 1641 eum,

2179 1666 2297 1736 ipse
2324 1667 2474 1721 novit
2501 1681 2517 1720 :
2548 1665 2710 1721 habet
2732 1665 2900 1722 Deum
2924 1666 3183 1737 judieem,
3220 1680 3329 1720 non
3356 1673 3442 1722 est.
3462 1664 3596 1720 mihi
3621 1677 3767 1720 cura

2179 1756 2311 1826 quid
2337 1755 2470 1811 velit
2512 1772 2694 1827 agere,
2726 1771 2828 1827 ego
2871 1757 3054 1828 ignovi
3078 1756 3130 1812 ei
3162 1775 3175 1809 :
3208 1756 3497 1812 confirmat
3548 1764 3766 1812 senten~

491 1864 573 1904 me
599 1865 617 1903 :
640 1858 690 1902 et
719 1848 902 1903 oculus
924 1850 1104 1904 videns
1126 1851 1479 1904 testimonium
1503 1850 1746 1904 reddebat
1769 1852 1918 1916 mihi,
1937 1851 2075 1921 quod
2105 1842 2152 1901 B
2181 1849 2312 1904 tiam
2337 1866 2488 1905 suam
2516 1859 2574 1905 et
2595 1866 2813 1906 omnem
2842 1851 3249 1907 simulationem
3275 1850 3416 1907 ficta:
3437 1851 3594 1921 pacis
3616 1865 3770 1906 ever-

491 1937 792 1994 liberassem
834 1956 1112 2011 pauperem
1160 1940 1561 2010 vociferantem,
1598 1951 1646 1996 et
1692 1941 1948 2012 pupillum
1996 1944 2080 1996 cui

496 2046 602 2084 non
613 2040 742 2086 esset
759 2032 828 2085 ad
822 2032 988 2101 jutor.
1006 2031 1306 2086 Benedictio
1316 2032 1534 2103 perituri
1548 2050 1707 2103 supra
1723 2050 1803 2087 me
1815 2033 2080 2100 veniebat;

490 2130 543 2176 et
560 2138 651 2175 cor
678 2124 849 2177 vidua:
884 2124 1181 2179 consolatus
1209 2142 1345 2180 sum.
1378 2126 1600 2181 Iustitia
1615 2127 1832 2181 indutus
1862 2145 2000 2193 sum,
2031 2137 2082 2183 et

492 2213 668 2268 vestivi
708 2230 789 2268 me
826 2215 959 2268 sicut
992 2216 1291 2270 vestimento
1313 2226 1363 2271 et
1384 2217 1681 2271 diademate
1699 2217 1909 2287 judicio
1942 2235 2078 2275 meo.

496 2299 696 2357 Oculus
718 2302 799 2372 fui
822 2320 981 2369 cteco,
996 2313 1045 2358 et
1067 2321 1156 2374 pes
1175 2304 1364 2359 claudo
1387 2318 1406 2357 :
1426 2315 1576 2375 pater
1596 2322 1740 2360 eram
1752 2325 2080 2378 pauperum;

495 2400 546 2447 et
576 2410 791 2448 causam
821 2412 981 2465 quam
1024 2397 1316 2452 nesciebam
1337 2438 1351 2463 ,
1384 2397 1779 2469 diligentissime
1804 2401 2084 2473 investiga-

498 2484 637 2541 bam.
679 2484 1019 2543 Conterebam
1050 2490 1217 2545 molas
1247 2492 1447 2561 iniqui,
1488 2501 1535 2546 et
1564 2493 1627 2547 de
1654 2493 1892 2548 dentibus
1939 2494 2083 2550 illius

498 2577 801 2647 auferebam
853 2579 1087 2649 prtedam
1136 2581 1280 2649 (Job.
1322 2598 1487 2649 xxix,
1532 2582 1592 2637 ll
1637 2592 1687 2638 et
1734 2586 1921 2656 seqq.).
1950 2585 2085 2642 Item

494 2667 632 2723 idem
672 2678 795 2739 post
837 2686 1010 2741 pauca
1054 2690 1066 2725 :
1121 2670 1353 2744 Cumque
1394 2675 1625 2728 sederem
1661 2677 1814 2746 quasi
1854 2692 1945 2731 rex
1979 2678 2086 2731 cir-

492 2768 780 2814 cumstante
825 2762 1093 2829 exercitu;
1132 2779 1276 2817 eram
1312 2772 1487 2819 tamen
1528 2767 1855 2821 maerentium
1898 2783 2086 2823 conso-

494 2847 634 2903 lator
659 2851 860 2922 (Ibid.,
902 2854 1016 2926 25).

573 2940 799 2998 Videant
830 2946 996 3000 etiam
1030 2947 1249 3017 qualem
1278 2947 1701 3005 sollicitudinem
1744 2951 1939 3021 domus
1973 2968 2085 3009 suae

492 3035 685 3092 beatus
709 3036 908 3093 Tobias
934 3055 1111 3095 caecus
1129 3056 1376 3110 corpore,
1404 3042 1593 3099 videns
1620 3045 1807 3110 corde,
1837 3048 2079 3115 gerebat,

499 3129 740 3198 quicum
766 3130 905 3186 haedi
939 3131 1172 3188 balantis
1199 3146 1390 3188 vocem
1430 3133 1687 3201 audisset,
1733 3136 1811 3192 ait
1842 3154 1855 3190 :
1904 3135 2084 3193 Videte

496 3238 560 3276 ne
598 3224 733 3291 forte
778 3223 1000 3292 furtivus
1041 3226 1108 3279 sit
1155 3243 1173 3281 :
1218 3226 1417 3281 reddite
1460 3244 1581 3281 eum
1637 3229 1865 3283 dominis
1910 3230 2020 3284 suis
2062 3246 2081 3285 :
2111 3205 2156 3268 C

494 3313 620 3382 quia
664 3329 767 3366 non
802 3313 919 3369 licet
949 3316 1094 3370 nobis
1126 3332 1191 3370 ea:
1239 3316 1382 3385 furto
1421 3317 1623 3388 aliquid
1666 3329 1758 3374 aut
1804 3320 1956 3375 edere
1992 3330 2083 3376 aut

499 3406 800 3475 contingere
848 3406 1005 3475 (Tob.
1044 3424 1106 3472 ιι,
1160 3407 1272 3480 21).
1311 3407 1520 3475 Quibus
1567 3410 1750 3466 verbis
1799 3412 2082 3479 innuitur,

501 3493 647 3561 quod
696 3494 836 3549 sicut
864 3512 895 3550 a
924 3495 1091 3563 furto,
1126 3497 1201 3552 ita
1250 3513 1467 3568 quoque
1497 3515 1528 3553 a
1557 3501 1770 3557 caeteris
1794 3502 1943 3558 vitiis
1986 3505 2114 3560 do-°

501 3600 650 3640 mum
706 3600 860 3641 suam
903 3588 1147 3658 pervigili
1210 3588 1571 3645 sollicitudine
1612 3593 1907 3649 immunem
1974 3596 2087 3650 etii-

498 3674 696 3729 ciebat.
750 3674 1106 3747 Summopere
1141 3678 1311 3748 igitur
1358 3680 1441 3735 his
1469 3682 1563 3752 qui
1613 3692 1858 3753 praesunt
1888 3700 2086 3754 procu-

498 3770 729 3825 randum
776 3778 880 3838 est,
912 3779 969 3827 ut
989 3772 1272 3841 providam
1310 3773 1728 3831 sollicitudinem
1762 3777 1945 3832 domui
1976 3794 2088 3834 sum

499 3860 869 3918 indesinenter
898 3873 1113 3934 gerant,
1163 3881 1253 3931 ne,
1282 3867 1428 3936 quod
1460 3868 1622 3934 absit,
1650 3868 1920 3939 quispiam
1963 3869 2089 3924 sub-

495 3948 767 4020 jectorum
820 3969 1045 4009 suorum
1089 3956 1353 4014 instinctu
1397 3960 1571 4015 hostis
1603 3961 1813 4031 antiqui
1855 3962 2088 4032 decipia-

503 4049 622 4109 tur;
683 4052 739 4099 ct
796 4044 878 4100 eis
925 4045 1388 4105 dissimulantibus
1413 4091 1428 4117 ,
1465 4060 1561 4111 aut
1599 4052 2087 4120 consentientibus,

505 4139 600 4187 aut
626 4148 734 4188 non
763 4134 1235 4208 redarguentibus,
1269 4140 1325 4194 in
1347 4150 1631 4211 peccatum
1660 4149 2031 4199 convertatur.

1060 4250 1289 4309 CAPUT
1324 4254 1490 4310 XVII.

505 4333 658 4402 Quod
690 4348 902 4408 peccata
924 4341 1071 4412 prius
1105 4343 1357 4416 fratribus
1384 4348 1489 4401 sint
1518 4351 1826 4406 remanendo
1844 4366 1866 4416 ,'
1895 4357 1943 4403 et
1965 4358 2089 4405 tunc

939 4428 1128 4468 munus
1160 4414 1268 4469 Deo
1297 4418 1645 4486 offerendum.

576 4507 714 4563 Sunt
736 4524 897 4578 quam
922 4511 1106 4581 plures
1133 4513 1226 4583 qui
1259 4514 1455 4585 frigido
1485 4517 1670 4583 corde,
1703 4520 1850 4577 nullo
1878 4519 2093 4579 scilicet

501 4598 791 4654 charitatis
815 4601 1010 4656 ardore
1039 4618 1319 4668 succenso,
1356 4604 1467 4660 Deo
1496 4615 1552 4661 et
1588 4623 1783 4666 munus
1805 4614 1874 4668 ad
1913 4615 2091 4672 altare

499 4687 757 4755 oderunt,
789 4698 844 4745 et
898 4693 1178 4749 orationes
1223 4703 1278 4749 et
1320 4693 1691 4769 eleemosynas
1740 4701 2088 4774 frequentare

503 4795 614 4837 non
658 4789 899 4847 cessant,
931 4792 1185 4852 putantes
1217 4786 1322 4840 ista
1353 4787 1473 4843 sine
1512 4790 1778 4847 charitate
1815 4796 1927 4852 Deo
1972 4799 2089 4869 pla.

501 4890 627 4934 cere
647 4893 663 4942 ;
701 4879 1004 4948 praesertim
1031 4895 1156 4936 cum
1179 4883 1322 4938 nulla
1346 4883 1488 4941 bona
1512 4889 1628 4944 sine
1650 4890 1939 4958 charitate,
1962 4909 2087 4949 cum

500 4967 769 5026 charitate
804 4978 989 5025 autem
1018 4973 1070 5029 ei
1097 4975 1278 5029 omnia
1305 4977 1572 5047 placeant.
1608 4982 1759 5038 Tunc
1797 4984 1942 5039 enim
1973 4985 2085 5041 Deo

498 5061 774 5116 exteriora
803 5065 974 5134 gratis
999 5065 1140 5131 dari,
1190 5076 1245 5122 et
1271 5068 1457 5124 oil‘erri
1491 5082 1735 5142 possunt,
1766 5090 1891 5129 cum
1938 5076 2079 5132 inte-

497 5148 612 5205 rior
636 5151 799 5208 homo
819 5156 1107 5213 charitatis
1131 5159 1327 5217 ardore
1348 5164 1718 5225 succenditur,
1745 5172 1800 5219 et
1822 5164 2080 5235 templum

495 5241 669 5295 sancti
701 5240 939 5312 Spiritus
969 5247 1223 5305 efﬁcitur.

568 5330 814 5397 Qualiter
839 5352 968 5393 vero
998 5357 1195 5396 munus
1222 5341 1335 5397 Deo
1358 5343 1540 5398 offerri
1568 5343 1785 5412 debeat,
1817 5345 2081 5404 Dominus

496 5422 655 5479 docet
681 5426 735 5479 in
765 5427 1055 5502 Evangelio
1084 5433 1269 5489 dicens
1297 5452 1309 5487 :
1336 5432 1397 5489 Si
1427 5434 1583 5504 offers
1614 5452 1804 5491 munus
1832 5446 1982 5493 tuum
2010 5440 2081 5494 ad

498 5512 689 5582 altare,
723 5526 773 5571 et
801 5518 910 5575 illic
953 5523 1259 5577 recordatus
1284 5523 1446 5591 fueris
1486 5525 1610 5594 quia
1642 5524 1805 5594 frater
1833 5536 1955 5583 tuus
1986 5530 2083 5585 lia-

498 5602 580 5657 bet
606 5606 804 5677 aliquid
831 5612 1110 5667 adversum
1132 5621 1201 5677 te,
1232 5612 1461 5685 relinque
1481 5615 1553 5669 ibi
1574 5632 1763 5670 munus
1790 5620 2083 5675 tuum'ante

494 5692 697 5764 altare;
725 5703 924 5757 et-vade
942 5704 1089 5773 prius
1116 5705 1447 5761 reconciliari
1472 5707 1732 5783 fratrituo
1749 5725 1767 5765 :
1782 5718 1832 5765 et
1856 5718 1980 5767 tunc
2001 5727 2084 5769 ve-

576 5824 607 5854 ι
643 5812 761 5872 Lib.
797 5831 858 5873 ιιι
891 5817 948 5877 in
982 5815 1196 5886 Matth.,
1229 5834 1349 5890 cap.
1385 5821 1475 5883 l8.

2183 1942 2268 2008 tit,
2304 1942 2489 1997 dicens
2531 1960 2544 1997 :
2579 1940 2641 1998 Si
2692 1959 2795 1997 non
2841 1943 3147 1997 remiseritis
3199 1943 3559 2014 unusquisque
3611 1942 3767 2013 fratri

2182 2050 2280 2088 suo
2311 2034 2376 2088 de
2405 2034 2649 2089 cordibus
2674 2036 2855 2090 vestris
2882 2035 3046 2107 (Ibid.
3077 2035 3265 2107 xxxv).
3305 2055 3325 2088 ι

2253 2124 2587 2197 Augustinus
2616 2127 2670 2181 in
2699 2126 2836 2181 libro
2880 2126 2947 2181 de
2978 2125 3238 2183 Sermone
3259 2126 3477 2183 Domini
3504 2126 3562 2182 in
3590 2132 3772 2182 monte

2185 2215 2324 2289 (Lib.
2357 2234 2396 2283 ι,
2443 2235 2560 2288 cap.
2592 2217 2713 2288 10):
2760 2238 2778 2269 ι
2805 2218 3066 2274 Jubemur
3092 2234 3224 2290 ergo
3251 2218 3452 2274 illaturi
3476 2232 3682 2273 munus
3716 2218 3770 2272 in

2184 2308 2458 2375 altare,‘si
2482 2310 2754 2365 recordati
2785 2310 3051 2366 fuerimus
3079 2310 3285 2380 aliquid
3335 2311 3630 2365 adversum
3675 2323 3772 2364 nos

2184 2400 2386 2456 habere
2426 2400 2670 2469 fratrem,
2715 2418 2912 2459 munus
2957 2411 3087 2458 ante
3115 2402 3287 2457 altare
3316 2400 3672 2472 relinquere,
3717 2409 3769 2456 et

2183 2507 2435 2563 pergere,
2492 2508 2557 2548 ac
2607 2494 2952 2550 reconciliari
3005 2492 3192 2559 fratri;
3228 2493 3423 2550 deinde
3456 2493 3670 2559 venire,
3719 2499 3772 2549 et

2186 2599 2385 2640 munus
2407 2583 2623 2641 offerre.
2651 2586 2807 2653 Quod
2831 2586 2878 2641 si
2909 2586 3216 2656 accipiatur
3241 2587 3312 2643 ad
3351 2586 3620 2651 litteram,
3666 2584 3773 2640 for-

2187 2678 2354 2733 tassis
2382 2677 2578 2749 aliquis
2612 2679 2788 2735 credit
2815 2680 2891 2734 ita
2918 2678 3038 2735 fieri
3062 2691 3338 2750 oportere,
3370 2680 3418 2736 si
3441 2692 3691 2750 presens
3709 2676 3774 2733 sit

2186 2770 2361 2827 frater
2391 2790 2405 2826 :
2435 2787 2545 2827 non
2573 2773 2718 2828 enim
2746 2773 2951 2829 diutius
2972 2773 3176 2829 differri
3205 2780 3405 2844 potest,
3426 2787 3553 2829 cum
3574 2784 3773 2826 manus

2186 2870 2343 2917 tuum
2375 2862 2686 2934 relinquere
2713 2873 2841 2919 ante
2866 2863 3038 2919 altare
3057 2863 3321 2934 jubearis.
3353 2862 3414 2920 Si
3439 2877 3571 2934 ergo
3601 2862 3674 2918 de
3692 2860 3759 2916 ab

2186 2960 2367 3020 sente,
2406 2962 2463 3009 et
2500 2954 2645 3023 quod
2671 2954 2789 3009 ﬁeri
2824 2962 3005 3024 potest
3024 2955 3193 3011 etiam
3219 2962 3373 3010 trans
3392 2968 3545 3009 mare
3569 2951 3775 3007 consti-

2189 3052 2308 3100 tuto
2326 3085 2342 3111 ,
2372 3044 2574 3115 aliquid
2604 3045 2711 3100 tale
2738 3046 2919 3101 veniat
2953 3046 3011 3101 in
3053 3055 3315 3111 mentem,
3344 3043 3651 3100 absurdum
3693 3051 3774 3098 est

2189 3140 2411 3194 credere
2437 3146 2565 3194 ante
2593 3139 2765 3193 altare
2784 3154 2983 3195 munus
3006 3147 3157 3194 tuum
3180 3136 3622 3208 relinquendum,
3638 3133 3776 3207 quod

2186 3240 2313 3302 post
2342 3240 2537 3297 terras,
2571 3239 2628 3287 et
2657 3232 2827 3287 maria
2857 3241 3141 3306 pererrata
3173 3230 3374 3288 offeras
3396 3231 3527 3287 Deo.
3557 3230 3635 3286 Et
3660 3229 3775 3285 ideo

2186 3339 2412 3398 prorsus
2463 3324 2608 3379 intro
2642 3324 2711 3378 ad
2766 3324 3035 3394 spiritalia
3091 3322 3345 3395 refugere
3393 3323 3671 3393 cogimur,
3720 3326 3775 3376 ut

2188 3416 2293 3471 hoc
2315 3416 2459 3486 quod
2481 3416 2686 3470 dictum
2707 3423 2811 3481 est,
2836 3416 2956 3471 sine
2976 3415 3316 3471 absurditate
3331 3416 3506 3487 possit
3525 3412 3773 3483 intelligi.

2187 3509 2376 3564 Altare
2424 3510 2607 3577 itaque
2636 3508 2989 3579 spiritaliter,
3021 3509 3078 3563 in
3126 3509 3392 3564 interiore
3426 3507 3520 3560 Dei
3573 3504 3775 3575 templo

2189 3600 2363 3670 ipsam
2411 3598 2572 3654 fidem
2620 3600 2870 3670 accipere
2897 3614 3209 3668 possumus,
3247 3597 3402 3669 cujus
3425 3596 3662 3667 jsignuin
3699 3603 3776 3651 est

2154 3690 2360 3745 altare
2414 3689 2645 3745 visibile.
2714 3688 3003 3756 Quodlibet
3049 3689 3197 3744 enim
3251 3702 3450 3743 munus
3498 3686 3776 3744 oll‘erimus

2190 3783 2328 3848 Deo,
2360 3783 2475 3838 sive
2502 3781 2868 3851 prophetiam,
2914 3781 3030 3836 sive
3073 3780 3400 3847 doctrinam,
3429 3780 3543 3836 sive
3574 3779 3775 3836 oratio-

2190 3890 2337 3941 nem,
2380 3876 2496 3930 sive
2533 3876 2817 3946 hymnum,
2854 3874 2971 3930 sive
3002 3874 3291 3945 psalmum,
3332 3882 3390 3931 et
3428 3874 3475 3930 si
3505 3874 3639 3944 quid
3672 3872 3773 3928 talo

2193 3965 2343 4020 aliud
2394 3964 2720 4035 spiritalium
2762 3965 3034 4022 donorum
3073 3967 3257 4022 animo
3294 3965 3559 4031 occurrit,
3613 3979 3772 4021 acce-

2192 4066 2346 4128 ptum
2367 4070 2488 4113 esse
2517 4072 2627 4113 non
2658 4066 2840 4128 potest
2864 4057 2998 4127 Deo,
3029 4058 3135 4113 nisi
3159 4057 3285 4115 fidei
3323 4058 3640 4115 sinceritate
3680 4055 3777 4112 ful-

2193 4152 2390 4207 ciatur.
2528 4132 2543 4147 '

2264 4241 2557 4314 Gregorius
2590 4245 2647 4301 in
2675 4244 2971 4301 Moralibus
3007 4244 3145 4315 (Lib.
3179 4260 3318 4312 xxn,
3350 4261 3469 4316 cap.
3499 4244 3555 4317 8)
3583 4262 3597 4300 :
3629 4263 3652 4297 s
3679 4244 3758 4301 Ab

2192 4336 2584 4407 omnipotente,
2622 4338 2818 4409 inquit,
2855 4338 2966 4394 Deo
2993 4352 3191 4394 munus
3215 4353 3283 4394 ex
3311 4354 3475 4393 manu
3496 4352 3605 4393 non
3636 4336 3773 4393 acci-

2193 4430 2361 4501 pitur,
2417 4433 2562 4502 quod
2611 4435 2775 4488 corde
2830 4432 3071 4502 obligato
3104 4433 3161 4487 in
3216 4431 3422 4487 malitia
3480 4430 3770 4502 perfertur.

2197 4520 2445 4577 Mundari
2474 4523 2677 4578 etenim
2706 4524 2869 4579 debet
2894 4525 3048 4594 prius
3077 4525 3313 4589 animus,
3338 4524 3430 4594 qui
3460 4539 3661 4579 munus
3694 4520 3771 4579 of-

2195 4612 2340 4668 ferre
2369 4614 2481 4667 vult
2509 4613 2659 4679 Deo;
2691 4615 2818 4683 quia
2847 4629 3010 4669 omne
3039 4615 3184 4685 quod
3206 4614 3368 4670 datur
3391 4616 3525 4681 Deo,
3552 4630 3621 4671 ex
3645 4617 3776 4670 dan-

2195 4704 2267 4760 tis
2297 4713 2476 4758 mente
2504 4711 2785 4773 pensatur.
2818 4704 3006 4760 Omnis
3033 4706 3253 4762 malitiae
3283 4707 3494 4762 macula
3528 4708 3599 4762 ab
3637 4708 3769 4763 inte.

2195 4797 2340 4851 riore
2368 4804 2558 4852 nostro
2582 4798 2820 4865 homine,
2872 4798 3219 4866 cogitationis
3249 4800 3628 4856 immutatione
3670 4810 3773 4858 ter-

2191 4888 2373 4962 genda
2399 4896 2482 4942 est
2508 4906 2521 4942 :
2551 4890 2675 4959 quia
2710 4890 2844 4945 iram
2866 4889 3067 4961 judicis
3102 4890 3321 4962 placare
3344 4892 3519 4947 nescit
3543 4892 3769 4958 oblatio,

2193 4980 2303 5038 nisi
2350 4995 2416 5035 ex
2469 4982 2735 5037 munditia
2777 4982 2989 5053 placeat
3029 4982 3334 5049 oﬂerentis,
3372 4983 3513 5039 sicut
3553 4983 3610 5038 in
3641 4984 3773 5039 libro

2190 5072 2423 5131 Genesis
2449 5074 2709 5144 scriptum
2735 5083 2820 5130 est
2844 5093 2857 5129 :
2892 5073 3138 5146 Respexit
3164 5074 3424 5130 Dominus
3446 5076 3515 5129 ad
3540 5075 3690 5142 Abel,
3727 5082 3772 5128 et

2189 5172 2257 5221 ad
2286 5179 2510 5228 munera
2544 5166 2694 5235 ejus;
2730 5165 2799 5220 ad
2828 5164 2960 5221 Cain
2989 5176 3184 5232 autent,
3214 5175 3264 5221 et
3306 5167 3376 5220 ad
3404 5183 3625 5222 munera
3664 5166 3770 5235 ejus

2194 5274 2293 5315 non
2326 5259 2556 5322 respexit
2588 5258 2745 5343 (Qen.
2776 5275 2851 5325 tv,
2881 5259 2960 5332 4).
2986 5258 3172 5330 Neque
3198 5261 3401 5315 etenim
3430 5274 3647 5314 sacrum
3666 5258 3769 5314 elo-

2187 5356 2372 5425 quium
2402 5354 2539 5411 dicit
2583 5371 2595 5406 :
2633 5351 2877 5422 Respexit
2907 5352 2976 5406 ad
3006 5369 3224 5408 munera
3252 5350 3400 5418 Abel,
3448 5360 3497 5405 et
3543 5350 3616 5405 ad
3643 5350 3767 5406 Cain

2189 5461 2407 5499 munera
2436 5460 2543 5499 non
2593 5442 2850 5512 respexit;
2895 5442 2988 5497 sed
3029 5443 3181 5513 prius
3222 5443 3299 5496 ait
3337 5460 3350 5496 :
3395 5442 3519 5513 quia
3550 5440 3765 5513 respexit

2187 5535 2446 5590 Dominus
2491 5536 2559 5590 ad
2606 5532 2763 5598 Abel,
2792 5533 2987 5589 deinde
3015 5532 3293 5603 subjunxit
3321 5550 3336 5587 :
3374 5541 3423 5587 et
3454 5532 3523 5586 ad
3554 5545 3763 5587 munera

2188 5627 2323 5697 ejus.
2364 5626 2434 5681 Et
2475 5640 2698 5681 rursum
2743 5622 2874 5679 dicit
2902 5641 2915 5679 :
2947 5624 3070 5695 quia
3102 5641 3206 5678 non
3235 5623 3458 5694 respexit
3484 5622 3555 5676 ad
3584 5619 3761 5684 Cain;

2189 5733 2254 5775 ac
2282 5716 2477 5775 deinde
2511 5716 2790 5776 subdidit:
2824 5733 2915 5771 nec
2962 5717 3031 5772 ad
3062 5733 3281 5775 munera
3312 5715 3449 5787 ejus.
3478 5711 3562 5770 Ex
3591 5712 3759 5773 dantis
