3964 6446
239 332 354 446 201’

237 509 478 565 namque
503 498 668 554 corde
712 498 765 554 id
795 501 940 570 quod
978 501 1058 569 ﬁt,
1107 508 1372 578 accipitur

236 585 377 640 Abel
411 598 479 640 ex
513 589 850 656 muneribus,
906 593 999 646 sed
1049 608 1118 649 ex
1168 595 1303 651 Abel
1355 615 1580 656 munera
1631 602 1815 658 oblata

236 676 586 746 placuerunt.
624 678 784 735 Prius
813 696 1048 752 namque
1075 686 1143 740 ad
1167 701 1290 742 eum
1317 687 1515 758 legitur
1534 691 1817 746 Dominum

237 767 568 836 respexisse,
615 771 708 839 qui
755 772 935 838 dabat,
967 789 1129 843 quam
1158 778 1226 831 ad
1254 778 1364 844 illa,
1414 796 1535 850 quae
1577 783 1754 837 dabat.
1792 803 1812 836 ι

236 857 310 914 Ut
334 859 521 914 audito
567 860 775 916 scilicet
804 862 967 931 hujus
998 866 1189 922 ordine
1238 871 1592 937 narrationis,
1642 873 1820 929 disca-

233 966 358 1006 mus
389 954 516 1022 quia
544 955 814 1009 exteriora
839 972 1063 1012 munera
1105 973 1171 1013 ex
1202 959 1413 1015 interna
1455 964 1634 1018 cordis
1664 980 1820 1018 mun-

233 1045 367 1100 ditia
395 1047 740 1114 condiuntur,
773 1057 833 1102 ut
860 1050 1036 1105 virtus
1064 1052 1224 1122 hujus
1253 1053 1595 1110 discretionis
1620 1071 1816 1110 unum-

233 1152 506 1207 quemque
535 1148 781 1194 nostrum
829 1141 1038 1206 doceat,
1087 1144 1262 1214 qualis
1288 1147 1426 1216 apud
1459 1161 1518 1202 se
1562 1162 1682 1204 esse
1727 1149 1819 1204 de-

230 1228 378 1292 beat,
412 1244 534 1282 cum
580 1231 852 1285 exteriora
883 1233 1026 1286 bona
1059 1250 1167 1288 non
1198 1235 1370 1289 solum
1399 1236 1511 1292 Deo
1551 1253 1650 1307 per
1670 1238 1818 1293 obla-

230 1317 398 1372 tionis
447 1327 652 1385 votum,
687 1327 779 1375 sed
828 1323 992 1376 etiam
1027 1326 1290 1393 proximis
1331 1327 1726 1383 subministrat.
1770 1329 1816 1383 A

227 1408 668 1466 discordantibus
697 1412 841 1467 Dens
875 1414 1122 1484 accipere
1153 1433 1258 1472 non
1297 1418 1414 1471 vult
1441 1420 1774 1476 sacriﬁcium
1797 1461 1811 1488 ,

226 1497 607 1557 holocaustum
637 1503 911 1572 suscipere
939 1514 1172 1559 recusat.
1208 1505 1346 1561 Hinc
1392 1523 1524 1576 ergo
1551 1511 1813 1579 perpendi

225 1587 388 1643 debet
418 1601 680 1660 quantum
729 1593 801 1648 sit
833 1594 1033 1648 malum
1074 1597 1381 1664 discordiae,
1411 1610 1635 1669 propter
1670 1600 1813 1670 quod

227 1680 360 1735 illud
391 1684 666 1751 abjicitur,
700 1701 802 1755 per
829 1688 973 1757 quod
997 1688 1153 1759 culpa
1181 1691 1410 1745 laxatur.
1447 1691 1504 1746 In
1551 1693 1688 1747 libro
1711 1695 1813 1749 Ec-

223 1774 534 1832 clesiastico
582 1779 844 1848 scriptum
891 1790 1015 1837 est:
1052 1784 1153 1849 Qui
1202 1786 1353 1854 oﬁ'ert
1395 1788 1715 1856 sacri/icium
1745 1807 1811 1845 ea:

1238 401 1328 457 DE
1362 401 1848 463 INSTITUTIONE
1883 408 2173 467 LAICALI.
2203 443 2272 455 —
2295 413 2424 470 LIB.
2459 416 2522 472 II.

3384 432 3491 490 202

1419 530 1431 565 :
1476 512 1678 569 idcirco
1704 531 1814 604 non
1840 519 2088 589 Apiunt.
2137 521 2276 580 Sunt
2319 528 2484 583 etiam
2529 528 2794 598 nonnulli,
2843 533 2936 604 qui
2984 536 3119 592 tanti
3159 547 3490 601 sacramenti

1921 613 2332 683 participatione
2380 619 2452 673 ob
2501 627 2750 676 reatuum
2792 637 3012 680 suorum
3067 628 3448 698 obligationem
3473 675 3489 701 ,

1921 707 2216 762 sacerdotis
2244 706 2470 778 judicio,
2494 713 2692 770 merito
2713 715 3012 784 privantur.
3056 719 3194 777 Sunt
3213 723 3344 780 item
3370 729 3488 797 ple-

1921 795 2070 865 rique
2102 798 2268 869 (quod
2292 800 2447 856 valde
2495 804 2856 872 periculosum
2885 816 2941 862 et
2969 824 3206 882 congrua
3235 795 3490 872 emenda-

1921 887 2066 943 tione
2102 889 2322 959 dignum
2369 891 2476 964 est)
2515 895 2605 961 qui
2656 897 2724 951 ab
2772 897 2874 953 hoc
2927 910 3265 959 sacramento
3290 907 3487 976 partim

1919 979 2148 1048 incuria,
2181 984 2380 1053 partim
2411 985 2614 1041 desidia
2652 988 2785 1042 adeo
2811 1005 2870 1046 se
2905 993 3257 1062 subtrahunt,
3294 1006 3355 1052 ut
3395 1001 3486 1054 vix

1918 1072 1970 1125 in
1999 1088 2159 1138 anno,
2183 1075 2285 1129 nisi
2311 1076 2411 1131 sub
2443 1076 2612 1132 tribus
2642 1087 2848 1134 tantum
2875 1079 3028 1138 festis
3057 1086 3335 1154 przeclaris
3373 1087 3476 1160 [ex

1917 1163 2305 1218 consuetudine
2327 1162 2388 1236 ιι]
2420 1165 2599 1235 potius
2627 1181 2789 1235 quam
2823 1184 2890 1224 ex
2929 1172 3213 1230 devotione
3235 1175 3476 1243 faciant;

1916 1254 2220 1310 nescientes
2269 1263 2362 1309 aut
2409 1257 2548 1312 scire
2595 1258 2857 1325 nolentes,
2908 1263 3052 1330 quod
3101 1265 3238 1320 sicut
3281 1282 3480 1338 corpus

1915 1346 2030 1401 sine
2053 1346 2176 1402 cibo
2202 1353 2259 1402 et
2293 1354 2452 1425 potu,
2498 1348 2573 1404 ita
2615 1360 2672 1405 et
2717 1352 2897 1407 anima
2926 1355 3042 1411 sine
3088 1359 3319 1425 spiritali
3365 1363 3487 1418 cibo

1915 1435 2166 1490 moritur.
2418 1424 2421 1428 ’

1983 1525 2180 1591 Quanti
2221 1535 2400 1584 autem
2431 1529 2503 1584 sit
2529 1531 2884 1600 discriminis,
2929 1536 3033 1592 nisi
3066 1540 3392 1609 accipiatur,
3437 1551 3491 1600 et

1911 1615 2119 1683 quanti,
2154 1615 2199 1670 si
2226 1616 2520 1676 indiscrete
2545 1631 2811 1690 sumatur,
2839 1626 3018 1680 subito
3064 1629 3300 1686 breviter
3327 1633 3488 1688 colle-

1913 1711 2000 1757 cta
2047 1707 2356 1776 evangelica
2387 1721 2444 1765 et
2485 1712 2779 1779 apostolica
2828 1717 3160 1784 testimonia,
3191 1729 3245 1775 et
3281 1734 3490 1780 sancto-

1912 1809 2034 1847 rum
2061 1795 2284 1852 Patrum
2312 1798 2456 1853 dicta
2487 1802 2876 1859 demonstrant.
2907 1806 2998 1860 Ait
3025 1817 3206 1864 autem
3234 1811 3492 1869 Dominus

219 1872 516 1925 substantia
570 1875 815 1944 pauperis
842 1915 857 1940 ,
915 1878 1066 1947 quasi
1108 1879 1197 1948 qui
1248 1880 1474 1933 victimat
1521 1880 1690 1948 ﬁlium
1752 1883 1809 1937 in
1837 1893 1883 1951 Β
1911 1883 1967 1937 in
1995 1884 2288 1957 Evangelio
2314 1906 2328 1942 :
2359 1889 2462 1955 Qui
2492 1894 2774 1948 manducat
2818 1913 3027 1952 carnem
3069 1915 3261 1967 meam,
3291 1913 3339 1956 et
3366 1904 3488 1958 bibit

221 1975 503 2034 conspectu
552 1968 716 2036 patris
764 1970 848 2022 sui
881 1969 1074 2039 (Eccli.
1106 1987 1292 2037 xxxrv,
1329 1972 1441 2043 24).
1475 1973 1614 2040 Quid
1645 1990 1800 2028 nam-

218 2067 327 2121 que
353 2070 476 2109 esse
505 2057 900 2114 intolerabilius
925 2069 1124 2129 potest,
1162 2076 1324 2131 quam
1363 2078 1510 2118 mors
1539 2064 1632 2119 ﬁlii
1677 2075 1802 2122 ante

217 2144 406 2198 oculos
452 2147 660 2214 patris?
692 2147 806 2202 Hoc
853 2149 1033 2218 itaque
1083 2152 1430 2220 sacrificium,
1483 2165 1681 2224 quanta
1722 2157 1803 2211 ira

217 2237 538 2306 aSpieiatur,
564 2241 892 2308 ostenditur,
918 2259 1038 2298 cum
1062 2247 1235 2300 orbati
1262 2249 1434 2317 patris
1461 2250 1635 2305 dolori
1659 2268 1804 2308 com-

215 2338 466 2397 paratur.
519 2330 680 2386 Aliud
728 2341 811 2387 est
838 2349 938 2404 pro
967 2338 1205 2405 peccatis
1253 2339 1686 2397 misericordiam
1723 2342 1803 2398 fa-

219 2434 367 2484 cere,
396 2420 542 2474 aliud
569 2436 669 2490 pro
695 2423 1067 2480 misericordia
1098 2426 1343 2482 facienda
1374 2444 1606 2498 peccare
1634 2451 1646 2486 :
1680 2448 1800 2503 quas

216 2505 337 2574 jam
391 2524 493 2564 nec
530 2512 903 2569 misericordia
949 2517 1247 2587 nuncupari
1302 2527 1499 2587 potest,
1554 2523 1680 2590 quia
1731 2524 1800 2578 ad

216 2602 434 2657 dulcem
459 2603 695 2659 fructum
717 2622 822 2662 non
844 2607 1076 2676 proﬁcit,
1099 2627 1219 2681 quze
1244 2625 1340 2682 per
1355 2614 1505 2669 virus
1527 2614 1799 2684 pestiferae

213 2695 416 2750 radicis
447 2699 758 2752 amarescit.

283 2786 653 2855 lmproborum
701 2789 980 2844 hominum
1026 2792 1297 2849 sacriﬁcia
1332 2809 1432 2864 per
1472 2797 1795 2867 prophetam

212 2879 478 2934 Dominus
511 2883 769 2950 reprobat
817 2883 1006 2938 dicens
1051 2901 1065 2939 :
1109 2884 1221 2957 Ego
1266 2886 1522 2940 Dominus
1573 2887 1796 2959 diligens

202 2971 504 3040 judicium:
536 2983 583 3025 et
609 2974 731 3027 odio
755 2974 948 3030 habens
975 2979 1215 3047 rapinam
1237 2979 1294 3032 in
1313 2979 1619 3034 holocausta
1656 2981 1791 3050 (Isa.

208 3079 321 3129 ut,
348 3065 425 3134 8).
474 3065 725 3135 Plerique
767 3069 965 3123 etenim
1029 3069 1392 3140 indigentibus
1443 3073 1792 3139 subtrahunt,

207 3168 330 3222 quae
359 3153 470 3208 Deo
491 3155 811 3225 largiuntur.
843 3157 948 3212 Sed
975 3171 1174 3227 quanta
1201 3176 1296 3215 eos
1318 3161 1796 3218 animadversione

1902 1980 2210 2047 sanguinem
2237 1998 2426 2046 meum,
2460 1985 2515 2038 in
2559 2001 2641 2040 me
2670 1999 2864 2055 manet,
2895 1999 2943 2044 et
2972 2007 3064 2061 ego
3103 1993 3158 2047 in
3203 2011 3263 2048 eo
3302 1996 3481 2067 (Joan.

1903 2083 1977 2133 vi,
2009 2069 2121 2143 57).
2151 2070 2219 2124 Et
2251 2071 2377 2127 alibi
2409 2091 2422 2127 :
2457 2075 2621 2130 Amen
2650 2077 2766 2132 dico
2803 2081 2985 2135 vobis:
3014 2083 3114 2137 nisi
3140 2086 3490 2142 manducaue-

1901 2159 2017 2213 ritis
2041 2177 2252 2216 carnem
2280 2163 2379 2233 filii
2402 2166 2646 2233 hominis,
2673 2179 2721 2223 et
2754 2169 2982 2226 biberitis
3005 2173 3118 2242 ejus
3141 2179 3450 2246 sanguinem
3471 2222 3485 2245 ,

1901 2266 2004 2304 non
2042 2252 2296 2310 habebitis
2325 2258 2480 2312 vitam
2509 2261 2563 2314 in
2612 2261 2771 2316 vobis.
2807 2261 2910 2329 Qui
2953 2269 3236 2323 manducat
3275 2289 3487 2327 carnem

1899 2357 2092 2408 meam,
2120 2353 2167 2398 et
2214 2345 2341 2400 bibit
2385 2351 2692 2420 sanguinem
2735 2370 2926 2419 meum,
2960 2357 3112 2411 habet
3154 2361 3310 2414 vitam
3341 2373 3490 2416 atter-

1900 2445 2023 2484 nam
2050 2449 2069 2485 :
2092 2443 2140 2487 et
2184 2451 2276 2506 ego
2315 2441 2634 2495 resuscitabo
2669 2460 2790 2497 eum
2827 2446 2882 2498 in
2904 2448 3181 2502 novissimo
3207 2451 3290 2504 die
3318 2452 3481 2524 (Ibid.

1897 2519 2338 2593 54,55).Paulus
2364 2529 2431 2582 ad
2467 2529 2777 2589 Corinthios
2806 2553 2819 2589 :
2853 2534 3027 2602 Calix,
3051 2539 3248 2608 inquit,
3285 2519 3369 2595 cui
3406 2544 3489 2598 be—

1899 2611 2188 2669 nedicimus
2211 2629 2231 2670 .'
2250 2635 2422 2674 nonne
2441 2624 2843 2680 communicatio
2863 2629 3134 2698 sanguinis
3156 2629 3353 2686 Christi
3374 2645 3448 2688 est
3464 2637 3489 2688 ?

1898 2710 1948 2755 et
1967 2707 2118 2773 panis
2141 2725 2292 2778 quem
2319 2711 2636 2783 frangimus,
2679 2733 2847 2772 nonne
2874 2722 3205 2790 participatio
3251 2730 3484 2796 corporis

1896 2793 2111 2850 Domini
2147 2808 2222 2854 est
2243 2801 2269 2854 ν
2291 2801 2346 2874 (Ι
2374 2802 2496 2858 Cor.
2540 2822 2594 2870 ι,
2629 2807 2740 2880 16.)
2770 2808 2903 2864 Item
2933 2828 2944 2863 :
2971 2810 3157 2882 Itaque
3195 2793 3488 2887 quicunque

1897 2889 2292 2946 manducauerit
2316 2912 2527 2964 panem,
2555 2908 2603 2952 et
2633 2899 2812 2955 biberit
2850 2901 3064 2956 calicem
3095 2905 3308 2960 Domini
3344 2909 3484 2961 indi-

1897 2996 2017 3050 gne,
2037 2982 2302 3051 judicium
2332 2987 2430 3040 sibi
2461 2991 2745 3047 manducat
2773 3004 2825 3049 et
2865 2994 3014 3063 bibit,
3053 3016 3156 3054 non
3178 3002 3477 3057 discernens

1897 3087 2088 3140 corpus
2125 3073 2338 3129 Domini
2367 3077 2531 3148 (Ibid.
2563 3097 2642 3146 x1,
2669 3082 2782 3155 27).

1970 3160 2338 3234 Hieronymus
2362 3166 2415 3221 in
2435 3167 2577 3224 libro
2597 3173 2858 3231 adversus
2878 3174 3224 3235 Iovinianum
3243 3181 3382 3253 (Lib.
3404 3184 3444 3255 ι)
3465 3205 3477 3239 :

207 3254 403 3299 renuat
441 3247 718 3313 Dominus,
746 3249 1100 3318 demonstrat,
1126 3253 1350 3308 dicens:
1384 3253 1794 3327 Hostiaeimpio-
1823 3277 1867 3338 ρ
1906 3269 1925 3300 ι
1966 3251 2155 3308 Omnis
2202 3256 2436 3325 populus
2481 3274 2802 3319 accessurus
2839 3266 2909 3321 ad
2961 3278 3202 3325 montem
3249 3247 3400 3339 Sina.
3426 3247 3485 3329 ἒῑ

205 3351 327 3388 rum
365 3338 763 3406 abominabiles,
796 3358 911 3412 qua
955 3344 1250 3412 offeruntur
1283 3362 1348 3399 ea:
1390 3346 1581 3400 scelere
1610 3345 1793 3419 (Prov.

203 3441 324 3492 xxi,
355 3427 468 3499 27).
516 3430 840 3503 Plerumque
885 3436 1132 3492 homines
1193 3440 1416 3507 pessimi
1452 3450 1658 3510 quanta
1695 3457 1794 3510 per

205 3519 541 3575 oblationem
590 3522 702 3579 Deo
754 3527 1020 3593 tribuant,
1056 3540 1305 3598 pensant,
1357 3539 1558 3600 quanta
1612 3540 1794 3586 autem

202 3612 447 3680 rapiant,
498 3616 845 3672 dissimulant
892 3620 1258 3688 considerare,
1295 3623 1454 3691 quasi
1486 3626 1797 3679 mercedem

206 3718 436 3770 operum
480 3721 793 3778 numerant,
838 3724 892 3768 et
943 3718 1280 3786 perpendere
1307 3719 1572 3774 scelerum
1607 3720 1796 3789 culpas

212 3809 494 3849 recusam-
533 3802 666 3858 Item
711 3805 853 3860 idem
899 3807 954 3861 in
1006 3808 1144 3863 libro
1177 3810 1434 3879 pastorali
1481 3828 1494 3864 :
1530 3810 1590 3865 Si
1635 3813 1793 3880 oﬂers

203 3903 401 3939 munus
422 3896 569 3939 tuum
585 3887 652 3938 ad
670 3887 857 3951 altare,
875 3907 930 3942 et
948 3907 1140 3953 emigra
1157 3899 1371 3963 (Μαηιι,
1389 3916 1479 3966 ιν,
1497 3900 1610 3965 25),
1633 3919 1652 3950 ε
1674 3915 1698 3940 u
1714 3901 1795 3954 Ex

213 3992 324 4046 qua
377 3976 585 4031 scilicet
629 3980 977 4048 perceptione
1027 3982 1363 4048 pensandum
1409 3997 1514 4046 ρει,
1561 4008 1794 4053 quorum

202 4067 388 4122 hostia
417 4067 718 4136 repellitur,
752 4084 914 4138 quam
951 4068 1311 4124 intolerabilis
1337 4069 1494 4140 culpa
1524 4082 1794 4127 monstra-

199 4167 314 4213 tur.
349 4157 484 4211 Nam
527 4173 649 4213 cum
679 4159 818 4213 mala
865 4169 1060 4215 cuneta
1106 4162 1264 4217 bonis
1309 4140 1664 4232 seque‘ntibus
1710 4166 1791 4219 di-

199 4249 443 4315 luantur,
471 4264 762 4319 pensemus
789 4261 990 4322 quanta
1023 4253 1134 4308 sint
1157 4255 1298 4309 mala
1331 4257 1638 4323 discordiae,
1669 4275 1790 4327 qua:

198 4343 311 4396 nisi
337 4344 606 4398 exstincta
638 4343 843 4400 fuerint
871 4344 1132 4412 funditus,
1159 4347 1359 4402 bonum
1389 4349 1645 4418 subsequi
1678 4365 1786 4404 non

195 4431 546 4502 permittunt.
587 4453 607 4484 ι

274 4521 374 4576 His
423 4522 607 4592 itaque
633 4523 928 4593 praelibatis
973 4527 1274 4592 sententiis,
1308 4527 1514 4582 affatim
1555 4530 1783 4584 instrui-

1898 3341 1995 3397 Dei
2045 3346 2327 3404 auditurus
2367 3350 2660 3422 eloquium,
2717 3357 2890 3413 tribus
2917 3360 3107 3417 diebus
3151 3365 3478 3421 sanctiﬁcari

1893 3431 2082 3502 jussus
2103 3445 2205 3504 est,
2235 3447 2292 3494 et
2312 3456 2370 3496 se
2389 3444 2459 3498 ab
2483 3446 2744 3502 uxoribus
2771 3449 3066 3507 abstinere.
3092 3451 3246 3519 Quod
3269 3455 3485 3524 quidem

1897 3526 2102 3582 scimus
2135 3530 2304 3586 etiam
2351 3541 2406 3587 et
2444 3536 2510 3590 ad
2556 3538 2727 3592 David
2757 3537 3051 3611 fugientem
3099 3545 3169 3599 ab
3209 3545 3489 3602 Abimelec

1899 3621 2182 3676 sacerdote
2207 3623 2411 3679 dictum
2445 3644 2458 3679 :
2488 3626 2547 3681 Si
2574 3630 2757 3682 mundi
2785 3643 2903 3684 sunt
2931 3635 3078 3702 pueri
3104 3635 3168 3687 ab
3194 3637 3443 3690 umoribus
3460 3640 3485 3692 ξ’

1897 3707 1967 3762 Et
2013 3709 2102 3764 ille
2129 3715 2432 3781 respondit:
2471 3717 2550 3769 Ab
2589 3718 2702 3772 heri
2746 3730 2794 3772 et
2824 3721 3018 3776 nudius
3045 3725 3225 3776 tertius
3255 3724 3306 3795 (Ι
3345 3725 3472 3796 Reg.

1898 3813 2010 3864 xxx,
2043 3799 2119 3870 4).
2145 3800 2323 3857 Panes
2349 3805 2494 3858 enim
2516 3808 2920 3875 propositionis,
2940 3812 3095 3880 quasi
3113 3828 3311 3883 corpus
3325 3814 3481 3869 Chri-

1895 3889 1986 3952 sti,
2034 3889 2100 3944 de
2136 3907 2366 3947 uxorum
2421 3896 2688 3952 cubilibus
2733 3911 3121 3972 consurgentes
3163 3904 3324 3954 edere
3370 3919 3476 3957 non

1893 3987 2164 4041 poterant.
2200 3983 2264 4031 Et
2292 3983 2344 4032 in
2379 3986 2608 4034 transitu
2645 3984 3120 4054 contemplandum
3147 3989 3290 4057 quod
3326 3991 3476 4046 dixe-

1894 4073 1978 4118 rat
2011 4084 2022 4118 :
2059 4068 2106 4120 si
2140 4069 2320 4122 mundi
2339 4081 2460 4124 sunt
2478 4074 2625 4142 pueri
2646 4074 2710 4128 ab
2738 4076 2985 4131 uxoribus
3004 4080 3029 4130 Ρ
3054 4080 3304 4136 videlicet
3329 4086 3472 4152 quod

1893 4156 1960 4210 ad
1985 4158 2280 4214 munditias
2306 4163 2551 4230 corporis
2578 4162 2781 4219 Christi
2826 4168 3004 4236 omnis
3037 4170 3212 4225 coitus
3257 4173 3327 4226 sit
3369 4173 3472 4227 im-

1893 4249 2147 4304 mundus.
2187 4272 2206 4303 υ
2261 4252 2556 4324 Gregorius
2602 4256 2660 4310 in
2702 4256 2843 4314 libro
2895 4258 3176 4314 Moralium
3225 4280 3239 4316 :
3298 4281 3317 4314 ‹
3348 4263 3479 4332 Quis

1892 4357 2127 4411 namque
2154 4344 2226 4398 sit
2264 4348 2484 4416 sanguis
2513 4346 2712 4402 Christi
2743 4364 2851 4404 non
2889 4350 3001 4420 jam
3045 4353 3333 4420 audiendo,
3382 4359 3477 4410 sed

1892 4432 2126 4490 bibendo
2155 4436 2411 4493 discimus
2436 4454 2452 4492 :
2484 4441 2576 4510 qui
2611 4442 2828 4512 sanguis
2856 4454 3020 4514 snper
3043 4452 3332 4515 utrumque
3380 4463 3475 4517 po-

1891 4531 2029 4577 stem
2053 4521 2210 4591 juxta
2231 4529 2535 4597 exemplum
2557 4531 2764 4599 antiqui
2786 4533 2967 4602 populi
2994 4536 3236 4604 ponitur,
3258 4539 3472 4606 quando

194 4629 347 4677 mur,
375 4621 504 4667 tunc
531 4629 628 4669 nos
651 4616 894 4670 exterius
916 4617 1148 4673 hostiam
1177 4619 1432 4672 mundam
1459 4619 1569 4674 Deo
1592 4619 1788 4674 olferre
1815 4636 1867 4695 ι)
1894 4629 2003 4668 non
2045 4615 2217 4669 solum
2246 4631 2342 4671 ore
2365 4621 2631 4688 corporis,
2663 4622 2756 4674 sed
2779 4622 2942 4676 etiam
2969 4637 3064 4678 ore
3087 4625 3268 4679 cordis
3292 4627 3474 4680 hauri-

193 4719 386 4774 posse,
414 4720 538 4758 cum
564 4721 594 4758 a
633 4707 796 4760 corde
826 4714 1011 4762 nostro
1036 4723 1196 4763 omne
1233 4710 1476 4764 nubilum
1503 4711 1786 4767 discordia:

194 4794 592 4850 deterserimus
625 4814 637 4850 :
671 4806 746 4861 ct,
776 4795 929 4864 juxta
954 4798 1296 4868 Apostolum,
1328 4802 1552 4856 hostiam
1595 4805 1782 4870 vivam,

193 4891 463 4946 sanctam,
495 4885 603 4940 Deo
634 4887 924 4957 placentem
961 4888 1138 4960 (Rom.
1179 4907 1283 4956 xu,
1311 4892 1386 4963 1),
1431 4903 1558 4950 ante
1589 4894 1786 4949 divinae

193 4973 509 5044 majestatis
534 4975 721 5030 oculos
748 4994 846 5032 nos
877 4981 1306 5036 exhibuerimus.

775 5089 1000 5148 CAPUT
1035 5092 1219 5148 XVIII.

197 5182 360 5248 Quod
399 5183 468 5258 ad
494 5185 885 5258 perceptionem
906 5185 1169 5239 Dominici
1195 5189 1428 5256 corporis
1453 5197 1499 5241 et
1521 5189 1790 5258 sanguinis

428 5252 724 5324 frequenter
751 5263 798 5308 et
831 5255 1048 5309 discrete
1071 5258 1138 5310 sit
1185 5252 1535 5311 accedendum

274 5342 697 5398 Sacrosauctum
744 5359 942 5416 corpus
976 5356 1033 5401 et
1071 5349 1392 5418 sanguinem
1429 5348 1643 5404 Domini
1695 5364 1792 5404 no-

194 5433 301 5486 stri
329 5431 457 5486 Jesu
487 5433 708 5502 Christi,
748 5436 841 5490 ubi
874 5445 930 5491 et
959 5439 1256 5508 redemptio
1286 5441 1454 5495 totius
1482 5441 1701 5506 salutis,
1729 5450 1786 5495 et

194 5520 524 5591 mysterium
549 5522 672 5575 ﬁdei
702 5535 903 5579 nostrae
923 5528 1190 5591 consistit,
1216 5531 1438 5600 quidam
1470 5541 1783 5587 reverenter

195 5620 257 5667 et
304 5611 616 5678 salubriter,
664 5614 888 5684 quidam
939 5617 1230 5674 indiscrete
1267 5631 1324 5675 et
1349 5623 1570 5693 indigne
1615 5625 1785 5692 perci-

276 5737 306 5766 ι
343 5723 424 5780 Ex
454 5723 616 5796 Greg.
646 5727 737 5781 ubi
763 5743 942 5798 supra,
980 5748 1098 5802 cap.
1127 5732 1216 5787 25.

535 5884 806 5948 Pnnon.
872 5888 1036 5956 CVI.

1895 4712 2016 4760 tur:
2051 4706 2105 4760 in
2136 4715 2369 4779 utroque
2397 4712 2597 4765 etenim
2623 4723 2778 4781 poste
2815 4714 2939 4784 agni
2974 4717 3193 4786 sanguis
3220 4725 3304 4771 est
3328 4718 3474 4785 posi-

1889 4805 2006 4861 tus,
2055 4799 2272 4867 quando
2308 4811 2704 4856 sacramentum
2744 4804 3010 4873 passionis
3059 4806 3258 4860 Christi
3285 4847 3299 4869 ,
3345 4824 3466 4861 cum

1888 4902 1984 4942 ore
2012 4889 2078 4942 ad
2109 4889 2535 4960 redemptionem
2565 4892 2813 4960 sumitur,
2859 4895 2926 4948 ad
2951 4895 3307 4948 imitationem
3336 4912 3469 4964 quo-

1889 4995 1995 5048 que
2027 4980 2238 5035 intenta
2281 4978 2461 5038 mente
2504 4985 2791 5055 cogitatur.
2837 4985 3000 5053 Quasi
3050 4987 3104 5039 in
3153 4995 3310 5041 nocte
3343 4989 3464 5057 agni

1889 5088 2084 5128 carnes
2113 5075 2463 5141 comedimus,
2501 5092 2622 5131 cum
2650 5077 2703 5132 iu
2736 5086 3076 5133 sacramento
3106 5077 3262 5131 modo
3288 5078 3463 5133 domi-

1888 5164 2072 5218 nicum
2101 5179 2300 5234 corpus
2324 5166 2640 5235 accipimus,
2672 5169 2886 5238 quando
2933 5167 3107 5221 adlmc
3135 5168 3202 5221 ad
3235 5169 3465 5225 invicem

1888 5265 2109 5312 nostras
2131 5258 2493 5313 conscientias
2516 5275 2621 5313 non
2649 5260 2912 5314 videmus.
2936 5257 3073 5312 Nam
3093 5259 3225 5312 nihil
3248 5263 3468 5330 prodest

1888 5362 2088 5417 corpus
2132 5355 2187 5402 et
2211 5349 2529 5420 sanguinem
2553 5348 2754 5404 Christi
2780 5349 2906 5403 Jesu
2941 5363 3035 5403 ore
3064 5349 3363 5418 percipere,
3411 5359 3465 5405 et

1890 5437 1939 5491 ei
1975 5439 2245 5506 perversis
2270 5439 2512 5493 moribus
2531 5439 2822 5492 contraire.
2851 5437 2951 5504 Qui
2987 5439 3250 5497 scelerate
3277 5441 3464 5496 vivunt

1889 5528 1945 5581 in
1972 5529 2233 5594 Ecclesia,
2265 5538 2321 5584 et
2367 5530 2765 5584 communicare
2795 5543 2902 5584 non
2948 5530 3227 5596 desinunt;
3269 5539 3323 5586 et
3367 5547 3464 5599 pu-

1891 5629 2007 5674 tant
2034 5636 2093 5676 se
2125 5621 2212 5675 tali
2264 5621 2642 5675 communione
2673 5621 2938 5687 mundari,
2977 5621 3188 5677 discant
3217 5621 3348 5675 nihil
3387 5621 3457 5674 ad

1963 5733 1990 5772 b
2030 5731 2114 5787 Ex
2139 5733 2530 5805 consuetudine.
2581 5733 2705 5789 Haec
2733 5749 2851 5805 qua:
2883 5735 3104 5788 omnino
3149 5735 3456 5788 necessaria

1893 5813 2048 5858 erant
2081 5804 2395 5858 adiecimus.

2918 5901 2958 5959 Ἰ
