3964 6442
206 378 307 453 '22:

1207 390 1295 446 ne
1328 364 1815 449 usurpasse
1832 358 2138 455 mlum.
2162 372 2383 457 —'ua.‘
2422 392 2484 448 ιι.

3346 380 3452 463 iis

208 494 473 562 existunt:
508 523 526 556 ›
550 478 682 561 item
708 502 849 557 idem
879 496 1150 599 (δηλῶ)
1182 516 1195 554 :
1234 520 1250 551 ί
1279 499 1510 556 Gravius
1536 498 1779 599 lacerari:
1882 500 2175 599 iniquitate,
2200 512 2245 557 et
2272 518 2375 558 non
2399 498 2612 558 discedit
2644 504 2708 558 de
2732 458 3056 563 domuimus
3078 490 3450 599 plagatlbidL,

207 598 298 651 tur
318 610 588 667 pauperes
616 611 645 648 a
668 586 1154 664 pravisjudlcibus,
1202 606 1364 664 quam
1408 607 1437 645 a
1474 584 1785 645 cruentissi-

207 682 313 743 inis
343 678 616 743 hostibus.
644 683 834 739 Nullus
860 682 1001 739 enim
1033 680 1215 755 prmdo
1243 686 1350 737 tam
1381 681 1606 754 cupidus
1633 680 1787 737 estin

210 777 423 842 alienis,
456 786 616 851 quam
637 769 798 845 judex
823 772 1036 845 iniquus
1063 772 1115 827 in
1146 772 1277 828 suis.
1307 793 1324 825 ι
1353 768 1420 826 Et
1446 768 1605 843 paulo
1626 783 1785 842 post:

216 888 234 919 ι
275 867 435 939 Smpe
487 862 694 941 judices
749 865 916 937 ipsam
943 864 1233 945 justitiam,
1275 880 1435 936 quam
1460 863 1524 918 ad
1548 860 1793 920 obtinen-

212 958 332 1012 dam
358 958 592 1013 salutem
610 966 869 1015 aeternam
894 956 1211 1027 suscipiunt,
1229 954 1541 1010 muneribus
1560 955 1792 1027 acceptis

210 1049 534 1116 destruunt;
566 1058 620 1106 et
646 1066 765 1105 cum
795 1048 860 1106 de
903 1049 1051 1123 justo
1075 1049 1279 1129 judicio
1304 1048 1616 1121 temporalia
1645 1049 1792 1105 lucra

210 1145 560 1216 conquirunt,
592 1144 816 1219 przemio
841 1153 1042 1202 aeterno
1073 1149 1377 1217 privamur.
1415 1167 1432 1198 ι
1466 1148 1596 1204 Item
1652 1148 1792 1204 idem

211 1233 359 1305 (Cap.
414 1232 507 1306 58)
540 1255 553 1290 :
592 1256 610 1288 ‹
643 1234 743 1304 Qui
800 1246 948 1297 recte
990 1235 1217 1307 judicat,
1254 1246 1308 1292 et
1359 1240 1636 1309 praemium
1668 1238 1793 1293 inde

210 1324 663 1385 remunerationis
678 1338 973 1400 exspectat,
1003 1320 1246 1384 fraudem
1268 1329 1320 1383 in
1347 1326 1456 1385 Deo
1477 1339 1751 1403 perpetrat
1775 1345 1789 1384 :

208 1418 330 1487 quia
356 1418 657 1487 justitiam,
690 1432 851 1488 quam
908 1419 1074 1489 gratis
1121 1412 1399 1490 impertire
1451 1420 1656 1486 debuit,
1699 1438 1791 1476 ac-

210 1512 458 1580 ceptione
505 1513 745 1585 pecunia:
787 1512 990 1567 vendit.
1029 1531 1045 1563 ι
1081 1512 1147 1567 Εῑ
1173 1512 1333 1582 paulo
1380 1522 1502 1584 post
1550 1531 1561 1565 :
1607 1531 1624 1563 ι
1662 1512 1793 1568 Tres

210 1610 348 1665 sunt,
400 1602 594 1672 inquit,
646 1618 927 1658 munerum
970 1605 1327 1673 acceptiones,
1376 1604 1568 1674 quibus
1607 1615 1794 1661 contra

207 1688 469 1757 justitiam
507 1691 745 1751 humana
774 1694 986 1749 vanitas
1034 1695 1248 1759 militat,
1281 1694 1334 1749 id
1362 1705 1465 1763 est,
1490 1695 1637 1751 favor
1662 1697 1793 1751 ami-

211 1783 490 1849 citiarum,
557 1783 795 1845 adulatio
847 1785 1045 1852 laudis,
1102 1794 1155 1841 et
1205 1787 1499 1857 corporalis
1551 1790 1792 1858 acceptio

210 1877 466 1937 muneris.
509 1896 528 1930 ι
559 1877 689 1935 item
721 1877 859 1933 idem
889 1888 1005 1957 post
1045 1894 1216 1951 pauca
1253 1898 1265 1934 ε
1300 1900 1317 1931 ι
1352 1877 1594 1948 Quatuor
1617 1870 1817 1936 modis'

206 1967 465 2037 judicium
518 1970 811 2025 humanum
841 1972 1202 2040 pervertitur;
1238 1971 1446 2037 timore,
1477 1972 1790 2043 cupiditate,

209 2059 346 2121 odio,
374 2050 588 2117 amore’.
620 2059 859 2125 Timore,
887 2061 1012 2123 dum
1059 2070 1204 2121 metu
1251 2064 1536 2135 potestatis
1564 2062 1791 2131 alicujus

212 2149 497 2209 veritatem
520 2149 663 2221 loqui
686 2151 1062 2221 pavescimus;
1090 2152 1405 2223 cupiditate,
1425 2153 1549 2213 dum
1573 2154 1795 2225 praemio

211 2241 446 2295 muneris
495 2240 727 2313 alicujus
764 2240 1190 2312 corrumpimur;
1243 2243 1389 2309 odio,
1437 2242 1561 2303 dum
1606 2253 1794 2299 contra

211 2331 505 2399 quemlibet
547 2332 773 2391 adversa
815 2333 1097 2399 molimur;
1130 2346 1333 2397 amore,
1365 2333 1492 2388 dum
1530 2332 1707 2389 amico
1737 2340 1794 2387 et

208 2422 528 2493 prapinquis
561 2432 822 2501 praestare
863 2424 1259 2481 contendimus.
1318 2420 1414 2477 His
1459 2421 1610 2483 enim
1665 2438 1794 2492 qua-

213 2520 333 2567 tuor
369 2512 551 2573 modis
591 2529 732 2585 stupe
772 2514 998 2591 aequitas
1023 2512 1275 2579 violatur,
1306 2528 1445 2583 saepe
1488 2513 1795 2571 innocentia

211 2601 433 2663 laeditur.
466 2621 484 2655 ι
1060 2645 1067 2653 .

194 2704 203 2709 '
276 2691 436 2749 Plura
470 2694 694 2765 quidem
724 2703 777 2751 et
807 2695 910 2751 alia
940 2702 1153 2752 exstant
1206 2695 1400 2751 divinae
1446 2697 1786 2753 auctoritatis

212 2793 473 2857 pnccepta
489 2787 560 2841 de
582 2786 836 2849 sectanda
854 2786 1084 2857 iustitia,
1103 2794 1155 2844 et
1177 2802 1458 2845 munerum
1476 2788 1787 2862 acceptione

215 2879 465 2951 cavenda,
523 2896 643 2957 qua:
689 2895 908 2941 necesse
938 2890 1023 2937 est
1047 2890 1109 2941 ut
1145 2882 1535 2951 unusquisque,
1560 2882 1651 2953 qui
1675 2878 1793 2936 om.

214 2970 349 3027 cium
374 2980 530 3031 recte
550 2967 824 3041 iudicandi
866 2972 1120 3042 suscepit,
1161 2968 1444 3043 diligenter
1495 2973 1795 3050 perpendat

215 3070 265 3119 et
293 3069 487 3121 tractet
524 3082 536 3119 ς
567 3071 622 3121 at
654 3063 947 3121 secundum
976 3079 1037 3123 ea
1065 3072 1121 3121 et
1166 3072 1312 3118 recte
1336 3062 1541 3131 vivere,
1566 3070 1619 3117 et
1646 3072 1796 3121 recte

211 3150 441 3221 judicare
472 3159 709 3223 satagat.
743 3152 946 3211 Caveat
999 3166 1127 3224 ergo
1174 3168 1244 3209 ne
1295 3162 1514 3229 accepta
1562 3153 1811 3229 pecunia.

1890 588 1998 661 12).
2033 590 2096 644 Et
2128 586 2181 645 in
2204 590 2493 664 Evangelio
2524 610 2539 647 :
2570 590 2799 650 Audistis
2828 594 2950 668 quia
2979 598 3174 655 dictum
3204 586 3277 657 cii
3317 607 3455 661 anti.

1887 682 2023 755 quis,
2050 678 2207 738 redde
2247 681 2465 739 Domino
2499 682 2803 756 juramcnta
2830 697 2941 742 tua.
2982 684 3096 759 Ego
3134 692 3308 747 autem
3335 694 3451 751 dico

1889 776 2051 841 vobis,
2080 790 2181 831 non
2196 772 2384 845 jurarc
2405 777 2630 843 omnino,
2656 792 2818 849 neque
2839 796 2930 850 per
2950 781 3288 852 cwlum,quia
3308 786 3452 841 sedes

1891 865 1989 923 Dei
2016 876 2131 923 est:
2164 885 2327 939 neque
2345 884 2435 939 per
2456 878 2667 937 terram,
2699 872 2821 942 quia
2863 873 3141 935 scabellum
3171 884 3241 933 est
3265 878 3453 947 pedum

1890 958 2004 1029 ejus
2036 978 2054 1025 ς
2087 976 2249 1032 neque
2289 976 2379 1029 per
2416 970 2569 1030 caput
2602 971 2767 1027 tuum,
2801 965 2923 1037 quia
2966 980 3067 1020 non
3112 976 3253 1037 potes
3282 970 3455 1039 facere

1892 1070 2051 1109 unum
2076 1052 2319 1123 capillum
2346 1051 2540 1118 album,
2570 1064 2660 1107 aut
2704 1056 2926 1125 nigrum.
2975 1056 3058 1111 Sit
3092 1069 3263 1114 autem
3286 1074 3453 1115 senm)

1890 1156 2071 1210 vester,
2094 1156 2189 1211 est,
2216 1155 2323 1211 est;
2351 1162 2473 1209 non,
2497 1162 2596 1199 non
2629 1162 2646 1201 :
2669 1146 2805 1218 quod
2845 1158 3017 1205 autem
3054 1151 3276 1223 amplius
3299 1163 3396 1219 est,
3423 1168 3454 1208 α

1892 1238 2030 1299 malo
2059 1246 2133 1290 est
2162 1234 2375 1308 (Matth.
2406 1252 2459 1302 v,
2492 1234 2579 1303 '55,
2613 1237 2722 1307 54).

1960 1324 2292 1395 Augustinus
2333 1326 2399 1382 de
2427 1342 2675 1383 sermone
2715 1328 2925 1391 Domini
2966 1328 3018 1389 in
3047 1341 3225 1389 monte
3256 1331 3392 1405 (Lib.
3416 1352 3452 1397 ι,

1890 1439 2006 1493 cap.
2042 1420 2127 1492 l7)
2164 1438 2176 1474 :
2213 1442 2229 1471 ι
2270 1419 2367 1486 ita,
2402 1420 2594 1489 inquit,
2640 1420 2956 1492 intelligitur
2993 1425 3310 1495 praecepisse
3358 1424 3460 1481 Do-

1890 1513 2095 1573 minum
2116 1526 2184 1564 ne
2201 1509 2430 1578 jurctnr,
2462 1524 2527 1564 ne
2550 1512 2830 1582 quisquam
2860 1512 2997 1567 sicut
3022 1512 3217 1567 bonum
3246 1520 3459 1585 appetat

1884 1599 2294 1673 jusjurandum;
2322 1610 2373 1654 et
2396 1601 2710 1657 assiduitate
2726 1600 2940 1668 jurandi
2964 1602 3029 1661 ad
3055 1601 3345 1671 periurium
3368 1619 3462 1671 per

1894 1692 2337 1749 consuetudinem
2368 1693 2656 1748 dilabatur.
2704 1696 3043 1764 Quapropter
3074 1694 3163 1765 qui
3190 1694 3456 1765 intelligit,

1896 1797 2000 1836 non
2032 1783 2087 1836 in
2112 1782 2287 1847 bonis,
2319 1778 2410 1836 sed
2443 1782 2493 1835 in
2526 1780 2845 1837 necessariis
2880 1778 3207 1849 jurationem
3260 1784 3465 1841 haben-

1892 1872 2034 1941 dam,
2070 1875 2304 1931 refrenet
2331 1890 2389 1930 se
2418 1884 2672 1946 quantum
2702 1884 2897 1946 potest,
2937 1884 2994 1933 ut
3031 1892 3136 1932 non
3168 1884 3237 1933 ca’
3256 1884 3462 1946 utatur,

1893 1969 1996 2027 nisi
2030 1968 2368 2031 necessitate,
2399 1982 2520 2023 cum
2549 1968 2693 2023 videt
2736 1969 2919 2038 pigros
2964 1982 3080 2027 esse
3129 1969 3373 2027 homines
3401 1970 3467 2026 ad

1892 2060 2241 2124 credendum,
2268 2060 2410 2128 quod
2432 2058 2511 2115 eis
2536 2059 2664 2115 utile
2696 2071 2775 2115 est
2803 2061 3043 2127 credere,
3074 2061 3176 2115 nisi
3197 2060 3467 2131 juratiotte

1894 2151 2157 2215 ﬁrmetur.
2182 2152 2264 2206 Ad
2292 2151 2395 2207 hoc
2421 2152 2603 2223 itaque
2650 2154 2883 2222 pertinet
2927 2154 3069 2224 quod
3117 2154 3197 2208 sic
3226 2154 3463 2213 dicitur:

1894 2238 1973 2303 Sit
2004 2253 2175 2298 autent
2200 2259 2367 2298 sermo
2392 2252 2575 2309 vester,
2604 2254 2702 2310 est,
2725 2252 2797 2298 est
2813 2260 2832 2311 ;
2856 2260 2979 2309 non,
3006 2260 3129 2309 non,
3151 2245 3247 2299 hoc
3276 2245 3467 2299 bonum

1894 2320 1977 2391 est
2000 2346 2047 2391 et
2088 2335 2429 2407 appetendum
2458 2349 2475 2386 :
2503 2334 2655 2402 Quod
2688 2347 2861 2392 autem
2901 2336 3122 2408 amplius
3142 2344 3240 2402 est,
3270 2353 3303 2390 a
3328 2336 3467 2390 malo

1897 2438 1969 2483 est
1990 2412 2204 2495 (Matth.
2230 2441 2287 2491 v,
2310 2426 2401 2499 57)
2435 2440 2448 2480 :
2482 2427 2540 2483 ld
2562 2436 2665 2491 est,
2694 2428 2738 2482 si
2769 2425 2955 2495 iurare
2979 2428 3206 2498 cogeris,
3237 2427 3378 2483 scias
3404 2430 3470 2484 de

1895 2518 2220 2579 necessitate
2244 2518 2429 2573 venire
2467 2517 2801 2572 infirmitatis
2828 2532 3016 2592 eorum
3045 2519 3249 2591 quibus
3268 2520 3469 2590 aliquid

1896 2609 2108 2671 suades.
2142 2607 2271 2677 Qum
2329 2607 2620 2667 inﬁrmitas
2670 2608 2859 2678 utique
2902 2608 3103 2671 malum
3132 2604 3280 2665 est:
3326 2610 3471 2667 unde

1896 2716 1996 2759 nos
2047 2700 2285 2777 quotidie
2336 2698 2556 2755 liberari
2604 2699 2972 2769 deprecamur,
3024 2699 3466 2757 cum'dieimus':

1896 2788 2085 2849 Libera
2114 2804 2267 2845 noua
2290 2788 2427 2844 malo
2457 2788 2619 2859 (Ibid.
2654 2803 2731 2854 vt,
2772 2786 2879 2858 l5).
2902 2787 3089 2863 itaque
3108 2787 3241 2843 dixit
3272 2804 3285 2841 ε
3316 2787 3469 2853 Quod

1896 2891 2068 2943 autem
2097 2880 2323 2951 amplius
2350 2889 2451 2945 est,
2473 2896 2507 2935 a
2532 2879 2670 2936 malo
2696 2890 2771 2935 est
2793 2878 2943 2952 (Luc.
2973 2895 3048 2945 st,
3072 2878 3153 2952 ι).
3184 2879 3263 2939 Tu
3290 2888 3469 2943 autern

1894 2986 2005 3027 non
2036 2970 2239 3031 malum
2270 2969 2427 3036 facis,
2480 2970 2575 3043 qui
2626 2970 2764 3025 bene
2801 2971 2972 3025 uteris
2998 2969 3273 3037 juratione
3307 2988 3320 3023 :
3352 2984 3472 3047 qua:

1896 3062 1998 3117 etsi
2028 3076 2133 3123 non
2188 3063 2350 3126 bona,
2382 3069 2564 3116 tamen
2594 3061 2901 3116 necessaria
2938 3069 3041 3125 est,
3068 3069 3130 3115 ut
3170 3060 3326 3119 alteri
3349 3076 3471 3130 perv-

1898 3152 2142 3217 snadeas,
2173 3153 2316 3223 quod
2338 3152 2545 3217 utiliter
2569 3152 2828 3207 suadeas:
2856 3151 2949 3207 sed
2972 3164 3004 3207 a
3030 3150 3173 3211 malo
3199 3154 3286 3213 est
3305 3149 3469 3217 illius,

218 3241 483 3301 Christum
506 3245 737 3310 vendat;
765 3261 831 3301 ne
853 3260 952 3321 pro
974 3244 1125 3301 luem
1143 3252 1361 3300 terreno
1380 3253 1584 3305 (eterna
1610 3261 1792 3301 remu-
1820 3240 1865 3265 υ
1896 3242 2049 3312 cujus
2101 3242 2413 3299 inﬁrmitate
2468 3243 2654 3314 jurare
2699 3241 2930 3312 cogeris.
2981 3240 3088 3297 Sed
3112 3254 3275 3301 nemo
3299 3241 3469 3307 novit,

222 3338 494 3397 neratione
521 3353 579 3395 se
595 3339 770 3411 privet
802 3355 814 3392 :
847 3337 1049 3409 Deique
1072 3338 1274 3410 judicia
1299 3345 1422 3393 ante
1446 3338 1629 3394 oculos
1652 3352 1791 3392 sem-

217 3443 308 3499 per
352 3426 658 3502 praeponat,
717 3430 910 3493 timens
958 3437 1297 3500 tremensque
1351 3443 1418 3485 ne
1461 3430 1525 3485 de
1567 3427 1790 3501 justitia:

217 3518 422 3579 tramite
451 3519 682 3579 devians
702 3520 879 3587 cadat,
893 3529 948 3575 et
969 3519 1110 3581 unde
1126 3516 1413 3590 justiiicari
1441 3519 1644 3585 debuit,
1666 3520 1790 3575 inde

218 3609 622 3675 condemnetur.

787 3699 1016 3765 CAPUT
1049 3697 1217 3763 XXV.

520 3787 533 3795 ’
620 3794 621 3797 “
667 3779 746 3851 De
783 3793 996 3851 uitanda
1039 3794 1328 3869 juratione.

284 3880 413 3939 Cum
434 3882 490 3939 in
516 3881 703 3939 multis
722 3896 931 3951 omnes,
948 3882 1190 3958 apostolo
1210 3880 1410 3937 Jacobo
1432 3890 1593 3949 teste,
1625 3882 1791 3941 offen-

222 3964 419 4039 damus,
450 3971 593 4043 apud
620 3979 907 4042 utrumque
952 3972 1223 4040 ordinem,
1262 3971 1567 4033 clericalem
1598 3975 1790 4033 videli-

198 4064 297 4114 ‘cet
346 4072 398 4115 et
444 4060 733 4129 laicalern,
792 4063 902 4117 imo
952 4064 1090 4134 apud
1134 4073 1423 4135 utrumque
1469 4078 1678 4129 sexum,
1736 4066 1790 4120 in

222 4149 423 4208 incauta
445 4153 724 4222 juratione
743 4154 902 4210 valde
928 4163 984 4208 et
1032 4155 1414 4213 miserabiliter
1437 4152 1786 4227 delinquitur.

222 4236 435 4296 Paratur
452 4245 600 4298 enim
626 4258 656 4299 a
682 4242 1004 4314 quibusdam
1026 4245 1167 4319 quod
1209 4246 1543 4302 solummodo
1572 4247 1667 4302 ille
1694 4250 1789 4318 qui

223 4325 503 4387 falsitatem
538 4344 699 4404 super
721 4348 841 4389 ossa
867 4330 1092 4406 alicujus
1119 4337 1291 4391 sancti
1341 4338 1463 4403 viri,
1509 4348 1601 4393 aut
1631 4354 1791 4410 super

224 4418 479 4491 reliquias,
516 4432 610 4485 aut
631 4438 795 4495 super
812 4426 1001 4491 altare,
1030 4436 1122 4487 aut
1152 4426 1440 4500 Evangelia
1463 4429 1630 4499 jurat,
1660 4446 1788 4502 per-

220 4507 340 4576 jurii
369 4513 597 4573 crimine
649 4522 900 4573 teneatur
947 4516 1212 4571 obnoxius
1243 4536 1255 4571 :
1285 4518 1372 4573 ille
1403 4532 1531 4577 vero
1572 4521 1663 4590 qui
1690 4535 1795 4590 pro,

225 4604 449 4670 qualibet
472 4620 536 4663 re
564 4618 776 4678 magna,
803 4614 895 4665 aut
922 4622 1085 4679 parva
1112 4610 1279 4673 Deum
1326 4620 1521 4669 testem
1552 4594 1795 4682 invocat,

224 4704 272 4749 et
293 4712 386 4768 per
404 4710 646 4761 sanctam
670 4702 1011 4769 Trinitatem,
1044 4718 1410 4781 superuosque
1436 4707 1582 4761 cives
1600 4705 1788 4777 jurare

225 4800 324 4841 non
349 4792 602 4862 trepidat,
634 4793 889 4851 immunis
915 4793 1181 4855 habeatur
1200 4811 1231 4853 a
1254 4794 1519 4867 periurio;
1553 4811 1784 4866 praeser-

226 4877 312 4933 tim
363 4898 482 4939 cum
515 4884 692 4946 omnis
729 4885 821 4959 qui
870 4892 1057 4943 testem
1110 4885 1329 4945 adhibet
1378 4888 1564 4951 Deum,
1602 4888 1789 4959 jurare

226 4974 615 5053 comprobetur,
642 4974 782 5033 sicut
810 4976 999 5033 beatus
1032 4976 1363 5047 Augustinus
1407 4978 1462 5032 in
1501 4976 1642 5038 libro
1668 4992 1783 5034 ser-

228 5076 430 5125 monum
454 5067 533 5125 ait
559 5078 607 5123 ι.
668 5067 925 5123 Dominus
966 5082 1181 5141 quoque
1226 5067 1303 5129 ait
1350 5067 1407 5123 in
1453 5068 1570 5140 lege
1606 5089 1619 5123 :
1659 5068 1781 5129 Non

228 5169 453 5211 assumas
472 5174 658 5217 nomen
687 5159 900 5217 Domini
948 5158 1042 5217 Dei
1074 5161 1150 5217 tui
1174 5160 1229 5215 in
1265 5174 1453 5213 vanam
1482 5173 1501 5213 :
1528 5176 1621 5214 nec
1646 5162 1780 5219 enim

229 5236 469 5301 Dominus
482 5263 599 5303 eum
614 5248 820 5305 habebit
835 5250 1111 5316 insontem,
1128 5250 1219 5320 qui
1240 5248 1575 5319 assumpserit
1598 5264 1783 5305 nomen

230 5330 318 5386 Dei
341 5339 425 5391 sui
447 5336 645 5407 frustra
678 5338 873 5412 (Emit.
926 5356 1023 5407 xx,
1072 5340 1147 5412 7).
1201 5341 1269 5399 Et
1316 5342 1609 5399 Zacharias
1657 5357 1783 5411 pro-

228 5424 374 5493 pheta
404 5449 417 5483 :
446 5431 814 5489 Juramentum
844 5434 1072 5494 mendae:
1112 5451 1173 5488 ne
1222 5432 1451 5503 diligatis
1473 5432 1621 5503 (Zac.
1661 5448 1783 5500 vm,

232 5515 332 5588 l7).
364 5520 427 5576 Et
452 5522 710 5579 Salomon
739 5543 751 5577 :
783 5525 1053 5583 Jurationi
1099 5542 1201 5583 non
1244 5534 1506 5581 assuescat
1532 5542 1589 5580 os
1635 5535 1782 5583 tuum

233 5604 407 5676 (Eccli.
433 5626 586 5680 χχιιι,
615 5614 692 5686 9).
722 5614 852 5670 Item
883 5631 897 5669 :
927 5615 1031 5682 Qui
1070 5617 1293 5675 multum
1321 5616 1496 5686 iurat.
1525 5632 1627 5671 tum
1648 5619 1783 5687 effu-

230 5700 322 5767 aiat
347 5716 624 5771 peccatum.
667 5707 839 5767 Item:
880 5706 971 5763 Vir
1004 5709 1224 5767 multum
1261 5710 1476 5783 jurans.
1508 5710 1784 5781 replebitur

299 5826 323 5853 ι
350 5814 530 5876 Sermo
554 5818 619 5877 de
641 5819 897 5878 Decollat.
928 5824 1100 5880 sancti
1129 5823 1282 5879 Joan.
1314 5839 1433 5893 cap.
1459 5824 1511 5878 5.

1892 3336 1997 3392 nisi
2025 3336 2116 3406 qui
2141 3343 2394 3406 expertus
2415 3341 2520 3400 est,
2545 3348 2708 3403 quam
2739 3334 2811 3389 sit
2850 3332 3068 3393 diﬂiciie
3091 3338 3147 3385 et
3177 3340 3469 3389 mactus

1891 3428 2073 3489 dinem
2122 3424 2341 3494 iurandi
2370 3426 2741 3497 exstinguere;
2764 3433 2820 3480 et
2858 3437 3133 3497 mmqm
3162 3432 3369 3485 temere
3393 3423 3473 3478 ia—

1892 3533 2036 3583 cere,
2093 3518 2235 3586 quod
2285 3530 2671 3588 nonnunquam
2725 3516 2906 3574 facere
2956 3519 3259 3577 necessitas
3306 3518 3468 3589 cogit.

1893 3612 2070 3681 Quzeri
2099 3619 2280 3666 autem
2304 3619 2481 3681 potest
2500 3625 2624 3666 cum
2669 3611 2941 3667 diceretur.
2973 3626 2989 3666 :
3024 3612 3134 3681 Ego
3157 3621 3333 3671 autem
3350 3610 3468 3666 dico

1891 3704 2035 3763 nobis
2060 3716 2162 3758 non
2199 3704 2386 3773 jurare
2422 3704 2677 3758 omnino:
2707 3720 2804 3759 cur
2850 3704 3088 3763 additum
3124 3704 3208 3758 sit
3236 3701 3471 3772 :thqua

1890 3812 1985 3867 per
2012 3796 2216 3860 caelum,
2239 3797 2362 3866 quia
2389 3796 2608 3851 thronus
2640 3795 2738 3851 Dei
2758 3805 2854 3861 est,
2877 3802 2931 3849 et
2975 3802 3171 3851 austera
3201 3806 3373 3864 usque
3400 3793 3469 3853 ad

1894 3889 1947 3943 id
1975 3890 2116 3957 quod
2144 3888 2345 3943 dictum
2372 3896 2476 3953 est,
2512 3902 2671 3958 neque
2695 3902 2790 3958 per
2808 3895 2967 3957 caput
2996 3896 3144 3941 tuam
3171 3884 3387 3955 (Matth.
3406 3894 3464 3951 is,

1892 3978 2003 4049 54).
2032 3978 2211 4035 Credo
2247 3984 2554 4049 propterea,
2588 3978 2712 4047 quia
2769 3989 2876 4039 non
2920 3978 3184 4046 putabant
3212 3989 3272 4029 se
3295 3972 3464 4035 Indici

1892 4068 2456 4140 tenerijurejurando,
2485 4069 2531 4125 si
2564 4083 2660 4137 per
2688 4068 2789 4123 ista
2824 4066 3161 4135 iuravissem
3193 4085 3206 4119 :
3239 4074 3464 4135 etquo.-

1891 4162 2036 4215 uiam
2064 4161 2347 4217 audierant
2378 4177 2389 4213 :
2422 4158 2619 4213 Reddas
2649 4168 2821 4213 autem
2862 4158 3087 4215 Domino
3106 4158 3268 4228 aqua
3286 4157 3471 4227 jusju—

1893 4252 2115 4305 randum
2145 4258 2289 4303 tunm
2318 4250 2502 4321 (lbid.,
2520 4248 2632 4321 55),
2648 4262 2754 4305 non
2774 4264 2831 4303 se
2853 4249 3117 4319 putabant
3138 4248 3468 4303 Dom'rnodo-

1888 4343 2018 4397 bere
2048 4340 2447 4413 jusjurandum,
2494 4341 2540 4397 si
2583 4352 2683 4411 per
2732 4341 2949 4406 coelum,
3008 4348 3097 4394 tut
3119 4350 3340 4406 terram,
3374 4340 3468 4399 aut

1889 4431 2304 4503 Jerosolymam,
2336 4438 2429 4489 aut
2469 4445 2571 4501 per
2608 4439 2770 4500 caput
2813 4427 3243 4499 sumn'juranent
3281 4428 3468 4498 timori

1891 4536 1999 4574 non
2035 4520 2165 4579 vitio
2213 4517 2597 4591 ptmclpientis,
2644 4518 2740 4572 sed
2794 4518 2934 4573 male
2988 4517 3339 4587 intelligentia
3384 4523 3467 4573 est

1895 4611 2114 4668 factum.
2141 4609 2327 4678 Itaque
2350 4609 2607 4665 Dominus
2632 4608 2813 4673 docet,
2836 4604 2969 4667 nihil
2996 4614 3117 4667 esse
3143 4617 3257 4665 tam
3280 4607 3385 4661 vile
3409 4607 3462 4661 in

1892 4701 2163 4758 creaturis
2190 4699 2306 4765 Dei,
2330 4707 2387 4752 ut
2408 4714 2509 4767 per
2533 4699 2637 4755 hoc
2654 4700 2881 4771 quisque
2914 4700 3292 4771 perjurandur‘n
3320 4699 3466 4769 arbi-

1892 4801 2069 4846 tretur
2116 4809 2129 4847 :
2162 4793 2376 4861 quando
2406 4806 2435 4843 a
2467 4791 2690 4845 summis
2744 4791 2812 4844 ad
2858 4790 3045 4849 inﬁma
3066 4790 3245 4845 divina
3278 4789 3460 4856 pmviv-

1890 4882 2073 4943 (lentia
2117 4889 2301 4941 creata
2350 4888 2685 4949 regerentur,
2732 4881 2996 4949 incipiens
3047 4895 3077 4934 a
3124 4879 3317 4935 throno
3366 4876 3463 4935 Dei

1894 4988 2063 5043 usque
2093 4973 2159 5028 ad
2212 4972 2465 5043 capillum
2500 4972 2678 5029 album
2725 4981 2818 5029 aut
2862 4973 3094 5042 nigrum.
3152 4968 3335 5041 Neque
3371 4984 3463 5041 per

1885 5063 2089 5127 etclam,
2117 5063 2312 5131 inquit,
2335 5062 2460 5133 quia
2483 5062 2700 5117 thronus
2718 5062 2812 5119 Dei
2826 5070 2901 5115 est
2922 5078 2939 5114 :
2957 5076 3117 5132 neque
3139 5069 3458 5129 perterrente,

1882 5170 2002 5224 quia
2024 5152 2305 5211 scabellum
2328 5162 2404 5207 eu
2429 5153 2619 5222 pedum
2644 5153 2758 5222 ejus
2788 5152 2836 5222 (1
2845 5152 2974 5219 bid.,
3006 5151 3117 5224 56).
3214 5180 3219 5189 α
3308 5188 3311 5197 .
3398 5168 3405 5203 ι

1953 5254 2085 5308 Item
2134 5252 2277 5311 idem
2322 5250 2378 5311 in
2414 5250 2554 5307 libro
2596 5249 2915 5307 Sermonum
2948 5250 2977 5291 h
3009 5268 3023 5303 :
3066 5270 3085 5301 ι
3118 5250 3495 5319 Ιηιιιιει-ωιιιιν

1884 5345 2080 5414 inquit,
2110 5344 2424 5415 plerumque
2442 5342 2769 5411 juramenta,
2797 5353 2961 5410 quam
2986 5342 3167 5399 verba.
3192 5343 3255 5396 Si
3279 5343 3452 5397 (bson.

1885 5439 1984 5493 tiat
2009 5436 2170 5492 homo
2198 5435 2414 5503 quoties
2453 5431 2601 5499 juret
2635 5446 2733 5502 per
2760 5436 2933 5487 totum
2970 5432 3133 5499 diem.
3161 5434 3373 5503 quaties
3398 5448 3459 5487 se

1884 5526 2154 5590 vulneret,
2170 5524 2383 5593 quoties
2408 5520 2587 5590 gladio
2609 5520 2842 5590 linguam
2870 5520 3050 5588 feriat,
3068 5531 3124 5577 et
3153 5522 3453 5593 transﬁgat,

1883 5617 2007 5687 quis
2028 5617 2082 5670 in
2114 5615 2205 5669 illo
2231 5614 2381 5668 locus
2406 5612 2678 5666 invenitur
2706 5614 2905 5667 sanus?
2932 5613 3072 5682 Quia
3120 5629 3251 5685 ergo
3295 5627 3457 5683 gravo

1825 5772 1833 5781 ,
1883 5717 2165 5781 peccatum
2217 5714 2303 5761 est
2351 5704 2663 5779 periurare,
2718 5707 3097 5780 compendium
3150 5707 3250 5767 tibi
3308 5705 3458 5773 dedit

1898 5805 1903 5810 ’
1960 5820 1989 5861 ι³
2020 5819 2097 5873 De
2122 5816 2305 5873 verbis
2334 5815 2520 5893 Apost.
2556 5830 2726 5879 serta.
2751 5816 2840 5889 28,
2860 5818 3056 5893 caua.
