3964 6466
500 471 605 530 267

1531 448 1747 522 tonas
1785 421 2340 520 AURELIANENSIS
2376 421 2684 514 Erlscori

3634 452 3725 512 268

501 583 608 664 que
637 588 879 662 corporis
903 597 1106 660 partes,
1134 583 1224 642 ubi
1249 569 1497 650 fuerunt,‘
1513 567 1714 638 "redire
1745 568 1973 635 necesse
1985 566 2079 632 sit:
2108 566 2162 638 Α
2183 556 2294 629 ad:
2324 553 2676 650 animus
2713 553 2757 627 si
2781 566 3062 664 hominem
3088 582 3154 628 ex
3193 563 3417 645 pulvere
3442 545 3730 664 resusciiei:

497 647 756 756 Alioquin
785 683 831 738 si
853 647 1140 754 iri-capillis
1167 679 1307 748 redit
1320 647 1608 750 quod—tam
1630 675 1823 732 crebro
1850 681 2074 728 tonsura
2117 675 2156 724 Ι.
2175 668 2268 738 qui
2311 647 2472 723 simul
2509 666 2804 722 omniasett
2842 655 3018 719 nihilo
3054 661 3261 750 creavit
3280 647 3628 725 l'lilrahiiltis
3660 647 3733 718 etii

501 765 756 840 detraxit,
803 774 848 830 si
878 769 1144 848 unguibus
1175 772 1317 842 quod
1344 769 1506 825 toties
1539 767 1776 838 dempsit
1813 763 2070 829 exsectio,

502 868 858 938 immoderata
887 875 943 920 et
981 863 1234 922 hidecens
1260 861 1623 935 cogitantibus
1659 867 1720 914 et
1744 858 1864 923 ideo
1894 871 2082 922 retur-5

503 959 800 1020 rectionem
828 954 1006 1014 carnis
1042 967 1148 1009 non
1190 951 1532 1008 credentibus
1567 948 1806 1006 occurrit
1829 945 2081 1001 inferum

504 1056 612 1104 tas.
647 1046 752 1104 Sed
795 1043 1248 1122 quemadmodum
1273 1042 1318 1098 si
1350 1049 1535 1101 statua.
1563 1037 1849 1108 cujuslibet
1865 1035 2084 1092 'solubi~’

503 1143 572 1200 iis
593 1139 793 1218 metalli
819 1147 914 1196 aut
947 1138 1071 1212 igne
1100 1136 1460 1210 liquesceret,
1485 1139 1594 1190 'aut
1619 1135 1994 1187 contereretur
2021 1127 2080 1184 in

504 1234 800 1307 pulverem,
850 1239 946 1290 aut
993 1230 1412 1287 confundantur
1460 1227 1518 1282 in
1567 1239 1820 1288 massam,
1867 1229 1926 1278 et
1957 1235 2082 1276 eam

506 1327 666 1384 vellet
715 1324 906 1382 artifex
959 1337 1177 1379 rursum
1217 1337 1288 1376 ex
1319 1320 1465 1376 illius
1509 1317 1753 1388 materiae
1779 1315 2090 1386 quantitate-

506 1418 764 1494 reparari,
799 1416 936 1474 nihil
972 1415 1260 1470 interesset
1307 1412 1376 1467 ad
1413 1411 1532 1482 ejus
1559 1409 1924 1482 integritatem
1959 1419 2084 1476 qua)

504 1507 767 1580 particula
795 1505 1042 1562 materiai
1084 1503 1282 1580 cuique
1309 1501 1558 1556 membro
1596 1506 1788 1556 stature
1822 1495 2095 1550 redderem

505 1605 615 1665 tur,
651 1599 775 1656 dum
801 1601 978 1656 tamen
1014 1600 1185 1648 totum
1215 1607 1283 1647 ex
1312 1606 1418 1662 quo
1447 1589 1740 1646 constituta
1766 1586 1960 1652 fuerat,
1997 1599 2083 1640 re-

507 1695 809 1746 sumeretur
839 1685 951 1740 :‘ita
984 1683 1149 1749 Deus,
1189 1679 1511 1738 mirabiliter
1549 1689 1712 1748 atque
1739 1674 2084 1732 incﬂ'abiliter

505 1775 728 1844 artifex,
748 1775 817 1834 de
841 1782 955 1832 toto
975 1788 1083 1844 quo
1095 1787 1224 1831 caro
1256 1779 1442 1828 nostra
1467 1768 1808 1831 constiterat,
1835 1781 1961 1822 eam
1983 1765 2086 1822 mi—

508 1869 664 1926 rabili
705 1875 866 1937 atque
906 1861 1158 1924 ineffabili
1203 1861 1482 1918 celeritate
1511 1859 1780 1914 restituet.
1827 1851 1938 1910 Nec
1979 1853 2082 1908 alio

2175 758 2291 813 Ded
2323 756 2522 814 ctelnm
2563 771 2630 812 ac
2655 763 2862 812 terram
2883 752 3143 809 ernullis
3180 744 3534 822 existentibus
3571 752 3734 808 condis

2175 851 2352 917 disse,
2405 847 2782 920 quam-quum
2831 845 3108 902 hominem
3155 850 3248 901 ex'
3277 833 3431 912 terra
3475 831 3735 926 reparare;

2175 938 2657 1007 Quid'mirum'est
2681 937 2902 1003 si-ossa,
2932 949 3146 1002 nervos,
3173 930 3394 993 carnem
3428 933 3735 1008 capillosque

2177 1033 2322 1088 Deus
2346 1032 2568 1090 reducat
2609 1046 2676 1087 ea
2700 1031 2942 1114 pulvere,
2972 1029 3071 1102 qui
3107 1027 3604 1102 lignumyfructus;
3626 1026 3738 1082 folia

2178 1128 2235 1183 in
2282 1142 2476 1199 magna
2513 1125 2654 1182 mole
2703 1121 2922 1184 arboris
2959 1119 3239 1200 ex'parvo
3268 1121 3506 1198 quotidie
3554 1119 3738 1175 semine

2179 1209 2482 1275 restauret?
2501 1217 2636 1274 Cum
2652 1231 2785 1290 ergo
2801 1211 3298 1272 dubitans-animus
3321 1213 3389 1269 de
3412 1209 3742 1270 resurrectio-

2181 1311 2266 1366 nis
2294 1311 2530 1382 potentia
2567 1305 3095 1382 rationem-quaerit,
3135 1291 3535 1366 eammd'em‘ei
3573 1300 3740 1358 rerum

2180 1402 2506 1474 (insectiones
2563 1400 2859 1458 inferendae
2918 1408 3087 1463 sunt,
3121 1410 3266 1470 quin
3313 1403 3368 1453 et
3423 1395 3746 1452 incessanter

2181 1491 2336 1560 ﬁunt,
2380 1498 2439 1548 et
2479 1499 2662 1547 tamen
2715 1491 2926 1546 ratione
2970 1477 3206 1570 exprimi
3239 1487 3596 1567 nequaquam
3633 1491 3746 1558 pos-

2182 1581 2336 1650 suut';
2375 1590 2438 1638 ut
2489 1584 2617 1639 dum
2653 1595 2768 1654 non
2800 1579 2944 1638 valet
2993 1592 3060 1638 ex
3107 1573 3318 1637 visione
3357 1579 3436 1636 rei
3472 1577 3746 1650 penetrare

2183 1677 2326 1748 quod
2379 1675 2690 1746 conspicit,
2745 1667 2812 1730 de
2861 1675 3218 1748 promissione
3267 1659 3462 1729 divinae
3507 1669 3744 1744 potentiae

2184 1769 2373 1824 credat
2391 1767 2532 1838 quod
2561 1767 2734 1822 audit.
2775 1761 2932 1836 Saepe
2954 1764 3104 1822 inﬁdi
3137 1763 3386 1820 homines
3417 1763 3545 1819 dum
3581 1762 3746 1836 pulve-

2188 1873 2304 1913 rem
2349 1857 2712 1928 putrescentis
2761 1857 2942 1912 carnis
2993 1855 3280 1928 aspiciunt,
3343 1854 3532 1910 dieunt
3567 1875 3578 1906 :
3615 1853 3746 1910 Unde

506 1959 638 2033 quid
680 1935 929 2014 attinebit
964 1955 1034 2010 ad
1067 1954 1186 2026 ejus
1226 1949 1739 2022 redintegrationem
1775 1951 2086 2004 utrumca—
2111 1935 2160 1997 B
2185 1963 2310 2004 ossa
2338 1955 2398 2004 et
2440 1946 2708 2012 medullae,
2761 1945 2908 2002 unde
2939 1959 3067 2002 caro
3097 1953 3156 2000 et
3201 1943 3384 2020 capilli
3411 1950 3663 2018 poterunt
3703 1942 3750 1999 in

504 2051 620 2124 pilli
647 2051 716 2106 ad
742 2046 965 2120 capillos
987 2045 1230 2111 redeant,
1273 2051 1332 2110 et
1371 2058 1580 2116 ungues
1625 2041 1694 2098 ad
1726 2053 1968 2110 ungues,
2013 2053 2084 2094 an
2138 2039 2592 2095 ‘iresurrectione
2649 2039 2940 2110 reparari?
3003 2037 3130 2096 Haec
3194 2038 3379 2110 itaque
3434 2037 3754 2125 requirentes

507 2141 769 2216 quidquid
809 2155 1000 2199 eorum
1041 2137 1280 2214 perierat
1321 2143 1560 2194 mutetur
1605 2136 1666 2194 in
1707 2147 1891 2199 carne,
1933 2139 1992 2186 et
2017 2131 2090 2188 ad

505 2247 694 2310 partes
743 2234 878 2290 alias
927 2231 1172 2302 corporis
1225 2237 1532 2292 revocetur,
1589 2234 1818 2285 curante
1861 2221 2088 2280 artiﬁcis

505 2324 789 2399 prudentia
817 2339 884 2380 ne
917 2321 1049 2393 quid
1071 2320 1328 2377 indecens
1355 2317 1469 2376 ﬁat.
1491 2315 1660 2392 (Cap.
1687 2313 1802 2388 90.)
1819 2313 1930 2370 Nec
1955 2311 2088 2370 illud

505 2425 590 2474 est
621 2427 960 2484 consequens
997 2418 1059 2466 ut
1100 2409 1223 2466 ideo
1261 2409 1476 2467 diversa
1503 2413 1713 2464 statura
1754 2405 1829 2470 sit
1865 2402 2092 2462 revivis~

507 2505 745 2561 centium
768 2501 1124 2575 singulorum,
1152 2499 1278 2569 quia
1305 2497 1486 2554 fuerat
1517 2497 1729 2552 diversa
1765 2496 2084 2560 viventium,

507 2604 602 2654 aut
629 2595 802 2651 macri
819 2609 946 2654 cum
972 2591 1162 2651 eadem
1197 2589 1408 2656 macie,
1455 2597 1550 2646 aut
1577 2587 1806 2657 pingues
1845 2599 1967 2642 cum
1997 2599 2090 2640 ea-

507 2689 635 2752 dem,
654 2685 982 2758 pinguedine
1002 2682 1347 2740 reviviscent.
1374 2679 1484 2738 Sed
1511 2679 1558 2739 si
1587 2679 1694 2737 hoc
1715 2680 1880 2736 estin
1909 2677 2092 2738 consis-

507 2775 580 2834 lio
623 2775 920 2843 Creatoris,
963 2781 1024 2830 ut
1053 2773 1109 2830 in
1143 2771 1317 2845 eiiigie
1356 2785 1453 2831 sua
1491 2770 1752 2842 cujusque
1780 2769 2112 2840 proprietas.

507 2871 563 2921 et
585 2863 944 2922 discernibilis
963 2861 1261 2918 similitudo
1295 2870 1567 2926 servetur,
1593 2861 1652 2916 in
1669 2859 1883 2916 caeteris
1909 2867 2112 2914 autem.

510 2956 829 3026 corporibus
851 2953 1007 3010 bonis
1025 2952 1254 3023 aequalia
1275 2959 1466 3008 cuncta
1489 2951 1804 3018 reddantur,
1833 2951 1910 3008 ita
1937 2955 2119 3005 mun-‘

507 3046 817 3102 ditlcabitur
849 3045 907 3102 in
956 3045 1049 3100 illa
1084 3045 1140 3102 in
1189 3057 1514 3115 unoquoque
1558 3044 1832 3110 materies,
1882 3051 1944 3100 ut
1985 3056 2088 3100 nec

508 3136 711 3207 aliquid
751 3151 822 3193 ex
865 3151 930 3192 ea
966 3141 1172 3206 pereat,
1220 3142 1276 3192 et
1316 3133 1464 3206 quod
1515 3133 1678 3192 alicui
1719 3133 1972 3200 defuerit,
2005 3133 2094 3190 ille

511 3225 778 3299 suppleat,
804 3225 896 3295 qui
924 3225 1089 3281 etiam
1109 3224 1179 3280 de
1203 3223 1372 3280 nihilo
1394 3224 1572 3296 potuit
1597 3224 1742 3296 quod
1767 3223 1938 3280 voluit
1963 3237 2097 3293 opes.

512 3295 645 3374 rari.
677 3317 733 3374 Si
763 3324 943 3372 autem
981 3317 1038 3370 in
1083 3295 1414 3387 corporibus
1441 3295 1838 3388 resurgentium
1865 3315 2096 3370 rationa—
2122 3295 2170 3361 C

511 3409 637 3466 bilis
665 3408 1005 3478 inmqualitas
1035 3407 1174 3472 erit,
1225 3406 1370 3462 sicut
1395 3414 1478 3462 est
1505 3421 1700 3472 vocum
1731 3421 1855 3462 cum
1896 3405 2098 3476 quibus

514 3499 770 3570 impletur
791 3507 984 3556 cantus
1015 3516 1030 3552 :
1055 3500 1157 3554 hoc
1184 3496 1278 3552 ﬂet
1305 3497 1596 3567 unicuique
1624 3497 1692 3553 de
1719 3496 1946 3556 materia
1979 3510 2096 3552 cor-

515 3592 662 3663 poris
701 3592 805 3659 sui,
835 3591 982 3661 quod
1017 3597 1075 3645 et
1107 3589 1380 3646 hominem
1411 3589 1602 3644 reddat
1645 3588 1904 3663 angelicis
1941 3587 2098 3644 emti-

514 3685 636 3751 bus,
674 3691 728 3738 et
773 3683 907 3740 nihil
935 3683 1323 3739 inconveniens
1347 3696 1537 3738 eorum
1579 3655 1792 3752 ingerai
1821 3679 2090 3735 sensibus.

515 3775 833 3831 indecorum
855 3775 1054 3846 quippe
1080 3773 1280 3844 aliquid
1310 3773 1387 3830 ibi
1411 3787 1518 3829 non
1546 3773 1672 3837 erit,
1710 3774 1807 3830 sed
1836 3771 2100 3844 quidquid

517 3865 760 3924 futurum
801 3874 902 3930 est,
944 3865 1050 3921 hoc
1071 3863 1310 3928 decebit,
1349 3864 1476 3935 quia
1502 3879 1602 3920 nec
1629 3861 1867 3918 futurum
1896 3871 2004 3928 est,
2049 3861 2097 3917 si

521 3971 629 4014 non
655 3957 904 4014 decebat.
932 3952 1096 4028 (Cap.
1135 3954 1260 4027 91.)
1289 3955 1592 4025 Besurgent
1624 3967 1756 4025 ergo
1785 3963 2097 4010 sanctorum

521 4061 751 4119 corpora
796 4047 918 4102 sine
949 4045 1058 4102 ullo
1075 4045 1232 4110 vitio,
1273 4045 1390 4100 sine
1415 4043 1524 4099 ulla
1554 4043 1894 4100 deformitate
1913 4084 1926 4108 ,
1956 4043 2117 4098 sicut'

520 4143 640 4195 sine
667 4139 772 4194 ulla
802 4138 1174 4208 corruptione,
1213 4151 1404 4203 onere,
1451 4135 1781 4192 diilicultate.
1815 4135 1871 4192 In
1901 4137 2099 4206 quibus

522 4240 671 4287 tanta
700 4230 954 4297 facilitas,
981 4238 1184 4300 quanta
1209 4229 1443 4284 felicitas
1469 4229 1594 4283 erit.
1622 4228 1850 4298 Propter
1871 4229 2015 4297 quod
2039 4236 2099 4283 et

523 4320 787 4392 spiritalia
817 4321 961 4378 dicta
988 4329 1134 4386 sunt,
1169 4334 1290 4376 cum
1316 4319 1507 4388 procul
1535 4319 1698 4373 dubio
1723 4333 1950 4389 corpora
1988 4319 2099 4374 sint

522 4411 726 4478 futura,
755 4426 861 4467 non
890 4411 1133 4482 spiritus.
1167 4409 1274 4464 Sed
1303 4410 1444 4465 sicut
1473 4417 1601 4464 tunc
1625 4423 1822 4477 corpus
1865 4407 2100 4464 animale

523 4503 745 4569 dicitur,
790 4501 932 4572 quod
971 4509 1154 4555 tamen
1200 4515 1418 4570 corpus,
1469 4514 1577 4554 non
1625 4486 1804 4554 anima
1847 4507 1972 4563 est;
2019 4499 2100 4554 ita

523 4611 665 4650 nunc
713 4593 956 4666 spiritale
1010 4608 1210 4664 corpus
1233 4633 1248 4658 ,
1302 4599 1483 4647 tamen
1537 4607 1642 4647 non
1691 4591 1913 4661 spiritus
1969 4591 2095 4647 erit.

2188 2148 2355 2204 parua
2381 2132 2593 2188 semina.
2623 2132 2921 2204 ingentium
2949 2132 3204 2187 arborum
3231 2131 3474 2199 videant,
3515 2134 3688 2202 atque,
3709 2131 3748 2185 si

2189 2234 2434 2299 possunt,
2464 2227 2652 2299 dicant
2683 2223 2780 2281 ubi
2801 2207 2862 2280 in
2885 2225 3122 2281 eis-latet
3151 2233 3302 2281 tanta
3333 2224 3505 2280 moles
3537 2223 3764 2302 roboris,

2191 2327 2344 2376 tanta
2365 2317 2652 2374 diversitas
2688 2329 2984 2384 ramorum,
3031 2325 3182 2373 tanta
3215 2315 3506 2372 inultime
3547 2309 3611 2370 ac
3634 2311 3750 2368 viri-

2191 2411 2336 2467 ditas
2363 2409 2635 2476 foliorum,
2677 2417 2833 2468 tanta
2865 2409 3074 2482 species
3106 2407 3323 2476 florum,
3372 2415 3529 2462 tanta
3549 2407 3754 2461 ubertas

2191 2518 2448 2574 saporum
2471 2511 2636 2574 atque
2661 2502 2798 2558 odor
2815 2499 3126 2558 fructuum?
3159 2497 3542 2578 Nunquidnam
3568 2495 3752 2556 semina

2193 2598 2450 2662 ar:on
2497 2593 2740 2650 odorem.
2762 2593 2849 2650 vel
2893 2608 3144 2668 saporem
3190 2583 3392 2656 habent
3439 2604 3605 2668 quem
3641 2592 3756 2666 ipsa:

2193 2694 2318 2757 post
2345 2686 2570 2742 arbores
2596 2687 2650 2741 in
2673 2685 2792 2741 suis
2813 2684 3085 2744 fructibus
3112 2683 3428 2760 proferunt?
3452 2684 3514 2741 Si
3544 2689 3648 2744 nan
3665 2699 3748 2756 po-

2195 2785 2280 2836 tes
2307 2775 2732 2837 resurrectionis
2759 2775 3013 2833 etl‘ectum
3055 2777 3266 2833 ratione
3291 2775 3752 2848 comprehendere,

2193 2870 2472 2940 perpende
2493 2885 2654 2940 quam
2687 2868 2855 2924 multa
2876 2878 3024 2936 sunt,
3059 2884 3182 2940 qua:
3208 2885 3312 2925 non
3337 2869 3616 2942 intelligis,
3644 2879 3772 2938 ωηο·

2194 2949 2470 3026 litersint,
2518 2969 2576 3016 et
2608 2961 2956 3016 tamen'esse
3000 2977 3122 3016 non.
3151 2962 3382 3022 dubitas.
3433 2960 3758 3018 Resurrectio’

2195 3051 2358 3124 plane
2383 3061 2725 3109 mortuorum
2766 3053 2853 3110 his
2877 3062 2946 3108 et
2987 3053 3110 3108 aliis
3147 3051 3568 3128 qn-amplurimis
3600 3061 3758 3106 exem-

2197 3141 2319 3214 plis,
2380 3150 2436 3197 et
2486 3142 2829 3213 potissimum
2887 3141 3059 3212 ipsius
3107 3141 3298 3214 capitis
3342 3141 3520 3195 nostri
3569 3135 3759 3196 Domini

2201 3233 2376 3292 nostri
2411 3227 2538 3290 Iesu
2569 3232 2774 3290 Christi
2795 3231 3222 3297 resurrectione,
3265 3232 3318 3285 in
3347 3245 3456 3302 quo
3477 3241 3666 3286 omnes
3687 3240 3758 3281 re-

2201 3325 2538 3382 surreximus
2563 3331 2621 3381 et
2647 3323 3113 3390 conviviﬁcamur,
3157 3323 3327 3379 astrui
3356 3322 3629 3378 veraciter
3650 3318 3760 3374 litie-

2195 3417 2430 3486 literque
2470 3420 2672 3489 potest.
2699 3413 2844 3482 Quid
2877 3413 3022 3468 enim
3047 3411 3433 3482 congruentius
3465 3424 3613 3465 sanae
3635 3403 3760 3470 ﬁdei,

2199 3506 2398 3579 quidve
2424 3504 2762 3572 credibilius,
2793 3521 2958 3578 quam
2983 3513 3044 3560 ut
3065 3503 3309 3560 membra
3345 3510 3512 3572 caput
3549 3511 3764 3578 sequan-

2200 3599 2322 3657 tur?
2369 3595 2488 3666 Quo
2529 3597 2664 3653 illud
2707 3596 2873 3667 igitur
2897 3594 3198 3667 praecessit,
3227 3592 3471 3650 membra
3489 3591 3762 3660 sequantur

2200 3703 2426 3748 necesse
2457 3697 2560 3744 θει.
2598 3708 2617 3740 ι
2941 3697 2945 3704 ’

2271 3779 2427 3848 Quod
2453 3793 2585 3836 vero
2624 3778 2958 3835 resurrectio
2985 3777 3108 3834 aliis
3145 3776 3217 3831 ad
3242 3776 3434 3842 vitam,
3463 3774 3586 3830 aliis
3621 3769 3685 3830 sit
3708 3767 3765 3824 ad

2201 3887 2417 3944 prenam
2439 3911 2456 3939 ,
2500 3878 2735 3928 testatur
2775 3869 2964 3926 Daniel
3009 3870 3276 3941 propheta
3308 3887 3322 3924 :
3353 3863 3546 3935 Multi,
3593 3863 3760 3936 inquit,

2201 3965 2291 4038 qui
2313 3965 2579 4022 dormiunt
2600 3963 2660 4018 in
2677 3973 2846 4018 terra:
2885 3961 3110 4034 pulvere,
3136 3959 3476 4032 evigilabunt,
3517 3957 3612 4012 alii
3641 3957 3692 4010 in
3711 3953 3773 4007 ui-

2200 4063 2312 4109 tam
2334 4063 2606 4120 cisternam,
2641 4051 2739 4106 alii
2763 4053 2819 4108 in
2844 4051 3178 4124 opprobrium
3211 4049 3374 4122 (Dan.
3395 4059 3498 4116 xtl,
3533 4048 3609 4122 2).
3639 4047 3690 4101 In
3713 4041 3770 4096 ii-

2201 4146 2302 4200 bro
2343 4145 2582 4202 secundo
2627 4142 3104 4198 Machabzeorum:
3141 4139 3222 4195 Tu
3257 4141 3496 4212 quidem,
3532 4137 3770 4194 scelestis--

2201 4233 2356 4300 sime,
2379 4235 2435 4290 in
2455 4233 2699 4303 presenti
2739 4233 2843 4288 vita
2883 4245 2978 4286 nos
3003 4231 3179 4302 perdis
3204 4244 3224 4283 :
3243 4229 3338 4285 sed
3361 4243 3456 4286 re:
3496 4227 3670 4284 mundi
3688 4224 3764 4278 ls-

2172 4324 2410 4394 ‘functos
2453 4340 2545 4382 nos
2586 4339 2680 4394 pro
2719 4323 2829 4378 suis
2854 4323 3053 4394 legibus
3087 4323 3144 4376 in
3173 4330 3384 4377 ceterum
3421 4322 3544 4376 vita:
3566 4331 3768 4375 resurre-

2203 4414 2374 4468 ctione
2401 4411 2670 4470 suscitabit
2699 4410 2799 4485 (II
2831 4411 3014 4468 Μαι-ἠ.
3051 4427 3146 4475 vit,
3177 4410 3263 4484 9).
3288 4410 3424 4466 Item
3451 4428 3467 4466 :
3492 4410 3672 4466 Potius
3705 4411 3768 4460 est

2202 4503 2270 4558 ab
2293 4503 2596 4569 hominibus
2613 4503 2770 4558 morti
2791 4503 2944 4559 datos
2963 4519 3105 4574 spem
3123 4512 3422 4574 exspectare
3442 4503 3566 4568 Dei,
3605 4503 3767 4556 item

2203 4595 2270 4650 ab
2299 4595 2411 4664 ipso
2452 4594 2862 4662 resuscitandas,
2901 4594 2996 4648 tibi
3025 4595 3163 4650 enim
3189 4593 3502 4650 resurrectio
3531 4593 3600 4648 ad
3635 4593 3768 4646 vitam

519 4664 760 4746 Proinde
810 4694 1070 4758 quantum
1121 4686 1312 4742 attinet
1365 4685 1434 4740 ad
1487 4686 1922 4756 corruptionem,
1977 4700 2102 4756 quae
2125 4664 2181 4726 Ῑ)
2207 4704 2312 4742 non
2357 4687 2455 4742 erit
2495 4686 2674 4760 (Ibid.
2707 4705 2754 4742 υ.
2790 4686 2900 4760 id).
2945 4687 3014 4744 Et
3051 4685 3311 4744 Dominus
3354 4686 3409 4742 in
3453 4681 3768 4754 Evangelia:

523 4795 667 4836 nunc
695 4785 952 4852 aggravet
979 4779 1238 4844 animam,
1265 4785 1320 4833 et
1349 4777 1478 4832 vitia
1522 4778 1718 4848 quibus
1746 4791 1876 4834 caro
1901 4778 2100 4832 adver-
2179 4777 2391 4834 .Nolitc
2426 4778 2612 4832 mirari
2651 4781 2780 4851 quia
2819 4779 2955 4834 venit
2999 4779 3130 4834 liora
3168 4779 3226 4833 in
3266 4794 3371 4849 qua
3396 4791 3574 4832 omnes
3608 4773 3694 4846 qui
3724 4771 3770 4822 ει

524 4884 618 4924 sus
643 4868 894 4940 spiritum
937 4865 1285 4936 concupiscit,
1342 4876 1469 4923 tunc
1519 4883 1626 4922 non
1663 4867 1770 4922 crit
1813 4881 1963 4932 caro,
2005 4867 2101 4922 sed
2210 4870 2559 4926 monumentis
2587 4879 2731 4934 sunt,
2764 4869 2982 4924 audient
3009 4885 3181 4924 vocent
3215 4867 3348 4922 Filii
3373 4866 3498 4932 Dei,
3537 4875 3590 4920 et
3616 4873 3774 4935 procc—

523 4973 753 5030 corpus,
800 4958 927 5030 quia
985 4965 1041 5012 et
1095 4956 1335 5012 coelestia
1386 4973 1619 5026 corpora
1662 4958 2034 5027 perhibentur.
2075 4976 2096 5010 ι
2207 4959 2332 5013 dent
2370 4960 2460 5030 qui
2501 4959 2633 5013 bona
2677 4958 2908 5028 fecerunt
2944 4959 3001 5012 in
3045 4958 3478 5013 resurrectionem
3519 4955 3657 5018 vita,
3697 4946 3770 5020 ηιξ

597 5061 624 5088 ι
649 5045 942 5118 Gregorius
969 5047 1025 5102 in
1051 5046 1342 5104 Moralibus
1371 5065 1383 5100 :
1420 5065 1440 5101 ‹
1461 5046 1600 5104 Sunt
1621 5047 1862 5104 nonnulli
1896 5049 1988 5117 qui
2034 5047 2102 5104 de
2208 5067 2328 5106 vero
2353 5049 2497 5106 mala
2519 5059 2758 5122 egerunt,
2783 5051 2839 5106 in
2859 5051 3289 5106 resurrectionem
3301 5049 3500 5120 judicii
3519 5045 3542 5120 (
3559 5044 3767 5102 locum

525 5142 922 5198 resurrectione
947 5142 1127 5198 carnis
1156 5142 1351 5198 incerti
1377 5149 1524 5206 sunt,
1554 5150 1610 5198 ct
1637 5142 1762 5196 dum
1791 5155 2012 5197 carnem
2039 5141 2096 5196 in
2203 5139 2319 5212 28).
2344 5139 2474 5196 item
2503 5159 2516 5194 :
2551 5139 2709 5195 Ibunt
2736 5140 2793 5196 Ιιὶ
2817 5141 2873 5196 in
2897 5140 3209 5211 supplicium
3253 5149 3530 5203 aeternum,
3542 5135 3673 5208 justi
3690 5146 3772 5185 att-

523 5232 861 5303 putredinem
882 5247 1112 5304 ossaque
1136 5233 1190 5288 in
1213 5233 1490 5306 pulverem
1513 5234 1682 5305 redigi
1724 5249 1822 5304 per
1851 5233 2098 5304 sepulcra
2203 5243 2310 5288 tem
2348 5233 2404 5288 in
2438 5234 2597 5287 vitam
2631 5243 2900 5289 (sternam.
2927 5233 2998 5290 Et
3025 5232 3302 5304 apostolus
3328 5231 3529 5287 Paulus
3557 5249 3570 5285 :
3599 5227 3770 5285 σω

527 5322 893 5393 conspiciunt,
947 5323 1188 5396 reparari
1227 5340 1291 5379 ex
1338 5323 1562 5395 pulvere
1609 5339 1826 5379 carnem
1879 5331 1935 5380 et
1975 5339 2101 5382 ossa
2207 5323 2417 5394 quidem
2470 5337 2796 5394 resurgemus
2821 5363 2840 5390 ,
2885 5324 2974 5379 ml
3031 5341 3136 5380 non
3181 5339 3358 5382 omnes
3399 5317 3772 5377 immutabili"

527 5411 803 5482 diiiidunt;
867 5414 1053 5486 sicque
1100 5417 1242 5487 apud
1287 5429 1342 5472 se
1394 5415 1550 5485 quasi
1601 5416 1989 5472 ratiocinantes
2019 5417 2106 5472 di-
2211 5411 2264 5484 (1
2288 5411 2410 5467 Cor.
2437 5427 2526 5480 xv,
2557 5412 2668 5485 5i).
2691 5413 3000 5486 Resurgent
3031 5413 3250 5486 quidem
3289 5423 3479 5469 omnes
3502 5418 3556 5466 et
3579 5405 3702 5479 justi
3721 5408 3768 5458 οι

527 5513 658 5562 cunt
687 5521 704 5561 :
729 5503 954 5576 Quando
983 5523 1050 5566 ex
1077 5507 1299 5578 pulvere
1324 5507 1486 5564 homo
1510 5507 1807 5574 reducitur,
1829 5509 2105 5578 quomodo
2213 5504 2422 5575 injusti,
2473 5505 2569 5560 sed
2589 5503 2724 5574 justi
2752 5515 2815 5560 ut
2853 5507 3228 5572 immutentur,
3260 5503 3316 5560 id
3355 5511 3464 5571 est,
3507 5502 3574 5558 de
3611 5509 3769 5556 com

527 5598 706 5670 agitur
740 5609 800 5656 ut
831 5599 968 5656 cinis
1007 5599 1316 5656 animetur?
1339 5599 1522 5671 Longe
1563 5599 1743 5654 minus
1765 5609 1852 5657 est
1878 5601 1989 5658 Deo
2017 5614 2104 5656 re-
2213 5595 2398 5666 ptione
2433 5595 2504 5652 ad
2547 5596 3037 5669 incorruptionem;
3093 5595 3282 5667 iniusti
3330 5601 3512 5650 autem
3560 5592 3630 5648 de
3665 5597 3770 5644 αν

526 5707 720 5762 parare
765 5693 908 5764 quod
953 5691 1075 5758 fuit,
1119 5707 1282 5762 quam
1329 5707 1546 5748 creasse
1595 5692 1740 5764 quod
1777 5709 1886 5749 non
1913 5692 2100 5748 fuerit.
2215 5689 2466 5760 ruptione
2499 5687 2568 5745 ad
2593 5699 2908 5763 perpetuam
2939 5697 2996 5746 et
3021 5687 3344 5745 ineiihbiiem
3369 5686 3764 5754 ωιτιφυοιιαηι

599 5823 624 5850 ο
659 5809 996 5884 Ex_diversis
1023 5815 1426 5884 tractlsumpta
1457 5820 1580 5866 sunt
1605 5825 1740 5884 quae,
1759 5817 2061 5884 sequuntur
2089 5826 2104 5864 :
2144 5804 2336 5862 Moral.
2359 5805 2414 5860 in
2438 5801 2561 5870 Job,
2583 5800 2678 5862 lib.
2705 5819 2822 5874 nv,
2845 5820 2896 5862 c.
2926 5802 3028 5878 28°.
3055 5800 3188 5858 item
3246 5797 3341 5855 lib.
3383 5812 3424 5854 ιι
3453 5796 3508 5854 in
3569 5788 3766 5860 Exeat.

531 5880 716 5937 homil.
735 5875 838 5946 20;
869 5887 925 5936 et
948 5879 1133 5936 homil.
1164 5879 1234 5934 27
1259 5878 1314 5937 in
1338 5875 1537 5954 Evang.

2002 6031 2096 6048 εκ..
