3964 6444
216 562 324 621 269

1162 530 1268 627 uti
1304 557 1788 633 INSTlTlJTlONE
1824 557 2116 639 micam.
2153 591 2223 601 —
2260 558 2391 617 LIB.
2429 560 2543 619 ιιι.Δ
2624 598 2629 615 .

3358 557 3424 612 ‘27
3430 558 3469 615 Θ.

213 638 317 733 ηε..
339 614 539 744 quibat
581 684 681 741 per
724 616 1047 741 prophetam
1086 668 1286 731 dicitur
1315 669 1573 727 :le’ermis
1606 614 1869 731 eormjh
1896 667 2108 724 brorum
2136 678 2185 724 et
2208 668 2472 741 caliginis,
2500 671 2611 724 dies
2635 670 2835 724 nebula:
2859 679 2911 725 et
2938 670 3178 735 turbinis,
3200 669 3310 725 dies
3329 670 3470 725 tubde

213 783 320 821 non
342 765 614 827 moriatur.
646 774 701 825 et
720 764 865 834 aignis
894 778 1093 821 eorum.
1113 779 1231 820 non.
1254 764 1613 834 enstinguetur
1645 760 1795 831 (ista;

212 871 367 921 vat,
395 853 507 927 24).
546 853 781 919 Proinde
825 854 1087 915 omnibus
1110 854 1463 925 satsgendum
1496 862 1580 915 est
1611 861 1672 913 ut
1707 862 1803 909 ree

211 946 484 1013 surrectio
500 944 1045 1018 nobisndﬂlorism,
1083 945 1695 1017 nonadopprobri'umr;
1726 945 1803 1001 ad

212 1039 833 1111 ittwrruptiontms'nun
858 1038 929 1095 ad
961 1038 1383 1109 corruptionem,
1422 1038 1721 1109 proveniat.
1752 1078 1755 1085 ι
1792 1056 1797 1069 ί

638 1182 641 1191 .
788 1114 1017 1193 CAPUT
1053 1129 1215 1186 xvu.
1356 1168 1359 1179 .

458 1270 463 1279 .
702 1268 709 1273 .
784 1220 1215 1293 Dediejstticli.
1292 1270 1295 1279 .
1706 1264 1709 1271 λ

281 1311 343 1371 ln
389 1311 651 1379 tremendi
687 1309 877 1382 iudicii
932 1312 1027 1371 die
1066 1311 1265 1373 nullius
1306 1311 1427 1371 fere
1463 1312 1803 1373 conscientia

208 1417 407 1459 secura
450 1419 570 1465 esse
611 1413 807 1474 potest,
840 1405 1160 1474 .prresectim
1186 1420 1312 1462 cum
1354 1418 1464 1463 non
1513 1404 1690 1461 solum
1726 1404 1807 1462 de

206 1510 398 1577 opere,
436 1509 627 1555 verum
654 1496 817 1555 etiam
846 1495 912 1553 de
951 1495 1128 1555 otioso
1162 1510 1413 1557 sermone
1442 1493 1518 1550 ili
1560 1493 1671 1551 Deo
1700 1510 1792 1550 ra-

206 1585 388 1651 tiones
425 1585 535 1645 sint
566 1585 871 1643 reddendas.
914 1582 959 1641 A
1003 1586 1387 1648 nobisuutern
1422 1584 1628 1656 quibus
1651 1598 1677 1627 ι
1698 1586 1807 1641 de»

204 1675 441 1741 lectetur
466 1677 725 1745 mundus,
749 1686 806 1733 et
832 1677 1271 1755 concupiscentia
1312 1676 1453 1747 ejus,
1483 1679 1575 1750 qui
1603 1678 1659 1733 in
1676 1685 1809 1734 stam

203 1770 299 1829 dio
326 1770 481 1841 illius.
498 1780 782 1835 currentes
808 1779 864 1828 et
891 1772 945 1828 in
972 1786 1159 1843 agone
1184 1780 1479 1837 certantes,
1519 1771 1588 1833 de
1617 1770 1792 1842 perci-

201 1862 404 1933 piemh
441 1877 644 1925 corona
687 1861 1119 1921 immortalitatis
1146 1861 1326 1921 adhuc
1358 1861 1551 1919 incerti
1584 1860 1795 1919 insisti-

201 1969 351 2023 mus,
381 1953 476 2027 qui
515 1954 687 2015 etiam
719 1954 775 2012 in
801 1955 990 2011 multis
1006 1954 1353 2023 oll'endimus,
1381 1963 1445 2010 et:
1459 1954 1789 2026 quotidianis

1894 769 1944 815 et
1968 760 2227 832 clangoris
2257 761 2276 833 (
2306 759 2466 831 Soph.
2497 778 2533 823 ι,
2566 761 2634 815 M
2658 760 2698 829 ).
2750 761 2825 817 De
2852 761 2954 817 hac
2981 762 3127 818 enim
3158 760 3246 816 die
3274 761 3473 816 iterum

1892 870 1992 927 per
2011 855 2327 926 prophetam
2358 854 2593 910 dicitur:
2622 855 2806 910 Adhuc
2839 854 2997 911 semel
3024 866 3074 910 et
3117 872 3210 928 ego
3236 855 3471 918 movebo,l

1890 944 2001 1000 non
2026 945 2197 1000 solum
2228 955 2442 1010 terrain,
2485 946 2574 999 sed
2602 948 2760 1001 etiam
2793 946 2976 1001 caelum
3012 945 3033 1019 (
3060 944 3173 1001 Jer.
3192 954 3303 1011 ἰῇ,
3327 945 3397 1001 36
3424 945 3468 1018 ).

1892 1034 2026 1091 Item
2055 1051 2073 1090 :
2102 1034 2333 1102 (llulate,
2354 1038 2478 1107 quia
2507 1052 2664 1108 prope
2686 1048 2761 1092 est
2790 1038 2898 1092 dies
2929 1037 3142 1093 Domini
3180 1037 3314 1107 (Isa.
3350 1040 3475 1103 xm,’

1694 1164 1697 1173 ι
1795 1158 1803 1183 ι
1894 1123 1989 1199 6).
2020 1127 2087 1183 Et
2108 1127 2369 1182 Dominus
2397 1127 2452 1182 in
2488 1126 2821 1199 Evangelia:
2858 1126 3031 1184 Filius
3067 1128 3228 1195 enim,
3274 1124 3477 1199 inquit,‘

1894 1219 2119 1275 hominis
2137 1230 2378 1275 venturus
2404 1230 2477 1274 est
2498 1204 2553 1273 in
2584 1219 2750 1289 gloria
2770 1216 2948 1275 Patris
2970 1234 3087 1276 cum
3110 1219 3309 1289 angelis
3328 1221 3477 1287 suis:

1894 1321 1941 1366 et
1971 1321 2096 1367 tunc
2116 1313 2295 1367 reddet
2330 1314 2607 1383 unicuique
2636 1313 2921 1367 secundum
2955 1330 3082 1383 opus
3111 1312 3226 1384 ejus
3256 1312 3470 1387 (Matth.

1891 1417 2040 1469 XXIV,
2084 1402 2196 1476 M).
2222 1404 2288 1459 Et
2310 1404 2437 1459 alibi
2463 1422 2476 1459 ε
2501 1403 2646 1460 Sicut
2671 1407 2808 1459 enim
2839 1406 3016 1476 fulgur
3040 1406 3145 1459 erit
3165 1406 3231 1459 ab
3252 1407 3468 1471 oriente,

1893 1505 1942 1550 et
1966 1507 2118 1567 paret
2144 1514 2305 1569 usque
2331 1499 2385 1552 in
2412 1498 2747 1560 occidentem,
2780 1500 2854 1552 ita
2885 1499 2980 1551 erit
3004 1507 3052 1551 et
3089 1498 3339 1553 adventus
3373 1497 3483 1568 ﬁlii

1892 1591 2137 1647 hominis.
2168 1589 2471 1666 Ubicunque
2498 1593 2657 1662 fuerit
2683 1608 2888 1664 corpus,
2928 1592 2999 1647 ibi
3029 1595 3481 1665 congregabantur

1892 1692 1939 1737 et
1964 1683 2173 1754 aquilis.
2200 1681 2390 1738 Statim
2418 1693 2591 1738 autem
2639 1693 2749 1739 post
2773 1683 3155 1738 tribulationem
3186 1685 3388 1738 dierum
3412 1683 3480 1739 il-

1892 1772 2063 1828 lorum
2085 1773 2166 1827 sol
2185 1775 2567 1839 obscurabitur,
2597 1785 2642 1829 et
2669 1774 2795 1828 luna
2817 1786 2919 1828 non
2941 1774 3083 1827 dabit
3106 1773 3279 1829 lumen
3298 1790 3476 1842 suum;

1889 1872 1939 1918 et
1966 1864 2127 1919 stellis
2150 1866 2336 1920 cadent
2356 1865 2421 1921 de
2443 1866 2589 1932 coelo,
2612 1874 2659 1921 et
2680 1867 2892 1921 virtutes
2919 1865 3161 1920 calorum
3197 1870 3483 1922 commove-i

1892 1957 2119 2023 buntur;
2160 1966 2207 2011 et
2247 1967 2368 2012 tunc
2396 1958 2596 2029 parebit
2622 1959 2828 2029 signum
2868 1957 2968 2027 filii
2990 1957 3213 2010 hominis
3250 1957 3305 2010 in
3330 1956 3478 2023 ccelo,

199 2053 555 2117 peccatorum
578 2046 992 2107 remissionibus
1018 2047 1344 2119 indigemus,
1382 2046 1579 2103 merito
1599 2047 1789 2103 eadem
1816 2040 1867 2101 B
1894 2057 1943 2102 et
1964 2057 2090 2103 tunc
2111 2049 2358 2121 plangent
2395 2065 2450 2104 se
2467 2060 2646 2104 omnes
2666 2048 2832 2103 tribus
2859 2057 3031 2113 terra,
3072 2056 3119 2101 et
3152 2046 3397 2101 videbunt
3416 2047 3481 2116 ﬁ-

200 2136 324 2209 dics
370 2138 653 2199 tremenda
698 2139 920 2201 timetur
950 2140 1447 2209 ebexpavescitur.
1474 2139 1617 2196 Cum
1644 2140 1807 2195 enim

193 2223 363 2301 juxta,
376 2286 379 2297 ,
390 2230 727 2301 Αροβιοὶιιιιι.
746 2284 749 2295 ,
777 2231 971 2295 Orum
984 2284 987 2291 .
1000 2242 1129 2293 ante
1148 2232 1397 2291 tribunal
1424 2232 1624 2289 Christi
1638 2258 1641 2263 -
1656 2243 1794 2289 asta-

201 2318 377 2379 bimus
395 2320 573 2395 (Rom.
594 2339 707 2390 Juv,
723 2322 813 2397 l0)
829 2324 1091 2385 reddituri
1111 2327 1377 2383 rationem
1388 2328 1454 2382 de
1468 2328 1555 2383 bis
1565 2342 1686 2398 quae
1696 2342 1793 2398 per

199 2428 409 2484 corpus
440 2414 726 2486 gessimus,
788 2416 902 2475 sive
943 2418 1170 2484 booum,
1218 2418 1334 2475 sive
1384 2419 1609 2483 malum,
1645 2426 1795 2489 patet

198 2507 450 2578 proiecto
472 2509 617 2579 quod
640 2524 801 2567 nemo
822 2512 1134 2569 mortalium
1156 2512 1210 2567 in
1240 2514 1574 2573 transitoriis
1602 2522 1657 2569 et
1685 2515 1797 2570 cito

199 2598 611 2669 perlabentlbus
656 2603 818 2661 rebus
867 2619 1113 2663 amorem
1150 2606 1469 2663 intentionis
1510 2622 1643 2674 suae,
1695 2608 1794 2663 sed

198 2693 467 2763 potiusin
511 2694 849 2763 emiestibus,
878 2700 1009 2759 totis
1048 2700 1260 2755 nisibus
1294 2700 1485 2756 debeat
1513 2701 1697 2773 ﬁgere,
1738 2710 1796 2756 et

201 2785 283 2841 ita
305 2801 370 2842 se
396 2786 467 2842 ad
490 2796 818 2847 conventum
858 2789 1021 2846 talem
1049 2799 1367 2861 tantumque
1405 2800 1692 2862 praeparet,
1739 2800 1794 2849 et

201 2892 393 2935 coram
424 2878 645 2937 Christo
685 2881 797 2938 Deo
822 2879 1007 2950 judice
1032 2883 1216 2939 taliter
1237 2885 1478 2940 rationes
1501 2885 1675 2940 valeat
1702 2887 1795 2941 de-

201 2971 428 3036 ducere,
451 2980 512 3026 ut
543 2987 654 3027 non
679 2974 749 3030 de
777 2974 937 3033 malis
964 2975 1235 3041 damnari,
1277 2977 1372 3032 sed
1400 2976 1576 3047 magis
1601 2977 1668 3032 de
1695 2978 1794 3033 bo-

201 3062 292 3118 nis
340 3070 616 3120 tucreatnr
668 3066 1029 3129 remunerari.
1078 3066 1164 3122 Ab
1219 3067 1324 3122 illis
1371 3076 1554 3124 mrtem
1598 3069 1795 3141 quibus

199 3163 386 3211 came:
422 3154 526 3211 iste
573 3155 825 3222 mundus,
855 3166 911 3212 et
940 3171 1046 3212 non
1071 3171 1171 3227 pro
1198 3158 1401 3229 patria,
1442 3160 1537 3216 sed
1561 3175 1660 3230 pro
1695 3156 1794 3231 pe:

198 3242 576 3314 regrinatione
616 3247 905 3314 habeatur,
952 3250 1146 3319 quibus
1188 3258 1369 3306 autem
1394 3250 1572 3322 ipsum
1614 3251 1796 3306 vivere

198 3341 366 3392 tremo
390 3346 505 3403 est;
532 3353 765 3407 quorum
790 3340 1001 3397 scilicet
1034 3343 1378 3398 conversatio
1410 3344 1463 3397 in
1498 3343 1654 3398 cmlis
1675 3353 1789 3407 est;

1894 2141 2026 2197 llum
2056 2142 2283 2198 hominis
2316 2144 2600 2199 venientem
2636 2142 2692 2196 in
2734 2139 2955 2195 nubibus
2993 2139 3106 2193 ειειὶ
3151 2154 3267 2193 cum
3295 2139 3489 2193 virtute

1893 2248 2113 2305 magna,
2164 2242 2214 2288 et
2264 2234 2584 2305 majestate:
2611 2242 2659 2288 et
2717 2233 2880 2286 mittet
2933 2230 3143 2301 angelos
3196 2246 3319 2285 suos
3364 2244 3487 2283 cum

1895 2327 2020 2380 tuba
2057 2335 2105 2379 et
2130 2342 2252 2380 voce
2292 2342 2519 2397 magna;
2553 2334 2600 2380 et
2642 2322 3027 2395 congregabunt
3067 2322 3254 2377 electos
3296 2323 3411 2394 ejus
3450 2338 3485 2375 a

1893 2426 2120 2489 quatuor
2144 2419 2331 2483 ventis,
2375 2436 2407 2472 a
2445 2418 2663 2472 summis
2690 2416 2937 2471 calorum
2962 2431 3124 2487 usque
3147 2414 3216 2469 ad
3236 2416 3485 2470 terminos

1895 2523 2076 2561 eorum
2101 2506 2276 2579 (Ibid.
2300 2524 2347 2561 υ.
2374 2505 2466 2571 27,
2488 2506 2640 2578 seq.).

1899 2600 1904 2605 ’
1965 2598 2031 2652 Et
2055 2597 2344 2666 Apostolus
2379 2614 2390 2651 :
2420 2595 2634 2651 Gratias
2669 2612 2821 2668 agere
2854 2595 3100 2651 debemus
3137 2610 3341 2666 semper
3371 2594 3485 2651 Deo

1894 2706 1988 2761 pro
2013 2690 2172 2756 vobis,
2198 2689 2406 2758 fratres,
2449 2691 2524 2745 ita
2552 2698 2611 2743 ut
2630 2688 2845 2761 dignum
2885 2697 2979 2751 est,
3012 2688 3257 2760 quoniam
3287 2693 3488 2760 seniper

1897 2784 2081 2837 crescit
2109 2782 2239 2852 ﬁdes
2261 2790 2449 2848 vestra;
2476 2791 2523 2838 et
2562 2782 2794 2836 abundat
2817 2782 3046 2836 charitos
3073 2780 3486 2853 uniuscujusque

1896 2884 2121 2927 vestrum
2141 2876 2197 2928 in
2216 2875 2455 2937 invicem,
2481 2874 2554 2929 ita
2579 2882 2633 2927 ut
2660 2882 2709 2927 et
2731 2889 2822 2927 nos
2843 2873 2944 2943 ipsi
2968 2872 3023 2927 in
3042 2870 3181 2926 vobis
3201 2870 3488 2941 gloriemur

1896 2963 1949 3017 in
1978 2963 2228 3019 Ecclesiis
2254 2964 2355 3019 Dei
2379 2980 2473 3037 pro
2498 2965 2749 3037 patientia
2779 2972 2967 3028 vestra,
3000 2970 3050 3016 et
3077 2960 3201 3030 ﬁde,
3234 2961 3289 3015 in
3318 2960 3489 3014 omni-

1898 3055 1994 3110 bus
2044 3056 2488 3127 persecutionibus
2545 3056 2724 3110 vestris
2772 3063 2821 3108 et
2872 3050 3294 3124 tribulationibus
3354 3068 3486 3123 quas

1896 3145 2165 3201 sustinetis
2201 3149 2258 3201 in
2294 3144 2586 3217 exemplum
2606 3144 2741 3215 justi
2759 3143 2952 3213 judicii
2985 3141 3100 3203 Dei,
3142 3152 3198 3195 ut
3223 3140 3368 3211 digni
3390 3142 3485 3195 ha-

1898 3236 2122 3292 beamini
2168 3238 2224 3291 in
2255 3252 2413 3309 regno
2436 3235 2557 3303 Dei,
2587 3251 2679 3306 pro
2714 3250 2815 3306 quo
2846 3245 2894 3289 et
2927 3232 3173 3306 patimini
3193 3245 3212 3285 .‘
3234 3233 3281 3286 si
3311 3242 3485 3286 tamen

1888 3327 2098 3400 justum
2138 3337 2213 3383 est
2260 3328 2402 3400 apud
2445 3326 2728 3382 Dominum
2768 3325 3048 3380 retribuere
3092 3323 3486 3379 retributionem

197 3426 270 3487 de
290 3427 492 3498 quibus
522 3438 642 3485 erat
665 3429 757 3486 ille
793 3431 886 3500 qui
930 3431 1145 3488 dicebat
1172 3422 1349 3505 (Phil.
1392 3449 1431 3499 ι,
1462 3434 1554 3507 es)
1582 3451 1595 3486 τ
1622 3432 1789 3505 Cupio
1818 3430 1865 3493 C
1897 3421 1978 3475 his
2000 3421 2087 3492 qui
2109 3437 2194 3475 ιόε
2222 3418 2498 3485 tribulam.
2528 3428 2578 3472 ετ
2607 3418 2748 3472 vobis
2775 3417 2865 3488 qui
2892 3415 3216 3507 tribuamin!
3260 3414 3487 3507 regem

197 3516 419 3579 dissolvi
440 3529 488 3575 et
510 3536 619 3576 esse
646 3537 768 3577 cum
794 3520 1035 3589 Christo;
1069 3532 1125 3578 et
1147 3522 1290 3578 idem
1321 3523 1449 3579 alibi
1482 3539 1496 3578 :
1524 3523 1612 3598 (ΙΙ
1656 3524 1791 3579 Tim.

199 3624 278 3675 tv,
313 3608 369 3680 7)
402 3629 417 3665 :
445 3609 652 3667 Bonum
676 3650 691 3675 ,
744 3612 954 3684 inquit,
999 3624 1261 3669 certamen
1309 3616 1534 3682 certavi;
1580 3632 1794 3671 cursum

203 3701 581 3768 :onsummavi,
622 3701 779 3771 ﬁdem
831 3705 1051 3757 servavi.
1098 3704 1175 3759 De
1210 3704 1405 3777 reliquo
1448 3707 1673 3776 reposita
1720 3715 1801 3760 est

199 3807 405 3849 corona
433 3792 659 3864 justitits
682 3835 699 3861 ,
735 3808 894 3868 quam
923 3796 1101 3851 reddet
1138 3797 1268 3851 mihi
1304 3796 1563 3852 Dominus
1610 3800 1667 3852 in
1714 3797 1798 3852 die

197 3882 297 3938 illa
329 3885 511 3953 justus
530 3886 703 3956 judca:
733 3901 751 3939 :
781 3904 887 3943 non
910 3888 1080 3943 solum
1120 3899 1291 3943 autem
1324 3889 1469 3953 mihi,
1510 3890 1600 3944 sed
1637 3899 1687 3944 et
1716 3890 1799 3945 his

199 3975 297 4046 qui
324 3974 549 4045 dilth
587 3977 867 4033 adventum
912 3980 1063 4050 ejus;
1092 3996 1200 4035 non
1232 3988 1436 4034 tantum
1474 3990 1735 4051 quantum
1765 3998 1796 4037 a

201 4068 387 4133 nobis;
426 4070 516 4139 qui
552 4069 711 4142 longe
745 4070 1022 4127 inferioris
1050 4073 1229 4129 meriti
1260 4089 1469 4140 sumus,
1499 4075 1588 4130 ille
1629 4076 1798 4146 perti-

201 4158 471 4215 mescitur
518 4159 654 4215 dies.
699 4159 967 4217 Credibile
998 4172 1090 4218 est
1122 4164 1288 4235 igitur
1324 4166 1469 4235 quod
1506 4180 1536 4219 a
1581 4175 1798 4222 sanctos

204 4264 335 4305 rum
368 4250 670 4320 spiritibus,
706 4254 901 4323 quibus
942 4263 1029 4310 est
1067 4254 1354 4310 sabbatum
1391 4263 1668 4328 perpetua:
1708 4270 1796 4312 re-

202 4344 545 4414 quietionis,’
565 4347 1007 4417 exspectantibus
1033 4362 1321 4419 corporum
1359 4362 1582 4404 suorum
1614 4364 1795 4405 resur-

204 4435 513 4491 rectionem
561 4438 822 4506 quieritur
854 4453 984 4494 vera
1027 4437 1369 4495 circumcisio
1413 4454 1682 4510 verasque
1706 4439 1796 4509 ju-

201 4525 420 4592 bibens,
458 4530 672 4598 quando
696 4540 1041 4588 revertentur
1079 4531 1146 4586 ad
1177 4528 1455 4603 antiquam
1490 4531 1794 4602 possessio-

202 4634 356 4685 nem,
398 4624 693 4693 accepturi,
715 4624 872 4695 juxta
897 4623 1295 4697 Apocalypsim,
1338 4626 1502 4681 binas
1524 4627 1711 4692 stolas,
1741 4635 1799 4681 et

204 4711 531 4782 impiebitur
555 4714 609 4768 in
637 4715 717 4769 eis
746 4714 875 4769 illud
914 4715 1285 4786 propheticum
1318 4731 1332 4771 :
1358 4718 1542 4773 Sancti
1566 4720 1620 4772 in
1650 4729 1792 4774 terra

1902 3512 2185 3577 vobiscum,
2210 3510 2264 3563 in
2290 3508 2652 3563 reuelationem
2687 3507 2899 3562 Domini
2936 3507 3100 3562 nostri
3134 3505 3263 3561 Jesu
3291 3502 3489 3561 Christi

1902 3601 1968 3655 de
2004 3599 2156 3663 cwlo,
2194 3616 2312 3653 cum
2356 3598 2556 3668 angelis
2594 3598 2802 3652 virtutis
2826 3599 2961 3668 ejus,
2992 3598 3047 3651 in
3095 3597 3309 3668 ﬂamma
3353 3595 3489 3665 ignis

1903 3692 2082 3747 dantis
2109 3692 2393 3747 vindictam
2416 3693 2479 3745 de
2500 3691 2581 3745 his
2605 3707 2691 3762 qui
2715 3708 2818 3746 non
2836 3699 3085 3745 noverunt
3106 3689 3295 3755 Deum,
3323 3699 3373 3742 et
3398 3688 3490 3761 qui

1904 3800 2007 3838 non
2021 3783 2267 3839 obediunt
2291 3783 2576 3854 Evangelia
2591 3781 2801 3837 Domini
2820 3780 2989 3836 nostri
2999 3779 3127 3834 Iesu
3146 3779 3361 3834 Christi.
3384 3778 3488 3845 Qui

1901 3891 2081 3944 plenas
2105 3874 2303 3927 dabunt
2325 3874 2379 3928 in
2408 3874 2676 3927 interitum
2699 3882 2919 3927 veternus
2948 3890 2980 3925 a
3005 3872 3142 3942 facie
3181 3870 3414 3937 Domini,
3438 3878 3487 3925 et

1903 3981 1937 4017 a
1958 3963 2130 4034 gloria
2150 3963 2353 4017 virtutis
2377 3963 2513 4032 ejus,
2539 3978 2657 4017 cum
2678 3961 2871 4017 venerit
2900 3961 3194 4032 gloriﬁcare
3214 3961 3266 4015 in
3286 3962 3486 4015 sanctis

1902 4054 2040 4123 eius,
2069 4062 2120 4108 et
2149 4038 2477 4107 admirabilis
2510 4052 2627 4122 ﬁeri
2665 4053 2721 4107 in
2762 4052 3002 4107 omnibus
3033 4051 3123 4123 qui
3153 4050 3485 4105 crediderunt

1903 4145 1957 4219 (1
1982 4145 2161 4201 Thess.
2185 4160 2226 4210 t',
2255 4145 2333 4218 5).
2359 4143 2553 4201 Petrus
2584 4164 2598 4199 :
2626 4142 2874 4200 Adveniet
2910 4143 3020 4198 dies
3046 4142 3259 4199 Domini
3286 4154 3343 4198 ut
3374 4144 3481 4215 fur,

1899 4239 1957 4293 in
1982 4256 2086 4311 quo
2110 4239 2223 4295 caeli
2264 4236 2456 4311 magno
2494 4240 2691 4309 impetu
2720 4238 2973 4293 transient
3007 4254 3029 4304 ;
3072 4236 3327 4293 elementa
3366 4254 3488 4293 vero

1902 4328 2080 4383 calore
2101 4329 2368 4384 solventur
2391 4326 2481 4397 (Η
2506 4324 2649 4382 Petr.
2669 4342 2752 4393 ιιι,
2779 4327 2887 4399 i0).
2906 4327 2965 4381 In
2992 4326 3309 4398 Apocalypsi
3338 4346 3352 4381 :
3381 4326 3486 4381 Tu-

1900 4424 2058 4477 midis
2079 4433 2255 4478 autem
2283 4432 2331 4477 et
2355 4422 2660 4485 incredulis,
2693 4432 2741 4476 et
2779 4424 3083 4488 exsecratis,
3113 4433 3162 4477 et
3187 4424 3483 4489 homicidis,

1900 4523 1955 4568 et
1976 4514 2401 4583 fornicatoribus,
2432 4521 2479 4567 et
2516 4511 2774 4582 veneﬁcis,
2805 4521 2854 4565 et
2893 4511 3207 4578 idalolatris,
3238 4523 3285 4567 et
3316 4513 3487 4566 omnis

1902 4606 1999 4661 bus
2037 4606 2392 4670 mendacibus,
2424 4622 2550 4677 pars
2591 4605 2803 4660 illorum
2838 4607 2938 4661 erit
2956 4606 3012 4661 in
3057 4617 3242 4677 stagno
3282 4604 3490 4659 ardenti

1898 4698 2021 4767 igne
2040 4708 2087 4751 et
2114 4697 2381 4769 sulphure,
2396 4697 2537 4769 quod
2556 4706 2631 4752 est
2648 4711 2786 4751 mors
2802 4696 3030 4752 secunda
3047 4696 3228 4769 (Apoc.
3253 4711 3387 4759 χχιι,
3407 4692 3482 4765 8).

204 4818 306 4857 ιω
336 4802 575 4873 duplicia
600 4785 935 4875 possidebunt
953 4785 1086 4877 (lsa.
1117 4822 1225 4871 LXI,
1258 4808 1344 4882 7);
1368 4818 1669 4865 memorata
1697 4825 1791 4864 uo—

1971 4790 2205 4861 PrOsper
2235 4791 2262 4831 ιι
2292 4810 2307 4844 :
2342 4810 2360 4842 ι
2396 4790 2507 4862 Age
2536 4788 2671 4858 jam,
2724 4788 2919 4863 inquit,
2956 4805 3079 4844 cum
3109 4788 3174 4843 ad
3201 4785 3328 4842 illud
3359 4785 3486 4840 niti-

207 4893 298 4948 bis
326 4893 610 4947 tremenda
636 4894 753 4949 dies
777 4890 1227 4965 inexplicabilitér
1254 4897 1518 4969 diligitur,
1546 4909 1600 4953 et
1624 4908 1683 4954 ut
1704 4916 1795 4955 vc-

206 4986 326 5040 nist
350 4985 708 5041 desideratur.

276 5074 436 5143 Quod
468 5085 653 5134 autem
692 5079 887 5135 eadem
914 5080 1032 5137 dies
1067 5082 1277 5137 cunctis
1310 5082 1626 5138 mortalibus
1672 5092 1798 5139 ante

204 5169 407 5225 oculos
436 5170 510 5227 sit
543 5173 816 5240 ponenda,
858 5181 915 5228 et
954 5175 1041 5229 die
1082 5182 1354 5242 noctuque
1394 5172 1697 5240 tractanda,
1742 5180 1799 5229 et

207 5259 452 5316 timenda
506 5270 673 5335 me
726 5264 1131 5334 expavescenda
1156 5305 1170 5332 ,
1242 5265 1553 5320 testimonia
1604 5265 1795 5319 subter

205 5352 440 5410 collecta
459 5353 710 5410 illinunt.
737 5354 817 5412 De
842 5356 946 5411 bac
963 5358 1165 5427 quippe
1185 5357 1275 5412 die
1298 5357 1375 5411 sit
1404 5356 1664 5411 Dominus
1692 5369 1794 5425 per

207 5445 530 5516 plqﬂtetam
555 5464 569 5499 :
594 5446 762 5502 Juxta
787 5456 885 5514 est,
916 5449 1111 5519 inquit,
1152 5449 1263 5503 dies
1291 5448 1500 5503 Domini
1534 5464 1725 5518 magna
1744 5458 1799 5503 'et

207 5552 405 5592 amur.
425 5539 603 5594 nimis.
636 5538 751 5595 Vos:
774 5541 878 5595 diei
907 5534 1119 5595 Domini
1152 5556 1335 5595 amara
1364 5540 1543 5605 valde,
1573 5540 1795 5594 tribula-

209 5628 456 5683 bitIr-ibi
484 5629 637 5699 fortis
666 5645 695 5697 .1
717 5630 831 5685 dies
858 5632 972 5697 iris,
1006 5630 1116 5686 dies
1146 5630 1260 5696 illa,
1306 5631 1417 5685 dies
1444 5630 1797 5685 tribulationis

209 5725 588 5793 “angustis,
632 5724 747 5779 dies
778 5723 1093 5780 calamitatis
1121 5732 1169 5779 et
1196 5725 1423 5778 miseriis
1447 5763 1462 5788 ,
1509 5725 1620 5779 dies
1658 5734 1798 5778 tene-

287 5866 312 5891 -
356 5850 655 5907 Delectatur
698 5854 945 5908 mundus.
999 5848 1350 5909 Delectatur?
1392 5854 1500 5909 imo
1542 5854 1796 5919 luctatur,

215 5931 381 5994 atque
424 5925 498 5978 ita
524 5923 716 5980 Jouam
766 5926 1047 5996 scripsisse
1086 5939 1302 5981 censeo.
1330 5924 1474 5980 Infra
1519 5924 1609 5979 ille
1635 5926 1799 5995 perti-

1905 4900 2053 4938 mmu
2098 4883 2358 4954 judicium
2412 4881 2741 4949 venerimus,
2790 4880 2859 4937 ab
2894 4895 2959 4936 eo
2994 4880 3173 4949 judice
3207 4876 3484 4949 judicandi

1913 4978 1996 5047 qui
2025 4990 2125 5031 nec
2172 4975 2283 5030 falli
2323 4973 2681 5030 occultatione
2718 4973 3008 5029 criminum
3050 4978 3246 5041 potest,
3285 4984 3386 5023 ncc
3417 4969 3485 5024 ad

1904 5068 2283 5137 impunitatem
2327 5065 2743 5136 promerendam
2789 5061 3013 5130 alicujus
3054 5060 3327 5116 oblatione
3368 5074 3489 5114 cor-

1908 5159 2106 5229 rumpi,
2143 5173 2266 5213 cum
2313 5157 2579 5227 coeperint
2623 5155 2865 5212 omnium
2899 5163 3105 5208 secreta
3152 5151 3400 5216 revelari,
3430 5159 3486 5207 et

1908 5266 2015 5305 non
2040 5250 2213 5306 solum
2241 5256 2393 5303 actus
2425 5262 2489 5302 ac
2517 5246 2703 5313 verba,
2736 5246 2831 5301 sed
2859 5245 3023 5299 etiam
3053 5243 3182 5314 ipsa:
3204 5243 3484 5313 cogitatio-

1908 5357 2008 5399 nes
2036 5341 2267 5398 ostendi.
2306 5340 2446 5408 Quid
2484 5340 2745 5395 iaciemus
2784 5337 2883 5392 sub
2918 5335 3049 5389 tanti
3080 5333 3279 5404 iudicis
3322 5334 3486 5401 maje—

1908 5434 2093 5491 state?
2121 5432 2259 5501 Quid
2287 5431 2656 5487 excusationis
2693 5424 2987 5483 obtendere
3014 5426 3343 5497 poterimus?
3369 5426 3485 5494 Qua

1909 5542 2011 5585 nos
2058 5526 2388 5583 delensionis
2430 5533 2549 5579 arte
2574 5519 2956 5594 purgabimus?
3001 5519 3130 5588 Quae
3168 5520 3323 5575 nobis
3367 5522 3486 5575 sub-

1906 5626 2140 5675 ventura
2184 5626 2269 5673 est
2304 5613 2643 5686 paenitentia,
2699 5626 2860 5681 quam
2908 5610 2964 5665 in
3004 5611 3106 5666 hac
3149 5626 3313 5667 carne
3359 5624 3483 5665 con-

1907 5708 2262 5780 tempsimus?
2302 5705 2433 5774 Quae
2476 5717 2577 5760 nos
2625 5702 2913 5759 defensura
2957 5708 3082 5757 sunt
3114 5714 3277 5772 opera
3323 5700 3483 5763 bona,

1910 5846 2159 5901 mescitur
2187 5841 2424 5915 reposui,
2456 5840 2544 5898 ubi
2588 5840 2644 5897 id
2667 5849 2742 5898 est
2765 5840 3145 5916 pertimescitur
3170 5837 3330 5905 antea
3378 5838 3489 5897 edi.-

1911 5926 2026 6026 tml?
2043 5924 2255 6043 δὲδξῖω
2283 5994 2554 6057 contemp.
2586 5986 2680 6041 lib.
2713 6000 2796 6051 ιιι,
2823 5998 2944 6055 cap.
2980 5983 3066 6038 l2.
