3964 6466
534 352 639 427 345
1605 346 1799 445 torus
1831 346 2735 445 summumsummum
3676 359 3751 421 an

532 462 844 534 atramenti,
870 481 938 522 an
965 466 1060 522 Dei
1084 462 1480 555 auctorislegis
1500 447 1763 555 ejusdem.
1790 461 1922 517 Nam
1951 467 2196 555 sacrae’A
2221 473 2366 532 runt,
2405 465 2536 553 illud
2571 466 2851 551 applicans
2874 484 2943 527 ex
2971 469 3289 539 latereubi,
3316 475 3757 545 quiaqui“

532 556 809 632 religionis
836 574 967 614 usus
995 556 1049 612 in
1085 548 1271 613 sancta
1292 554 1540 610 Ecclesia
1569 552 1744 609 adhuc
1770 561 2037 643 servatur,
2067 548 2127 609 δῖ’
2222 559 2459 614 lizaverit
2488 548 2651 616 unum
2677 548 2743 617 de
2778 562 2985 634 pusillis
3024 565 3166 631 istis,
3204 567 3409 639 expedit
3434 569 3487 631 ei
3514 579 3571 623 ut
3592 587 3759 643 σωρη-

531 664 713 708 tamen
741 652 885 723 apud
914 661 983 717 te,
1012 658 1071 705 ut
1097 648 1331 722 perlecta
1362 648 1503 703 sacri
1540 642 1817 718 Evangelii
1853 646 2112 713 lectione,
2220 646 2381 703 datur
2409 649 2549 705 mola
2578 652 2816 709 asinaria
2852 654 2910 708 in
2955 653 3091 709 collo
3118 655 3267 726 ejus,
3306 666 3355 713 et
3390 656 3703 730 demergatur
3723 664 3760 717 ἱι

502 754 507 765 ·
530 744 598 798 ab
629 743 883 815 episcopo
909 741 993 797 vel
1011 740 1365 812 presbyteris,
1404 736 1724 809 ueterisque
1745 737 1884 793 sacri
1910 735 2117 791 ordinis
2219 740 2543 813 profundum
2572 743 2788 813 (Matth.
2816 744 2916 815 ιι).
2948 744 3084 803 Nam
3114 748 3261 821 quod
3285 746 3520 818 majores
3546 752 3762 808 scandali-

530 830 820 905 religiosis,
860 832 1027 889 codex
1054 832 1109 885 in
1139 845 1247 901 quo
1276 829 1552 902 Evangelii
1588 829 1749 886 lectio
1775 829 2003 884 recitata
2033 835 2117 883 est
2222 849 2350 891 zare
2373 850 2615 906 nequeas
2641 836 3149 894 manifestissimum
3180 849 3281 903 est,
3312 856 3437 896 cum
3467 857 3571 897 nec
3598 842 3762 899 littera-

530 922 912 996 multipiicibus
932 922 1133 978 osculis
1150 926 1473 978 veneretur:
1510 923 1602 978 sed
1628 921 1732 977 hoc
1752 920 1906 991 cujus
1927 932 2110 985 causa,
2221 942 2342 982 rum
2371 935 2425 1001 te
2459 928 2692 984 eruditio
2713 929 2890 985 adhuc
2918 930 3208 1000 imbuerit,
3245 947 3348 989 nec
3377 942 3678 991 sanctorum
3700 954 3765 1007 pa-

529 1014 636 1069 nisi
663 1014 822 1078 illius,
855 1012 1007 1082 cujus
1029 1027 1150 1068 esse
1176 1012 1342 1069 verba
1380 1013 1705 1079 creduntur,
1750 1011 2003 1083 agimus?
2036 1010 2117 1067 Ac
2223 1019 2362 1091 gina
2398 1020 2681 1075 doctorum
2710 1037 2882 1092 usque
2917 1023 3052 1078 adeo
3080 1023 3441 1079 instmxerint
3459 1064 3476 1089 ,
3504 1033 3568 1078 ut
3597 1026 3700 1096 jure
3730 1027 3765 1081 id

526 1121 631 1177 per
652 1107 757 1162 hoc
788 1104 1047 1177 quidquid
1080 1106 1228 1160 cruci
1269 1105 1587 1161 exhibemus
1606 1146 1622 1171 ,
1650 1106 1721 1161 ob
1763 1104 2025 1161 honorem
2061 1112 2118 1159 et
2226 1108 2408 1167 facere
2436 1126 2624 1181 queas.
2655 1110 2824 1168 Caute
2851 1128 2983 1185 ergo
3007 1100 3093 1171 del
3112 1121 3164 1169 te
3191 1114 3383 1173 sentiri
3414 1124 3629 1186 oportet
3661 1131 3686 1171 a
3708 1126 3764 1181 te,

526 1210 766 1255 amorem
796 1198 941 1254 illius
980 1214 1044 1254 ac
1079 1198 1485 1255 venerationem
1520 1200 1612 1271 qui
1656 1199 1712 1253 in
1753 1212 1816 1254 ea
1862 1197 2119 1269 pependit
2224 1220 2294 1261 ne
2313 1205 2440 1260 dum
2471 1204 2733 1261 terminos
2754 1205 2977 1262 Patrum
3000 1209 3308 1279 transgredi
3333 1210 3528 1264 niteris
3551 1210 3767 1279 priorum,

525 1296 703 1344 totum
728 1290 958 1359 agimus,
990 1298 1153 1360 atque
1178 1291 1385 1345 utinam
1407 1297 1559 1345 tanto
1592 1303 1796 1360 quanto
1826 1291 2040 1346 deceret
2063 1296 2118 1346 te
2220 1297 2289 1351 ad
2336 1294 2625 1351 terminum
2656 1296 3055 1367 usque.venire
3095 1312 3204 1354 non
3242 1300 3439 1370 possis,
3473 1298 3616 1352 unde
3638 1296 3770 1354 fessus

506 1379 737 1434 honere
759 1392 1165 1436 veneraremur.
1189 1381 1386 1436 Desine
1415 1382 1597 1450 itaque
1620 1392 1646 1422 ι
1674 1380 2114 1453 seplasiariorum
2198 1372 2275 1443 'in
2310 1388 2398 1443 via
2427 1396 2808 1457 tempestatum
2844 1372 3107 1444 imbribus
3142 1388 3394 1444 obruaris
3414 1427 3432 1456 ,
3480 1403 3592 1443 non
3626 1403 3772 1458 perre-

522 1468 865 1573 pigmentulis
892 1470 1185 1541 potionari,
1224 1478 1286 1525 ut
1315 1486 1420 1526 non
1450 1471 1578 1526 talia
1602 1472 1930 1545 ganniendo,
1966 1486 2119 1573 man-
2210 1481 2378 1573 Piens
2408 1482 2475 1536 ad
2501 1481 2718 1537 domum
2749 1497 2868 1553 qua;
2903 1489 2990 1538 est
3033 1496 3196 1552 supra
3226 1480 3443 1537 ﬁrmam
3478 1491 3682 1553 petram
3705 1482 3773 1536 im-

506 1564 695 1618 —suetis
716 1564 948 1621 incutias
974 1574 1235 1622 terrorem
1255 1566 1587 1635 volucribus,
1610 1582 1731 1639 qua
1754 1566 1985 1624 necdum
2007 1565 2119 1622 for-
2207 1564 2498 1630 'mobiliter
2521 1581 2836 1631 constructa
2864 1572 3019 1645 (Luc.
3055 1571 3155 1646 γι).

524 1654 653 1709 tiori
678 1669 857 1725 penna
888 1658 1108 1713 robuste
1128 1673 1255 1714 aera
1283 1660 1474 1715 sudum
1505 1661 1891 1717 transcendere
1926 1667 2118 1730 potue-

598 1780 637 1817 ι’
656 1758 843 1832 Utitur
868 1775 973 1832 hac
998 1791 1131 1834 voce
1155 1776 1596 1858 Lampridiusjn
1636 1776 1984 1851 Heliogabalo
2016 1794 2119 1853 pro
2155 1786 2442 1857 unguento.

2128 1887 2161 1919 il

533 1914 3768 1949 -——————————-———————_—_———.u—.—_—_—_—_____.___—.

1693 2067 1996 2149 LIBER
2069 2066 2633 2148 SECUNDUS.

1790 2218 2519 2245 _—————h_—

512 2330 519 2347 ‘
592 2314 866 2386 Ecceiam
895 2319 1110 2387 tempus
1138 2313 1310 2387 exigit
1329 2322 1385 2370 et
1410 2313 1561 2370 locus
1586 2312 1836 2387 congruit
1861 2300 1943 2378 ut,
1974 2312 2117 2367 sicut
2144 2315 2193 2375 B
2222 2310 2469 2385 gelorum
2515 2313 2804 2371 multitudo
2837 2312 2968 2370 illud
2998 2313 3215 2386 signum
3249 2313 3499 2372 humeris
3532 2318 3783 2387 portabunt

520 2408 685 2481 paulo
718 2407 966 2478 superius
994 2405 1221 2477 polliciti
1271 2420 1489 2471 sumus,
1533 2405 1600 2461 de
1636 2404 1793 2460 laude
1825 2412 1881 2463 et
1919 2404 2120 2457 virtute
2212 2396 2487 2475 excelsis,
2524 2418 2581 2464 et
2621 2407 2860 2481 regalem
2886 2408 3044 2463 nobis
3069 2408 3363 2465 adventum
3396 2410 3780 2465 annuntialmt.

512 2501 704 2557 ’crucis
723 2510 895 2570 pauca
921 2498 986 2553 de
1009 2495 1261 2569 pluribus
1280 2504 1595 2552 sanctorum
1616 2495 1836 2550 Patrum
1861 2494 2007 2549 dicta
2028 2493 2119 2548 ad-
2212 2484 2353 2557 ‘Sola
2383 2501 2529 2555 enim
2567 2496 2773 2557 Christi
2816 2516 2953 2556 crux
2982 2509 3067 2555 est
3104 2515 3226 2571 quae
3263 2500 3511 2559 dissolvit
3542 2503 3776 2568 tenebras.

522 2600 823 2649 nectamu's.
869 2588 1077 2646 Scribit
1128 2589 1311 2660 itaque
1359 2586 1621 2660 Origenes
1668 2586 1722 2642 in
1768 2584 2120 2658 Expositione
2223 2599 2278 2647 et
2314 2608 2538 2663 regnum
2579 2590 2886 2649 daamonum
2928 2592 3246 2664 dissipavit,
3289 2602 3347 2651 et
3382 2610 3605 2651 omnem
3649 2605 3785 2652 teno-

512 2686 778 2761 'Epistol:e
799 2685 952 2741 Pauli
980 2684 1051 2741 ad
1069 2684 1367 2751 Romanos,
1384 2681 1479 2739 lib.
1502 2697 1588 2737 vt:
1612 2681 1708 2737 Est
1724 2682 1894 2745 enim,
1919 2679 2118 2749 inquit,
2220 2699 2338 2769 rem
2366 2683 2782 2757 malignantium
2814 2684 3057 2740 abstulit.
3084 2683 3230 2740 Crux
3264 2687 3614 2742 sanctitatem
3641 2688 3785 2757 provi-

521 2786 679 2835 tanta
702 2780 785 2833 vis
813 2776 996 2833 crucis
1023 2772 1250 2840 Christi,
1280 2782 1344 2829 ut
1369 2774 1415 2829 si
1445 2782 1573 2828 ante
1595 2771 1783 2829 oculos
1808 2780 2041 2842 ponatur
2064 2777 2121 2825 et
2220 2775 2337 2847 dit,
2386 2791 2524 2832 crux
2566 2776 2727 2832 nobis
2764 2775 2845 2832 sol
2869 2775 3098 2847 iustitiae
3127 2774 3268 2832 facta
3302 2784 3410 2844 est,
3446 2786 3513 2832 ut
3540 2778 3785 2833 illuminati

523 2873 581 2927 in
612 2866 793 2928 mente
818 2868 1049 2925 ﬁdeliter
1069 2864 1389 2933 retineatur,
1415 2867 1493 2922 ita
1520 2874 1579 2920 ut
1608 2866 1664 2920 in
1688 2866 1859 2936 ipsam
1886 2871 2118 2918 mortem
2218 2846 2600 2921 (misericordia
2624 2864 2762 2935 ejus,
2787 2846 3153 2938 gloriﬁcemus
3180 2864 3419 2933 Patrem,
3448 2877 3510 2922 et
3528 2867 3786 2935 Filium,et

525 2961 732 3019 Christi
752 2962 979 3017 intentis
1013 2959 1185 3015 oculis
1222 2958 1418 3014 mentis
1446 2952 1770 3029 aspiciatur,
1801 2955 1947 3010 nulla
1983 2969 2119 3010 con-
2223 2957 2489 3030 Spiritum
2521 2969 2771 3015 sanctum
2800 2960 2857 3014 in
2880 2958 3073 3015 saecula
3101 2959 3449 3016 saeculorum.
3477 2960 3785 3016 AmenJIen

519 3038 875 3124 ‘cupi‘scentia,
908 3049 1052 3106 nulla
1086 3049 1269 3114 libido,
1303 3048 1448 3103 nulla
1482 3060 1741 3119 superare
1775 3046 1947 3117 possit
1980 3042 2120 3099 invi-
2222 3044 2364 3104 idem
2392 3048 2444 3103 in
2470 3049 2691 3104 homilia
2722 3049 2789 3105 de
2822 3064 2985 3105 cruce
3009 3048 3321 3105 Dominica:
3349 3050 3466 3105 Etsi
3499 3067 3659 3108 nosse
3677 3052 3787 3108 desi—
3887 3038 3889 3095 Ὺ

522 3145 631 3212 dia,
647 3145 741 3203 sed
767 3145 1023 3201 continuo
1042 3142 1110 3197 ad
1132 3141 1250 3212 eju‘s
1270 3142 1638 3213 praesentiam,
1656 3147 1803 3195 totus
1828 3138 1938 3203 ille,
1953 3153 2118 3209 quem
2222 3138 2405 3204 deras,
2440 3140 2780 3204 charissime,
2805 3140 3064 3195 virtutem
3087 3140 3285 3206 crucis,
3302 3150 3356 3196 et
3377 3153 3584 3211 quanta
3602 3156 3785 3215 possunt

521 3240 690 3307 supra
719 3235 1181 3300 enumeravimus,
1206 3234 1416 3304 peccati
1436 3241 1492 3287 et
1517 3233 1701 3288 carnis
1723 3229 1943 3301 fugatur
1960 3243 2120 3285 exer—
2182 3286 2189 3311 ι
2223 3230 2292 3287 ad
2306 3228 2423 3299 ejus
2437 3228 2653 3303 laudem
2669 3230 2873 3295 dicere,
2889 3230 3041 3286 audi:
3068 3246 3203 3286 crux
3222 3247 3347 3302 spes
3360 3233 3783 3301 Christianorum,

520 3332 686 3389 citus.
718 3327 922 3385 Scribit
956 3328 1197 3384 Joannes
1228 3323 1652 3397 Cbrysostomus
1697 3324 1751 3378 in
1799 3318 2023 3377 homilia
2053 3322 2120 3376 de
2150 3314 2159 3327 “
2221 3338 2356 3378 crux
2408 3324 2738 3377 resurrectio
2783 3328 3155 3390 mortuorum,
3197 3338 3336 3379 crux
3365 3340 3637 3382 czecorum
3672 3326 3782 3387 dux,

522 3420 689 3477 “cruce
714 3430 770 3475 et
794 3414 1590 3486 latrone‘:'Hodierna,’inquit,
1619 3415 1705 3470 die
1726 3422 1914 3469 noster
1938 3413 2120 3468 Domi-
2222 3414 2355 3469 Crux
2403 3414 2816 3484 desperatorum
2860 3414 2981 3481 via,
3031 3429 3166 3471 crux
3209 3414 3529 3472 claudon
3574 3417 3784 3480 beatius.

527 3525 630 3565 nus
655 3509 911 3580 pependit
947 3510 1000 3562 in
1027 3518 1217 3570 cruce,
1265 3512 1322 3562 et
1358 3521 1457 3561 nos
1483 3502 1833 3560 festivitatem
1860 3500 1979 3571 ejus
2005 3502 2119 3557 exi-
2222 3521 2356 3562 crux
2386 3504 2685 3561 consolatio
2709 3521 3042 3578 pauperum,
3077 3524 3212 3564 crux
3241 3506 3543 3566 refrenatio
3572 3510 3784 3573 divitum,

526 3603 690 3656 miam
726 3601 891 3656 nimia
920 3598 1105 3656 laetitia
1127 3598 1487 3663 celebremus,
1516 3602 1577 3652 ut
1594 3595 1869 3651 discamus
1897 3608 2118 3649 crucem
2221 3612 2356 3652 crux
2385 3596 2685 3653 destructio
2715 3598 3075 3667 superborum
3094 3641 3110 3662 ,
3142 3616 3279 3655 crux
3317 3600 3462 3657 male
3506 3601 3779 3657 viventium

524 3694 691 3752 t’otius
725 3694 988 3765 spiritalis
1016 3690 1390 3765 gratulationis
1426 3692 1558 3745 esse
1592 3687 1972 3744 substantiam.
2022 3684 2118 3739 Et-
2147 3685 2192 3747 C
2226 3705 2409 3763 ptena,
2442 3705 2577 3744 crux
2605 3690 2868 3746 adversus
2894 3693 3170 3749 daemonas
3208 3693 3539 3764 triumphus,
3565 3708 3693 3751 crux
3717 3692 3785 3745 dc-

522 3788 671 3843 enim
712 3794 840 3844 ante
868 3787 1044 3857 ipsum
1078 3781 1403 3842 vocabulum
1451 3781 1629 3837 crucis
1662 3768 1824 3851 poena
1868 3776 1989 3843 fuit,
2023 3776 2119 3832 sed
2222 3782 2388 3838 victio
2426 3780 2658 3846 diaboli,
2691 3798 2829 3839 crux
2873 3782 3277 3841 adulescentum
3300 3786 3652 3858 paedagogus,
3681 3799 3787 3840 cm

525 3882 669 3936 nunc
696 3880 763 3935 ad
792 3874 1021 3953 glariam
1058 3884 1422 3947 nuncupatur.
1452 3875 1627 3931 Antea
1652 3868 2120 3929 condemnationis
2222 3875 2545 3931 sustentatio
2591 3876 2810 3946 inopum
2830 3917 2843 3940 ,
2884 3892 3022 3933 crux
3060 3893 3185 3949 spes
3212 3880 3658 3947 desperatorum,
3680 3892 3787 3934 crux

524 3962 734 4028 ferebat
761 3971 1069 4034 horrorem,
1115 3980 1259 4024 nunc
1294 3967 1484 4023 salutis
1528 3966 1787 4021 indicium
1828 3970 1931 4019 est.
1971 3959 2118 4017 Crux
2222 3965 2590 4039 navigantium
2620 3968 2964 4038 gubernatio,
2988 3984 3126 4024 crux
3154 3970 3580 4042 periclitantium
3606 3979 3784 4042 portus,

523 4063 672 4120 enim
714 4042 869 4117 nobis
892 4042 1063 4116 totius
1097 4059 1449 4115 beatitudinis
1472 4072 1634 4113 causa
1666 4065 1766 4112 est.
1795 4052 1921 4109 llaec
1953 4064 2051 4107 nos
2086 4066 2118 4107 a
2222 4073 2357 4114 crux
2398 4056 2747 4115 obsessorum
2793 4076 3016 4129 murus,
3049 4077 3189 4119 crux
3217 4072 3374 4135 pater
3409 4064 3785 4134 orpltanorum,

527 4148 773 4233 crecitate
799 4138 1051 4227 liberavit
1086 4150 1313 4215 erroris,
1343 4149 1463 4204 hmc‘
1499 4154 1567 4202 e‘x
1608 4144 1846 4202 tenebris
1889 4144 2119 4199 reddidit
2220 4166 2355 4206 crux
2382 4151 2655 4233 defensor
2699 4134 3003 4233 viduarum,
3049 4168 3184 4211 crux
3222 4134 3399 4223 iudex
3451 4154 3786 4225 injustoruut,

527 4228 656 4312 luci,
699 4234 817 4301 baic
865 4238 1160 4300 d'cbellatos
1185 4241 1352 4315 quieti
1394 4238 1667 4307 sociavit,
1698 4238 1813 4295 haec
1856 4236 2119 4295 alienatos
2220 4258 2355 4313 crux
2375 4230 2522 4319 justo
2550 4228 3089 4319 consiliarius,crux
3140 4244 3521 4301 tribulatorum
3565 4244 3786 4314 requies.

527 4332 640 4399 Deo
672 4320 997 4409 ’ὸοιῇιιηὲίῑιζ
1028 4338 1186 4411 longe
1218 4326 1544 4395 constitutos
1577 4336 1855 4408 proximos
1880 4336 2121 4415 praisem
2220 4318 2356 4389 crus
2380 4324 2726 4404 parvulorum
2758 4343 2965 4401 custos,
3012 4350 3150 4391 crux
3191 4337 3434 4393 virorum
3462 4345 3655 4407 caput,
3680 4347 3788 4390 crux

528 4416 694 4505 tavit;
724 4431 841 4505 bzec
868 4420 1459 4505 'peregrinantes'cives
1483 4416 1739 4492 ostendit,
1765 4424 1879 4480 haec
1904 4426 2117 4482 discor-
2222 4424 2411 4493 senum
2444 4426 2586 4491 ﬁnis,
2616 4443 2753 4483 crux
2782 4426 2969 4484 lumen
2994 4428 3050 4483 in
3070 4428 3315 4505 tenebris
3335 4429 3789 4494 sedentium,cm

524 4504 628 4581 diae
659 4502 956 4596 amputatio,
981 4516 1084 4590 est,
1114 4524 1230 4580 haec
1255 4504 1405 4592 pacis
1435 4506 1862 4601 ﬁrmamentum,
1881 4518 1996 4575 haec
2025 4508 2127 4574 bo!
2222 4506 2410 4601 regum
2435 4518 2837 4597 magniﬁcentia
2859 4560 2875 4585 ,
2911 4535 3046 4575 crux
3074 4502 3289 4583 scutum
3313 4532 3659 4592 perpetuum,
3678 4531 3789 4575 crux

524 4600 716 4691 eorum
743 4594 989 4691 omnium
1016 4608 1231 4669 abunda
1258 4610 1495 4683 largitio.
1526 4606 1592 4665 Et
1611 4618 1732 4682 post
1751 4594 1953 4691 pauca»:
1984 4606 2120 4691 Volo
2158 4618 2199 4669 (ι
2224 4594 2621 4691 inlsensatorum
2646 4594 2929 4683 sapientia,
2953 4625 3088 4691 crux
3108 4610 3334 4685 libertas
3355 4627 3662 4681 servorum,
3680 4623 3789 4666 crux

523 4688 709 4783 et‘aiia
740 4688 949 4763 ratione
966 4690 1280 4778 cognoscas.
1310 4698 1541 4761 Crucem
1570 4720 1674 4757 non
1700 4696 1869 4783 solam
1900 4688 2122 4783 reliquit
2226 4688 2621 4783 imperatorum,
2642 4688 3013 4775 philosophia,
3045 4718 3182 4763 crux
3214 4703 3306 4759 lex
3330 4704 3653 4774 impiorum,
3679 4715 3789 4758 crux

525 4780 578 4879 in
597 4784 781 4879 terra,
934 4814 1117 4857 secum
1152 4788 1275 4855 eam
1296 4798 1495 4873 levavit
1519 4798 1588 4879 ad
1612 4786 1831 4877 coelum.
1869 4788 1974 4871 Sed
1998 4782 2116 4863 ais:
2221 4782 3036 4879 prophetarumprzeconisatio,
3067 4812 3204 4857 crux
3232 4798 3572 4877 annuntiatio
3599 4802 3791 4869 aposto-

504 4872 640 4949 ildc
664 4882 809 4950 unde
835 4881 1365 4973 demonstraturiEt
1394 4872 1663 4973 id‘eoﬁaud‘i‘
1692 4884 1836 4961 quod
1856 4905 1982 4945 cum
2005 4889 2119 4960 ipsa
2222 4872 2397 4973 lorum
2420 4929 2435 4955 ,
2468 4904 2603 4971 crux
2631 4872 2932 4961 martyrum
2955 4872 3239 4967 gloriatio,
3260 4907 3397 4947 crux
3425 4891 3791 4949 monachorum

526 4980 729 5051 veniet,
759 5000 884 5041 cum
913 4985 1029 5058 ipsa
1060 4964 1349 5040 secundam
1380 4964 1668 5054 gloriosam
1699 4997 1852 5037 suam
1878 4994 2119 5051 praesen-
2144 5042 2194 5059 ﬁ
2224 4964 2583 5053 abstinentia,
2616 4999 2750 5057 crux
2776 4983 3048 5059 virginum
3091 4964 3345 5051 castitas,
3383 4998 3520 5038 crux
3559 4981 3791 5053 gaudium

528 5060 865 5157 tia‘m't‘aciet,
897 5042 1020 5131 ideo
1051 5062 1340 5148 gloriosam
1368 5088 1587 5131 crucem
1619 5072 1944 5143 nuncupavi.
1987 5071 2118 5151 item
2142 5042 2199 5103 Β
2225 5062 2588 5157 sacerdotum,
2610 5090 2745 5130 crux
2772 5042 3029 5155 Ecclesia:
3049 5074 3485 5151 fundamentum,
3504 5089 3640 5131 crux
3665 5070 3790 5129 orbis

526 5150 651 5255 post
682 5156 854 5234 pauca
882 5184 911 5255 ε⁴
937 5162 1021 5221 Et’
1046 5152 1171 5221 tunc
1207 5154 1417 5255 signant
1457 5162 1711 5245 itidebitur
1746 5161 1845 5236 ﬁlii
1890 5161 2115 5217 hominis
2229 5150 2391 5255 terrae
2428 5167 2655 5237 cautela.
2686 5150 2933 5239 [tutela],
2969 5183 3103 5223 crux
3145 5150 3464 5237 templorum
3488 5163 3790 5225 destructio.

614 5244 745 5311 ἰωιο
769 5246 931 5333 (Epit.
957 5258 1055 5335 vt).
1084 5254 1276 5314 Vidisti
1300 5242 1532 5335 gloriam
1550 5256 1718 5330 ‘signi,
1752 5255 1803 5310 id
1840 5265 1925 5311 est
1943 5298 1958 5323 ,
2000 5271 2120 5311 cru-
2228 5242 2362 5319 crux
2387 5259 2657 5319 idolorum
2685 5258 2946 5332 repulsio,
2969 5276 3105 5317 crux
3133 5258 3449 5325 scandalum
3476 5258 3789 5319 Iudaeorum,

529 5322 628 5415 eis,
642 5336 773 5405 solis
793 5326 975 5431 lumen
1000 5322 1255 5407 reddetur
1274 5330 1585 5417 obscurum,
1616 5344 1753 5403 luna:
1776 5362 1881 5404 non
1904 5348 2121 5405 dabitur
2228 5368 2362 5409 crux
2412 5353 2646 5425 perditio
2689 5353 3014 5425 impiorum,
3043 5368 3178 5409 crux
3222 5351 3583 5413 invalidorum
3606 5349 3789 5408 virtut.

529 5440 729 5510 gratia,
766 5440 863 5496 sed
892 5438 1022 5497 illud
1046 5441 1233 5498 lumen
1260 5438 1496 5496 radiabit
1533 5444 1586 5492 et
1622 5437 1841 5493 lucebit.
1886 5438 1955 5493 Et
1980 5438 2122 5496 sicut
2228 5432 2362 5501 crux
2391 5446 2771 5517 tegmtamium
2792 5446 3056 5509 medicus,
3082 5461 3219 5501 crux
3241 5444 3554 5503 amandatio
3578 5442 3792 5512 leprostr

530 5526 909 5605 imperatorem
955 5536 1150 5607 regalis
1188 5550 1386 5608 pompa
1434 5533 1722 5606 praecedit,
1765 5542 1821 5587 et
1868 5532 2119 5590 militaris
2229 5550 2380 5603 rum,
2432 5552 2566 5592 crux
2614 5536 3035 5608 przedicatorum
3066 5532 3537 5607 [paralyticorum]
3578 5529 3790 5601 requies.

530 5612 664 5707 ordo
689 5625 979 5701 praeeundo
1009 5624 1202 5707 vexilla
1225 5625 1470 5681 humeris
1494 5632 1715 5707 portare
1738 5633 2119 5692 consueverat,
2228 5642 2362 5682 crux
2392 5627 2749 5683 esurientium
2772 5627 2962 5698 panis,
2990 5641 3128 5681 crux
3165 5623 3465 5681 sitientium
3495 5621 3646 5687 fons,
3675 5630 3789 5674 crux

531 5702 587 5793 et
608 5708 723 5785 ejus
759 5706 1068 5773 declaratur
1107 5702 1516 5789 [declarabitur]
1552 5702 1864 5772 adventus:
1905 5716 1981 5771 sic
2014 5714 2122 5771 Do-
2228 5716 2493 5775 nudorum
2538 5718 2825 5793 prOtectio.
2872 5716 3183 5775 Nuditatem
3227 5722 3408 5775 autem
3447 5728 3572 5769 cum
3599 5712 3791 5783 dixem:

535 5788 681 5861 mino
711 5800 937 5895 dectelo
964 5806 1216 5867 veniente
1243 5806 1556 5878 angelorum
1596 5815 1770 5893 cretus
1808 5798 1864 5862 et
1889 5807 2121 5883 archan-
2227 5824 2335 5879 non
2381 5788 2701 5891 corpoream
2740 5809 3010 5883 aestimes,
3046 5807 3145 5877 sed
3188 5804 3523 5881 inﬁdelitatis
3552 5811 3790 5879 Wo

3880 2664 3881 2729 ι

3881 2742 3883 2827 i

3883 2836 3885 2923 φ

3885 2930 3887 3007 4

3887 3024 3889 3095 1

3889 3118 3891 3189 γ

3891 3212 3893 3311 γ
