3964 6448
190 400 321 459 845

1240 369 1355 454 nn
1374 368 1627 457 'curl'ru
1656 360 2022 457 ιΜᾹὰίΝυκ.
2060 430 2133 443 -
2154 400 2299 483 LIB.
2332 392 2400 458 ιι.

3360 380 3468 462 ate

186 530 334 575 cum
356 524 534 574 autem
562 516 619 572 in
637 514 914 572 Christum
939 514 1265 585 crediderit,
1291 517 1520 573 vestitus
1549 517 1787 573 invenieﬁ
1810 523 1865 583 Α
1887 516 2301 575 Constantinum
2337 534 2463 576 reor
2489 518 2886 577 nobilissimum
2924 518 3089 576 decus
3118 484 3332 591 imperii
3361 522 3476 579 Ro-

186 620 319 667 tnr.
341 609 636 681 Perpende,
662 620 862 679 quaeso.
890 606 1099 675 Claudi,
1122 623 1253 679 rogo
1280 617 1353 675 te,
1377 624 1537 679 quam
1567 607 1790 665 mirabi—

184 707 270 763 lis
318 719 586 777 quamque
628 703 858 760 eximius
901 704 1120 771 doctor,
1170 703 1325 775 cujus
1373 702 1789 759 saluberrimam

187 799 505 853 doctrinam
535 804 719 853 sancta
752 806 1076 851 veneranter
1104 795 1298 866 recipit
1339 794 1575 851 Ecclesia
1597 837 1612 862 ,
1651 811 1790 866 prae-

184 891 447 947 conando
475 897 749 946 assereret
771 888 915 960 quod
957 890 1013 945 in
1055 889 1292 945 secundo
1331 890 1561 944 adventu
1600 890 1787 945 aeterni

174 982 398 1055 judicis
429 981 605 1054 angeli
654 990 817 1052 atque
859 981 1168 1053 archangeli
1197 982 1251 1036 in
1280 980 1521 1037 humeris
1551 980 1786 1038 excelsis

183 1088 453 1139 crucem,
498 1088 608 1128 non
654 1073 889 1138 asinum,
933 1073 1195 1144 gestaturi
1245 1074 1390 1139 sint,
1426 1083 1481 1128 et
1509 1073 1652 1143 quod
1692 1088 1790 1143 per

182 1182 419 1223 crucem
440 1209 455 1232 ,
484 1180 603 1224 non
638 1182 738 1239 per
781 1167 1031 1234 asinum,
1080 1167 1292 1223 diversa
1327 1167 1482 1223 nobis
1523 1168 1787 1224 virtutum

179 1260 530 1315 charismata
555 1276 677 1330 qua:
705 1261 846 1315 idem
876 1259 1066 1315 doctor
1090 1270 1374 1316 enumerat
1413 1260 1782 1316 conferantur.

178 1352 257 1407 Et
313 1354 574 1409 erubesce
618 1354 760 1423 quod
796 1368 998 1408 vesano
1026 1352 1209 1408 furore
1256 1362 1537 1422 correptus
1568 1370 1787 1410 crucem

178 1444 353 1499 asino
393 1444 831 1515 requiparaveris.
866 1443 1003 1498 Audi
1047 1444 1211 1499 etiam
1240 1445 1384 1514 quod
1428 1444 1694 1500 Eusebius
1730 1446 1786 1500 in

176 1534 428 1589 historia
470 1534 871 1601 Ecclesiastica,
906 1534 1050 1589 inter
1092 1544 1286 1591 caetera
1313 1550 1434 1606 quae
1470 1537 1535 1590 de
1574 1537 1787 1592 actibus

176 1626 537 1683 Constantini
585 1629 928 1698 imperatoris
977 1629 1324 1685 laudabiliter
1372 1629 1569 1697 refert,
1612 1647 1678 1687 ac
1720 1631 1787 1687 de

177 1734 360 1775 cruce
384 1719 593 1775 scribit.
626 1720 759 1775 Erat
787 1721 1029 1791 quidem,
1062 1723 1253 1792 inquit,
1283 1723 1398 1795 jam
1436 1740 1583 1779 nunc
1626 1723 1784 1779 Chri-

175 1812 385 1866 stiana.-
414 1812 692 1884 religionis
717 1811 913 1879 fautor,
940 1814 1144 1886 Deique
1168 1818 1283 1872 veri
1309 1826 1615 1884 venerator,
1647 1810 1821 1875 non?

175 1902 317 1955 dum
366 1910 548 1958 tamen
595 1910 656 1957 ut
701 1903 974 1972 solemne,
1009 1906 1215 1962 nostris
1254 1906 1527 1975 initiatus,
1569 1908 1783 1978 signum
1806 1890 1861 1951 Β

174 1993 488 2050 Dominicae
511 1995 781 2064 passionis
806 2005 1112 2067 acceperat.
1141 1996 1275 2054 Cum
1304 1998 1471 2069 igitur
1493 1999 1705 2062 anxius,
1731 2007 1787 2054 et

172 2086 363 2141 multa
394 2101 579 2141 secum
611 2088 678 2144 de
710 2089 1047 2145 imminentis
1074 2088 1200 2145 belli
1225 2091 1549 2147 necessitate
1573 2091 1789 2162 pervolJ
1834 2078 1853 2137 ἶ

172 2193 324 2234 vens
374 2179 481 2234 iter
529 2189 749 2251 ageret,
804 2192 965 2251 atque
1005 2180 1075 2236 ad
1116 2181 1315 2238 malum
1360 2184 1557 2254 saepius
1600 2186 1786 2242 oculos

172 2268 454 2334 elevaret,
483 2278 541 2325 et
566 2269 692 2327 inde
735 2271 838 2327 sibi
867 2272 1107 2326 divinum
1133 2281 1459 2342 precaretur
1486 2275 1788 2342 auxilium,

172 2361 327 2416 vidit
348 2377 446 2432 per
470 2378 720 2434 sonorem
750 2366 817 2420 ad
838 2361 1075 2420 Orientis
1101 2372 1310 2434 partem
1334 2366 1386 2421 in
1411 2367 1550 2422 caelo
1571 2368 1782 2439 signum
1804 2372 1809 2379 ’

175 2457 371 2510 crucis
418 2456 577 2526 igneo
624 2454 834 2529 fulgore
879 2457 1125 2513 rutilare.
1176 2457 1425 2529 Cumque
1466 2467 1620 2516 tanto
1663 2460 1784 2515 visu

175 2548 387 2604 fuisset
410 2550 726 2615 exterritus,
753 2564 817 2605 ac
844 2564 986 2605 novo
1018 2552 1335 2606 turbaretur
1364 2561 1607 2623 aspectu,
1639 2561 1786 2608 asta-

176 2654 242 2696 re
274 2640 388 2694 sibi
408 2641 543 2696 vidit
570 2642 805 2713 angelos,
834 2642 1115 2697 dicentes:
1142 2640 1503 2698 Constantine
1525 2684 1541 2710 ,
1582 2645 1638 2698 in
1675 2645 1782 2701 hoc

172 2733 369 2789 vince.
408 2732 560 2789 Tunc
591 2748 722 2789 vero
748 2734 906 2789 Iretus
931 2733 1208 2800 redditus,
1240 2742 1296 2789 et
1326 2734 1392 2789 de
1418 2735 1645 2790 victoria
1665 2733 1781 2805 jam

176 2838 441 2890 securus,
471 2825 683 2894 signum
710 2825 892 2880 crucis
912 2825 1057 2894 quod
1086 2824 1141 2879 in
1172 2824 1311 2880 caelo
1334 2823 1564 2892 viderat,
1595 2825 1652 2881 in
1685 2842 1784 2883 sua

174 2914 371 2971 fronte
389 2916 656 2986 designat,
682 2924 739 2972 et
758 2917 831 2971 ita
856 2917 1072 2973 coalitus
1093 2917 1161 2972 ad
1190 2916 1351 2972 fidem
1375 2917 1650 2984 invitatus,
1674 2933 1783 2975 non

176 3006 321 3061 mihi
345 3005 558 3062 videtur
574 3007 667 3062 illo
685 3007 908 3063 inferior
929 3008 1017 3063 cui
1049 3009 1115 3063 de
1136 3007 1277 3063 cmlo
1308 3008 1559 3064 similiter
1578 3009 1783 3065 dictum

178 3109 268 3155 est
291 3116 310 3154 :
346 3099 535 3167 Saule,
556 3098 737 3168 Saule,
760 3101 887 3172 quid
916 3117 998 3155 me
1023 3101 1349 3172 persequeris
1368 3101 1395 3155 7
1417 3099 1531 3171 Ego
1552 3116 1670 3154 sum
1692 3097 1784 3152 Je-

179 3210 275 3247 σω
330 3192 649 3248 Nazarenus
677 3195 817 3267 (Act.
858 3195 962 3265 ix),
995 3194 1100 3250 nisi
1149 3195 1276 3266 quia
1317 3195 1407 3250 hic
1454 3211 1561 3250 non
1608 3194 1783 3250 adhuc

178 3297 560 3354 persequens,
591 3285 685 3341 sed
726 3285 838 3356 jam
868 3302 1207 3358 consequens
1238 3287 1520 3342 invitatur.
1573 3287 1783 3342 Exinde

182 3373 409 3445 signum
439 3375 582 3444 quod
609 3374 678 3431 de
701 3377 840 3433 cosio
867 3378 971 3433 sibi
1005 3378 1183 3434 fuerat
1229 3379 1660 3433 demonstratum
1683 3420 1698 3444 ,
1726 3378 1782 3432 in

182 3465 453 3521 militaria
479 3466 674 3522 vexilla
701 3468 1075 3536 transformat,
1107 3486 1171 3526 ac
1203 3470 1470 3535 labarum,
1503 3486 1665 3541 quem
1698 3471 1783 3525 di-

184 3565 322 3611 cunt
354 3556 644 3613 draconem
670 3558 727 3613 in
749 3561 983 3629 speciem
1015 3559 1193 3615 crucis
1222 3560 1519 3615 Dominicae
1539 3568 1779 3631 exaptat,

184 3656 243 3703 et
270 3649 350 3703 ita
378 3649 547 3704 armis
579 3650 896 3721 vexillisque
925 3651 1202 3723 religionis
1228 3653 1550 3717 instructus,
1582 3652 1781 3708 adver—
1820 3698 1825 3705 .

186 3754 315 3811 sum
348 3739 637 3810 impiorum
668 3757 820 3797 arma
848 3743 1234 3814 proficiscitur.
1262 3744 1369 3800 Sed
1395 3746 1449 3800 in
1472 3745 1661 3801 dextra
1686 3761 1783 3801 sua

187 3832 551 3888 nihilominus
573 3835 749 3890 crucis
773 3850 838 3890 ex
870 3850 1006 3890 auro
1041 3834 1403 3891 fabrefactum
1438 3837 1654 3907 signum
1686 3837 1786 3892 ha-

186 3923 380 3978 buisse
406 3924 740 3994 perhibetur.
767 3925 1038 3981 Scribitur
1064 3928 1228 3981 etiam
1250 3927 1305 3982 in
1334 3928 1562 3982 historia
1585 3924 1786 3999 tripar-

188 4017 317 4082 tita,
347 4015 441 4071 lib.
470 4030 487 4069 ι
513 4033 527 4070 :
559 4014 620 4071 In
650 4017 736 4073 his
765 4018 931 4087 igitur
954 4019 1410 4075 sollicitudinibus
1431 4021 1781 4089 constitutus,

192 4107 253 4161 in
293 4120 490 4163 somno
517 4107 660 4164 vidit
680 4111 859 4166 crucis
896 4111 1109 4183 signum
1141 4112 1279 4168 caelo
1316 4104 1595 4181 splendide
1623 4112 1786 4168 collo-

192 4204 405 4263 catum,
430 4197 764 4269 mirantique
792 4202 1058 4258 visionem
1091 4202 1379 4259 astiterunt
1404 4204 1579 4276 angeli
1603 4205 1786 4260 dicen”-

193 4296 276 4343 tes
302 4303 323 4340 :
351 4285 397 4342 0
424 4287 797 4358 Constantine,
839 4292 893 4347 in
932 4294 1036 4348 hoc
1078 4294 1254 4349 vince.
1288 4293 1483 4350 Fertur
1517 4304 1695 4351 autem
1731 4302 1786 4351 et

194 4379 378 4450 ipsum
402 4378 678 4436 Christum
706 4384 1025 4453 apparuisse
1058 4384 1144 4450 ei,
1173 4386 1388 4456 signum
1427 4388 1608 4442 crucis
1628 4403 1786 4443 mon-

193 4480 424 4537 strasse,
452 4487 516 4528 ac
536 4475 855 4545 praecepisse
882 4464 946 4530 ut
967 4474 1196 4546 figuram
1225 4472 1457 4532 similem
1484 4476 1707 4541 faceret,
1731 4485 1785 4533 et

196 4566 249 4620 iu
280 4566 489 4637 prazliis
527 4569 634 4624 hoc
671 4568 929 4624 auxilium
958 4569 1184 4625 haberet
1204 4611 1218 4636 ,
1249 4584 1358 4640 quo
1397 4571 1639 4626 victoriae
1660 4567 1783 4639 jura

196 4661 565 4730 conquireret.
592 4662 864 4719 Eusebius
892 4664 1073 4735 itaque
1102 4662 1402 4737 Pamphili,
1433 4682 1555 4721 cum
1571 4666 1782 4736 jureju~

201 4753 409 4819 rando,
434 4753 609 4825 ipsum
651 4756 1032 4826 imperatorem
1073 4756 1339 4813 dieentem
1376 4756 1590 4813 audisse
1613 4773 1671 4813 se
1702 4756 1788 4812 re:

198 4846 330 4913 fert,
358 4848 484 4918 quia
512 4848 655 4903 circa
685 4849 967 4904 meridiem
1001 4849 1308 4905 declinante
1332 4849 1444 4918 jam
1474 4850 1585 4906 sale
1607 4852 1784 4928 crucis

199 4940 417 5010 signum
445 4954 511 4994 ex
543 4938 745 4996 lumine
773 4940 998 5008 factum,
1021 4950 1076 4998 et
1114 4944 1439 5012 scripturam
1477 4952 1785 4999 consertam

199 5032 249 5085 ei
284 5028 554 5085 dicentem
582 5049 597 5085 :
627 5030 687 5086 In
724 5032 827 5087 hoc
856 5033 1043 5097 vince,
1074 5032 1323 5089 vidisset
1346 5035 1460 5104 ipse
1500 5043 1555 5089 et
1591 5035 1787 5091 milites
1828 5070 1867 5105 ςε

202 5120 296 5192 qui
324 5132 452 5176 cum
472 5135 539 5176 eo
561 5128 691 5199 tunc
709 5126 910 5176 essent.
938 5121 1191 5195 Pergenti
1213 5139 1446 5194 namque
1463 5123 1643 5195 aliquo
1665 5142 1787 5181 cum

203 5214 451 5269 exercitu
492 5224 592 5285 per
634 5212 756 5277 iter,
800 5214 948 5281 hoc,
999 5216 1206 5286 inquit,
1253 5217 1303 5271 ei
1346 5217 1665 5272 miraculum
1708 5226 1792 5273 est

206 5311 505 5360 ostensum.
530 5300 779 5374 Dumque
809 5305 1070 5375 cogitaret
1102 5305 1231 5374 quid
1270 5313 1447 5371 esset,
1480 5306 1792 5375 supervenit

207 5412 334 5463 nox,
366 5397 657 5453 dormienti
686 5396 937 5453 Christus
960 5400 1208 5468 apparuit
1237 5408 1359 5455 cum
1391 5398 1545 5470 signo
1570 5400 1712 5469 quod
1734 5401 1789 5453 in

209 5491 347 5547 cmlo
368 5491 525 5555 vidit,
547 5491 819 5563 jussitque
841 5499 901 5545 ut
930 5490 1082 5546 ﬁeret
1122 5492 1240 5562 ejus
1285 5490 1638 5563 significatio,
1669 5502 1788 5562 quas

210 5582 349 5638 foret
376 5582 635 5638 auxilium
662 5582 719 5637 in
762 5583 1235 5654 congressionibus
1286 5585 1614 5656 prmliorum.
1654 5586 1786 5641 ltcm

214 5673 351 5728 idem
379 5675 432 5728 in
461 5675 650 5729 eodem
678 5692 691 5728 :
716 5672 831 5730 Hoc
851 5676 996 5730 enim
1014 5676 1224 5748 signum
1250 5676 1500 5733 bellicum
1523 5677 1667 5732 inter
1687 5678 1791 5733 alia

214 5765 501 5835 pretiosius
526 5773 645 5821 erat
675 5780 741 5821 eo
765 5767 908 5837 quod
945 5766 1327 5837 imperatorem
1370 5769 1707 5839 praecedere,
1739 5778 1794 5825 et

218 5857 432 5913 adorari
468 5858 525 5913 id
553 5870 585 5913 a
612 5857 874 5915 militibus
903 5861 1072 5916 moris
1111 5862 1275 5917 esset.
1324 5859 1479 5917 Unde
1523 5862 1794 5931 praecipue

1894 610 2039 665 mani
2071 610 2127 665 in
2152 610 2367 683 signum
2397 620 2636 668 mutasse
2659 611 2859 676 crucis,
2884 620 2944 667 ut
2975 611 3245 684 frequenti
3264 613 3474 675 visione

1891 711 2055 775 atque
2093 717 2224 757 cura
2271 702 2653 758 desuescerent
2680 718 2710 756 a
2738 703 2923 773 priore
2952 717 3104 763 more
3130 701 3389 772 subjecti,
3418 713 3476 760 et

1890 808 2014 849 eum
2042 793 2215 849 solum
2245 794 2643 849 arbitrarentur
2671 794 2840 850 Deum
2889 809 3049 865 quem
3078 794 3282 851 coleret
3305 796 3474 867 impe-

1889 898 2058 955 rator,
2086 889 2169 946 vel
2190 906 2297 960 quo
2325 890 2461 945 duce
2486 895 2649 961 atque
2678 891 2998 949 auxiliatore
3023 900 3267 949 uteretur
3286 894 3476 951 adver-

1886 968 1984 1042 sus
2013 985 2216 1039 hostes.
2261 982 2487 1054 Semper
2513 983 2658 1038 enim
2690 984 2793 1041 hoc
2826 985 3040 1057 signum
3068 986 3476 1062 proponebatur

1890 1087 2015 1135 ante
2058 1080 2278 1134 ordines
2312 1078 2629 1142 universos,
2664 1078 2807 1148 quod
2846 1079 3080 1133 maxime
3106 1078 3476 1134 laborantibus

1889 1169 2129 1227 faciebas
2177 1170 2231 1225 in
2271 1169 2475 1241 praeliis
2518 1169 2709 1225 adesse
2758 1170 3128 1241 praecipiebat.
3184 1169 3477 1225 Constituit

1888 1265 2073 1335 itaque
2099 1273 2279 1321 certos
2305 1262 2591 1335 signiferos
2616 1263 2707 1333 qui
2737 1263 2792 1318 in
2820 1277 2885 1319 eo
2909 1264 3219 1321 laborarent
3246 1282 3476 1334 quarunt

1888 1372 2024 1428 Opus
2046 1363 2165 1411 erat
2190 1366 2249 1411 ut
2277 1357 2486 1412 vicibus
2530 1356 2773 1412 humeris
2811 1373 2934 1412 eum
2965 1358 3245 1420 veherent,
3279 1369 3334 1414 et
3358 1375 3476 1415 om-

1887 1464 1985 1505 nes
2028 1450 2174 1505 acies
2210 1449 2674 1507 translustrarent.
2724 1450 2919 1505 Fertur
2960 1450 3106 1505 enim
3148 1451 3369 1520 quidam
3407 1466 3474 1507 eo

1887 1543 2029 1614 quod
2051 1544 2342 1615 aliquando
2390 1543 2567 1601 ferens
2599 1546 2705 1600 hoc
2731 1544 2943 1615 signum
2971 1552 3192 1613 repente
3230 1544 3476 1601 hostibus

1886 1639 2267 1697 invadentibus
2299 1641 2625 1711 expavisset,
2654 1639 3000 1708 dedissetque
3037 1638 3164 1693 illud
3203 1639 3357 1694 alteri
3385 1656 3480 1695 ve-

1885 1732 2144 1797 hendum,
2174 1748 2407 1804 cumque
2438 1746 2497 1787 se
2521 1733 2587 1788 de
2616 1730 2804 1802 praelia
2826 1730 3186 1786 subtraxisset
3215 1740 3269 1787 et
3295 1722 3476 1802 jacula

1884 1822 2227 1891 declinasset,
2259 1826 2439 1880 subito
2472 1840 2764 1895 percussus
2792 1823 3085 1878 interiisse.
3116 1823 3209 1878 Ille
3238 1839 3365 1879 vero
3385 1825 3478 1895 qui

1888 1929 2105 1969 sacrum
2148 1918 2386 1986 suscepit
2433 1925 2731 1985 tropaeum,
2782 1914 2966 1969 multis
3015 1928 3073 1970 se
3114 1914 3481 1983 iaculantibus

1887 2006 2188 2077 permansit
2222 2007 2441 2062 illmsus.
2471 2006 2791 2061 Mirabiliter
2835 2007 2982 2061 enim
3031 2005 3212 2060 divina
3260 2015 3482 2077 regente

1888 2097 2120 2163 virtute,
2149 2102 2361 2171 sagittae
2399 2101 2638 2156 hostium
2669 2099 2910 2170 figebant
2940 2099 2994 2152 in
3035 2100 3216 2170 signo,
3259 2108 3311 2153 et
3342 2114 3373 2153 a
3404 2100 3478 2155 si-

1887 2189 2100 2259 gnifero
2147 2192 2290 2246 inter
2339 2191 2579 2261 pericula
2625 2191 2874 2261 protinus
2920 2189 3224 2245 evolabant.
3272 2189 3483 2245 Dicitur

1826 2340 1833 2353 ,
1888 2293 2069 2339 autem
2098 2300 2275 2355 neque
2315 2285 2482 2340 alium
2520 2299 2760 2353 unquam
2792 2284 2954 2353 hujus
2991 2283 3130 2357 signi
3169 2283 3479 2338 ministrum

1890 2376 1971 2448 (ut
1999 2376 2158 2447 solet)
2206 2376 2260 2430 in
2301 2376 2443 2430 bello
2467 2374 2692 2430 vulnere
2721 2382 2994 2428 mortuum
3027 2382 3121 2427 aut
3145 2373 3353 2428 cladem
3385 2388 3478 2427 ca-

1886 2470 2151 2540 ptivitatis
2173 2483 2511 2539 perpessum.
2536 2467 2683 2522 Idem
2712 2466 2851 2521 libro
2880 2466 3115 2521 secundo
3135 2465 3314 2535 operis
3339 2464 3483 2533 ejus-

1889 2562 2010 2617 dem
2041 2579 2053 2615 :
2085 2561 2276 2615 Audivi
2306 2567 2359 2614 et
2382 2559 2710 2614 Probiauum
2743 2558 2923 2611 virum
2955 2557 3010 2611 in
3035 2557 3240 2628 palatio
3268 2557 3477 2612 haben-

1888 2661 1997 2709 tem
2030 2653 2277 2707 militiam
2308 2651 2674 2716 medicorum,
2700 2649 2905 2705 crudeli
2935 2649 3186 2721 podagrae
3229 2650 3484 2720 passione

1886 2745 2190 2813 detentum,
2219 2746 2292 2800 ibi
2319 2744 2598 2801 doloribus
2633 2743 2945 2810 liberatum,
2978 2743 3135 2813 eique
3161 2742 3481 2813 apparuisse

1887 2845 2131 2893 sanctam
2165 2835 2488 2891 mirabiliter
2514 2836 2800 2890 visionem.
2831 2833 2967 2890 Cum
2990 2834 3132 2889 enim
3165 2834 3364 2889 dudum
3395 2849 3484 2904 pa.

1887 2945 2061 3000 ganus
2097 2938 2262 2995 esset,
2298 2928 2473 2983 factus
2499 2935 2690 2997 postea
2732 2928 3110 2990 Christianus,
3142 2926 3481 2996 aliquatenus

1888 3022 2084 3092 dogma
2117 3021 2462 3088 sequebatur.
2490 3019 2680 3073 Totius
2725 3034 2854 3074 vero
2898 3018 3089 3073 salutis
3138 3032 3380 3081 causam,
3429 3017 3480 3069 i;l

1886 3121 1971 3170 est
1993 3154 2007 3179 ,
2054 3112 2480 3167 sacratissimam
2512 3125 2727 3166 crucem
2767 3110 3024 3165 nolebant
3057 3109 3302 3163 adorare.
3334 3107 3484 3163 Hanc

1888 3205 2111 3261 habenti
2142 3204 2469 3259 sententiam
2499 3203 2679 3258 divina
2726 3203 2898 3256 virtus
2928 3217 3226 3272 apparens,
3269 3201 3480 3272 signum

1834 3290 1854 3338 ἱ
1887 3296 2211 3352 monstravit
2242 3297 2420 3350 crucis
2463 3295 2606 3365 quod
2639 3301 2759 3350 erat
2798 3293 3033 3363 positum
3062 3292 3116 3349 in
3144 3291 3303 3346 altari
3339 3290 3483 3357 ejus-

1886 3391 2010 3445 dem
2056 3388 2343 3454 Ecclesiae,
2389 3395 2445 3441 et
2488 3395 2674 3457 aperte
2716 3385 2895 3456 palam
2924 3383 3075 3449 fecit,
3106 3384 3229 3454 quia
3270 3399 3337 3437 ex
3375 3397 3483 3452 quo

1885 3479 2136 3537 Christus
2161 3490 2244 3537 est
2270 3480 2583 3543 crucifixus,
2610 3478 2793 3533 omnia
2824 3492 2945 3547 qua:
2979 3476 3044 3532 ad
3072 3476 3359 3531 utilitatem
3382 3475 3484 3528 hu-

1884 3573 2030 3629 mani
2061 3573 2275 3640 generis
2307 3571 2446 3628 facta
2478 3579 2627 3635 sunt,
2662 3570 2905 3639 quolibet
2936 3569 3097 3624 modo
3127 3565 3347 3638 (praeter
3375 3565 3481 3619 vir-

1886 3672 2056 3720 tutem
2082 3663 2258 3719 crucis
2293 3660 2604 3729 adorandae)
2631 3667 2783 3729 gesta
2808 3673 2913 3712 non
2949 3664 3156 3720 essent,
3182 3668 3359 3724 neque
3395 3655 3466 3710 ab

1885 3754 2089 3824 angelis
2116 3753 2317 3808 sanctis
2335 3794 2349 3817 ,
2388 3766 2564 3819 neque
2594 3751 2661 3804 ab
2688 3747 3019 3803 hominibus.
3047 3744 3181 3799 Item
3206 3744 3260 3798 in
3281 3744 3475 3799 eodem

1885 3860 2048 3921 opere
2071 3844 2211 3898 libro
2236 3858 2396 3897 nono.
2422 3839 2620 3896 Eadem
2658 3839 2922 3909 siquidem
2962 3842 3282 3906 tempestate
3314 3834 3483 3905 pluri-

1884 3934 1960 3993 mi
1989 3934 2133 3989 inter
2157 3933 2440 4003 episcopos
2469 3929 2817 4001 effulgebant,
2842 3927 2983 3982 sicut
3010 3926 3249 3980 Donatus
3271 3923 3479 3994 Hiperi,

1886 4026 1952 4095 de
1980 4040 2089 4093 quo
2127 4024 2254 4079 dum
2297 4021 2663 4095 provinciales
2702 4017 2963 4074 miracula
2990 4017 3162 4072 multa
3191 4022 3478 4079 testentur,

1885 4094 2181 4172 maximum
2204 4094 2385 4171 tamen
2410 4123 2512 4183 est,
2542 4114 2684 4184 quod
2705 4112 2772 4167 de
2795 4111 3031 4167 dracone
3054 4109 3238 4182 gessit.
3263 4108 3314 4163 ls
3335 4108 3478 4163 enim

1884 4194 2030 4264 circa
2054 4190 2275 4280 pontem
2302 4207 2355 4262 in
2382 4207 2469 4261 via
2497 4206 2710 4277 publica
2733 4204 2922 4275 jacens
2944 4243 2959 4267 ,
2992 4202 3181 4263 cibum,
3204 4200 3474 4267 habebat,

1884 4316 2033 4366 oves,
2061 4314 2269 4369 capras,
2300 4313 2491 4368 equos,
2518 4297 2707 4362 boves,
2738 4295 2987 4350 homines
3021 4293 3288 4363 arripiens
3316 4291 3478 4345 devo-

1885 4393 2059 4447 rabat.
2088 4391 2169 4447 Ad
2196 4405 2357 4461 quam
2404 4390 2635 4446 bestiam
2685 4387 2926 4442 Donatus
2962 4386 3088 4461 sine
3135 4383 3333 4453 gladio,
3365 4383 3481 4439 sine

1886 4481 2129 4552 quolibet
2147 4478 2328 4552 jaculo
2347 4479 2573 4533 veniens
2591 4477 2718 4531 dum
2740 4475 2832 4531 illa
2856 4468 3092 4533 levasset
3116 4481 3297 4544 caput,
3321 4471 3478 4542 quasi

1884 4581 2141 4628 voratura
2169 4573 2368 4635 virum,
2390 4580 2505 4625 tum
2533 4569 2622 4625 ille
2645 4568 2902 4624 vexillum
2925 4568 3104 4623 crucis
3133 4574 3259 4620 ante
3283 4560 3479 4619 faciem

1889 4644 2027 4735 ejus,
2056 4664 2227 4734 digito
2256 4663 2548 4734 designans
2577 4662 2630 4716 in
2668 4676 2795 4716 aere
2823 4660 2877 4715 in
2903 4676 2965 4716 os
2994 4657 3110 4729 ejus
3140 4657 3347 4728 expuit.
3384 4656 3480 4711 Be-

1886 4758 1989 4811 stia
2032 4772 2163 4811 vero
2200 4764 2417 4826 sputum
2456 4755 2510 4809 in
2558 4769 2651 4809 ore
2704 4769 2803 4808 suo
2849 4753 3152 4822 suscipiens
3192 4740 3474 4819 expiravit.

1889 4844 2094 4903 Scribit
2121 4847 2285 4901 etiam
2315 4846 2508 4901 beatus
2525 4845 2859 4915 Augustinus
2881 4845 2933 4898 in
2962 4843 3100 4897 libro
3115 4840 3363 4897 Civitatis
3384 4839 3479 4895 Dei

1890 4955 2004 4994 χχιι
2035 4937 2186 5011 (Cap.
2220 4938 2276 5010 8)
2305 4957 2317 4992 :
2348 4936 2407 4992 ln
2457 4926 2787 5009 Carthagine
2836 4934 3147 4992 lnnocentia
3186 4932 3477 5004 religiosis-

1890 5030 2028 5084 sima
2054 5030 2120 5085 de
2144 5028 2418 5099 primariis
2447 5028 2618 5101 ipsius
2656 5026 2895 5083 civitatis
2922 5026 2975 5080 in
3003 5021 3297 5077 mammilla
3342 5037 3479 5076 can—

1891 5138 2045 5178 crum
2074 5123 2324 5189 habebat,
2350 5122 2645 5187 rem,sicut
2669 5120 2863 5175 medici
2888 5118 3094 5180 dicunt,
3121 5114 3280 5170 nullis
3312 5106 3482 5170 medi-

1893 5215 2155 5270 camentis
2181 5214 2500 5269 sanabilem.
2534 5212 2644 5268 Aut
2679 5226 2809 5283 ergo
2836 5208 3122 5280 praescindi
3164 5206 3334 5272 solet,
3366 5214 3421 5260 et
3449 5221 3480 5259 a

1893 5321 2123 5377 corpore
2167 5304 2408 5375 separari
2452 5284 2755 5358 membrum
2804 5298 2893 5353 ubi
2945 5297 3223 5362 nascitur;
3257 5305 3381 5362 aut,
3423 5304 3483 5349 ut

1893 5401 2168 5470 aliquanto
2210 5396 2376 5450 homo
2422 5395 2659 5466 quietius
2706 5390 2882 5457 vivat,
2916 5388 3171 5444 fomentis
3201 5399 3285 5444 est
3314 5388 3481 5459 pestis

1894 5490 2191 5564 mitiganda
2224 5486 2615 5569 frequentibus.
2649 5482 2783 5536 Nam
2806 5492 2866 5536 ut
2894 5482 3018 5536 inde
3048 5488 3278 5535 mortem
3310 5494 3483 5550 quan-

1894 5584 2145 5640 tumlibet
2197 5581 2405 5636 tardius
2452 5576 2759 5632 adfuturam
2793 5573 3153 5641 confidamus,
3184 5572 3479 5628 secundum

1896 5673 2240 5747 Hippocratis
2271 5672 2355 5746 (ut
2383 5668 2578 5741 fertur)
2611 5668 2957 5735 sententiam,
2983 5668 3162 5724 omnis
3196 5674 3281 5722 est
3323 5664 3482 5719 omit-

1896 5768 2057 5826 tenda
2082 5764 2311 5823 curatio.
2339 5765 2454 5821 Hoc
2479 5763 2569 5819 illa
2597 5779 2627 5818 a
2655 5764 2831 5835 perito
2855 5763 3066 5819 medico
3092 5768 3394 5832 acceperat,
3426 5768 3484 5814 et

1901 5876 2019 5915 suae
2064 5858 2246 5915 domui
2296 5854 2744 5923 familiarissima,
2795 5842 2851 5910 et
2899 5854 2969 5911 ad
3010 5854 3185 5910 solum
3222 5852 3392 5906 Deum
3420 5863 3483 5904 se
