3964 6514
444 444 550 519 "ssi
1504 449 1698 510 roum
1732 424 2281 517 AtmEIJANENSIS
2314 446 2614 507 EPISCOPI
2864 514 2871 519 _
3624 445 3731 501 am

455 556 1003 647 ganterinstare,sed
1032 567 1210 639 potius
1232 565 1533 620 communis
1557 549 1886 636 fragilitatis,
1910 565 2020 621 imo
2046 566 2097 627 Α
2122 563 2281 618 modo
2324 578 2446 618 eam
2490 572 2709 635 portare
2738 542 3017 633 'jactitasti
3058 584 3070 620 :
3119 566 3367 637 prospice
3409 578 3570 634 ergo
3610 563 3726 627 tibi,

456 665 712 720 fraternae
775 659 1058 717 eharitatis
1122 671 1329 713 memor
1354 696 1370 723 ,
1422 656 1581 711 nobis
1629 654 2025 725 quodammodo
2124 669 2318 710 moneo
2342 664 2414 721 te,
2436 664 2493 711 et
2516 656 2808 726 perpende,
2842 672 3002 725 quam
3027 658 3405 728 superciliose,
3437 670 3736 727 quamque

457 753 694 824 compati
734 752 1020 807 debueras.
1060 747 1130 803 At
1167 747 1215 801 si
1244 755 1296 801 te
1322 755 1477 816 putas
1514 747 1568 800 in
1594 746 1900 801 habitacqu
1929 746 2028 801 hu—
2125 754 2443 817 arroganter
2467 747 2680 802 caeteris
2701 747 3017 803 mortalibus
3050 757 3104 803 te
3132 749 3219 804 his
3244 749 3435 805 verbis
3467 746 3737 817 przetule-

457 848 549 918 jus
573 842 917 900 mortalitatis
944 839 1078 894 adeo
1109 838 1381 893 soliditate
1406 837 1666 891 virtutum
1694 837 2027 904 roboratam,
2126 838 2223 892 ris.
2269 836 2465 892 Videor
2495 838 2676 905 itaque
2700 838 2832 892 mihi
2857 838 3041 893 videre
3070 847 3125 893 te
3147 840 3216 893 ad
3240 848 3420 894 instar
3449 837 3737 893 Pharisai

464 951 527 996 ut
548 940 756 995 ruinam
782 937 1070 991 humanam
1093 932 1401 986 nullatenus
1429 931 1803 1001 pertimescas,
1831 930 2030 986 frustra

460 1030 744 1094 blandiris,
785 1042 890 1082 non
930 1024 1216 1079 attendens
1246 1022 1377 1077 illud
1412 1022 1818 1092 propheticum:
1857 1020 2029 1076 Hale-

455 1118 632 1176 dictus
661 1120 759 1182 vir,
800 1116 888 1185 qui
936 1113 1153 1184 conﬁdit
1198 1114 1254 1166 in
1299 1112 1537 1177 homine,
1572 1123 1619 1165 et
1651 1114 1797 1181 ponit
1823 1128 2033 1167 carnem

465 1210 736 1264 brachium
775 1220 927 1261 suum
946 1244 962 1269 ,
1005 1214 1053 1258 et
1083 1221 1114 1257 a
1140 1201 1365 1257 Domino
1403 1200 1593 1255 recedit
1622 1218 1713 1254 cor
1748 1201 1891 1255 illius
1922 1198 2035 1273 (Je-

463 1316 591 1356 rem.
616 1301 761 1368 xvi);
792 1304 848 1352 et
871 1296 1000 1350 illud
1028 1292 1273 1365 Apostoli
1307 1311 1319 1345 :
1354 1291 1458 1358 Qui
1491 1309 1545 1345 se
1580 1302 1726 1362 putat
1756 1303 1925 1358 stare,
1963 1293 2037 1346 vi—

464 1392 583 1447 deat
613 1407 675 1444 ne
717 1389 887 1444 cadat
920 1383 969 1459 (1
1002 1383 1125 1441 Cor.
1152 1384 1240 1456 x);
1285 1382 1352 1438 Et
1383 1382 1511 1437 illud
1542 1380 1605 1435 Β.
1640 1380 1954 1453 Hieronymi
1978 1383 2035 1437 in

462 1480 797 1552 expositione
823 1476 1125 1533 Ezechielis
1144 1475 1419 1546 prophetae
1445 1475 1517 1528 ita
1544 1473 1836 1528 scribentis
1860 1472 2033 1545 (Tom.

464 1572 540 1645 ιγ)
570 1592 582 1627 :
609 1572 834 1641 Semper
886 1569 1185 1623 timendum
1235 1576 1318 1621 est
1363 1573 1418 1620 et
1465 1566 1766 1620 cavendum
1820 1580 1891 1620 ne
1945 1580 2037 1621 ve-

462 1672 639 1719 terem
691 1662 916 1732 gloriam
965 1667 1021 1714 et
1054 1658 1279 1713 solidam
1320 1655 1630 1710 firmitatem
1676 1656 1837 1710 unius
1888 1655 2038 1712 horae

468 1752 701 1824 procella
749 1736 1165 1806 subvertathe
1211 1763 1316 1816 qua
1367 1761 1425 1800 re
1469 1746 1625 1815 plura
1672 1757 1727 1800 et
1758 1746 2034 1801 innumera

469 1851 717 1915 poterant
744 1840 1051 1896 testimonia
1085 1837 1363 1909 aggregari
1381 1876 1396 1902 ,
1432 1852 1552 1906 qua:
1578 1836 1647 1890 ob
1673 1836 2034 1906 prolixitatem

2129 927 2345 997 superbi
2396 934 2607 981 tumore
2649 927 2973 997 arrogantiae
3020 926 3263 983 inflatum
3287 969 3303 994 ,
3355 930 3412 983 in
3470 920 3736 982 Ecclesia

2130 1016 2329 1073 Christi
2373 1026 2603 1072 stantem
2627 1059 2642 1084 ,
2674 1018 3046 1089 despectisque
3083 1019 3205 1073 aliis
3238 1026 3579 1074 sanctorum
3610 1032 3743 1085 ope-

2132 1124 2251 1161 rum
2282 1108 2476 1162 merita
2524 1109 2618 1163 tibi
2656 1109 3000 1179 singulariter
3050 1110 3379 1165 tribuentem
3423 1124 3506 1163 ac
3555 1107 3741 1161 dicen-

2133 1208 2281 1253 tem:
2319 1199 2495 1265 Deus,
2545 1201 2746 1271 gratias
2799 1201 2893 1255 tibi
2928 1218 3052 1271 ago,
3099 1201 3224 1272 quia
3259 1217 3364 1254 non
3406 1216 3549 1254 sum
3604 1200 3739 1251 sicut

2134 1290 2309 1343 caeteri
2333 1290 2598 1344 hominum
2623 1288 2772 1360 (Luc.
2802 1289 2981 1363 xvm),
3005 1289 3231 1346 Galliam
3253 1289 3473 1345 scilicet
3500 1286 3742 1342 Germa-

2135 1382 2387 1452 niamque
2412 1381 2781 1447 incolentium,
2808 1397 3133 1452 crucemque
3161 1381 3388 1446 Christi,
3412 1394 3609 1450 quam
3642 1394 3741 1448 ego

2135 1483 2191 1528 et
2216 1472 2568 1544 spiritualiter
2591 1481 2647 1527 et
2671 1473 3029 1542 corporaliter
3047 1481 3266 1544 portare
3291 1471 3624 1527 nolentium
3651 1488 3665 1522 :
3690 1478 3742 1522 et

2135 1565 2204 1620 ob
2232 1565 2282 1620 id
2307 1567 2430 1635 jure
2456 1565 2560 1621 illis
2587 1564 2847 1633 przeferor
2889 1566 2980 1634 qui
3017 1566 3149 1620 mihi
3183 1565 3239 1619 in
3273 1563 3579 1635 portanda:
3620 1577 3742 1615 cru-

2135 1658 2215 1712 cis
2236 1658 2435 1711 virtute
2468 1664 2525 1711 et
2562 1655 2849 1710 sanctitate
2896 1654 3218 1725 aequiparari
3264 1668 3369 1707 non
3412 1657 3738 1705 merentur.

2141 1746 2186 1802 Ο
2210 1747 2507 1801 cavendum
2541 1746 3023 1814 detestantiumque
3049 1743 3337 1816 singularis
3362 1743 3619 1813 iustitia:
3640 1749 3742 1794 tua

2142 1845 2436 1891 tumorem.
2463 1835 2654 1906 Liquet
2679 1836 2822 1889 enim
2848 1835 3085 1905 nullique
3120 1834 3340 1889 dubium
3364 1841 3590 1895 exstat,
3613 1830 3742 1898 quin

470 1914 748 1990 vitandam
782 1930 1261 2003 pra:termittimus.
1337 1926 1631 1998 Subjungis
1676 1927 1843 1981 etiam
1882 1928 2042 1997 paulo
2072 1914 2117 1975 Β
2145 1926 2514 1998 hujuscemodi
2545 1924 2868 1996 arrogantia:
2914 1924 3101 1979 morbo
3132 1922 3412 1987 laborans,
3447 1938 3484 1975 a
3511 1919 3741 1989 propria

541 2036 629 2083 st:

469 2043 592 2168 pos:
612 2069 754 2172 lleus
769 2115 935 2185 jussit
955 2128 1171 2170 crucem
1196 2118 1413 2183 portare
1442 2108 1594 2182 (Luc.
1624 2109 1759 2183 xxv),
1790 2126 1895 2166 non
1916 2113 2045 2168 ado-

477 2227 499 2260 ‹
540 2222 694 2273 rare;
728 2206 816 2262 isti
846 2205 1032 2261 volunt
1061 2203 1310 2267 adorare,
1338 2200 1462 2269 quia
1491 2200 1682 2255 nolunt
1712 2217 1810 2257 nec
1829 2203 2045 2273 spirita-

479 2316 498 2350 ι
544 2298 667 2353 liter
689 2311 792 2353 nec
811 2294 1164 2367 corporaliter
1186 2306 1371 2348 secum
1392 2299 1628 2362 portare.
1663 2311 1681 2344 ι
1731 2292 1883 2360 Quod
1905 2293 2045 2350 Deus

472 2390 567 2445 Dei
594 2390 763 2445 Filius
792 2390 907 2444 suis
935 2387 1257 2457 sequacibus
1286 2398 1502 2439 crucem
1545 2392 1765 2454 portare
1797 2370 2057 2453 jusserit;

473 2500 573 2540 nec
622 2484 930 2554 quempiam
969 2482 1087 2536 sine
1126 2478 1269 2534 illius
1306 2477 1609 2548 gestamine
1639 2487 1696 2534 et
1718 2478 2046 2549 bajulatione

472 2590 572 2632 suo
593 2574 928 2645 discipulatui
957 2586 1119 2644 posse
1144 2571 1448 2633 adherere,
1482 2585 1649 2643 seque
1680 2572 1902 2640 dignum
1939 2571 2047 2626 exi-

474 2675 615 2719 stere
665 2666 946 2731 docuerit,
992 2673 1302 2721 sanctorum
1343 2666 1795 2736 evangelistarum
1837 2663 2049 2735 paginis

474 2758 782 2827 plenissime
805 2758 1145 2823 instruimur,
1171 2758 1601 2830 eximiorumque
1626 2758 1845 2813 Patrum
1869 2758 2049 2828 capio.

476 2848 705 2902 sissimis
765 2862 831 2901 ac
880 2846 1284 2902 facundissimis
1339 2849 1543 2903 utimur
1598 2846 2045 2919 expositionibus.

476 2936 816 3005 Quapropter
835 2936 1199 3006 prolixitatem
1224 2946 1495 3002 caventes,
1531 2939 1640 2993 imo
1669 2938 1916 2992 brevitati
1944 2947 2052 2991 stu-

474 3026 681 3093 dentes,
714 3027 1018 3098 evangelica
1053 3030 1357 3084 testimonia
1394 3038 1450 3084 et
1492 3038 1801 3086 sanctorum
1826 3029 2048 3085 Patrum

473 3118 615 3174 dicta
637 3119 939 3174 omittimus
980 3119 1071 3173 hic
1114 3119 1371 3175 inserere.
1430 3119 1508 3175 De
1541 3121 1839 3190 gestamine
1866 3120 2072 3176 tamen

474 3212 673 3275 crucis,
714 3212 985 3281 quomodo
1025 3228 1055 3266 a
1092 3213 1248 3268 nobis
1277 3222 1332 3268 et
1369 3214 1723 3285 corporaliter
1747 3224 1804 3270 et
1833 3216 2049 3285 spirita-

472 3302 599 3356 liter
624 3310 894 3368 teneatur,
919 3304 1052 3359 satis
1073 3305 1276 3359 dictum
1303 3307 1393 3363 sit.
1446 3306 1619 3361 Porro
1641 3308 1707 3362 de
1728 3308 2046 3363 adoratione

476 3390 595 3459 ejus
618 3406 725 3445 non
765 3392 855 3445 illa
884 3407 1005 3462 quae
1043 3394 1209 3448 solius
1252 3395 1550 3450 divinitatis
1578 3404 1684 3459 est,
1725 3396 1930 3451 sedan
1954 3413 2050 3467 po-

473 3484 583 3537 tius
610 3482 754 3536 unde
776 3483 910 3537 satis
938 3483 1257 3554 abundeque
1286 3486 1339 3539 in
1386 3487 1811 3555 praecedentibus
1847 3490 2051 3544 dictum

478 3580 580 3635 est,
605 3581 660 3626 et
690 3573 744 3626 in
768 3558 1218 3644 subsequentibus
1252 3584 1423 3632 restat
1453 3578 1738 3633 dicendum
1758 3618 1773 3643 ,
1807 3593 2052 3648 superse-

476 3662 710 3719 dendum
740 3664 988 3721 ducimus
1012 3667 1114 3723 hoc
1134 3668 1190 3722 in
1212 3668 1329 3724 loco
1347 3668 1554 3725 frivolae
1581 3672 1869 3742 objectioni
1895 3673 2052 3743 quid-

477 3757 620 3827 piam
666 3761 1017 3828 respondere.
1093 3761 1332 3816 Duorum
1379 3779 1511 3819 vero
1554 3779 1675 3833 qua:
1719 3763 2050 3833 conjunctim

478 3847 638 3918 paulo
664 3857 789 3917 post
816 3852 1109 3917 subnectis,
1144 3853 1219 3906 ita
1247 3853 1495 3923 inquiens
1529 3873 1541 3908 :
1582 3855 1673 3910 Isti
1703 3855 1892 3919 volunt
1918 3858 2051 3910 ado-

479 3951 631 4003 rare,
675 3940 801 4007 quia
839 3941 1029 4023 nolunt
1060 3957 1161 3997 nec
1198 3945 1533 4012 spiritaliter,
1571 3959 1669 4000 nec
1701 3945 2054 4015 corporaliter

474 4037 694 4101 portare
737 4047 921 4087 secum
945 4074 962 4099 ,
1010 4035 1066 4088 in
1096 4035 1266 4091 altero
1290 4053 1474 4092 verum
1505 4038 1650 4109 loqui
1687 4045 1741 4092 tu
1779 4040 2049 4108 probaris,

477 4120 534 4176 in
559 4122 730 4177 altero
757 4131 936 4177 autem
966 4125 1229 4181 mendacii
1255 4134 1312 4182 et
1341 4128 1589 4183 falsitatis
1629 4129 1893 4199 argueris.
1947 4126 2053 4182 Vo-

478 4210 659 4266 lumus
707 4212 971 4281 siquidem
1004 4229 1155 4271 more
1200 4217 1568 4273 ecclesiastico
1614 4219 1684 4274 ob
1719 4218 2053 4273 recordatio-

480 4317 604 4357 nem
629 4304 895 4372 passionis
932 4306 1225 4363 Dominicaa
1245 4308 1403 4378 juxta
1440 4309 1685 4379 superius
1708 4310 2050 4377 praemissum

481 4393 698 4448 modum
724 4408 937 4449 crucem
961 4397 1209 4463 adorare,
1242 4398 1296 4452 id
1325 4405 1427 4463 est,
1453 4398 1709 4453 salutare.
1741 4399 2052 4468 Apostolico

479 4498 609 4563 vero
650 4484 970 4542 documento
1014 4489 1231 4555 edocti,
1273 4490 1525 4561 stigmata
1562 4489 1689 4545 Jesu
1727 4491 1783 4546 in
1822 4506 2052 4563 corpore

2143 2021 2314 2076 salute
2341 2019 2573 2083 deﬁciat,
2603 2018 2728 2089 quia
2761 2019 2887 2072 dum
2912 2015 3130 2071 mentiri
3151 2029 3210 2070 se
3246 2015 3452 2078 nescit,
3499 2012 3743 2081 aliisque

2142 2111 2385 2183 praeferri
2415 2110 2603 2182 gestit,
2627 2125 2790 2180 poena
2815 2108 3066 2164 elationis
3079 2107 3398 2172 subvectus,
3437 2121 3514 2160 eo
3566 2118 3740 2173 usque

2143 2204 2198 2259 in
2226 2203 2334 2257 alta
2362 2217 2422 2258 se
2447 2201 2721 2271 subripit,
2762 2201 2933 2255 donec
2967 2200 3021 2253 in
3048 2198 3257 2252 foveam
3293 2195 3517 2251 miserae
3561 2194 3741 2249 humi-

2143 2293 2380 2349 liatiouis
2408 2301 2646 2355 corruat,
2688 2290 2918 2345 Domino
2945 2294 3243 2351 attestante
3272 2294 3437 2355 atque
3459 2285 3694 2339 dicente
3723 2297 3738 2335 :

2148 2384 2329 2439 Omnis
2375 2384 2465 2455 qui
2503 2400 2559 2438 se
2603 2381 2837 2447 exaltat,
2878 2379 3261 2435 humiliabitur.
3314 2376 3535 2432 Rursus
3579 2376 3737 2447 paulo

2144 2486 2266 2548 post
2288 2478 2468 2548 inquis
2489 2494 2502 2530 :

2226 2595 2244 2628 ι
2294 2577 2502 2632 Taliter
2522 2575 2692 2631 Deum
2712 2574 2912 2641 colere,
2943 2575 3013 2629 ab
3034 2572 3125 2628 illo
3146 2571 3399 2628 recedere
3429 2578 3545 2625 est.
3586 2588 3608 2620 ι
3640 2566 3735 2621 [lie

2146 2669 2311 2723 etiam
2338 2668 2631 2724 commenti
2662 2666 2739 2721 tui
2760 2666 3088 2737 prosecutio,
3125 2679 3285 2735 quem
3319 2663 3538 2719 cultum
3569 2661 3733 2724 dicat,

2149 2776 2257 2831 quo
2304 2761 2446 2815 Deus
2486 2760 2716 2825 colatur,
2763 2766 2819 2812 et
2860 2758 3050 2813 abillo
3078 2756 3386 2821 recedatur,
3432 2770 3549 2809 non
3606 2753 3733 2807 satis

2148 2851 2431 2921 perspicue
2467 2849 2652 2906 claret.
2714 2848 2820 2903 Sed
2867 2863 2934 2902 ex
2981 2845 3410 2917 praecedentibus
3453 2854 3512 2899 et
3554 2844 3736 2899 subse-

2148 2944 2440 3012 quentibus
2474 2942 2654 3013 operis
2679 2941 2756 2995 tui
2782 2939 3147 2995 stolidissimis
3176 2935 3580 2992 assertionibus
3609 2951 3733 2990 cou-

2144 3035 2239 3106 jici
2280 3035 2457 3100 datur,
2503 3033 2645 3105 quod
2676 3032 2921 3088 eumdem
2967 3030 3170 3085 cultum
3202 3030 3255 3083 in
3295 3029 3477 3084 crucis
3502 3042 3733 3082 venera-

2151 3129 2298 3182 tione
2339 3134 2397 3182 et
2436 3126 2749 3181 adoratione
2803 3122 3128 3193 subintelligi
3173 3122 3430 3186 volueris,
3459 3131 3520 3176 et
3542 3135 3646 3192 pro
3670 3135 3728 3174 eo

2153 3221 2296 3291 quod
2336 3233 2439 3275 nos
2469 3233 2683 3274 crucem
2728 3216 2931 3272 Christi
2977 3230 3318 3279 veneramur,
3348 3221 3405 3269 et
3430 3211 3593 3281 juxta
3624 3227 3731 3265 mo-

2154 3312 2279 3365 dum
2315 3309 2563 3377 superius
2597 3308 3047 3378 comprehensum
3082 3306 3399 3370 adoramus,
3428 3306 3485 3359 id
3512 3314 3622 3368 est,
3653 3319 3727 3356 sa-

2151 3399 2409 3461 lutamus,
2459 3413 2489 3450 a
2535 3396 2644 3450 Deo
2697 3398 3034 3461 recedamus,
3078 3411 3111 3450 o
3148 3396 3326 3464 lingua
3362 3410 3469 3449 non
3500 3394 3724 3463 loquens

2149 3490 2455 3551 veritatem,
2484 3488 2576 3541 sed
2603 3488 2935 3541 concinnans
2969 3486 3306 3541 mendacium
3325 3526 3339 3549 ,
3369 3501 3402 3537 ο
3428 3493 3620 3555 guttur
3646 3496 3723 3535 se-

2151 3576 2396 3648 pulcrum
2422 3585 2637 3647 patens,
2673 3591 2707 3631 ο
2733 3576 2973 3648 linguam
2999 3575 3180 3631 dolose
3203 3583 3451 3644 agentem
3468 3616 3482 3639 ,
3529 3589 3565 3630 o
3590 3572 3721 3627 labia

2150 3684 2416 3724 venenum
2444 3670 2685 3739 aSpidum
2712 3668 3025 3723 distillantia
3053 3665 3224 3740 (Psal.
3254 3666 3361 3737 ut),
3400 3681 3434 3721 ο
3463 3666 3714 3736 linguam,

2150 3760 2394 3828 inquam,
2426 3757 2582 3827 juxta
2614 3759 2996 3813 documentum
3034 3756 3177 3813 beati
3195 3756 3507 3827 Hieronymi
3540 3754 3721 3827 prisci-

2152 3853 2404 3917 dendam,
2436 3862 2492 3907 et
2509 3852 2871 3922 particulatim
2898 3851 3028 3907 feris
3053 3852 3349 3921 avibusque
3372 3851 3440 3904 ad
3465 3851 3717 3904 devoran-

2152 3945 2277 3998 dum
2302 3945 2701 4014 exponendam!
2729 3943 2862 4010 Quis
2887 3942 3275 3998 catholicorum
3303 3925 3582 3995 auctorem
3605 3938 3720 3993 talia

2153 4036 2460 4107 loquentem
2510 4023 2985 4092 non‘exhorreat?
3037 4035 3168 4103 Quis
3214 4036 3402 4090 talium
3454 4036 3713 4089 dictorum

2152 4136 2413 4198 perpetuo
2438 4127 2780 4182 anathemate
2804 4128 3023 4199 dignum
3046 4124 3400 4194 nonjudicet?
3424 4126 3539 4181 Non
3564 4127 3713 4197 igitur

2152 4234 2251 4275 nos
2283 4233 2499 4273 crucem
2527 4217 2728 4274 Christi
2767 4228 3085 4274 venerantes
3114 4227 3170 4274 et
3194 4220 3502 4285 adorantes,
3532 4229 3596 4274 ut
3624 4218 3714 4273 fal-

2151 4308 2339 4365 laciter
2385 4306 2607 4373 astruis,
2650 4324 2679 4363 a
2712 4309 2821 4364 Deo
2857 4310 3184 4376 recedimus,
3215 4312 3308 4364 sed
3332 4317 3386 4364 tu
3414 4311 3615 4379 potius,
3643 4315 3713 4362 ut-

2152 4409 2275 4472 pote
2304 4401 2638 4471 arreptitius.
2674 4402 2978 4473 mentisque
3010 4402 3182 4471 inops,
3225 4402 3313 4470 qui
3350 4401 3405 4455 in
3433 4402 3714 4456 dehonora-

2152 4492 2354 4547 tionem
2382 4488 2623 4559 ejusdem
2647 4491 2824 4546 crucis
2842 4532 2859 4557 ,
2888 4498 2967 4545 tot
2996 4499 3252 4560 tantaque
3283 4490 3463 4559 inepta
3508 4488 3713 4559 scripti-

483 4583 671 4629 nostro
701 4576 1140 4634 circumferentes
1161 4578 1311 4669 ίϐαι.
1339 4579 1438 4652 vi),
1467 4595 1682 4637 crucem
1711 4581 1829 4651 ejus
1851 4590 1907 4636 et
1935 4583 2048 4652 spi-
2073 4601 2130 4665 Β
2152 4582 2303 4647 tasti,
2337 4581 2590 4638 recedere
2618 4581 2977 4636 convinceris.
3027 4580 3197 4635 Porro
3222 4580 3537 4635 testimonio
3566 4594 3715 4635 evan-

477 4666 710 4722 ritaliter
739 4677 793 4722 et
813 4666 1183 4739 corporaliter,
1205 4681 1366 4743 prout
1395 4675 1509 4745 ipse
1546 4675 1635 4745 qui
1658 4675 1818 4745 jubet
1842 4691 2049 4731 annue-
2153 4671 2322 4741 gelico
2350 4672 2493 4741 quod
2524 4670 2775 4741 posuisti,
2802 4671 2874 4725 ita
2902 4670 3245 4726 subinferens
3269 4689 3281 4724 :

475 4756 544 4809 rit
581 4757 861 4813 nobiscum
898 4767 1132 4830 portare,
1156 4770 1211 4816 et
1235 4764 1663 4820 desiderabiliter
1691 4774 1962 4835 optamus,
1993 4775 2051 4821 et

475 4847 786 4916 optabiliter
813 4849 1203 4907 desideramus.
1242 4852 1393 4919 Quod
1417 4863 1595 4908 autem
1629 4855 1838 4910 duobus
1871 4856 2045 4911 modis

476 4952 605 4991 crux
638 4938 837 4994 Christi
868 4943 1133 5010 portanda
1166 4943 1264 5008 sit,
1311 4959 1412 4999 nec
1450 4954 1632 4999 nostra
1663 4945 1867 5016 indiget
1886 4961 2047 5016 expo-

475 5029 692 5095 sitione,
726 5048 825 5087 nec
854 5042 944 5088 tua
974 5033 1083 5089 ullo
1105 5036 1265 5091 modo
1286 5050 1421 5106 opus
1446 5036 1668 5092 habebit
1692 5046 2040 5106 portentuosa

472 5122 796 5177 ostensione.
855 5124 1051 5180 Beatus
1092 5127 1289 5196 quippe
1338 5126 1651 5198 Gregorius,
1695 5130 1886 5184 doctor
1927 5130 2044 5184 exi-

475 5211 636 5274 mius,
661 5213 890 5279 qualiter
917 5225 974 5269 et
995 5217 1352 5285 corporaliter
1374 5226 1429 5271 et
1451 5217 1806 5286 spiritualiter
1822 5228 2046 5290 portan-

473 5304 540 5357 da
568 5303 657 5369 sit,
680 5302 987 5373 plenissime
1016 5308 1070 5362 in
1100 5310 1526 5378 expositionibus
1544 5313 1861 5382 exsequitur
1883 5329 2047 5369 evan-

476 5393 682 5466 gelicis.
724 5394 854 5448 lllud
877 5404 1054 5452 autem
1084 5399 1336 5455 subtilius
1361 5401 1751 5457 discutiendum
1775 5411 1877 5469 est,
1900 5404 2043 5473 quod

473 5483 719 5539 turbidus
748 5484 858 5539 oris
890 5486 961 5539 tui
993 5484 1279 5568 fonticulus
1312 5490 1498 5546 ebullit
1523 5509 1537 5546 :
1567 5507 1667 5547 nos
1688 5491 1894 5547 scilicet
1924 5508 2046 5547 cru-

472 5588 590 5629 cem
615 5573 816 5629 Christi
845 5590 947 5629 nec
985 5578 1318 5646 spiritaliter,
1363 5595 1463 5636 nec
1503 5581 1872 5651 corporaliter,
1911 5582 2049 5636 velle

470 5676 708 5737 portare.
748 5666 807 5721 ln
854 5682 919 5721 eo
963 5669 1126 5740 igitur
1159 5673 1300 5740 quod
1352 5688 1451 5729 nos
1490 5673 1818 5743 generaliter
1857 5682 2046 5727 neutro

472 5759 640 5815 modo
671 5760 816 5814 illam
842 5769 1061 5831 portare
1081 5762 1217 5820 velle
1243 5767 1527 5838 scripsisti,
1562 5774 1615 5821 te
1641 5766 1827 5835 utique
1859 5765 2044 5837 singu-

470 5849 678 5917 lariter,
700 5851 808 5909 imo
822 5854 1098 5927 jactanter
1113 5874 1228 5931 prae
1246 5860 1456 5916 cunctis
1477 5858 1792 5915 mortalibus
1813 5867 2045 5928 utroque

2229 4781 2248 4814 ι
2287 4763 2383 4818 Ille
2426 4764 2571 4818 enim
2601 4763 2775 4818 dixit:
2811 4763 2915 4829 Qui
2949 4763 3058 4817 vult
3091 4774 3208 4835 post
3239 4780 3321 4818 me
3343 4764 3538 4829 venire,
3571 4764 3715 4818 abne-

2158 4874 2177 4907 ι
2224 4865 2304 4926 get
2333 4856 2583 4925 seipsum,
2630 4864 2679 4909 et
2730 4854 2879 4909 tollat
2914 4872 3119 4909 crucem
3149 4872 3331 4919 suam,
3383 4866 3432 4909 et
3478 4864 3711 4923 sequatur

2158 4964 2178 4996 ι
2224 4962 2304 4999 me
2332 4945 2546 5017 (Matth.
2570 4944 2704 5017 xw).
2735 4965 2754 4997 ι
2799 4943 3013 5001 Videris
3043 4946 3320 5018 astipulari
3341 4945 3596 5007 voluisse,
3626 4957 3710 5000 nos

2151 5037 2273 5092 ideo
2292 5045 2415 5107 post
2442 5036 2727 5092 Dominum
2757 5050 2863 5091 non
2889 5035 3097 5101 venire,
3123 5036 3484 5105 nosmetipsos
3503 5053 3610 5091 non
3636 5051 3693 5091 ne

2151 5140 2301 5196 gare,
2349 5140 2673 5195 crucemque
2715 5124 2833 5195 ejus
2864 5139 2971 5179 non
3016 5132 3263 5193 portare,
3307 5138 3541 5194 eumque
3584 5123 3708 5180 nolle

2151 5217 2302 5286 sequi
2325 5257 2338 5276 .
2394 5217 2519 5286 quia
2551 5215 2800 5271 videlicet
2834 5214 2951 5285 ejus
2979 5229 3195 5269 crucem
3215 5255 3230 5281 ,
3254 5229 3354 5269 nec
3382 5216 3704 5285 spiritaliter,

2152 5322 2253 5363 nec
2284 5308 2639 5378 corporaliter
2676 5307 2956 5363 nobiscum
2998 5305 3246 5361 volumus
3280 5313 3518 5377 portare.
3558 5306 3703 5374 Quid.

2154 5400 2404 5468 inquam,
2449 5406 2534 5453 est
2563 5398 2707 5453 aliud
2745 5411 2844 5452 nos
2872 5411 3088 5451 crucem
3118 5394 3316 5450 Christi
3342 5410 3444 5450 nec
3474 5396 3690 5467 spiritus

2153 5489 2279 5544 liter
2306 5505 2405 5544 nec
2446 5488 2803 5557 corporaliter
2827 5486 3105 5542 nobiscum
3140 5492 3378 5555 portare,
3411 5485 3513 5539 nisi
3540 5493 3706 5555 aperte.

2152 5580 2331 5635 dicere
2359 5594 2456 5634 nos
2482 5587 2605 5649 post
2638 5592 2761 5632 eum
2789 5576 2975 5631 venire
2992 5616 3006 5639 ,
3038 5578 3396 5645 nosmetipsos
3432 5575 3702 5644 abnegare,

2148 5670 2271 5741 ejus
2313 5684 2527 5723 crucem
2577 5676 2826 5739 portare,
2868 5680 3099 5735 eumque
3139 5666 3290 5735 sequi
3331 5663 3703 5722 contemnere?

2148 5762 2295 5819 Luce
2317 5762 2514 5816 clarius
2540 5761 2704 5832 igitur
2729 5768 2881 5832 patet
2909 5759 3034 5830 quia
3062 5774 3220 5814 nemo
3250 5760 3354 5815 nisi
3391 5767 3634 5831 gestator
3657 5766 3703 5813 et

2146 5858 2417 5929 bajulator
2440 5858 2619 5913 crucis
2644 5856 2869 5922 Christi,
2891 5854 3010 5925 ejus
3032 5869 3256 5924 sequax,
3286 5855 3396 5911 imo
3421 5856 3699 5927 discipulus

3888 6010 3889 6077 \

3888 6090 3889 6137 \

3887 6334 3889 6375 1
