3964 6446
206 348 328 405 555

1282 357 1369 410 DE
1407 357 1639 413 CULTU
1678 357 2044 416 IMAGINUM.
2080 391 2152 402 ——
2187 362 2317 419 LIB.
2355 365 2419 421 Il.

3367 381 3478 438 554

200 474 338 516 esse
363 471 618 517 meretur.
661 463 796 530 Quia
827 465 970 519 enim
1014 481 1044 518 a
1076 467 1232 521 nobis
1261 467 1394 522 nihil
1418 468 1572 523 bonae
1605 469 1796 523 volun—
1821 476 1874 535 Α
1898 472 2180 540 praedicas,
2211 467 2527 532 adoratione
2559 478 2737 534 adhuc
2775 481 3026 538 subtilius
3058 483 3206 557 loqui
3233 505 3247 542 :
3274 500 3478 547 norunt

201 554 346 608 tatis
372 554 527 609 nobis
553 555 752 620 inesse,
785 557 1026 626 nihilque
1064 559 1258 612 virium
1295 575 1396 615 nos
1425 561 1622 616 habere
1640 577 1796 631 posse

197 646 417 700 scimus
440 687 456 711 ,
503 648 761 716 quoniam
792 665 895 703 non
927 649 1148 704 volentis
1189 668 1352 722 neque
1389 654 1670 719 currentis,
1703 653 1795 708 sed

194 739 505 794 miserentis
541 750 615 794 est
667 740 760 794 Dei
809 740 980 812 (Rom.
1015 743 1116 816 ix),
1147 745 1242 799 sed
1279 746 1348 800 ab
1388 746 1478 801 illo
1499 748 1678 817 potius
1707 748 1795 802 cui

195 829 368 884 inniti
392 872 407 897 ,
454 832 652 903 cuique
678 834 956 891 adhaerere
983 836 1184 892 bonum
1217 848 1300 894 est
1327 839 1500 911 (Psal.
1535 843 1730 913 Lxxu),
1761 859 1793 898 a

192 935 318 989 quo
344 923 512 977 etiam
540 932 596 979 et
620 925 756 981 velle
797 937 1044 983 nostrum
1084 938 1139 984 et
1160 945 1319 1000 posse
1357 934 1571 1000 existit;
1610 936 1676 988 ab
1704 950 1790 1002 eo,

190 1012 451 1083 inquam,
478 1017 632 1072 nobis
662 1020 797 1073 tanti
827 1021 1039 1076 roboris
1077 1023 1222 1080 vires
1266 1026 1635 1084 administrari
1683 1045 1790 1084 non

184 1103 517 1171 diffidimus,
547 1109 744 1178 quibus
766 1113 1054 1168 exhilarati
1083 1123 1138 1170 et
1171 1117 1484 1186 confortati,
1517 1133 1641 1192 post
1686 1123 1791 1178 Do-

182 1199 410 1255 minum
457 1203 644 1258 venire
665 1245 678 1267 ,
719 1207 1080 1277 nosmetipsos
1108 1210 1377 1282 abnegare
1399 1255 1414 1280 ,
1461 1231 1790 1287 crucemque

179 1289 321 1360 ejus
358 1291 562 1356 tollere,
597 1311 722 1349 eum
760 1299 913 1366 sequi
942 1299 1248 1367 valeamus,
1277 1314 1544 1374 quatenus
1574 1309 1666 1364 illo
1697 1311 1784 1366 di-

178 1385 288 1455 gni
322 1401 443 1440 esse
465 1403 790 1444 mereamur.
828 1391 908 1445 Tn
929 1407 1060 1448 vero
1081 1395 1428 1455 stolidissime
1452 1403 1782 1470 mortalium,

177 1480 513 1537 nullatenus
559 1493 611 1538 te
660 1486 938 1542 Christum
991 1492 1143 1560 sequi
1188 1494 1500 1561 existimes,
1547 1497 1785 1565 quandiu

177 1581 352 1628 tanto
368 1575 546 1630 inanis
566 1575 844 1645 jactantiaa
868 1584 1056 1638 morbo
1079 1587 1312 1642 vexaris.
1338 1587 1419 1642 Ad
1446 1589 1620 1644 instar
1640 1592 1785 1645 enim

177 1663 367 1729 illius,
401 1669 490 1722 cui
527 1668 732 1725 dictum
757 1685 839 1728 est
878 1693 891 1727 :
934 1673 1189 1748 Nunquid
1211 1689 1267 1733 tu
1289 1683 1575 1751 sapientior
1597 1701 1649 1738 es
1673 1684 1786 1740 Da-

176 1756 573 1830 niele(Ezec/i.
607 1766 837 1837 xxvm)?
879 1768 1014 1823 adeo
1064 1771 1330 1840 superbia:
1368 1774 1509 1830 fastu
1551 1778 1780 1846 raperis,

1900 563 2099 635 quippe
2141 567 2300 623 unius
2339 569 2565 640 virginis
2589 573 2606 636 ,’
2659 572 2910 630 videlicet
2949 586 3152 632 sanctas
3197 579 3473 649 Ecclesiae,

1898 654 1992 709 ﬁlii
2024 671 2238 728 semper
2274 661 2539 732 virginem
2584 673 2858 722 auctorem
2903 669 3027 725 vita:
3067 674 3389 744 suscepisse,
3423 684 3480 730 et

1899 747 2020 802 sine
2058 751 2238 806 crucis
2293 755 2652 822 ascensione,
2706 759 2946 830 ejusdem
2993 762 3219 831 virginis
3259 775 3475 833 partum

1895 841 1999 896 sibi
2036 859 2144 898 non
2175 844 2339 902 fuisse
2374 847 2738 917 profuturum.
2781 851 3142 908 Meminerunt
3179 856 3342 911 etiam
3374 873 3474 912 an-

1898 933 2060 1003 tiqua:
2077 935 2303 1004 virginis
2329 939 2600 1005 suasione,
2635 942 2685 995 in
2713 943 2961 997 exsilium
2983 985 2998 1010 ,
3029 961 3060 998 a
3091 961 3198 1014 quo
3227 961 3322 1016 per
3352 963 3477 1002 cru-

1897 1039 2015 1081 cem
2067 1029 2330 1099 redempti
2375 1040 2524 1097 sunt,
2570 1048 2629 1087 se
2676 1033 2979 1101 devenisse,
3018 1037 3245 1106 ideoque
3277 1038 3474 1108 virgini

1895 1118 2148 1188 cuiquam
2180 1119 2550 1176 adorationem
2573 1138 2679 1178 non
2709 1127 3028 1193 rependunt,
3056 1129 3182 1197 quia
3208 1130 3274 1184 ab
3303 1130 3475 1186 altera

1893 1224 2082 1264 earum
2114 1221 2344 1266 mortem
2365 1253 2380 1278 ,
2425 1223 2480 1269 et
2527 1215 2698 1270 altera
2746 1232 2876 1272 vero
2906 1227 3192 1289 gustavere
3220 1221 3470 1278 salutem.

1891 1301 1962 1356 At
1985 1317 2114 1357 vero
2135 1304 2460 1360 detrimenta
2486 1323 2606 1377 quae
2623 1308 2850 1378 virginis
2873 1312 3062 1381 primae
3097 1327 3316 1369 sensere
3345 1330 3472 1370 sua-

1891 1397 2062 1462 sione,
2093 1400 2273 1454 sciunt
2301 1410 2356 1455 et
2383 1401 2614 1457 credunt
2641 1419 2740 1474 per
2767 1420 2982 1460 crucem
3012 1421 3070 1460 se
3099 1423 3471 1478 recuparasse,

1892 1489 2279 1562 inimicumque
2317 1493 2409 1563 qui
2434 1504 2606 1550 semet
2634 1495 2687 1548 in
2715 1495 2864 1550 dum
2894 1497 3228 1566 captivitatis
3257 1499 3474 1554 vincula

1890 1583 2222 1662 conjecerat,
2246 1583 2362 1652 ejus
2390 1586 2593 1640 virtute
2621 1587 2952 1655 perculsum,
2976 1603 3077 1642 nec
3098 1604 3203 1643 non
3234 1589 3474 1645 cmlestis

1889 1674 1991 1729 sibi
2024 1675 2214 1746 patriae
2257 1677 2461 1730 aditum
2508 1677 2860 1746 patefactum.
2917 1677 3127 1734 Norunt
3163 1680 3326 1734 etiam
3367 1681 3474 1736 ﬁde

1887 1768 2084 1820 armati
2107 1767 2211 1822 hoc
2255 1767 2452 1842 vexillo
2491 1769 2669 1823 crucis
2703 1769 2884 1824 omnia
2915 1770 3233 1839 nequissimi
3263 1771 3472 1826 inimici

173 1860 244 1907 ut
289 1864 348 1910 te
382 1857 556 1911 solum
583 1858 855 1916 Christum
898 1866 1048 1933 sequi
1083 1867 1362 1937 glorieris,
1397 1878 1453 1925 et
1477 1879 1670 1926 contra
1703 1873 1782 1927 di-
1811 1860 1859 1919 B
1885 1861 2202 1931 lN'OPlllsal'e
2235 1861 2338 1915 ιϐιδ
2361 1902 2376 1927 ν
2423 1870 2479 1916 θῑ
2516 1862 2720 1917 ideirco
2751 1870 2960 1916 tantum
2987 1879 3050 1918 3"
3082 1863 3186 1917 ι³¹θ
3215 1865 3357 1936 regis
3385 1863 3472 1918 δυί

173 1945 484 2014 sciplinam
527 1948 993 2020 Christianorum,
1043 1959 1427 2016 ecclesiasticae
1467 1964 1781 2018 auctoritati

171 2034 538 2104 impudenter
588 2045 864 2100 contraire
909 2048 1121 2105 nitaris.
1193 2051 1333 2106 Audi
1384 2067 1513 2122 ergo
1562 2055 1781 2109 beatum

169 2127 576 2198 Augustinum,
604 2133 658 2186 in
690 2134 829 2191 libro
861 2139 926 2220 de
951 2138 1214 2198 Sermone
1251 2145 1461 2199 Domini
1493 2147 1546 2200 iu
1574 2155 1779 2214 monte,

169 2220 255 2274 ita
293 2222 627 2279 scribentem
659 2226 810 2298 (Cap.
836 2230 889 2301 9)
917 2247 931 2285 :
961 2233 1075 2288 Non
1107 2238 1248 2290 enim
1289 2237 1564 2293 Christum
1594 2244 1779 2311 sequi-

171 2317 296 2375 tur,
335 2313 427 2380 qui
460 2329 566 2369 non
604 2321 899 2374 secundum
933 2340 1118 2380 veram
1169 2327 1330 2384 ﬁdem
1367 2339 1422 2385 et
1452 2333 1779 2389 catholicam

171 2401 538 2472 disciplinam
574 2405 918 2468 Christianus
968 2425 1211 2472 vocatur.
1290 2421 1606 2493 Quanquam
1649 2441 1778 2497 ergo

165 2505 375 2564 aperte
423 2511 610 2553 veram
657 2504 1091 2579 catholicamque
1124 2510 1285 2566 fidem
1321 2513 1638 2586 impugnare
1670 2534 1777 2573 non

163 2591 446 2656 videaris,
475 2595 527 2648 in
551 2612 615 2651 eo
643 2605 825 2655 tamen
853 2605 996 2671 quod
1026 2615 1216 2660 contra
1257 2607 1597 2676 disciplinam
1618 2608 1777 2666 Chri-

162 2685 486 2742 stianorum
529 2690 898 2749 ecclesiastica
946 2705 1149 2751 statuta
1191 2699 1498 2754 convellere
1540 2701 1770 2766 moliris,

162 2778 462 2835 Christum
492 2785 644 2853 sequi
671 2795 1024 2845 contemnere
1063 2794 1455 2861 comprobaris.
1509 2793 1638 2849 H1130
1670 2795 1775 2850 ita-

163 2883 280 2938 que
315 2886 440 2941 quae
473 2875 633 2942 paulo
667 2886 788 2946 post
819 2880 1156 2937 subnexuisti
1185 2892 1240 2938 et
1279 2901 1387 2939 non
1417 2887 1549 2941 satis
1577 2903 1774 2944 conve-

164 2960 399 3015 nienter
419 2966 850 3033 praecedentibus
886 2974 1103 3040 aptasti,
1133 2983 1188 3028 et
1217 2975 1378 3031 solito
1409 2992 1592 3043 more,
1625 2993 1773 3033 com-

164 3052 435 3121 pilatoris
457 3071 588 3112 usus
605 3058 802 3128 ofﬁcio,
831 3071 888 3117 ut
923 3073 1015 3118 tua
1042 3068 1292 3136 posuisti,
1325 3086 1444 3140 qua:
1483 3071 1558 3125 ita
1589 3086 1648 3126 se
1672 3071 1772 3125 ha-

168 3145 352 3200 bent:

257 3255 277 3287 ι
323 3236 461 3305 Quia
489 3240 765 3310 videlicet,
792 3247 897 3302 nisi
919 3250 1040 3318 quis
1068 3267 1097 3304 a
1125 3253 1417 3322 semetipso
1447 3253 1663 3309 deficiat
1696 3258 1766 3313 ad

169 3349 188 3380 ι
241 3345 373 3384 eum
400 3333 493 3401 qui
539 3350 701 3404 super
740 3337 916 3408 ipsum
961 3351 1045 3396 est
1085 3360 1190 3398 non
1218 3347 1634 3417 appropinquat,
1666 3363 1767 3404 nec

168 3441 187 3472 ‹
247 3423 394 3476 valet
416 3427 824 3494 apprehendere
853 3434 995 3500 quod
1037 3435 1178 3488 ultra
1211 3437 1385 3507 ipsum
1425 3447 1542 3505 est,
1593 3440 1638 3494 si
1673 3455 1767 3495 ne-

171 3529 187 3559 ι
245 3511 437 3565 scierit
479 3523 720 3571 mactare
768 3521 912 3588 quod
957 3531 1058 3577 est.
1090 3544 1110 3576 ι
1165 3525 1300 3592 Quia
1346 3528 1485 3598 stylo
1517 3536 1572 3584 et
1601 3545 1765 3585 sensu

166 3603 326 3670 nullo
370 3606 532 3660 modo
576 3608 673 3663 tibi
723 3624 1068 3683 congruunt,
1119 3620 1376 3688 quoniam
1427 3620 1485 3674 Β.
1515 3621 1763 3692 Gregorii

165 3693 396 3781 propria
421 3706 739 3766 noscuntur,
769 3705 993 3760 omnino
1014 3710 1402 3777 approbamus,
1438 3712 1765 3784 laudumque

163 3774 464 3852 prieconiis
500 3789 568 3842 ad
621 3791 730 3845 alta
777 3795 1130 3852 sustollimus.
1206 3799 1335 3856 Post
1391 3801 1765 3859 adorationem

165 3875 376 3945 quippe
418 3879 557 3933 asini
607 3897 768 3951 quem
817 3887 968 3940 cruci
1011 3889 1302 3946 adoranda:
1340 3901 1396 3947 et
1438 3897 1766 3952 veneranda“:

164 3966 453 4022 malesana
491 3979 670 4027 mente
707 3977 1022 4044 cetequasti,
1053 3979 1253 4049 prima,
1295 3991 1354 4037 ut
1391 3984 1487 4038 tibi
1524 3985 1763 4052 videtur,

165 4057 508 4128 syllogistica
537 4071 625 4116 tua
648 4065 924 4122 conclusio
949 4069 1023 4123 ita
1053 4086 1112 4125 se
1143 4072 1308 4127 habet
1334 4093 1347 4127 :

250 4169 271 4201 ι
320 4150 380 4206 Si
407 4153 666 4211 adoratur
685 4154 840 4225 crux,
867 4162 1163 4218 adorentur
1182 4166 1378 4235 puella:
1407 4169 1646 4240 virgines
1687 4174 1765 4243 (et

172 4262 191 4295 ι
243 4243 391 4298 illico
411 4247 688 4303 reddidisti
715 4253 979 4324 causam),
1004 4269 1070 4309 eo
1089 4258 1234 4326 quod
1260 4259 1470 4313 scilicet
1493 4261 1646 4334 virgo
1665 4277 1760 4332 pe-

172 4353 190 4385 ι
233 4337 444 4406 pererit
469 4336 760 4394 Christum.
787 4361 805 4394 ι
835 4343 996 4409 Quid,
1024 4361 1153 4416 rogo
1184 4357 1256 4414 te,
1291 4350 1391 4404 hac
1414 4351 1763 4408 conclusione

165 4431 483 4495 absurdius,
514 4434 710 4501 quidve
739 4435 976 4506 ineptius
1005 4454 1126 4494 esse
1147 4444 1360 4511 potest?
1395 4444 1451 4500 Si
1482 4447 1760 4516 adoratur,

166 4521 393 4591 inquis,
437 4538 569 4577 crux
599 4567 613 4590 ,
668 4528 964 4583 adorentur
1011 4541 1066 4585 et
1111 4534 1302 4602 puellae
1333 4537 1602 4608 virgines,
1637 4542 1762 4608 quia

165 4617 327 4686 virgo
354 4619 562 4686 peperit
591 4618 891 4675 Christum.
948 4623 1092 4678 Crux
1133 4627 1315 4698 itaque
1339 4629 1496 4698 juxta
1522 4634 1765 4702 praemis-

168 4724 294 4762 sum
335 4712 552 4765 modum
599 4714 875 4770 adorando
913 4717 1197 4774 salutatur.
1275 4721 1554 4795 Virginem
1600 4743 1765 4796 porro

168 4815 296 4868 qua:
332 4802 542 4870 peperit
573 4803 849 4859 Christum
872 4848 886 4870 ,
927 4822 1036 4861 non
1059 4812 1369 4879 adoramus,
1398 4816 1491 4869 sed
1519 4827 1764 4873 sanctam

168 4891 267 4945 Dei
295 4893 617 4960 genitricem
640 4911 882 4967 congruo
912 4899 1118 4955 honore
1150 4917 1496 4970 veneramur,
1538 4905 1765 4976 ejusque

169 4984 619 5041 intercessionem
645 4988 785 5058 apud
827 4990 1064 5045 divinam
1107 4995 1446 5066 majestatem
1489 4998 1766 5054 humiliter

169 5074 499 5146 ﬂagitamus.
541 5078 652 5135 Nec
682 5082 971 5149 immerito,
999 5085 1216 5158 quippe,
1244 5090 1498 5156 quoniam
1520 5107 1619 5161 per
1637 5107 1759 5148 eam

172 5174 456 5221 auctorem
481 5169 606 5224 vitae
639 5173 915 5243 suscipere
954 5177 1281 5240 meruimus,
1323 5186 1379 5232 et
1409 5194 1504 5248 pro
1529 5194 1593 5234 eo
1619 5181 1762 5250 quod

171 5258 363 5313 eadem
421 5271 607 5318 sancta
659 5274 714 5319 et
763 5265 1088 5346 intemerata
1147 5271 1299 5340 virgo
1345 5271 1516 5328 Maria
1574 5275 1764 5344 utique

173 5348 344 5406 Deum
375 5361 430 5408 et
474 5355 746 5411 hominem
777 5361 933 5415 nobis
970 5362 1169 5429 edidit,
1203 5363 1491 5421 Dominum
1513 5367 1765 5425 videlicet

171 5440 379 5510 Jesum,
405 5463 434 5501 a
460 5451 668 5504 cunctis
699 5450 945 5508 ﬁdelibus
979 5456 1071 5524 pio
1112 5458 1311 5512 colitur
1341 5475 1553 5523 amore,
1581 5471 1636 5516 et
1663 5463 1759 5518 de-

174 5535 291 5590 bito
313 5547 602 5594 veneratur
636 5541 874 5610 honore;
919 5554 980 5600 ut
1016 5556 1198 5602 autem
1235 5550 1428 5619 puellis
1457 5551 1761 5622 virginibus

176 5629 552 5685 adorationem
578 5673 592 5697 ,
640 5636 779 5690 sicut
827 5641 1106 5695 stertendo
1153 5643 1438 5710 praedicas,
1482 5646 1762 5714 impenda-

177 5737 314 5785 mus,
340 5723 738 5794 ineptissimum
761 5730 1029 5799 ducimus,
1044 5733 1154 5789 imo
1177 5739 1651 5806 perversissimum
1669 5742 1762 5812 ju-

171 5811 440 5887 ,dicamus.
479 5816 637 5874 Libet
683 5821 846 5892 igitur
889 5823 956 5880 de
1002 5824 1108 5882 hac
1147 5827 1559 5898 absurdissima,
1593 5811 1760 5903 quam

1886 1962 2145 2023 tropaeum
2197 1955 2362 2025 (quod
2404 1955 2589 2009 vident
2625 1955 2934 2010 mortalium
2960 1957 3335 2027 captivitatem
3359 1957 3470 2012 sol-

1883 2047 2046 2110 visse,
2073 2047 2311 2117 paradisi
2343 2048 2540 2102 damna
2567 2063 2884 2117 reparasse,
2917 2047 3128 2103 inferna
3156 2049 3464 2114 damnasse,

1882 2140 2091 2195 inimici
2138 2140 2395 2196 virtutem
2440 2142 2786 2208 contnivisse,
2828 2143 3020 2212 prima:
3066 2143 3294 2215 virginis
3335 2144 3470 2201 deli-

1882 2241 2030 2288 ctum
2052 2248 2160 2287 non
2191 2242 2298 2287 tam
2338 2249 2435 2304 per
2470 2234 2719 2290 secundae
2750 2235 2978 2308 virginis
3013 2244 3226 2306 partum
3248 2279 3263 2302 ,
3304 2252 3468 2306 quam

1884 2324 2152 2381 delevisse
2179 2341 2278 2395 per
2290 2327 2472 2382 crucis
2493 2328 2765 2398 mortem),
2781 2327 2904 2395 jure
2925 2328 3126 2383 omissa
3148 2329 3466 2386 adoratione

1881 2434 2328 2490 quarumcunque
2359 2419 2658 2490 puellarum
2700 2421 2995 2491 Virginum,
3035 2422 3335 2476 decernunt
3374 2437 3474 2478 νο·-

1880 2512 2208 2565 nerandum.
2232 2510 2378 2564 Inter
2399 2512 2513 2566 hmc
2533 2511 2983 2567 considerandum
3010 2512 3243 2578 videtur,
3261 2521 3468 2582 Quanta

1878 2604 2263 2674 perspicuitate
2293 2604 2538 2660 novicios
2567 2605 2887 2660 veneranda:
2913 2605 3094 2660 crucis
3120 2606 3305 2661 hostes
3322 2604 3467 2673 jam-

1877 2697 2078 2751 dudum
2108 2698 2398 2766 Apostolus
2428 2712 2583 2752 sacer
2612 2693 2954 2767 praeviderit,
2984 2712 3280 2769 eorumque
3306 2698 3468 2753 lethio

1878 2785 2048 2841 feram
2079 2789 2412 2851 doctrinam,
2451 2787 2653 2858 Spiritu
2685 2797 2875 2844 sancto
2903 2789 3174 2844 calamum
3201 2790 3354 2844 verbi
3382 2803 3467 2844 re-

1877 2889 2037 2953 gente
2060 2921 2074 2947 ,
2106 2882 2430 2951 depinxerit.
2488 2882 2582 2936 Ait
2611 2897 2845 2952 namque
2889 2902 2901 2936 :
2951 2880 3232 2938 Observata
3264 2899 3352 2937 eos
3375 2883 3466 2953 qui

1873 2973 1948 3025 ita
1970 2970 2242 3025 ambulant
2269 3013 2282 3037 ,
2329 2989 2459 3042 quos
2481 2989 2618 3042 καῖρε
2651 2972 2886 3026 dicebam
2915 2973 3056 3027 vobis
3076 3013 3092 3038 ,
3120 2989 3257 3026 nunc
3287 2982 3466 3026 autem

1872 3065 2004 3134 ﬂens
2036 3065 2175 3130 dico,
2204 3064 2443 3118 inimicos
2469 3065 2640 3118 crucis
2679 3061 2898 3130 Christi,
2939 3080 3163 3134 quorum
3183 3063 3307 3132 ﬁnis
3333 3065 3466 3116 inte-

1876 3155 2032 3219 ritus,
2066 3170 2291 3224 quorum
2316 3155 2444 3208 deus
2473 3166 2647 3209 venter
2673 3165 2769 3221 est,
2799 3165 2849 3209 et
2870 3157 3039 3225 gloria
3068 3156 3124 3208 in
3158 3155 3466 3224 confusione
3519 3200 3524 3204 ι

1873 3246 2130 3316 ipsorum,
2169 3248 2258 3317 qui
2283 3255 2490 3302 terrena
2513 3249 2722 3316 sapiunt
2751 3245 2918 3318 (Phil.
2953 3245 3060 3319 In).
3101 3246 3273 3314 Quam
3301 3246 3460 3310 bene,

1871 3355 2146 3410 quamque
2187 3341 2463 3412 eleganter
2509 3341 2689 3396 crucis
2731 3340 2936 3396 Christi
2984 3341 3266 3406 inimicos,
3297 3339 3460 3396 deum

1871 3439 2116 3486 ventrem
2141 3473 2155 3497 ,
2207 3442 2261 3486 et
2311 3432 2537 3502 gloriam
2577 3433 2714 3488 dixit
2756 3433 2810 3487 in
2864 3432 3184 3488 confusione
3211 3433 3455 3487 habere!

1871 3526 1996 3596 quia
2027 3525 2280 3583 videlicet
2306 3536 2496 3582 venter
2523 3527 2794 3582 distentus
2816 3525 3103 3595 superﬂuis
3135 3526 3310 3596 epulis
3332 3540 3460 3580 eru-

1871 3627 1982 3672 ctat
2032 3634 2278 3687 spumam
2326 3620 2604 3685 libidinis,
2661 3620 2746 3675 cui
2804 3627 2890 3674 est
2931 3618 3109 3689 puella
3154 3617 3459 3684 familiaris,

1870 3711 2128 3780 quoniam
2161 3712 2243 3781 (ut
2287 3713 2468 3767 verbis
2506 3713 2649 3767 beati
2692 3713 3008 3782 Hieronymi
3038 3711 3182 3781 utar)
3209 3719 3458 3766 ventrem

1875 3803 1998 3856 cibo
2040 3803 2334 3857 distentum
2379 3812 2434 3858 et
2485 3803 2712 3860 diversis
2759 3805 3102 3874 passionibus
3151 3804 3457 3874 irrigatum,

1871 3895 2056 3949 statim
2089 3895 2338 3965 voluptas
2369 3896 2614 3965 sequitur
2635 3897 2906 3968 genitalis.
2939 3896 3002 3950 Hi
3035 3912 3184 3967 ergo,
3211 3895 3461 3952 inimicos

1870 3987 2046 4042 crucis
2090 3985 2294 4042 Christi
2337 3989 2490 4054 dico,
2543 3997 2834 4058 antequam
2875 3997 3253 4054 nascerentur,
3284 3989 3458 4043 notati

1876 4096 2020 4154 sunt,
2043 4089 2134 4158 qui
2167 4105 2310 4144 nunc
2337 4088 2553 4144 diabolo
2586 4098 2808 4144 auctore
2836 4089 3136 4159 pullulant,
3173 4089 3460 4144 virtutem-

1869 4204 1974 4258 que
2006 4188 2186 4242 crucis
2211 4188 2408 4258 puellis
2449 4187 2788 4251 confusioni,
2821 4189 2873 4243 id
2901 4195 3017 4253 est,
3047 4187 3280 4254 libidini,
3315 4189 3454 4244 anii-
3498 4183 3500 4190 ’

1869 4280 2105 4336 cissimis
2135 4281 2492 4349 mquiparant.
2535 4280 2604 4333 At
2628 4289 2817 4334 contra
2839 4282 2905 4334 de
2935 4273 3460 4338 amatoribus'Chri-
3498 4289 3502 4296 ‘

1869 4373 1938 4426 sti
1973 4373 2046 4426 ita
2094 4372 2237 4426 idem
2287 4371 2578 4440 Apostolus
2623 4389 2634 4423 :
2688 4371 2794 4436 Qui
2843 4381 3045 4435 autem,
3083 4369 3287 4439 inquit,
3334 4381 3456 4424 sunt

1787 4519 1792 4522 ,
1871 4461 2098 4527 Christi,
2135 4479 2347 4515 carnem
2373 4479 2525 4516 suam
2555 4462 2929 4531 cruciﬁxerunt
2958 4480 3075 4516 cum
3111 4463 3248 4518 vitiis
3273 4464 3382 4517 suis
3409 4472 3457 4516 et
3494 4466 3496 4468 ’

1789 4586 1843 4646 D
1871 4554 2322 4636 concupiscentiis.
2367 4553 2675 4624 Perpende,
2712 4569 2913 4628 quaeso,
2943 4555 3157 4621 Claudi,
3191 4551 3455 4625 quantum
3501 4549 3503 4552 ⁴

1869 4637 1985 4700 haec
2012 4646 2351 4714 comparatio
2376 4646 2558 4714 inepta
2602 4663 2632 4700 a
2671 4649 2849 4702 crucis
2878 4649 3081 4702 virtute
3117 4647 3451 4724 sejungatur,

1864 4751 1986 4790 cum
2037 4735 2331 4804 Apostolus
2378 4737 2526 4790 dicat
2581 4736 3023 4809 unumquemque
3086 4737 3329 4810 eorum,
3361 4731 3480 4828 qui]

1862 4825 2064 4882 Christi
2085 4837 2190 4893 est,
2215 4829 2459 4883 membra
2481 4843 2577 4884 sua
2603 4827 2958 4896 crucifixisse,
2983 4839 3038 4886 et
3069 4829 3305 4900 intellige
3327 4832 3453 4900 quia

1861 4915 2065 4972 Christi
2123 4934 2229 4973 non
2291 4935 2416 4975 esse
2465 4922 2847 4988 convincitur,
2899 4923 2988 4992 qui
3040 4921 3450 4980 eruciﬁxioncm

1865 5010 2232 5064 membrorum
2265 5011 2556 5078 abhorret,
2604 5021 2674 5068 et
2699 5013 2906 5082 puellas
2950 5015 3176 5067 adorare
3218 5015 3408 5069 suadet
3433 5032 3458 5086 ;¹

1867 5116 2032 5156 nemo
2067 5102 2214 5156 enim
2245 5106 2427 5171 potest
2453 5113 2510 5160 et
2533 5106 2589 5160 in
2619 5105 2934 5161 confusione
2963 5122 3057 5160 sua
3077 5147 3091 5170 ,
3125 5108 3265 5182 etin
3291 5123 3466 5190 cruce.

1865 5193 2105 5263 gloriari.
2141 5195 2293 5263 Quod
2324 5198 2368 5252 si
2403 5206 2461 5253 ut
2497 5199 2712 5255 crucem
2749 5199 2955 5270 puellas
2981 5199 3229 5271 praecipis
3258 5202 3452 5257 adora—
3527 5279 3531 5288 _

1865 5299 1945 5348 re,
1977 5285 2144 5341 debes
2167 5303 2260 5342 eas
2282 5289 2438 5343 nobis
2461 5289 2748 5345 ostendere
2778 5303 2898 5358 qua:
2939 5307 2968 5344 ει
3001 5291 3156 5345 nobis
3181 5300 3329 5346 tanto
3358 5291 3452 5376 do-

1867 5387 2067 5430 nentur
2089 5378 2317 5445 honore,
2345 5396 2467 5450 qum
2509 5381 2757 5436 fortassis
2791 5379 2988 5438 alicubi
3030 5382 3292 5442 hactenus
3326 5375 3452 5442 deli-
3490 5375 3494 5376 ί
3528 5447 3530 5468 ζ

1869 5479 2105 5537 tescunt,
2148 5483 2222 5538 et,
2269 5476 2515 5530 adinstar
2554 5476 2822 5544 Montani,
2857 5493 2887 5532 a
2917 5488 2968 5534 te
2991 5479 3112 5536 loco
3144 5467 3451 5554 Maximillae
3499 5549 3502 5552 Α

1869 5571 1925 5616 et
1952 5564 2150 5620 Priscae
2190 5583 2289 5637 pro
2331 5568 2544 5623 vatibus
2585 5567 2871 5625 habentur.
2912 5557 3017 5629 Sed
3049 5575 3120 5630 sit
3144 5577 3448 5652 cuilplacet.

1871 5656 2051 5709 crucis
2075 5657 2328 5724 inimico,
2373 5658 2507 5713 deus
2533 5661 2744 5726 venter,
2773 5671 2864 5730 et,
2892 5674 2950 5720 ut
2973 5665 3142 5737 gloria
3172 5667 3220 5722 ei
3244 5669 3298 5723 in
3323 5686 3449 5725 con-

1868 5741 2085 5800 fusione
2122 5760 2244 5802 esse
2290 5748 2500 5816 possit,
2559 5749 2734 5821 puella
2779 5752 2850 5809 sit
2882 5757 3180 5818 'aderatui.~
3214 5747 3448 5832 Nos'qui

1869 5835 2073 5894 Christi
2095 5853 2216 5895 esse
2248 5851 2499 5912 Optamus
2515 5883 2531 5911 ,
2569 5847 2814 5905 membra
2840 5859 3028 5906 nostra
3055 5849 3443 5924 crucifigimus,
