3964 6462
472 356 645 503 εςδῄζί

1537 356 1749 455 torte“
1772 356 2347 450 AURELiANﬂNSIS’
2369 358 2679 447 nbisc‘oiu
2695 366 2703 403 ²
2718 370 2749 407 ίτ

3641 370 3809 447 δώ,

867 476 1361 591 Ecclesiie‘subdit,
1402 490 1707 591 dequoletj
1748 500 1831 589 de:
1852 484 2050 583 quibus
2153 478 2208 563 iit
2240 472 2402 587 corde
2432 494 2529 564 tuo
2560 488 2664 563 sibi
2702 480 2899 579 feceiit'
2922 474 3147 574 sedem,
3165 512 3224 563 et
3251 474 3320 562 ad
3346 486 3764 591 tam'exsec‘raJ
3804 506 3811 519 ‘

471 584 673 671 dicitur
696 627 799 683 per
820 578 1067 669 Nahum‘:
1098 608 1202 677 Leo
1231 608 1361 683 cepit
1389 580 1705 681 sufficienter
1731 578 1919 669 catulis
1946 590 2056 658 suis
2158 602 2266 687 bile
2296 580 2638 657 mendacium
2684 588 3067 683 proferendum
3086 641 3102 665 ,
3149 594 3212 657 os
3253 590 3408 656 tuum
3452 578 3761 670 aperuertt.
3806 592 3811 615 ³

472 680 719 775 (Nabim;
740 702 836 777 ιι),
880 703 1055 771 modis
1080 680 1330 775 omnibus
1356 684 1735 779 abborremus,
1758 684 1933 777 'et‘ut‘
1964 714 2057 777 eos
2159 680 2269 760 Ille,
2304 688 2548 763 inquam,
2581 684 2673 765 qui
2702 680 2770 763 ab
2802 693 2965 746 initio
2991 690 3045 746 in
3074 691 3307 779 veritate
3333 690 3442 747 non
3477 686 3665 754 stetit;
3709 680 3772 746 et

469 774 661 865 vitare.
672 774 966 869 possimus,
1004 809 1221 855 crucem
1242 774 1519 865 tanquam.
1538 774 1897 871 fortissimum
2160 794 2244 845 est
2267 785 2528 875 mendax,
2560 792 2615 840 et
2643 793 2799 855 pater
2826 785 2965 868 ejus,
3006 774 3160 854 cujus
3192 783 3400 869 agitatu
3427 774 3809 863 evangelium

468 868 835 961 pugnaculum
865 897 921 955 α
947 895 1129 949 πωπω
1154 895 1429 961 knew“
1461 868 1765 965 “mw”;
1790 884 2081 963 imprimi__
2160 868 2375 961 veritati
2408 877 2598 945 (totius
2640 876 2777 959 ηαξγί
2802 874 3108 965 'mendacio
3138 873 3373 965 carenti)
3417 872 3558 965 idem
3608 891 3745 930 men

470 994 620 1049 mus.
647 977 782 1037 Post
808 980 922 1035 haec
950 966 1185 1051 addis:.
1496 1026 1499 1029 -
1566 968 1571 977 ’
1700 1038 1707 1051 ,
1834 1036 1839 1049 .

546 1090 565 1124 ‹
592 1070 900 1147 Αάςιιιιιιιιιιδ
924 1078 980 1127 et
1006 1077 1196 1141 petrae,
1219 1068 1589 1141 quiaquando
1614 1068 1680 1131 de
1708 1080 1870 1145 cruce
1896 1066 2061 1141 depo-

476 1182 496 1215 ‹
522 1163 660 1227 situs
680 1170 781 1227 est,
802 1160 857 1223 in
879 1176 1045 1233 saxeo
1065 1162 1315 1235 sepulcro
1337 1169 1422 1217 est
1442 1160 1673 1233 positus.
1694 1178 1714 1211 ›
1738 1167 1797 1235 et
1824 1157 2054 1233 reliqua.
2103 1214 2111 1235 ὶ

470 1254 530 1312 Si
568 1254 773 1324 aliquid
806 1254 1034 1325 sapiens
1075 1261 1173 1311 aut
1214 1253 1497 1324 sapimtiae
1536 1252 1854 1323 contiguum
1892 1250 2063 1325 verba
2096 1295 2107 1307 .

469 1355 562 1403 tua
591 1345 964 1413 continerent,
1002 1342 1151 1413 iuste
1185 1353 1462 1414 utcunque
1488 1343 1812 1415 “audireris,
1846 1352 1913 1397 ut-
1935 1352 2062 1414 pote
2098 1390 2107 1415 ,

469 1437 521 1493 in
547 1434 703 1506 cujus
730 1436 1039 1507 quisquiliis
1067 1436 1270 1505 aliquid
1300 1450 1495 1493 sanum
1520 1434 1786 1505 sapientis
1813 1426 2065 1503 percipea
2100 1492 2105 1505 ,

467 1536 552 1584 ret
576 1528 815 1587 auditus.
849 1526 1004 1584 Nunc
1025 1542 1155 1583 vero
1177 1527 1304 1597 quia
1328 1526 1547 1596 penitus
1573 1526 1757 1595 inepta
1772 1522 2060 1596 proponis,

466 1629 527 1677 et
553 1630 783 1693 argento
815 1621 1062 1687 sordido,
1106 1629 1169 1675 ut
1194 1618 1487 1689 Sapientia:
1517 1618 1811 1687 liberait,
1860 1634 2060 1675 ornare
2096 1668 2103 1677 .

465 1714 621 1784 cupis
646 1729 745 1769 vas
773 1712 940 1771 ﬁctile
967 1710 1153 1783 (Prov.
1184 1711 1321 1784 xvi),
1355 1712 1655 1771 verendum
1690 1712 1789 1767 tibi
1821 1719 1941 1777 est,
1987 1727 2059 1781 ne

2163 954 2375 1035 dacium
2398 985 2532 1024 ausu
2561 954 2851 1047 temerario
2875 976 3038 1039 atque
3056 956 3326 1045 praecipiti
3347 956 3603 1024 asserere
3624 982 3772 1039 prm-

2106 1042 2113 1059 f
2163 1060 2461 1145 sumpsisti.
2505 1042 2707 1133 Verum
2753 1074 2875 1145 cum
2908 1046 3140 1135 diversa
3190 1042 3299 1137 sint
3345 1057 3771 1113 mendaciorum

2163 1134 2398 1223 genera,
2420 1140 2423 1149 “
2448 1158 2504 1204 et
2547 1138 2600 1203 in
2630 1140 2736 1205 bac
2764 1134 3099 1205 mortalitate
3128 1136 3219 1209 vix
3251 1134 3535 1203 mendacio
3567 1162 3772 1205 carere

2163 1222 2434 1315 possimus
2454 1236 2636 1317 (Idan.
2658 1242 2720 1310 ι),
2746 1224 2959 1315 acilius
2980 1240 3136 1319 lapsu
3165 1222 3257 1310 qui
3285 1232 3420 1311 pene
3442 1234 3604 1319 nobis
3628 1256 3776 1310 quo-

2166 1314 2409 1391 tidianus
2443 1314 2559 1400 est,
2603 1332 2798 1388 divina:
2834 1314 3054 1403 pietatis
3093 1314 3413 1388 remissione
3438 1314 3809 1401 quotidiana

2164 1408 2488 1499 indigemus,
2506 1416 2793 1503 quandbis
2814 1410 3101 1503 venialiter
3121 1404 3393 1494 iudulg'eri
3408 1419 3775 1487 wnflditnus,
3802 1444 3807 1458 ι

2165 1516 2299 1574 illud
2338 1506 2518 1571 tamen
2556 1500 2901 1593 mendacium
2930 1513 3074 1593 quod
3103 1513 3220 1583 ejus
3247 1504 3463 1568 veritati
3496 1510 3773 1577 resultat,
3800 1524 3805 1531 λ

2164 1612 2418 1669 omnibus
2448 1608 2625 1666 modis
2654 1592 3094 1673 detestamur,'et
3125 1606 3306 1662 divina
3332 1602 3780 1661 adminiculante

2164 1707 2339 1779 gratia
2366 1704 2561 1760 eavere
2584 1686 3052 1775 gestimusiteque
3079 1702 3133 1755 in
3160 1684 3289 1757 illud
3313 1699 3615 1762 corruisse,
3642 1697 3781 1753 cha-

465 1802 609 1861 inter
639 1818 735 1871 eos
776 1802 1185 1863 connumereris
1230 1802 1324 1873 qui
1370 1802 1425 1861 in
1471 1802 1721 1863 convivio
1767 1801 2055 1859 Balthasar
2128 1799 2329 1882 «fritate
2380 1794 2686 1866 imperante
2735 1790 3073 1849 condolendo
3121 1789 3419 1881 deflemus,
3473 1790 3782 1845 imitantes

465 1895 612 1966 regis
638 1894 772 1951 deos
791 1893 1033 1964 lapideos
1057 1893 1202 1949 inter
1223 1903 1451 1951 caeteros
1476 1894 1768 1949 laudabant
1794 1893 1956 1967 (Dan.
1974 1895 2052 1965 v).
2084 1880 2291 1957 B'illud
2315 1886 2557 1960 Apostoli
2582 1904 2597 1940 :
2630 1887 2763 1952 Qui:
2792 1885 3117 1957 inﬁrmatur,
3144 1891 3194 1937 et
3220 1898 3314 1955 ego
3343 1897 3447 1935 non
3473 1880 3786 1949 inﬁrmor?

469 1981 576 2041 Sed
606 2001 733 2040 reor
762 1993 817 2040 te
846 1984 949 2041 hoc
978 1986 1224 2041 muneris
1250 1985 1425 2057 petris
1454 1986 1788 2056 rependisse.
1821 1994 1881 2039 ut
1908 1986 2061 2049 cruci

464 2092 560 2133 eas
589 2076 978 2148 aequiparares,
1014 2076 1145 2131 dum
1166 2077 1329 2156 cordi
1363 2087 1455 2133 tuo
1484 2075 1851 2149 stoliditatem
1874 2091 2064 2133 earum

467 2164 649 2224 inesse
688 2168 942 2224 sentires.
996 2166 1104 2223 Sed
1135 2167 1378 2224 orandus
1406 2167 1615 2229 estille
1645 2168 1740 2239 qui
1768 2167 2089 2223 voluntatis.

467 2273 580 2314 suae
606 2266 739 2313 nutu
765 2267 961 2314 cuncta
990 2257 1226 2330 peragit,
1258 2258 1324 2312 de
1350 2257 1687 2327 quovdicitur
1709 2272 1809 2328 per
1832 2257 2089 2329 prophe-t

468 2355 613 2405 tam:
660 2347 967 2420 Indignatio
1009 2349 1125 2418 ejus
1166 2348 1338 2419 e/i'usa
1377 2357 1453 2403 est
1493 2358 1549 2402 ut
1591 2347 1761 2417 ignis,
1814 2358 1862 2402 et
1903 2356 2067 2418 petrw

464 2438 735 2496 dissoluta:
765 2449 887 2494 sunt
914 2438 978 2493 ab
1008 2457 1068 2495 eo
1101 2438 1343 2513 (Nahum
1370 2438 1437 2513 ι),
1476 2447 1535 2493 ιιι
1563 2439 1706 2495 hanc
1736 2449 1887 2495 tuam
1917 2438 2067 2495 duri-

466 2534 593 2589 tiam
626 2544 683 2590 et
701 2533 1055 2590 stoliditatem
1089 2533 1214 2605 igne
1243 2550 1355 2607 sua:
1370 2532 1759 2591 misericordia:
1778 2532 2085 2611 dissolvent

467 2633 528 2680 ut
550 2625 853 2697 intelligere
879 2628 1061 2695 possis
1087 2641 1258 2695 quare
1284 2625 1549 2681 Dominus
1568 2665 1583 2692 ,
1624 2625 1718 2695 qui
1748 2639 1846 2695 pro
1872 2631 2081 2699 nostra,

467 2716 642 2774 salute
673 2718 1019 2789 disposuerat
1045 2719 1214 2782 mori,
1258 2717 1500 2773 oblatam
1529 2733 1560 2770 a
1589 2715 1791 2772 ludatis
1821 2715 2063 2786 lapidum

466 2814 699 2863 mortem
730 2822 851 2863 sese
877 2807 1261 2865 abscondendo
1286 2806 1562 2862 distulerit
1586 2804 1770 2877 (Joan.
1793 2822 1915 2875 vni,
1936 2804 2061 2878 xu),

464 2906 633 2967 atque
681 2913 806 2954 cum
853 2899 924 2957 ad
976 2897 1404 2969 crucifigendum
1452 2906 1759 2967 peteretur,
1808 2897 1953 2953 ultro
2000 2913 2063 2955 se

467 2992 749 3059 obtulerit,
775 2993 964 3050 dicens
990 2994 1059 3049 ad
1090 2993 1387 3063 discipulos
1412 3010 1425 3047 :
1462 2992 1695 3062 Surgite,
1725 3009 1908 3048 eamus
1937 2993 2060 3047 hinc

465 3083 649 3153 (Joan.
680 3085 817 3156 xiv).
876 3084 985 3143 Nos
1012 3100 1145 3157 ergo
1174 3085 1346 3155 petris
1385 3092 1645 3140 caementa
1685 3099 1967 3140 murorum
2004 3093 2062 3139 et

461 3179 749 3237 domorun
796 3189 1143 3245 nostrarum,
1183 3194 1394 3237 necnon
1440 3189 1497 3234 et
1543 3177 1902 3237 ecclesiarum
1929 3192 2061 3235 con~

2169 1984 2303 2051 Quis
2323 1981 2722 2037 scandalizatur
2741 1988 2789 2033 et
2812 1994 2905 2050 ego
2930 1994 3033 2031 non
3056 1993 3185 2031 uror
3204 1970 3257 2048 (Ι
3277 1974 3401 2029 Cor.
3424 1972 3562 2046 xu)?
3593 1971 3785 2031 Nemo

2167 2077 2364 2147 quippe
2398 2070 2729 2143 evangelicis
2778 2070 2992 2143 paginis
3040 2066 3279 2138 Spiritus
3326 2067 3501 2123 sancti
3550 2066 3785 2121 calamo

2167 2168 2421 2239 digeStis,
2464 2165 2588 2233 ubi,
2626 2175 2687 2219 ut
2717 2164 2921 2239 dictum
2950 2171 3035 2218 est
3052 2204 3071 2243 ,1
3097 2160 3233 2229 fides
3260 2170 3447 2217 nostra
3475 2160 3783 2239 consistit,

2167 2250 2446 2335 quidpiam
2478 2257 2878 2328 superaddere,
2914 2262 3008 2309 aut
3036 2254 3390 2337 subtrahere,
3435 2261 3530 2308 aut
3563 2253 3785 2308 immu-

2168 2362 2314 2416 tare,
2347 2352 2414 2406 ad
2446 2347 2931 2406 dehonorationem
2966 2344 3111 2400 illius
3140 2346 3206 2401 de
3234 2360 3343 2417 quo
3373 2343 3577 2417 scripta
3606 2354 3781 2409 sunt,

2167 2453 2222 2499 et
2253 2440 2377 2519 fidei
2402 2450 2605 2497 nostra:
2634 2439 3043 2519 insultationem
3063 2478 3078 2502 ,
3115 2446 3173 2492 et
3204 2436 3400 2492 anima:
3431 2452 3544 2491 sua:
3575 2436 3782 2508 perdi-

2166 2514 2393 2600 tionem,
2414 2541 2611 2604 potest.
2646 2514 2988 2603 Quapropter
3009 2544 3231 2585 nccesse
3253 2538 3337 2584 est
3362 2522 3461 2583 tibi
3487 2529 3781 2595 consulas,

2164 2634 2220 2682 et
2242 2635 2505 2699 quantum
2526 2639 2622 2695 per
2641 2620 3017 2694 hujuscemodi
3040 2620 3353 2678 mendosam
3376 2617 3793 2687 adiectionem,

2165 2718 2371 2782 idest,
2420 2716 2682 2771 ruborum
2730 2713 2901 2785 spinis
2944 2728 3202 2767 coronam
3241 2718 3558 2766 contextam
3599 2712 3783 2785 capiti

2165 2810 2380 2864 Domlni
2412 2807 2723 2880 impositam
2754 2796 3137 2867 asseverando,
3174 2803 3549 2870 oberraveris,
3579 2816 3639 2859 at
3651 2814 3783 2859 ten-

2166 2904 2283 2960 das.
2334 2901 2530 2958 Nescio
2574 2900 2759 2969 itaque
2801 2907 2986 2954 utrum
3030 2898 3233 2963 sciens,
3278 2913 3349 2953 an
3391 2896 3678 2961 nesciens,
3734 2906 3784 2955 te

2164 2998 2478 3054 immaniter
2502 2997 2557 3053 in
2578 2995 2865 3069 vinculum
2882 2991 3468 3049 excommunicationis
3488 2994 3784 3048 canonia

2165 3088 2475 3158 coniecisti,
2522 3101 2591 3145 eo
2630 3085 2775 3155 quod
2821 3084 2947 3143 fidei
2991 3083 3317 3155 evangelica:
3344 3084 3410 3138 de
3437 3091 3535 3137 tuo
3565 3082 3781 3155 aliquid

2142 3179 2534 3252 ,superaddere
2562 3176 2999 3248 prazsumpseris.
3030 3174 3288 3230 Deﬁnitio
3316 3175 3517 3253 quippe
3551 3185 3781 3231 sancto—

461 3270 749 3336 struimus,
797 3285 993 3327 cruces
1039 3279 1255 3335 autem,
1289 3269 1377 3323 vel
1410 3267 1481 3323 ad
1526 3268 1847 3323 memoriam
1876 3267 2062 3324 Domi-
2088 3260 2134 3326 C
2167 3288 2287 3328 rum
2318 3279 2534 3341 patrum
2563 3269 2618 3324 in
2645 3268 2877 3325 concilio
2903 3266 3334 3324 Chalcedonensi
3364 3281 3531 3336 super
3562 3269 3656 3325 his
3686 3270 3783 3340 qui

463 3360 599 3419 nica;
649 3360 921 3429 passionis
969 3376 1094 3416 cum
1157 3361 1369 3414 honore
1416 3373 1657 3429 congruo
1707 3359 1765 3414 in
1813 3357 2062 3415 ecclesiis

460 3449 801 3516 stabilimus,
843 3449 927 3504 vel
964 3448 1121 3518 juxta
1167 3450 1313 3519 quod
1361 3448 1417 3503 in
1464 3448 1751 3504 Ezechiele
1795 3449 2061 3520 propheta

460 3540 748 3598 didicimus
774 3542 994 3612 (Ezech.
1022 3540 1131 3612 ιχ),
1166 3540 1377 3599 foribus
1406 3542 1629 3606 nostris,
1662 3541 1717 3596 id
1745 3550 1864 3608 est,
1903 3540 2057 3599 fron-

464 3631 635 3697 tibus,
680 3641 847 3703 atque
881 3614 1123 3702 quinque
1152 3634 1405 3703 corporis
1443 3633 1701 3693 sensibus
1728 3633 1800 3688 ob
1831 3634 2058 3693 tutelam

458 3733 702 3781 nostram
726 3725 1084 3795 prmﬁgimus.
1122 3725 1329 3782 Deinde
1355 3726 1475 3780 ais:

536 3837 552 3869 ι
584 3816 893 3875 Adoreutur
915 3827 969 3874 et
990 3820 1161 3889 spinae
1184 3818 1470 3885 ruborum,
1493 3819 1622 3889 quia
1642 3819 1843 3875 exinde
1867 3821 2059 3890 spinea

464 3925 483 3960 ι
514 3922 715 3963 corona
736 3918 983 3980 tempore
1009 3911 1280 3980 passionis
1304 3911 1468 3981 capiti
1486 3910 1611 3981 eius
1631 3912 1885 3980 imposita
1902 3920 2007 3968 est.
2029 3932 2050 3967 ι

457 3996 633 4065 Quam
674 4000 813 4055 bene
856 4014 1130 4069 quamque
1168 4001 1448 4070 eleganter
1477 4010 1643 4071 atque
1670 4003 1879 4059 urbane
1908 4018 2059 4059 com-

458 4088 800 4161 parationem
824 4096 880 4145 et
903 4090 1046 4146 hanc
1071 4092 1215 4147 sicut
1236 4103 1464 4147 emeras
1484 4092 1854 4157 contexueris,
1877 4093 2061 4150 videat

353 4178 359 4184 ’
456 4180 554 4250 qui
588 4194 785 4237 sanum
827 4180 991 4251 sapit.
1042 4181 1089 4235 A
1137 4181 1352 4237 turbido
1393 4181 1540 4237 enim
1579 4182 2054 4251 arrogantiae-tua;

457 4267 750 4338 fonticulo,
795 4279 853 4326 et
895 4270 1216 4327 clarissimis
1253 4270 1388 4326 artis
1426 4272 1801 4340 grammaticae
1833 4272 2055 4335 ﬂuentis

455 4376 682 4432 prorsus
710 4362 1080 4430 alieno,,sicut
1107 4362 1227 4419 aliae
1252 4362 1555 4418 namiarum
1587 4373 1802 4421 tuarum
1832 4381 2054 4437 compa-

457 4454 720 4516 rationes,
753 4455 830 4510 ita
856 4464 913 4510 et
940 4455 1056 4510 haec
1085 4463 1197 4510 tam
1227 4454 1486 4510 indecens
1510 4456 1832 4527 rationeque
1857 4472 2053 4517 camus

455 4547 735 4603 emanavit
761 4548 1121 4617 comparatio,
1150 4562 1273 4617 qua:
1298 4548 1657 4618 proculdubio
1683 4558 1741 4604 et
1769 4552 1973 4607 absona
1996 4561 2055 4608 et

454 4731 604 4789 nullo
630 4732 794 4789 modo
821 4733 972 4788 cruci
1002 4740 1130 4787 sunt
1151 4730 1512 4798 conferenda,
1540 4734 1683 4790 sicut
1719 4736 1776 4789 in
1813 4750 2052 4806 sequen-

453 4822 623 4891 tibus,
645 4824 876 4881 Domino
894 4823 1179 4894 largiente,
1200 4824 1679 4881 demonstrabitur.
1712 4825 1872 4882 Falsa
1889 4843 2047 4895 vero,

452 4915 580 4985 quia
627 4916 683 4971 in
732 4916 899 4971 trium
946 4915 1440 4986 evangelistarum,
1482 4913 1719 4972 Matthati
1754 4918 2044 4986 videlicet,

452 5005 623 5062 Marci
650 5015 707 5062 et
729 5004 984 5069 Joannis,
1018 5006 1238 5076 scriptis
1265 5003 1482 5077 (Matth.
1513 5021 1697 5073 xxvu;
1735 5006 1909 5063 Marc.
1940 5023 2043 5075 xv;

451 5096 614 5153 Joan.
636 5098 781 5171 nx),
810 5100 1007 5168 quibus
1033 5098 1352 5153 salutariter
1378 5098 1602 5163 utimur,
1648 5108 1704 5154 et
1744 5099 1803 5155 in
1843 5101 2044 5171 quibus

450 5191 749 5245 anchoram
768 5190 895 5246 fidei
917 5200 1117 5246 nostra:
1140 5190 1374 5245 firmiter
1392 5190 1715 5257 stabilimus,
1737 5193 1831 5262 qui
1854 5195 2045 5264 utique

449 5281 782 5336 mentionem
807 5282 1007 5351 spinea:
1033 5296 1253 5338 corona:
1278 5284 1443 5353 capiti
1470 5283 1750 5340 Dominico
1774 5287 2041 5356 impositas

450 5373 681 5442 faciunt,
710 5375 930 5431 minime
960 5377 1189 5448 reperiri
1216 5385 1397 5446 potest
1424 5378 1569 5449 quod
1594 5379 1784 5435 eadem
1813 5395 2034 5450 corona,

451 5467 592 5523 sicut
627 5474 685 5521 tu
716 5476 1112 5527 commentatus
1137 5483 1223 5533 es,
1265 5484 1335 5524 ex
1380 5469 1551 5539 spinis
1593 5471 1856 5526 ruborum
1884 5488 2035 5527 com-

448 5569 609 5633 pacta
649 5558 847 5628 fuerit,
894 5562 992 5619 sed
1029 5560 1350 5632 simpliciter
1385 5577 1507 5619 eam
1548 5565 1834 5619 memorati
1864 5566 2041 5622 sancti

449 5654 795 5726 evangelista:
820 5656 1066 5726 spineam
1090 5669 1347 5711 coronam
1374 5655 1541 5725 capiti
1570 5656 1687 5729 ejus
1716 5672 1747 5711 a
1776 5657 2040 5714 militibus

450 5744 717 5805 illusionis
773 5751 947 5820 gratia
1000 5747 1314 5816 impositam
1367 5745 1537 5807 fuisse
1586 5759 2034 5809 commemorant.

448 5834 610 5899 Patet
630 5856 762 5914 ergo
788 5841 1030 5913 nullique
1054 5840 1279 5898 dubium
1298 5848 1402 5910 est,
1426 5842 1561 5914 quin
1584 5843 1760 5902 hostis
1782 5842 2040 5916 antiquus

2166 3362 2293 3418 ﬁdei
2321 3360 2651 3432 evangelica:
2675 3367 2731 3414 et
2755 3358 3067 3430 apostolicae
3090 3357 3367 3427 quidpiam
3393 3360 3780 3426 superaddere

2163 3462 2520 3525 pratsumunt,
2545 3450 2924 3523 hujuscemodi
2944 3460 3027 3504 est
3041 3448 3179 3521 (Act.
3197 3448 3320 3520 xv):
3345 3448 3557 3504 Statuit
3582 3460 3781 3506 sancta

2163 3554 2221 3601 et
2265 3544 2597 3601 universalis
2644 3542 2885 3614 synodus
2927 3541 3158 3597 alteram
3206 3540 3367 3597 fidem
3417 3540 3555 3598 nulli
3602 3542 3782 3600 licere

2161 3638 2409 3709 proferre
2431 3638 2514 3693 vel
2538 3632 2906 3707 conscribere,
2930 3642 3025 3691 aut
3046 3648 3397 3704 componere,
3418 3643 3514 3690 aut
3531 3635 3777 3701 sentire,

2167 3738 2260 3785 aut
2286 3731 2485 3785 docere
2524 3727 2704 3791 aliter.
2752 3727 2862 3783 Eos
2898 3736 3083 3782 autem
3112 3727 3207 3798 qui
3233 3727 3353 3783 ausi
3382 3735 3511 3782 sunt
3532 3742 3775 3800 compo-

2161 3837 2296 3879 nere
2327 3821 2488 3877 fidem
2515 3827 2779 3885 alteram,
2826 3828 2922 3874 aut
2963 3818 3235 3891 proferre,
3286 3826 3382 3873 aut
3423 3819 3637 3875 docere
3685 3830 3778 3875 aut

2161 3915 2381 3970 tradere
2411 3914 2649 3969 alterum
2674 3912 2987 3984 symbolum
3016 3910 3326 3968 volentibus
3364 3913 3620 3967 converti
3638 3953 3661 3978 ,
3691 3913 3774 3967 vel

2159 4021 2227 4065 ex
2265 4005 2557 4078 gentilibus
2603 4003 2673 4059 ad
2717 4003 3084 4076 cognitionem
3123 4003 3372 4059 veritatis
3408 4003 3647 4069 venire,
3689 4005 3775 4061 vel

2158 4117 2227 4159 ex
2260 4099 2493 4165 Iudaeis,
2525 4098 2611 4157 vel
2646 4098 2843 4161 haeresi
2876 4111 3235 4168 quacunque,
3280 4097 3383 4157 bos
3425 4097 3471 4152 si
3514 4098 3775 4169 episcopi

2158 4194 2364 4253 fuerint
2409 4202 2505 4248 aut
2545 4190 2772 4255 clerici,
2820 4178 3031 4247 alienos
3078 4202 3203 4244 esse
3237 4189 3307 4244 ab
3338 4188 3672 4259 episcopatu
3720 4198 3774 4257 et

2157 4286 2440 4356 episcopos
2466 4299 2498 4341 a
2521 4282 2702 4348 clero;
2732 4282 2781 4338 si
2802 4296 2933 4338 vero
2959 4280 3230 4344 monachi,
3260 4286 3356 4334 aut
3382 4278 3504 4335 laici
3524 4276 3770 4349 fuerint,

2158 4377 2609 4437 anathematizari
2661 4374 3031 4432 decernimus.
3097 4372 3238 4441 Quia
3291 4388 3420 4440 ergo
3468 4372 3773 4435 evidenter

2156 4479 2471 4529 sanctorum
2494 4468 2719 4525 Patrum
2751 4467 3102 4521 anathemate
3130 4463 3461 4535 percellcris,
3487 4463 3711 4533 quibus
3736 4481 3769 4519 a

2118 4563 2388 4621 .‘Domino
2416 4560 2620 4630 ligandi
2663 4559 3020 4627 solvendique
3067 4565 3152 4612 est
3194 4557 3457 4613 attributa
3501 4565 3769 4626 potestas

454 4636 593 4694 falsa
620 4654 746 4696 esse
771 4639 1180 4710 comprobatur.
1210 4639 1429 4695 Absona
1454 4640 1701 4709 quidem,
1723 4643 1852 4711 quia
1876 4644 2052 4715 spina:
2075 4648 2130 4707 D

2156 4653 2373 4726 (Matth.
2403 4651 2550 4722 tm),
2580 4652 2630 4705 si
2655 4651 2738 4705 vis
2764 4649 2953 4705 salvus
2979 4648 3097 4702 fieri
3116 4687 3132 4715 ,
3173 4646 3288 4704 redi
3318 4647 3387 4701 ad
3414 4646 3546 4701 illud
3572 4649 3767 4717 paeni.

2152 4747 2345 4811 tentia,
2366 4744 2423 4799 in
2448 4743 2605 4813 cujus
2627 4741 2812 4797 verbis
2837 4740 3059 4804 errasti,
3078 4748 3141 4795 ut
3163 4739 3235 4793 ab
3254 4738 3356 4795 hac
3380 4736 3763 4809 perculsione,

2150 4835 2295 4891 illius
2332 4848 2559 4903 munere
2588 4833 2687 4902 qui
2724 4846 2915 4889 omnes
2948 4830 3199 4893 homines
3229 4829 3344 4884 vult
3377 4828 3553 4884 salvos
3592 4829 3762 4899 fieri,

2148 4939 2204 4987 et
2221 4931 2295 4985 ad
2314 4927 2643 4999 agnitionem
2658 4925 2906 4985 veritatis
2930 4924 3140 4989 venire,
3162 4922 3452 4981 salubriter
3478 4925 3765 4980 memaris

2149 5020 2353 5077 sanari.
2405 5016 2624 5073 Scimus
2660 5025 2847 5075 autem
2884 5024 2939 5070 et
2977 5013 3231 5069 flebiliter
3266 5010 3524 5077 fatemur,
3550 5009 3761 5083 justis-

2150 5113 2287 5169 sima
2316 5126 2349 5165 a
2377 5109 2490 5167 Deo
2527 5109 2741 5165 illatum
2772 5106 2982 5163 homini
3020 5104 3265 5176 peccanti
3304 5118 3405 5172 pro
3432 5115 3595 5174 paena
3624 5144 3643 5168 ,
3696 5112 3759 5158 ut

2148 5212 2295 5260 terra
2322 5202 2441 5272 eius
2471 5203 2658 5273 spinas
2692 5209 2747 5256 et
2784 5197 3012 5254 tribulos
3041 5196 3377 5269 germinaret
3407 5194 3492 5260 ei,
3542 5203 3607 5249 ut
3656 5195 3756 5268 qui

2146 5294 2323 5351 noluit
2352 5293 2604 5349 subditus
2642 5304 2764 5347 esse
2803 5287 2936 5356 Deo,
2984 5298 3042 5344 et
3081 5287 3139 5344 in
3173 5286 3352 5358 patria
3382 5284 3649 5351 feliciter,
3697 5295 3756 5343 et

2144 5389 2351 5459 absque
2376 5387 2562 5443 labore
2592 5384 2915 5449 consistere,
2948 5381 3224 5455 proiectus
3252 5382 3307 5437 in
3335 5381 3617 5449 exsilium,
3654 5398 3754 5438 co-

2142 5488 2363 5553 geretur
2390 5477 2712 5549 punctiones
2740 5475 3025 5545 spinarum
3051 5471 3312 5543 perferre.
3357 5471 3442 5527 Ab
3464 5471 3573 5526 hac
3605 5487 3750 5543 ergo

2142 5567 2580 5641 peregrinatione
2618 5564 2871 5621 Salvator
2908 5579 3036 5621 eum
3076 5560 3507 5619 misericorditer
3547 5560 3749 5619 volens

2144 5661 2400 5728 liberare,
2426 5672 2648 5718 crucem
2680 5659 2937 5727 dignatus
2962 5664 3048 5714 est
3072 5654 3464 5719 conscendere,
3499 5664 3560 5713 et
3591 5654 3643 5715 in
3676 5668 3749 5712 ea

2144 5752 2426 5809 inindcmn
2472 5751 2829 5822 triumphare.
2889 5748 3125 5818 Equum
3167 5754 3255 5803 est
3294 5759 3427 5817 ergo
3470 5752 3535 5799 ut
3573 5760 3743 5815 praua

2144 5844 2324 5902 exsilii
2345 5841 2596 5902 similiter
2619 5843 2691 5899 sit
2718 5840 2789 5897 ad
2812 5837 3360 5912 patriammi?
3395 5835 3480 5895 Et.
3503 5845 3567 5891 ut
3599 5836 3743 5907 {uad

1815 5978 1888 6023 ~Iit
2190 5996 2207 6017 ι.
