3964 6444
177 349 281 407 361

1152 348 1154 350 '
1229 359 1320 414 ne
1361 357 1587 416 eumn
1632 359 1998 446 ΙΜΑΕΙῌΗΜ.
2033 393 2103 404 -μ
2139 364 2376 434 1.13.11.

3329 370 3432 425 562

175 462 301 518 dico
329 460 529 516 clarius
558 461 649 518 sit.
695 462 947 535 Nunquid
978 464 1096 523 ﬁeri
1137 477 1316 538 potest
1352 480 1412 526 ut
1451 487 1517 528 eo
1561 485 1747 530 amore
1849 475 2117 544 passionis
2146 477 2304 532 beato
2340 477 2502 532 Petro
2541 477 2738 558 dixerit
2763 491 2779 532 :
2804 474 2997 533 Omnes
3025 481 3116 562 qui
3140 450 3431 552 acceperint
3479 467 3483 472 ’

171 554 576 624 complectatur
613 557 735 626 quis
775 559 990 628 spinam
1031 560 1379 617 tribulantem
1408 578 1514 632 quo
1545 563 1752 636 ample-

171 644 349 698 ctitur
371 659 430 700 se
455 660 487 699 a
514 645 726 701 diabolo
749 647 1090 717 liberantem,
1119 659 1174 706 et
1198 651 1437 708 caelestis
1464 654 1615 724 regni
1662 654 1754 708 ad-
1812 647 1816 654 ’

167 733 312 788 ἰιιιιιι
353 734 726 803 aperientem?
757 733 900 792 Crux
939 756 1171 813 namque
1207 745 1312 797 lixa
1353 752 1438 798 est
1483 753 1542 798 ut
1587 746 1755 814 spinae
1809 739 1814 744 ’

169 823 446 880 incolatus
478 826 648 880 nostri
676 839 1141 886 consumerentur.
1189 830 1323 887 Nam
1354 834 1436 888 vis
1473 835 1675 890 certius
1702 833 1755 889 id

167 917 382 971 nosse?
429 915 563 970 Cum
601 918 820 989 angelus
867 921 922 973 in
955 936 1185 990 persona
1222 924 1432 980 Domini
1469 927 1538 980 ad
1573 924 1756 982 Mosen

166 1021 278 1075 pro
313 1007 598 1061 eductione
625 1008 807 1079 populi
842 1008 1159 1080 loqueretur
1185 1011 1380 1083 (Exod.
1410 1013 1517 1088 ιιι),
1561 1016 1647 1070 cui
1681 1015 1758 1070 le-
1807 1015 1810 1024 ⁷

167 1113 299 1168 gem
335 1099 558 1154 daturus
599 1110 751 1164 erat,
801 1110 857 1157 et
894 1103 1127 1174 plurima
1169 1106 1272 1178 alia
1301 1106 1563 1163 beneﬁcia
1595 1109 1760 1163 collav

168 1199 364 1257 turus,
406 1193 580 1246 visum
616 1202 700 1248 est
734 1193 902 1266 Moysi
940 1199 1134 1253 rubum
1165 1200 1391 1266 ardere,
1437 1216 1538 1256 nec
1581 1211 1758 1258 tamen
1805 1205 1808 1208 ’

164 1281 465 1346 consumi,
519 1283 622 1338 hoc
663 1284 776 1354 jam
824 1293 939 1340 tum
985 1288 1145 1344 rebus
1186 1289 1582 1359 clamantibus,
1633 1295 1759 1364 quia

161 1375 360 1444 populi
405 1386 626 1446 peccata
671 1379 758 1434 lex
804 1381 1022 1450 quidem
1075 1400 1172 1454 per
1199 1389 1565 1445 ostensionem
1597 1400 1760 1460 atque

162 1470 657 1536 reprehensionem
682 1481 800 1526 erat
829 1471 1242 1543 inﬂammatum,
1275 1495 1376 1536 nec
1406 1492 1586 1538 tamen
1613 1498 1762 1538 com-

164 1557 427 1613 bustura.
485 1559 666 1616 Satius
710 1577 839 1635 ergo
881 1580 1015 1620 crux
1059 1580 1350 1624 veneratur
1377 1587 1539 1642 quam
1569 1572 1756 1642 spina,

163 1651 305 1718 quia
340 1652 453 1706 haec
482 1653 751 1722 captivum
780 1666 834 1710 et
861 1658 1100 1714 exsulem
1136 1662 1374 1729 cruciat,
1419 1679 1553 1717 crux
1582 1673 1761 1718 autem

161 1747 230 1794 et
258 1741 633 1809 captivitatem
669 1746 862 1814 eripit,
906 1756 958 1803 et
996 1749 1206 1820 spinam
1239 1751 1585 1808 tribulantem
1613 1770 1762 1810 com-

161 1830 346 1885 burit.
381 1832 511 1888 Post
537 1835 654 1890 haec
681 1836 835 1894 addis
859 1856 874 1892 :

254 1940 273 1971 ‹
307 1922 618 1980 Adorentur
673 1937 727 1982 et
783 1931 1098 1999 arundines,
1161 1935 1285 2004 quia
1345 1936 1414 1992 ab
1478 1938 1557 1993 eis
1626 1939 1770 1995 cola-

161 2011 301 2080 phis
331 2029 362 2066 a
403 2014 666 2072 militibus
715 2027 879 2088 caput
927 2020 1043 2091 ejus
1096 2038 1295 2080 cazsum
1351 2035 1454 2082 est.
1488 2048 1507 2080 ι
1561 2026 1769 2084 Caetera

160 2102 398 2169 quidem
444 2104 528 2159 vel
590 2107 721 2162 risui
787 2112 1052 2166 movendo
1095 2122 1222 2184 apta
1277 2124 1424 2183 sunt,
1487 2117 1569 2172 vel
1643 2119 1767 2188 quia

161 2187 422 2250 arrident
497 2198 656 2253 alicui
727 2201 1019 2258 Dominicae
1085 2205 1485 2277 signiﬁcationi,
1545 2217 1771 2278 possunt

160 2298 452 2360 utcunque
492 2292 689 2346 audiri.
737 2292 905 2350 Porro
957 2298 1283 2354 arundinum
1323 2309 1377 2355 et
1423 2300 1603 2356 crucis
1627 2316 1771 2356 com-

159 2381 388 2450 paratio
461 2392 567 2437 tam
629 2385 785 2457 longe
848 2389 1174 2456 secernitur,
1214 2400 1273 2446 ut
1303 2402 1518 2462 putetur
1568 2409 1770 2464 nequa-

161 2485 341 2538 quam
371 2471 455 2525 vel
486 2489 515 2525 a
549 2474 823 2545 vigilante,
854 2478 993 2533 vela
1021 2497 1151 2535 sana
1181 2491 1358 2537 mente
1384 2485 1648 2554 profecta,
1669 2487 1766 2542 sed

160 2561 366 2629 potius
393 2562 460 2617 ab
487 2577 550 2616 eo
571 2565 661 2632 qui
694 2567 866 2635 impos
910 2569 1108 2624 mentis
1163 2569 1380 2627 funibus
1428 2573 1768 2644 Hippocratis

161 2651 502 2708 vinciendos
528 2655 777 2710 traditur.
810 2659 1062 2728 Legimus
1087 2679 1319 2733 namque
1348 2665 1402 2718 in
1439 2665 1608 2736 ﬁgura
1659 2669 1764 2722 Do-

161 2745 398 2799 minicae
431 2747 609 2801 crucis
653 2763 866 2804 amaras
918 2768 1083 2820 aquas
1125 2756 1436 2810 eremiticas
1487 2773 1585 2827 per
1634 2759 1767 2831 ligni

163 2837 580 2894 immissionem
653 2841 914 2912 insipidos
976 2845 1103 2900 olim
1171 2848 1481 2918 deposuisse
1547 2868 1767 2921 sapores

163 2924 390 2997 (Exod.
447 2929 580 3000 xv).
641 2929 895 3001 Nunquid
943 2950 1049 2989 non
1096 2936 1257 2991 aliter
1301 2941 1544 3009 nequivit
1596 2943 1768 2998 virtus

161 3015 577 3085 Omnipotentis
612 3035 799 3076 earum
830 3023 1113 3080 dulcorare
1140 3036 1376 3097 gustum,
1412 3031 1515 3085 nisi
1553 3047 1646 3086 eas
1687 3041 1767 3087 at-

165 3107 392 3178 tigisset
419 3123 516 3177 per
537 3110 776 3181 lignum?
811 3112 915 3168 Sed
941 3115 1078 3169 sicut
1118 3120 1375 3186 poscebat
1413 3129 1642 3190 tempus,
1672 3138 1766 3177 va-

1853 564 2105 635 gladium,
2127 567 2300 637 gladio
2325 551 2562 638 peribunt
2598 551 2823 639 (nam.
2857 569 3009 644 m);
3044 551 3431 643 siienimazqua
3493 574 3502 596 ν

1854 651 2007 710 lance
2044 658 2329 725 pensandae
2353 668 2533 713 essent
2557 674 2689 714 crux
2714 668 2768 715 et
2780 659 2986 729 lancea,
3012 661 3152 717 sicut
3172 661 3444 718 Dominus
3479 679 3502 690 "

1855 746 1990 800 dixit
2014 765 2025 799 :
2061 745 2251 802 Omnes
2271 750 2362 818 qui
2383 749 2615 818 gladium
2637 753 2944 822 acceperint,
2974 751 3150 822 gladio
3169 753 3430 825 peribunt,

1855 833 1932 889 ita
1963 835 2286 892 snbinl‘erret
2312 852 2326 890 :
2350 834 2548 893 Omnes
2568 839 2659 908 qui
2686 842 3246 910 acceperintcrucem,
3276 856 3438 898 cruce
3493 849 3498 852 '

1857 935 1912 981 et
1940 927 2218 995 peribunt;
2251 928 2508 996 itemque,
2561 943 2683 984 cum
2728 930 3003 1002 discipulis
3051 932 3296 988 diceret:
3330 934 3434 1000 Qui
3494 939 3500 962 ί

1857 1016 1966 1070 vult
1988 1027 2101 1087 post
2131 1035 2212 1072 me
2236 1020 2427 1085 venire,
2454 1020 2666 1091 abneget
2692 1025 3042 1094 semetipsum,
3078 1034 3127 1079 et
3149 1026 3299 1080 tollat
3320 1044 3441 1081 cru—
3491 1029 3498 1050 ⁷

1860 1124 1968 1162 cem
1992 1127 2166 1175 suam,
2198 1119 2246 1164 et
2275 1119 2520 1182 sequatur
2551 1127 2671 1178 me;
2699 1121 2753 1168 et
2776 1132 2789 1168 :
2817 1113 2919 1179 Qui
2954 1133 3060 1171 non
3088 1117 3442 1188 bajulat'cru—

1861 1214 1969 1250 cem
1997 1215 2169 1264 suam,
2194 1209 2242 1253 et
2263 1201 2497 1270 sequitur
2520 1218 2622 1266 me,
2663 1217 2765 1256 non
2808 1213 2884 1257 est
2921 1223 3001 1259 me
3041 1206 3230 1277 dignus
3270 1208 3434 1280 (Luc.

1861 1285 1985 1359 xiv)
2005 1328 2018 1350 ,
2049 1303 2113 1342 eo
2137 1291 2296 1344 modo
2319 1289 2523 1345 diceret
2557 1309 2569 1344 :
2601 1290 2702 1358 Qui
2729 1290 2841 1347 vult
2864 1303 2983 1362 post
3009 1312 3095 1351 me
3120 1298 3329 1363 venire,
3355 1314 3446 1352 ac-

1862 1377 2028 1446 cipiat
2053 1378 2292 1432 lanceam
2335 1395 2487 1435 suam
2525 1382 2577 1435 in
2621 1397 2806 1449 manu,
2848 1393 2901 1438 et
2925 1394 3183 1456 sequatur
3227 1401 3334 1444 me.
3378 1390 3446 1443 Et

1860 1467 1952 1537 qui
1993 1465 2235 1523 lanceam
2266 1486 2418 1524 suam
2441 1487 2546 1526 non
2574 1481 2755 1542 portat
2782 1475 2836 1529 in
2865 1491 3049 1544 manu,
3080 1493 3186 1533 non
3227 1487 3311 1535 est
3357 1497 3444 1534 me
3489 1489 3494 1500 '

1865 1556 2078 1625 dignus.
2105 1555 2238 1612 Nam
2267 1559 2462 1615 Petrus
2492 1561 2799 1634 increpatus
2827 1573 2910 1619 est
2934 1580 3056 1620 eum
3087 1567 3328 1638 gladium
3360 1585 3449 1624 ac-

1864 1647 2118 1716 cepisset,
2157 1657 2212 1703 et
2237 1652 2544 1707 admonitus
2573 1661 2633 1708 ut
2662 1670 2878 1713 crucem
2906 1656 3094 1724 ferret,
3123 1661 3340 1729 quando
3367 1663 3446 1716 di-
3490 1677 3494 1686 '

1865 1749 2010 1797 ctum
2037 1751 2122 1798 est
2158 1745 2207 1798 ei
2238 1763 2250 1798 :
2284 1745 2512 1817 Sequere
2538 1766 2637 1804 me.
2671 1751 2725 1805 In
2749 1767 2856 1822 quo
2904 1763 3083 1807 autem
3134 1769 3256 1809 eum
3298 1758 3448 1826 sequi
3489 1787 3492 1790 ι

1798 1833 2112 1914 B'deberet,
2161 1837 2446 1893 manifeste
2472 1841 2731 1914 Dominus
2750 1842 2800 1898 ei
2825 1846 3081 1910 ostendit,
3120 1862 3242 1901 cum
3279 1847 3448 1903 dicit:

1871 1923 2003 1979 Cum
2029 1944 2165 1981 esses
2180 1929 2382 1997 junior,
2411 1933 2660 2002 cingebas,
2677 1944 2748 2002 te,
2770 1944 2821 1989 et
2843 1937 3150 1992 ambulabas
3185 1939 3270 1992 ubi
3298 1941 3450 1994 'vole-
3487 1943 3490 1948 ’

1871 2013 1984 2080 bas,
2009 2025 2112 2072 etc.
2151 2017 2344 2090 (Joan.
2374 2021 2531 2093 xxx).
2576 2023 2642 2078 Et
2667 2039 2735 2079 ne
2761 2025 2920 2080 dubia
2949 2029 3213 2082 sententia
3254 2030 3308 2083 in
3349 2031 3476 2085 hac'

1871 2123 1930 2164 re
1955 2110 2168 2166 animus
2200 2121 2386 2168 noster
2417 2115 2724 2182 duceretur,
2772 2121 3104 2187 evangelista
3131 2123 3452 2180 subsecutus
3488 2133 3492 2150 '

1869 2209 1953 2254 est
1979 2217 1992 2252 :
2023 2199 2138 2254 Hoc
2164 2211 2358 2267 autem,
2389 2205 2580 2274 inquit,
2606 2207 2758 2271 dixit,
2793 2209 3096 2279 signiﬁcans
3139 2229 3243 2283 qua
3289 2225 3452 2269 morte

1869 2289 2258 2359 clariﬁcaturus
2300 2305 2429 2350 esset
2473 2297 2638 2352 Deum
2671 2297 2906 2373 (Ibid.).
2949 2301 3149 2358 Adorei
3179 2319 3307 2375 ergo
3339 2305 3451 2360 ha:-

1869 2383 2072 2438 reticus
2099 2385 2323 2454 quilibet
2350 2387 2614 2455 lanceam,
2638 2391 2906 2462 dogmatis
2937 2393 3188 2450 videlicet
3227 2397 3310 2452 sui
3364 2411 3454 2450 ne-
3481 2409 3484 2412 ‘

1869 2474 2119 2543 quitiam,
2165 2477 2518 2550 admistisque
2551 2483 2852 2551 agminibus
2882 2483 3000 2557 Gog
3027 2495 3083 2541 et
3110 2486 3318 2560 Magog,
3359 2489 3452 2558 qui
3483 2495 3485 2498 ’

1868 2567 2301 2638 interpretantur
2327 2581 2536 2639 tectum,
2569 2573 2652 2629 vel
2678 2575 2742 2628 de
2770 2584 2924 2642 tecto,
2970 2587 3158 2633 contra
3205 2589 3450 2635 sanctam
3482 2587 3487 2606 ‘

1868 2655 2166 2714 Ecclesiam
2195 2676 2389 2731 magno
2424 2679 2544 2718 cum
2577 2666 2862 2735 supercilio
2885 2677 2940 2722 et
2958 2683 3151 2740 pompa
3173 2686 3448 2726 armorum
3479 2691 3484 2700 ι

1867 2746 2183 2814 bellaturus,
2215 2753 2509 2821 pauperina
2531 2752 2724 2825 [Forte
2752 2759 3132 2832 pauperrima]
3158 2759 3274 2828 ejus
3300 2777 3450 2816 arma
3477 2773 3484 2780 ’

1867 2846 2220 2894 contemnens
2240 2851 2514 2910 procedat.
2557 2843 2687 2913 Ejus
2706 2855 2886 2902 autem
2910 2849 3015 2903 erit
3045 2850 3111 2904 de
3133 2849 3452 2906 fortitudine
3477 2871 3480 2874 ·

1868 2931 2012 3000 regis
2042 2931 2124 2984 sui
2154 2932 2448 2998 conﬁdere,
2488 2944 2545 2990 et
2584 2937 2764 2993 crucis
2808 2940 3005 2994 vexillo
3045 2956 3163 2996 sese
3215 2943 3448 3005 munire,

1866 3029 2028 3090 atque
2051 3023 2130 3075 eis
2156 3025 2494 3094 expugnatis,
2527 3040 2714 3081 eorum
2742 3041 2892 3082 arma
2912 3043 3008 3097 per
3042 3037 3246 3099 septem
3274 3047 3446 3086 annos

1868 3111 1980 3182 igni
2011 3115 2360 3180 succendere,
2389 3115 2440 3169 id
2463 3123 2569 3182 est,
2617 3118 2671 3171 in
2706 3120 3010 3189 septenario
3060 3137 3283 3176 numero
3329 3120 3452 3191 Spi-

163 3199 278 3252 riis
317 3199 613 3269 ﬁgurarum
658 3203 863 3259 umbris
889 3214 943 3258 et
969 3205 1348 3278 allegoriarum
1397 3210 1584 3282 ﬁguris
1625 3213 1765 3267 utili-

1871 3205 2006 3259 ritus
2029 3206 2200 3261 sancti
2230 3207 2383 3261 donis
2414 3216 2626 3264 sacrato
2652 3219 2814 3279 atque
2852 3210 3115 3282 perfecto,
3143 3223 3451 3269 armaturas

162 3299 345 3346 tatem
372 3292 501 3361 ligni
529 3293 957 3350 victoriosissitni
997 3299 1373 3366 adumbrabat,
1425 3302 1579 3371 cujus
1628 3313 1767 3358 atta—

164 3391 269 3435 ctu
317 3381 451 3454 legis
491 3383 689 3450 littera,
739 3387 956 3452 dudum,
1008 3391 1365 3447 amaritudine
1411 3393 1757 3464 impediente,

165 3475 554 3544 impossibilis,
589 3492 734 3532 nunc
765 3477 880 3545 ejus
911 3488 1162 3536 contactu
1193 3481 1332 3537 facta
1361 3493 1444 3538 est
1490 3495 1618 3555 potu
1669 3489 1768 3542 ha-

165 3565 324 3620 bilis.
356 3565 610 3636 Legimus
651 3569 812 3622 etiam
858 3571 924 3624 de
967 3586 1127 3627 cruce
1167 3574 1480 3642 przedictum
1511 3593 1525 3629 :
1559 3575 1628 3630 Et
1667 3580 1766 3632 erit

172 3657 368 3729 (haud
395 3657 613 3711 dubium
639 3659 768 3727 quin
799 3660 914 3714 sive
938 3661 1128 3717 beatus
1157 3663 1243 3716 vir
1263 3679 1294 3718 a
1324 3680 1430 3734 quo
1469 3666 1764 3722 beatitudi-

167 3763 308 3803 nem
331 3749 704 3819 adipiscuntur
727 3767 914 3807 omnes
941 3754 1032 3823 qui
1054 3755 1194 3810 beati
1219 3763 1363 3822 sunt,
1389 3758 1502 3812 sive
1540 3759 1767 3828 quilibet

166 3839 548 3893 membrorum
575 3839 722 3913 ejus)
755 3851 1002 3912 tanquam
1050 3843 1248 3914 lignum
1293 3847 1432 3916 quod
1469 3846 1767 3919 plantatum

164 3943 331 3981 secus
355 3932 606 3983 decursus
633 3947 890 4002 aquarum
917 3931 1098 4004 (Psal.
1133 3933 1201 4006 ι).
1254 3934 1635 4006 Nunquidnam
1681 3940 1761 3995 di-

166 4019 360 4074 citur?
382 4020 450 4074 Et
469 4022 573 4075 erit
591 4031 846 4091 tanquam
873 4025 1079 4080 arundo
1109 4041 1265 4082 secus
1297 4029 1444 4099 ripas
1482 4029 1766 4088 ﬂuviorum

166 4109 537 4180 palustrium?
561 4112 684 4167 Scio
709 4123 879 4180 certe,
917 4116 1030 4170 scio
1062 4118 1190 4186 quid
1239 4119 1293 4173 in
1338 4121 1425 4176 his
1472 4122 1566 4177 tibi
1610 4124 1762 4182 velis.

168 4196 476 4254 Recoluisti
528 4200 774 4258 fortassis
839 4203 1138 4260 siccitatem
1186 4208 1438 4280 IEgyptio
1485 4213 1694 4269 calamo
1734 4231 1766 4269 a

167 4289 408 4343 Domino
429 4291 766 4356 comminari,
796 4292 850 4347 id
878 4302 980 4359 est,
1012 4310 1262 4352 sermone
1314 4314 1482 4355 vacuo
1529 4313 1585 4356 et
1626 4304 1764 4358 nihil

168 4380 232 4434 in
262 4393 321 4433 se
341 4379 568 4434 solidum
594 4382 835 4448 habenti,
860 4383 988 4438 dum
1021 4385 1089 4439 de
1137 4401 1202 4440 eo
1245 4387 1444 4444 dicitur
1469 4409 1482 4444 :
1513 4394 1768 4447 Attenua-

170 4471 376 4524 buntur
403 4479 451 4523 et
474 4472 811 4525 siccabuntur
830 4474 924 4526 rivi
947 4491 1216 4545 aggerum,
1245 4478 1478 4533 calamus
1505 4491 1550 4534 et
1567 4481 1766 4550 juncus

169 4573 462 4616 marcescct
488 4562 633 4624 (Isa.
667 4565 812 4634 xxx).
848 4565 1078 4637 Ideoque
1122 4569 1389 4626 calamum
1441 4583 1589 4627 tuum
1618 4615 1632 4639 ,
1675 4591 1764 4629 va-

172 4669 342 4709 cuum
378 4669 604 4722 prorsus
638 4657 869 4722 ratione,
900 4659 1002 4712 hoc
1043 4661 1309 4716 consolari
1337 4664 1551 4719 voluisti
1582 4667 1759 4731 modo,

174 4751 238 4797 ut
272 4746 551 4799 conarer-is
587 4762 710 4800 eum
757 4748 987 4802 similem
1020 4751 1169 4804 cruci
1207 4755 1517 4822 ostendere;
1557 4763 1611 4810 et
1644 4757 1762 4826 pari

173 4835 362 4898 modo,
391 4844 450 4888 ut
473 4851 606 4890 crux
632 4851 663 4890 a
705 4837 952 4893 ﬁdelibus
976 4841 1251 4908 adoratur,
1290 4853 1346 4898 tu
1373 4861 1588 4916 quoque
1615 4847 1760 4901 cala-

172 4942 327 4980 mum
363 4936 511 4981 tuum
535 4943 628 4984 eos
655 4943 878 4999 cogeres
903 4933 1148 4986 adorare.
1185 4933 1269 5012 _Ad
1303 4937 1569 5004 ultimum,
1607 4940 1764 5008 quasi

176 5030 395 5075 tuarum
431 5022 664 5091 palmam
709 5024 1029 5090 naeniarum,
1074 5025 1355 5097 adjungis.

257 5126 278 5160 ε
299 5109 608 5164 Adorentur
627 5119 682 5165 et
702 5112 925 5179 lancea),
953 5115 1078 5183 quia
1108 5131 1247 5170 unus
1269 5117 1500 5172 militum
1521 5119 1578 5174 in
1601 5136 1762 5176 cruce

182 5219 202 5252 ι
225 5202 368 5256 latus
400 5201 515 5271 ejus
544 5206 775 5274 aperuit,
805 5208 945 5260 unde
975 5207 1130 5262 ﬂuxit
1151 5212 1370 5280 sanguis
1391 5218 1444 5265 et
1465 5226 1629 5280 aqua,
1675 5228 1762 5268 sa-

181 5310 204 5344 ‹
231 5304 511 5349 cramenta
557 5296 696 5350 unde
740 5296 1010 5352 formatur
1046 5299 1307 5355 Ecclesia.
1333 5321 1352 5354 ι
1400 5299 1519 5355 Jam
1560 5303 1759 5358 dudum

175 5382 236 5438 in
262 5385 339 5438 tui
364 5385 718 5441 admiratione
746 5389 996 5455 attonito,
1033 5392 1330 5448 constricto
1370 5402 1606 5464 gutture,
1650 5410 1761 5466 prae

177 5475 353 5531 multo
381 5485 600 5548 stupore
628 5480 792 5534 verba
821 5480 1100 5548 deﬁciunt,
1137 5492 1194 5538 et
1236 5484 1570 5542 solummodo
1613 5496 1762 5542 tanta

178 5561 259 5618 rei
291 5563 530 5620 novitate
560 5576 836 5636 permotus
865 5569 1055 5624 haesito
1081 5589 1095 5625 :
1121 5572 1379 5640 quidnam
1428 5573 1558 5628 illud
1597 5573 1763 5631 fuerit

178 5653 322 5724 quod
345 5654 543 5710 lanceae
572 5657 868 5711 Dominica:
894 5659 1163 5728 passionis
1189 5661 1393 5716 faciens
1433 5665 1760 5719 mentionem

181 5761 288 5801 non
319 5746 588 5802 recoluisti
615 5749 744 5817 quid
792 5749 1050 5803 Dominus
1084 5751 1153 5808 de
1175 5753 1352 5823 gladio
1381 5769 1482 5810 suo
1516 5763 1761 5827 tempore

623 5840 902 5905 PA'rnoL.
955 5842 1114 5907 CVI.

1851 3307 2056 3350 eorum
2089 3311 2276 3354 omnes
2299 3299 2639 3366 comburere,
2679 3310 2885 3368 contos,
2916 3313 2969 3358 et
2991 3305 3225 3368 lanceas,
3268 3313 3322 3359 et
3358 3305 3452 3360 ba-

1865 3387 2035 3454 culos,
2064 3403 2277 3454 manus,
2308 3390 2448 3445 sicut
2475 3392 2737 3462 scriptum
2765 3404 2850 3448 est
2880 3413 2893 3449 :
2923 3397 3114 3450 Arcum
3151 3407 3378 3452 conteret
3402 3408 3451 3452 et

1866 3478 2152 3549 confringet
2180 3497 2349 3546 arma,
2374 3491 2423 3535 et
2453 3493 2599 3537 scuta
2635 3486 2898 3540 comburet
2925 3489 3036 3557 igni
3063 3486 3244 3560 (Psal.
3271 3491 3407 3560 xcv)
3434 3502 3451 3550 ;

1866 3569 2054 3622 eodem
2076 3571 2238 3624 etiam
2281 3588 2389 3626 non
2442 3585 2838 3643 momentaneo,
2887 3580 2980 3633 sed
3030 3589 3249 3642 aeterno,
3301 3596 3452 3634 arma

1869 3664 1974 3711 tuae
2002 3673 2272 3727 perversae
2300 3659 2561 3717 doctrinae
2600 3665 2962 3720 comburenda
3010 3676 3134 3721 sunt
3166 3667 3293 3738 igni.
3320 3668 3453 3723 Hac-

1869 3753 2022 3800 tenus
2047 3747 2188 3817 stylo
2221 3752 2614 3816 prosecutionis
2647 3762 2847 3808 nostrae
2892 3769 2960 3810 ex
3013 3758 3334 3813 auctoritate
3373 3761 3426 3814 di

1866 3837 1992 3891 vina
2013 3846 2068 3892 et
2093 3849 2404 3894 sanctorum
2429 3841 2648 3897 Patrum
2679 3845 2942 3912 doctrina,
2990 3855 3046 3902 et
3097 3864 3165 3903 ex
3207 3851 3291 3905 his
3333 3868 3453 3921 quae

1866 3930 2126 3984 Dominus
2161 3932 2337 3985 sobrie
2376 3933 2787 3990 subministrare
2817 3938 3068 4010 dignatus
3109 3949 3211 4006 est,
3247 3943 3375 4011 tuis,
3417 3958 3452 3999 ο

1866 4018 2074 4085 Claudi,
2109 4021 2306 4090 ineptis
2331 4030 2387 4077 et
2422 4024 2783 4083 stolidissimis
2831 4032 3259 4100 oppositionibus
3286 4035 3454 4091 ratio-

1866 4113 2118 4168 nabiliter
2144 4115 2394 4170 obviasse
2431 4115 2679 4172 sufﬁciat.
2706 4118 2860 4176 Nunc
2887 4132 3068 4179 autem
3115 4127 3239 4196 quia
3285 4127 3454 4197 liquet

1866 4202 1936 4256 ob
1955 4203 2391 4271 praedicationem
2446 4207 2838 4264 adorandorum
2887 4213 3161 4270 asinorum
3203 4227 3257 4271 et
3295 4227 3454 4274 caete-

1866 4308 2049 4348 rarum
2078 4295 2476 4351 insensatarum
2504 4313 2707 4365 rerum,
2739 4315 2875 4370 quas
2901 4319 3054 4374 aeque
3083 4316 3143 4361 ut
3192 4323 3452 4366 veneran-

1865 4384 1990 4438 dam
2009 4401 2223 4442 crucem
2238 4387 2539 4446 adorandas
2557 4394 2862 4451 vecorditer
2883 4397 3275 4469 dogmatizasti,
3303 4413 3466 4458 tuam.

1867 4473 2166 4529 doctrinam
2191 4477 2335 4531 nullo
2361 4489 2520 4549 pacto
2543 4482 2773 4538 conferri
2804 4501 2963 4555 posse
2990 4488 3081 4543 ulli
3105 4506 3249 4546 sana:
3279 4509 3448 4548 verae-

1788 4561 1841 4620 D
1866 4581 1972 4635 que
1999 4565 2121 4620 ﬁdei
2147 4568 2424 4634 doctrinae,
2453 4575 2800 4640 quaerendum
2841 4578 3000 4633 nobis
3042 4581 3256 4635 videtur
3297 4583 3450 4652 cujus

1870 4657 2171 4723 comparari
2196 4659 2367 4727 possit
2391 4659 2539 4717 falsa:
2577 4663 2856 4721 doctrinae.
2907 4668 2973 4722 Et
3000 4670 3125 4739 quia
3171 4673 3448 4728 catholicae

1870 4743 1992 4803 ﬁdei
2024 4746 2334 4802 doctoribus
2358 4753 2623 4820 coaequari
2660 4763 2716 4809 et
2743 4755 2798 4808 in
2837 4757 2984 4814 nullo
3021 4744 3305 4815 assimilari
3351 4778 3450 4830 po-

1871 4843 1996 4900 test,
2020 4837 2215 4891 merito
2242 4853 2431 4893 eorum
2457 4843 2548 4910 qui
2569 4851 2724 4898 extra
2770 4847 3068 4904 Ecclesiam
3113 4860 3240 4904 sunt
3288 4853 3446 4908 dictis

1870 4935 1924 4980 et
1953 4926 2108 4981 factis
2151 4928 2463 4997 applicanda
2485 4940 2587 4986 est.
2614 4933 2749 5000 Quia
2778 4951 2906 5005 ergo
2925 4939 3296 5006 compellimur
3319 4957 3448 5013 gen-

1878 5016 2042 5071 tilium
2073 5018 2227 5074 factis
2255 5028 2308 5075 et
2352 5022 2513 5078 dictis
2550 5027 2951 5094 praedicationis
2997 5038 3102 5084 tua;
3145 5033 3446 5092 assimilare

1869 5110 2207 5177 documenta,
2243 5114 2438 5170 nullius
2473 5119 2650 5187 aptius
2694 5122 3185 5190 congruentiusque
3219 5124 3361 5181 dicto
3390 5138 3444 5182 et

1866 5199 2008 5254 facto
2035 5203 2304 5272 adaquari
2332 5214 2506 5274 potest
2539 5224 2699 5278 quam
2748 5210 2914 5263 Sileni
2957 5211 3096 5266 vatis
3143 5215 3439 5281 temulenti,

1867 5292 2124 5348 simillimi
2156 5295 2255 5360 tui,
2286 5298 2354 5351 de
2376 5313 2484 5367 quo
2509 5301 2698 5356 scribit
2723 5300 2864 5356 Naso
2891 5319 2906 5356 :

1990 5424 2166 5492 Ebrius
2190 5439 2308 5492 ecce
2330 5443 2485 5478 senex
2516 5431 2669 5492 pando
2693 5430 2890 5481 Silenus
2913 5433 3065 5484 asello

2052 5487 2146 5538 Vix
2166 5490 2328 5552 sedet,
2355 5499 2406 5540 et
2432 5487 2622 5553 pressas
2642 5495 2862 5543 continet
2880 5503 2990 5547 arte
3012 5510 3194 5551 comm

1867 5590 1942 5647 De
1969 5607 2078 5662 quo
2111 5593 2187 5648 ita
2211 5593 2361 5648 Maro
2381 5593 2597 5666 (Eclog.
2621 5611 2705 5665 vr,
2732 5599 2862 5671 xm)
2892 5620 2904 5654 :

1994 5705 2212 5777 Pergite,
2236 5707 2477 5777 Pierides.
2498 5708 2714 5777 Chromis
2739 5719 2792 5777 et
2812 5711 3049 5776 Mnasylus
3074 5719 3122 5764 in
3145 5722 3302 5777 antro,

1993 5769 2210 5818 Silenum
2234 5775 2377 5832 pueri
2399 5782 2567 5850 eorum
2590 5771 2759 5823 videre
2778 5769 3045 5838 iacentem,

2968 5862 3043 5920 12
