3964 6482
137 398 255 471 808‘
1194 398 1283 465 et!
1318 396 1551 485 metu
1586 396 1746 459 tunc

1851 396 1949 458 JH.
1985 430 2059 445 -
2086 398 2229 454 LIB!
2252 395 2341 454 HL
3299 394 3439 465 δοθῇ

136 522 503 590 Ῑῆέἥῦδέᾒςς
527 518 792 579 motare
1138 522 1349 590 absque
1369 521 1481 575 uno
1525 519 1725 574 dioere-
1751 513 2053 585 grientur,
2080 522 2207 581 quia
2229 511 2495 571 adversus
2519 510 2767 565 sanam
2793 516 3025 564 matre-1
3060 514 3125 565 et
3161 504 3409 567 altritem

140 618 307 673 tionis
332 624 386 672 et
406 613 794 671 moderationis
811 611 1107 677 obstaculo,
1136 620 1209 679 et,
1239 616 1298 666 ut
1325 612 1504 666 verius
1532 610 1751 674 dicen»
1832 614 2079 661 nostram
2096 600 2415 667 estbellcatn
2446 599 2795 673 apostolicam
2814 599 3118 655 Ecclesium
3142 597 3415 670 vitupera-

143 702 621 777 inipudentissime
640 714 739 761 ore
755 703 1063 775 specialiter
1085 703 1358 759 eructastl.
1386 703 1447 758 Si
1469 701 1635 772 igitur
1654 706 1735 754 tot
1831 696 1997 752 tionis
2023 701 2085 751 et
2113 693 2475 751 insultationis
2500 693 2676 765 gratia
2698 689 3032 762 scriptitasti.
3074 688 3429 777 (buthroti,er

139 797 423 867 tantisque
464 798 739 868 nugarum
776 802 991 850 tuarum
1037 794 1230 850 naenlis
1263 806 1385 863 quae
1428 791 1737 862 supradicto
1832 800 2057 843 necesse
2100 791 2187 841 est
2227 789 2288 838 ut
2313 780 2563 840 sladhuc
2591 784 2649 839 in
2676 780 3207 840 tenein-isinvolntus
3228 779 3431 837 delita-3

135 890 493 947 continentur
515 894 792 960 excerpta,
828 896 937 945 non
980 886 1086 944 nisi
1140 886 1310 944 tribus
1348 884 1562 953 iibelils,
1612 894 1738 957 pro-
1836 879 1963 951 scit,
1992 878 2047 932 in
2071 875 2250 933 lucem
2276 874 2608 947 proferatur.
2634 876 2696 931 ut
2720 873 2989 938 videtur.
3020 871 3254 943 mars
3284 883 3418 933 Oxa-

136 984 268 1052 pter
313 982 693 1038 enormitatem
720 976 1170 1038 inomicinnarunt
1199 988 1254 1036 et
1281 978 1607 1035 minearum
1657 976 1738 1033 di-

137 1072 387 1129 ctionum
411 1082 628 1155 tuarum
657 1070 977 1130 msuhatum
1017 1079 1122 1140 est,
1156 1076 1373 1144 quanta
1412 1072 1571 1143 putas
1611 1078 1740 1142 prd-

142 1160 400 1229 lixltatls,
431 1169 649 1235 quantae
669 1160 1055 1235 magnitudinis
1084 1160 1211 1218 libri
1254 1160 1567 1217 necessario
1613 1168 1741 1216 con-

138 1252 375 1325 gerendi
398 1263 454 1311 et
487 1252 745 1310 exarandi
767 1258 949 1321 erum,
978 1268 1101 1310 cum
1123 1253 1507 1326 integertotins
1520 1248 1743 1323 Hujusce

141 1346 327 1418 inepti
352 1354 406 1404 et
432 1342 786 1403 exsecrabilis
810 1342 991 1418 cperis
1015 1344 1093 1401 tul
1114 1341 1306 1412 codex,
1352 1350 1512 1416 quem
1552 1348 1742 1401 contra

139 1437 533 1493 auctoritatem
573 1444 633 1493 et
672 1436 1079 1507 cititplicitatem
1124 1435 1517 1492 ecclesiasth
1576 1432 1742 1491 disci—

134 1531 312 1602 pline
335 1531 630 1603 digessisti;
662 1524 721 1586 ei
758 1536 874 1599 iam
912 1529 1029 1585 fato
1063 1526 1363 1585 venerabili
1406 1528 1525 1584 viro
1566 1525 1745 1583 Thett-

136 1621 362 1678 demtro
387 1616 573 1678 abbati
594 1622 810 1687 misisti,
842 1621 897 1676 tn
929 1626 1123 1676 insitus
1155 1620 1457 1692 peritorum
1501 1619 1744 1675 vti-erum

136 1710 465 1769 devenerit?
499 1710 657 1769 Sicut
677 1713 824 1768 enim
861 1722 926 1767 ea
968 1716 1260 1778 testantur,
1309 1720 1366 1767 et
1397 1710 1745 1766 cernentibus

135 1812 316 1876 atque
335 1805 641 1877 legentibus
668 1803 829 1861 ﬁdem
852 1805 1171 1871 attribuunt,
1202 1814 1325 1874 quae
1342 1814 1374 1859 a
1397 1811 1453 1859 te
1474 1803 1531 1857 in
1552 1802 1745 1858 eodem

1836 970 2107 1036 minetur,
2155 975 2213 1023 et
2248 966 2508 1037 quidquid
2540 965 2742 1027 erroris
2768 972 2824 1020 et
2846 962 3197 1035 blasphemia
3228 968 3421 1019 contra

1837 1074 1941 1119 nos
1960 1068 1991 1117 at
2025 1070 2085 1118 te
2110 1060 2413 1132 iaculum
2439 1058 2706 1123 eoltlmt,
2728 1057 2953 1121 sciatur;
2974 1056 3138 1127 eique
3152 1052 3419 1113 ecclesia-

1840 1154 1997 1210 sticis
2021 1151 2457 1222 allegationibus:
2472 1148 2622 1218 justo
2654 1147 3161 1217 nationabilitorque
3183 1143 3433 1217 retrusa»

1842 1250 1954 1301 tur.
2017 1244 2285 1313 Quoniam
2332 1243 2437 1299 nisi
2476 1241 2740 1297 model-no
2788 1247 3056 1309 tempore,
3100 1244 3433 1306 mutatoque

1841 1340 2072 1412 quesita
2102 1341 2355 1395 inventus
2386 1345 2442 1394 et
2468 1338 2527 1393 in
2553 1334 2788 1391 medium
2825 1332 3102 1403 prolem,
3130 1330 3437 1399 solqu

1844 1434 2026 1490 studio
2068 1434 2415 1490 examinatus
2459 1436 2514 1486 et
2554 1429 2909 1501 repudiatus,
2949 1424 3168 1497 ignique
3194 1422 3431 1478 traditis

1845 1524 2032 1592 fixerit,
2056 1525 2356 1581 verendum
2383 1528 2466 1579 est
2492 1528 2563 1577 ne
2584 1521 2631 1577 si
2659 1518 2857 1577 futuris
2884 1517 3218 1587 temporibus
3241 1514 3313 1579 ad
3332 1527 3431 1568 no—

1846 1616 2027 1672 titiam
2080 1615 2408 1688 simplicium
2455 1614 2689 1671 fratrum
2736 1610 2949 1666 delatus
3000 1608 3195 1673 fuerit,
3250 1612 3439 1663 textus

1848 1708 1994 1764 illius
2045 1707 2339 1765 exitiabilis
2391 1708 2460 1763 ab
2501 1706 2584 1763 eis
2626 1705 2807 1761 lectus
2848 1712 3015 1772 atque
3046 1698 3437 1771 pracognitus,‘

1848 1798 2129 1855 mortifero
2151 1796 2234 1855 sui
2265 1800 2471 1856 ert-oris
2495 1799 2689 1855 morbo
2706 1806 2807 1854 eos
2831 1793 3166 1853 contaminet
3187 1790 3437 1847 eauoios~

134 1902 414 1968 neci-pte
449 1898 648 1968 scripta
672 1896 925 1971 leguntur
946 1897 1116 1953 multo
1144 1890 1495 1952 sceleratiora
1522 1901 1579 1949 et
1604 1885 1753 1949 dete-
1778 1897 1827 1958 Β
1853 1905 1959 1962 que
1983 1889 2202 1958 emetat,-
2227 1897 2289 1947 et
2318 1891 2635 1962 pestiferam
2680 1887 2981 1960 perniciem
3022 1881 3309 1956 animum
3336 1895 3438 1938 eo-

135 1984 432 2043 stabiliora
472 1985 529 2041 in
567 1986 761 2042 eodem
793 1987 1205 2057 perversisstmo
1226 1986 1415 2042 codice
1441 1990 1541 2040 tuo
1587 1988 1745 2056 repe-

1855 1996 1978 2038 rnm
2004 1979 2256 2038 ﬂebiliter
2277 1979 2546 2039 infundat.

1346 2248 1645 2333 LIBER
1715 2252 2202 2334 TERTIUS.

212 2474 365 2536 Ecce
387 2472 503 2549 Iam
530 2470 744 2551 t'einpus
770 2472 941 2535 insuit
965 2468 1022 2533 et
1046 2479 1180 2534 ordo
1215 2464 1296 2535 ὶδόί
1332 2477 1398 2535 de
1425 2482 1531 2549 qua
1559 2482 1739 2554 agitur

133 2568 399 2641 exposcit
438 2574 499 2625 ut
536 2568 753 2627 tandem
785 2570 1066 2626 veniamus
1092 2566 1159 2625 ad
1192 2585 1255 2627 ea
1280 2564 1399 2642 quae
1430 2564 1740 2643 specialiter

139 2668 461 2718 memorato
506 2660 867 2718 Theodemiro
890 2659 1185 2717 venerabili
1230 2656 1430 2729 abbati,
1470 2656 1736 2732 oClaudi,

133 2743 403 2820 obiecisti
426 2793 443 2819 ,
488 2759 543 2809 et
585 2750 682 2825 per
710 2748 835 2810 eum
869 2746 1061 2810 eadem
1102 2746 1159 2808 in
1207 2770 1307 2810 nos
1347 2748 1539 2812 callide
1567 2754 1740 2813 retor-

135 2838 367 2914 quenda
409 2844 729 2916 praeparasti
752 2886 767 2913 ,
815 2840 941 2917 quia
981 2845 1109 2901 dum
1144 2842 1332 2903 missili
1370 2857 1463 2905 tuo
1489 2846 1656 2905 alium
1689 2859 1743 2907 te

135 2932 318 2992 ferire
343 2935 610 2994 simulasti
626 2978 641 3003 ,
685 2932 877 2994 eodem
904 2954 1004 2994 nos
1030 2934 1216 3009 aperte
1254 2934 1741 3013 fraudulenterque

132 3024 403 3082 lanceam
447 3024 666 3089 voluisti
696 3043 712 3081 :
742 3026 869 3083 nam
915 3036 973 3085 et
1020 3044 1142 3084 cum
1182 3030 1368 3087 multis
1404 3026 1525 3089 aliis
1562 3033 1741 3089 insani

1845 2480 2148 2567 pertenuis,
2176 2466 2231 2535 'et
2254 2462 2384 2533 flatu
2404 2464 2648 2567 levitatis
2666 2468 2965 2567 raptabilis,
2994 2470 3430 2551 quaquaversum

1845 2556 2024 2630 visum
2062 2556 2230 2628 fuerit
2258 2562 2473 2625 incaute
2510 2556 2914 2639 inscienterque
2956 2568 3232 2626 discurrit.
3272 2570 3429 2630 Unde

1847 2675 1905 2724 et
1927 2675 2113 2723 notam
2140 2656 2428 2730 falsitatis,
2454 2677 2617 2733 quam
2653 2652 2812 2716 fratri
2844 2670 2938 2718 tuo
2979 2656 3236 2722 invehere
3268 2681 3438 2722 cona-

1846 2760 1942 2827 ris,
1982 2776 2051 2816 ex
2094 2758 2275 2839 verbis
2320 2756 2428 2811 tuis
2473 2748 2770 2813 incurrisse
2810 2755 3168 2827 convinceris,
3209 2742 3265 2814 et
3289 2773 3443 2817 eum-

1847 2859 1972 2914 dem
1993 2854 2361 2913 venerabilem
2385 2853 2563 2908 virum
2590 2850 2872 2932 effugisse,
2900 2860 3160 2931 quantum
3199 2855 3267 2923 ad
3290 2870 3436 2926 prte-

1847 2956 2057 3005 sentem
2080 2946 2347 3002 rationem
2371 2944 2593 3017 attinet,
2622 2943 2861 2999 testaris.
2904 2944 2973 2999 Et
2997 2945 3112 3017 ipse
3137 2945 3284 3005 enim
3308 2946 3441 3002 alie-

1851 3055 1954 3107 nus
2004 3054 2036 3092 a
2081 3024 2319 3093 falsitate
2345 3036 2589 3101 exstitit,
2630 3035 2756 3107 quia
2798 3035 2942 3113 quod
2989 3042 3047 3089 tu
3084 3035 3139 3089 in
3178 3035 3436 3099 dictando

137 3117 423 3189 doghiatis
447 3116 523 3174 tui
545 3120 734 3181 ngeniis
764 3135 865 3175 nos
896 3114 1120 3175 inﬁcere
1148 3116 1474 3205 tentaveris,
1527 3123 1662 3179 adeo
1692 3132 1746 3179 te
1786 3202 1815 3205 _
1838 3126 2140 3203 detestaris
2163 3166 2180 3194 ,
2230 3134 2285 3181 te
2326 3124 2671 3205 prohibuisse
2710 3124 2887 3179 dixit:
2916 3131 2972 3178 et
3007 3125 3240 3205 teipsum
3274 3124 3439 3185 falsa-

144 3208 324 3266 ctiani
365 3206 645 3265 lhlihictttii
674 3210 1152 3281 adt'ersariu‘inque
1190 3218 1390 3269 sanctae
1426 3204 1523 3269 Dei
1560 3214 1744 3272 Eccle-
1766 3202 1817 3266 7C
1844 3221 1989 3279 rium
2017 3202 2378 3291 comprobas',
2412 3217 2540 3289 quia
2574 3208 2717 3297 quod
2766 3214 2855 3271 hic
2881 3204 3224 3291 prohibuisse
3256 3227 3309 3274 te
3343 3234 3441 3277 ne-

146 3298 254 3357 site
279 3296 635 3369 c‘onstltuisti,
664 3306 725 3358 ut
752 3301 923 3357 divini
956 3301 1133 3359 cultus
1159 3303 1445 3371 honorem,
1475 3321 1636 3376 quem
1661 3321 1747 3363 re-

142 3389 339 3465 ligiosi
367 3390 615 3449 tenemus
638 3402 695 3449 et
718 3394 1060 3462 venei'amnr,
1100 3394 1382 3453 annullare
1398 3437 1414 3467 ,
1448 3392 1505 3453 et
1530 3408 1747 3456 sancto-

147 3492 281 3540 rum
303 3478 403 3538 Dei
430 3482 880 3542 intercessionem
922 3480 1139 3557 penitus
1171 3486 1225 3565 et
1249 3480 1746 3561 parvl'pe‘ndendam

142 3570 522 3631 intetécmida
536 3574 715 3631 fronte
726 3580 1085 3647 prie-sumeres
1097 3574 1483 3649 dogmatizare.
1513 3578 1749 3637 Proinde

144 3662 377 3737 scriptis
388 3666 496 3721 t‘uis
509 3666 710 3722 sensim
722 3664 946 3740 legendo
954 3671 1256 3740 peragratis
1269 3678 1325 3727 et
1338 3664 1747 3740 animadversis,

145 3760 350 3816 contra
368 3757 574 3833 Singula
604 3770 695 3817 tua
720 3758 855 3818 falso
876 3760 1083 3832 objecta
1099 3804 1113 3831 ,
1148 3771 1204 3819 et
1224 3780 1323 3834 pro
1348 3762 1503 3820 nobis
1520 3805 1535 3832 ,
1573 3770 1627 3820 et
1652 3779 1751 3836 pro

146 3851 352 3909 eodem
381 3846 679 3910 Venerabili
702 3855 919 3921 abbate,
944 3852 1051 3910 imo
1076 3872 1173 3926 pro
1207 3844 1520 3911 defensione
1551 3866 1753 3911 sanctae

148 3945 356 4000 matris
409 3942 663 4002 Ecclesiae
707 3955 908 4003 nostrae
939 3949 1251 4016 catholicae,
1283 3949 1575 4022 incongrua
1608 3948 1753 4006 veri—

147 4038 379 4109 tateque
401 4036 597 4096 referta
620 4056 899 4112 responsa,
922 4048 976 4095 et
998 4041 1126 4098 lima
1150 4042 1319 4098 sancti
1346 4038 1580 4113 Spiritus
1600 4054 1752 4098 arma

147 4128 458 4201 apostolica
505 4143 733 4188 exacuta
757 4174 772 4201 ,
825 4133 880 4188 in
923 4136 1027 4189 hoc
1063 4132 1243 4192 libello
1271 4144 1460 4191 contra
1492 4137 1743 4205 ponenda

145 4218 468 4278 statuimus.
513 4218 807 4280 Processus
841 4240 970 4280 sane
1008 4226 1402 4297 prosecutionis
1442 4237 1546 4282 tuae
1570 4238 1674 4300 qua
1701 4228 1754 4282 te

149 4323 337 4370 totum
371 4313 424 4368 in
448 4312 561 4383 jam
590 4314 790 4371 dictum
830 4314 1194 4372 venerabilem
1226 4308 1477 4374 abbatem
1508 4318 1755 4375 Theode-

149 4406 364 4461 mirum
413 4405 690 4462 ell'reniter
745 4423 809 4462 ac
847 4408 1253 4478 prmeipitantcr
1298 4408 1540 4479 invehis,
1588 4410 1663 4466 ita
1694 4426 1755 4466 se

151 4496 333 4555 habet
360 4518 374 4551 :

1851 3329 1971 3391 gas,
2002 3314 2058 3368 in
2098 3312 2451 3383 sequentibus
2498 3304 2819 3366 detestanda
2851 3317 2905 3364 et
2949 3308 3276 3387 insultando,
3307 3312 3441 3385 quid

1850 3406 1918 3462 de
1952 3405 2056 3461 hac
2086 3420 2146 3460 re
2180 3402 2409 3481 sentias,
2451 3408 2636 3481 aperte
2669 3400 3031 3458 demonstras.
3079 3402 3235 3477 Quod
3258 3411 3443 3463 autem

1851 3497 2009 3579 quasi
2036 3496 2305 3555 rationem
2330 3493 2643 3571 redditurus
2671 3493 2948 3549 subnectis
2979 3512 2992 3547 :
3170 3560 3181 3579 η
3340 3560 3349 3573 ι

1927 3610 1946 3641 ‹
1989 3590 2103 3662 Ego
2140 3590 2287 3645 enim
2331 3588 2437 3642 iter
2478 3585 2609 3643 illud
2661 3599 2767 3641 non
2804 3585 3065 3659 approbo.
3100 3605 3121 3641 ι
3165 3585 3234 3641 Et
3269 3586 3440 3642 veluti

1851 3694 2125 3753 exponens
2149 3693 2317 3748 quare
2345 3675 2571 3755 dixeris,
2602 3672 2773 3733 infers
2798 3694 2811 3730 :

1842 3751 1848 3757 ’
1931 3791 1949 3823 ‹
1995 3751 2130 3838 Quia
2154 3758 2267 3827 scio
2294 3771 2436 3845 quod
2460 3754 2841 3824 necomnibus
2866 3760 3041 3843 obest,
3066 3784 3170 3825 nec
3192 3771 3447 3845 omnibus

1862 3882 1880 3917 ε
1925 3864 2191 3943 prodest,
2246 3876 2348 3917 nec
2409 3860 2662 3943 omnibus
2715 3858 2971 3945 proﬁcit,
3032 3850 3134 3916 nec
3189 3861 3447 3933 omnibus

1861 3975 1879 4009 ‹
1922 3942 2107 4010 oﬂicit.
2156 3972 2174 4005 ι
2219 3951 2361 4020 Quid
2389 3952 2472 4007 his
2500 3949 2683 4006 verbis
2708 3942 2956 4005 stolidius
2992 3951 3220 4025 reperiri
3249 3952 3443 4020 possit,

1855 4063 1965 4104 non
1995 4045 2153 4102 facile
2197 4044 2519 4101 invenerim.
2560 4040 2697 4113 Quid
2729 4041 2911 4117 enim?
2948 4040 3201 4125 Nunquid
3231 4058 3293 4099 ea
3325 4058 3448 4121 quae

1856 4139 2034 4195 media
2065 4138 2122 4191 in
2157 4132 2282 4191 vitae
2318 4144 2518 4192 nostrae
2559 4134 2770 4190 actibus
2802 4134 3071 4198 dicuntur,
3104 4133 3158 4189 id
3183 4142 3289 4201 est,
3327 4149 3448 4207 quae

1856 4233 1911 4287 in
1950 4234 2149 4287 bonam
2180 4228 2447 4284 malamve
2483 4234 2694 4297 partem
2726 4241 2758 4280 a
2789 4239 2909 4281 sese
2940 4226 3221 4285 utentibus
3246 4212 3449 4311 inflecti

1857 4336 2083 4399 queunt,
2112 4337 2454 4399 nequaquam
2479 4328 2606 4377 sunt
2629 4318 3007 4390 approbanda;
3048 4308 3445 4390 nunquidnam,

1856 4426 1917 4474 ut
1946 4404 2114 4499 multa
2142 4414 2460 4489 praeteriens
2500 4412 2567 4467 de
2595 4410 2865 4481 aliquibus
2903 4410 3144 4467 breviter
3182 4412 3447 4482 perstrin-

1857 4523 2001 4581 gam,
2030 4506 2331 4577 abiicienda
2367 4510 2494 4559 sunt
2530 4500 2760 4573 jejunia,
2784 4501 3136 4571 corporisque
3163 4500 3445 4558 eitenuati

234 4613 256 4645 ι
290 4588 446 4662 Quod
471 4609 598 4649 vero
620 4594 701 4650 ais
723 4596 867 4665 quod
895 4611 994 4669 ego
1016 4596 1336 4668 prohibeam
1360 4600 1613 4675 homines
1630 4613 1746 4671 ρω-
1769 4578 1824 4639 Ῑ)
1850 4578 2189 4655 abstinentiae
2213 4636 2228 4662 ,
2270 4595 2398 4665 quia
2438 4593 2557 4648 aliis
2598 4593 2815 4663 quidem
2861 4593 3086 4665 gloriam
3134 4602 3444 4665 praeparant

157 4702 178 4735 ι
228 4682 480 4740 nitentia:
502 4701 665 4741 causa
685 4702 912 4759 pergere
948 4686 1201 4755 Romam,
1228 4688 1424 4745 falsum
1464 4701 1521 4745 tu
1560 4682 1746 4763 loque-

163 4775 380 4828 (ηε.)
420 4764 611 4842 Valde,
661 4778 760 4831 nec
788 4780 980 4841 tamen
1029 4778 1141 4833 scio
1188 4779 1233 4835 si
1274 4780 1454 4853 digne,
1487 4783 1743 4849 admiror,

153 4866 303 4921 adeo
328 4875 381 4921 te
408 4856 588 4921 mente
618 4879 852 4939 captum,
903 4862 998 4922 aut
1032 4858 1179 4926 certe
1219 4868 1290 4925 ita
1330 4873 1617 4931 hebetasse
1649 4874 1747 4930 tibi

157 4967 410 5015 mentem
437 4948 737 5027 oblivione,
784 4950 844 5015 ut
884 4952 997 5018 huic
1036 4956 1371 5035 praemittens
1404 4981 1746 5036 nequaquam

159 5050 218 5104 in
247 5040 688 5122 praecedentibus
714 5065 901 5107 eorum
923 5040 1253 5109 memineris.
1292 5054 1556 5111 lnveniris
1595 5072 1749 5111 nam-

168 5157 285 5212 que
309 5142 367 5195 in
394 5130 787 5219 posterioribus
812 5142 917 5198 tuis
937 5136 1118 5211 dictis,
1148 5162 1256 5201 non
1282 5138 1443 5202 modo
1472 5147 1575 5202 iter
1595 5130 1746 5213 illud,

161 5218 439 5305 quantum
473 5234 527 5287 in
554 5242 604 5288 te
632 5230 755 5303 fuit,
783 5230 1125 5305 prohibuisse
1146 5278 1161 5303 ,
1193 5238 1285 5295 sed
1313 5238 1479 5293 etiam
1524 5218 1749 5293 Romam

159 5314 489 5400 pergentes,
533 5337 587 5382 et
610 5316 708 5398 per
736 5308 868 5383 illud
898 5329 1000 5384 iter
1027 5314 1377 5403 apostolicam
1404 5318 1751 5395 intercessio-

164 5432 296 5495 nem
325 5424 663 5485 quaerentes,
706 5414 878 5495 ruptis
916 5404 1302 5495 moderationis
1342 5404 1592 5486 habenis,
1640 5404 1752 5476 toto

161 5486 409 5561 suillisus
437 5498 557 5563 felle
577 5549 592 5575 ,
638 5502 693 5589 in
724 5486 913 5564 eorum
954 5490 1337 5589 contumeliam
1365 5496 1749 5579 debacchasse,

166 5588 605 5668 insipientiaeque
640 5582 804 5669 atque
834 5584 1075 5683 stultitiae
1115 5610 1298 5657 notam
1329 5594 1409 5657 eis
1443 5603 1749 5674 impegisse.

168 5676 285 5775 Sed
305 5678 418 5775 agit
441 5692 543 5747 hoc
566 5678 896 5765 lymphatica
921 5676 977 5748 et
1001 5684 1177 5775 inanis
1210 5696 1630 5766 stabilitatisque
1667 5711 1755 5751 ne-

169 5768 292 5834 scia
322 5768 533 5847 levitas,
566 5798 683 5851 quae
711 5782 855 5853 quod
898 5768 1157 5840 radicitus
1185 5794 1439 5858 tanquam
1478 5788 1643 5843 arbor
1671 5804 1756 5843 sa-

170 5869 396 5944 pientia
438 5872 589 5942 aquis
637 5890 743 5930 non
791 5872 1047 5946 irrigatur
1090 5878 1285 5934 divinis
1314 5920 1327 5944 ,
1380 5878 1545 5934 veluti
1574 5879 1752 5951 pulvis

1849 4688 2084 4743 futuram
2136 4694 2506 4763 aeternamque
2561 4683 2909 4750 satietatem,
2963 4685 3176 4741 dicente
3211 4682 3435 4753 judice:

1852 4770 2057 4844 Venite,
2091 4777 2344 4831 benedicti
2374 4773 2557 4830 Patris
2606 4778 2731 4844 mei,
2772 4776 3018 4847 percipite
3054 4793 3266 4848 regnum
3296 4777 3437 4849 quod

1840 4868 1989 4933 nobis
2020 4878 2261 4939 paratum
2305 4875 2379 4921 est
2416 4866 2479 4920 ab
2510 4867 2709 4937 origine
2738 4860 2953 4931 mundi;
2984 4868 3177 4920 eturivt'
3201 4866 3361 4927 enim.
3386 4877 3439 4921 et

1848 4959 2066 5015 dedistis
2103 4958 2230 5012 mihi
2255 4950 2576 5013 manducare
2595 4999 2609 5024 ,
2649 4966 2793 5024 etc.;
2827 4957 2960 5012 alios
2988 4966 3169 5012 autem
3192 4972 3289 5029 per
3317 4957 3435 5012 ina-

1846 5065 1975 5106 nem
2004 5047 2442 5113 ostentationem,
2468 5056 2522 5101 et
2552 5038 2773 5119 propter
2792 5063 2939 5103 aura:
2963 5038 3239 5118 popularis
3270 5062 3435 5119 appe-

1853 5140 2007 5194 titum
2036 5149 2275 5210 peracta,
2315 5136 2513 5194 vacuus
2545 5136 2789 5194 mercede
2815 5128 3107 5193 detrudunt
3133 5152 3190 5192 se
3222 5148 3433 5195 sectan-

1853 5242 1934 5288 tes
1958 5232 2008 5285 in
2031 5246 2248 5302 poenam
2269 5216 2645 5301 gebennalem,
2659 5226 2871 5286 dicente
2892 5220 3072 5285 cordis
3096 5220 3432 5302 inspectore:

1852 5306 2056 5389 Amen,
2110 5320 2227 5375 dico
2285 5314 2463 5386 vobis,
2534 5321 2795 5394 recepistis
2849 5310 3136 5375 mercedem
3187 5318 3431 5378 vostram.

1853 5404 2104 5486 Nunquid
2142 5404 2363 5469 castitas
2404 5406 2741 5485 reprobatur,
2796 5428 2916 5484 quae
2962 5398 3259 5470 sectatores
3306 5432 3435 5474 suos

1854 5524 1960 5585 non
1990 5492 2163 5562 selum
2204 5498 2258 5561 in
2296 5498 2476 5560 futura
2514 5504 2850 5561 beatitudine
2877 5502 3081 5577 angelis
3108 5496 3431 5581 coaequabit,

1855 5584 1951 5657 sed
1963 5600 2127 5656 etiam
2145 5596 2200 5654 in
2214 5598 2535 5655 mortalibus
2550 5597 2726 5653 adhuc
2737 5584 3053 5671 corporibus
3072 5600 3432 5679 imitationem

1857 5695 2154 5768 angelicam
2189 5694 2375 5749 videre
2412 5691 2710 5775 contendit,
2745 5684 2960 5753 dicente
2990 5688 3219 5775 Domino
3248 5708 3261 5746 :
3293 5680 3429 5760 Quia

1858 5782 1949 5841 lilii
1966 5783 2377 5841 resurrectionis
2392 5800 2493 5837 non
2506 5783 2718 5848 nubent,
2733 5800 2894 5856 neque
2908 5785 3100 5839 nubent
3108 5801 3191 5849 ur,
3208 5783 3299 5839 sed
3311 5795 3433 5839 sunt

1859 5878 1990 5932 sicut
2013 5877 2183 5947 angeli
2206 5875 2301 5930 Dei
2327 5878 2379 5929 in
2409 5873 2547 5929 caelis
2575 5874 2786 5948 (Matth.
2813 5875 2961 5949 XXV),
2985 5886 3270 5948 propterea
3300 5877 3427 5947 quia
