1942 3222
256 171 306 200 ’591

493 169 589 198 ΙΟΝᾹΞ
610 167 881 200 AURELIANENSIS
899 165 1049 211 EPI§COPI
1065 164 1152 194 HIST.
1168 162 1358 190 ’l‘ttANSLAT.
1378 166 1407 198 ξ.
1426 158 1606 189 HUCBERTL

1826 160 1871 188 593

256 228 420 257 cassaretur,
445 223 493 250 sed
515 230 596 257 super
617 210 746 256 optimam
761 225 863 248 terram
878 216 952 253 iacto
967 219 1042 246 verbi
1056 221 1082 251 Α
1094 219 1140 253 qui
1153 222 1196 245 est
1206 217 1401 257 incarnationis
1419 216 1567 257 Dominicre
1581 210 1823 251 octingentesimus
1841 216 1872 242 ri-

255 272 357 298 scmine
371 264 452 296 citius
468 263 647 303 centuplicalo
660 266 733 293 verbi
749 265 840 293 fenore
855 265 960 292 fructus
975 264 1042 291 mul-

255 309 438 351 tiplicaretur.‘
665 312 667 317 '
702 312 703 315 “
816 312 818 316 ’

289 361 315 389 5.
335 360 484 395 Coeperunt
506 358 588 393 igitur
610 357 789 392 undequaque
816 354 983 384 in‘eumdem
1004 354 1043 383 lo-

253 415 314 435 cum
330 396 516 441 religiositatis
531 404 648 431 cultores
665 402 808 435 confluere,
825 407 852 429 et
867 402 984 429 maxime
996 408 1043 427 no-

253 453 321 480 biles
331 452 383 479 viri
397 452 430 478 ex
442 450 605 477 menasterio
621 449 714 476 Sancti
729 447 868 476 Lamberti
884 455 908 480 ι,
924 447 968 482 qui
980 454 1044 480 apo-

256 498 358 526 stolicae
383 497 443 523 vitae
466 495 600 523 desiderio
625 495 732 522 accensi
758 498 846 527 erant,
878 494 1044 527 viriliterque

254 543 375 579 ejusdem
394 541 497 568 ordinis
513 541 601 568 vitam
611 548 718 568 morum
732 544 896 573 acutumque
909 539 1044 573 probitate

255 593 355 616 tenere.
372 587 422 620 Qui
442 590 585 621 postquam
601 586 699 612 detrita
718 589 818 612 sanetae
832 584 1045 612 conversationis

253 631 307 664 via,
323 640 381 666 qua:
395 630 460 658 olim
480 629 531 658 sibi
546 629 653 656 fuerant
679 638 784 664 aspera,
808 628 916 657 Christo
935 629 1045 655 ductore

254 683 395 713 cteperunt
410 677 468 703 ﬁeri
493 676 579 708 levia;
597 681 739 711 augmenta
755 683 810 702 suae
833 675 1006 709 perfectionis
1019 678 1047 701 et

254 723 405 752 devotionis
420 722 605 756 requirentes,
630 722 756 748 adierunt
771 721 919 756 praefatum
933 727 1046 748 venera-

255 770 335 797 bilem
349 776 382 795 ac
402 767 529 795 devotum
548 766 696 793 antistitem
712 766 899 799 Waleandum,
918 766 956 792 uti
985 766 1047 793 bea-

257 814 355 842 tissimi
373 814 503 841 Hueherti
516 813 639 851 praesulis
655 821 716 848 ossa
731 813 770 840 eis
783 821 800 840 a
814 813 873 840 loco
887 812 945 853 ejus
956 812 1045 846 sepul-

258 865 324 887 turm
341 860 509 894 permitteret
522 858 682 890 transferre,
704 863 731 887 et
744 857 770 885 tn
784 858 879 886 cellam
899 863 954 884 sua:
968 857 1047 884 habi-

1093 265 1209 292 cesimus
1231 253 1350 298 quintus,
1364 261 1509 289 ‘un'deci‘m‘o
1520 255 1661 289 Kalendas
1684 260 1828 294 Octobris",
1841 263 1872 289 ad

1093 308 1241 338 beatissimi
1266 305 1432 337 confessoris
1444 312 1555 336 ventum
1576 308 1618 337 est
1633 305 1739 342 urnam;
1752 310 1756 327 ³
1767 306 1845 345 atque
1861 318 1873 337 η

1088 355 1280 382 ‘sacerdotibus
1294 360 1356 381 cum
1381 355 1498 381 maxima
1522 350 1673 382 reverentia
1692 362 1708 381 a
1723 350 1874 389 loco:

1095 406 1162 428 turea
1175 400 1233 434 ejus
1254 399 1363 432 eﬁ'ossa,
1380 397 1552 434 indidemque
1576 398 1772 435 cum‘religio'si
1797 400 1876 435 populi

1094 447 1246 483 gradusque
1261 443 1436 474 ecclesiastici
1451 444 1604 480 frequentia
1617 447 1648 473 in‘
1660 446 1732 473 beati
1747 445 1875 473 [ambiet-ti

1094 491 1235 519 ecclesiam
1261 491 1345 519 sancti
1360 498 1423 519 ossa
1447 495 1511 519 sunt
1533 494 1707 524 transvecta,
1730 490 1876 519 ubi“tridu'o

1094 538 1263 566 orationibus
1283 541 1312 564 et
1337 537 1436 572 vigiliis
1459 542 1614 573 prosecuta,
1640 538 1728 573 pridie
1753 537 1877 567 Kalendas

1096 583 1221 611 Octobris
1237 583 1270 610 ad
1294 579 1473 610 memoratum
1499 583 1694 611 monasterium
1719 591 1785 610 cum
1804 583 1876 610 locqu

1095 636 1145 655 suo
1159 631 1222 655 sunt
1244 628 1358 662 perlata,
1368 628 1538 662 ibidemque,
1554 628 1876 660 Christo'am'ut

1097 678 1172 701 tanto
1183 673 1330 700 confessori
1343 674 1523 709 competebat,
1539 677 1602 701 sunt
1619 674 1735 702 mirifice
1748 674 1864 702 condita.

1130 726 1158 754 5.
1181 726 1234 754 Sed
1251 727 1379 761 quoniam
1393 727 1509 762 insignia
1523 727 1624 754 Christi
1645 727 1780 754 miracula
1795 727 1879 762 quibus

1098 772 1244 800 multifarie
1267 775 1374 798 sanctos
1389 779 1453 798 suos
1473 772 1616 806 gloriﬁcat,
1634 771 1707 799 nullo
1725 773 1811 799 modo
1831 776 1880 798 sunt

1097 816 1254 848 occulenda,
1271 817 1317 843 sed
1335 817 1418 850 magis
1435 817 1584 852 magisque.
1602 822 1735 851 quantum
1749 816 1804 843 fari
1819 824 1879 842 mor-

1098 862 1195 889 talibus
1211 862 1302 894 datur,
1319 863 1352 888 ob
1367 862 1488 895 ejusdem
1506 863 1611 890 laudem
1627 867 1653 888 et
1666 862 1784 898 gloriam
1798 869 1880 896 propa-

260 907 370 933 tationis
384 906 418 933 ob
433 906 473 932 sui
487 905 697 932 consolationem
718 908 746 931 et
760 903 923 931 confessoris
938 902 1046 929 Domini
1061 901 1085 931 B
1099 911 1208 937 landam
1233 909 1349 936 ﬁdem”
1369 911 1563 944 pmcomuda,
1580 910 1657 937 valde
1679 910 1813 936 indecens
1826 909 1881 935 indi-

258 951 415 986 ampliorem
432 951 563 978 honorem
580 954 774 984 transportare.
792 949 843 982 Qui
863 948 937 975 vocis
954 955 1048 975 eorum

256 997 415 1032 petitionem
438 1000 468 1023 ut
487 996 548 1031 pius
571 996 651 1023 Pater
674 996 821 1022 clementer
843 995 954 1026 audivit,
977 994 1048 1020 indi-

257 1050 394 1078 gnumque
407 1042 494 1069 locum
510 1049 563 1076 quo
583 1046 677 1069 sancta
692 1041 812 1068 membra
824 1039 960 1074 jacebant,
974 1044 1049 1068 tanto

258 1087 415 1115 confessore
426 1087 568 1121 judicavit.
585 1087 636 1114 Sed
651 1090 677 1113 et
691 1087 763 1122 piam
779 1087 938 1121 petitionem
953 1092 1049 1113 comm

258 1133 363 1169 impleri
382 1141 461 1169 posse
475 1137 556 1167 atque
569 1133 667 1160 debere
679 1141 731 1160 non
745 1133 850 1159 abnuit.
865 1132 994 1159 Attamen
1014 1139 1048 1158 ne

258 1181 367 1208 incaute
382 1187 413 1207 ac
429 1179 531 1214 passim
547 1178 665 1206 levitatis
676 1186 767 1206 errore
782 1178 899 1205 dictante
913 1177 940 1203 id
954 1176 1049 1204 fecisse

258 1226 405 1257 videretur,
422 1224 506 1251 ferme
522 1224 607 1250 tribus
622 1223 700 1250 annis
713 1231 806 1250 eorum
823 1218 979 1258 petitionem
992 1222 1048 1248 dis-

259 1271 328 1299 tulit.
338 1270 391 1298 Sed
406 1278 469 1298 cum
480 1270 514 1297 ab
527 1270 591 1304 ipsis
601 1269 762 1304 venerandis
769 1269 834 1295 viris
846 1275 1007 1303 magnopere
1020 1271 1050 1293 ut

260 1317 286 1344 id
300 1317 340 1344 eis
354 1316 516 1344 concederet
528 1315 691 1350 exigeretur,
713 1315 839 1349 prudenti
855 1313 969 1341 consilio
984 1321 1050 1340 cun-

259 1360 643 1396 cta'peragens,-Adebaldum
658 1360 671 1378 λι
691 1359 873 1386 venerabilem
889 1359 976 1386 virum
995 1366 1047 1385 ηιθ-

261 1408 414 1443 tropolitem
431 1414 508 1434 suum
523 1414 603 1441 super
617 1406 668 1432 hac
683 1413 712 1432 re
725 1405 869 1436 consuluit,
892 1405 937 1439 qui
952 1409 979 1432 et
993 1406 1049 1439 ipse

260 1453 287 1481 in
303 1458 376 1480 tanta
390 1461 418 1480 re
430 1452 571 1480 consilium
588 1460 679 1483 suum,
697 1456 726 1478 ut
742 1451 863 1483 decebat,
881 1459 992 1479 summae
1003 1452 1051 1478 hu.-

260 1499 381 1526 tuilitatis
400 1498 489 1525 virum
501 1501 638 1531 reputans,
658 1497 800 1523 minimum
816 1502 903 1523 ratum
917 1496 1004 1528 duxit,
1020 1500 1049 1522 ut

259 1552 312 1571 una
327 1542 588 1571 Christianissimtnn
602 1546 683 1576 atque
703 1542 884 1569 orthodoxum
899 1543 1048 1577 principem

261 1588 425 1615 Ludovicum
439 1587 629 1621 imperatorem
643 1586 760 1618 adirent,
777 1590 804 1613 et
821 1594 881 1621 qua:
898 1595 944 1614 eos
960 1588 1035 1621 pulsa
1063 1579 1084 1609 (ἶ

262 1636 303 1659 ret
320 1632 433 1659 fratrum
460 1632 560 1666 petitio,
584 1632 688 1666 pariter
710 1632 857 1659 edicerent.
874 1631 925 1665 Qui
944 1635 972 1658 et
994 1632 1050 1666 ipse

262 1677 395 1713 gloriosus
410 1682 491 1712 atque
515 1678 631 1704 invictus
647 1677 784 1711 Augustus
799 1678 976 1704 considerans
993 1685 1050 1713 rem

262 1723 449 1758 pergrandem,
465 1728 545 1757 atque
561 1730 709 1757 paucorum
723 1723 796 1750 vires
816 1723 999 1757 magnitudine
1010 1723 1051 1750 sui

263 1768 509 1800 transcendentem,
536 1768 570 1795 ad
594 1768 737 1794 concilium
754 1773 764 1787 ε
780 1768 933 1795 venerabile
949 1769 1053 1802 episeo-

262 1821 372 1848 porum,
387 1813 458 1848 quod
473 1818 537 1840 tunc
559 1813 689 1848 temporis
704 1813 774 1848 apud
797 1813 967 1848 Aquasgrani
989 1822 1053 1841 con—

264 1866 403 1897 gregatum
427 1866 495 1893 erat,
511 1860 607 1888 statuit
619 1860 823 1892 confcrendutu,
839 1865 866 1887 et
887 1861 949 1895 quid
964 1861 996 1888 de
1020 1861 1053 1888 iis

269 1912 342 1935 esset
357 1908 502 1942 gerendum
518 1915 533 1934 a
557 1907 690 1934 sententia
718 1907 803 1934 sancti
829 1912 978 1935 conventus
998 1916 1054 1935 ma-

266 1960 383 1986 gnopere
407 1951 591 1987 ﬂagitandum.
616 1952 701 1979 Isdem
727 1957 817 1979 autem
840 1953 1001 1980 venerabilis
1023 1961 1054 1980 ac

262 1999 377 2030 prorsus
392 1995 448 2023 Deo
464 1995 586 2022 amabilis
601 2001 761 2029 conventus,
773 1997 959 2024 consideratis
974 1997 1055 2023 undi-

265 2048 318 2075 que
333 2041 466 2075 partibus,
481 2040 586 2067 scilicet
600 2041 645 2075 qui
659 2045 686 2068 et
700 2049 781 2076 quam
794 2049 851 2068 rem
862 2046 994 2076 peterent,
1008 2041 1054 2068 sed

266 2091 293 2113 et
306 2086 455 2114 reverentia
469 2086 575 2113 Domini
591 2086 765 2119 confessoris,
789 2090 938 2113 sanxerunt
960 2090 998 2113 tot
1013 2095 1055 2113 re-

266 2132 421 2167 ligiosorum
434 2132 555 2160 virorum
577 2137 640 2159 voto
655 2132 742 2159 sancti
763 2132 814 2158 viri
830 2140 890 2159 ossa
905 2132 1053 2164 committi,

267 2177 334 2205 etin
350 2176 693 2212 monasteriosupradicto,
710 2177 757 2204 ubi
770 2176 924 2212 religiosius
944 2177 1056 2204 [mnora-

268 2224 386 2256 rentur,
399 2222 537 2251 collocari.
559 2223 681 2257 Quorum
709 2224 854 2251 sententia:
875 2231 944 2259 saepe
966 2224 1054 2251 dictus

265 2270 384 2305 pontifex
399 2270 580 2296 obedientiam
602 2270 726 2303 przcbuit,
744 2270 857 2297 consilio
878 2270 1005 2302 assensit,
1027 2275 1055 2297 et

266 2315 417 2350 petentibus
437 2315 493 2349 jam
517 2315 596 2342 dictis
621 2316 778 2342 venerandis
800 2316 865 2342 viris
888 2317 1053 2344 sanctissimi

266 2361 317 2387 viri
331 2360 461 2388 Hucberti
475 2368 573 2395 corpus
586 2361 717 2388 attribuit.

301 2408 328 2435 4.
345 2408 416 2443 [Nam
441 2415 512 2435 anno
534 2408 713 2435 ordinationis
729 2408 814 2442 ipsius
837 2413 914 2435 serto
928 2409 1032 2436 decimo
1045 2429 1053 2442 ,

306 2483 318 2512 ξι
339 2476 384 2503 Sic
402 2480 514 2512 vocatur
534 2476 647 2512 ecclesia
667 2477 830 2505 eathedralis
850 2479 925 2506 urbis
942 2479 1033 2506 Leodii
1045 2500 1053 2512 ,

270 2509 346 2549 cujus
359 2511 481 2549 ecclesiae
491 2511 613 2538 canonici
622 2512 859 2549 ad‘rnonasterium
866 2509 1055 2549 Andaginense

270 2546 378 2585 plurimi
397 2551 556 2585 teaepcrunt
571 2555 638 2585 sese.
657 2546 723 2585 Nam
741 2556 773 2585 eo
786 2553 907 2585 tempore
921 2546 1056 2577 monaste-

271 2582 306 2607 rii
321 2589 415 2608 nomen
428 2583 509 2609 etiam
521 2582 644 2608 ecclesiis
655 2583 856 2609 eathedralibus
875 2584 1053 2611 tribuebatur.

272 2615 341 2650 Lege
361 2615 498 2651 Aigidium
513 2617 702 2645 Aureae-Vallis
715 2619 877 2645 monachum
892 2619 919 2645 in
933 2626 993 2654 cap.
1010 2619 1055 2652 54,

272 2650 305 2679 de
324 2649 481 2679 Waleando.

290 2657 305 2677 Ω
328 2657 353 2676 W
359 2657 414 2677 alea
420 2657 481 2679 ndo.

310 2685 323 2703 ι’
343 2686 496 2714 Adabaldus
507 2695 554 2714 seu
576 2687 747 2715 iladabaldus
764 2688 791 2715 in
807 2689 898 2716 sedem
912 2688 1056 2716 Colonien-

275 2727 332 2747 setn
344 2722 472 2758 successit
486 2722 643 2750 Hildebaldo
658 2723 875 2758 archieapellano
886 2724 995 2751 circiter
1007 2733 1058 2751 an-

275 2763 338 2792 num
348 2755 416 2792 >817,
432 2757 553 2791 idemque
567 2758 680 2785 concilio
690 2755 907 2792 apud-Teodonis
919 2759 1010 2786 villam
1021 2760 1059 2787 in-

276 2789 369 2834 terfuit
382 2789 528 2834 annoSZI',
544 2789 740 2834 et_l\doguntino
752 2801 824 2834 anno
836 2793 899 2833 828.

310 2831 321 2843 ε
343 2825 410 2852 Nota
437 2826 478 2854 hic
492 2827 525 2854 ad
546 2825 719 2864 reliquiarum
735 2828 938 2857 translationem
958 2829 1059 2864 requiri

278 2868 439 2889 consensum
454 2863 653 2897 metropolitani
667 2864 737 2899 regis
751 2869 778 2891 et
798 2864 902 2899 synodi.
917 2865 1018 2901 Nempe
1032 2864 1059 2892 id

1098 964 1234 992 gnumque
1247 956 1436 990 judicavimus,
1452 956 1554 991 ut-ejus
1568 955 1814 991 magniﬁcentiam,
1834 963 1881 989 qua:

1098 1006 1191 1029 nostro
1214 1001 1311 1028 saeculo
1336 1001 1408 1029 circa
1434 1002 1576 1029 memorati
1596 1002 1683 1028 sancti
1702 1002 1756 1028 viri
1781 1001 1882 1029 cadaver

1097 1046 1260 1076 mirabiliter
1275 1046 1384 1078 effulsit,
1415 1046 1522 1073 silentio
1540 1050 1672 1081 tegamus.
1699 1047 1806 1074 Verum
1824 1046 1881 1072 sicut

1098 1099 1171 1127 stepe
1192 1092 1241 1119 fati
1253 1092 1414 1119 venerabilis
1429 1092 1558 1119 antistitis
1571 1092 1714 1119 Walcandi
1725 1097 1757 1119 et
1770 1100 1883 1127 quorum-

1100 1138 1162 1165 dam
1187 1138 1302 1165 aliorum
1326 1138 1514 1173 religiosorum
1540 1138 1663 1165 virorum
1680 1138 1782 1166 veraci
1809 1138 1882 1165 relatu

1101 1183 1254 1215 didicimus,
1269 1189 1382 1218 prorsus
1395 1183 1429 1210 ab
1450 1183 1494 1210 illa
1508 1184 1685 1218 corruptione
1699 1192 1763 1218 quae
1777 1183 1812 1211 ob
1825 1191 1881 1218 prae-

1100 1229 1294 1255 varicationem
1315 1229 1395 1263 primi
1417 1230 1538 1263 parentis
1555 1228 1707 1263 justissime
1723 1235 1833 1257 natura:
1845 1230 1882 1256 hu-

1102 1282 1187 1301 manae
1200 1275 1343 1310 ptenaliter
1359 1274 1460 1302 inﬂicta
1474 1279 1525 1308 est,
1546 1275 1667 1310 ejusdem
1680 1277 1833 1303 beatissimi
1843 1276 1880 1302 viri

1100 1321 1223 1355 corporis
1242 1321 1324 1348 totius
1337 1329 1467 1356 compago
1483 1322 1520 1348 ita
1539 1322 1627 1349 aliena
1648 1323 1833 1357 immunisque
1850 1326 1882 1348 est

1101 1370 1220 1399 reperta,
1238 1366 1464 1400 quemadmodum
1481 1371 1603 1401 tempore
1616 1367 1882 1402 Carotomamrimis

1100 1410 1113 1431 ἀ
1135 1411 1233 1446 legitur
1257 1411 1338 1439 fuisse
1362 1412 1471 1439 inventa
1495 1417 1522 1440 et
1546 1418 1625 1440 terrm
1649 1413 1791 1440 mandata.
1820 1412 1881 1446 Quod

1101 1463 1231 1492 quantum
1255 1458 1304 1485 sub
1316 1458 1400 1493 ipsius
1420 1459 1551 1493 principis
1570 1465 1690 1494 tempore
1710 1467 1778 1495 erga
1793 1458 1881 1494 pradati

1101 1503 1189 1530 sancti
1201 1503 1252 1529 viri
1268 1510 1367 1538 corpus
1381 1511 1428 1538 per
1442 1508 1482 1531 tot
1497 1504 1587 1539 elapsa
1599 1504 1696 1531 szecula
1710 1511 1722 1524 υ
1737 1505 1882 1538 incorrupte

1101 1552 1238 1574 servatum
1251 1548 1341 1575 virtus
1352 1549 1443 1576 divina
1458 1549 1596 1582 claruerit,
1609 1550 1631 1577 si
1644 1550 1704 1584 quis
1715 1550 1799 1585 plene
1819 1557 1882 1578 nesse

1102 1592 1246 1623 desiderat,
1257 1594 1353 1621 seriem
1360 1593 1440 1628 hujus
1447 1595 1526 1622 libelli
1534 1596 1612 1630 paulo
1619 1597 1744 1630 superius
1752 1596 1882 1632 repetendo

1102 1639 1296 1673 perspicaciter
1308 1639 1380 1674 legat
1394 1649 1400 1665 :
1417 1640 1507 1674 ibique
1518 1645 1619 1675 quanto
1634 1642 1747 1673 honore,
1763 1646 1882 1676 quantare

1103 1685 1231 1712 illwsione
1246 1690 1273 1712 et
1292 1685 1493 1720 incorruptione
1507 1687 1640 1721 protectio
1654 1687 1745 1714 divina
1765 1688 1830 1714 illud
1846 1687 1897 1718 ἅθ’,

1104 1731 1219 1762 naverit,
1237 1731 1437 1758 rationabiliter
1452 1733 1649 1767 comprehensa
1661 1732 1835 1769 ﬁdeliterque
1848 1732 1882 1759 ad-

1105 1782 1196 1804 notata
1214 1776 1343 1811 perfacile
1360 1778 1485 1813 colligere
1503 1779 1599 1813 quibit.
1616 1778 1684 1807 Cum
1698 1780 1785 1815 igitur
1806 1780 1839 1806 nil
1851 1780 1883 1806 de

1105 1823 1226 1850 trimenti
1250 1823 1342 1857 nilque
1365 1824 1549 1859 corruptionis
1574 1825 1601 1851 in
1627 1825 1751 1860 corporis
1778 1824 1881 1858 ejusdem

1106 1869 1191 1895 Sancti
1205 1869 1257 1895 viri
1269 1870 1355 1904 prima
1369 1870 1555 1902 translatione,
1568 1878 1627 1905 quae
1640 1870 1710 1897 facta
1726 1875 1767 1898 est
1782 1871 1830 1898 sub
1840 1877 1883 1896 me-

1105 1921 1210 1942 morato
1227 1916 1357 1951 principe,
1374 1922 1543 1951 compertum
1559 1917 1644 1945 fuisse
1661 1918 1806 1949 didicerit;
1825 1917 1882 1944 nullo

1106 1961 1186 1987 modo
1209 1961 1280 1994 quod
1301 1962 1327 1988 in
1344 1962 1394 1989 hac
1411 1963 1538 1995 secunda,
1562 1970 1622 1998 qua:
1636 1962 1709 1989 facta
1732 1968 1776 1990 est
1792 1971 1806 1990 a
1825 1961 1882 1989 Wal-

1107 2005 1194 2031 cando
1215 2006 1330 2039 praesule
1352 2007 1402 2034 sub
1420 2007 1543 2041 piissimo
1557 2008 1664 2041 Deoque
1681 2003 1796 2035 amabili
1811 2002 1883 2034 Ludo-

1106 2050 1166 2077 vico
1185 2050 1301 2083 Catsare.
1317 2052 1463 2086 saepedicti
1480 2053 1567 2080 sancti
1589 2053 1641 2080 viri
1661 2061 1760 2087 corpus
1783 2052 1881 2080 solidum

1106 2094 1276 2130 illzesutnque
1287 2097 1381 2124 eadem
1393 2096 1495 2125 Christi
1510 2099 1596 2133 gratia
1611 2103 1770 2134 protegente
1783 2096 1881 2125 inveniri

1110 2141 1239 2176 qm‘verit,
1263 2141 1406 2176 dubitabit,
1432 2150 1464 2170 ac
1477 2151 1525 2178 per
1548 2144 1599 2170 hoc
1618 2144 1701 2171 totius
1714 2143 1882 2179 ambiguitatis

1109 2187 1200 2214 nubilo
1214 2192 1323 2219 exutus,
1339 2189 1514 2224 veritatisque
1530 2190 1677 2225 perspicuzc
1689 2190 1747 2222 iugi:

1108 2231 1146 2258 nil
1162 2232 1213 2259 nisi
1228 2232 1299 2267 quod
1313 2233 1436 2266 miretur,
1454 2239 1481 2261 et
1494 2236 1567 2262 unde
1578 2235 1676 2262 divinae
1689 2228 1883 2270 1»ωηὶὶῦιῶ-

1108 2277 1212 2311 tipliccs
1231 2282 1321 2312 grates
1334 2279 1413 2314 digne
1426 2280 1561 2313 persolvat
1575 2280 1724 2312 inveniens,
1740 2280 1825 2306 Deum
1837 2285 1882 2313 pro-

1107 2322 1150 2349 cul
1164 2322 1245 2349 dubio
1262 2323 1414 2351 mirabilem
1429 2324 1638 2359 gloriosumque,
1666 2325 1736 2352 sicut
1752 2325 1780 2352 in
1794 2324 1882 2352 caeteris

1107 2368 1208 2395 sanctis
1214 2369 1281 2400 suis,
1293 2369 1329 2395 ita
1340 2377 1446 2403 quoque
1458 2369 1485 2396 in
1500 2370 1578 2404 hujus
1586 2370 1735 2397 ﬁdelissimi
1744 2369 1839 2397 servuli
1852 2367 1881 2395 sui

1107 2421 1219 2448 corpore
1227 2418 1267 2441 tot
1275 2419 1463 2444 tantorumque
1469 2415 1599 2442 donortnn
1606 2416 1793 2451 pnerogativis
1799 2416 1844 2451 legi
1851 2423 1883 2441 na-

1107 2488 1237 2512 statutum
1251 2484 1340 2520 fuerat
1361 2485 1387 2511 in
1403 2485 1511 2512 concilii
1526 2485 1756 2520 Moguntianensis
1775 2493 1831 2520 cap.
1846 2484 1880 2513 50.

1108 2527 1180 2555 anno
1206 2520 1267 2546 815.
1285 2519 1434 2546 Concilium
1462 2521 1532 2547 istud
1554 2519 1774 2555 Arquisgranense
1793 2520 1881 2547 videtur

1108 2554 1191 2590 fuisse
1212 2555 1282 2580 aliud
1307 2555 1339 2581 ab
1358 2563 1391 2590 eo
1412 2555 1484 2590 quod
1501 2562 1572 2581 anno
1587 2554 1820 2582 81Tcelebratum
1840 2558 1879 2580 est

1107 2589 1162 2616 Cur
1173 2590 1245 2616 enim
1257 2590 1338 2616 dilata
1351 2589 1446 2617 fuisset
1457 2590 1598 2617 translatio
1610 2591 1637 2617 in
1650 2598 1752 2617 annum
1765 2590 1830 2618 825'!

1143 2624 1157 2644 εἰ
1177 2625 1205 2651 Id
1220 2629 1261 2652 est
1274 2625 1503 2659 majoris—domus,
1516 2625 1593 2659 cujus
1605 2633 1677 2652 anno
1689 2626 1770 2653 tertio
1782 2624 1880 2652 διενθύο

1109 2660 1232 2694 corporis
1252 2660 1337 2696 sancti
1362 2659 1576 2696 Hucbertifacta
1591 2666 1642 2694 est,
1662 2665 1693 2696 ut
1713 2661 1836 2696 superius
1844 2659 1879 2696 oi.»

1110 2691 1256 2726 servatum,
1274 2695 1299 2721 id
1320 2700 1363 2722 est
1375 2703 1446 2721 anno
1459 2695 1521 2728 744,
1545 2696 1625 2723 tertio
1637 2691 1755 2723 'scilicet'
1770 2702 1836 2722 anno
1855 2691 1880 2718 ab

1108 2730 1183 2757 obitu
1197 2730 1281 2764 patris
1294 2730 1384 2757 Caroli
1398 2730 1524 2758 Martelli.

1147 2770 1162 2801 rei
1180 2764 1290 2801 Videtur
1302 2764 1384 2792 Jonas
1398 2766 1442 2792 hic
1456 2766 1614 2794 saeculorum
1634 2766 1743 2794 nomine
1761 2764 1879 2801 annosinj

1110 2800 1239 2833 telligere.
1266 2799 1388 2827 Nondum
1418 2801 1488 2828 enim
1514 2801 1567 2829 duo
1592 2802 1690 2832 saecula
1713 2802 1747 2829 ab
1770 2799 1878 2828 Eucherii

1111 2838 1197 2863 morte
1218 2838 1274 2863 tum
1288 2835 1456 2863 elliuxerant.
