3884 6448
112 404 223 458 425

1401 393 1561 453 VITA
1597 394 1919 454 LUDOVICI
1956 393 2094 452 IMP.

3266 402 3370 462 426

113 515 282 580 Quem
307 513 447 568 enim
470 511 641 583 diligit
673 511 926 567 Dominus
983 513 998 544 ι
1042 514 1296 584 corripit;
1329 513 1563 586 flagellat
1589 533 1690 569 au-
1719 521 1763 583 ί]
1793 523 1854 569 ut
1875 521 2148 571 averteret
2200 529 2261 570 se
2280 529 2327 571 a
2370 515 2457 570 via
2485 530 2584 572 sua
2611 530 2803 588 prava,
2830 527 2892 573 ut
2931 519 2977 551 ³¹
3032 519 3372 596 intellegeret

110 616 212 658 tem
261 606 282 635 ²
339 622 542 660 omnem
575 605 743 674 ﬁlium
790 623 942 676 quem
989 608 1203 677 recipit;
1257 615 1309 662 et
1365 607 1457 677 qui
1503 616 1693 678 sponte

108 699 484 770 correptiones
531 700 741 755 Domini
780 699 802 732 ⁸
840 715 947 754 non
977 701 1223 771 suscipit,
1267 700 1410 756 ﬁlius
1434 701 1693 756 eius‘ﬁeri

110 808 214 846 non
247 792 452 861 poterit
474 790 517 844 ⁵.

182 882 274 936 50.
309 882 422 939 Sed
457 898 797 956 summopere
825 888 1258 956 praecavendum
1290 887 1310 918 ⁵
1338 895 1442 952 est,
1477 901 1546 942 ne
1569 901 1686 941 am-

107 978 247 1048 plius
278 978 399 1042 ﬁat,
430 986 488 1033 ut
529 980 673 1035 servi
702 981 810 1035 sint
827 980 1125 1036 consiliarii
1155 982 1273 1048 sui;
1311 982 1442 1052 quia
1471 982 1516 1037 si
1573 996 1696 1052 pos-

106 1078 250 1134 sunt,
296 1071 406 1126 hoc
448 1071 678 1124 maxime
734 1081 1072 1139 construunt,
1133 1081 1190 1126 ut
1247 1073 1454 1128 nobiles
1512 1073 1696 1143 oppri-

107 1173 276 1226 mant,
312 1174 372 1220 et
419 1179 513 1220 eos
541 1178 566 1206 ι
599 1179 720 1221 cum
752 1167 1013 1221 vilissima
1061 1150 1464 1238 propinquitate
1505 1183 1694 1222 eorum

105 1255 356 1310 exaltare
385 1257 654 1311 studeant.
693 1256 805 1312 Hoc
834 1274 939 1314 non
975 1261 1239 1314 condecet
1270 1271 1491 1315 sanctae
1521 1260 1697 1330 digni—

107 1346 203 1398 tati
230 1361 366 1400 suae
404 1347 445 1411 ⁶,
479 1347 582 1402 hoc
611 1363 734 1402 raro
759 1350 1066 1418 contigerat
1107 1351 1442 1421 temporibus
1472 1361 1694 1406 sanctae

106 1437 407 1492 memoriae
432 1439 692 1508 genitoris
721 1429 822 1506 sui,
854 1450 912 1494 ut
935 1441 1132 1511 aliquis
1173 1443 1239 1498 de
1270 1443 1468 1498 talibus
1498 1444 1567 1498 ad
1598 1443 1694 1497 ho-

106 1542 293 1583 norem
318 1529 659 1584 conscendit.
710 1530 861 1586 Hunc
914 1533 1146 1587 maxima
1177 1535 1458 1604 disciplina
1506 1535 1698 1605 perdo-

107 1617 221 1672 cuit
250 1619 297 1682 ⁷,
332 1633 406 1672 ne
433 1619 716 1688 superbire
753 1621 1036 1692 inciperet.
1069 1621 1182 1678 Hoc
1206 1624 1513 1695 exemplum
1550 1642 1696 1682 nunc

105 1725 362 1766 exercere
408 1713 703 1767 maximum
749 1714 770 1744 ⁸
811 1729 946 1784 opus
991 1723 1093 1772 est.
1129 1717 1354 1784 Quando
1378 1719 1429 1774 in
1461 1727 1694 1790 tempta-

108 1806 251 1861 tione
291 1822 394 1861 sua
421 1806 442 1838 ’
473 1816 594 1862 erat
631 1809 952 1865 mitissimus
997 1811 1300 1882 principum
1329 1853 1344 1879 ,
1383 1814 1438 1868 hi
1477 1814 1518 1845 ¹⁰
1556 1815 1692 1871 tales

1797 623 1956 676 quam
2007 608 2313 664 districtum
2360 607 2617 666 iudicium
2645 619 2789 666 esset
2817 612 3103 668 Dominum
3145 614 3191 647 ³³
3235 630 3364 671 con-

1797 709 2074 770 tempnere
2117 700 2169 755 in
2202 703 2504 773 praeceptis
2548 703 2679 758 suis.
2710 702 2851 759 Dicit
2873 704 3019 760 enim
3045 705 3187 763 Deus
3230 707 3373 764 inter

1802 793 1899 848 alia
1928 802 2212 864 praecepta
2258 805 2281 833 ο
2324 812 2337 848 ;
2376 793 2595 849 Honora
2646 804 2844 865 patrem
2878 807 2925 850 et
2979 807 3222 864 matrem,
3260 807 3318 854 et
3357 815 3371 853 :
3455 783 3458 786 1

1799 885 1901 953 Qui
1933 885 2261 942 maledicerit
2284 887 2328 918 ³⁸
2381 891 2519 958 patri
2549 887 2625 942 vel
2660 891 2842 955 matri,
2884 900 3046 944 morte
3091 891 3372 946 moriatur.

1797 975 1908 1032 Hoc
1935 987 2280 1048 praeceptum
2321 993 2429 1032 non
2451 993 2548 1046 per
2575 981 2868 1050 prophetas
2898 981 3173 1036 mandavit
3199 997 3375 1054 neque

1795 1085 1892 1141 per
1920 1070 2211 1140 apostolos,
2252 1070 2347 1125 sed
2403 1070 2515 1139 ipse
2565 1071 2708 1126 Deus
2758 1072 3046 1127 scribendo
3085 1074 3378 1131 observare

1794 1159 2090 1230 praecepit,
2131 1169 2186 1214 et
2218 1175 2379 1230 quam
2421 1175 2586 1232 grave
2643 1162 2716 1217 sit
2769 1162 2870 1218 hoc
2911 1166 3373 1233 praetermittere,

1796 1251 1853 1305 in
1895 1251 2034 1306 libro
2073 1252 2492 1310 Deuteronomio
2519 1253 2564 1286 ⁸⁸
2600 1252 2620 1293 ί
2649 1256 2991 1324 postmodum
3036 1259 3274 1312 ostendit
3298 1259 3380 1314 di-

1796 1347 2035 1405 cens:Si
2055 1351 2291 1422 genuerit
2312 1350 2464 1405 homo
2498 1351 2669 1421 ﬁlium
2695 1361 3054 1406 contumacem
3097 1362 3145 1407 et
3176 1363 3378 1424 proter-

1795 1458 1937 1506 vum,
1984 1441 2075 1514 qui
2118 1460 2222 1497 non
2251 1444 2433 1498 audiat
2455 1445 2621 1514 patris
2653 1455 2742 1497 aut
2781 1445 2966 1498 matris
3001 1445 3298 1514 imperium,
3327 1454 3377 1498 et

1797 1533 2052 1588 coercitus
2076 1533 2320 1588 oboedire
2349 1535 2736 1606 contempserit,
2779 1534 3201 1605 adpraehendent
3237 1551 3378 1600 eum,
3457 1523 3466 1583 ἒ

1795 1633 1843 1678 et
1893 1624 2085 1678 ducent
2131 1625 2201 1678 ad
2255 1625 2486 1680 seniores
2517 1627 2743 1679 civitatis
2790 1625 2935 1680 illius
2965 1634 3013 1679 et
3049 1626 3119 1680 ad
3173 1637 3382 1696 portam

1794 1714 2002 1780 iudicii,
2047 1715 2320 1787 dicentque
2351 1715 2420 1770 ad
2465 1733 2550 1770 eos
2583 1733 2602 1770 :
2633 1703 2807 1771 Filias
2843 1717 2940 1770 iste
2969 1726 3144 1772 noster
3183 1728 3385 1787 proter-

1797 1822 1886 1860 vus
1914 1814 1961 1860 et
1983 1816 2268 1861 contumax
2309 1817 2406 1873 est,
2440 1809 2637 1862 monita
2686 1819 2865 1863 nostra
2887 1808 3076 1863 audire
3101 1811 3278 1864 temnit
3313 1809 3382 1874 ³⁸,

105 1906 212 1952 tam
268 1897 489 1953 molesti
540 1900 587 1954 ei
635 1900 870 1965 fuerunt,
903 1901 996 1971 qui
1041 1902 1122 1957 eis
1161 1903 1430 1961 inmeritis
1475 1920 1690 1960 omnem
1720 1919 1768 1979 Β
1795 1900 2309 1954 commessationibus
2334 1909 2481 1954 vacat
2502 1910 2550 1954 et
2573 1901 2818 1955 luxuriae
2846 1911 3001 1972 atque
3027 1903 3268 1956 conviviis
3291 1902 3334 1934 ³⁷
3365 1918 3384 1955 :

103 1988 494 2060 benignitatem
544 1991 791 2046 exhibuit
843 1993 906 2046 ¹¹.
967 1993 1107 2061 Quid
1159 1996 1416 2054 subiectis
1464 1997 1689 2066 faciant,

106 2080 232 2135 nulli
261 2081 711 2153 interrogandum
744 2085 785 2114 “
820 2099 956 2155 opus
981 2093 1087 2140 est.

171 2171 257 2224 5|.
287 2171 589 2243 Postquam
629 2175 929 2244 praevaluit
971 2177 1283 2246 imperator,
1329 2179 1478 2235 misit
1506 2179 1694 2237 ﬁdeles

106 2261 303 2332 legatos
328 2279 461 2320 suos
488 2267 733 2336 partibus
761 2267 968 2332 Italiae,
986 2277 1045 2322 ut
1068 2270 1694 2344 reducerentconiugem

105 2370 250 2410 suam
292 2370 462 2426 saepe
517 2357 812 2412 mendaciis
865 2358 906 2388 ¹³
955 2357 1229 2414 alllictam.
1260 2355 1374 2428 'Qui
1416 2363 1694 2420 venientes

103 2457 464 2516 susceperunt
509 2463 630 2504 eam
682 2448 1000 2514 honoriﬁce,
1049 2461 1104 2507 et
1155 2453 1528 2521 perduxerunt
1573 2471 1692 2510 eam

106 2555 219 2594 cum
249 2539 588 2596 iocunditate
613 2547 668 2595 et
695 2540 902 2597 laetitia
929 2544 996 2598 ad
1019 2546 1382 2614 praesentiam
1412 2549 1691 2620 principis,

106 2634 191 2703 qui
222 2645 343 2690 erat
373 2643 511 2689 tunc
537 2635 796 2706 temporis
825 2636 882 2690 in
917 2636 963 2667 ’δ
983 2637 1315 2709 Aquisgraui
1338 2640 1557 2710 palatio.

170 2727 256 2781 52.
288 2727 617 2783 Hlutharius
665 2743 796 2784 vero
824 2730 1070 2786 residens
1113 2732 1169 2786 in
1197 2733 1420 2789 civitate
1454 2734 1692 2790 Cavillo-

105 2836 226 2874 nnm
279 2822 346 2886 ³⁸,
392 2822 492 2876 ubi
525 2823 566 2852 ¹⁶
613 2824 781 2877 multa
805 2824 944 2878 mala
980 2827 1346 2894 commiserat,
1373 2830 1694 2902 expoliando

109 2915 388 2971 accclesias
424 2915 547 2982 Dei,
576 2916 763 2974 ﬁdeles
809 2918 980 2988 patris
1009 2919 1116 2986 sui,
1142 2921 1469 2992 ubicumque
1511 2937 1607 2978 eos
1650 2924 1690 2955 "

108 3009 564 3075 comprehendere
615 3016 889 3078 potuerat,
933 3019 1154 3082 praeter
1209 3013 1414 3083 legatos
1458 3023 1690 3079 tantum,

110 3096 352 3150 martires
379 3097 700 3188 “"exibuit.
724 3099 951 3170 Insuper
978 3111 1033 3157 et
1065 3105 1494 3161 sanctimonialis
1533 3105 1578 3136 ¹⁹
1621 3105 1696 3162 fe-

111 3188 324 3254 minam,
353 3203 502 3258 quae
539 3199 659 3244 erat
699 3205 857 3246 soror
895 3193 1048 3248 ducis
1101 3195 1425 3262 Bernhardi,
1473 3197 1694 3253 nomine

1795 1987 2059 2058 lapidibus
2097 2006 2217 2044 eum
2265 1991 2446 2044 obruet
2471 1992 2698 2062 populus
2733 1993 2981 2056 civitatis,
3022 2001 3069 2045 et
3112 1993 3383 2058 morietur,

1793 2089 1852 2134 ut
1881 2082 1926 2111 ³⁸
1955 2081 2214 2150 auferatis
2251 2082 2295 2113 ³⁸
2333 2082 2530 2136 malum
2570 2083 2632 2138 de
2657 2083 2829 2138 medio
2860 2085 3038 2138 vestri.
3072 2082 3142 2138 Et
3193 2081 3240 2115 “
3271 2084 3388 2138 uni-

1794 2188 1973 2227 versus
2002 2172 2172 2228 Israel
2204 2174 2426 2228 audiens
2465 2177 2797 2245 pertimescat
2829 2173 2895 2229 “.

1867 2264 1958 2320 54.
1988 2264 2282 2335 Postquam
2326 2265 2642 2321 Hlutharius
2681 2264 2897 2322 locutus
2926 2263 3118 2321 fuisset
3145 2279 3268 2320 cum
3299 2279 3389 2320 su-

1794 2357 2056 2429 pradictis
2119 2358 2320 2422 missis,
2377 2358 2703 2431 legationem
2757 2372 2949 2414 eorum
2991 2369 3161 2428 grave
3209 2356 3254 2386 “
3325 2370 3388 2410 ac

1795 2449 1930 2505 dure
1954 2449 2003 2481 ”
2035 2451 2294 2520 suscepit,
2329 2457 2384 2506 et
2425 2451 2603 2504 minas
2623 2449 2704 2504 eis
2732 2448 3003 2521 promisit,
3033 2447 3176 2518 quod
3205 2446 3386 2501 adhuc

1797 2555 1906 2596 non
1933 2551 2017 2596 est
2054 2541 2360 2612 impletum,
2389 2556 2565 2612 neque
2594 2541 2939 2610 postmodum
2968 2540 3063 2596 ﬁet
3095 2537 3162 2593 “.
3190 2537 3272 2595 llli
3296 2553 3386 2594 re—

1795 2643 2075 2690 vertentes
2109 2635 2158 2665 "
2188 2636 2256 2690 ab
2283 2649 2371 2700 eo,
2398 2645 2665 2688 venerunt
2705 2633 2773 2688 ad
2816 2635 3224 2704 imperatorem,
3259 2647 3394 2686 nun-

1796 2727 1998 2781 tiantes
2028 2727 2078 2782 ei
2101 2727 2282 2781 omnia
2320 2741 2460 2795 quae
2503 2727 2790 2782 audierant
2825 2725 2891 2778 “.
2925 2726 3053 2781 Inde
3097 2734 3250 2796 pater
3273 2725 3392 2779 eius

1796 2819 2180 2890 ingemiscens,
2205 2821 2560 2891 congregavit
2577 2818 2979 2874 multitudinem
3009 2819 3310 2889 copiosam,
3336 2825 3394 2870 et

1795 2914 2037 2990 perrexit
2061 2923 2186 2982 post
2220 2929 2345 2968 eum
2380 2913 2470 2966 ubi
2499 2913 2753 2966 audierat
2779 2926 2905 2966 eum
2933 2925 3075 2966 esse.
3110 2909 3394 2966 Venerunt

1796 3005 1891 3059 ﬁlii
1916 3007 2035 3061 eius
2078 3007 2294 3060 obviam
2317 3007 2391 3072 ei,
2420 3006 2680 3078 Pippinus
2701 3007 2770 3062 ab
2808 3006 3087 3062 occidente
3124 3013 3178 3060 et
3204 3003 3392 3075 aequi-

1797 3111 1966 3152 vocus
2015 3097 2131 3152 eius
2171 3096 2214 3129 "
2259 3098 2327 3153 ab
2368 3097 2581 3152 oriente
2629 3097 2700 3164 λθ,
2747 3104 2978 3164 uterque
3031 3111 3156 3152 cum
3192 3110 3390 3167 magna

1801 3187 2149 3241 multitudine
2177 3186 2244 3241 ad
2273 3188 2596 3257 obsequium
2622 3187 2814 3258 patris.
2853 3191 3096 3258 Caurique
3126 3201 3388 3258 propera-

110 3279 355 3339 Gerbirch
385 3283 461 3348 ³ο,
503 3283 663 3339 iussit
689 3283 743 3338 in
781 3300 912 3341 vase
933 3287 1166 3344 vinaiico
1186 3289 1462 3358 claudere,
1485 3299 1540 3347 ει
1559 3292 1701 3364 ρι-οῑ.
1725 3272 1770 3337 C
1803 3290 1925 3334 rent
1954 3278 1998 3308 ⁵⁸
2029 3277 2502 3334 Aurelianensium
2530 3279 2738 3334 civitati
2761 3278 2837 3344 '°,
2876 3280 2965 3334 ubi
2989 3286 3109 3334 erat
3161 3278 3390 3334 Hlutha-

114 3388 226 3428 cere
255 3375 307 3429 in
351 3373 562 3432 ﬁumen
593 3374 833 3442 Ararim,
867 3377 935 3433 de
972 3393 1080 3448 quo
1121 3389 1283 3450 poeta
1313 3381 1458 3436 canit
1484 3382 1512 3422 ι»
1544 3399 1557 3436 :

161 3473 252 3525 Ant
271 3474 470 3528 Ararim
496 3477 706 3530 Parthus
724 3478 770 3512 ίι
799 3480 937 3533 bibet
957 3483 1001 3513 ”
1024 3486 1106 3532 aut
1127 3483 1387 3534 Germanis
1413 3483 1607 3548 Tygrim
1631 3487 1696 3536 ".

115 3552 183 3609 lbi
205 3572 321 3612 eam
358 3559 460 3614 diu
484 3559 746 3632 alﬂigens,
771 3577 1054 3633 quousque
1078 3566 1314 3620 extinxit
1339 3583 1457 3622 eam
1481 3567 1528 3599 “
1557 3568 1698 3623 indi-

116 3645 193 3700 cio
211 3650 502 3722 coniugum
534 3653 824 3724 impiorum
863 3657 1298 3714 consiliariorum
1345 3660 1463 3716 eius
1490 3662 1559 3727 ”,
1595 3662 1696 3716 im-

116 3736 256 3805 pleas
299 3742 694 3809 psalmodicam
735 3747 1079 3816 prophetiam
1131 3751 1177 3780 '°
1229 3762 1274 3804 ο.
1325 3750 1458 3814 Cum
1509 3764 1693 3807 sancto

118 3839 313 3884 sanctus
341 3833 474 3897 eris,
502 3842 549 3886 et
576 3849 694 3887 cum
724 3854 961 3904 perverso
983 3857 1256 3911 perversus
1284 3843 1352 3896 "’.

184 3921 266 3978 55.
313 3925 450 3981 Post
496 3927 600 3982 hoc
627 3929 777 3983 misit
807 3928 1012 4000 legatos
1043 3947 1170 3987 suos
1201 3936 1505 4002 imperator
1531 3951 1596 3992 ac
1624 3937 1691 3994 il-

121 4009 217 4066 lum
238 4013 302 4080 ⁸⁸,
335 4015 808 4075 Marachwardum
832 4019 876 4050 "
900 4022 1262 4078 venerabilem
1291 4023 1338 4054 ⁸⁸
1365 4026 1619 4081 abbatem
1641 4024 1692 4093 ἀ,

120 4114 230 4154 cum
277 4107 478 4162 ceteris
506 4107 754 4164 ﬁdelibus
798 4109 934 4176 suis,
973 4126 1096 4167 cum
1149 4113 1393 4184 epistolis
1437 4117 1695 4171 exhorta-

124 4193 284 4260 toriis,
321 4198 526 4268 quibus
569 4203 869 4258 ammonuit
909 4220 1034 4260 eum
1075 4207 1323 4276 inprimis
1356 4219 1415 4263 ut
1443 4211 1697 4265 recorda-

123 4292 202 4341 tus
226 4286 409 4346 l‘uisset
442 4291 489 4322 “
518 4293 912 4372 omnipotentis
937 4295 1035 4351 Dei
1070 4307 1125 4352 et
1145 4299 1528 4356 mandatorum
1553 4301 1696 4368 eius,

1805 3373 1918 3426 rius
1945 3385 2114 3440 prope
2140 3388 2263 3426 cum
2308 3371 2686 3427 seductoribus
2723 3370 2836 3426 suis
2865 3371 3066 3441 impiis,
3105 3370 3173 3424 de
3193 3367 3391 3440 quibus

1802 3465 2054 3536 superius
2081 3465 2290 3521 mentio
2308 3464 2453 3520 facta
2477 3473 2583 3530 est,
2611 3464 2782 3519 noluit
2817 3465 3098 3533 quiescere
3124 3462 3170 3494 “
3192 3461 3393 3517 exhor-

1805 3563 2101 3617 tationibus
2128 3563 2329 3632 patris;
2359 3563 2453 3616 sed
2491 3561 2727 3632 quadam
2755 3569 2914 3614 nocte
2942 3557 3215 3628 elongavit
3241 3571 3300 3611 se
3321 3556 3392 3612 ab

1799 3671 1865 3708 eo
1895 3654 2050 3723 quasi
2073 3653 2348 3723 fugiendo.
2377 3652 2528 3708 Tunc
2552 3654 2847 3722 imperator
2867 3651 3015 3705 misit
3035 3650 3240 3721 legatos
3260 3661 3392 3703 suos

1798 3753 1917 3815 post
1945 3744 2094 3799 illum
2124 3745 2190 3808 "',
2218 3743 2552 3798 Badaradum
2580 3743 2951 3813 l“episcOpum
2975 3740 3305 3796 Saxonicum
3333 3739 3391 3808 σε,

1799 3846 1853 3890 et
1878 3835 2220 3890 Gerhardum
2245 3836 2290 3866 “
2319 3835 2714 3890 nobilissimum
2735 3850 2801 3890 ac
2823 3833 3196 3890 ﬁdelissimum
3221 3833 3267 3864 ⁸⁸
3293 3836 3393 3887 du-

1799 3944 1942 3992 cem,
1967 3938 2021 3982 et
2047 3926 2438 3997 Bercugarium
2470 3927 2795 3997 sapientem,
2816 3927 3180 3999 propinquum
3207 3941 3386 3980 suum.

1800 4019 1904 4084 Qui
1935 4019 2214 4072 venientes
2233 4019 2301 4072 ad
2327 4033 2473 4083 eum,
2507 4017 2691 4071 statim
2723 4017 3066 4087 supradictus
3104 4016 3149 4047 ⁵⁸
3177 4017 3390 4086 episco-

1799 4127 1901 4182 pus
1932 4109 2210 4180 praecepit
2241 4110 2283 4142 ⁵⁷
2317 4109 2366 4164 ei
2395 4124 2519 4163 cum
2544 4109 2725 4164 edicto
2756 4108 2802 4141 ⁸⁸
2842 4109 3229 4182 omnipotentis
3284 4108 3388 4165 Dei

1802 4212 2226 4272 sanctorumque
2249 4203 2491 4259 onmium
2525 4204 2646 4259 eius
2675 4203 2743 4270 ",
2790 4213 2851 4260 ut
2879 4221 2938 4261 se
2983 4202 3026 4234 ⁸⁸
3064 4203 3325 4259 alienaret
3356 4217 3388 4257 a

1803 4303 2064 4357 societate
2099 4302 2391 4373 impiorum
2441 4302 2792 4358 seductorum
2845 4302 2985 4367 eius,
3033 4308 3094 4355 ut
3147 4299 3394 4356 licuisset

1319 4412 1710 4469 VARIANTES
1747 4413 2154 4485 LECTIONES,

189 4497 358 4554 *deest
381 4501 440 4556 4.
517 4501 616 4556 ’et
645 4500 958 4572 ﬂagellato.
991 4503 1044 4558 4.
1122 4504 1143 4537 ³
1187 4505 1304 4562 eius
1327 4505 1384 4562 4.

125 4563 217 4623 hoc
241 4567 290 4623 4.
412 4573 435 4603 ⁷
482 4575 900 4623 conscenderet:
951 4575 1079 4623 autin
1132 4591 1256 4623 enm
1305 4594 1384 4623 mn

125 4633 172 4688 4.
268 4641 308 4672 ιο
336 4643 378 4696 si
411 4641 470 4696 4.

129 4705 164 4734 “
207 4708 272 4763 ibi
304 4711 355 4766 5.

574 4645 616 4674 “
662 4645 910 4700 exhibuit
933 4647 988 4701 5.
1010 4645 1064 4700 4.

1168 4650 1210 4722 ιβ
1259 4649 1595 4722 interrogare
1633 4651 1688 4704 4.

451 4715 491 4746 ιτ
518 4715 657 4769 deest
688 4715 743 4771 5.
769 4715 824 4770 4.

923 4717 964 4748 ¹⁸
1012 4726 1050 4772 ι.
1080 4719 1135 4774 in
1163 4719 1302 4774 deest
1347 4721 1400 4774 5.

1473 4507 1493 4537 Β

412 4531 440 4554 ι.
517 4507 538 4531 ¹
559 4509 616 4556 et
645 4507 880 4572 agellat
905 4517 958 4559 ο.
991 4507 1044 4558 4.
1122 4507 1143 4537 ³
1187 4507 1304 4562 eius
1327 4507 1384 4562 4.
1473 4507 1493 4537 ⁸
1521 4517 1698 4578 potest
1749 4507 1804 4563 5.
1846 4509 1902 4562 4.
2012 4510 2033 4541 ⁵
2063 4510 2366 4564 cavendum
2388 4507 2442 4562 4.
2544 4508 2567 4540 ⁸
2596 4524 2717 4578 qua:

412 4573 442 4651 ζ
482 4575 900 4651 conscenderet;
935 4575 1081 4651 _qu_in
1132 4591 1270 4651 eum
1305 4578 1539 4633 maxima
1603 4595 1729 4635 cum
1789 4580 2077 4651 disciplina
2123 4581 2346 4651 regebat
2381 4594 2469 4651 ne
2509 4579 2633 4635 5——
2661 4579 2717 4633 4.

2012 4510 2033 4541 ⁵
2063 4510 2366 4564 cavendum
2388 4507 2442 4562 4.
2510 4508 2567 4581 __'
2596 4507 2813 4581 quando
2839 4580 2842 4581 γ
2869 4509 2972 4581 hoc
3022 4510 3076 4581 5.
3132 4511 3388 4581 quoniam

2832 4580 2853 4611 "
2879 4579 3020 4635 deest
3049 4580 3104 4635 4.
3150 4579 3167 4581 “
3195 4583 3216 4614 θ
3245 4583 3387 4636 deest

2885 4652 2928 4682 “‘
2965 4652 3291 4708 cabilionum
3330 4652 3385 4706 4.

1792 4650 1837 4681 “
1879 4651 2159 4706 mendiciis
2197 4650 2252 4706 1.
2354 4650 2397 4682 ¹⁴⁵
2431 4650 2575 4705 deest
2618 4651 2670 4704 5.
2723 4651 2778 4704 4.

1504 4722 1543 4752 ¹⁹
1575 4721 2046 4793 sanctimonialem
2077 4721 2131 4775 5.
2174 4721 2228 4776 4.
2277 4721 2351 4793 ﬂ“
2374 4722 2589 4792 gerbire
2633 4724 2686 4778 5.
2733 4723 2961 4793 gerberg
2984 4723 3034 4776 5.
3113 4723 3156 4754 ’¹
3184 4723 3386 4792 pardus

131 4772 259 4864 eo.
284 4793 468 4864 mu...
516 4783 705 4864 at...
767 4789 830 4864 Δτι
860 4772 1412 4864 ὺίὺριῇιίίιήξςῆεεῆ.
1492 4794 1538 4824 η
1572 4772 2056 4864 ῐίῖέὲῐιῆῖῖιῖ“”ίὶ
2082 4772 2228 4864 ἆέεᾷἱ
2274 4792 2327 4847 δ.
2375 4772 2958 4864 aurenimante:
2989 4772 3159 4859 iam,
3184 4772 3380 4848 2.1.3.1:

129 4858 260 4929 gum,
287 4850 399 4929 eius
428 4851 614 4929 desunt
634 4857 686 4906 4.
737 4859 811 4929 _"
844 4859 1189 4929 psalmiotam
1215 4861 1268 4916 5.
1347 4865 1388 4895 ³⁷

1414 4863 1749 4933 perverteris
1773 4863 1827 4918 5.
1862 4865 1915 4917 4.

1999 4865 2044 4896 ’⁸
2075 4864 2142 4917 ad
2175 4863 2463 4919 lotharium
2489 4864 2542 4917 4.
2622 4863 2687 4898 "7
2713 4865 3088 4918 marcuardum
3113 4865 3165 4918 5.
3198 4879 3377 4918 marc-

130 4918 350 4992 vvardum
373 4921 426 4976 4.
505 4923 548 4952 ³ο
579 4923 790 4979 deest5.
845 4918 913 4956 ’³³
945 4932 1321 4986 recordaretur
1345 4918 1433 4988 4..
1477 4934 1524 4964 "
1555 4943 1609 4988 et
1641 4918 1694 4988 5.
1723 4934 1776 4988 4.
1857 4935 1904 4966 ³³
1933 4937 2094 4992 deum
2121 4933 2174 4987 4.
2205 4918 2212 4919 ί
2254 4934 2299 4965 ³⁸
2321 4934 2601 4989 maledicit
2627 4935 2678 4988 5.
2709 4935 2764 4987 4.
2819 4934 2865 4965 ³⁵
2897 4933 3293 4988 deuteronomii
3319 4933 3378 4988 4.

131 4982 168 5013 ³⁸
200 4995 487 5047 contemnit
513 4994 567 5048 5.
591 4993 646 5048 4.

744 4996 786 5027 ³⁷
812 4997 1063 5052 convivio
1087 4996 1140 5051 4.
1251 4999 1297 5030 ⁸⁸
1328 5011 1384 5055 et
1407 5004 1461 5054 5.

1567 5005 1611 5033 ’°
1635 5006 1899 5057 auferetis
1929 5008 1984 5059 5.
2036 5006 2312 5058 auferatur
2339 5005 2392 5057 4.

2485 5003 2527 5033 ⁵⁸
2572 5006 2704 5058 Et...
2749 5005 3104 5074 pertimescat
3137 5007 3277 5058 deest
3324 5005 3378 5059 4.

131 5052 170 5145 ε
193 5062 522 5145 agisne...
549 5066 604 5120 ε..
754 5071 994 5145 more.
1019 5068 1074 5123 4.
1152 5069 1203 5145 ξιξ
1224 5085 1289 5126 ac
1325 5052 1380 5126 ἁ.
1404 5052 1551 5145 at...
1579 5052 2516 5145 5..“'u'.;i'..'io;‘.;aii;n,;ieme
2545 5052 2720 5144 ηῐεῑιῑξε
2743 5052 3292 5143 ιῖὀέίιίὶόἷιῖιὶὶῖῑξλὲἱᾷὲ
3325 5052 3373 5130 i.‘

131 5122 170 5155 "
192 5122 460 5189 redeuntes
488 5135 540 5188 4.

129 5197 488 5280 orientedeest
525 5207 574 5280 lg
630 5206 674 5280 ’ξ’
702 5211 1197 5280 appropinquarent
1236 5215 1304 5267 ad
1337 5197 1387 5268 a.
1443 5220 1497 5274 4.

637 5135 680 5168 “
707 5135 992 5194 audierant
1019 5150 1076 5195 et
1117 5141 1365 5198 viderant
1402 5143 1456 5197 5.
1505 5145 1752 5199 viderant
1779 5135 1834 5199 et
1863 5148 2185 5200 audiverant
2205 5145 2258 5199 4.

2359 5145 2399 5176 ⁸⁷
2432 5157 2486 5200 et
2515 5146 2808 5202 lodewicus
2856 5145 2908 5199 5.
3008 5146 3052 5176 ⁵⁸
3084 5156 3138 5201 et
3163 5163 3212 5200 a.
3241 5164 3289 5202 c.
3326 5163 3379 5201 a.

1576 5215 1620 5246 ⁵⁰
1651 5216 1927 5272 civitatem
1977 5219 2031 5272 5.
2070 5217 2124 5271 4.
2205 5218 2246 5248 ⁸³
2307 5217 2649 5287 acquiescere
2680 5218 2733 5270 5.
2765 5215 2820 5269 4.
2899 5216 2943 5247 "
2970 5231 3094 5270 eum
3117 5220 3170 5273 5.
3199 5218 3254 5272 4.
3333 5217 3382 5249 "’

132 5263 604 5360 stagnans...
634 5263 1091 5360 aia-mima:
1111 5263 1560 5360 assignari...
1591 5263 1954 5360 stiti-'3'.
1978 5263 2033 5342 1-:
2079 5263 2222 5344 ξιξ...
2251 5263 2652 5346 δῖῑξινῖῖῑξλῑι
2682 5263 2859 5343 non.
2900 5287 2956 5342 4.
2975 5263 3380 5360 ’τῖιςιξρέξίρίι

133 5334 178 5388 4ο
247 5341 290 5373 ⁵⁸
317 5347 490 5403 edicto
509 5347 564 5403 4.
642 5349 686 5381 "
713 5358 769 5406 et
789 5334 1101 5409 structorum
1124 5334 1320 5410 eius—4;

1423 5355 1468 5388 ⁸⁸
1495 5357 1637 5412 deest
1668 5357 1723 5413 5.
1759 5358 1812 5414 4.

1633 5469 1866 5528 NOTE.

198 5554 220 5584 ι
247 5544 301 5601 ld
324 5557 422 5614 est,
445 5567 519 5606 se.

199 5614 224 5653 ιι
243 5616 446 5690 virgini
472 5621 585 5679 Ecl.
613 5639 653 5690 ι,
682 5623 770 5680 65.

201 5697 219 5761 *f
247 5686 436 5761 Psalm.
460 5709 612 5761 xvul,
637 5686 727 5750 97.

197 5756 221 5796 τι
247 5756 624 5821 Prumiensem.

469 5860 744 5924 Ps'rnon.
783 5861 943 5925 CVI.

1719 5567 1770 5627 D
1871 5578 1896 5607 θ
1919 5566 2092 5622 Exod.
2128 5583 2222 5635 xx,
2254 5567 2359 5633 42;
2387 5582 2506 5634 ut,
2535 5565 2627 5622 17.

1873 5639 1892 5675 ί
1923 5641 2038 5702 xm,
2068 5639 2250 5694 18-21.

1867 5711 1892 5749 8
1923 5707 2446 5765 Paderbornensem.

2910 5883 2984 5944 Νι
