3870 6456
561 374 673 433 687

1281 368 1576 429 AGNELLI
1611 371 1904 430 ABBA'I‘IS
1942 373 2000 430 S.
2041 371 2281 431 MARIIE
2318 373 2411 430 AD
2446 371 2923 442 BLACHERNAS,
2960 374 3114 434 ETC.
3681 384 3746 441 αθ

561 497 617 543 et
663 480 935 543 dcbiiores
976 482 1144 550 ﬁunt,
1172 491 1228 539 et
1254 483 1301 539 si
1332 483 1616 556 contigerit
1651 494 1770 541 orta
1802 486 2043 542 intentio
2069 487 2135 543 de
2162 495 2215 554 Α
2239 493 2397 541 antea
2442 484 2686 555 privatus
2715 485 3043 555 Smaragdus
3090 486 3352 558 patricius
3398 488 3651 546 ordinatus
3677 508 3746 561 εει,

562 578 774 634 duabus
804 576 1079 648 personis,
1118 574 1198 631 sic
1232 584 1544 631 mercantur
1574 577 1657 631 sui
1698 578 1929 648 honoris,
1958 578 2134 649 digni-

562 679 730 727 tatem
759 711 775 736 ,
830 671 1096 741 quomodo
1140 669 1373 739 aliquem
1428 671 1757 726 vmundcnt.
1812 671 1880 725 Et
1920 671 2139 725 mittunt

563 761 708 819 inter
727 778 787 818 se
815 761 1202 832 exploratores,
1231 768 1491 831 quantam
1516 760 1607 815 ille
1632 760 1831 833 largire
1853 762 2139 832 pecuniam

561 856 697 911 vult.
727 855 797 909 Et
832 869 956 909 cum
984 854 1335 910 renunciatur
1365 853 1600 910 fortasse
1644 855 1965 926 quingentos
2006 855 2138 912 soli-

563 946 691 1010 dos,
728 943 817 999 ille
851 950 909 997 et
949 942 1186 1009 deridet,
1213 943 1341 1015 quia
1367 945 1527 1013 pauci
1564 954 1708 1000 sunt.
1757 945 1900 1016 Ego,
1941 945 2135 1015 inquit,

561 1038 706 1093 mille
736 1035 895 1092 dabo.
942 1034 1222 1108 Interrogo
1259 1054 1273 1090 :
1322 1036 1533 1092 dicente
1568 1036 1796 1093 Domino
1836 1037 2138 1093 ordinatori

559 1144 844 1183 meo.......
914 1127 1109 1183 melius
1158 1135 1243 1183 est
1303 1128 1380 1183 illi
1430 1128 1576 1184 mille
1619 1128 1816 1185 solidos
1869 1131 2133 1200 accipere,

558 1235 720 1291 quam
763 1218 840 1274 illi
877 1218 1055 1290 pauci.
1083 1216 1343 1275 Nesciunt
1373 1220 1580 1286 miseri,
1614 1222 1743 1291 quia
1782 1220 2137 1277 simoniacam

556 1311 805 1368 bzeresim
849 1319 1145 1366 sectantur.
1195 1310 1263 1364 Et
1300 1310 1566 1379 quomodo
1604 1311 1889 1376 nesciunt,
1921 1312 2137 1381 quando

553 1408 887 1473 protestatur
931 1400 1172 1472 pontifex
1209 1401 1393 1457 dicens
1423 1419 1437 1456 :
1482 1399 1607 1456 Vide
1634 1419 1696 1456 ne
1729 1419 1821 1473 per
1849 1402 2133 1469 dationem,

552 1503 645 1549 aut
694 1493 1148 1566 repromtssionem
1172 1533 1187 1558 ,
1232 1493 1358 1563 quia
1408 1494 1725 1548 simoniacus
1781 1494 1876 1548 es?
1937 1494 2006 1549 Et
2049 1493 2138 1549 ille

550 1596 726 1654 vetat;
750 1603 857 1644 non
880 1596 1236 1658 utrorumque
1250 1601 1469 1641 suorum
1491 1586 1754 1642 malorum
1777 1588 2137 1643 consensum?

551 1679 771 1738 Occulte
812 1681 1089 1746 tribuunt,
1145 1687 1201 1735 et
1246 1679 1543 1749 accipiunt,
1575 1688 1640 1744 ,et
1675 1679 1851 1749 palam
1889 1678 2138 1735 omnibus

550 1780 771 1843 negant.
813 1770 922 1828 Cur
945 1787 1056 1828 non
1084 1770 1463 1836 recordamini,
1496 1771 1715 1826 miseri?
1758 1771 1911 1838 Quod
1952 1786 2136 1827 coram

2236 576 2329 646 qui
2357 583 2542 646 postea
2570 576 2637 630 ab
2668 576 2873 633 honore
2895 578 3215 648 patriciatus
3238 595 3268 633 a
3291 578 3551 636 Callinico
3574 584 3746 653 abiectis

2236 677 2340 734 est,
2367 676 2422 722 et
2449 668 2565 737 ipse
2594 669 2694 724 sibi
2717 670 3036 741 dignitatem
3065 673 3373 741 assumpsit.
3421 672 3570 729 Tunc
3597 674 3747 734 Rata-

2236 770 2431 813 nenses
2460 758 2608 813 cives
2636 758 2931 831 indignati,
2980 760 3222 831 projecto
3273 760 3542 818 Callinico
3585 774 3749 824 tema-

2236 853 2340 920 rio,
2391 851 2747 925 Smaragdum
2783 855 2840 909 in
2878 853 3059 911 locum
3102 854 3394 924 pristinum
3437 857 3747 925 restituerunt,

2237 945 2517 1004 Mauritius
2557 963 2689 1004 vero
2733 949 3007 1019 Augustus
3043 958 3165 1019 post
3201 949 3266 1008 21
3301 965 3508 1006 annum
3537 952 3747 1023 imperim

2237 1038 2413 1093 tenuit
2440 1053 2564 1093 cum
2592 1040 2705 1093 suis
2745 1038 2870 1093 ﬁliis
2897 1039 3220 1105 Theodosio,
3245 1050 3302 1096 et
3337 1030 3749 1107 Tiberio,etCa-

2237 1132 2493 1198 stantino,
2529 1148 2559 1186 a
2589 1132 2769 1187 Phoea
2797 1132 2968 1202 ipsius
2994 1140 3247 1199 stratore,
3278 1134 3374 1204 qui
3411 1133 3517 1189 fuit
3539 1134 3750 1207 Prisa’p-

2237 1222 2381 1277 tricii
2401 1262 2417 1288 ,
2442 1223 2728 1279 occiditur.
2773 1222 2960 1295 Igitur,
2990 1231 3051 1278 ut
3077 1223 3314 1280 diximus
3333 1265 3350 1288 ,
3377 1241 3591 1296 semper
3613 1227 3748 1281 bella:

2236 1314 2338 1370 fuit
2364 1315 2508 1371 inter
2529 1316 2911 1372 Ravennenses
2940 1324 2996 1370 et
3023 1316 3437 1387 Langobardos,
3471 1327 3528 1373 et
3550 1318 3749 1378 discordia

2238 1406 2457 1479 grandis
2483 1415 2707 1478 propter
2735 1406 2901 1461 ﬁliam
2927 1422 3102 1474 suam,
3134 1424 3256 1479 qua:
3282 1419 3446 1480 capta
3475 1424 3506 1463 a
3537 1409 3748 1465 Ravenna-

2237 1495 2381 1551 tibus
2410 1495 2604 1552 fuerat.
2651 1496 2719 1552 Et
2739 1504 2963 1569 propter
2981 1498 3156 1569 ipsam
3177 1499 3316 1554 iram
3337 1500 3538 1555 civitas
3560 1500 3749 1555 Cremona

2237 1602 2269 1641 a
2294 1586 2553 1657 praedicto
2581 1594 2757 1657 capta,
2797 1594 2854 1643 et
2893 1588 3169 1644 destructa
3208 1596 3294 1643 est
3322 1603 3478 1658 rege,
3518 1598 3571 1644 et
3602 1587 3747 1643 Manta:

2238 1675 2399 1730 nimis
2448 1683 2641 1731 vexata
2703 1685 2828 1742 est,
2889 1684 2946 1732 et
2994 1676 3260 1749 disrupta.
3309 1677 3594 1749 Regnante
3632 1677 3749 1732 Phan

2238 1781 2379 1822 anno
2417 1766 2651 1822 secundo
2690 1766 2881 1823 indict.
2908 1767 2974 1833 8,
3016 1768 3207 1824 beatus
3235 1767 3540 1839 Gregorius
3566 1766 3747 1837 migravit

548 1861 861 1918 hominibus
904 1861 1114 1933 negatis
1136 1901 1151 1928 ,
1188 1860 1408 1930 pateﬁet
1444 1875 1633 1917 coram
1685 1861 1882 1917 divinis
1923 1862 2126 1930 oculis,
2157 1849 2206 1911 B
2232 1859 2298 1914 ad
2328 1859 2636 1925 Dominum,
2664 1858 3029 1929 successitque
3057 1858 3110 1914 ei
3141 1857 3512 1921 Savinianus;
3538 1856 3749 1926 fuitth

547 1970 735 2010 coram
770 1954 1008 2025 angelis,
1055 1962 1111 2010 et
1146 1954 1519 2028 archangelis,
1563 1963 1618 2011 et
1645 1972 1829 2011 coram
1861 1955 2133 2027 principa-

550 2047 725 2113 tibus,
765 2056 821 2103 et
853 2048 1244 2118 potestatibus,
1291 2064 1476 2105 coram
1510 2049 1754 2114 thronis,
1794 2057 1851 2104 et
1885 2049 2131 2105 domina-

548 2137 801 2204 tionibus,
833 2153 1018 2194 coram
1038 2139 1352 2195 cmlestibus
1380 2139 1709 2195 exercitibus
1749 2147 1804 2193 et
1842 2141 2133 2197 virtutibus

542 2226 728 2283 omnia
769 2226 980 2283 occulta
1030 2237 1240 2283 secreta
1287 2228 1488 2283 ibidem
1540 2228 1977 2299 publicabuntur.
2037 2228 2134 2286 Vis

544 2317 830 2386 pervenire
878 2318 946 2374 ad
990 2317 1205 2373 culmen
1247 2318 1561 2390 dignitatis?
1614 2319 1878 2390 Conspice
1917 2321 2131 2377 labores

545 2408 878 2464 certaminis.
912 2408 1053 2475 Quid
1083 2409 1179 2465 tibi
1208 2410 1429 2480 prodest
1450 2418 1655 2465 vestem
1685 2411 1909 2467 induere
1932 2412 2134 2482 pretio-

544 2513 685 2564 sam,
736 2501 860 2554 cum
915 2500 1094 2555 anima
1142 2501 1212 2555 sit
1263 2501 1462 2557 diaboli
1510 2500 1704 2572 laqueo
1752 2503 1947 2571 capta?
1991 2502 2132 2557 Num

541 2603 736 2659 parum
759 2590 856 2645 tibi
879 2591 1091 2647 videtur
1116 2590 1375 2647 Ecclesia:
1402 2601 1589 2649 tenere
1612 2592 1888 2663 regimen?
1912 2592 1973 2648 Si
1995 2608 2128 2649 con-

542 2679 785 2736 siderare
824 2679 1005 2748 vultis,
1036 2680 1323 2752 episcopus
1363 2682 1483 2753 plus
1515 2690 1600 2738 est
1639 2697 1797 2751 quam
1844 2698 1964 2738 rex.
2012 2682 2130 2738 Rex

540 2780 891 2842 purpuratus,
926 2780 982 2827 et
1009 2780 1233 2829 auratus
1269 2774 1463 2830 sedens
1498 2775 1551 2828 in
1581 2774 1779 2829 throno
1798 2774 1967 2846 regali
1989 2790 2131 2830 sem-

542 2875 641 2931 per
665 2860 731 2916 de
760 2868 934 2917 morte
959 2862 1180 2931 cogitat,
1210 2861 1373 2933 gladii
1411 2862 1683 2930 conscius,
1714 2877 1930 2933 semper
1956 2871 2015 2917 ut
2052 2861 2132 2919 cf-

540 2949 733 3008 fundat
756 2954 1100 3024 sanguinem,
1131 2963 1339 3024 pensat.
1378 2954 1675 3026 Episcopus
1697 2972 1826 3011 vero
1852 2957 1920 3012 de
1950 2955 2128 3012 salva-

540 3046 689 3102 tione
717 3047 931 3113 animae,
963 3046 1031 3102 de
1056 3048 1342 3117 impiorum
1363 3062 1525 3118 paena
1546 3049 1824 3116 sollicitus,
1857 3058 1914 3106 et
1940 3052 2007 3107 de
2034 3065 2130 3121 pa-

539 3137 705 3192 radisi
732 3137 946 3209 gaudio.
986 3137 1176 3193 Videte
1203 3137 1392 3209 quales
1420 3139 1563 3194 inter
1582 3149 1892 3212 utrumque,
1918 3155 2041 3208 rex,
2066 3148 2128 3196 ut

542 3229 865 3285 demoliatur
893 3243 1144 3299 corpora,
1172 3230 1481 3301 episcopus,
1512 3240 1574 3286 ut
1603 3240 1898 3288 coronetur
1921 3233 2121 3287 anima.
2152 3220 2198 3284 C

540 3315 682 3385 Rex,
710 3327 771 3374 ut
796 3319 1039 3390 captivos
1072 3321 1233 3377 ducat
1268 3321 1518 3388 rebelles,
1547 3322 1855 3392 episcopus,
1895 3330 1956 3377 ut
1981 3331 2128 3378 emat

542 3409 816 3480 captivos,
846 3410 1077 3465 redimat
1107 3417 1163 3465 et
1186 3410 1449 3465 absolvat.
1486 3411 1624 3477 Iste,
1651 3421 1710 3466 ut
1755 3411 1940 3481 quieta
1969 3420 2127 3468 nocte

538 3515 791 3557 somnum
823 3499 1003 3568 ducat,
1047 3501 1138 3557 ille
1171 3510 1333 3557 nocte
1373 3509 1487 3557 tota
1520 3502 1576 3558 in
1598 3501 1846 3557 laudibus
1872 3503 2130 3573 persistat

538 3591 758 3651 divinis.
789 3591 856 3646 Et
880 3590 1011 3662 quid
1036 3591 1224 3663 plura?
1254 3591 1432 3648 Etiam
1459 3600 1514 3648 et
1535 3592 1649 3665 ipse
1670 3607 1765 3647 rex
1791 3592 2123 3664 episcopum,

540 3690 601 3739 ut
638 3698 738 3756 pro
770 3698 835 3739 eo
864 3684 1034 3740 Deum
1061 3685 1401 3756 deprecetur,
1443 3695 1620 3758 rogat.
1659 3684 1943 3741 Sulliciant
1986 3685 2122 3751 ista;

539 3773 674 3831 satis
707 3775 775 3832 de
803 3775 960 3831 vobis
990 3775 1121 3831 dixi.
1155 3776 1272 3833 Non
1299 3778 1644 3844 monendum,
1677 3777 1773 3833 sed
1814 3776 1883 3833 ad
1915 3791 2126 3834 memo-

538 3869 682 3926 riam
718 3871 1099 3926 revocandum.
1139 3870 1246 3927 Iste
1286 3873 1379 3943 qui
1406 3862 1515 3929 non
1545 3888 1613 3929 ex
1646 3881 1836 3930 nostro
1866 3872 1970 3928 fuit
1993 3873 2129 3930 ovili

540 3959 721 4015 videte
767 3963 1038 4033 quomodo
1071 3962 1204 4037 [pie]
1246 3966 1420 4021 tenuit
1461 3965 1878 4025 archieraticam
1917 3966 2124 4035 sedem,

542 4052 781 4109 monitus
805 4052 1100 4135 apostolico
1124 4056 1393 4129 dogmate.

1196 4167 1425 4227 CAPUT
1461 4171 1523 4226 II.

543 4253 860 4330 Synchrona
906 4275 974 4315 ea:
1042 4261 1262 4337 historia
1310 4262 1633 4337 Martiniano.
1690 4262 1828 4337 Ejus
1875 4282 2016 4324 mors
2075 4275 2127 4324 et

1164 4334 1501 4405 epitaphium.

611 4418 771 4477 Istius
814 4420 983 4492 igitur
1022 4422 1355 4494 temporibus
1393 4424 1542 4480 circa
1579 4434 1982 4483 commorantes
2006 4443 2126 4485 ma-

539 4513 663 4572 rina
705 4513 901 4582 litora,
941 4516 1285 4587 maximeque
1334 4516 1388 4572 in
1440 4517 1547 4574 hac
1585 4518 1805 4575 civitate
1829 4518 2122 4589 Ravennae,

541 4602 865 4673 gravissima
895 4611 1051 4675 peste
1076 4604 1274 4660 vastati
1307 4611 1464 4673 sunt,
1495 4613 1552 4662 et
1588 4606 1833 4663 volutato
1861 4608 1993 4665 anni
2018 4588 2127 4672 cir-
2148 4588 2204 4650 Β

542 4697 664 4755 culo
690 4698 1031 4756 Veronenses
1051 4700 1197 4755 cives
1224 4699 1402 4755 valida
1440 4714 1588 4756 mors
1612 4702 1969 4772 consumpsit.
1993 4702 2127 4758 Post

543 4788 649 4847 hoc
674 4790 851 4846 visum
886 4798 970 4847 est
1018 4790 1261 4847 terribile
1308 4791 1362 4846 in
1408 4791 1548 4847 ctelo
1585 4791 1832 4864 signum,
1877 4800 1936 4848 et
1978 4792 2126 4849 velut

543 4879 730 4937 hostes
760 4881 1039 4954 sanguinei
1083 4896 1183 4952 per
1228 4889 1397 4937 totam
1434 4890 1651 4938 noctem
1679 4881 2036 4950 dimicantes,
2071 4890 2129 4940 et

543 4969 636 5027 lux
677 4971 981 5028 clarissima
1028 4970 1257 5028 lustrata
1285 4980 1387 5027 est.
1437 4971 1506 5026 Et
1544 4973 1662 5044 ipso
1697 4987 1841 5029 anno
1881 4971 2125 5030 Theode-

543 5074 733 5136 pertus
771 5080 869 5120 rex
918 5063 1255 5120 Francorum
1297 5080 1420 5120 cum
1451 5062 1711 5121 Lothario
1741 5065 1985 5136 patruele
2023 5080 2124 5123 suo

544 5155 742 5212 bellum
769 5158 1072 5225 commisit,
1103 5156 1327 5229 ejusque
1356 5158 1651 5215 exercitus:
1665 5158 2013 5214 vehementer
2037 5165 2097 5214 at

546 5243 709 5299 tritus
757 5255 859 5302 est.
910 5247 1040 5305 Post
1084 5247 1265 5319 aliqua
1307 5250 1523 5305 evoluta
1575 5257 1817 5320 tempora
1851 5249 2126 5307 Benedicti

547 5332 730 5391 Patris
747 5338 1052 5393 cmnobium
1073 5378 1089 5405 ,
1120 5340 1265 5410 quod
1296 5339 1461 5395 situm
1494 5337 1656 5396 estin
1684 5347 1866 5395 castro
1905 5338 2125 5409 Casino,

547 5434 709 5483 nocte
742 5440 774 5481 a
806 5426 1173 5499 Langobardis
1198 5433 1499 5501 praedatum
1524 5440 1610 5486 est
1638 5439 1876 5503 tempore
1909 5432 2129 5490 Bonifa-

548 5520 621 5577 cii
649 5518 776 5592 [ιδῃ
812 5519 1011 5587 Boniti,
1040 5521 1260 5597 Bacch]
1282 5524 1513 5579 abbatis.
1531 5523 1702 5595 Capta
1732 5534 1816 5581 est
1842 5526 1986 5581 inter
2007 5528 2125 5582 haec

554 5609 826 5683 Agilulphi
874 5612 1014 5686 regis
1049 5613 1157 5670 filia
1199 5633 1324 5672 cum
1350 5616 1757 5674 Gudeschalcho
1781 5620 1899 5674 viro
1930 5634 2028 5674 suo
2054 5620 2123 5676 ab

551 5704 794 5759 exercitu
821 5701 1058 5761 Callinici
1084 5709 1295 5776 patricii
1319 5710 1385 5763 de
1410 5711 1627 5765 civitate
1648 5711 1962 5775 Par-mense,
1993 5711 2125 5766 etin

551 5792 690 5855 hanc
716 5796 904 5857 urbem
938 5796 1206 5857 Ravennae
1253 5801 1396 5873 capti
1433 5803 1581 5861 ducti
1608 5813 1753 5863 sunt.
1785 5802 1886 5861 llic
1911 5818 2124 5875 quoque

2233 1948 2352 2019 ipso
2396 1956 2636 2017 tempore
2671 1947 2909 2003 validum
2941 1947 3145 2021 frigus;
3183 1963 3395 2005 messes
3438 1961 3570 2003 vero
3596 1954 3748 2003 vastata

2232 2056 2265 2096 a
2305 2038 2550 2097 m'urihus
2595 2048 2738 2106 sunt,
2788 2049 2843 2097 et
2878 2040 2996 2097 alia:
3040 2055 3312 2112 percussa:
3354 2042 3612 2105 uredine;
3646 2048 3687 2093 et
3715 2040 3747 2092 in

2230 2134 2421 2190 eodem
2447 2149 2589 2189 anno
2619 2133 2675 2188 in
2713 2134 2912 2204 populo
2938 2134 3111 2189 fames
3139 2134 3319 2189 valida
3338 2174 3354 2200 ,
3383 2133 3516 2203 quia
3540 2132 3747 2203 frugalita
3818 2134 3819 2137 “

2230 2224 2409 2280 omnis
2454 2219 2635 2294 parva'
2664 2234 2721 2279 et
2762 2240 2887 2280 rara
2936 2223 3331 2289 inveniebatur,
3372 2225 3523 2279 sicut
3555 2238 3673 2276 nunc
3699 2231 3747 2275 es
3818 2228 3819 2261 ξ

2232 2315 2562 2384 temporibus
2600 2315 2823 2370 nostris.
2856 2314 3064 2370 Idcirco
3089 2316 3194 2371 hoc
3219 2314 3432 2369 factum
3457 2323 3559 2377 est,
3587 2321 3636 2366 ut
3660 2312 3747 2365 indi-

2230 2405 2376 2461 cium
2407 2405 2621 2461 amissaa
2659 2404 3062 2476 praadicationis
3095 2405 3164 2460 de
3202 2412 3380 2459 morte
3412 2404 3475 2458 Β.
3517 2402 3745 2472 Gregorii:
3818 2390 3819 2463 ξ

2229 2496 2340 2553 Deo
2372 2511 2471 2568 per
2521 2498 2694 2568 ipsam
2740 2497 2941 2553 famem
2982 2496 3215 2552 validam
3249 2495 3640 2558 ostenderetur,
3668 2490 3745 2561 qi?!
3818 2504 3819 2568 ξ

2229 2588 2383 2644 cibus
2430 2589 2626 2644 anima;
2666 2589 2982 2660 prmdicatio
3020 2589 3206 2644 divina
3248 2596 3369 2654 est,
3417 2588 3745 2658 corporisve»

2227 2680 2403 2735 omnis
2433 2679 2734 2751 frugalitas.
2764 2680 2953 2751 Igitur,
2982 2689 3042 2735 ut
3066 2681 3322 2746 diximus,
3349 2687 3597 2735 mortuus
3615 2675 3744 2732 estis

2226 2772 2576 2829 beatissimus
2611 2773 2697 2829 die
2725 2790 2760 2828 x
2783 2773 2902 2828 Kal.
2930 2772 3269 2840 Novembris,
3300 2781 3357 2828 et
3383 2773 3619 2845 sepultus
3640 2770 3742 2826 estin

2227 2862 2411 2918 ardica
2443 2863 2506 2918 Β.
2530 2864 2864 2935 Apollinaris
2874 2874 3030 2920 extra
3058 2880 3243 2925 muros
3264 2863 3474 2921 Classis
3493 2878 3607 2919 cum
3624 2858 3743 2915 multa

2225 2952 2721 3022 lamentationibus,
2746 2965 2801 3011 et
2818 2964 2904 3011 est
2932 2956 3005 3011 ibi
3032 2955 3366 3026 epitaphium
3389 2961 3655 3009 exaratum
3676 2952 3740 3005 ita:

2347 3049 2603 3114 Slp_tiﬁcus
2624 3062 2822 3114 semper
2845 3052 3064 3114 monitis,
3086 3048 3409 3114 memorande
3430 3048 3668 3109 sacerdos,

2412 3110 2517 3161 Hoc
2543 3110 2956 3176 positus'tumulo,
2978 3110 3263 3173 Ila’riniane,
3281 3113 3447 3176 jacet.

2415 3125 2517 3161 nec
2543 3125 2728 3175 positus
2751 3125 2956 3176 tumulo,
2978 3125 3263 3173 Iartntane,

2354 3173 2567 3236 Corpore
2589 3173 2864 3234 defunctus,
2888 3183 3052 3224 tamen
3072 3181 3144 3224 est
3171 3179 3253 3224 tua
3294 3185 3405 3221 ama
3430 3177 3684 3236 superstes,

2412 3234 2560 3285 Artus
2581 3237 2683 3285 obit
2713 3236 2986 3297 terris,qu
3013 3241 3091 3285 tua
3115 3236 3237 3285 facta
3261 3242 3426 3285 tenet.

2352 3296 2594 3359 lmnibus
2613 3298 2693 3347 hic
2716 3295 2921 3348 veniens
2944 3298 3387 3359 Romanaantistes
3410 3297 3476 3345 ab
3499 3295 3641 3359 urbe,

2411 3357 2589 3429 'l'utata
2613 3361 2939 3429 carpi-scibas
2960 3358 3374 3429 sanctaRsv-enna
3403 3361 3520 3429 tuis.

2356 3419 2813 3485 Cugctasalutit'ero
2830 3422 3093 3485 disponens
3124 3427 3349 3482 tempore
3374 3421 3541 3485 secis,

2416 3480 2490 3545 Te
2511 3483 2620 3544 pius
2644 3485 2692 3531 in
2719 3484 2895 3545 populo
2908 3480 3111 3545 Christe
3136 3480 3339 3542 rogante
3355 3481 3518 3533 dedit.

2354 3543 2489 3608 Quod
2514 3552 2675 3608 tamen
2701 3543 2993 3608 his—templis
3014 3546 3236 3608 meruisti
3259 3556 3468 3594 sumere
3492 3545 3617 3593 bum
3633 3578 3648 3602 ,

2413 3605 2487 3654 Te
2509 3606 2746 3667 placuisse
2768 3608 2891 3668 Deo,
2905 3605 3052 3656 tanta
3072 3605 3297 3667 sepulcra
3322 3608 3549 3668 probant.

2354 3666 2519 3731 thue
2542 3669 2675 3717 vices
2696 3666 3089 3731 Christl'gessisti
3112 3666 3204 3716 rite
3224 3666 3494 3731 sacerdos;

2417 3729 2573 3791 Ipsius
2595 3731 2743 3792 inque
2767 3730 2885 3780 locis
2902 3729 2976 3780 'sit
2998 3731 3087 3780 tibi
3119 3737 3283 3779 sancta
3303 3730 3475 3791 quies.

2230 3810 2384 3869 Sedit
2411 3826 2681 3868 ann.......
2708 3827 3028 3892 mens.......
3055 3813 3306 3877 dies.....,

2735 3995 3302 4055 OBSERVATIONES

2685 4085 2752 4125 AD
2818 4084 2987 4125 VITAI
3050 4081 3351 4124 IAMNIANI.

2230 4161 2567 4235 Marinianus
2603 4162 2889 4235 monacllus
2928 4169 2976 4214 et
3010 4159 3303 4235 presbyter:
3336 4158 3423 4212 An

2301 4231 2570 4301 fratrum?
2592 4231 2752 4303 Liber
2786 4226 3080 4303 Pastoralis
3105 4226 3341 4303 Joanni,
3370 4244 3482 4282 non

2298 4300 2543 4372 scriptus.
2574 4300 2692 4368 Qua
2721 4302 2993 4355 occasione
3013 4300 3254 4371 scriptus.
3280 4300 3730 4372 Argumentum!!-

2300 4372 2473 4426 larum
2494 4375 2726 4427 omnium
2750 4372 2815 4427 Ι).
2839 4370 3078 4427 Greaorii
3106 4370 3455 4425 adloannem
3476 4377 3524 4423 et
3549 4365 3715 4422 Nam!

2300 4386 2473 4426 tarum
2494 4388 2726 4427 omnium
2750 4386 2815 4427 U.
2839 4386 3078 4441 uregom
3106 4386 3173 4425 aa
3187 4386 3257 4425 ,ιο

2300 4460 2426 4498 num
2455 4444 2791 4514 scriptarum.

2299 4533 2339 4588 I.
2377 4533 2633 4605 Agnellus
2655 4532 3015 4605 Marinianum
3032 4531 3254 4605 Joannis
3276 4525 3658 4603 praedecessoris
3674 4534 3728 4605 Ir

2228 4614 2411 4676 potem
2433 4603 2620 4676 'dieit,
2665 4605 2810 4676 quod
2839 4603 3054 4676 aliunde
3090 4604 3401 4676 ignoratur,
3448 4609 3586 4676 tacet

2229 4669 2394 4747 chum
2432 4690 2555 4730 cum
2595 4675 2659 4730 ι).
2683 4669 2976 4747 Gregorio,
3003 4669 3145 4745 quod
3173 4689 3242 4747 ex
3267 4669 3726 4747 S_.pont_ilicis't6ll:

2230 4746 2413 4802 monio
2442 4753 2650 4799 certum
2695 4738 2969 4800 est.'Lib.'
2995 4738 3074 4816 ἡ,
3105 4745 3264 4816 epist.
3295 4738 3391 4810 45,
3436 4743 3506 4798 ad
3536 4738 3724 4816 animi}

2229 4817 2633 4880 scholasticam,
2664 4816 2959 4871 monachus
2999 4812 3217 4881 dicitur,
3260 4829 3329 4871 ex
3356 4812 3608 4870 monacho
3628 4814 3727 4883 ντςιν

2227 4887 2490 4958 byter,_et
2513 4902 2707 4958 munus
2731 4886 2971 4956 episcopi
2999 4885 3293 4958 refugiens.
3327 4903 3362 4958 «ί
3378 4882 3622 4958 Tandem:
3649 4885 3726 4958 »ιτ

2229 4949 2350 5028 quit
2378 4949 2599 5028 Magnus
2626 4949 2937 5028 Gregorius,
2990 4975 3009 5009 ‹
3052 4949 3149 5012 his‘
3177 4957 3513 5028 improbatis,
3543 4949 3725 5028 LM?

2228 5019 2503 5094 videlicet,
2549 5036 2606 5083 et
2640 5019 2866 5093 Joanne,
2900 5019 2933 5079 «⁷
2954 5019 3319 5082 venerabilem
3348 5026 3546 5089 virum,
3575 5019 3723 5094 fratri?

2229 5080 3335 5173 statstat“megistanas,"quem
3363 5096 3457 5151 diu
3485 5080 3722 5173 mecumjj

2231 5158 2414 5225 dicere
2441 5170 2495 5224 in
2518 5158 2845 5224 monasterio
2875 5158 3417 5224 conversam-mu..."
3460 5158 3720 5237 petim'ﬂf

2232 5241 2320 5296 cui
2355 5238 2639 5311 refugienti
2691 5239 2941 5311 diversis,
2964 5239 3138 5294 modis
3170 5239 3261 5311 vix
3310 5226 3582 5311 aliquando

2234 5311 2448 5367 suaderi
2466 5306 2574 5376 {ut
2600 5324 2788 5365 eorum
2816 5310 3086 5379 praeberet
3110 5308 3358 5378 petitioni
3385 5306 3717 5379 consenqu

2232 5389 2286 5437 et
2326 5372 2625 5450 sequuntur
2651 5372 2837 5450 multa'
2866 5378 2930 5433 ad
2972 5372 3253 5450 Marii-niani
3285 5372 3718 5450 commentiantur:l

2231 5433 2745 5521 exarajtaiCog’itavi
2777 5448 3065 5521 aliquando
3093 5466 3161 5521 an
3194 5449 3284 5504 hic
3309 5433 3715 5521 Marinianusidff

2233 5522 2427 5587 fuerit,
2456 5523 2547 5590 qui
2578 5517 2888 5575 nominatur
2910 5520 3055 5576 cella:
3084 5520 3314 5574 fratrum
3350 5517 3529 5590 Roma;
3547 5517 3715 5590 νῆ’

2230 5569 2438 5658 ista;
2459 5569 3053 5664 ‘ata'eeggaais'{,;;
3081 5569 3448 5664 iiii.T,_'épisi.
3475 5569 3569 5664 si;
3593 5569 3716 5664 alr;

2230 5641 2917 5735 igitu';ui;a;c3..1rmg§i
2938 5641 3192 5735 aii-sein
3207 5641 3367 5735 vi;st
3379 5641 3713 5735 ἐειηρίξιξίὶάιξτ

2229 5733 2321 5788 ille
2348 5734 2437 5802 qui
2467 5733 2655 5795 abbas,
2684 5732 2797 5786 sive
2841 5732 3178 5802 praepositus,
3207 5730 3355 5802 cellae
3385 5728 3632 5802 praxim}?

2229 5774 2320 5788 ...υ
2350 5774 2437 5802 .,...
2467 5774 2655 5795 υυνην,
2686 5774 2797 5786 νην
2841 5774 3178 5801 ruerem..."
3209 5774 3355 5786 ww
3385 5774 3562 5798 rma-”
3623 5787 3632 5796 ,

2228 5804 2317 5862 ille
2350 5805 2463 5874 ipse
2492 5804 2703 5862 videtur
2726 5802 2813 5860 cui
2840 5801 3130 5875 Gregorius
3159 5799 3353 5859 scribit
3376 5800 3440 5857 de
3477 5792 3656 5853 eodem
3676 5774 3711 5831 δ’
