3870 6450
89 343 203 401 619

1145 341 1351 400 LIBER
1379 340 1626 401 PONTIF
1629 340 1874 401 lCALlS.
1913 371 1985 385 —-
2018 340 2200 401 PARS
2235 341 2302 400 Π.

3229 344 3336 405 650

83 452 337 528 Gregorii
799 453 979 528 Porro,
997 457 1142 527 quod
1186 466 1371 515 noster
1396 459 1559 513 tradit
1595 459 1659 512 D.
1690 461 1743 523 Α
1766 459 1989 514 Claudio
2040 460 2230 515 abbate
2280 472 2403 514 cum
2459 456 2703 528 pecuniis
2726 495 2775 528 ,_
2787 472 3022 528 quarum
3070 473 3336 518 summam

81 524 432 600 gregorium,
467 534 541 600 ut_
572 525 855 600 Mariniani
900 524 1136 582 animum
1179 530 1431 600 erigeret,
1466 528 1664 584 librum

80 593 412 670 Pastoralis“
438 596 755 670 scripsisse,
778 612 899 670 non
949 606 1129 670 potest
1165 593 1451 670 approbari
1479 640 1495 663 ,
1547 614 1672 656 cum

78 664 226 739 liber
242 664 300 719 in
328 664 488 739 editis
512 664 576 721 ac
604 668 821 739 ineditis
839 664 1031 723 Joanni
1050 664 1302 739 episeopo
1326 670 1670 734 inscribatur,

81 735 220 790 etin
245 735 559 805 praefatione
587 738 861 793 scribendi
889 739 1016 794 inde
1041 735 1253 795 occasio
1282 749 1411 794 nata
1439 740 1669 804 dicatur,

80 806 235 880 quod
278 805 525 880 Joannes
557 806 878 880 Gregorium
919 810 1362 879 reprehenderit,
1414 812 1539 880 quia
1585 810 1674 864 de-

76 874 382 949 litescendo
435 893 465 931 a
493 874 757 949 Ifastofali
788 893 953 949 onere
974 874 1032 934 se
1060 880 1356 935 subducere
1392 874 1514 949 fuga
1560 889 1674 949 stu-

74 947 294 1020 duerat.
312 945 479 1020 Porro
490 946 781 1020 Gregorius
800 948 995 1004 librum
1012 966 1042 1004 a
1054 966 1113 1005 se
1125 952 1194 1007 ob
1218 951 1270 1005 id
1289 945 1549 1020 scriptum
1574 948 1668 1015 ait,

74 1024 141 1071 ut
166 1018 260 1087 qui
284 1018 537 1090 oneribus
565 1019 885 1090 dignitatum
908 1028 1074 1086 caret,
1105 1036 1169 1075 ea
1197 1037 1266 1076 ne
1290 1018 1539 1077 incautus
1572 1037 1670 1077 ex-

69 1096 250 1156 petat,
277 1087 369 1157 qui
399 1087 645 1161 incautus
672 1091 895 1161 expetiit
925 1090 1176 1161 adeptum
1212 1106 1270 1146 se
1292 1108 1411 1146 esse
1436 1092 1626 1146 timeat
1651 1108 1666 1157 ;

70 1167 459 1231 argumentum
488 1158 646 1231 plane
674 1158 850 1231 aptius
874 1201 888 1225 ,
935 1158 1078 1231 quod
1123 1162 1450 1217 ambientem
1498 1171 1671 1218 retra-

68 1229 188 1303 lrat,
208 1245 369 1303 quam
389 1229 531 1303 quod
552 1229 911 1303 Marinianum
934 1229 1085 1286 oneri
1107 1233 1385 1303 subeundo
1405 1233 1661 1289 alliceret.

68 1298 279 1354 Noster
309 1298 490 1369 itaque
518 1301 605 1356 hic
640 1317 698 1357 se
727 1300 925 1373 prodit,
951 1310 1005 1358 et
1031 1304 1084 1357 in
1128 1302 1248 1357 libri
1277 1306 1395 1428 «(nus
1439 1304 1667 1360 lectione

68 1371 306 1425 omnino
332 1371 617 1428 bosnitem.
648 1384 702 1427 et
728 1389 760 1426 a
785 1373 930 1428 vulgi
957 1372 1265 1428 rumoribus
1325 1383 1591 1428 ecentum.

67 1371 306 1445 omnino
332 1371 617 1445 hospitem,
648 1371 760 1445 eta
785 1373 930 1445 vnlgi
957 1372 1265 1445 rumoribus
1289 1371 1591 1445 deceptum.

142 1441 207 1516 l_l.
247 1440 504 1516 Plura_ad
533 1440 1019 1516 Marinianinvitam
1049 1440 1516 1500 illustrandam'ex
1546 1446 1665 1516 epi-

67 1512 339 1586 _s_tolarum
359 1512 557 1586 Magni
586 1513 834 1586 Gregorii
884 1514 1114 1586 Regesto
1138 1516 1411 1586 congessit
1445 1512 1666 1572 Rubéus

67 1582 164 1655 lib.
200 1599 257 1638 tv
278 1626 294 1649 ,
321 1582 489 1655 plura
521 1592 577 1638 et
622 1582 849 1640 Carolus
878 1582 1131 1655 Sigonius
1161 1586 1215 1640 in
1242 1582 1440 1641 eximio
1471 1587 1564 1640 illo
1598 1589 1665 1641 de

67 1652 259 1726 Regna
310 1652 484 1726 Italiae
526 1669 707 1724 opere.
760 1656 877 1726 Ipse
914 1652 981 1710 ad
1019 1654 1243 1712 Joannis
1281 1666 1335 1711 et
1379 1656 1659 1713 Mariniani

67 1722 229 1779 Vit—as
257 1724 489 1798 absoluti
524 1722 900 1798 commentarii
930 1726 1050 1782 loco
1077 1742 1198 1783 esse
1240 1743 1400 1798 posse
1431 1744 1575 1793 reor,
1614 1729 1659 1783 si

67 1796 461 1882 compendiose
492 1797 1071 1882 epistularummearnm
1116 1796 1259 1882 quas
1291 1799 1506 1882 utnique
1531 1815 1658 1882 con-

67 1866 551 1939 scripsit_Magnus
595 1867 682 1923 ille
721 1868 963 1939 pontifex
1000 1866 1329 1924 breviarium
1364 1866 1452 1924 hic
1483 1870 1654 1939 subji-

67 1936 263 1991 ciatur.
495 1936 848 2020 opportunius
875 1938 968 1993 ﬁet
994 1954 1108 2020 quo
1137 1941 1190 2020 in
1219 1941 1413 1995 horum
1445 1936 1653 2020 episco-

67 2022 263 2075 porum
296 2008 441 2081 \fitis
457 2009 864 2081 conscribendis
891 2008 1247 2081 negligentius
1279 2026 1336 2065 se
1361 2008 1526 2081 gessit
1552 2029 1653 2068 no-

67 2086 214 2161 ster,
241 2078 509 2161 qui_alias
546 2078 1417 2161 pluna_posteris—commendanda
1456 2098 1523 2138 ex
1569 2083 1655 2138 his

67 2148 307 2216 Epistolis
329 2148 611 2206 desumere
638 2148 883 2205 debebat.

67 2239 289 2303 Series
324 2241 740 2324 epistolarum
770 2244 846 2303 ι).
872 2243 1163 2323 Gregorii
1196 2223 1409 2324 Magni
1437 2246 1514 2308 ad
1549 2246 1658 2309 Jo-

143 2336 381 2406 annem
428 2329 488 2382 et
519 2322 946 2397 Marinianum
970 2322 1375 2406 Ravennates
1410 2326 1657 2406 episco-

145 2416 291 2482 pos,
320 2405 623 2482 eteorum
654 2419 799 2482 quae
826 2402 1059 2482 quovis
1087 2405 1277 2468 modo
1303 2404 1384 2468 ad
1412 2402 1660 2468 eorum-

142 2478 292 2541 dem
329 2480 485 2565 Acta
516 2478 864 2559 pertinent:

67 2578 149 2634 Ex
193 2578 289 2636 lib.
342 2595 406 2649 ι,
453 2598 535 2650 ep.
580 2578 688 2650 55,
732 2582 844 2636 ind.
892 2583 925 2638 9

725 2654 852 2708 anni
890 2653 960 2710 59

132 2742 669 2817 Mauriliogloriosus
689 2744 793 2809 vir,
820 2752 874 2799 et
899 2745 1257 2817 exprzefectus
1282 2749 1563 2814 innocens,
1586 2751 1658 2806 ob

132 2758 382 2798 maurmo
402 2758 669 2867 plenosus
689 2760 793 2809 Vir,
820 2758 874 2799 et
899 2758 1257 2817 exprmrectus
1282 2758 1563 2814 innocens,
1586 2758 1653 2806 ob

67 2813 361 2886 galumnias
387 2815 401 2868 i
427 2815 561 2870 latas
583 2814 724 2886 intra
748 2826 899 2886 septa
926 2817 1297 2873 ecclesiastica
1317 2822 1653 2876 morabatur.

67 2884 360 2959 Sregorius
396 2886 645 2940 eumdem
678 2884 869 2941 Joanui
906 2890 1161 2958 episcopo
1193 2889 1484 2959 plurimum
1516 2907 1659 2947 com-

68 2957 305 3032 nendat,
328 2965 388 3032 ut
411 2959 616 3026 absque
652 2957 1017 3032 oppressionis
1045 2957 1287 3030 periculo
1316 2963 1459 3032 apud
1487 2960 1659 3018 Geor-

67 3026 211 3096 gium
237 3026 553 3096 praefectum
576 3026 815 3085 rationes
840 3026 1066 3086 reddere
1093 3041 1274 3100 queat.

112 3137 207 3192 Ea:
227 3138 318 3193 lib.
352 3155 411 3205 ιι,
440 3156 522 3210 ep.
547 3139 642 3203 22,
664 3141 776 3195 ind.
804 3141 892 3207 10,
926 3159 1101 3196 mense
1124 3141 1276 3197 Julia
1305 3145 1431 3198 anni
1460 3143 1586 3200 592.

130 3229 408 3285 Laudatur
431 3231 670 3303 Joannes
696 3232 1001 3303 episcopus,
1034 3234 1159 3303 quia
1185 3232 1496 3290 Castorium
1524 3233 1652 3289 Ari-

70 3302 362 3356 ninensem
383 3302 667 3371 praesulem
693 3302 967 3358 inﬁrmum
990 3302 1096 3357 non
1128 3305 1288 3359 modo
1313 3305 1646 3371 visitaverat,

69 3373 156 3425 ted
188 3372 331 3445 intra
376 3372 742 3445 Ravennatem
785 3375 972 3429 urbem
1015 3384 1342 3445 susceperat.
1384 3376 1535 3430 lllum
1577 3377 1648 3432 ob

70 3444 359 3516 ietcntium
386 3444 847 3516 importunitatem
874 3461 904 3499 a
931 3460 989 3500 se
1016 3444 1324 3501 ordinatum
1350 3447 1480 3501 dicit
1508 3462 1647 3516 pou-

81 3513 218 3567 ifex.
256 3514 605 3585 Przecipitut,
641 3515 685 3569 si
715 3515 832 3571 ﬁeri
875 3524 1071 3585 potest,
1116 3516 1339 3571 Romam
1380 3513 1644 3571 mittatur.

72 3586 358 3653 Spiscopos
386 3588 457 3658 ad
489 3603 642 3641 suam
670 3588 1010 3658 metropolim
1044 3588 1395 3658 pertinentes,
1426 3604 1535 3642 non
1556 3604 1651 3641 va-

71 3664 234 3727 entcs
266 3658 335 3710 ob
382 3656 634 3727 impedita
676 3656 869 3713 itinera
917 3658 983 3711 ad
1020 3656 1076 3713 se
1112 3656 1317 3722 venire,
1354 3658 1650 3711 Ravennati

74 3726 317 3796 rpiscopo
345 3726 715 3793 commendat,
758 3729 832 3781 ita
862 3737 1071 3788 tamen,
1104 3736 1166 3782 ut
1204 3728 1511 3798 Ravennam
1552 3743 1650 3798 pro

74 3804 253 3862 :orum
284 3799 458 3854 causis
488 3799 710 3853 minime
728 3808 1043 3862 evocentur,
1068 3814 1135 3853 ne
1159 3797 1485 3855 dilbcillimis
1510 3797 1649 3853 tem-

74 3861 557 3939 )ol’ibus__VeX3U0
592 3878 873 3939 enecatur.
912 3868 971 3923 Si
1016 3870 1124 3924 sint
1166 3878 1370 3934 tamen,
1407 3885 1526 3939 quae
1567 3883 1653 3923 re-

74 3930 329 3985 ireltendi
372 3937 701 3994 mereantur,
747 3930 865 3982 illus
896 3930 1652 3997 littorisimoneat'Révennas

76 4003 383 4073 :piscopus;
409 4000 660 4072 graviora
684 4012 815 4054 vero
850 3998 917 4053 ad
945 4012 1004 4053 se
1031 3996 1357 4053 referantur.

424 4090 505 4167 Ea:
524 4089 615 4145 lib.
639 4107 699 4156 ιι,
725 4106 806 4161 ep.
836 4090 929 4155 28,
957 4089 1068 4143 ind.
1096 4089 1296 4144 eadem.

141 4183 357 4239 Litteris
397 4183 483 4238 his
514 4181 582 4237 ad
628 4180 891 4237 Joannem
934 4180 1074 4235 datis
1120 4181 1471 4250 quaestionem
1513 4182 1654 4239 inter

77 4256 394 4311 Viulandum
461 4262 516 4308 et
569 4253 944 4308 Gavimianum
1009 4252 1296 4308 diaconum
1352 4260 1652 4309 vertentem

77 4328 223 4382 brevi
251 4342 413 4382 manu
440 4324 829 4395 expediendam
851 4322 1115 4393 prmcipit.

341 4416 425 4470 Ea:
454 4415 545 4469 lib.
575 4415 775 4481 eodem,
803 4431 884 4485 ep.
911 4413 1003 4478 52,
1034 4412 1148 4469 ind.
1175 4414 1376 4469 eadem.

143 4505 435 4575 Gregorius
455 4504 526 4559 ob
553 4504 609 4559 id
628 4519 688 4559 se
710 4502 932 4575 Joannis
959 4503 1152 4575 litteris
1180 4520 1285 4560 non
1313 4504 1655 4575 respondisse

80 4581 174 4645 iit,
201 4574 324 4647 quia
358 4575 648 4648 Agilulplii,
692 4573 1217 4648 quemAnnulphum
1249 4573 1417 4648 dicitj
1439 4576 1653 4648 L‘ango—

970 2593 1088 2709 post
1132 2601 1357 2641 mensem
1401 2584 1657 2643 Martium

80 4644 366 4705 {turdorum
410 4644 553 4718 regis
603 4644 813 4718 hostilis
854 4646 907 4699 in
931 4644 1211 4718 Romanos
1244 4644 1435 4718 furor,
1484 4644 1655 4703 se'ea
1681 4650 1735 4712 D

81 4718 336 4774 mmstitia
382 4715 656 4781 olfecerit,
700 4717 772 4771 ob
809 4731 972 4785 quam
1020 4715 1073 4769 in
1115 4716 1340 4771 colicam
1381 4716 1649 4773 inciderit.

82 4789 333 4861 Agnoscit
357 4787 687 4861 Ravennatis
717 4787 957 4861 episcopi
986 4801 1111 4861 erga
1143 4803 1208 4861 se
1237 4803 1502 4861 amorem,
1532 4804 1655 4844 suc-

81 4856 301 4933 currere
338 4858 623 4928 cupientis,
649 4860 743 4933 sed
762 4856 992 4933 minime
1014 4856 1263 4933 valentis.
1305 4858 1514 4933 Laudat
1533 4866 1654 4914 acta
1686 4926 1694 4933 ε

83 4926 622 4999 δίει-ιριιιίιιιθέοηιιει
670 4927 1041 4984 schismaticos
1087 4926 1301 4999 Histriae
1352 4928 1654 4999 episcopos,

83 4998 251 5070 seque
290 4998 539 5070 Mauritio
558 4998 767 5068 juben'ti
787 5039 805 5064 ,
834 5006 895 5070 ut
916 5013 945 5050 a
976 4998 1246 5070 praedictis
1272 4998 1655 5070 compellendis

83 5068 354 5135 cessaret,
392 5069 639 5125 libertate
676 5068 968 5138 apostolica
999 5068 1281 5137 scripsisse
1321 5069 1415 5122 ait.
1459 5068 1658 5124 Roma-

85 5158 215 5199 num
244 5141 528 5210 patricium
565 5140 843 5195 ferendum
868 5138 1078 5210 suadet,
1106 5147 1160 5210 et
1188 5139 1475 5210 agendum,
1506 5148 1565 5193 ut
1589 5140 1657 5194 ad

85 5208 260 5269 breve
279 5210 467 5266 saltem
495 5219 702 5281 tempus
728 5209 1100 5281 inducizecum
1128 5208 1414 5281 Agilulpho
1438 5209 1589 5274 ﬁant,
1607 5210 1661 5281 id

85 5285 353 5356 paucitate
377 5279 619 5356 militum
640 5282 919 5356 suadente.
958 5279 1140 5356 Monet
1163 5280 1470 5356 ordinatum
1494 5279 1661 5334 semel

86 5350 278 5410 rursus
321 5353 559 5407 ordinari
604 5368 712 5407 non
754 5352 983 5414 debere,
1027 5350 1166 5405 sicut
1197 5366 1299 5405 nec
1324 5350 1660 5420 baptizatum

87 5424 376 5495 baptizari;
407 5423 500 5495 sed
527 5424 572 5495 si
603 5423 724 5495 quis
745 5437 867 5495 cum
891 5420 994 5495 levi
1007 5420 1181 5495 culpa
1203 5421 1271 5474 ad
1300 5421 1661 5495 sacerdotium

87 5490 255 5558 venit,
292 5494 606 5563 paenitentia
620 5490 911 5563 imposita,
939 5491 1134 5563 debere
1170 5491 1223 5545 in
1244 5492 1444 5563 ordine
1468 5490 1661 5563 collato

87 5560 808 5644 pennariere:uAgilulphum
846 5576 969 5644 num
1008 5561 1202 5644 Aroge.
1233 5560 1451 5644 Neapoli
1483 5561 1663 5644 immi-

89 5629 221 5702 nere
268 5630 359 5685 ait.
406 5629 815 5702 Ele€mosynam
861 5629 1063 5685 Severo
1092 5629 1472 5698 séhismatico,
1509 5631 1663 5702 cujus

89 5700 285 5759 civitas
326 5701 542 5757 incensa
596 5699 812 5765 fuerat,
855 5702 1078 5755 minime
1126 5703 1443 5757 mittendam
1490 5699 1662 5766 dicit,

89 5773 236 5846 quod
279 5772 363 5827 ille
396 5773 708 5846 munenibus
753 5787 869 5846 rem
907 5786 1067 5846 suam
1104 5773 1244 5841 apud
1286 5772 1665 5846 imperatorem

91 5841 331 5912 tueatur;
362 5843 539 5915 potius
564 5842 795 5898 Fanensi
815 5841 1025 5898 civitati
1052 5841 1477 5901 succurrendum
1499 5843 1667 5900 misso

492 5938 765 6003 ΡΑτιοι..
808 5937 968 6004 CVI.

1771 528 1966 602 Joanni
2006 526 2708 602 decernendam_relinquit.
2757 526 2997 602 Natalem
3027 529 3336 602 episcopum

1772 600 2062 669 resipuisse
2110 599 2339 669 laetatur,
2369 597 2633 653 Malchum
2672 599 2799 669 item
2829 597 3140 669 episcopum
3167 597 3337 660 ratio-

1771 686 1869 726 nes
1882 668 2124 725 reddere
2136 668 2307 739 jubet,
2336 676 2622 739 antequam
2647 668 3045 740 proﬁciscatur.

1844 761 1929 817 Ea:
1948 760 2037 817 lib.
2071 778 2134 830 ιι,
2161 780 2241 834 ep.
2270 761 2359 828 54,
2390 761 2503 817 ind.
2529 762 2589 816 11
2626 778 2801 818 mense
2819 765 2959 819 maio
2981 782 3108 821 ann.
3137 766 3265 825 595.

1839 852 2076 910 Joannes
2099 867 2130 910 a
2156 852 2401 909 Castorio
2448 852 2757 909 Ravennam
2796 856 3044 913 veniente
3080 857 3341 916 Romana:

1770 925 2026 981 Ecclesia:
2070 925 2280 995 notario
2323 924 2556 995 monitus
2606 925 2672 979 de
2708 924 2872 995 pallio
2917 929 3129 984 nonnisi
3172 931 3340 988 certis

1772 996 1960 1077 diebus
1974 995 2213 1058 ferendo,
2233 994 2286 1048 id
2311 994 2682 1077 tegretulerat.
2709 994 3002 1077 Gregorius
3021 999 3164 1077 o_b_id
3190 1017 3339 1077 eum—

1772 1068 1892 1141 dem
1920 1082 2107 1124 rursus
2151 1080 2247 1141 per
2289 1065 2542 1135 epistolas
2578 1075 2779 1141 monet,
2810 1065 2872 1123 ac
2897 1070 3140 1139 praacipit
3172 1072 3340 1141 pluri-

1770 1137 1892 1209 bus,
1941 1146 1999 1209 ut
2026 1153 2142 1209 mos
2170 1136 2396 1209 aliorum
2420 1136 2963 1209 _metr0politanoru‘m
2995 1136 3337 1209 observetur,

1770 1208 1872 1262 nisi
1897 1208 2231 1281 privilegium
2261 1206 2531 1281 singulare
2552 1221 2583 1281 a
2607 1206 2845 1281 Romana
2869 1210 3107 1266 Ecclesia
3146 1206 3340 1268 obten;

1772 1277 2259 1334 tttmexliibeatur.
2312 1277 2570 1332 Moderati
2612 1279 2774 1332 animi
2808 1282 3044 1336 rationes
3085 1282 3335 1339 inculcat.

1767 1347 1856 1422 Ait
1887 1365 1972 1422 se
2005 1348 2342 1422 privilegium
2373 1346 2676 1422 hujusmodi
2703 1350 2757 1402 in
2792 1350 3005 1406 scriniis
3052 1354 3339 1422 quaesitum

1768 1418 2321 1494 minimc'rcperisse,
2371 1427 2426 1471 at
2462 1418 2642 1494 potius
2668 1429 2881 1494 exstare
2906 1418 3181 1494 nonnulla,
3217 1439 3340 1494 qua:

1766 1490 2015 1556 obstent;
2053 1492 2147 1546 sed
2178 1505 2279 1544 nec
2302 1489 2689 1561 consuetudine
2716 1492 2931 1561 probari
2949 1493 3044 1548 ait.
3083 1489 3342 1550 Prohibet

1765 1575 1834 1615 ne
1865 1561 2083 1631 pallium
2118 1562 2172 1615 in
2194 1559 2422 1630 publicis
2458 1559 2684 1615 Litaniis
2718 1559 2880 1627 lerat,
2931 1564 3045 1619 sive
3073 1573 3201 1619 ante
3229 1563 3339 1619 fra-

1768 1640 1912 1687 trum
1948 1632 2316 1688 dimissionem
2340 1646 2406 1686 eo
2432 1632 2485 1685 in
2517 1633 2811 1686 secretario
2837 1642 3042 1688 utatur.
3073 1633 3339 1690 Sacerdo-

1765 1710 1880 1759 tum
1927 1703 2343 1759 criminosorum
2400 1717 2611 1766 causas,
2659 1702 2743 1757 vel
2796 1702 3067 1759 Ravennae
3100 1721 3131 1759 a
3175 1705 3338 1761 Joan-

1764 1788 1831 1828 ne
1870 1774 2152 1839 ﬁniendas,
2186 1773 2269 1828 vel
2324 1774 2635 1829 sacerdotes
2664 1774 2883 1829 eosdem
2913 1776 3329 1844 compellendos,

1682 1839 1731 1900 B
1760 1844 2047 1911 interdicto
2085 1846 2225 1901 sacri
2268 1844 2475 1899 ordinis
2521 1844 2801 1910 exercitio,
2862 1854 2924 1899 ut
2969 1839 3194 1902 Romam
3246 1839 3339 1902 ve-

1758 1915 1929 1970 niant.
1985 1914 2144 1971 Circa
2193 1914 2580 1986 mappularum
2621 1930 2801 1981 usum,
2850 1916 3087 1986 indulget
3127 1925 3187 1972 ut
3224 1918 3338 1972 dia-

1757 1987 1877 2058 coni
1910 1987 2160 2058 episcopo
2188 1985 2504 2058 precedenti
2536 1985 2896 2057 obsequentes
2943 1985 3162 2043 easdem
3186 1988 3338 2045 adhi-

1755 2055 1938 2113 beant.

2106 2129 2191 2185 Ea:
2223 2130 2314 2184 lib.
2352 2145 2413 2197 ιι,
2444 2147 2526 2201 ep.
2552 2128 2643 2196 55,
2669 2129 2782 2184 ind.
2811 2130 3013 2185 eadem.

1830 2220 2053 2279 Joannis
2087 2223 2323 2293 episcopi
2358 2221 2686 2277 Ravennatis
2709 2222 2955 2294 epistola,
2992 2238 3097 2294 qua
3124 2239 3334 2282 summa

1759 2294 1928 2374 animi
1973 2295 2353 2374 moderatione
2374 2307 2433 2349 se
2475 2293 2801 2374 tuetur,__qui
2828 2309 2935 2347 non
2966 2293 3233 2364 superbiae
3256 2294 3339 2352 fa-

1761 2373 1870 2428 stu,
1900 2366 1992 2419 sed
2016 2380 2126 2419 suae
2151 2365 2405 2420 Ecclesiae
2431 2363 2565 2426 zelo,
2614 2363 2762 2435 pallii
2787 2379 2943 2418 usum
2987 2380 3086 2434 pro
3114 2380 3336 2435 suorum

1759 2435 2219 2506 praedecessorum
2260 2450 2410 2490 more
2436 2435 2537 2491 sibi
2580 2434 2763 2490 deberi
2800 2434 3124 2490 crediderat.
3170 2434 3339 2492 Caste-

1760 2521 1881 2579 rum
1906 2521 2116 2579 sererga
2140 2507 2437 2579 Romanam
2475 2511 2659 2579 sedem
2686 2521 2923 2579 summo,
2968 2513 3027 2560 ut
3061 2521 3169 2579 par
3194 2516 3334 2575 erat,

1760 2576 2021 2645 obsequio
2056 2576 2177 2632 duci
2200 2578 2295 2643 ait,
2325 2577 2379 2631 in
2404 2577 2563 2645 cujus
2593 2578 2717 2633 sinu
2751 2578 3019 2631 enutritus
3053 2576 3250 2642 fuerat,
3279 2588 3337 2634 et

1760 2663 1859 2717 pro
1885 2664 1990 2717 qua
2024 2647 2316 2704 multorum
2351 2649 2605 2706 invidiam
2634 2664 2697 2703 ac
2728 2648 3150 2717 indignationem
3173 2646 3338 2704 offen-

1762 2719 1934 2793 derat.
1978 2717 2049 2775 Se
2088 2717 2162 2774 nil
2192 2720 2349 2793 novi‘
2373 2735 2561 2777 ausum
2591 2719 2778 2779 fuisse,
2826 2717 2919 2793 sed
2957 2718 3085 2772 illud
3138 2719 3333 2793 egisse,

1761 2788 1914 2858 cujus
1955 2791 2287 2845 consuetudo
2317 2788 2692 2848 Ravennatum
2736 2790 2976 2845 omnium
3029 2788 3338 2846 testimonio

1761 2861 2262 2915 commendabatur.
2314 2862 2593 2931 Queritur,
2645 2871 2700 2916 et
2727 2869 3072 2932 peccatorum
3114 2876 3336 2915 suorum

1760 2946 1923 2986 causa
1951 2933 2213 3005 accidisse
2234 2930 2583 3005 lamentatur,
2619 2930 2762 3005 quod
2796 2938 3025 3005 ppsttot
3048 2930 3258 3005 labores
3280 2941 3335 2985 et

1760 3004 2059 3071 angustias,
2106 3019 2241 3073 quas
2266 3003 2412 3057 intus
2442 3000 2680 3073 forisque
2704 3000 2809 3073 pro
2822 3000 3059 3073 Ecclesia
3089 3000 3334 3055 Romana

1759 3069 2289 3144 sustinueratftales
2324 3073 2470 3144 vices
2501 3069 2883 3144 rependantur.
2928 3069 3123 3138 Sperat
3154 3080 3335 3144 tamen

1760 3141 2001 3197 futurum
2022 3142 2139 3199 fore
2167 3153 2233 3215 ut
2253 3143 2491 3215 pontifex
2520 3141 2688 3215 patris
2715 3156 2864 3196 more
2884 3148 3006 3215 post
3029 3142 3333 3215 correptio-

1760 3229 1885 3269 nem
1912 3216 2091 3270 acrius
2117 3211 2431 3280 adhibitam,
2471 3211 2800 3279 blandiatur,
2843 3220 2896 3265 et
2921 3211 3200 3281 privilegia
3228 3227 3333 3267 non

1678 3272 1724 3334 C
1756 3285 1918 3339 modo
1965 3285 2273 3350 conﬁrmet,
2312 3272 2430 3340 sed.
2456 3294 2667 3356 augeat.
2706 3272 2892 3356 Ro'mte
2922 3272 3089 3356 etiam
3115 3272 3337 3356 Raven-

1754 3364 1911 3410 nates
1936 3357 2163 3411 clericos
2209 3356 2477 3427 mappulis
2515 3353 2879 3427 usosadjicit,
2913 3368 3019 3421 qua
3061 3355 3128 3408 de
3149 3370 3208 3427 re
3235 3353 3339 3427 Ro-

1753 3442 1942 3497 manos
1978 3429 2124 3495 ipsos
2152 3423 2318 3482 testes
2339 3423 2593 3497 appellat.
2646 3423 2779 3482 Orat
2810 3425 2986 3479 denuo
3008 3431 3068 3477 ut
3110 3423 3336 3497 privile-

1752 3498 1839 3567 gia
1886 3496 2219 3552 Ravennatis
2263 3495 2518 3553 Ecclesia?
2574 3505 2878 3567 serventur,
2943 3509 3062 3567 qua;
3107 3495 3335 3549 Romam

1752 3565 1940 3633 misit;
1996 3568 2214 3622 interim
2257 3584 2315 3623 se
2354 3569 2422 3622 ab
2476 3585 2574 3638 usu
2626 3567 2774 3638 pallii
2816 3565 3107 3638 abstinere,
3138 3579 3337 3633 quous-

1754 3639 2219 3761 qucuquidsuper
2251 3639 2335 3694 his
2360 3634 2601 3708 pontifex
2628 3634 3047 3693 decernendum
3090 3643 3335 3701 censeat,

1754 3718 1867 3761 mte
1908 3717 2101 3761 exerit.

1753 3708 2101 3762 intellexerit.

1754 3796 1840 3852 Ea:
1865 3797 1955 3852 lib.
1982 3813 2066 3865 ιιι,
2102 3815 2182 3869 ep.
2210 3797 2304 3865 57,
2325 3799 2437 3853 ind.
2491 3799 2576 3862 12,
2606 3814 2780 3853 mense
2802 3796 2971 3861 Julia,
3005 3812 3165 3850 anno.
3205 3794 3332 3851 59b.

1824 3890 1905 3944 Ad
1937 3889 2311 3962 Constantium
2356 3890 2670 3962 episcopum
2714 3888 3167 3962 Mediolanensem
3212 3886 3340 3962 ‘haep

1754 3962 1961 4034 scripta
1996 3969 2081 4033 est
2105 3961 2352 4034 epistola.
2383 3950 2435 4014 in
2468 3950 2595 4034 qua,
2614 3969 2836 4034 praeter
2861 3960 2990 4016 alla,
3023 3966 3145 4034 curnt
3173 3950 3341 4034 pluri-

1684 4028 1695 4029 ’
1755 4021 2240 4078 mis'admirationi
2272 4038 2370 4077 seu
2410 4021 2667 4078 seandalo
2698 4030 2860 4083 esset,
2907 4022 3047 4091 quod
3077 4021 3340 4075 Constan-

1753 4094 1865 4148 tius
1896 4093 2037 4147 inter
2090 4095 2375 4147 missarum
2421 4093 2681 4148 solemnia
2731 4092 2955 4148 Joannis
3002 4092 3338 4147 Ravennatis

1756 4179 1953 4219 nomen
1982 4163 2258 4235 recitaret,
2289 4163 2335 4218 is
2364 4178 2430 4217 ne
2461 4165 2514 4218 id
2538 4174 2663 4235 agat
2702 4165 3047 4235 admonetur,
3104 4162 3367 4233 quando;

1756 4235 1974 4304 quidem
2000 4250 2102 4290 nec
2115 4234 2405 4290 Ravennas
2441 4233 2727 4305 episcopus
2750 4233 3210 4289 Mediolanensem
3228 4248 3339 4305 _no-

1756 4303 1946 4376 minat,
1993 4313 2049 4360 et
2100 4305 2230 4360 illud
2258 4303 2879 4376 absque'nonnullorum
2911 4305 3166 4360 seandalo
3216 4303 3337 4358 ﬁeri

1755 4375 1978 4431 minime
1998 4385 2196 4447 potest.

1756 4465 1868 4546 Exn
1889 4465 1999 4546 liba
2019 4482 2092 4531 tv,
2116 4485 2197 4540 ep.
2248 4468 2298 4546 l_,
2328 4467 2440 4522 ind.
2470 4468 2559 4532 15,
2604 4476 2724 4522 ante
2752 4466 3008 4546 ,Ιᾳηιιιιικ2
3047 4483 3187 4546 nunc

1830 4535 2040 4614 Cum_i_n
2077 4534 2488 4614 monachorum
2516 4538 2844 4614 monasteria
2878 4536 3080 4599 clerici,
3125 4544 3181 4590 et
3214 4534 3337 4614 laici

1761 4608 2003 4685 nonnulli
2063 4624 2128 4663 eo
2193 4609 2602 4685 ductumspiritu
2652 4610 2944 4685 venirent,
3010 4615 3073 4661 ut
3125 4608 3339 4685 caeteris

1760 4678 2191 4747 praeﬁcerentur,
2235 4674 2476 4748 pontifex
2533 4679 2634 4733 hac
2670 4680 2738 4733 ad
2776 4678 3045 4748 Joannem
3109 4674 3339 4744 epistola

1762 4746 1918 4803 cavet
1956 4764 2024 4803 ne
2059 4749 2113 4803 id
2139 4746 2251 4813 ﬁat,
2274 4759 2328 4803 ct
2353 4750 2496 4818 quod
2524 4749 2726 4803 factum
2752 4757 2835 4804 est
2855 4746 3191 4803 emendetur.

1764 4839 1848 4894 Ea:
1895 4839 1987 4894 lib.
2036 4855 2111 4906 ιν,
2159 4857 2240 4910 ep.
2289 4840 2374 4906 11,
2441 4840 2552 4895 ind.
2610 4840 2815 4906 eadem,
2869 4854 3044 4893 mense

2392 4928 2531 4966 anno
2570 4910 2694 4966 594.

1832 4990 2093 5046 Joannem
2116 4990 2379 5064 obuusum
2407 4990 2553 5064 pallii
2580 4990 2633 5043 in
2671 4987 2898 5064 L_itaniis
2926 4984 3226 5064 inhibitum
3246 4984 3341 5038 do-

1761 5062 1982 5125 lentem,
2009 5061 2315 5129 petcntibus
2345 5055 2581 5117 exarabo
2616 5073 2669 5113 et
2698 5059 2967 5129 Ravenna:
2996 5055 3342 5129 proceribus,

1765 5124 2086 5213 consolatun
2102 5130 2413 5213 gregarius,
2439 5131 2872 5213 indulgctqueuut
2896 5124 3062 5213 justas

1765 5203 1980 5276 diaconi
1996 5197 2314 5276 exhibitutn
2335 5197 2747 5276 testimoniumit
2782 5197 2875 5253 illo
2903 5197 3122 5276 ἰριειίξηι
3158 5203 3345 5276 utatur

1765 5276 1819 5330 in
1866 5274 1954 5329 die
1995 5272 2249 5327 Natalitio
2298 5274 2357 5327 Β.
2396 5272 2551 5328 Joan.
2598 5269 2868 5338 Baptistae,
2919 5267 2982 5338 Β.
3032 5265 3178 5320 Petri
3220 5280 3349 5335 apo-

1765 5344 1931 5408 stoli,
1988 5358 2053 5399 ac
2110 5342 2169 5396 B.
2219 5342 2583 5414 Apollinaris,
2620 5337 2691 5414 et
2754 5340 2808 5394 in
2854 5337 3196 5414 solemnitate
3246 5352 3338 5414 or-

1766 5407 2061 5471 dinationis
2106 5429 2217 5468 suae
2234 5431 2248 5479 ;
2268 5407 2356 5470 ἰιι
2375 5411 2670 5469 secretario
2691 5425 2842 5476 vero,
2871 5408 3110 5464 dimissis
3153 5407 3341 5464 Eccle-

1763 5486 1860 5543 siae
1885 5485 2029 5541 ﬁliis.

3099 4833 3314 4889 Octobri
3325 4876 3336 4897 ,

2059 5554 2144 5611 Ea:
2167 5556 2257 5611 lib.
2281 5555 2481 5630 eodem,
2506 5569 2586 5624 ep.
2622 5553 2849 5630 l5,
2879 5552 3087 5630 eadem.
3237 5618 3272 5630 υ

1836 5627 2100 5684 Joannem
2127 5615 2494 5702 reprehendit,
2518 5615 2664 5694 quod
2692 5615 2835 5702 aliud
2879 5623 3149 5702 loquatur,
3204 5615 3350 5696 aliud

1769 5702 1994 5763 scribat,
2023 5695 2204 5753 servis
2221 5698 2336 5751 suis
2364 5698 2624 5766 imponat,
2648 5704 2704 5750 et
2723 5695 3104 5766 calumnietur,
3130 5702 3235 5741 non
3257 5695 3350 5766 in-

1775 5754 1993 5823 cumbat
2016 5768 2309 5837 disciplina:
2350 5754 2733 5822 ecclesiastica:
2758 5758 3160 5837 promovcn‘ndie,
3185 5754 3348 5837 pallio

1770 5850 1924 5896 extra
1952 5830 2234 5896 ecclesiam
2266 5840 2347 5895 uti
2373 5847 2683 5910 praesumat.
2703 5830 2866 5893 Addit
2887 5850 2946 5888 se
2976 5830 3347 5885 Ravennatem

2832 5930 2907 5989 21
