3870 6472
459 378 563 436 m
1160 372 1458 431 AGNELLI
1491 370 1799 429 ABBA'I'IS'
1820 369 1879 427 S.
1919 368 2161 428 MARIE
2195 369 2301 426 AD‘
2323 368 2802 439 BLACHERNAS,
2841 370 2998 463 ETC.
3635 374 3719 434 τη

456 510 579 553 rum
606 498 799 565 regno,
818 495 1023 551 eaicata
1049 491 1375 564 prmexcelsa
1392 490 1607 556 munia,
1652 487 1803 545 lovis
1836 490 2037 547 montis
2063 502 2116 563 Α
2140 490 2258 561 ejus
2285 491 2575 546 obsculans
2599 506 2758 559 eum,
2803 498 2859 547 et
2897 492 3062 563 jussit
3108 491 3327 549 deferri
3361 492 3566 549 eadem
3598 492 3722 554 illius

456 584 777 658 pertransiit
793 586 1011 658 iugum;
1054 576 1248 638 deinde
1274 579 1518 637 Francia:
1548 578 1779 650 arripuit
1820 577 1951 646 iter,
1980 584 2036 635 et
2126 580 2282 651 juxta
2306 583 2492 639 sedem
2518 596 2692 651 suam,
2716 590 2775 640 et
2798 583 2967 640 locuti
2991 590 3120 640 sunt
3140 585 3293 640 inter
3315 599 3380 641 se
3402 583 3723 655 pedicam

456 677 723 753 quidquid
768 677 836 735 ad
881 672 1127 745 Pipinum
1173 670 1467 744 postulavit
1509 686 1721 742 regem,
1761 668 2031 727 obtinuit:

457 769 655 826 deinde
698 782 979 832 reversus,
1027 764 1275 837 Sergium
1321 763 1791 833 archiepiscopum
1836 776 2036 818 vexare

459 864 642 935 cmpit.
680 860 771 916 ille
809 870 987 915 autem
1014 857 1269 913 ﬁduciam
1308 855 1513 910 habens
1538 854 1593 909 in
1624 866 1772 924 rege,
1803 862 1864 907 ut
1892 851 2033 926 [rex]

458 950 839 1013 adminiculum
875 950 924 1006 ei
953 949 1251 1023 praeberet,
1279 955 1335 1005 et
1362 944 1549 1002 fefellit
1575 944 1757 1012 illum;
1797 953 1851 1001 et
1872 945 2037 1022 dedu-

455 1054 577 1102 etus
588 1053 672 1099 est
685 1041 910 1099 Romam
934 1056 965 1097 a
982 1040 1095 1097 suis
1115 1039 1325 1099 civibus
1336 1077 1351 1104 ,
1378 1047 1541 1108 atque
1556 1035 1744 1091 fraude
1758 1037 2034 1106 deceptus.

353 1131 372 1148 ⁸
455 1135 522 1190 Et
549 1134 885 1205 congregatis
910 1130 1407 1203 episcopisjubente
1430 1145 1588 1201 papa,
1609 1128 1898 1184 voluerunt
1913 1142 2037 1183 eum

455 1224 659 1281 benore
696 1226 942 1295 privare,
988 1231 1043 1279 et
1089 1223 1155 1281 de
1194 1222 1362 1294 gradu
1409 1220 1704 1292 pontiﬁcali
1748 1220 2034 1292 projicere.

453 1302 795 1389 Apostoiicus
815 1319 981 1373 talem
1001 1327 1189 1374 contra
1210 1333 1334 1373 eum
1354 1315 2034 1387 proferebatsententiam:

454 1408 748 1480 Neophitus
770 1425 863 1475 es;
905 1425 1011 1464 non
1035 1425 1101 1465 ex
1136 1409 1265 1464 ovili
1290 1409 1439 1464 fuisti
1456 1450 1472 1473 ,
1502 1422 1605 1463 nec
1626 1408 1924 1464 secundum
1949 1423 2041 1464 ca-

453 1517 623 1579 nones
659 1502 712 1556 in
747 1496 1090 1563 Ravennensi
1139 1501 1379 1557 Ecclesia
1416 1500 1691 1567 militasti,
1735 1500 1829 1557 sed
1861 1502 2041 1557 subito

432 1586 702 1652 'i'nvasi'sti
732 1594 1064 1661 cathedram,
1094 1594 1249 1667 quasi
1277 1592 1433 1659 latro,
1467 1602 1522 1649 et
1554 1594 1865 1648 sacerdotes
1898 1602 2038 1659 tuos,

453 1688 547 1759 qui
568 1688 721 1759 digni
741 1690 809 1742 de
828 1688 915 1743 his
934 1687 1190 1743 Ecclesiae
1212 1686 1440 1758 perfrui,
1466 1688 1732 1758 repulisti,
1760 1696 1817 1743 et
1840 1702 1939 1759 per
1956 1705 2044 1744 se-

451 1778 719 1836 cularium
747 1778 1007 1845 favorem,
1032 1787 1281 1851 potenter
1309 1791 1511 1845 tamen,
1535 1780 1718 1835 sedem
1741 1781 2039 1837 obtinuisti.

2134 673 2315 729 dulcia
2335 673 2521 740 verba,
2544 682 2601 729 et
2627 674 2881 745 permisit
2903 691 3029 731 eum
3048 676 3237 731 redire
3260 673 3337 730 ad
3363 674 3569 731 sedul
3586 692 3721 732 sum

2136 782 2259 823 eum
2279 767 2475 838 gaudio
2496 781 2695 838 magno
2714 775 2772 823 et
2795 766 3098 823 alacritate.
3131 766 3265 823 Post
3284 768 3527 822 tertium
3549 781 3723 825 annua

2135 859 2455 917 Ravennam
2489 861 2766 933 ingressus
2794 868 2877 916 est
2894 902 2909 927 ,
2946 875 3111 930 quem
3143 860 3593 931 suscipientibus
3623 877 3724 917 cum

2138 949 2306 1025 [eum]
2328 951 2444 1006 suis
2472 951 2687 1006 modica
2712 950 3004 1021 gratulatio
3038 949 3173 1016 fuit,
3215 958 3273 1006 et
3306 949 3546 1005 modica
3574 950 3722 1019 quies.

2136 1042 2237 1096 [vit
2279 1040 2500 1110 Sergius
2552 1040 2797 1112 pontifex
2846 1042 2914 1096 ad
2960 1040 3367 1098 monasterium
3408 1040 3480 1093 Β.
3530 1041 3725 1109 virginis

2138 1133 2350 1199 Marias,
2393 1149 2515 1203 quae
2544 1138 2770 1188 vocatur
2808 1131 3136 1188 Cosmedim.
3164 1130 3303 1187 Post
3337 1132 3587 1186 missam
3609 1131 3726 1185 ueie-

2137 1226 2347 1280 bratam
2365 1226 2660 1296 prostravit
2680 1241 2741 1281 se
2760 1234 2890 1280 ante
2919 1224 3177 1279 altarium
3206 1223 3269 1278 Β.
3308 1222 3566 1287 Nicolai,
3595 1238 3727 1278 orm

2139 1318 2463 1383 diutissime,
2484 1325 2543 1373 et
2559 1318 2826 1389 lacrymas
2849 1315 3105 1383 fundens,
3126 1331 3251 1387 quae
3274 1323 3569 1386 apparent
3588 1330 3730 1385 usque

2140 1408 2197 1465 in
2224 1416 2548 1479 praesentem
2573 1409 2739 1465 diem.

2761 1515 2993 1574 CAPUT
3024 1515 3114 1572 Ν.

2142 1611 2392 1682 Pontifex
2420 1612 2721 1667 Ravennam
2746 1612 2905 1667 venit.
2932 1610 3118 1666 Clarus
3144 1611 3202 1666 in
3226 1627 3355 1666 eum
3380 1610 3625 1682 infande
3644 1627 3733 1663 ms-

2213 1680 2474 1739 chinatur.
2511 1682 2763 1738 Uciit’aris
2788 1682 2999 1736 diaconi
3020 1684 3205 1737 sanius
3228 1681 3561 1737 conciliata.
3597 1680 3731 1733 Plan

2210 1754 2729 1825 pontifcxiasportat.
2768 1751 2981 1825 Sergius
2998 1755 3091 1825 ἀεὶ
3115 1752 3385 1825 exercitus
3659 1754 3733 1825 ius

2214 1820 2391 1878 utinet.
2434 1824 2500 1878 In
2533 1820 2837 1894 pontiﬁcem
2867 1820 2953 1877 'ret'
2988 1821 3212 1877 Romam
3255 1820 3517 1894 abducti.
3546 1820 3658 1875 Alia
3682 1822 3733 1894 ad

450 1869 533 1941 ᾼα
554 1873 672 1929 haec
692 1871 970 1931 Ravennae
993 1870 1231 1945 pontifex
1260 1872 1439 1928 aiebat
1466 1892 1480 1926 :
1510 1870 1579 1929 Et
1614 1890 1721 1930 non
1754 1891 1875 1931 mea
1902 1892 2041 1947 prat-

452 1966 796 2036 Sumptione,
842 1967 936 2022 sed
976 1966 1255 2038 elegerunt
1284 1981 1369 2022 me
1389 1967 1597 2031 clerus,
1641 1977 1696 2023 et
1729 1968 1883 2039 plebs
1916 1969 2040 2024 uni-

450 2064 628 2112 versa.
650 2055 999 2127 interrogasti
1021 2072 1117 2128 per
1138 2058 1383 2112 ordinem
1408 2058 1671 2113 canonico
1694 2073 1864 2125 more,
1895 2065 1948 2114 et
1970 2060 2039 2115 de

449 2164 538 2205 me
572 2150 754 2206 omnia
780 2150 931 2207 vobis
954 2152 1223 2224 patefacta
1249 2161 1406 2218 sunt,
1437 2152 1708 2224 quomodo
1737 2153 1909 2209 laicus
1938 2153 2035 2220 fui,

451 2249 508 2303 et
526 2256 777 2312 sponsam
801 2242 987 2308 habui,
1011 2252 1066 2297 et
1086 2244 1155 2299 ad
1178 2244 1496 2299 clericatum
1521 2246 1763 2315 perveni,
1788 2254 1845 2300 et
1861 2247 2042 2317 cogni-

454 2341 567 2387 tum
592 2334 747 2388 vobis
771 2332 971 2389 factum
994 2343 1099 2400 est,
1131 2343 1187 2390 et
1212 2335 1445 2400 dixistis,
1468 2335 1674 2390 nullum
1691 2337 2037 2392 obstaculum

448 2423 580 2493 mihi
609 2424 728 2481 esse
751 2428 949 2494 potest.
978 2424 1275 2497 Postquam
1301 2426 1425 2482 talia
1450 2427 1516 2482 de
1554 2443 1639 2484 me
1669 2429 1909 2497 sensisti,
1939 2444 2039 2484 cur

450 2504 540 2568 me
570 2516 943 2571 consecrasti?
970 2514 1222 2573 Diversas
1253 2527 1433 2574 autem
1465 2520 1767 2575 sententias
1802 2520 1942 2575 inter
1981 2534 2041 2575 se

447 2602 687 2675 episcopi
706 2604 985 2671 ferebant,
1018 2617 1079 2662 et
1112 2607 1253 2664 infra
1284 2608 1709 2679 unumquodque
1726 2610 2037 2664 cubiculum

450 2694 631 2749 cordis
668 2708 863 2768 magna
889 2698 1234 2767 quatiebatur
1262 2706 1575 2770 tempestas.
1607 2697 1871 2753 Dicebant
1891 2700 2037 2755 enim

449 2772 982 2856 omnesz’Quomodo
1023 2805 1340 2860 possumus,
1388 2804 1515 2845 cum
1557 2790 1726 2845 simus
1764 2790 2036 2862 discipuli,

449 2877 771 2948 ntagiswunt
804 2880 1088 2950 judicare?
1123 2880 1249 2935 “me
1292 2881 1520 2937 audiens
1556 2894 1717 2952 papa,
1748 2882 1809 2937 in
1853 2880 2040 2938 furore

450 2972 640 3053 versus
667 2972 901 3053 asseruit
929 2984 987 3027 se
1008 2973 1094 3027 die
1122 2973 1361 3028 crastino
1382 2974 1632 3029 manibus
1658 2974 1771 3029 suis
1796 2975 2038 3030 orarium

447 3052 640 3121 a'collo
672 3062 799 3143 ejus,
821 3062 1093 3119 evelleret.
1124 3060 1276 3143 Tunc
1304 3062 1525 3138 Sergius
1565 3064 1792 3120 antistes
1824 3058 2039 3121 Raven-

446 3155 635 3213 nensis
656 3142 819 3213 nocte
839 3142 1177 3215 eadem‘cum
1210 3155 1465 3227 lacrymis
1494 3157 1724 3227 proiecit
1755 3172 1815 3213 se
1851 3158 1922 3213 ad
1959 3157 2038 3215 al—

2212 1966 2400 2037 gentia.

2211 2057 2290 2113 Eo
2334 2071 2570 2128 namque
2612 2064 2854 2127 tempore
2908 2056 3100 2112 exiens
3152 2054 3487 2125 Stephanus
3538 2053 3735 2127 [Pallas

2138 2149 2335 2205 Bacch.
2362 2149 2446 2204 hic
2472 2158 2520 2203 et
2553 2146 2720 2220 infra]
2757 2163 2896 2218 papa
2930 2147 3210 2203 Romanus
3238 2145 3469 2212 Roma,
3512 2145 3735 2202 Franci

2139 2239 2368 2310 arripuit
2390 2240 2529 2303 iter,
2567 2252 2866 2309 preperans
2892 2237 3022 2292 hinc
3046 2236 3399 2300 Ravennam,
3446 2234 3606 2290 intra
3646 2235 3736 2304 epi-

2141 2332 2383 2402 scopium
2406 2330 2524 2401 ejus
2549 2329 2838 2401 applicitus
2857 2339 2967 2384 est.
2992 2328 3240 2384 Scientes
3258 2336 3463 2383 autem
3487 2337 3555 2383 et
3576 2326 3738 2383 videa-

2142 2433 2224 2481 tes
2267 2423 2580 2480 sacerdotes
2625 2422 2771 2494 quod
2816 2422 2932 2493 ipse
2960 2428 3302 2477 scrutaretur
3328 2435 3557 2490 gazas,
3600 2428 3739 2489 atqu

2139 2533 2333 2574 omnes
2356 2532 2491 2588 opes
2514 2515 2763 2572 ecclesiae
2800 2514 3067 2584 deglutire
3107 2512 3333 2569 deberet
3350 2551 3372 2575 ,
3419 2520 3597 2567 erant
3623 2511 3736 2565 inter

2139 2626 2234 2668 eos
2289 2608 2631 2666 incommoda
2678 2607 2864 2662 verba.
2909 2606 3015 2661 Alii
3058 2603 3350 2667 dicebant,
3406 2601 3737 2658 Simonem

2141 2718 2297 2768 eum;
2328 2701 2439 2769 alii,
2476 2700 2619 2766 Non,
2662 2705 2953 2757 serventur
2989 2695 3236 2752 ecclesia
3279 2693 3568 2749 fortuna.
3594 2691 3738 2747 Erant

2141 2795 2385 2864 dispares
2403 2806 2565 2849 voces
2582 2792 2641 2847 in
2659 2791 2840 2861 vulgo.
2869 2788 3022 2844 Tunc
3040 2786 3153 2842 Leo
3173 2787 3481 2853 diaconus.
3513 2795 3572 2842 et

2141 2888 2345 2944 domini
2372 2884 2743 2943 vicedominus
2762 2880 3136 2939 sacerdotibus
3162 2879 3303 2935 dixit
3330 2898 3345 2933 :
3385 2878 3545 2936 Cum
3576 2892 3735 2947 cmpe-

2141 2980 2215 3035 rit
2252 2977 2580 3049 depopulare
2610 2975 2794 3031 omnia
2829 2973 3111 3047 [vocemus
3142 2986 3270 3027 eum
3300 2968 3570 3043 occulte]
3606 2969 3734 3040 quas

2141 3071 2344 3142 aliquid
2366 3071 2436 3127 ad
2461 3068 2857 3126 ostendendum
2885 3067 2959 3131 ei,
2986 3072 3044 3121 et
3069 3064 3492 3135 praecipitemus
3524 3076 3667 3127 eum,
3688 3068 3734 3113 ut

2140 3163 2421 3218 demersus
2451 3160 2507 3216 in
2542 3158 2871 3231 profundum
2904 3170 3057 3227 aqua:
3085 3171 3367 3226 nunquam
3411 3162 3732 3225 cornpareat

448 3244 665 3298 tati-nr
685 3244 745 3297 B'.
778 3245 1023 3311 Nicolai,
1059 3255 1119 3301 et
1141 3261 1203 3302 se
1238 3254 1412 3302 tutum
1452 3248 1504 3301 in
1535 3249 1748 3320 magnis
1783 3249 2035 3304 lamentis
2060 3228 2119 3294 θ
2139 3252 2255 3315 Hoc
2285 3260 2407 3308 erat
2427 3228 2568 3307 inter
2594 3263 2689 3306 eos
2721 3247 3041 3313 consilium,
3068 3254 3125 3301 et
3152 3245 3320 3301 verba
3363 3241 3735 3307 ίιὶοοιιιωοὺν

446 3330 613 3415 dedit.
638 3334 934 3415 ’Prostra‘to
958 3336 1184 3410 cbrpoi'e
1212 3332 1399 3394 t'andlu
1419 3339 1688 3413 lacryma‘s
1708 3338 1869 3406 fudit,
1890 3338 2034 3412 quOd

444 3416 633 3493 locum
649 3429 742 3489 ubi
760 3426 1030 3486 maerebat
1052 3418 1203 3486 valde
1226 3429 1449 3496 roravit,
1469 3441 1524 3485 et
1542 3430 1743 3487 rivulos
1759 3420 2029 3502 produxit.

443 3516 661 3576 Juliicie
686 3519 784 3577 Dei
812 3530 975 3577 nocte
1012 3522 1393 3579 lib/mortuus
1421 3531 1507 3579 est
1542 3522 1743 3579 Paulus
1780 3524 2036 3596 [Stephao

443 3600 572 3686 u'us]
593 3610 985 3686 papa'repente
1004 3606 1199 3684 'raptu‘s
1233 3624 1317 3671 est
1341 3612 1522 3672 subito
1542 3657 1556 3683 ,
1599 3610 1835 3686 quievit,‘
1864 3625 1919 3672 et
1947 3627 2032 3675 te-

444 3700 682 3767 nuerunt
715 3694 839 3775 eum
884 3708 969 3769 sui
1011 3709 1442 3781 oceuite,usque
1488 3727 1665 3781 mane.
1714 3706 2036 3784 Insurgente

443 3809 805 3854 moaurora
829 3801 959 3864 diei,
982 3809 1279 3872 antequam
1300 3818 1368 3859 ex
1391 3818 1457 3857 eo
1480 3803 1667 3860 radius
1696 3804 1825 3860 solis
1846 3806 2031 3875 splen-

447 3888 710 3955 desceret;
748 3894 802 3944 et
824 3899 1033 3947 terram
1056 3892 1689 3964 'Phtbbeoperlustraret
1704 3896 1709 3905 '
1723 3896 1875 3951 radio
1892 3937 1907 3961 ,
1938 3908 2034 3951 ve-

2135 3352 2197 3400 ut
2227 3343 2325 3416 [et]
2359 3342 2638 3399 commoda
2686 3339 3020 3412 agebantur,
3064 3347 3123 3393 ut
3154 3335 3256 3410 [et]
3299 3337 3627 3403 conclusa;
3666 3333 3735 3390 alii

2136 3450 2260 3492 cum
2288 3433 2444 3505 quasi
2471 3432 2616 3495 facta
2636 3431 2888 3499 fuissent,
2911 3429 3269 3487 remotionem
3297 3429 3575 3485 criminis
3597 3427 3734 3483 medi-

2137 3528 2413 3582 tabantur.
2441 3524 2686 3579 Audiens
2717 3523 2822 3578 hoc
2854 3520 3109 3577 Uviliaris
3132 3517 3580 3575 archidiaconus
3604 3517 3733 3573 istim~

2137 3618 2281 3674 sedis
2306 3616 2579 3673 Ravenna;
2616 3617 2684 3672 de
2722 3614 3054 3670 monasterio
3097 3610 3155 3667 S.
3183 3611 3625 3675 Bartholomari,
3661 3608 3732 3677 qui

2136 3710 2231 3765 illo
2260 3718 2503 3778 tempore
2532 3708 2735 3763 ibidem
2750 3707 2982 3767 sistebat
3011 3703 3175 3769 abba,
3207 3703 3321 3769 ubi,
3354 3690 3484 3759 Deo
3511 3703 3728 3761 favebit.

2136 3810 2259 3873 post
2296 3802 2474 3873 ipsum
2516 3808 2745 3871 quartus
2780 3813 2887 3871 ego
2924 3811 3047 3857 sum
3074 3794 3270 3860 modo,
3303 3794 3374 3849 ad
3403 3793 3733 3865 episcopium

2137 3892 2384 3957 ecclesiae
2394 3907 2529 3951 cum
2559 3905 2771 3951 summa
2792 3888 3080 3947 velocitate
3107 3885 3371 3952 occurrit,
3392 3894 3467 3942 et
3489 3886 3630 3942 vidit
3644 3899 3734 3941 at

445 3972 529 4055 υἷι
554 3982 622 4035 ad
642 3964 775 4045 cum
794 3981 1101 4053 Stephanus
1128 3974 1351 4057 [Paulus
1380 3982 1605 4060 Bacch.]
1654 3987 1803 4045 urbis
1842 3988 2037 4057 Romae
2138 4000 2235 4040 nes
2264 3980 2576 4039 sacerdOtes
2609 3982 2665 4036 in
2695 3979 2896 4035 talibus
2918 3976 3381 4033 machinamentis
3409 3977 3731 4033 sermnem}

447 4072 1055 4144 diaconuttgermanus
1078 4077 1321 4147 praalieti
1346 4095 1521 4148 βψω,
1546 4080 1619 4135 εἰη
1638 4073 1762 4151 ipsa
1783 4083 2034 4138 custodia
2138 4074 2345 4153 tionum
2372 4072 2595 4138 sistere,
2628 4080 2685 4125 ct
2707 4070 2924 4127 diversa
2962 4072 3108 4125 inter
3130 4083 3191 4124 se
3224 4067 3469 4143 consilia
3512 4068 3729 4129 volvere,

445 4161 538 4217 ubi
565 4154 793 4233 Sergius
824 4162 1075 4234 pontifex
1111 4174 1248 4221 erat.
1274 4167 1501 4223 'Ait‘ad
1526 4162 1656 4225 eum
1683 4184 1696 4221 τ
1722 4170 1860 4237 Quid
1888 4172 2035 4227 'mihi
2138 4154 2437 4242 agnoscens
2465 4181 2622 4225 suum
2648 4165 2703 4220 in
2731 4165 3003 4221 contraria
3024 4172 3283 4236 emptum,
3306 4162 3623 4234 complosis
3645 4175 3735 4214 Ina-

448 4242 674 4337 daturus
705 4268 786 4319 es,
817 4252 1140 4312 si'reversus
1170 4256 1338 4315 fueris
1376 4270 1499 4313 cum
1538 4274 1673 4333 pace
1711 4262 1778 4335 ad
1814 4262 2032 4318 demum
2137 4260 2297 4314 nibus
2323 4267 2511 4313 contra
2534 4273 2631 4313 eos
2653 4272 2840 4312 vocem
2864 4255 3050 4311 misit:
3075 4253 3120 4310 Ο
3142 4260 3350 4324 quanta
3372 4253 3625 4315 insania,
3648 4252 3716 4304 fr:

446 4350 595 4411 mil!!!
614 4383 634 4410 ν
675 4346 733 4413 cl
759 4344 908 4407 omni
938 4344 1145 4409 honore
1172 4358 1237 4417 οι
1281 4338 1545 4421 dignitate
1564 4354 1910 4424 .ampliatus?
1936 4354 2039 4413 llis
2138 4363 2267 4417 tres,
2292 4353 2340 4408 si
2360 4353 2462 4409 ista
2485 4351 2731 4407 meditati
2756 4350 2921 4407 estis!
2952 4349 3208 4405 dirimere
3238 4346 3575 4418 pontiﬁcem
3592 4347 3617 4401 2
3636 4343 3728 4399 Nm

446 4434 891 4506 aﬁtis'praasll,
914 4438 1072 4507 quasi
1092 4438 1159 4494 de
1186 4439 1379 4510 laqueo
1399 4450 1653 4511 ereptus,
1675 4452 1730 4498 et
1756 4452 2033 4515 egressus,

2136 4450 2291 4521 aqua
2319 4441 2547 4505 consilia
2572 4443 2625 4496 in
2654 4441 2965 4515 pectoribus
2992 4438 3479 4517 v'estrisgestatis.
3514 4436 3728 4507 Adquie-

441 4522 569 4611 ai't‘i.
595 4524 713 4591 Non
748 4540 915 4611 parva
946 4530 1257 4605 tibi'statuo
1284 4535 1417 4591 dare
1446 4536 1671 4591 mun‘era’
1686 4579 1701 4603 ,
1743 4534 1847 4611 ‘nisi
1891 4538 2037 4611 quod
2065 4599 2115 4611 η
2138 4534 2271 4611 scite
2292 4532 2445 4611 mihi,
2469 4543 2528 4591 ut
2549 4548 2689 4607 papa
2713 4530 3011 4611 honoriﬁce
3038 4526 3180 4591 hinc
3197 4528 3468 4599 abscedat
3486 4570 3503 4594 ν
3527 4542 3728 4584 manu"

444 4600 617 4682 audis,
658 4617 820 4676 facio.
840 4608 884 4662 ‘8
913 4620 1046 4678 Veni
1074 4630 1131 4678 tu
1162 4624 1276 4695 ipse
1304 4616 1643 4693 Ravennam,
1667 4636 1723 4683 et
1750 4599 2034 4699 ingredere
2058 4599 2115 4660 Π
2137 4608 2245 4698 que
2268 4606 2480 4682 vestras
2518 4634 2734 4703 servate
2767 4599 3049 4689 innoxius,
3091 4630 3146 4679 et
3168 4631 3593 4679 sacramentum
3618 4636 3729 4691 pne

608 4712 957 4799 ‘episcopium
984 4710 1041 4771 in
1064 4724 1132 4770 ea
1156 4715 1405 4783 ecclesia,
1438 4726 1494 4774 et
1512 4724 1778 4799 scrutare
1805 4718 2032 4793 diligen-

444 4790 526 4877 ter
558 4790 757 4879 omnes
782 4792 958 4877 "gazas
1000 4802 1173 4879 ipsius
1199 4808 1426 4881 domus,
1459 4790 1687 4879 aurum,
1724 4790 2031 4884 argentum,

440 4898 990 4967 vasetdm‘nummos;
1012 4902 1198 4957 omnia
1224 4903 1336 4957 sint
1370 4903 1651 4971 tibixdata,
1688 4914 2035 4975 et‘quantum

442 4990 527 5069 vis
551 4994 655 5065 pro
684 4988 1063 5048 benedictione
1096 4993 1372 5049 dimittere
1390 5035 1404 5059 ,
1440 4993 1668 5052 dimitte.
1711 4992 1887 5070 Super
1917 4999 2032 5055 haec

442 5081 629 5159 verba,
644 5076 965 5154 iuraverunt
988 5084 1090 5140 sibi
1115 5093 1323 5143 mutuo.
1344 5080 1404 5145 in
1427 5087 1543 5159 ipsa
1564 5102 1695 5145 vero
1722 5089 1815 5157 die
1829 5086 2035 5146 electus

441 5174 843 5245 est‘xprmdictus
873 5175 1178 5234 Germanus
1213 5177 1453 5235 defuncti
1478 5192 1629 5260 papa}
1658 5180 1715 5236 in
1742 5180 1878 5237 solio
1903 5196 2035 5251 apo—

443 5264 691 5330 stoiatus,
716 5275 772 5322 et
792 5268 978 5322 statim
1008 5264 1168 5324 soliit
1194 5282 1384 5323 ornnes
1406 5271 1670 5338 captivos,
1686 5278 1751 5327 'et
1768 5262 2034 5328 omnibus

446 5352 625 5411 noxiis
649 5350 861 5414 veniam
885 5348 1175 5415 cencessit.
1206 5356 1361 5413 Tunc
1380 5358 1547 5428 jussit
1573 5358 1758 5417 venire
1783 5360 2033 5434 Sergium

445 5446 857 5507 Ravennensem
886 5454 1199 5521 pontiﬁcem
1225 5469 1351 5510 cum
1373 5453 1524 5509 omni
1558 5454 1793 5522 honore,
1824 5464 1880 5511 et
1922 5455 2034 5528 glo-

445 5539 562 5605 ria,
589 5547 650 5595 et
672 5554 795 5595 cum
830 5541 1055 5598 vidisset
1084 5557 1229 5609 eum,
1260 5543 1563 5601 sublevavit
1596 5560 1656 5602 se
1677 5547 1744 5602 de
1774 5547 1907 5602 sella
1934 5546 2028 5602 ubi

446 5628 690 5699 sedebat,
717 5642 771 5686 et
790 5646 912 5689 eum
934 5642 1264 5706 prostratum
1286 5636 1469 5705 humo,
1493 5646 1549 5695 et
1568 5637 1718 5694 vultu
1738 5638 2029 5705 submisso,

446 5728 894 5791 elatis'manibus
934 5728 1266 5796 sublevavit,
1319 5740 1373 5787 et
1415 5731 1576 5789 irruit
1623 5749 1787 5805 super
1832 5731 2033 5789 collum

518 5858 543 5886 ι
574 5845 744 5901 Caute
775 5847 909 5919 lege,
940 5854 995 5903 et
1021 5854 1180 5902 notas
1207 5847 1448 5904 consule.
1485 5847 1683 5907 Bacon.

2138 4716 2271 4775 sulis
2295 4716 2483 4791 nostri
2507 4708 2786 4775 Serventus
2815 4714 3062 4772 illaesum.
3101 4711 3235 4773 Cum
3278 4706 3612 4787 incumbere
3635 4725 3729 4768 cm-

2137 4809 2282 4879 perit
2303 4817 2421 4865 atra
2448 4822 2574 4874 nox,
2608 4816 2664 4864 et
2691 4806 3064 4864 Romanorum
3096 4822 3221 4863 cum
3264 4805 3487 4862 fuerint
3519 4817 3727 4874 conon

2136 4916 2204 4958 ex
2236 4902 2480 4973 dapibus,
2510 4908 2567 4956 et
2590 4899 2925 4956 lucidissime
2954 4900 3089 4973 lyaeo
3116 4899 3275 4971 plena
3293 4937 3308 4962 ,
3346 4897 3540 4968 prima
3571 4896 3725 4969 quia.

2135 4997 2293 5069 quasi
2320 4997 2514 5067 sepulti
2533 4996 2751 5069 iacent,
2783 5005 2980 5053 cuneta
3007 4996 3133 5051 atrii
3160 4993 3382 5066 lychnia
3410 4995 3724 5067 extinguan-

2142 5099 2248 5157 tur,
2294 5104 2365 5145 ne
2395 5090 2502 5165 illis
2534 5082 2772 5145 flammat
2795 5089 3148 5146 candelarum
3176 5094 3336 5147 nocte
3362 5085 3570 5142 solatia
3610 5098 3724 5156 pr:-

2137 5187 2301 5246 stent,
2330 5187 2385 5234 et
2410 5179 2554 5251 quod
2573 5192 2863 5250 possumus
2883 5178 3095 5234 occulte
3119 5177 3407 5244 abdicare,
3430 5178 3621 5232 omnia
3642 5176 3725 5229 in-

2135 5271 2495 5345 pustellentur
2542 5271 2621 5346 [in
2665 5273 2869 5346 cryptis
2900 5270 3167 5345 celentur]
3189 5313 3204 5337 ,
3241 5270 3542 5343 ignorante
3568 5266 3705 5342 pmti

2137 5363 2240 5423 tice
2273 5374 2476 5423 natm.
2513 5364 2732 5435 Apertis
2759 5360 2893 5420 locis
2918 5363 3231 5419 divitiarum
3249 5404 3266 5429 ,
3297 5378 3441 5433 quas
3469 5376 3617 5434 papa
3637 5358 3722 5415 Ro

2136 5466 2333 5513 manus
2354 5456 2645 5523 invenerit,
2668 5455 2842 5511 tollat.
2868 5455 3188 5526 Placuitque
3208 5453 3469 5510 omnibus
3487 5453 3705 5509 haec:

2138 5547 2315 5605 silium
2332 5589 2350 5617 ,
2386 5556 2441 5603 ct
2474 5548 2832 5606 decreverunt
2851 5546 2979 5619 quia
3006 5547 3121 5601 inec
3142 5544 3402 5601 Uviliaris
3431 5545 3627 5600 melior
3651 5544 3719 5595 est

2097 5686 2106 5697 .
2137 5658 2304 5714 quam
2353 5652 2679 5700 cmterorum
2726 5641 2996 5697 sententia
3043 5638 3254 5710 prolata
3284 5644 3475 5696 mente
3508 5634 3613 5712 [et]
3652 5633 3717 5687 il-

2139 5735 2313 5809 gressi
2334 5736 2646 5794 sacerdotes
2664 5733 2807 5790 infra
2829 5733 3041 5805 singula
3060 5732 3182 5790 loca
3216 5744 3492 5799 'azarum,
3509 5730 3717 5787 abeat
