3870 6490
519 375 627 434 745

520 495 662 550 ciam
705 489 776 543 ad
816 485 1149 542 Ludovicum
1206 496 1593 556 imperatorem
1619 527 1635 553 ,
1678 485 1864 542 volens
1911 493 2102 542 contra
2127 485 2184 550 Α

518 582 839 657 praedictum
887 579 1174 635 Martinum
1201 591 1361 647 agere
1383 576 1714 650 pontiﬁcem.
1741 575 1893 630 Tunc
1918 574 2100 631 Ludo-

518 677 674 732 vicus
721 674 1015 742 imperator
1055 668 1330 725 consensit
1360 667 1622 724 voluntati
1672 666 1810 737 ejus,
1859 674 1915 722 et
1951 666 2102 721 misit

518 767 780 823 Joannem
809 762 1176 818 Arelatensem
1199 759 1529 832 episcopum,
1576 759 1895 832 praecipiens
1935 757 2014 814 illi
2039 766 2101 814 ut

520 859 624 915 iret
663 872 789 914 cum
816 853 1046 910 Martino
1070 852 1326 924 pontiﬁce
1369 852 1622 919 Romam,
1664 860 1719 908 et
1761 860 1948 922 ageret
1973 867 2097 907 cum

519 951 697 1007 Leone
723 964 877 1019 papa.
911 947 1012 1015 Qui
1046 946 1339 1018 pmdictus
1365 945 1604 1002 Joannes
1628 943 1968 1001 Arelatensis
2011 959 2100 1000 se-

518 1045 600 1102 dis
634 1043 858 1114 antistes
883 1040 1106 1096 vcniens
1131 1039 1468 1105 Ravennam,
1497 1046 1551 1094 et
1597 1037 1730 1093 inito
1760 1052 1882 1093 cum
1915 1035 2097 1091 archi-

517 1135 772 1205 episcopo
798 1131 1042 1195 consilio,
1077 1130 1257 1202 coegit
1291 1145 1447 1195 eum,
1492 1145 1589 1199 per
1636 1127 2010 1199 ﬁdejussorem
2038 1134 2099 1182 ut

508 1221 622 1294 jam
645 1223 825 1278 dictus
851 1221 1224 1278 Ravennensis
1255 1221 1472 1277 sedulus
1493 1220 1724 1276 Romam
1746 1221 1872 1287 iret,
1892 1228 1948 1276 et
1973 1219 2099 1275 ﬁde-

508 1306 792 1386 jusserunt
829 1330 952 1370 eum
1004 1314 1106 1368 viri
1131 1327 1228 1384 per
1265 1313 1464 1368 solidos
1509 1327 1706 1368 aureos
1752 1313 1857 1368 duo
1907 1311 2095 1378 millia,

513 1417 740 1479 excepta
762 1408 1077 1464 inﬁrmitate
1097 1407 1360 1478 corporis.
1394 1406 1523 1463 Post
1551 1423 1586 1462 ι
1606 1422 1738 1462 vero
1763 1407 1880 1462 dies
1904 1405 1971 1460 de
1999 1420 2096 1460 sua

513 1514 767 1570 egressus
789 1499 915 1554 sede
937 1499 1071 1565 ibat,
1094 1508 1154 1554 ut
1179 1509 1498 1570 properaret
1517 1499 1770 1565 Romam,
1791 1508 1848 1554 et
1876 1498 2099 1553 veniens

511 1604 618 1646 non
645 1591 804 1664 longe
824 1606 856 1646 a
881 1590 1138 1646 Ravenna
1169 1590 1333 1661 quasi
1380 1590 1663 1646 milliarios
1688 1605 1759 1645 xv
1802 1591 1870 1646 ad
1899 1589 2094 1658 Novas,

510 1681 601 1740 ubi
637 1685 769 1740 olim
805 1682 907 1739 fuit
949 1683 1143 1739 civitas
1172 1697 1319 1738 nunc
1349 1683 1582 1754 dirupta,
1629 1681 1772 1738 infra
1811 1681 2098 1738 ecclesiam

512 1775 572 1832 Β.
602 1776 862 1847 Stephani
891 1791 990 1847 per
1026 1777 1141 1833 dies
1165 1791 1236 1830 xv
1260 1776 1334 1832 ibi
1363 1786 1736 1832 commoratus
1757 1783 1860 1832 est.
1895 1776 1964 1831 Et
1993 1777 2097 1831 mi—

510 1859 583 1924 sit
611 1855 848 1940 legatum
887 1884 1044 1924 suum
1066 1849 1321 1934 Romam,
1346 1867 1436 1938 qui
1463 1867 1666 1923 diceret
1699 1867 1826 1938 quia
1848 1882 2098 1940 egressus

509 1957 578 2018 de
614 1962 836 2033 civitate
863 1963 1050 2019 venire
1086 1963 1275 2030 voluit,
1319 1970 1376 2017 et
1411 1961 1728 2016 inﬁrmavit.
1782 1959 1876 2016 Ille
1917 1970 2099 2016 autem

509 2055 755 2124 equitare
809 2070 917 2112 non
947 2053 1182 2124 valebat,
1228 2054 1359 2126 quia
1385 2055 1566 2109 minus
1615 2063 1732 2109 erat
1765 2067 1983 2123 corpus.
2018 2051 2098 2107 Ex

507 2129 664 2218 parte
699 2148 991 2204 simulabat
1011 2147 1406 2203 inﬁrmitatem.
1461 2145 1580 2215 Quo
1603 2145 1787 2200 audito
1817 2144 2097 2200 Romanus

505 2233 752 2309 pontifex
774 2240 1025 2295 tristatus
1049 2249 1133 2296 est
1168 2239 1346 2307 valde,
1391 2239 1519 2310 quia
1559 2255 1681 2294 eum
1715 2239 1782 2294 ad
1821 2253 1880 2294 se
1911 2252 2101 2293 accer-

385 2346 402 2352 '
508 2330 620 2388 sire
642 2347 757 2388 non
782 2333 982 2405 potuit,
1031 2341 1093 2388 ut
1118 2333 1298 2389 valide
1323 2348 1448 2388 eum
1480 2340 1771 2388 coartaret.
1807 2331 1960 2388 Tunc
1983 2329 2102 2385 lini-

507 2425 585 2505 vlt
615 2442 760 2492 eum,
805 2434 862 2482 et
877 2426 1042 2498 jussit
1065 2426 1262 2483 reverti
1286 2443 1392 2482 una
1415 2442 1537 2482 cum
1558 2426 1734 2499 legato
1755 2423 2099 2496 imperatoris

505 2517 574 2574 ad
599 2518 890 2591 propriam
925 2519 1129 2575 sedem.
1162 2517 1293 2574 Post
1331 2519 1449 2575 haec
1491 2528 1673 2573 autem
1703 2517 1914 2588 expleta
1952 2515 2099 2588 lega-

509 2609 656 2666 tione
685 2609 1022 2667 Arelatensis
1053 2612 1305 2668 sacerdos
1329 2611 1614 2682 ingressus
1638 2618 1722 2666 est
1752 2609 2094 2676 Ravennam,

507 2707 563 2756 et
586 2701 827 2772 suscepit
863 2717 986 2757 eum
1033 2702 1294 2758 Martinus
1329 2702 1574 2773 pontifex
1603 2718 1725 2758 cum
1755 2703 1952 2775 gaudio
1977 2718 2097 2758 ma-

503 2791 697 2872 gpo'et
723 2791 1006 2848 alacritate
1033 2793 1226 2860 multa,
1273 2800 1330 2848 et
1368 2809 1480 2864 pm
1502 2794 1731 2864 dapibus
1776 2793 1966 2865 repleti
1995 2793 2100 2848 Ra-

504 2894 682 2958 venna,
711 2883 967 2940 scedulas
994 2885 1215 2940 vascula
1241 2892 1500 2955 argentea
1527 2893 1638 2941 tota
1660 2885 1872 2956 expleta
1908 2901 2096 2942 mensa

504 2967 693 3044 [facta]
749 2972 806 3028 in
866 2974 1086 3029 modum
1131 2975 1372 3046 platani,
1431 2990 1600 3045 quam
1663 2992 1731 3031 ex
1779 2976 2098 3033 dimissione

501 3061 704 3118 Valerii
761 3065 1153 3137 archiepiscopi
1202 3067 1258 3122 in
1305 3083 1404 3122 suo
1471 3067 1674 3138 palatio
1725 3077 1880 3134 erat,
1930 3083 2092 3140 quam

506 3150 622 3207 suis
675 3151 731 3206 in
772 3156 1110 3224 temporibus
1138 3154 1300 3222 fecit,
1351 3165 1407 3212 et
1436 3155 1622 3228 alapas
1673 3157 2092 3231 Evangeliorum

503 3257 701 3300 aureas
727 3260 920 3317 parum
960 3249 1293 3306 mechanicis
1317 3249 1493 3306 factas
1516 3250 1791 3322 operibus.

555 3381 566 3412 ι
1150 3364 1380 3421 CAPUT
1418 3365 1485 3421 II.

503 3425 738 3510 Moritur
773 3430 880 3510 Leo
911 3431 1029 3510 ΙΙΙ..
1083 3432 1382 3510 Stephanus
1413 3439 1670 3510 succedit,
1707 3439 1798 3510 qui
1823 3439 2093 3497 Ravenna

573 3499 760 3572 missas
796 3499 1040 3572 celebrat,
1074 3499 1351 3562 ostendens
1373 3508 1616 3563 sandalia
1639 3499 1955 3566 Saluatoris.
1985 3510 2094 3566 Lu-

573 3570 786 3696 dovici?
809 3570 1096 3645 imperator
1114 3577 1270 3647 o/I‘ert
1297 3577 1528 3634 ecclesia:
1546 3577 1836 3635 Ravennati
1859 3597 2094 3637 mensam

571 3655 734 3696 araen
757 3660 898 3696 eam.

610 3657 898 3712 rgenteam.

531 3730 650 3788 ιΕο
677 3741 922 3807 tempore
946 3735 1234 3796 defunctus
1259 3748 1344 3797 est
1363 3740 1474 3797 Leo
1499 3755 1660 3812 papa,
1685 3741 1842 3813 cujus
1869 3742 2098 3814 Stepha-

499 3838 606 3880 nus
637 3828 881 3884 succedit
921 3830 976 3884 in
1004 3831 1151 3887 sede.
1189 3833 1257 3888 Et
1291 3835 1380 3890 hic
1405 3837 1698 3906 praedictus
1722 3838 1777 3893 in
1804 3837 2096 3895 Franciam

500 3928 640 3984 papa
686 3917 756 3972 ad
805 3917 1138 3978 Ludovicum
1181 3923 1566 3996 imperatorem
1617 3929 1878 3999 quidquid
1913 3939 2096 3999 postu-

500 3999 635 4060 lavit
657 4005 727 4060 ab
749 4022 836 4075 eo,
873 4011 1110 4068 obtinuit
1136 4032 1150 4068 :
1182 4024 1240 4070 et
1262 4017 1410 4072 venit
1430 4018 1768 4086 Ravennam,
1790 4028 1846 4076 et
1865 4022 2097 4078 osculati

502 4102 630 4152 sunt
656 4097 818 4152 ambo
855 4102 1145 4169 pontiﬁces
1173 4106 1451 4164 Romanus
1480 4117 1536 4164 et
1580 4111 1986 4170 Ravennianus.
2028 4115 2099 4172 Et

503 4183 798 4242 celebravit
827 4188 1107 4250 Romanus
1146 4197 1374 4253 antistes
1401 4201 1599 4256 missas
1628 4203 1685 4258 in
1721 4204 1955 4261 ecclesia
1990 4205 2098 4263 Ur-

503 4275 680 4344 siana,
742 4289 798 4335 et
840 4283 1082 4340 ostendit
1110 4288 1352 4343 sandalia
1403 4289 1726 4366 [sandalias]
1769 4294 2095 4363 Salvatoris,

502 4383 642 4438 quas
662 4371 843 4427 omnis
863 4375 1092 4444 populus
1120 4378 1272 4434 vidit.
1313 4380 1384 4436 Et
1407 4381 1562 4439 laetus
1587 4400 1709 4440 cum
1735 4385 1848 4460 [de]
1878 4390 2098 4445 civitate

503 4473 784 4550 egressus,
837 4465 908 4520 ad
949 4469 1224 4538 propriam
1265 4485 1516 4529 reversus
1557 4483 1644 4530 est
1681 4477 1887 4533 sedem.
1927 4479 2098 4550 Igitur

503 4549 660 4654 istius
698 4552 916 4654 Martini
955 4560 1290 4629 temporibus
1319 4563 1471 4618 misit
1519 4565 1828 4624 Ludovicus
1858 4549 2174 4654 impera-1)

503 4648 590 4696 tor
615 4645 1020 4705 ex'dimissione

500 4733 821 4800 pontiﬁcem
859 4737 1020 4808 hujus
1051 4741 1388 4800 Ravennatis
1441 4747 1587 4802 sedis
1633 4765 1877 4806 mensam
1905 4767 2096 4824 argen-

504 4828 646 4914 team
670 4839 836 4882 unam
866 4831 1070 4902 absque
1090 4832 1254 4902 ligno,
1295 4835 1586 4892 habentem
1615 4837 1758 4895 infra
1783 4854 1843 4896 se
1890 4841 2094 4914 anagli—

501 4913 634 4984 pbte
659 4925 828 4975 tatam
876 4921 1124 4991 Romam,
1157 4941 1264 4981 una
1292 4942 1420 4983 cum
1483 4931 1782 5003 tetragonis
1815 4913 2090 5004 argenteis

502 5009 749 5079 pedibus,
793 5023 848 5070 et
874 5016 1089 5073 diversa
1141 5021 1364 5077 vascula
1411 5032 1694 5092 argentea,
1731 5042 1829 5083 seu
1863 5035 1920 5084 et
1959 5044 2092 5100 cup-

503 5108 630 5168 patn
675 5110 908 5163 auream
945 5125 1130 5177 unam,
1173 5125 1294 5182 quae
1341 5129 1515 5185 cuppa
1559 5117 1677 5173 haec
1722 5119 1827 5175 sita
1875 5119 1930 5175 in
1965 5136 2091 5176 cra-

507 5199 621 5250 tette
668 5191 835 5256 aureo
873 5213 1082 5270 sancto,
1135 5221 1242 5276 quo
1294 5207 1539 5277 quotidie
1573 5210 1846 5267 utimur...
1889 5212 2092 5270 Caetera

504 5288 717 5346 desum.

1141 5384 1492 5427 DESCRIPTOR.
1597 5390 1603 5394 “

575 5457 918 5538 Hiems-tant
940 5465 1084 5538 deest
1104 5459 1170 5514 de
1215 5463 1327 5538 ista
1363 5463 1614 5538 Martino.
1673 5463 1751 5538 Et
1785 5475 1900 5538 post
1931 5468 2087 5524 istum

503 5529 746 5612 sequitur,
781 5524 1126 5612 P'etronaciua
1144 5533 1619 5612 “archiepiscopus,
1661 5524 1968 5612 δξειι-ίᾴιεεεεέἸ
1996 5555 2088 5595 nec

500 5593 851 5671 in'originali
897 5601 1082 5667 reperi.
1138 5597 1243 5656 Sed
1283 5593 1387 5658 ista
1433 5593 1616 5676 pa'uca'
1651 5607 1714 5660 de
1749 5606 1842 5662 illo
1899 5593 2090 5662 eius;

506 5669 658 5726 nario
705 5667 1103 5733 archiepiscopo
1153 5683 1328 5728 secuto
1367 5674 1508 5733 hinc,
1552 5691 1657 5730 non
1707 5686 1784 5732 est
1831 5676 1896 5732 de
1947 5679 2085 5733 dicto

506 5683 658 5726 narro
705 5683 1103 5742 archiepiscopo
1153 5683 1328 5728 secuto
1367 5683 1508 5738 hinc,
1552 5691 1657 5730 non
1707 5686 1784 5732 est
1831 5683 1896 5732 de
1947 5683 2085 5733 dicto

501 5739 764 5869 amcitia,
812 5747 942 5816 sed;
972 5739 1146 5796 inveni
1181 5741 1242 5799 in
1294 5743 1416 5800 aliis
1471 5744 1753 5816 chronicis,
1813 5749 1952 5804 unde
2001 5750 2086 5804 hic

1066 4651 1151 4744 sui
1191 4653 1457 4722 genitoris
1499 4654 1679 4712 Caroli
1710 4660 1778 4714 ad
1801 4659 2092 4716 Martinum
2120 4651 2158 4654 ”

1227 367 1525 426 AGNELLI
1557 367 1852 425 ABBATIS
1889 366 1948 424 S.
1991 366 2234 426 MARIE
2271 368 2372 426 AD
2396 365 2880 434 BLACHERNAS,
2921 365 3076 423 ETC.
3616 371 3677 431 tu

2701 477 3272 539 OBSERVATIONES

2700 610 2769 649 an
2815 608 2986 648 τιτλε
3041 577 3286 650 uanum.

2207 713 2427 768 Martini
2476 723 2606 769 a'tas
2625 721 2675 768 et
2713 721 2834 767 acta
2882 711 3159 766 nonnulla.
3200 711 3421 767 Joannis
3458 714 3684 773 Arelatensis

2273 794 2528 868 tempora.
2582 783 2770 838 Mensa
2811 790 3060 865 argentea
3097 801 3131 836 a
3157 779 3348 866 Carolo
3373 781 3616 842 Romani
3641 807 3686 845 nr.

2272 855 2446 910 clesta:
2477 853 2670 926 legata.
2703 852 2964 909 Sandalta
3002 852 3318 909 Saluatoris.

2270 985 2312 1040 I.
2336 985 2440 1054 Qui
2469 1000 2612 1041 anno
2631 985 2734 1041 775
2745 983 3008 1042 Caroloin
3035 985 3246 1041 Italiam
3258 986 3490 1044 venienti
3503 1003 3686 1049 annon

2200 1055 2316 1129 fere
2336 1057 2405 1111 44
2422 1058 2526 1112 iter
2545 1057 2784 1129 ostendit
2794 1057 3060 1113 Martinus
3082 1057 3136 1110 in
3151 1057 3461 1129 episcopatu
3474 1060 3686 1118 Ravennati

2202 1128 2346 1183 circa
2361 1142 2560 1181 annum
2574 1127 2632 1182 8i
2647 1129 2670 1181 l
2690 1125 2905 1183 Valerio
2916 1125 3200 1194 successit,
3219 1125 3352 1182 cuni
3356 1139 3492 1185 esset
3504 1149 3687 1189 annona

2201 1197 2292 1264 80,
2306 1197 2478 1270 etuti
2495 1195 2750 1270 Ferretus
2771 1198 2824 1252 in
2844 1199 3222 1270 Manuscriptis
3239 1239 3256 1262 ,
3288 1197 3465 1255 Fabro
3485 1201 3688 1268 referente,

2200 1268 2440 1340 tradidit,
2455 1283 2522 1324 ex
2533 1268 2978 1340 ejusdemValerii
2993 1268 3582 1340 designatione.Gratam
3592 1273 3690 1328 Caro

2200 1337 2252 1414 lo
2265 1337 3282 1414 imperatori_Mart_ini_consecrationem
3293 1342 3481 1414 scribit
3490 1343 3688 1414 Agnellns:

2201 1410 2272 1482 ob
2293 1424 2507 1482 eaquae
2526 1409 2629 1465 sibi
2643 1409 2697 1464 in
2721 1409 2928 1466 Italiam
2941 1412 3177 1482 venienti
3191 1409 3687 1482 praastiteratintisut

2203 1479 2255 1536 id
2280 1479 2382 1535 sibi
2407 1480 2622 1550 placere
2650 1481 2952 1538 ostendisse
2970 1479 3246 1547 Carolum,
3261 1492 3691 1540 consentaneumst

2202 1549 2445 1606 credere.
2472 1549 2738 1606 Collatum
2754 1551 2879 1606 inde
2899 1553 3289 1608 monasterium
3304 1551 3365 1608 S.
3391 1551 3691 1611 Maricach

2202 1622 2433 1695 chernas
2467 1621 2695 1695 Agnello
2719 1630 2906 1677 nostro
2931 1623 3380 1695 admodumAtunc
3399 1624 3567 1692 juveni
3585 1628 3692 1695 perci-

2201 1692 2399 1763 pimus,
2451 1691 2558 1763 qua
2603 1692 2670 1748 de
2697 1707 2758 1746 re
2785 1702 2962 1748 actum
2991 1701 3078 1748 est
3126 1693 3182 1748 in
3208 1691 3640 1750 Observationibns
3654 1699 3691 1748 ad

2201 1777 2393 1835 versus
2419 1764 2566 1834 operi
2619 1764 2946 1835 praemissos.
2999 1764 3236 1835 Vastitas
3263 1767 3506 1835 corporis
3528 1766 3692 1835 praesulis

2203 1832 2364 1905 hujus
2385 1832 2469 1891 ex“
2495 1849 2560 1890 eo
2603 1832 2916 1905 designatur
2942 1837 3086 1904 quod
3123 1834 3336 1891 oblatos
3363 1832 3692 1892 ducentum»-

2201 1904 2342 1961 lidos
2368 1921 2563 1977 aureos
2591 1906 2645 1960 in
2679 1904 2813 1959 laeva
2855 1905 3200 1977 concluserit.
3233 1907 3312 1960 De
3361 1905 3420 1977 S.
3471 1907 3692 1977 Eupbenia

2203 1976 2452 2047 ecclesia,
2473 1993 2653 2047 quam
2681 1977 2909 2031 antistes
2952 1976 3041 2032 hic
3076 1975 3434 2046 reparaverit,
3477 1975 3606 2047 plura
3631 1977 3696 2031 llu-

2202 2045 2338 2102 beus
2370 2054 2424 2102 et
2447 2045 2643 2112 Faber,
2681 2048 2822 2116 apud
2861 2047 3009 2116 ipsos
3039 2045 3287 2117 legenda.
3319 2047 3456 2102 Illud
3479 2045 3550 2102 ‘ex
3577 2058 3694 2101 imam

2203 2117 2462 2172 discimus
2493 2119 2790 2188 antiquitus
2841 2117 2996 2186 aquis
3024 2117 3376 2173 circumfusis
3400 2118 3694 2188 iuaadiﬁmta

2201 2203 2324 2258 quae
2348 2188 2567 2243 Martini
2594 2187 2712 2244 aevo
2739 2189 2796 2243 in
2836 2188 2982 2245 sicco
3017 2200 3159 2254 erat,
3193 2189 3338 2258 quod
3389 2187 3498 2258 jam
3537 2200 3622 2245 tum
3658 2205 3693 2242 ei

2203 2258 2564 2315 alluvionibus
2591 2267 2940 2314 excrescente
2970 2259 3086 2314 solo
3119 2275 3268 2315 mare
3301 2259 3540 2315 distaret.
3585 2259 3695 2313 lentz

2201 2344 2415 2385 summo
2467 2330 2722 2401 pontiﬁce
2769 2337 2982 2401 agente,
3043 2343 3423 2401 expensasque
3466 2329 3696 2386 sufﬁciente.

2201 2409 2509 2471 reparatam
2547 2400 2606 2456 S.
2636 2399 2964 2470 Apollinaris
2994 2401 3048 2455 in
3083 2399 3272 2457 Classe
3295 2399 3578 2467 basilicam,
3610 2401 3697 2454 Am-

2199 2472 2402 2528 stasius
2449 2473 2615 2527 etiam
2661 2471 2902 2537 tradidit,
2963 2471 3108 2541 quod
3145 2473 3394 2528 referens
3429 2481 3588 2527 noster
3629 2486 3696 2524 nu

2201 2544 2511 2598 universam
2533 2543 2769 2599 barbaro
2787 2542 3103 2613 scriptionis
3131 2557 3338 2612 genere
3359 2543 3583 2598 involvit.
3617 2541 3696 2596 [llud

2200 2615 2334 2668 satis
2380 2613 2729 2683 intelligimus
2778 2612 2941 2669 urbes
2972 2612 3242 2671 Ravenna:
3299 2615 3540 2668 subditas
3575 2627 3696 2682 operas

2197 2685 2520 2756 praestitisse
2539 2685 2642 2756 aedi
2663 2685 2997 2754 reparandae,
3013 2685 3386 2756 ducendisque
3405 2684 3697 2754 abietibuspa

2198 2755 2477 2827 angariam
2505 2755 2768 2810 addictas.

2268 2846 2330 2901 Il.
2366 2845 2506 2920 Quae,
2523 2855 2705 2920 autem
2729 2847 2796 2902 de
2825 2847 3262 2920 LeoneRomano
3282 2849 3598 2920 pontiﬁcein
3619 2847 3699 2902 lar-

2199 2919 2374 2992 tinum
2431 2918 2694 2992 subir_ato,
2750 2919 2853 2992 qui
2889 2935 2988 2992 per
3010 2918 3246 2992 legatum
3269 2918 3420 2992 apud
3455 2920 3697 2976 Ludovici!

2197 2987 2369 3060 egerit
2409 2998 2468 3043 ut
2498 2989 2543 3060 is
2568 2987 2799 3060 Romam
2823 2987 3184 3060 deducerétur
3231 2987 3582 3058 mulctandus,
3610 2992 3697 3046 etde

2197 3059 2411 3115 caeteris
2440 3059 2746 3114 subsecutis
2771 3060 2838 3113 ad
2869 3059 3158 3116 Martinum
3180 3071 3235 3117 et
3253 3063 3327 3116 ad
3355 3061 3596 3118 Joannem
3619 3063 3698 3114 Are-

2196 3130 2459 3186 latensem
2512 3129 2904 3201 spectantibus,
2955 3141 3269 3198 narrantur,
3327 3134 3525 3190 omissa
3569 3143 3696 3188 sunt:

2198 3201 2389 3274 Rubeo
2431 3200 2753 3274 ueterisque
2787 3200 3164 3274 Ravennatum
3194 3219 3382 3260 rerum
3411 3205 3696 3274 scriptoribus

2197 3271 2324 3328 Haec
2349 3273 2595 3330 evenisse
2613 3271 2760 3328 circa
2791 3273 2916 3328 vita:
2950 3273 3148 3330 Leonis
3183 3274 3376 3341 ﬁnem,
3425 3271 3538 3330 cum
3564 3276 3604 3330 in
3625 3289 3697 3327 tua

2197 3351 2354 3398 atrox
2409 3344 3164 3416 Romanorumiconspiratio
3205 3345 3360 3401 facta
3403 3355 3502 3412 est,
3545 3363 3599 3402 ex
3617 3345 3698 3398 lin

2197 3423 2453 3493 contextu
2505 3427 2747 3485 apparet.
2796 3415 3106 3493 Putaverim
3168 3417 3457 3493 dimissum
3507 3418 3566 3472 ad
3605 3429 3698 3493 an!

2195 3487 2380 3560 sedem
2417 3487 2787 3560 Ravennatem
2815 3486 3169 3560 pontiﬁcem,
3197 3503 3323 3560 cum
3359 3489 3569 3560 gliscere
3596 3486 3699 3554 cepi!

2197 3556 2252 3611 in
2281 3556 2514 3629 Leonem
2561 3556 2884 3629 conjuratio.
2926 3558 3158 3614 Causam
3187 3559 3256 3613 ob
3279 3556 3454 3629 quam
3498 3559 3701 3613 Raram!

2199 3628 2640 3702 archiepiscopus
2669 3628 2876 3702 Leonis
2903 3629 3058 3702 iram
3103 3628 3396 3702 meruerit,
3451 3631 3695 3702 ignoramus

2196 3698 2330 3754 Illud
2361 3699 2448 3753 hic
2481 3701 2549 3753 ad
2585 3697 2860 3754 Valerium
2902 3699 3115 3754 Martini
3165 3697 3600 3769 praede-cessarem
3632 3711 3700 3766 spe

2198 3777 2373 3834 etans,
2423 3778 2637 3844 nact_us_
2660 3769 3012 3844 es__t_Ru_beus,
3064 3779 3440 3844 constructam
3481 3771 3595 3844 mira
3627 3775 3699 3844 ant

2196 3851 2441 3896 mensam
2489 3839 2558 3894 ad
2595 3839 3003 3912 similitudinem
3050 3842 3274 3912 platani,
3322 3858 3448 3912 quae
3485 3858 3546 3896 an

2198 3913 2396 3966 donata
2425 3912 2517 3976 sit,
2566 3909 2652 3966 vel
2691 3919 2901 3965 tantum
2924 3909 3189 3977 adhibita,
3232 3909 3361 3967 cuni
3385 3915 3590 3969 antistes
3606 3910 3698 3964 illia

2200 3981 2428 4054 Martino
2453 3981 2700 4037 convivio
2726 3991 2983 4054 exceptus
3005 3983 3224 4054 est,ivix
3249 3998 3316 4038 ex
3341 3983 3698 4054 cormptolmt

2197 4051 2408 4125 Agnelli
2455 4054 2680 4125 locoest
2726 4051 3044 4125 intelligere.
3101 4053 3271 4109 Porro
3297 4051 3640 4125 Martiniano
3668 4055 3700 4104 tt

2237 4123 2468 4180 fioribus
2481 4123 2742 4178 Ludovici
2771 4125 3088 4194 imperantis
3109 4125 3268 4180 annis
3287 4124 3546 4182 Joannem
3565 4123 3696 4179 inAtr

2219 4196 2422 4251 atensis
2445 4195 2700 4250 Ecclesia:
2727 4195 2986 4250 cathedra
3015 4197 3218 4251 sedisse
3258 4195 3390 4253 hinc
3420 4195 3698 4253 annode

2198 4214 2422 4251 lateIlSIS
2446 4214 2700 4250 molesta:
2727 4214 2986 4250 carneura
3015 4214 3218 4251 sedisse
3258 4214 3390 4253 nine
3420 4214 3450 4251 a
3519 4214 3698 4250 osum

2198 4281 2323 4320 cum
2345 4266 2559 4320 aliunde
2579 4274 2795 4321 constet
2821 4267 3066 4321 eumdem
3090 4265 3356 4323 Joannem
3384 4275 3439 4322 et
3453 4214 3700 4322 gieme

2202 4335 2608 4392 Narbonensem
2661 4338 3146 4408 archiepiscopum,
3181 4353 3246 4392 ex
3287 4336 3609 4408 imperatoris
3639 4332 3700 4406 Ci:

2201 4408 2324 4472 roli,
2370 4409 2546 4462 adhuc
2594 4409 2926 4478 superstitis,
2950 4406 3107 4476 jussu
3136 4411 3189 4466 in
3217 4406 3453 4466 concilio
3477 4406 3699 4465 Arelatensi

2201 4478 2732 4550 anniBiSﬂcurasse
2788 4487 2846 4550 ut
2891 4479 3080 4534 Patres
3133 4482 3224 4550 qui
3263 4488 3607 4537 convenerant
3630 4487 3700 4550 rm

2200 4557 2254 4602 et
2305 4548 2642 4618 disciplinam
2701 4547 3562 4614 ecclesiasticam_restituerent,
3592 4547 3700 4618 gss-

2197 4615 2488 4692 demenim
2523 4618 2734 4692 concilii
2763 4628 2884 4692 acta
2917 4620 3095 4674 adhuc
3123 4631 3366 4676 exstant.
3389 4620 3569 4677 Joanni
3592 4615 3702 4692 Thr

2287 4691 2425 4771 phus
2452 4691 2734 4756 successit,
2762 4690 2820 4744 in
2847 4705 3038 4745 eorum
3068 4699 3373 4762 temporum
3423 4690 3701 4747 monuments

2193 4760 2526 4815 notissimus.

2265 4848 2349 4903 Ill.
2392 4849 2469 4906 De
2506 4864 2697 4921 mensa
2733 4857 2988 4921 argentea
3016 4850 3321 4908 Ravennati
3346 4851 3575 4910 ecclesia:
3597 4843 3700 4921 alb

2199 4919 2389 4994 dovico
2420 4935 2487 4975 ex
2535 4918 2717 4976 Caroli
2744 4917 3068 4994 testamento
3095 4921 3302 4988 oblata,
3331 4925 3483 4994 plura
3513 4917 3696 4994 ﬂgiti?!-

2198 4991 2322 5065 dus,
2349 4999 2422 5065 _et
2447 5009 2512 5048 ex
2537 5008 2602 5065 eo
2626 4993 2981 5065 recentiores.
3012 4991 3144 5065 Item
3174 4985 3350 5065 iidein'
3367 4995 3522 5065 plura

2195 5062 2573 5134 phanisummi
2593 5064 2868 5134 pontiﬁcis
2896 5063 3090 5118 itinere
3119 5063 3173 5118 in
3201 5058 3426 5121 Gallias.
3477 5063 3591 5134 Inde
3608 5058 3699 5134 ἰόε-

2197 5125 2438 5204 pontifex
2475 5125 2690 5191 rediens
2732 5135 3044 5204 Ravennam
3079 5135 3244 5200 venit,
3277 5146 3334 5190 et
3364 5137 3551 5191 missas
3581 5125 3702 5204 in”?

2198 5203 2348 5259 siana
2387 5205 2607 5262 basilica
2657 5206 2960 5272 celebrans,
2994 5203 3294 5262 Salvatoris
3323 5206 3554 5264 sandalia

2198 5275 2454 5348 ostendit.
2479 5275 2616 5343 Quid
2639 5277 2757 5348 haec
2780 5283 2985 5348 essent,
3015 5291 3124 5348 non
3145 5277 3354 5333 indicat
3381 5274 3700 5348 Agnellnsliﬁ

2201 5345 2269 5418 de
2295 5345 2621 5418 iisiusquam
2667 5347 2802 5403 alias
2829 5346 3078 5418 meminit
3104 5346 3158 5400 in
3187 5348 3303 5403 toto
3332 5343 3495 5418 opere
3530 5343 3699 5418 ,Μυῒ

2200 5415 2315 5486 sius
2367 5417 2422 5472 in
2475 5414 2698 5473 Nicolao
2753 5417 2923 5473 tradit
2985 5414 3247 5473 Joannem
3309 5414 3698 5486 ar'cijie.pist;l_llil|_I

2197 5485 2566 5560 Ravennatem
2591 5529 2607 5554 ,
2660 5503 2785 5560 cum
2836 5489 2906 5542 ad
2964 5487 3164 5543 bonam
3235 5483 3450 5560 frugem
3495 5483 3696 5560 ῗαῆίαίξ

2203 5575 2234 5635 ¢_
2268 5558 2546 5635 cautiones
2573 5566 2628 5635 ct
2659 5558 2973 5635 scripturas
3017 5573 3181 5635 ξοβετ
3231 5557 3501 5635 νίνῖίίοέιὲἓ
3547 5557 3697 5635 "In".

2193 5626 2418 5710 Domini.
2456 5629 2628 5686 nostri
2681 5626 2811 5686 Jesu
2845 5627 3046 5686 Christi
3085 5626 3251 5701 atque
3288 5627 3526 5688 sandalia
3555 5626 3644 5696 ejus
3679 5631 3692 5664 ι

2192 5711 2456 5768 posuisse.
2489 5711 2500 5720 ·
