3870 6464
135 316 280 376 749·

1209 307 1412 366 LIBER
1447 301 1938 365 PONTIFICALIS.
1977 331 2050 344 -—
2085 299 2266 358 PARS
2300 299 2362 356 ll.

3327 303 3434 362 750

138 436 271 485 duo
321 423 484 492 mala,
512 422 648 482 'una
695 421 1099 496 lnexpedibilia,
1153 423 1280 494 quia
1321 421 1527 490 dixisti,
1579 420 1750 478 altera
1777 418 1830 483 Α
1853 415 2062 482 demus,
2092 429 2194 471 nec
2215 420 2459 472 sanctam
2503 411 2901 485 adquiescimus
2941 413 3099 474 nobis
3136 423 3438 488 protestan-

135 525 388 588 propter
431 523 609 572 metus
644 515 878 571 hominis
923 515 1219 571 inlionoras
1247 516 1436 580 Deum,
1475 522 1531 572 et
1557 520 1752 585 provo-

139 623 256 664 cas
285 609 457 664 Deum
489 606 759 662 viventem
787 607 841 661 in
885 606 1044 673 caelo,
1086 607 1178 677 qui
1207 615 1260 662 te
1295 622 1360 662 ex
1396 606 1598 662 nostris
1622 605 1754 662 libe-

139 699 309 754 ravit
353 697 621 754 manibus.
667 697 801 754 Cum
831 697 1062 764 venerit,
1096 697 1392 753 secundum
1419 705 1512 752 tua
1536 697 1754 769 propria

139 787 356 842 reddet
383 787 499 842 tibi.
553 785 713 852 Ecce,
749 784 893 841 sicut
920 800 1040 841 mea
1063 786 1323 856 praecepit
1365 786 1616 857 genitrix,
1649 785 1754 842 sol-

140 889 312 928 vam.
371 875 669 931 Revertere
716 874 784 929 ad
837 877 1114 946 propriam
1161 877 1366 932 sedem.
1411 877 1561 932 Tunc
1596 875 1754 945 jussu

140 973 355 1028 regum
375 958 551 1014 allata:
585 967 711 1014 sunt
755 967 1067 1014 sanctorum
1111 960 1380 1031 reliquiae,
1421 967 1478 1016 et
1511 969 1755 1015 sanctum

139 1047 375 1120 lignum
399 1049 577 1104 crucis
607 1049 842 1114 Domini,
886 1057 1181 1120 sanctaque
1225 1049 1536 1120 Evangelia,
1566 1057 1621 1104 et
1647 1047 1758 1118 eje-

143 1138 269 1194 ctis
293 1139 544 1194 omnibus
566 1139 721 1206 foris,
774 1139 1065 1195 introducti
1110 1148 1237 1196 sunt
1279 1151 1466 1211 postea
1496 1140 1600 1195 viri
1647 1154 1756 1196 non

142 1226 343 1283 multo
397 1229 598 1282 maturi
643 1242 910 1299 corpore,
967 1237 1024 1284 et
1073 1231 1306 1300 prmbuit
1357 1238 1758 1287 sacramentum

144 1316 432 1390 Georgius
458 1319 727 1375 Ravenna:
775 1322 918 1377 sedis
953 1322 1237 1392 episcopus
1279 1323 1436 1395 juxta
1480 1325 1624 1396 quod
1654 1324 1756 1380 sibi

145 1407 351 1464 fuerat
388 1409 731 1480 imperatum,
781 1420 838 1466 et
874 1414 1059 1468 statim
1108 1415 1314 1470 dimisit
1353 1429 1497 1471 eum.
1548 1416 1616 1471 Et
1639 1414 1758 1471 ubi-

147 1512 380 1568 cunque
423 1497 490 1553 de
530 1499 691 1554 rebus
717 1501 972 1556 Ecclesiae
1018 1503 1158 1572 apud
1197 1518 1320 1559 eum
1348 1505 1580 1561 inventae
1609 1513 1755 1571 sunt,

148 1587 356 1642 statim
386 1588 609 1645 reddere
647 1588 826 1659 jussit.
884 1592 1174 1665 Evangelia
1203 1610 1332 1650 vero
1373 1596 1625 1652 habentia
1650 1597 1758 1652 ala-

149 1695 262 1750 pas
283 1694 479 1735 aureas
502 1695 642 1736 unus
665 1698 733 1737 ex
761 1682 973 1740 clericis
999 1686 1051 1739 in
1078 1687 1343 1756 superiori
1383 1687 1504 1742 sinu
1529 1688 1754 1756 habens,

149 1770 408 1826 dolorem
435 1771 716 1839 simulans,
761 1788 964 1842 pronus
997 1789 1160 1844 super
1197 1790 1322 1830 eum
1368 1777 1632 1832 recubans
1657 1791 1754 1848 per
1779 1783 1828 1842 B

148 1860 406 1931 quinque
460 1861 575 1916 dies
619 1870 948 1932 noctesque,
1007 1865 1122 1919 haac
1152 1865 1420 1921 liberavit.
1473 1866 1758 1939 Privilegia

148 1951 412 2020 antiqua,
445 1965 567 2006 cum
589 1953 784 2023 quibus
809 1970 868 2010 se
904 1953 1102 2010 ﬁdebat
1125 1970 1192 2010 ex
1233 1967 1499 2028 potestate
1527 1959 1757 2015 Romani

147 2057 319 2112 papa:
349 2045 691 2111 subtrahere,
721 2046 776 2101 in
810 2045 917 2102 loto
939 2047 1179 2117 projecta
1219 2058 1380 2115 sunt,
1421 2059 1476 2106 et
1500 2051 1567 2105 ab
1588 2051 1758 2107 hastis

148 2131 354 2188 lancea
384 2132 628 2207 [lanceae]
657 2138 1009 2192 comminuta.
1060 2137 1270 2194 Corona
1311 2155 1442 2196 vero
1487 2155 1652 2196 aurea
1692 2142 1760 2198 de
1844 2187 1855 2201 -.

149 2221 396 2277 ecclesia
427 2223 708 2278 beatorum
735 2233 1036 2298 martyrum
1057 2225 1280 2284 Joannis
1299 2238 1354 2284 et
1381 2229 1529 2284 Pauli
1561 2230 1758 2286 ibidem

147 2322 324 2384 capta
352 2313 451 2369 fuit
471 2315 677 2371 habens
711 2317 1134 2387 pretiosissimas
1178 2335 1419 2391 gemmas
1445 2361 1460 2388 ,
1510 2321 1760 2384 similiter

147 2413 216 2460 et
243 2405 542 2461 canistrum
575 2422 798 2463 aureum
821 2449 836 2473 ,
867 2418 921 2465 et
968 2411 1166 2468 calices
1190 2413 1417 2484 gemmis
1464 2414 1662 2480 inﬁxis,
1705 2425 1760 2472 et

149 2493 348 2550 multa:
391 2497 600 2567 species
629 2497 700 2553 ibi
741 2499 968 2556 sublata:
1009 2509 1154 2556 sunt.
1203 2501 1526 2560 Sacerdotes
1553 2519 1681 2560 vero
1704 2514 1760 2560 et

149 2584 255 2638 alii
281 2585 585 2655 p0pularcs,
633 2587 725 2658 qui
747 2603 852 2642 non
879 2597 1003 2643 sunt
1045 2589 1247 2646 inventi
1269 2591 1325 2646 in
1362 2608 1525 2648 manu
1554 2592 1756 2662 Caroli,

150 2675 334 2730 nimia
385 2677 453 2732 ab
479 2677 728 2734 hostibus
757 2677 1087 2747 atllictione,
1131 2683 1313 2736 omnia
1363 2683 1753 2753 perdiderunt;

151 2773 374 2820 tantum
419 2767 472 2820 in
523 2767 663 2822 linea
707 2779 857 2824 veste
903 2771 1109 2826 dimissi
1169 2780 1312 2838 sunt,
1360 2782 1416 2829 et
1466 2776 1557 2845 qui
1598 2784 1757 2833 antea

152 2871 482 2912 ascensorcs
521 2868 678 2913 erant
705 2858 1036 2933 [equorum],
1085 2873 1272 2933 postea
1307 2865 1587 2934 pedestres
1631 2867 1758 2924 effe-

152 2946 240 3002 cti
293 2956 438 3014 sunt,
483 2958 538 3004 et
583 2950 748 3006 veluti
795 2955 1099 3024 peregrini,
1147 2971 1336 3013 omnes
1387 2958 1758 3033 eleemosynas

154 3038 425 3109 petebant
465 3056 565 3110 per
609 3041 748 3098 vias.
793 3044 936 3100 llora
969 3061 1100 3101 vero
1141 3049 1332 3102 eadem
1375 3064 1496 3104 cum
1528 3065 1649 3106 sero
1678 3051 1758 3106 in-

153 3130 436 3200 cepisset,
491 3131 604 3187 suis
645 3133 968 3203 promittens
1008 3136 1221 3192 fortiter
1273 3153 1457 3194 coram
1505 3141 1754 3210 inopibus
1783 3144 1826 3206 C

156 3224 537 3280 sacerdotibus
559 3225 613 3280 in
637 3237 924 3298 conspectu
957 3229 1139 3287 divino
1163 3233 1342 3286 omnia
1371 3235 1678 3300 emendare,
1705 3244 1760 3291 ct

157 3314 521 3384 rescipisccre
548 3332 577 3371 a
606 3317 787 3382 malis,
813 3335 931 3389 quae
960 3330 1117 3376 antea
1141 3325 1495 3394 perpetravit.
1544 3325 1759 3382 Etcum

157 3404 472 3475 aliquantos
495 3407 695 3464 solidos
717 3409 784 3464 ab
805 3409 888 3466 his
918 3411 1012 3482 qui
1052 3413 1178 3483 fuga
1202 3413 1339 3485 lapsi
1367 3424 1514 3482 sunt,
1553 3417 1760 3473 inventi

157 3499 418 3564 fuissent,
452 3509 507 3556 et
526 3516 584 3556 se
608 3503 728 3558 cibo
752 3513 991 3574 potuque
1037 3507 1421 3574 rcfocillasset,
1446 3527 1699 3568 reversus
1727 3528 1758 3570 a

157 3589 308 3645 mala
333 3590 682 3658 conscientia,
710 3603 997 3665 postquam
1030 3594 1178 3652 Jovis
1203 3608 1440 3654 montem
1480 3602 1758 3657 obtectum

157 3682 310 3736 nube
343 3681 462 3737 istis
488 3683 734 3753 partibus
755 3687 995 3744 calcatas
1020 3688 1138 3744 vias
1173 3700 1479 3748 remeantes
1502 3695 1760 3751 mentitus

158 3781 252 3829 est
272 3775 449 3828 omnia
471 3791 591 3845 qua:
627 3777 780 3841 dixit,
807 3785 990 3836 etnon
1033 3782 1349 3838 recordatus
1380 3782 1759 3853 jusjurandum

159 3864 310 3934 quod
335 3866 561 3921 Domino
583 3867 853 3936 pollicitus
881 3878 981 3926 est.
1033 3870 1359 3929 Sacerdotes
1390 3890 1520 3930 vero
1549 3877 1762 3932 adnihi-

160 3956 286 4022 lati,
331 3965 383 4012 ct
406 3959 547 4015 fame
581 3961 814 4017 confecti
845 3964 1102 4021 dixerunt
1123 3966 1172 4022 ei
1205 3985 1218 4021 :
1271 3967 1455 4024 Mutua
1477 3971 1633 4025 nobis
1657 3971 1759 4026 ali-

161 4054 420 4116 quantam
453 4051 762 4118 pecuniam,
811 4055 954 4109 unde
1002 4056 1266 4112 vivamus.
1308 4058 1508 4115 lbimus
1549 4060 1761 4118 Raven-

161 4152 327 4204 nam,
385 4138 603 4209 duplum
644 4141 819 4212 exige.
868 4143 971 4211 Qui
1015 4146 1186 4204 noluit
1222 4149 1577 4220 adquiescere
1619 4155 1761 4225 peti-

159 4227 304 4282 tioni
329 4243 537 4296 eorum,
581 4232 675 4286 sed
702 4234 934 4306 amplius
959 4234 1011 4290 in
1043 4239 1361 4296 crudelitate
1387 4257 1484 4296 sua
1510 4223 1761 4313 perman-

160 4318 258 4373 sit.
296 4316 562 4388 Istiusque
592 4323 927 4392 temporibus
962 4324 1072 4396 [die
1116 4327 1422 4404 Dominico]
1471 4333 1758 4402 crepitavit

159 4407 320 4477 panis
356 4407 409 4460 in
432 4407 590 4464 furno
611 4411 888 4481 cujusdam
911 4414 1128 4484 judicis,
1164 4427 1218 4473 et
1261 4421 1466 4477 inventi
1504 4431 1630 4478 sunt
1649 4439 1761 4479 om-

159 4513 266 4552 nes
291 4513 455 4567 panes
477 4499 668 4567 lutum,
713 4511 766 4556 et
796 4518 985 4561 omnes
1027 4508 1236 4564 oblatas
1274 4510 1456 4582 nigras
1477 4513 1617 4568 sicut
1644 4513 1762 4570 fuli-
1788 4489 1841 4550 D

161 4588 362 4659 ginem.
408 4588 668 4646 Similiter
693 4591 746 4646 in
779 4592 939 4652 furno
981 4598 1152 4668 ipsius
1188 4601 1447 4672 episcopi.
1502 4603 1763 4676 Multique

162 4695 422 4751 proceres
449 4692 832 4742 mutuaverunt
874 4689 944 4744 ad
976 4691 1184 4749 vicinos
1211 4710 1404 4764 panes,
1434 4705 1490 4752 et
1519 4697 1659 4754 facta
1681 4708 1763 4756 est

162 4772 477 4828 lamentatio
505 4775 559 4828 in
581 4775 801 4832 civitate
854 4779 982 4835 ista.
1035 4780 1142 4838 Sed
1173 4785 1289 4839 haec
1317 4826 1333 4853 ,
1383 4786 1600 4853 fratres,
1633 4791 1762 4860 quid

164 4863 315 4918 aliud
354 4864 408 4920 in
447 4867 551 4922 hoc
590 4870 916 4937 ostenditur,
969 4872 1074 4928 nisi
1119 4877 1406 4932 tenebrosa
1463 4883 1762 4942 sacerdotis

160 4969 350 5022 opera,
389 4963 448 5009 ut
472 4957 918 5015 manifestarctur
941 4962 1118 5032 qualis
1143 4963 1231 5019 ille
1271 4964 1482 5033 fuisset,
1521 4976 1576 5024 et
1601 4970 1760 5040 quale

165 5046 490 5102 sacriﬁcium
542 5049 741 5106 offerre
789 5053 1052 5110 deberet?
1090 5056 1410 5128 Adprobant
1450 5059 1755 5136 [adprobat]

165 5138 291 5203 hoc,
332 5139 578 5209 quamvis
619 5142 684 5198 de
713 5159 808 5198 sua
834 5146 1041 5201 malitia
1061 5163 1192 5204 oves
1219 5165 1330 5205 sua:
1359 5150 1541 5210 dicere
1567 5165 1756 5212 contra

164 5236 442 5298 pastorem
469 5245 627 5286 suum
654 5249 765 5289 non
788 5236 1080 5304 ausissent,
1127 5239 1430 5299 oblationes
1451 5285 1466 5310 ,
1515 5261 1649 5317 quas
1678 5248 1756 5306 di-

167 5331 418 5385 scerpere
468 5321 686 5392 segnius
711 5323 956 5392 solebat,
1009 5327 1137 5397 ipsae
1178 5339 1366 5386 contra
1398 5348 1520 5388 eum
1556 5335 1756 5393 clama-

165 5409 302 5464 bant
326 5416 380 5463 et
423 5424 455 5464 a
489 5426 548 5466 se
594 5427 752 5468 suum
791 5417 1125 5486 repellebant
1164 5424 1603 5482 sacriﬁcatorem.
1651 5428 1752 5485 Mi-

167 5500 337 5555 randa
381 5503 505 5558 talia
535 5514 662 5560 sunt
706 5507 858 5577 signa
904 5520 958 5565 et
984 5511 1350 5585 lacrymanda,
1404 5517 1598 5576 fratres
1623 5523 1750 5591 mei,

167 5591 384 5661 quando
408 5605 655 5653 creatura
683 5601 736 5654 in
767 5602 972 5657 variam
1018 5621 1117 5675 per
1155 5617 1339 5664 nostra
1370 5611 1603 5669 facinora
1638 5631 1752 5671 mu-

171 5687 320 5736 tatur
339 5681 583 5752 ﬁguram.
623 5688 756 5747 Cum
777 5693 921 5749 enim
954 5711 1061 5753 non
1100 5703 1469 5760 convertimur
1489 5712 1548 5761 ut
1573 5721 1750 5765 cmen-

1851 513 1962 562 tem
2006 503 2341 576 Scripturam
2363 544 2380 572 ,
2422 519 2599 576 neque
2640 505 2954 577 evangelico
2981 519 3291 578 praecepto,
3337 524 3439 582 per

1851 603 2159 652 creaturam
2185 595 2340 651 nobis
2377 595 2702 662 cominatur,
2754 602 2816 650 ut
2841 595 3197 667 rescipiseere
3241 597 3440 657 debea-

1851 701 1992 742 mus.
2014 686 2225 742 lnterea
2248 686 2539 742 inﬁrmavit
2565 687 2802 758 pessima
2825 686 3156 756 inﬁrmitate,
3175 699 3232 747 et
3253 691 3440 750 dicunt

1853 775 2072 845 quidam
2101 775 2244 844 quod
2281 774 2420 831 male
2450 776 2761 832 tradidisset
2795 777 3034 834 animam
3068 793 3244 849 suam,
3293 783 3441 852 quod

1853 866 2011 922 nobis
2037 863 2218 938 [nihil]
2269 879 2492 922 necesse
2538 865 2721 922 dicere
2757 881 2866 923 non
2908 879 3026 935 est;
3067 869 3196 942 quia
3244 871 3441 930 melius

1853 963 1938 1011 est
1959 954 2179 1024 maligni
2222 953 2363 1009 facta
2391 954 2690 1025 prmterire,
2740 969 2902 1025 quam
2943 956 3060 1014 laus
3079 956 3214 1027 justi
3235 967 3436 1018 tacere.

1855 1045 2098 1102 Mortuus
2133 1054 2218 1102 est
2241 1045 2328 1101 die
2352 1061 2424 1100 xx
2466 1046 2668 1102 mensis
2691 1045 2950 1114 Januarii,
2983 1059 3038 1106 et
3081 1066 3226 1109 nunc
3248 1060 3332 1110 est
3355 1065 3442 1112 se-

1853 1135 2056 1205 pultus,
2089 1135 2230 1193 sicut
2267 1150 2386 1192 mos
2404 1143 2511 1204 est,
2541 1151 2573 1191 a
2595 1136 2710 1193 suis
2733 1129 3103 1198 sacerdotibus
3125 1181 3143 1210 ,
3183 1143 3282 1201 sed
3313 1157 3443 1204 cum

1855 1227 2452 1284 deducebatur..........

1928 1319 2156 1390 Explicit
2182 1317 2514 1390 Pontiﬁcatis
2541 1317 2799 1390 Ecclesia:
2828 1319 3164 1388 Ravennatis,
3210 1323 3350 1378 edito
3374 1324 3441 1380 ab

1856 1387 2066 1458 Andrea
2092 1389 2230 1442 dicto
2271 1387 2492 1458 Agnalia
2541 1389 2701 1458 abbas
2754 1389 3009 1446 Ecclesia:
3055 1391 3117 1447 S.
3147 1387 3337 1448 Maria:
3371 1395 3441 1448 ad

1855 1457 2530 1530 Βιαᾳήενηαεεηεοὴιὶῃεηε
2585 1457 2776 1526 Vitam,
2826 1469 2876 1514 et
2903 1461 3035 1530 ﬁnes
3077 1463 3192 1518 istis
3218 1463 3444 1518 sanctis-

1857 1529 2002 1582 simis
2024 1527 2355 1584 vra’sult’bus.
2395 1529 2580 1583 Amen.

2299 1727 3002 1790 OBSERVATIONES.

2387 1834 2456 1872 AD
2483 1831 2650 1871 “TA!
2677 1831 2910 1873 GEORGII.

1857 1907 2037 1963 Ruben
2085 1907 2251 1962 multa
2279 1908 2343 1963 de
2385 1904 2607 1977 Georgio
2647 1907 2799 1977 [dicta
2832 1907 2976 1961 haud
3019 1925 3156 1964 vera.
3205 1883 3445 1967 latitarit

1927 1979 2042 2051 ﬁlia
2081 1977 2356 2051 Βοω-ιιάὲαςΔ
2408 1973 2798 2051 no_n:Geltrudi
2838 1986 3041 2051 vocata.
3094 1978 3444 2051 Irmingardt's

1928 2046 2268 2128 eiusmater.
2316 2047 2588 2128 Prodigia.
2615 2047 2685 2100 ad
2735 2046 3124 2128 chroaologjam
3171 2046 3442 2128 perpensa.

1927 2116 2075 2171 Illud
2103 2117 2168 2170 de
2196 2134 2330 2188 pane
2355 2127 2403 2172 et
2430 2116 2637 2182 oblatis,
2685 2116 2813 2187 quid
2845 2116 3112 2188 singulare
3134 2116 3334 2190 probet.

1925 2212 1966 2266 l.
1992 2211 2155 2283 Plura
2185 2208 2493 2283 falsa_veris
2523 2210 2718 2283 miscet
2744 2210 2964 2283 Rubeus
2990 2210 3045 2266 in
3075 2211 3236 2283 hujus
3259 2213 3443 2283 ponti-

1859 2281 2141 2354 ficisVita,
2173 2296 2293 2354 qua;
2323 2281 2498 2336 Faber
2522 2281 2830 2354 exscripsit.
2872 2281 3094 2337 Missum
3122 2281 3159 2336 a
3174 2281 3444 2354 Gregorio

1859 2296 1977 2337 nens
2007 2296 2138 2345 Vlla,
2173 2296 2292 2351 quae
2323 2296 2498 2336 r‘auer
2522 2296 2830 2403 exscrrpsnt.
2872 2296 3094 2337 nussum
3122 2298 3154 2336 a
3180 2296 3444 2354 Gregorio

1856 2352 1924 2408 IV
1953 2352 2243 2422 Georgium
2280 2350 2514 2420 legatum
2542 2351 2597 2405 in
2622 2350 2699 2406 Ga
2725 2350 2824 2422 lias
2859 2365 2958 2420 pro
2988 2365 3120 2422 pace
3167 2353 3309 2408 inter
3338 2354 3446 2408 Lu-

1859 2421 2034 2494 dovici
2081 2422 2218 2476 ﬁlios
2267 2422 2604 2494 procuranda
2649 2421 2838 2494 scribit
2882 2421 3138 2494 Bubeus;
3187 2422 3446 2494 Agnellus

1855 2493 2178 2564 permissum
2200 2491 2378 2564 potius
2396 2491 2479 2564 ire
2497 2504 2628 2564 cum
2657 2491 2847 2562 legatis
2879 2493 2946 2547 ab
2973 2491 3143 2564 invito
3169 2491 3443 2564 pontifice,

1857 2561 2001 2634 quod
2023 2562 2111 2618 ille
2130 2561 2605 2634 apud_Lotharium
2635 2561 2801 2634 agens
2825 2576 2944 2617 cam
2975 2561 3077 2634 sibi
3109 2561 3446 2634 provinciam

1857 2630 2222 2703 procurasset.
2264 2630 2314 2686 ls
2355 2631 2542 2703 Rubeo
2570 2631 2828 2703 scribitur
2855 2645 2887 2684 a
2911 2630 3127 2703 prmlio'
3152 2635 3220 2688 ad
3247 2632 3446 2703 Fonta-

1859 2700 1955 2758 iias
1975 2701 2099 2772 fuga
2133 2701 2368 2771 elapsus,
2413 2701 2537 2756 inde
2576 2700 2776 2772 saniori
2816 2700 3042 2772 consilio
3069 2717 3258 2772 pacem
3300 2702 3447 2758 felici

1856 2774 2003 2844 exitu
2030 2771 2374 2844 procurassc,
2415 2779 2616 2826 etcum
2646 2771 2920 2844 Ludovico
2954 2771 3205 2844 Lotharii
3239 2772 3351 2844 ﬁlio
3389 2773 3446 2828 in

1855 2842 2067 2898 Italiam
2090 2843 2315 2898 veniens
2359 2842 2414 2896 iu
2446 2856 2598 2896 suam
2634 2842 2840 2908 sedem,
2891 2842 3294 2899 Ravennatibus
3320 2843 3449 2900 licet

1857 2913 2302 2985 repugnantibus,
2339 2911 2658 2993 restitutus:
2708 2911 2985 2994 Aguellus,
3015 2913 3108 3035 gini
3131 2913 3272 2983 quod
3292 2913 3448 2993 vide-

1857 2993 1942 3035 rat
1961 2983 2239 3035 memoria:
2263 2982 2558 3035 mandavnt.
2601 2981 2891 3035 Georgium
2927 2991 3012 3035 tra
3053 2991 3094 3035 tt
3121 2983 3336 3035 probris
3366 2981 3448 3035 af-

1856 2981 1942 3054 rat
1961 2981 2240 3054 memoria;
2263 2982 2558 3054 mandavit,
2601 2981 2891 3054 Georgium
2915 2981 3094 3054 tradit
3121 2981 3336 3054 probris
3366 2981 3448 3036 af-

1861 3053 2086 3118 fectum,
2122 3061 2196 3118 ct,
2231 3051 2596 3106 intercedente
2635 3050 2855 3106 Judi‘tha
2901 3051 3080 3107 Caroli
3121 3050 3278 3118 regis
3331 3067 3449 3107 ma-

1859 3133 1972 3190 tre,
2031 3123 2354 3194 permissum
2417 3121 2486 3175 ad
2529 3135 2648 3194 _sua_
2682 3122 2877 3194 redir_e.
2933 3121 3159 3192 Agncllo
3207 3121 3297 3177 hic
3350 3137 3448 3192 po-

1863 3195 1970 3249 tius
1999 3191 2376 3263 q’uamltugbco
2418 3191 2772 3263 credendum.
2812 3191 2888 3246 De
2937 3191 3080 3247 anno
3124 3199 3308 3263 autem
3339 3191 3448 3263 quo

1860 3260 2212 3319 memorabile
2241 3261 2632 3316 Fontauiacum
2671 3260 2868 3318 bellum
2896 3263 3092 3328 evenit,
3124 3261 3327 3317 nullum
3350 3260 3451 3318 du-

1858 3333 2008 3389 bium
2056 3347 2177 3388 esse
2225 3339 2439 3402 potest,
2492 3339 2545 3387 ct
2589 3343 2732 3388 anno
2769 3331 2876 3402 84f
2926 3333 3234 3401 assignantur
3274 3332 3447 3400 bene,

1858 3403 2127 3474 quamvis,
2157 3401 2499 3474 Eginhardus
2529 3417 2671 3457 anno
2697 3401 2801 3458 842
2827 3401 2969 3474 illud_
2986 3403 3165 3474 tradat
3193 3417 3210 3470 ;
3246 3412 3303 3458 at
3329 3404 3449 3460 dies

1858 3471 2070 3530 sabbati
2117 3471 2426 3544 immediate
2476 3471 2673 3528 festum
2719 3475 2897 3544 sancti
2928 3471 3166 3544 [Joannis
3193 3474 3450 3544 Baptista:

1859 3544 2146 3600 subsecuta
2190 3542 2360 3613 priori
2409 3557 2552 3598 anno
2601 3543 2853 3598 convenit
2877 3543 3002 3613 841,
3046 3557 3155 3613 quo
3193 3542 3450 3599 currente

1860 3613 2011 3694 cyclo
2039 3611 2271 3694 solis},
2301 3611 2490 3694 litt-era
2525 3613 2874 3694 Dominicalis
2911 3611 3013 3667 fuit
3127 3612 3452 3694 imminente

1858 3682 2044 3764 prmlio
2087 3682 2332 3764 scribunt
2371 3682 2689 3764 Eutharium
2736 3697 2920 3764 moras
2951 3691 3279 3764 nectentem,
3309 3682 3448 3764 inje-

1859 3751 1962 3807 ctis
2001 3753 2155 3823 pacis
2199 3751 2548 3824 tractatibus,
2585 3760 2930 3822 exspectasse
2973 3751 3450 3824 Pippininepotis

1861 3822 2066 3893 copias,
2112 3837 2232 3891 quae
2262 3837 2385 3893 cum
2427 3822 2702 3893 venissent
2741 3838 2978 3893 pugnam
3019 3838 3143 3878 cum
3187 3822 3448 3879 fratribus

1861 3891 2270 3964 commeruisse.
2321 3891 2576 3964 Agnellus
2631 3891 2762 3947 vere
2823 3891 2987 3948 tradit
3031 3893 3276 3964 prmlium
3323 3903 3450 3951 ante

1862 3959 2072 4032 Pippini
2098 3959 2393 4016 adventum
2411 3961 2738 4027 confertum,
2776 3970 2976 4032 etcum
3004 3959 3147 4019 male
3189 3962 3449 4021 Lothario

1862 4031 1976 4102 res’
2004 4033 2306 4102 cessisset,
2337 4032 2514 4087 denuo
2544 4033 2790 4102 veniente
2832 4031 3059 4102 Pippino
3105 4042 3443 4091 renovatum.

1863 4101 1963 4173 llic
1989 4103 2152 4158 etiam
2182 4117 2250 4156 ex
2289 4101 2532 4156 Lotharii
2579 4110 2634 4156 et
2685 4100 3205 4173 Pippinf—militibus
3257 4115 3449 4162 narrat

1860 4172 2143 4242 plusquam
2167 4173 2522 4242 quadraginta
2567 4172 2844 4228 hominum
2890 4173 3060 4228 millia
3103 4175 3443 4234 occubuisse.

1863 4242 2057 4297 Caetcri
2077 4249 2385 4311 computata
2419 4242 2698 4312 utriusque
2719 4242 2991 4299 exercitus
3013 4243 3197 4312 clade,
3228 4256 3446 4304 centum

1861 4311 2139 4366 hominum
2169 4312 2334 4365 millia
2358 4311 2625 4368 cecidisse
2646 4313 2814 4368 aiunt.

1936 4381 1997 4460 ll.
2039 4383 2263 4460 [iubens
2286 4382 2528 4436 Lotharii
2555 4381 2721 4460 Italia:
2750 4391 2864 4460 tum
2890 4386 3037 4456 regis
3066 4385 3254 4453 ﬁliam,
3276 4401 3444 4460 quam

1865 4451 2044 4528 Papia:
2071 4452 2333 4520 Georgius
2357 4468 2424 4507 ex
2468 4467 2625 4528 sacro
2663 4451 3001 4528 baptismate
3021 4451 3443 4528 suscepithel-

1869 4523 2080 4598 trudcm
2106 4531 2263 4598 vocat
2279 4538 2310 4598 ;_
2327 4531 2532 4598 noster,
2555 4522 2854 4579 Rotrudem
2881 4522 3228 4598 lrmingardie
3249 4527 3437 4584 ﬁliam.

1863 4589 2579 4667 lrmingardemhotharius
2619 4609 2649 4647 a
2684 4600 2863 4667 patre
2886 4589 3110 4667 uxorem
3157 4610 3444 4667 acceperat

1866 4660 2104 4732 llugonis
2145 4662 2360 4716 comitis
2407 4663 2568 4716 ﬁliam
2619 4660 2762 4718 anno
2804 4665 2948 4730 82-1,
2989 4667 3068 4720 uti
3098 4660 3442 4732 Eginhardus

1865 4731 2068 4802 aliique
2091 4732 2423 4802 tradunttex
2453 4747 2558 4802 qua
2585 4733 2875 4790 Lotharius
2903 4751 3012 4790 non
3045 4731 3206 4792 modo
3237 4736 3439 4793 Rotru-

1865 4800 2006 4866 dem,
2039 4801 2133 4856 sed
2163 4801 2300 4871 ﬁlios
2329 4800 2646 4858 Lotharium
2672 4845 2688 4871 ,
2739 4803 3070 4862 Ludovicum
3108 4814 3164 4862 et
3186 4806 3442 4865 Carolum

1865 4871 2119 4946 suscepit.
2155 4870 2450 4928 Rotrudem
2472 4881 2595 4946 post
2623 4870 2954 4946 annum[830
2985 4875 3346 4946 baptizatam,
3371 4893 3441 4936 ex

1863 4941 2085 5019 ratione
2105 4949 2402 5019 temporum
2429 4941 2625 5019 quibus
2656 4944 2919 5019 Georgius
2953 4941 3142 5019 sedere
3166 4941 3349 5019 erepit,
3383 4949 3442 5006 in

1862 5010 2086 5086 proclivi
2131 5010 2545 5086 estheonjicére.
2595 5010 2941 5086 lrmingardis
2980 5010 3442 5076 Rotrudis-mater

1861 5080 1996 5160 obiit
2019 5095 2160 5162 anno
2188 5081 2325 5162 859,
2349 5080 2868 5162 ex_Chronograp_ho
2892 5085 3137 5162 Saxone,
3167 5103 3200 5162 ξι
3229 5088 3436 5162 doctis-

1863 5149 2001 5230 simo
2043 5149 2313 5209 Leibnitio
2353 5149 2519 5230 edito.
2560 5149 2713 5230 Quo'd
2735 5149 2809 5230 ad
2840 5154 2968 5230 solis
2996 5149 3240 5230 eclipsim
3263 5153 3435 5230 perti-

1861 5229 1974 5307 net,
1999 5234 2166 5307 quam
2191 5233 2378 5307 noster
2400 5223 2594 5307 factam
2618 5225 2692 5278 ait
2718 5225 2805 5307 die
2827 5226 3017 5307 quinta
3043 5223 3186 5307 Maii,
3212 5223 3434 5307 induit,

1859 5290 2171 5360 Eginbardo
2219 5293 2360 5349 idem
2406 5295 2658 5359 traditur,
2708 5294 2801 5350 ubi
2845 5290 2902 5351 id
2941 5290 3186 5355 evenisse
3236 5290 3439 5358 dicitur

1859 5365 2035 5440 tertia
2053 5361 2142 5418 die
2177 5361 2528 5440 I_.itaniar_um_
2558 5363 2846 5440 majorum.
2905 5366 3088 5440 Tertia
3128 5368 3434 5440 huiusmodi

1859 5430 2075 5512 diesmin
2114 5433 2377 5512 quintam
2408 5430 2746 5512 Maiiingidit
2775 5450 2920 5512 anno
2956 5438 3081 5505 840,
3112 5430 3438 5512 AcyéloLsolis

1857 5513 1935 5578 ιχ,
1963 5499 2148 5578 littera
2169 5502 2486 5578 Dominicali
2513 5502 2579 5569 D,
2603 5503 2648 5578 ρ
2661 5545 2676 5570 ,
2725 5505 2883 5578 cyclo
2906 5499 3087 5565 autem
3112 5499 3252 5568 lu'nae
3275 5510 3340 5578 ν,
3371 5521 3432 5568 et

1855 5569 2062 5625 Pascha
2115 5572 2453 5650 celebratum
2488 5583 2572 5629 est
2598 5569 2685 5630 die
2835 5576 3033 5636 Martii.
3092 5569 3438 5650 Egiabardus

1857 5650 2036 5724 tamen
2066 5641 2355 5724 malenhaac
2387 5642 2456 5698 ad
2479 5657 2681 5724 annum
2716 5646 2814 5701 841
2848 5650 3032 5724 refert.
3079 5641 3286 5724 Ca3tera
3305 5663 3435 5724 pro-

1799 5708 1997 5801 __digia
2026 5724 2055 5764 a
2079 5710 2878 5798 pluribus_c_orum_temporum
2905 5722 3260 5796 scriptoribus
3286 5708 3436 5802 c'om;
