1935 3232
51 173 118 201 757

513 168 692 197 ANALECTA
713 168 757 195 DE
775 165 947 195 EPISCOPIS
967 164 1238 194 RAV'ENNATIBUS.

1640 162 1693 192 758

50 230 179 266 quidem
192 227 325 264 quomodo
341 227 437 260 sciunt,
462 226 508 254 sed
530 227 641 254 minime
656 224 784 260 sapiunt?
799 223 854 250 Mo—
867 223 894 252 A
906 226 960 249 tem
978 222 1064 250 noctis
1079 222 1156 255 hora,
1171 221 1275 250 cunctis
1288 219 1368 247 inerti
1386 226 1481 248 somno
1492 219 1636 255 depressis,
1651 212 1706 248 so."

51 274 158 306 nachi,
173 273 308 308 inquiunt,
332 280 385 299 non
400 271 501 298 habent
522 270 658 298 licentiam
680 267 852 304 praedicandi.

53 319 177 347 tametsi
194 319 249 346 sint
268 318 428 345 auctoritate
443 316 532 344 divina
557 315 717 350 plenissimi,
741 313 787 341 sed
802 320 855 339 non

51 370 104 393 est
117 365 230 398 mirum,
241 364 304 399 quia
315 371 379 392 caro
389 362 475 390 nescit
488 362 620 396 spiritum.
636 360 744 387 Veritas
757 358 856 393 quippe

53 418 163 438 amara
179 414 230 442 est,
255 414 283 436 et
306 409 351 444 qui
367 408 438 435 illam
454 407 551 434 docere
571 406 703 437 nituntur,
729 404 857 432 amaritu-

53 455 128 483 dine
142 454 288 490 replentur.
300 453 369 481 Ecce
379 453 409 480 B.
422 452 537 480 chems
559 449 749 486 propemodum
763 449 855 481 idiota,

54 505 88 528 et
106 500 213 536 absque
226 500 310 528 literis
327 498 427 534 Spiritu
450 497 571 525 veritatis
594 500 722 527 attactus,
743 493 857 522 cllicitur

54 545 165 572 doctor
180 544 342 576 uberrimus,
356 547 383 570 et
396 543 553 573 monachus,
576 541 621 575 qui
643 540 676 567 ab
697 538 858 567 incunabilis

54 590 168 617 divinis
183 589 268 617 literis
281 589 393 621 studuit,
407 593 495 615 taecrc
508 587 597 614 habet.
612 586 712 613 Paulus
722 584 859 620 apostolus

55 635 118 662 hoc
135 634 290 668 specialiter
303 633 434 669 privilegii
447 637 541 659 nactus
552 635 603 662 est,
615 635 643 658 ut
657 631 719 665 quia
735 629 768 656 ad
778 629 858 664 pedes

55 679 199 707 Gamaliel
224 686 316 706 sacras
341 678 435 705 literas
462 677 565 708 didicit,
590 677 644 703 Vas
671 674 809 702 electionis
832 677 860 700 et

56 725 180 759 apellari
201 728 227 751 ct
250 732 310 751 esse
330 723 495 758 promeruit;
524 721 593 749 unde
607 725 634 749 et
655 721 755 747 Doctor
778 718 859 746 totius

55 769 142 797 orbis
156 768 278 804 specialis
294 768 406 795 dicitur.
417 787 423 794 .
434 787 457 794 ..
470 787 476 794 .
487 788 492 793 .
503 787 509 793 .

273 812 322 840 Πίε
335 812 427 848 folium
440 813 567 848 integrum
582 811 661 838 deest.

57 866 158 892 suum,
177 866 258 894 quem
279 858 357 892 longe
378 862 439 884 ante
463 865 511 892 per
532 856 722 883 rcvclationcm
742 854 858 890 Spiritus

57 904 156 931 sancti
175 903 327 939 pncscivit,
347 902 524 930 saluberrima
547 905 775 928 sacramentorqu
794 906 857 934 per-
872 896 895 926 B

58 950 193 984 ceptione
207 949 334 981 muniret,
348 953 495 976 convocato
508 948 541 974 ad
555 956 583 974 se
595 947 676 974 totius
690 945 765 973 urbis
774 945 858 977 clero,

58 1004 116 1023 nec
131 1003 186 1022 non
201 995 339 1030 utriusque
356 1002 436 1021 sexus
453 993 551 1029 populo
563 993 640 1028 juxta
656 1000 757 1019 morem
772 991 859 1019 eccle-

59 1041 208 1068 siasticum
225 1041 257 1067 de
274 1040 426 1074 integritate
442 1038 581 1066 catholica:
599 1037 677 1070 ﬁdei,
692 1037 777 1071 deque
790 1043 859 1063 una-

59 1086 191 1119 nimitate
205 1090 286 1120 atque
300 1085 418 1111 fraterna
433 1084 545 1111 caritate
559 1082 714 1114 obtinenda,
729 1081 860 1117 prolixius

60 1130 218 1157 secundum
232 1130 282 1157 sibi
294 1129 385 1156 datam
398 1128 555 1163 sapientiam
572 1135 724 1155 sermonem
737 1125 858 1161 protulit.

61 1175 126 1208 Quo
143 1175 218 1201 linito
234 1174 339 1201 ﬁrmata
355 1181 421 1208 pace
436 1178 516 1208 atque
533 1172 730 1202 benedictione,
746 1170 813 1198 stola
831 1173 861 1197 ut

60 1223 126 1246 erat
140 1218 286 1253 pontilicali
303 1219 452 1250 trabeatus,
470 1217 614 1252 populique
628 1216 782 1251 frequentia
798 1215 861 1242 hinc

61 1265 132 1292 inde
158 1265 284 1297 vallatus,
311 1264 449 1299 proprium
476 1264 526 1291 sibi
546 1263 627 1297 jussit
648 1262 748 1297 aperiri
772 1261 860 1297 sepul-

63 1318 157 1342 crum,
173 1310 243 1345 quod
258 1309 381 1336 videlicet
395 1310 473 1337 vivus
487 1309 623 1344 ingressus
639 1308 708 1335 inter
719 1307 859 1342 conjugem

63 1359 93 1382 ct
124 1355 206 1382 ﬁliam
235 1355 302 1382 mira
331 1355 492 1382 auctoritate
517 1363 544 1381 se
572 1354 689 1381 medium
713 1353 858 1385 collocaus,

64 1407 136 1426 voce
152 1406 260 1431 sonora,
272 1399 400 1434 vultuque
415 1399 553 1434 vigorabili
567 1398 654 1431 valde,
667 1397 789 1425 uitiatum
802 1397 860 1425 dor-

64 1443 186 1470 miturus
200 1443 225 1470 in
240 1443 354 1470 Domino
369 1451 397 1471 se
411 1443 498 1477 dedit,
516 1443 687 1477 suavilerque
704 1450 733 1470 se
753 1442 859 1470 obcludi

906 269 948 298 lus
971 269 1014 297 ille
1037 277 1105 305 puer
1127 268 1250 296 inﬁrmus
1273 267 1303 295 in
1323 271 1460 302 stuporem
1483 272 1582 295 versus
1600 272 1709 296 vocum

906 313 1020 341 ﬂebilem
1036 314 1141 346 emisit,
1159 317 1186 342 et
1198 316 1308 340 cunctos
1322 313 1458 340 excitavit.
1474 312 1525 346 Qui
1538 312 1710 350 circumSpf'a!

906 358 1024 390 cientes,
1050 357 1174 385 viderunt
1198 357 1351 392 lampades,
1379 365 1438 393 quae
1464 361 1542 385 antea
1569 359 1705 387 extinctae

907 408 1000 437 erant,
1015 411 1134 439 congruo
1149 403 1259 439 fulgoris
1273 403 1374 431 lumine
1390 403 1571 439 resplendere.
1587 401 1709 432 Etett'mi

907 449 1095 485 cognovissent
1107 449 1266 477 miraculum
1279 449 1385 477 caelitus
1396 450 1488 478 emissi
1503 448 1708 483 luminis,'oobk-

908 496 1020 525 sternati
1034 500 1133 528 mente,
1149 496 1279 523 dederunt
1293 496 1406 531 gloriam
1424 496 1479 524 Deo
1493 500 1520 523 et
1540 496 1706 525 sanctO'Se-l

908 547 982 568 vero.
1004 540 1074 568 Puer
1095 544 1199 572 autem,
1214 547 1275 567 cum
1295 540 1322 566 in
1342 540 1430 567 medio
1444 540 1574 568 deductus
1587 538 1706 573 fuisset,"

908 586 991 621 εαξρῆ
1004 590 1090 613 mater
1104 585 1163 620 ejus
1176 585 1344 620 interrogare
1358 593 1430 618 cum,
1447 584 1549 618 dicens,
1567 585 1636 619 Quid
1650 585 1700 613 tibi

908 631 1037 667 contigit,
1056 630 1112 658 ﬁli?
1131 630 1165 657 At
1179 630 1222 657 ille
1238 638 1328 657 coram
1344 631 1467 658 omnibus
1484 631 1552 658 dixit
1567 639 1573 658 :
1588 628 1707 658 Vidilex’

909 678 960 705 hoc
983 676 1105 712 sepulcro
1128 676 1311 712 egredientem
1332 676 1464 711 quendam
1485 681 1623 713 gerontam
1643 676 1707 711 upir

909 722 1008 757 scopali
1028 723 1135 755 habitu,
1152 722 1230 749 niveo
1247 721 1343 756 capillo
1356 721 1527 754 decoratum,
1548 721 1706 757 angelicditt'

909 769 1053 796 habentem
1066 768 1169 795 vultum
1179 788 1186 800 ,
1199 767 1245 803 qui
1261 768 1348 803 tetigit
1360 775 1413 800 me,
1428 772 1455 795 et
1468 768 1571 803 expavi.
1588 766 1705 795 inlir'titi‘l

908 819 950 842 tas
968 821 1031 841 vero
1046 813 1090 841 illa
1106 813 1249 841 confestim
1264 813 1376 841 recessit
1390 821 1405 840 a
1420 821 1514 848 puero,
1529 817 1557 841 et
1574 807 1701 840 ammodb‘

910 858 1025 887 febrium
1049 859 1131 887 torris
1154 859 1290 887 extinctus
1314 863 1356 887 est
1378 859 1404 886 iu
1428 866 1468 886 co.
1494 858 1548 886 Sed
1571 853 1703 893 quorsum

910 904 1020 932 isthmc?
1042 904 1109 937 Quia
1131 904 1249 932 dubitari
1272 904 1364 938 nequit
1388 904 1451 939 quia
1472 904 1561 931 omnia
1585 903 1705 938 quae“!!!

910 948 1086 984 omnipotenti
1099 949 1154 976 Deo
1166 953 1258 984 petere
1268 948 1393 981 voluerit,
1407 949 1486 976 dubio
1497 948 1589 983 procul
1600 946 1702 983 absque"

909 1002 986 1022 mora
1008 994 1192 1029 consequitur.
1216 993 1279 1022 Haec
1300 994 1408 1022 interim
1423 993 1456 1022 de
1478 994 1561 1021 tanto‘
1574 991 1706 1022 Ecclesia

909 1040 1024 1076 prtesule
1040 1040 1110 1068 dicta
1124 1039 1258 1068 sufﬁciant
1271 1040 1404 1075 cujus.....
1423 1033 1554 1073 historim,
1571 1034 1706 1067 u't‘e't'é’dig

910 1093 981 1118 mus,
994 1085 1082 1113 nullus
1094 1085 1191 1113 sufﬁcit
1202 1085 1298 1121 stylus,
1309 1085 1415 1113 etiamsi
1429 1086 1538 1113 accedat
1550 1078 1704 1113 Tullia'ntlsl

910 1129 990 1162 Ecce,
1011 1130 1049 1157 uti
1067 1120 1250 1165 promisimus,
1267 1137 1397 1157 novorum
1415 1131 1558 1158 verborum
1577 1120 1703 1165 phalerae

910 1175 1081 1208 evitavimus,
1097 1183 1260 1210 quamquam
1272 1178 1298 1202 et
1310 1175 1360 1202 alia
1373 1179 1506 1209 quatenus
1519 1171 1704 1215 suppetentin

911 1220 933 1247 si
945 1228 998 1247 non
1011 1220 1097 1255 magis
1110 1220 1248 1247 intendere
1261 1220 1408 1255 placuisset
1418 1220 1611 1248 benevolentia:
1621 1222 1703 1256 quam

907 1264 1054 1300 jactantize.
1076 1264 1183 1292 Parvuli
1203 1265 1300 1300 quippe
1316 1265 1434 1300 parvulis
1453 1265 1619 1301 scripsimus,
1632 1266 1702 1302 regii

910 1319 970 1338 mus
985 1311 1056 1338 enim
1072 1311 1133 1346 quia
1149 1318 1262 1345 parvum
1280 1318 1362 1346 parva
1376 1311 1481 1339 decent.
1505 1305 1703 1339 Cmterum‘ddl

910 1360 954 1384 cet
970 1363 1018 1383 nos
1038 1355 1183 1391 Apostolus
1203 1364 1258 1384 non
1281 1356 1334 1384 alta
1356 1364 1465 1392 sapere,
1490 1357 1535 1385 sed
1558 1357 1702 1386 humilibus

911 1402 1064 1430 consentire
1079 1402 1192 1435 debere;
1207 1406 1234 1429 et
1248 1406 1322 1430 certe
1336 1402 1377 1429 lex
1391 1402 1516 1436 prohibet
1531 1410 1565 1430 ne
1578 1404 1702 1437 quis‘w

910 1454 968 1474 ram
979 1455 1051 1475 cmco
1061 1446 1251 1475 olfendiculum
1262 1451 1355 1482 ponat.
1369 1447 1426 1475 Non
1438 1451 1479 1475 est
1488 1447 1580 1482 utique
1588 1448 1702 1483 regium

65 1488 307 1523 marmore-jussit.
324 1489 362 1515 lbi
377 1489 474 1524 quippe
489 1488 642 1523 aliquandiu
656 1495 748 1521 orans,
761 1487 862 1522 pretio-
911 1492 959 1519 Dei
982 1493 1009 1519 in
1030 1499 1164 1524 sermone,
1180 1492 1228 1519 sed
1245 1492 1271 1519 in
1285 1492 1394 1519 virtute.
1412 1491 1463 1519 Sed
1477 1492 1539 1526 quia
1552 1491 1607 1525 jam
1621 1489 1702 1518 Mn“

66 1545 129 1564 sam
145 1538 199 1571 Deo
213 1537 329 1564 animam
345 1541 425 1572 atque
446 1537 473 1564 in
490 1536 616 1564 Ecclesia:
635 1535 698 1563 nido
713 1536 860 1570 perlectam
911 1537 1031 1565 Favonio
1045 1537 1164 1564 historiae
1178 1541 1302 1572 stagnum
1317 1536 1399 1564 salvis
1412 1537 1545 1564 mercibus
1556 1531 1706 1571 utemini“!

67 1581 148 1609 laetus
163 1581 289 1615 reddidit,
300 1583 392 1617 sicque
404 1582 509 1609 sarcina
522 1581 612 1609 carnis
625 1584 731 1613 exutus,
742 1579 860 1607 cwlestis
874 1573 896 1603 (ἶ
912 1582 1090 1615 enatavimus,
1106 1581 1172 1609 libet
1185 1581 1321 1616 paulisper
1343 1580 1441 1608 intueri
1462 1580 1483 1607 si
1498 1588 1550 1615 qua
1567 1580 1593 1607 in
1605 1575 1702 1610 etiam

67 1627 148 1661 regni
172 1626 331 1662 Capitolium
352 1631 393 1654 cst
413 1627 546 1662 indeptus.
569 1626 627 1654 Tali
647 1633 761 1660 namque
780 1625 860 1653 modo

68 1671 97 1698 in
109 1679 175 1705 pace
189 1671 314 1699 Ecclesia:
326 1672 468 1700 defunctus
481 1677 522 1700 cst
533 1672 627 1707 plenus
639 1671 742 1699 dierum
758 1671 807 1699 sub
818 1671 861 1699 die

69 1718 253 1746 Kalendarum
267 1719 486 1747 Februariarum.
502 1720 541 1747 Ex
555 1727 587 1747 eo
603 1724 722 1754 tempore
736 1727 821 1754 usque
833 1719 860 1746 in

68 1764 274 1797 prmsentiarum
294 1765 355 1800 pius
372 1773 404 1793 ac
427 1765 582 1793 misericors
600 1765 723 1793 Christus
746 1765 860 1792 Redem-

68 1814 134 1844 ptor
146 1816 237 1838 noster
249 1811 281 1838 ad
297 1812 462 1839 ostendenda
476 1812 640 1839 confessoris
658 1812 699 1839 sui
713 1811 860 1846 singularia

69 1856 179 1889 merita,
198 1857 266 1891 apud
286 1858 416 1885 tumulum
435 1858 493 1893 ejus
512 1859 651 1886 innumera
668 1862 748 1893 atque
767 1858 861 1885 huma-

71 1909 137 1928 num
149 1903 255 1930 modum
271 1904 426 1931 excedentia
439 1909 566 1939 operatur
578 1904 719 1937 miracula,
730 1904 774 1931 ubi
789 1911 860 1931 nunc

71 1948 187 1975 habetur
203 1948 229 1976 in
248 1950 305 1984 ejus
323 1950 452 1978 honorem
470 1951 595 1983 basilica,
616 1958 769 1978 marmoreo
783 1950 860 1977 tabu-

71 1992 128 2020 latu
143 1993 267 2022 decenter
281 2000 376 2022 ornata
392 1995 417 2023 in
432 1995 542 2023 civitate
556 2004 615 2030 qua:
628 1995 727 2023 dudum
742 1995 859 2022 vocaba-

72 2043 118 2066 tur
132 2038 238 2074 Classis,
251 2041 321 2068 haud
337 2042 414 2077 longe
428 2050 443 2069 a
457 2042 574 2077 regione,
594 2049 653 2076 qua:
668 2041 766 2069 dicitur
780 2040 858 2068 Salu-

72 2085 151 2117 laris,
166 2093 248 2120 usque
264 2087 290 2113 in
304 2095 431 2121 prmscns.
447 2087 485 2114 De
505 2086 652 2114 innumeris
670 2090 760 2113 autem
775 2086 858 2113 bene~

72 2129 194 2157 liciorum
213 2131 296 2167 signis
313 2140 373 2167 qua:
392 2132 463 2160 Deus
477 2133 646 2168 omnipotens
664 2141 714 2167 per
731 2133 859 2160 dilectum

70 2185 151 2204 suum
170 2177 277 2205 beatum
293 2178 421 2206 Severum
434 2187 496 2214 erga
520 2180 642 2207 inﬁrmos
660 2178 801 2215 propalare
817 2178 858 2207 di-

911 1627 1024 1655 historia
1048 1628 1126 1663 quasi
1149 1628 1175 1654 in
1200 1627 1302 1655 concha
1327 1626 1410 1654 lateat
1430 1620 1547 1661 preti0sa
1569 1624 1701 1662 allegavit).

911 1673 1069 1708 margarita.
1096 1672 1139 1700 An
1163 1672 1313 1707 putandum
1338 1676 1381 1700 est
1403 1669 1553 1699 columbam
1575 1669 1702 1702 facild'et

911 1720 1014 1754 absque
1027 1727 1123 1755 magna
1142 1719 1303 1747 auctoritate
1316 1718 1349 1746 de
1361 1725 1460 1753 supero
1472 1718 1582 1746 cardine
1595 1718 1703 1745 nuntur-

911 1774 968 1792 ram
982 1773 1067 1800 usque
1081 1765 1236 1799 delapsam?
1253 1764 1310 1792 Non
1326 1764 1426 1798 utique.
1448 1764 1584 1798 Nusquam
1596 1762 1703 1799 ’1111111111-

910 1810 1040 1837 columbm
1054 1810 1194 1841 adventus,
1208 1809 1261 1836 nisi
1273 1810 1307 1836 ob
1322 1808 1540 1836 testiﬁcationem
1548 1802 1703 1843 βταωηαω

911 1855 996 1882 sancti
1011 1854 1137 1890 Spiritus.
1160 1854 1254 1881 Nullus
1268 1853 1365 1888 quippe
1386 1849 1703 1887 hmrctielh'wllnqttildt‘

910 1900 985 1928 locus
1006 1899 1216 1935 objurgationis,
1234 1906 1293 1933 qua:
1308 1902 1431 1926 sanctum
1448 1894 1702 1925 Dotiiini‘Sccdm'tn

911 1946 943 1973 ad
957 1945 1084 1973 Ecclesiae
1104 1944 1220 1972 dedecus
1241 1948 1338 1979 putant
1357 1951 1417 1971 esse
1432 1941 1699 1978 conjugiovltgnmiu,

910 1992 1009 2026 quique
1023 1999 1077 2018 sua:
1092 1990 1255 2018 czenositatis
1270 1989 1381 2017 faecibus
1394 1988 1522 2021 obvoluti,
1535 1985 1701 2023 ignariwa

909 2036 1071 2064 omnimodis
1085 2036 1178 2071 gratiae
1199 2035 1229 2063 S.
1246 2035 1372 2070 Spiritus.
1389 2034 1418 2062 Si
1432 2035 1493 2070 quis
1509 2032 1701 2070 igiturzmottb

910 2087 1016 2118 gustum
1039 2090 1175 2117 nunquam
1200 2081 1334 2118 probavit,
1355 2074 1430 2117 cujus
1454 2081 1698 2117 saporismlumm

910 2134 951 2157 est
966 2129 1064 2157 mirum
1092 2128 1115 2156 si
1129 2129 1233 2161 nescit;
1258 2132 1285 2155 at
1299 2132 1393 2156 contra
1419 2127 1464 2163 qui
1492 2123 1700 2156 selo'ﬂbsinthio

910 2177 1016 2204 ceteris
1035 2175 1166 2209 neglectis
1179 2174 1271 2202 herbis
1284 2174 1357 2202 omni
1372 2171 1637 2209 >teuiporei‘ntut1mf,
1645 2169 1700 2200 Hitls

71 2224 168 2256 gnatus
186 2226 243 2254 est,
268 2230 367 2255 unum,
389 2224 459 2257 quod
484 2224 584 2251 nostris
608 2223 710 2251 solibus
732 2223 857 2256 emicuit,
873 2241 898 2271 Β
911 2221 1038 2248 nimirum
1053 2219 1130 2247 dulce
1156 2227 1278 2247 amarum
1290 2219 1408 2251 videtur,
1420 2222 1449 2246 et
1472 2219 1584 2246 emeras
1601 2216 1701 2246 imbus

72 2266 144 2293 ﬁdeli
156 2268 278 2294 cautione
289 2268 480 2303 depromimus,
492 2273 623 2303 quatenus
635 2276 684 2303 per
697 2269 749 2296 hoc
761 2273 858 2297 ctetera

21 2314 28 2322 ‘
72 2312 300 2345 commendentur,
315 2321 374 2347 qua:
387 2317 486 2340 nostra:
500 2313 639 2348 pusillitati
654 2314 744 2348 ignota
758 2313 859 2341 haben-

71 2362 128 2383 tur.
143 2356 233 2384 Mulier
242 2358 365 2392 qmcdam
380 2357 530 2389 Ravennas,
547 2358 623 2393 cujus
634 2366 683 2385 nos
697 2358 857 2386 vocabulum

72 2400 154 2435 fugit,
175 2402 314 2436 parvulum
335 2402 438 2430 habens
461 2402 543 2429 ﬁlium
565 2402 721 2437 quotidiano
742 2402 857 2431 febrium

72 2449 137 2482 typo
155 2446 213 2481 plus
233 2455 309 2482 teque
330 2447 514 2480 laborantem,
531 2455 610 2483 quem
629 2447 748 2476 decrevit
767 2449 801 2476 ob
816 2448 857 2475 ni-

71 2492 209 2519 mietatem
221 2493 340 2520 continui
352 2493 461 2525 doloris,
474 2493 553 2520 cilius
563 2493 754 2528 recuperandtc
765 2493 859 2521 salutis

70 2537 157 2573 gratia
175 2535 230 2565 Deo
245 2538 410 2566 offerendum
425 2539 493 2574 apud
507 2538 659 2574 sepulcrum
675 2538 747 2566 beati
765 2538 858 2567 Severi

71 2583 262 2618 archiepiscopi
275 2588 302 2611 ct
315 2583 486 2612 confessoris.
502 2584 560 2617 Quo
574 2583 637 2611 dum
651 2583 798 2611 amicorum
812 2585 858 2612 ad-

71 2627 199 2655 miniculo
218 2629 344 2656 comitata
363 2630 530 2665 pervenisset
546 2637 607 2657 cum
623 2629 686 2661 ﬁlio,
705 2633 858 2664 prostravc~

73 2677 115 2700 rat
129 2680 155 2700 se
169 2673 324 2709 suppliciter
338 2674 403 2707 Deo,
420 2679 566 2709 sanctoque
579 2682 628 2702 suo
646 2673 755 2706 Severo,
772 2678 855 2702 atten-

71 2718 128 2745 tius
143 2725 189 2752 pro
210 2719 295 2746 salute
315 2720 418 2754 parvuli
439 2724 558 2747 orantes.
580 2713 700 2754 Cumque
721 2725 768 2754 spe
785 2720 855 2748 bona

73 2760 175 2791 incitati
190 2768 348 2799 pernoctare
367 2766 392 2792 in
412 2766 523 2793 ecclesia
542 2765 855 2802 (lelibcrarcntg'partim

72 2808 225 2845 prolixitate
241 2810 339 2842 noctis,
358 2811 455 2844 partim
475 2810 626 2838 constantia
641 2806 788 2845 ’o’rdti‘dnis,‘
799 2819 855 2840 mn-

72 2862 124 2883 ucs
142 2853 296 2884 lassitudine
314 2856 377 2884 victi
396 2851 606 2886 obdormie'runt.
622 2854 788 2893 intempesta
809 2853 856 2886 tu-

96 2894 128 2899 "
205 2896 206 2899 ‘
373 2895 394 2907 ο·
464 2895 466 2902 λ
511 2899 523 2904 ιι
544 2895 572 2909 in
654 2892 681 2910 :1'
709 2892 722 2909 ιῖ
768 2894 769 2897 ‘
828 2907 830 2910 .

912 2266 1033 2301 ejusdem
1052 2270 1148 2302 putant
1172 2273 1231 2293 esse
1245 2265 1442 2298 amaritudinis,
1456 2260 1568 2301 propter
1584 2261 1698 2299 ampo-

912 2312 1037 2340 rientiam
1053 2311 1171 2346 ejusdem
1185 2312 1298 2346 saporis.
1326 2312 1364 2339 De
1382 2312 1480 2338 talibus
1494 2308 1608 2345 namque
1632 2311 1698 2337 scri—

911 2363 985 2394 ptum
999 2361 1057 2385 est:
1078 2356 1123 2384 Va:
1138 2358 1178 2384 his
1194 2357 1239 2392 qui
1257 2356 1346 2384 dicunt
1367 2357 1459 2384 bvmtnt
1481 2356 1577 2382 nmium
1601 2360 1624 2382 cI
1641 2360 1698 2382 mrt-

910 2403 965 2430 lnm
977 2404 1083 2431 bonum.
1096 2395 1126 2430 Si
1141 2403 1184 2430 cui
1196 2404 1260 2438 ergo
1278 2403 1382 2430 malum
1395 2402 1494 2437 aliquid
1508 2409 1566 2429 esse
1582 2402 1696 2433 videtur,

911 2448 968 2483 ipse
980 2448 1030 2476 sibi
1044 2448 1120 2476 testis
1135 2453 1185 2480 est,
1198 2449 1260 2484 quia
1272 2448 1358 2476 malus
1371 2453 1422 2479 est,
1441 2452 1467 2475 et
1482 2449 1551 2482 quod
1568 2448 1625 2481 ipse
1633 2447 1697 2474 etle-

910 2498 969 2521 ctus
985 2498 1027 2522 est
1050 2502 1099 2529 per
1122 2494 1293 2529 privantiam,
1309 2496 1402 2521 amnes
1428 2492 1610 2519 indifferenter
1623 2496 1699 2527 pum

910 2539 1010 2566 habere
1027 2546 1076 2575 per
1089 2542 1235 2571 naturam;
1252 2539 1308 2574 qul'
1319 2542 1409 2566 autem
1425 2538 1514 2565 omnia
1539 2537 1698 2571 simpliciter

908 2584 1037 2618 intuetur,
1049 2588 1076 2612 'et
1089 2584 1257 2620 incorruptis
1272 2584 1357 2612 Oculis
1366 2585 1475 2611 omnem
1487 2587 1636 2610 creaturam
1650 2582 1695 2609 Dei

907 2628 1004 2657 bonam
1019 2635 1079 2657 esse
1092 2628 1189 2662 credit,
1210 2630 1271 2664 ipse
1283 2630 1344 2657 Isihi
1368 2629 1443 2656 testis
1463 2633 1504 2656 est
1523 2629 1587 2663 quia
1612 2630 1696 2656 bonus

907 2679 958 2703 est.
974 2676 1064 2703 Bonus
1082 2675 1279 2711 ergo-gaudeat
1293 2673 1322 2703 s'e
1337 2676 1357 2702 af
1377 2675 1431 2701 Det)
1452 2679 1583 2707 creatum,
1609 2674 1696 2702 malus

894 2716 972 2749 ‘vc‘ro
992 2722 1059 2749 sciat
1073 2728 1103 2749 se
1125 2722 1185 2749 sine
1199 2721 1420 2753 'Crea'wre'fesse,
1443 2725 1470 2747 ct
1495 2720 1530 2747 ob
1547 2722 1597 2748 hoc
1617 2720 1694 2747 nihil.

908 2765 979 2794 Nihil
1003 2766 1084 2799 eriim,
1108 2764 1221 2801 excepto
1238 2762 1445 2799 ‘UOrrilno,'-“non
1467 2769 1586 2794 ereatum
1597 2771 1648 2793 est.
1665 2765 1695 2793 Si

907 2810 1399 2852 er‘go'v'malus‘aliquid“essett“quid,
1427 2820 1501 2846 rogo,
1518 2811 1570 2839 nisi
1595 2812 1694 2839 bonum
1742 2832 1743 2835 η

901 2856 1000 2887 esset?
1014 2852 1499 2894 Et'riW'Détidﬂiit‘qlti‘t'Seriptum,
1523 2864 1616 2885 t‘tlttt‘fn
1637 2866 1695 2893 qua:
