  <div class='ocr_page' id='page_1' title='image "/cluster/home/n/w/nwhite01/storage/ocr_20150623/106/hvd.32044015565179/379.png"; bbox 0 0 3870 6456; ppageno 0'>
   <div class='ocr_carea' id='block_1_1' title="bbox 435 368 537 431">
    <p class='ocr_par' dir='ltr' id='par_1_1' title="bbox 435 368 537 431">
     <span class='ocr_line' id='line_1_1' title="bbox 435 368 537 431; baseline 0.039 -6"><span class='ocrx_word' id='word_1_1' title='bbox 435 368 537 431; x_wconf 70' lang='grc'><strong>759</strong></span> 
     </span>
    </p>
   </div>
   <div class='ocr_carea' id='block_1_2' title="bbox 1425 348 2743 418">
    <p class='ocr_par' dir='ltr' id='par_1_2' title="bbox 1425 348 2743 418">
     <span class='ocr_line' id='line_1_2' title="bbox 1425 348 2743 418; baseline -0.01 0"><span class='ocrx_word' id='word_1_2' title='bbox 1425 364 1517 418; x_wconf 81' lang='lat' dir='ltr'><strong>AD</strong></span> <span class='ocrx_word' id='word_1_3' title='bbox 1555 359 1853 417; x_wconf 76' lang='lat' dir='ltr'><strong>AGNELLI</strong></span> <span class='ocrx_word' id='word_1_4' title='bbox 1889 353 2341 415; x_wconf 81' lang='lat' dir='ltr'><strong>PONTIFICALE</strong></span> <span class='ocrx_word' id='word_1_5' title='bbox 2377 348 2743 407; x_wconf 76' lang='lat' dir='ltr'><strong>APPENDIX.</strong></span> 
     </span>
    </p>
   </div>
   <div class='ocr_carea' id='block_1_3' title="bbox 3610 344 3701 400">
    <p class='ocr_par' dir='ltr' id='par_1_3' title="bbox 3610 344 3701 400">
     <span class='ocr_line' id='line_1_3' title="bbox 3610 344 3701 400; baseline 0.011 -1"><span class='ocrx_word' id='word_1_6' title='bbox 3610 344 3701 400; x_wconf 62' lang='lat'><strong>793</strong></span> 
     </span>
    </p>
   </div>
   <div class='ocr_carea' id='block_1_4' title="bbox 434 458 3707 560">
    <p class='ocr_par' dir='ltr' id='par_1_4' title="bbox 434 458 3707 560">
     <span class='ocr_line' id='line_1_4' title="bbox 434 458 3707 560; baseline -0.011 -12"><span class='ocrx_word' id='word_1_7' title='bbox 434 491 579 560; x_wconf 77' lang='lat' dir='ltr'><strong>fecit,</strong></span> <span class='ocrx_word' id='word_1_8' title='bbox 607 496 652 542; x_wconf 83' lang='lat' dir='ltr'><strong>et</strong></span> <span class='ocrx_word' id='word_1_9' title='bbox 680 492 826 540; x_wconf 81' lang='lat' dir='ltr'><strong>erant</strong></span> <span class='ocrx_word' id='word_1_10' title='bbox 853 498 959 541; x_wconf 90' lang='lat' dir='ltr'><strong>non</strong></span> <span class='ocrx_word' id='word_1_11' title='bbox 984 481 1158 538; x_wconf 90' lang='lat' dir='ltr'><strong>solum</strong></span> <span class='ocrx_word' id='word_1_12' title='bbox 1186 480 1352 543; x_wconf 85' lang='lat' dir='ltr'><strong>bona,</strong></span> <span class='ocrx_word' id='word_1_13' title='bbox 1381 476 1476 533; x_wconf 89' lang='lat' dir='ltr'><strong>sed</strong></span> <span class='ocrx_word' id='word_1_14' title='bbox 1496 476 1659 532; x_wconf 89' lang='lat' dir='ltr'><strong>etiam</strong></span> <span class='ocrx_word' id='word_1_15' title='bbox 1688 475 1838 530; x_wconf 85' lang='lat' dir='ltr'><strong>valde</strong></span> <span class='ocrx_word' id='word_1_16' title='bbox 1856 475 2009 530; x_wconf 82' lang='lat' dir='ltr'><strong>bona.</strong></span> <span class='ocrx_word' id='word_1_17' title='bbox 2039 481 2093 539; x_wconf 80' lang='grc' dir='ltr'><strong>Α</strong></span> <span class='ocrx_word' id='word_1_18' title='bbox 2117 471 2285 544; x_wconf 88' lang='lat' dir='ltr'><strong>gistro</strong></span> <span class='ocrx_word' id='word_1_19' title='bbox 2305 469 2465 525; x_wconf 90' lang='lat' dir='ltr'><strong>Petro</strong></span> <span class='ocrx_word' id='word_1_20' title='bbox 2489 466 2807 537; x_wconf 91' lang='lat' dir='ltr'><strong>simpliciter</strong></span> <span class='ocrx_word' id='word_1_21' title='bbox 2834 461 3218 528; x_wconf 77' lang='lat' dir='ltr'><strong>circumduxit,</strong></span> <span class='ocrx_word' id='word_1_22' title='bbox 3248 460 3425 515; x_wconf 86' lang='lat' dir='ltr'><strong>ﬁliam</strong></span> <span class='ocrx_word' id='word_1_23' title='bbox 3453 458 3707 530; x_wconf 70' lang='lat' dir='ltr'><strong>virginea</strong></span> 
     </span>
    </p>
   </div>
   <div class='ocr_carea' id='block_1_5' title="bbox 434 566 2018 641">
    <p class='ocr_par' dir='ltr' id='par_1_5' title="bbox 434 566 2018 641">
     <span class='ocr_line' id='line_1_5' title="bbox 434 566 2018 641; baseline -0.013 -3"><span class='ocrx_word' id='word_1_24' title='bbox 434 581 576 638; x_wconf 85' lang='lat' dir='ltr'><strong>llinc</strong></span> <span class='ocrx_word' id='word_1_25' title='bbox 604 577 829 634; x_wconf 87' lang='lat' dir='ltr'><strong>deﬁnire</strong></span> <span class='ocrx_word' id='word_1_26' title='bbox 857 575 983 629; x_wconf 90' lang='lat' dir='ltr'><strong>licet</strong></span> <span class='ocrx_word' id='word_1_27' title='bbox 1010 588 1074 628; x_wconf 89' lang='lat' dir='ltr'><strong>ea</strong></span> <span class='ocrx_word' id='word_1_28' title='bbox 1118 586 1237 641; x_wconf 64' lang='lat' dir='ltr'><strong>quae</strong></span> <span class='ocrx_word' id='word_1_29' title='bbox 1287 576 1434 635; x_wconf 89' lang='lat' dir='ltr'><strong>sunt,</strong></span> <span class='ocrx_word' id='word_1_30' title='bbox 1486 566 1629 621; x_wconf 91' lang='lat' dir='ltr'><strong>bona</strong></span> <span class='ocrx_word' id='word_1_31' title='bbox 1654 580 1795 630; x_wconf 86' lang='lat' dir='ltr'><strong>esse,</strong></span> <span class='ocrx_word' id='word_1_32' title='bbox 1843 577 2018 634; x_wconf 88' lang='lat' dir='ltr'><strong>neque</strong></span> 
     </span>
    </p>
   </div>
   <div class='ocr_carea' id='block_1_6' title="bbox 410 655 2016 729">
    <p class='ocr_par' dir='ltr' id='par_1_6' title="bbox 410 655 2016 729">
     <span class='ocr_line' id='line_1_6' title="bbox 410 655 2016 729; baseline -0.013 0"><span class='ocrx_word' id='word_1_33' title='bbox 410 666 657 729; x_wconf 54' lang='lat' dir='ltr'><strong>&#39;mnnino</strong></span> <span class='ocrx_word' id='word_1_34' title='bbox 686 682 806 723; x_wconf 85' lang='lat' dir='ltr'><strong>esse</strong></span> <span class='ocrx_word' id='word_1_35' title='bbox 843 665 890 721; x_wconf 89' lang='lat' dir='ltr'><strong>si</strong></span> <span class='ocrx_word' id='word_1_36' title='bbox 931 664 1071 720; x_wconf 89' lang='lat' dir='ltr'><strong>bona</strong></span> <span class='ocrx_word' id='word_1_37' title='bbox 1118 677 1225 716; x_wconf 92' lang='lat' dir='ltr'><strong>non</strong></span> <span class='ocrx_word' id='word_1_38' title='bbox 1263 665 1408 714; x_wconf 92' lang='lat' dir='ltr'><strong>sunt.</strong></span> <span class='ocrx_word' id='word_1_39' title='bbox 1449 656 1639 712; x_wconf 92' lang='lat' dir='ltr'><strong>Omnia</strong></span> <span class='ocrx_word' id='word_1_40' title='bbox 1668 656 1832 727; x_wconf 90' lang='lat' dir='ltr'><strong>igitur</strong></span> <span class='ocrx_word' id='word_1_41' title='bbox 1854 655 2016 721; x_wconf 90' lang='lat' dir='ltr'><strong>bona,</strong></span> 
     </span>
    </p>
   </div>
   <div class='ocr_carea' id='block_1_7' title="bbox 433 743 2019 826">
    <p class='ocr_par' dir='ltr' id='par_1_7' title="bbox 433 743 2019 826">
     <span class='ocr_line' id='line_1_7' title="bbox 433 743 2019 826; baseline -0.013 -8"><span class='ocrx_word' id='word_1_42' title='bbox 433 778 543 820; x_wconf 85' lang='lat' dir='ltr'><strong>non</strong></span> <span class='ocrx_word' id='word_1_43' title='bbox 574 760 736 815; x_wconf 89' lang='lat' dir='ltr'><strong>etiam</strong></span> <span class='ocrx_word' id='word_1_44' title='bbox 773 754 941 826; x_wconf 91' lang='lat' dir='ltr'><strong>justa.</strong></span> <span class='ocrx_word' id='word_1_45' title='bbox 969 754 1167 808; x_wconf 80' lang='lat' dir='ltr'><strong>Beatus</strong></span> <span class='ocrx_word' id='word_1_46' title='bbox 1207 753 1388 820; x_wconf 89' lang='lat' dir='ltr'><strong>itaque</strong></span> <span class='ocrx_word' id='word_1_47' title='bbox 1439 746 1673 803; x_wconf 81' lang='lat' dir='ltr'><strong>Severus</strong></span> <span class='ocrx_word' id='word_1_48' title='bbox 1700 743 2019 803; x_wconf 90' lang='lat' dir='ltr'><strong>columbinis</strong></span> 
     </span>
    </p>
   </div>
   <div class='ocr_carea' id='block_1_8' title="bbox 434 833 2020 917">
    <p class='ocr_par' dir='ltr' id='par_1_8' title="bbox 434 833 2020 917">
     <span class='ocr_line' id='line_1_8' title="bbox 434 833 2020 917; baseline -0.013 -9"><span class='ocrx_word' id='word_1_49' title='bbox 434 851 609 909; x_wconf 88' lang='lat' dir='ltr'><strong>oculis</strong></span> <span class='ocrx_word' id='word_1_50' title='bbox 629 848 809 905; x_wconf 79' lang='lat' dir='ltr'><strong>onnia</strong></span> <span class='ocrx_word' id='word_1_51' title='bbox 832 859 997 917; x_wconf 84' lang='lat' dir='ltr'><strong>opera</strong></span> <span class='ocrx_word' id='word_1_52' title='bbox 1018 841 1228 897; x_wconf 86' lang='lat' dir='ltr'><strong>Domini</strong></span> <span class='ocrx_word' id='word_1_53' title='bbox 1253 838 1509 911; x_wconf 73' lang='lat' dir='ltr'><strong>inspexit,</strong></span> <span class='ocrx_word' id='word_1_54' title='bbox 1531 836 1841 908; x_wconf 77' lang='lat' dir='ltr'><strong>conjugium</strong></span> <span class='ocrx_word' id='word_1_55' title='bbox 1862 833 2020 888; x_wconf 89' lang='lat' dir='ltr'><strong>valde</strong></span> 
     </span>
    </p>
   </div>
   <div class='ocr_carea' id='block_1_9' title="bbox 433 926 2021 1007">
    <p class='ocr_par' dir='ltr' id='par_1_9' title="bbox 433 926 2021 1007">
     <span class='ocr_line' id='line_1_9' title="bbox 433 926 2021 1007; baseline -0.013 -8"><span class='ocrx_word' id='word_1_56' title='bbox 433 960 553 999; x_wconf 85' lang='lat' dir='ltr'><strong>csse</strong></span> <span class='ocrx_word' id='word_1_57' title='bbox 577 943 797 1003; x_wconf 85' lang='lat' dir='ltr'><strong>bonum,</strong></span> <span class='ocrx_word' id='word_1_58' title='bbox 828 936 870 992; x_wconf 92' lang='lat' dir='ltr'><strong>si</strong></span> <span class='ocrx_word' id='word_1_59' title='bbox 896 935 1017 1007; x_wconf 92' lang='lat' dir='ltr'><strong>quis</strong></span> <span class='ocrx_word' id='word_1_60' title='bbox 1036 949 1100 990; x_wconf 92' lang='lat' dir='ltr'><strong>eo</strong></span> <span class='ocrx_word' id='word_1_61' title='bbox 1123 932 1360 1006; x_wconf 87' lang='lat' dir='ltr'><strong>legitime</strong></span> <span class='ocrx_word' id='word_1_62' title='bbox 1386 939 1586 995; x_wconf 87' lang='lat' dir='ltr'><strong>utatur,</strong></span> <span class='ocrx_word' id='word_1_63' title='bbox 1608 929 1734 999; x_wconf 88' lang='lat' dir='ltr'><strong>quia</strong></span> <span class='ocrx_word' id='word_1_64' title='bbox 1755 927 1798 982; x_wconf 90' lang='lat' dir='ltr'><strong>si</strong></span> <span class='ocrx_word' id='word_1_65' title='bbox 1819 926 2021 980; x_wconf 89' lang='lat' dir='ltr'><strong>bonum</strong></span> 
     </span>
    </p>
   </div>
   <div class='ocr_carea' id='block_1_10' title="bbox 434 1012 2021 1096">
    <p class='ocr_par' dir='ltr' id='par_1_10' title="bbox 434 1012 2021 1096">
     <span class='ocr_line' id='line_1_10' title="bbox 434 1012 2021 1096; baseline -0.013 -8"><span class='ocrx_word' id='word_1_66' title='bbox 434 1048 541 1088; x_wconf 87' lang='lat' dir='ltr'><strong>non</strong></span> <span class='ocrx_word' id='word_1_67' title='bbox 570 1037 735 1093; x_wconf 88' lang='lat' dir='ltr'><strong>esset,</strong></span> <span class='ocrx_word' id='word_1_68' title='bbox 784 1038 1125 1096; x_wconf 77' lang='lat' dir='ltr'><strong>nequaquam</strong></span> <span class='ocrx_word' id='word_1_69' title='bbox 1168 1021 1364 1077; x_wconf 85' lang='lat' dir='ltr'><strong>mulier</strong></span> <span class='ocrx_word' id='word_1_70' title='bbox 1400 1018 1733 1093; x_wconf 87' lang='lat' dir='ltr'><strong>protoplasto</strong></span> <span class='ocrx_word' id='word_1_71' title='bbox 1781 1016 1836 1071; x_wconf 92' lang='lat' dir='ltr'><strong>in</strong></span> <span class='ocrx_word' id='word_1_72' title='bbox 1868 1012 2021 1083; x_wconf 87' lang='lat' dir='ltr'><strong>adju-</strong></span> 
     </span>
    </p>
   </div>
   <div class='ocr_carea' id='block_1_11' title="bbox 433 1106 2022 1183">
    <p class='ocr_par' dir='ltr' id='par_1_11' title="bbox 433 1106 2022 1183">
     <span class='ocr_line' id='line_1_11' title="bbox 433 1106 2022 1183; baseline -0.009 -7"><span class='ocrx_word' id='word_1_73' title='bbox 433 1122 634 1178; x_wconf 90' lang='lat' dir='ltr'><strong>torium</strong></span> <span class='ocrx_word' id='word_1_74' title='bbox 657 1124 839 1174; x_wconf 88' lang='lat' dir='ltr'><strong>creata</strong></span> <span class='ocrx_word' id='word_1_75' title='bbox 868 1115 1034 1171; x_wconf 90' lang='lat' dir='ltr'><strong>etiam</strong></span> <span class='ocrx_word' id='word_1_76' title='bbox 1060 1113 1335 1183; x_wconf 87' lang='lat' dir='ltr'><strong>etiamque</strong></span> <span class='ocrx_word' id='word_1_77' title='bbox 1366 1110 1577 1166; x_wconf 83' lang='lat' dir='ltr'><strong>fuisset.</strong></span> <span class='ocrx_word' id='word_1_78' title='bbox 1606 1107 1802 1164; x_wconf 89' lang='lat' dir='ltr'><strong>Oculos</strong></span> <span class='ocrx_word' id='word_1_79' title='bbox 1824 1106 2022 1177; x_wconf 84' lang='lat' dir='ltr'><strong>quippe</strong></span> 
     </span>
    </p>
   </div>
   <div class='ocr_carea' id='block_1_12' title="bbox 432 1196 2023 1274">
    <p class='ocr_par' dir='ltr' id='par_1_12' title="bbox 432 1196 2023 1274">
     <span class='ocr_line' id='line_1_12' title="bbox 432 1196 2023 1274; baseline -0.01 -8"><span class='ocrx_word' id='word_1_80' title='bbox 432 1211 696 1268; x_wconf 82' lang='lat' dir='ltr'><strong>columth</strong></span> <span class='ocrx_word' id='word_1_81' title='bbox 717 1208 908 1264; x_wconf 87' lang='lat' dir='ltr'><strong>habuit</strong></span> <span class='ocrx_word' id='word_1_82' title='bbox 935 1206 1080 1262; x_wconf 91' lang='lat' dir='ltr'><strong>ﬁlius</strong></span> <span class='ocrx_word' id='word_1_83' title='bbox 1108 1203 1389 1268; x_wconf 66' lang='lat' dir='ltr'><strong>columba},</strong></span> <span class='ocrx_word' id='word_1_84' title='bbox 1422 1217 1519 1274; x_wconf 86' lang='lat' dir='ltr'><strong>per</strong></span> <span class='ocrx_word' id='word_1_85' title='bbox 1557 1215 1718 1273; x_wconf 89' lang='lat' dir='ltr'><strong>quam</strong></span> <span class='ocrx_word' id='word_1_86' title='bbox 1749 1196 2023 1269; x_wconf 87' lang='lat' dir='ltr'><strong>signiﬁca-</strong></span> 
     </span>
    </p>
   </div>
   <div class='ocr_carea' id='block_1_13' title="bbox 431 1288 2024 1375">
    <p class='ocr_par' dir='ltr' id='par_1_13' title="bbox 431 1288 2024 1375">
     <span class='ocr_line' id='line_1_13' title="bbox 431 1288 2024 1375; baseline -0.009 -16"><span class='ocrx_word' id='word_1_87' title='bbox 431 1314 522 1360; x_wconf 91' lang='lat' dir='ltr'><strong>tur</strong></span> <span class='ocrx_word' id='word_1_88' title='bbox 548 1303 785 1375; x_wconf 87' lang='lat' dir='ltr'><strong>Spiritus</strong></span> <span class='ocrx_word' id='word_1_89' title='bbox 809 1309 1029 1358; x_wconf 90' lang='lat' dir='ltr'><strong>sanctus</strong></span> <span class='ocrx_word' id='word_1_90' title='bbox 1055 1315 1069 1365; x_wconf 94' lang='lat'><strong>;</strong></span> <span class='ocrx_word' id='word_1_91' title='bbox 1110 1313 1216 1353; x_wconf 89' lang='lat' dir='ltr'><strong>non</strong></span> <span class='ocrx_word' id='word_1_92' title='bbox 1248 1297 1391 1368; x_wconf 88' lang='lat' dir='ltr'><strong>quod</strong></span> <span class='ocrx_word' id='word_1_93' title='bbox 1420 1293 1613 1363; x_wconf 84' lang='lat' dir='ltr'><strong>aliquis</strong></span> <span class='ocrx_word' id='word_1_94' title='bbox 1646 1291 1880 1347; x_wconf 91' lang='lat' dir='ltr'><strong>ﬁdelium</strong></span> <span class='ocrx_word' id='word_1_95' title='bbox 1899 1288 2024 1358; x_wconf 87' lang='lat' dir='ltr'><strong>jure</strong></span> 
     </span>
    </p>
   </div>
   <div class='ocr_carea' id='block_1_14' title="bbox 430 1381 2023 1465">
    <p class='ocr_par' dir='ltr' id='par_1_14' title="bbox 430 1381 2023 1465">
     <span class='ocr_line' id='line_1_14' title="bbox 430 1381 2023 1465; baseline -0.009 -16"><span class='ocrx_word' id='word_1_96' title='bbox 430 1395 537 1451; x_wconf 89' lang='lat' dir='ltr'><strong>dici</strong></span> <span class='ocrx_word' id='word_1_97' title='bbox 563 1402 728 1465; x_wconf 88' lang='lat' dir='ltr'><strong>queat</strong></span> <span class='ocrx_word' id='word_1_98' title='bbox 753 1393 895 1448; x_wconf 89' lang='lat' dir='ltr'><strong>ﬁlius</strong></span> <span class='ocrx_word' id='word_1_99' title='bbox 923 1390 1156 1462; x_wconf 86' lang='lat' dir='ltr'><strong>Spiritus</strong></span> <span class='ocrx_word' id='word_1_100' title='bbox 1196 1387 1391 1452; x_wconf 87' lang='lat' dir='ltr'><strong>sancti,</strong></span> <span class='ocrx_word' id='word_1_101' title='bbox 1421 1385 1514 1441; x_wconf 92' lang='lat' dir='ltr'><strong>sed</strong></span> <span class='ocrx_word' id='word_1_102' title='bbox 1542 1384 1701 1455; x_wconf 89' lang='lat' dir='ltr'><strong>plane</strong></span> <span class='ocrx_word' id='word_1_103' title='bbox 1727 1383 1822 1437; x_wconf 79' lang='lat' dir='ltr'><strong>Dei</strong></span> <span class='ocrx_word' id='word_1_104' title='bbox 1847 1381 2023 1436; x_wconf 87' lang='lat' dir='ltr'><strong>Patris</strong></span> 
     </span>
    </p>
   </div>
   <div class='ocr_carea' id='block_1_15' title="bbox 429 1472 2024 1552">
    <p class='ocr_par' dir='ltr' id='par_1_15' title="bbox 429 1472 2024 1552">
     <span class='ocr_line' id='line_1_15' title="bbox 429 1472 2024 1552; baseline -0.008 -11"><span class='ocrx_word' id='word_1_105' title='bbox 429 1494 488 1542; x_wconf 93' lang='lat' dir='ltr'><strong>et</strong></span> <span class='ocrx_word' id='word_1_106' title='bbox 535 1485 728 1542; x_wconf 89' lang='lat' dir='ltr'><strong>matris</strong></span> <span class='ocrx_word' id='word_1_107' title='bbox 773 1483 1027 1539; x_wconf 66' lang='lat' dir='ltr'><strong>Ecclesia!</strong></span> <span class='ocrx_word' id='word_1_108' title='bbox 1078 1496 1175 1552; x_wconf 89' lang='lat' dir='ltr'><strong>per</strong></span> <span class='ocrx_word' id='word_1_109' title='bbox 1202 1477 1506 1549; x_wconf 87' lang='lat' dir='ltr'><strong>adoptionis</strong></span> <span class='ocrx_word' id='word_1_110' title='bbox 1559 1475 1810 1547; x_wconf 82' lang='lat' dir='ltr'><strong>gratiam.</strong></span> <span class='ocrx_word' id='word_1_111' title='bbox 1870 1472 2024 1529; x_wconf 89' lang='lat' dir='ltr'><strong>Unde</strong></span> 
     </span>
    </p>
   </div>
   <div class='ocr_carea' id='block_1_16' title="bbox 433 1563 2020 1648">
    <p class='ocr_par' dir='ltr' id='par_1_16' title="bbox 433 1563 2020 1648">
     <span class='ocr_line' id='line_1_16' title="bbox 433 1563 2020 1648; baseline -0.009 -17"><span class='ocrx_word' id='word_1_112' title='bbox 433 1577 679 1648; x_wconf 86' lang='lat' dir='ltr'><strong>Sponsus</strong></span> <span class='ocrx_word' id='word_1_113' title='bbox 719 1576 774 1631; x_wconf 92' lang='lat' dir='ltr'><strong>in</strong></span> <span class='ocrx_word' id='word_1_114' title='bbox 805 1574 1033 1631; x_wconf 92' lang='lat' dir='ltr'><strong>canticis</strong></span> <span class='ocrx_word' id='word_1_115' title='bbox 1063 1571 1329 1643; x_wconf 88' lang='lat' dir='ltr'><strong>Sponsam</strong></span> <span class='ocrx_word' id='word_1_116' title='bbox 1378 1567 1688 1638; x_wconf 87' lang='lat' dir='ltr'><strong>alloquitur,</strong></span> <span class='ocrx_word' id='word_1_117' title='bbox 1722 1563 1876 1621; x_wconf 87' lang='lat' dir='ltr'><strong>Oculi</strong></span> <span class='ocrx_word' id='word_1_118' title='bbox 1922 1565 2020 1628; x_wconf 86' lang='lat' dir='ltr'><strong>tui,</strong></span> 
     </span>
    </p>
   </div>
   <div class='ocr_carea' id='block_1_17' title="bbox 434 1651 2024 1739">
    <p class='ocr_par' dir='ltr' id='par_1_17' title="bbox 434 1651 2024 1739">
     <span class='ocr_line' id='line_1_17' title="bbox 434 1651 2024 1739; baseline -0.011 -16"><span class='ocrx_word' id='word_1_119' title='bbox 434 1668 707 1739; x_wconf 87' lang='lat' dir='ltr'><strong>inquiens,</strong></span> <span class='ocrx_word' id='word_1_120' title='bbox 764 1664 1146 1720; x_wconf 84' lang='lat' dir='ltr'><strong>columbarum.</strong></span> <span class='ocrx_word' id='word_1_121' title='bbox 1210 1661 1319 1716; x_wconf 83' lang='lat' dir='ltr'><strong>llos</strong></span> <span class='ocrx_word' id='word_1_122' title='bbox 1371 1659 1588 1730; x_wconf 89' lang='lat' dir='ltr'><strong>quidem</strong></span> <span class='ocrx_word' id='word_1_123' title='bbox 1625 1657 1811 1713; x_wconf 90' lang='lat' dir='ltr'><strong>oculos</strong></span> <span class='ocrx_word' id='word_1_124' title='bbox 1862 1651 2024 1726; x_wconf 88' lang='lat' dir='ltr'><strong>primi</strong></span> 
     </span>
    </p>
   </div>
   <div class='ocr_carea' id='block_1_18' title="bbox 430 1738 2026 1830">
    <p class='ocr_par' dir='ltr' id='par_1_18' title="bbox 430 1738 2026 1830">
     <span class='ocr_line' id='line_1_18' title="bbox 430 1738 2026 1830; baseline -0.01 -15"><span class='ocrx_word' id='word_1_125' title='bbox 430 1738 693 1830; x_wconf 89' lang='lat' dir='ltr'><strong>parentes</strong></span> <span class='ocrx_word' id='word_1_126' title='bbox 721 1757 893 1812; x_wconf 88' lang='lat' dir='ltr'><strong>nostri</strong></span> <span class='ocrx_word' id='word_1_127' title='bbox 922 1754 1291 1827; x_wconf 88' lang='lat' dir='ltr'><strong>perdiderunt,</strong></span> <span class='ocrx_word' id='word_1_128' title='bbox 1338 1750 1553 1822; x_wconf 89' lang='lat' dir='ltr'><strong>quando</strong></span> <span class='ocrx_word' id='word_1_129' title='bbox 1594 1749 1845 1819; x_wconf 80' lang='lat' dir='ltr'><strong>exigente</strong></span> <span class='ocrx_word' id='word_1_130' title='bbox 1888 1738 2026 1816; x_wconf 56' lang='lat' dir='ltr'><strong>praeé</strong></span> 
     </span>
    </p>
   </div>
   <div class='ocr_carea' id='block_1_19' title="bbox 2121 553 3706 628">
    <p class='ocr_par' dir='ltr' id='par_1_19' title="bbox 2121 553 3706 628">
     <span class='ocr_line' id='line_1_19' title="bbox 2121 553 3706 628; baseline -0.01 -8"><span class='ocrx_word' id='word_1_131' title='bbox 2121 563 2382 628; x_wconf 81' lang='lat' dir='ltr'><strong>nutrivit;</strong></span> <span class='ocrx_word' id='word_1_132' title='bbox 2407 561 2551 616; x_wconf 91' lang='lat' dir='ltr'><strong>nullo</strong></span> <span class='ocrx_word' id='word_1_133' title='bbox 2577 560 2738 615; x_wconf 89' lang='lat' dir='ltr'><strong>modo</strong></span> <span class='ocrx_word' id='word_1_134' title='bbox 2770 565 2948 613; x_wconf 86' lang='lat' dir='ltr'><strong>tamen</strong></span> <span class='ocrx_word' id='word_1_135' title='bbox 2976 570 3148 611; x_wconf 77' lang='lat' dir='ltr'><strong>uxore</strong></span> <span class='ocrx_word' id='word_1_136' title='bbox 3182 553 3421 624; x_wconf 82' lang='lat' dir='ltr'><strong>posthac</strong></span> <span class='ocrx_word' id='word_1_137' title='bbox 3450 568 3592 606; x_wconf 83' lang='lat' dir='ltr'><strong>usus</strong></span> <span class='ocrx_word' id='word_1_138' title='bbox 3616 564 3706 615; x_wconf 84' lang='lat' dir='ltr'><strong>est,</strong></span> 
     </span>
    </p>
   </div>
   <div class='ocr_carea' id='block_1_20' title="bbox 2120 642 3712 727">
    <p class='ocr_par' dir='ltr' id='par_1_20' title="bbox 2120 642 3712 727">
     <span class='ocr_line' id='line_1_20' title="bbox 2120 642 3712 727; baseline -0.009 -17"><span class='ocrx_word' id='word_1_139' title='bbox 2120 655 2248 727; x_wconf 87' lang='lat' dir='ltr'><strong>quia</strong></span> <span class='ocrx_word' id='word_1_140' title='bbox 2272 651 2526 708; x_wconf 72' lang='lat' dir='ltr'><strong>Ecclesia:</strong></span> <span class='ocrx_word' id='word_1_141' title='bbox 2567 649 2767 706; x_wconf 83' lang='lat' dir='ltr'><strong>Christi</strong></span> <span class='ocrx_word' id='word_1_142' title='bbox 2794 655 2983 720; x_wconf 88' lang='lat' dir='ltr'><strong>pastor</strong></span> <span class='ocrx_word' id='word_1_143' title='bbox 3011 655 3067 702; x_wconf 87' lang='lat' dir='ltr'><strong>et</strong></span> <span class='ocrx_word' id='word_1_144' title='bbox 3108 645 3352 700; x_wconf 84' lang='lat' dir='ltr'><strong>vicarius</strong></span> <span class='ocrx_word' id='word_1_145' title='bbox 3391 642 3712 697; x_wconf 79' lang='lat' dir='ltr'><strong>constitutus</strong></span> 
     </span>
    </p>
   </div>
   <div class='ocr_carea' id='block_1_21' title="bbox 2119 734 3713 804">
    <p class='ocr_par' dir='ltr' id='par_1_21' title="bbox 2119 734 3713 804">
     <span class='ocr_line' id='line_1_21' title="bbox 2119 734 3713 804; baseline -0.007 -4"><span class='ocrx_word' id='word_1_146' title='bbox 2119 753 2221 801; x_wconf 89' lang='lat' dir='ltr'><strong>est.</strong></span> <span class='ocrx_word' id='word_1_147' title='bbox 2248 744 2523 799; x_wconf 81' lang='lat' dir='ltr'><strong>Recedant</strong></span> <span class='ocrx_word' id='word_1_148' title='bbox 2561 742 2774 797; x_wconf 87' lang='lat' dir='ltr'><strong>eminus</strong></span> <span class='ocrx_word' id='word_1_149' title='bbox 2800 740 3065 795; x_wconf 89' lang='lat' dir='ltr'><strong>malorum</strong></span> <span class='ocrx_word' id='word_1_150' title='bbox 3106 738 3450 799; x_wconf 51' lang='lat' dir='ltr'><strong>inventores,</strong></span> <span class='ocrx_word' id='word_1_151' title='bbox 3483 734 3584 804; x_wconf 83' lang='lat' dir='ltr'><strong>qui</strong></span> <span class='ocrx_word' id='word_1_152' title='bbox 3618 751 3713 789; x_wconf 78' lang='lat' dir='ltr'><strong>non</strong></span> 
     </span>
    </p>
   </div>
   <div class='ocr_carea' id='block_1_22' title="bbox 2120 827 3717 910">
    <p class='ocr_par' dir='ltr' id='par_1_22' title="bbox 2120 827 3717 910">
     <span class='ocr_line' id='line_1_22' title="bbox 2120 827 3717 910; baseline -0.008 -15"><span class='ocrx_word' id='word_1_153' title='bbox 2120 840 2428 910; x_wconf 84' lang='lat' dir='ltr'><strong>intelligunt</strong></span> <span class='ocrx_word' id='word_1_154' title='bbox 2451 853 2628 907; x_wconf 90' lang='lat' dir='ltr'><strong>neque</strong></span> <span class='ocrx_word' id='word_1_155' title='bbox 2676 850 2797 906; x_wconf 62' lang='lat' dir='ltr'><strong>quae</strong></span> <span class='ocrx_word' id='word_1_156' title='bbox 2846 834 3163 903; x_wconf 89' lang='lat' dir='ltr'><strong>loquuntur,</strong></span> <span class='ocrx_word' id='word_1_157' title='bbox 3214 843 3407 899; x_wconf 86' lang='lat' dir='ltr'><strong>neque</strong></span> <span class='ocrx_word' id='word_1_158' title='bbox 3434 829 3504 883; x_wconf 84' lang='lat' dir='ltr'><strong>de</strong></span> <span class='ocrx_word' id='word_1_159' title='bbox 3534 827 3717 897; x_wconf 74' lang='lat' dir='ltr'><strong>quibus</strong></span> 
     </span>
    </p>
   </div>
   <div class='ocr_carea' id='block_1_23' title="bbox 2120 917 3718 995">
    <p class='ocr_par' dir='ltr' id='par_1_23' title="bbox 2120 917 3718 995">
     <span class='ocr_line' id='line_1_23' title="bbox 2120 917 3718 995; baseline -0.009 -12"><span class='ocrx_word' id='word_1_160' title='bbox 2120 927 2410 983; x_wconf 83' lang='lat' dir='ltr'><strong>aﬁirmant.</strong></span> <span class='ocrx_word' id='word_1_161' title='bbox 2454 926 2606 995; x_wconf 86' lang='lat' dir='ltr'><strong>Quod</strong></span> <span class='ocrx_word' id='word_1_162' title='bbox 2631 932 2810 980; x_wconf 91' lang='lat' dir='ltr'><strong>autem</strong></span> <span class='ocrx_word' id='word_1_163' title='bbox 2842 923 2918 978; x_wconf 77' lang='lat' dir='ltr'><strong>rir</strong></span> <span class='ocrx_word' id='word_1_164' title='bbox 2940 930 3162 977; x_wconf 89' lang='lat' dir='ltr'><strong>sanctus</strong></span> <span class='ocrx_word' id='word_1_165' title='bbox 3186 920 3254 976; x_wconf 88' lang='lat' dir='ltr'><strong>de</strong></span> <span class='ocrx_word' id='word_1_166' title='bbox 3289 917 3529 973; x_wconf 85' lang='lat' dir='ltr'><strong>laniﬁcii</strong></span> <span class='ocrx_word' id='word_1_167' title='bbox 3568 932 3718 986; x_wconf 76' lang='lat' dir='ltr'><strong>opere</strong></span> 
     </span>
    </p>
   </div>
   <div class='ocr_carea' id='block_1_24' title="bbox 2119 1009 3715 1088">
    <p class='ocr_par' dir='ltr' id='par_1_24' title="bbox 2119 1009 3715 1088">
     <span class='ocr_line' id='line_1_24' title="bbox 2119 1009 3715 1088; baseline -0.011 -11"><span class='ocrx_word' id='word_1_168' title='bbox 2119 1022 2324 1077; x_wconf 90' lang='lat' dir='ltr'><strong>victum</strong></span> <span class='ocrx_word' id='word_1_169' title='bbox 2374 1020 2475 1075; x_wconf 85' lang='lat' dir='ltr'><strong>sibi</strong></span> <span class='ocrx_word' id='word_1_170' title='bbox 2521 1018 2890 1088; x_wconf 87' lang='lat' dir='ltr'><strong>quotidianum</strong></span> <span class='ocrx_word' id='word_1_171' title='bbox 2935 1013 3280 1085; x_wconf 69' lang='lat' dir='ltr'><strong>quaeritabat,</strong></span> <span class='ocrx_word' id='word_1_172' title='bbox 3311 1009 3715 1081; x_wconf 66' lang='lat' dir='ltr'><strong>simplicitatem</strong></span> 
     </span>
    </p>
   </div>
   <div class='ocr_carea' id='block_1_25' title="bbox 2121 1100 3722 1183">
    <p class='ocr_par' dir='ltr' id='par_1_25' title="bbox 2121 1100 3722 1183">
     <span class='ocr_line' id='line_1_25' title="bbox 2121 1100 3722 1183; baseline -0.009 -16"><span class='ocrx_word' id='word_1_173' title='bbox 2121 1114 2239 1183; x_wconf 84' lang='lat' dir='ltr'><strong>ejus</strong></span> <span class='ocrx_word' id='word_1_174' title='bbox 2265 1120 2509 1167; x_wconf 89' lang='lat' dir='ltr'><strong>sanctam</strong></span> <span class='ocrx_word' id='word_1_175' title='bbox 2537 1109 2905 1173; x_wconf 86' lang='lat' dir='ltr'><strong>commendat,</strong></span> <span class='ocrx_word' id='word_1_176' title='bbox 2947 1106 3074 1175; x_wconf 89' lang='lat' dir='ltr'><strong>quia</strong></span> <span class='ocrx_word' id='word_1_177' title='bbox 3101 1104 3364 1160; x_wconf 80' lang='lat' dir='ltr'><strong>nimirum</strong></span> <span class='ocrx_word' id='word_1_178' title='bbox 3407 1100 3645 1155; x_wconf 74' lang='lat' dir='ltr'><strong>decebat</strong></span> <span class='ocrx_word' id='word_1_179' title='bbox 3671 1108 3722 1153; x_wconf 72' lang='lat' dir='ltr'><strong>ut</strong></span> 
     </span>
    </p>
   </div>
   <div class='ocr_carea' id='block_1_26' title="bbox 2121 1188 3723 1266">
    <p class='ocr_par' dir='ltr' id='par_1_26' title="bbox 2121 1188 3723 1266">
     <span class='ocr_line' id='line_1_26' title="bbox 2121 1188 3723 1266; baseline -0.012 -8"><span class='ocrx_word' id='word_1_180' title='bbox 2121 1202 2239 1258; x_wconf 86' lang='lat' dir='ltr'><strong>ovis</strong></span> <span class='ocrx_word' id='word_1_181' title='bbox 2258 1200 2470 1256; x_wconf 89' lang='lat' dir='ltr'><strong>Domini</strong></span> <span class='ocrx_word' id='word_1_182' title='bbox 2500 1198 2752 1263; x_wconf 88' lang='lat' dir='ltr'><strong>rationis,</strong></span> <span class='ocrx_word' id='word_1_183' title='bbox 2781 1213 2901 1266; x_wconf 77' lang='lat' dir='ltr'><strong>qua:</strong></span> <span class='ocrx_word' id='word_1_184' title='bbox 2930 1195 3073 1250; x_wconf 90' lang='lat' dir='ltr'><strong>illius</strong></span> <span class='ocrx_word' id='word_1_185' title='bbox 3104 1193 3243 1263; x_wconf 81' lang='lat' dir='ltr'><strong>Agni</strong></span> <span class='ocrx_word' id='word_1_186' title='bbox 3288 1191 3387 1261; x_wconf 89' lang='lat' dir='ltr'><strong>qui</strong></span> <span class='ocrx_word' id='word_1_187' title='bbox 3420 1188 3571 1244; x_wconf 86' lang='lat' dir='ltr'><strong>tollit</strong></span> <span class='ocrx_word' id='word_1_188' title='bbox 3608 1204 3723 1258; x_wconf 64' lang='lat' dir='ltr'><strong>pet-</strong></span> 
     </span>
    </p>
   </div>
   <div class='ocr_carea' id='block_1_27' title="bbox 2123 1279 3723 1349">
    <p class='ocr_par' dir='ltr' id='par_1_27' title="bbox 2123 1279 3723 1349">
     <span class='ocr_line' id='line_1_27' title="bbox 2123 1279 3723 1349; baseline -0.011 0"><span class='ocrx_word' id='word_1_189' title='bbox 2123 1301 2242 1349; x_wconf 88' lang='lat' dir='ltr'><strong>cata</strong></span> <span class='ocrx_word' id='word_1_190' title='bbox 2293 1291 2479 1346; x_wconf 90' lang='lat' dir='ltr'><strong>mundi</strong></span> <span class='ocrx_word' id='word_1_191' title='bbox 2537 1297 2658 1345; x_wconf 87' lang='lat' dir='ltr'><strong>erat</strong></span> <span class='ocrx_word' id='word_1_192' title='bbox 2710 1288 2908 1344; x_wconf 89' lang='lat' dir='ltr'><strong>vellere</strong></span> <span class='ocrx_word' id='word_1_193' title='bbox 2953 1284 3279 1348; x_wconf 61' lang='lat' dir='ltr'><strong>encaeniata,</strong></span> <span class='ocrx_word' id='word_1_194' title='bbox 3338 1296 3459 1337; x_wconf 89' lang='lat' dir='ltr'><strong>non</strong></span> <span class='ocrx_word' id='word_1_195' title='bbox 3514 1279 3723 1334; x_wconf 55' lang='lat' dir='ltr'><strong>alium</strong></span> 
     </span>
    </p>
   </div>
   <div class='ocr_carea' id='block_1_28' title="bbox 2122 1369 3722 1454">
    <p class='ocr_par' dir='ltr' id='par_1_28' title="bbox 2122 1369 3722 1454">
     <span class='ocr_line' id='line_1_28' title="bbox 2122 1369 3722 1454; baseline -0.01 -17"><span class='ocrx_word' id='word_1_196' title='bbox 2122 1397 2284 1454; x_wconf 88' lang='lat' dir='ltr'><strong>quam</strong></span> <span class='ocrx_word' id='word_1_197' title='bbox 2333 1381 2400 1436; x_wconf 86' lang='lat' dir='ltr'><strong>de</strong></span> <span class='ocrx_word' id='word_1_198' title='bbox 2445 1380 2648 1443; x_wconf 88' lang='lat' dir='ltr'><strong>ovium,</strong></span> <span class='ocrx_word' id='word_1_199' title='bbox 2700 1379 3027 1433; x_wconf 88' lang='lat' dir='ltr'><strong>mundorum</strong></span> <span class='ocrx_word' id='word_1_200' title='bbox 3077 1374 3334 1429; x_wconf 86' lang='lat' dir='ltr'><strong>videlicet</strong></span> <span class='ocrx_word' id='word_1_201' title='bbox 3378 1369 3722 1433; x_wconf 70' lang='lat' dir='ltr'><strong>animalium,</strong></span> 
     </span>
    </p>
   </div>
   <div class='ocr_carea' id='block_1_29' title="bbox 2124 1457 3723 1545">
    <p class='ocr_par' dir='ltr' id='par_1_29' title="bbox 2124 1457 3723 1545">
     <span class='ocr_line' id='line_1_29' title="bbox 2124 1457 3723 1545; baseline -0.012 -15"><span class='ocrx_word' id='word_1_202' title='bbox 2124 1472 2358 1545; x_wconf 84' lang='lat' dir='ltr'><strong>tegmine</strong></span> <span class='ocrx_word' id='word_1_203' title='bbox 2407 1485 2559 1526; x_wconf 90' lang='lat' dir='ltr'><strong>suam</strong></span> <span class='ocrx_word' id='word_1_204' title='bbox 2608 1481 2936 1537; x_wconf 90' lang='lat' dir='ltr'><strong>suorumque</strong></span> <span class='ocrx_word' id='word_1_205' title='bbox 2978 1468 3313 1521; x_wconf 88' lang='lat' dir='ltr'><strong>sustentaret</strong></span> <span class='ocrx_word' id='word_1_206' title='bbox 3359 1461 3568 1514; x_wconf 80' lang='lat' dir='ltr'><strong>vitam.</strong></span> <span class='ocrx_word' id='word_1_207' title='bbox 3608 1457 3723 1512; x_wconf 66' lang='lat' dir='ltr'><strong>Em</strong></span> 
     </span>
    </p>
   </div>
   <div class='ocr_carea' id='block_1_30' title="bbox 2122 1556 3729 1637">
    <p class='ocr_par' dir='ltr' id='par_1_30' title="bbox 2122 1556 3729 1637">
     <span class='ocr_line' id='line_1_30' title="bbox 2122 1556 3729 1637; baseline -0.011 -16"><span class='ocrx_word' id='word_1_208' title='bbox 2122 1567 2320 1637; x_wconf 89' lang='lat' dir='ltr'><strong>quippe</strong></span> <span class='ocrx_word' id='word_1_209' title='bbox 2341 1579 2448 1619; x_wconf 89' lang='lat' dir='ltr'><strong>una</strong></span> <span class='ocrx_word' id='word_1_210' title='bbox 2482 1578 2548 1618; x_wconf 76' lang='lat' dir='ltr'><strong>ex</strong></span> <span class='ocrx_word' id='word_1_211' title='bbox 2579 1562 2683 1626; x_wconf 89' lang='lat' dir='ltr'><strong>his,</strong></span> <span class='ocrx_word' id='word_1_212' title='bbox 2714 1574 2814 1615; x_wconf 89' lang='lat' dir='ltr'><strong>nec</strong></span> <span class='ocrx_word' id='word_1_213' title='bbox 2843 1556 3273 1628; x_wconf 84' lang='lat' dir='ltr'><strong>qualiscumque,</strong></span> <span class='ocrx_word' id='word_1_214' title='bbox 3317 1567 3470 1624; x_wconf 86' lang='lat' dir='ltr'><strong>quas</strong></span> <span class='ocrx_word' id='word_1_215' title='bbox 3493 1556 3729 1605; x_wconf 76' lang='lat' dir='ltr'><strong>vetuset</strong></span> 
     </span>
    </p>
   </div>
   <div class='ocr_carea' id='block_1_31' title="bbox 2123 1640 3725 1725">
    <p class='ocr_par' dir='ltr' id='par_1_31' title="bbox 2123 1640 3725 1725">
     <span class='ocr_line' id='line_1_31' title="bbox 2123 1640 3725 1725; baseline -0.013 -12"><span class='ocrx_word' id='word_1_216' title='bbox 2123 1665 2359 1713; x_wconf 63' lang='lat' dir='ltr'><strong>aeternus</strong></span> <span class='ocrx_word' id='word_1_217' title='bbox 2377 1660 2562 1725; x_wconf 90' lang='lat' dir='ltr'><strong>pastor</strong></span> <span class='ocrx_word' id='word_1_218' title='bbox 2582 1650 2831 1708; x_wconf 87' lang='lat' dir='ltr'><strong>Christus</strong></span> <span class='ocrx_word' id='word_1_219' title='bbox 2848 1648 2934 1703; x_wconf 87' lang='lat' dir='ltr'><strong>his</strong></span> <span class='ocrx_word' id='word_1_220' title='bbox 2961 1645 3143 1701; x_wconf 78' lang='lat' dir='ltr'><strong>verbis</strong></span> <span class='ocrx_word' id='word_1_221' title='bbox 3168 1644 3223 1698; x_wconf 90' lang='lat' dir='ltr'><strong>in</strong></span> <span class='ocrx_word' id='word_1_222' title='bbox 3244 1640 3567 1711; x_wconf 71' lang='lat' dir='ltr'><strong>Evangelia</strong></span> <span class='ocrx_word' id='word_1_223' title='bbox 3586 1655 3725 1694; x_wconf 76' lang='lat' dir='ltr'><strong>con-</strong></span> 
     </span>
    </p>
   </div>
   <div class='ocr_carea' id='block_1_32' title="bbox 2124 1728 3729 1808">
    <p class='ocr_par' dir='ltr' id='par_1_32' title="bbox 2124 1728 3729 1808">
     <span class='ocr_line' id='line_1_32' title="bbox 2124 1728 3729 1808; baseline -0.014 -7"><span class='ocrx_word' id='word_1_224' title='bbox 2124 1745 2405 1808; x_wconf 86' lang='lat' dir='ltr'><strong>mendans,</strong></span> <span class='ocrx_word' id='word_1_225' title='bbox 2438 1743 2555 1796; x_wconf 87' lang='lat' dir='ltr'><strong>ait:</strong></span> <span class='ocrx_word' id='word_1_226' title='bbox 2619 1739 2750 1794; x_wconf 80' lang='lat' dir='ltr'><strong>Oves</strong></span> <span class='ocrx_word' id='word_1_227' title='bbox 2796 1753 2923 1792; x_wconf 65' lang='lat' dir='ltr'><strong>mea?</strong></span> <span class='ocrx_word' id='word_1_228' title='bbox 2970 1751 3141 1791; x_wconf 83' lang='lat' dir='ltr'><strong>rocem</strong></span> <span class='ocrx_word' id='word_1_229' title='bbox 3172 1748 3349 1786; x_wconf 82' lang='lat' dir='ltr'><strong>meam</strong></span> <span class='ocrx_word' id='word_1_230' title='bbox 3403 1728 3663 1793; x_wconf 69' lang='lat' dir='ltr'><strong>audiunt,</strong></span> <span class='ocrx_word' id='word_1_231' title='bbox 3689 1736 3729 1780; x_wconf 69' lang='grc' dir='ltr'><em>α</em></span> 
     </span>
    </p>
   </div>
   <div class='ocr_carea' id='block_1_33' title="bbox 432 1820 3731 1913">
    <p class='ocr_par' dir='ltr' id='par_1_33' title="bbox 432 1820 3731 1913">
     <span class='ocr_line' id='line_1_33' title="bbox 432 1820 3731 1913; baseline -0.012 -6"><span class='ocrx_word' id='word_1_232' title='bbox 432 1850 769 1907; x_wconf 85' lang='lat' dir='ltr'><strong>varicatione</strong></span> <span class='ocrx_word' id='word_1_233' title='bbox 798 1865 828 1903; x_wconf 87' lang='lat' dir='ltr'><strong>a</strong></span> <span class='ocrx_word' id='word_1_234' title='bbox 854 1848 965 1904; x_wconf 91' lang='lat' dir='ltr'><strong>Deo</strong></span> <span class='ocrx_word' id='word_1_235' title='bbox 1007 1854 1132 1902; x_wconf 89' lang='lat' dir='ltr'><strong>sunt</strong></span> <span class='ocrx_word' id='word_1_236' title='bbox 1165 1820 1428 1912; x_wconf 75' lang='lat' dir='ltr'><strong>derelicti,</strong></span> <span class='ocrx_word' id='word_1_237' title='bbox 1457 1853 1510 1899; x_wconf 91' lang='lat' dir='ltr'><strong>et</strong></span> <span class='ocrx_word' id='word_1_238' title='bbox 1551 1843 1726 1913; x_wconf 90' lang='lat' dir='ltr'><strong>aperti</strong></span> <span class='ocrx_word' id='word_1_239' title='bbox 1754 1847 1879 1895; x_wconf 89' lang='lat' dir='ltr'><strong>sunt</strong></span> <span class='ocrx_word' id='word_1_240' title='bbox 1911 1854 2023 1893; x_wconf 80' lang='lat' dir='ltr'><strong>am-</strong></span> <span class='ocrx_word' id='word_1_241' title='bbox 2050 1830 2098 1891; x_wconf 92' lang='lat' dir='ltr'><strong>B</strong></span> <span class='ocrx_word' id='word_1_242' title='bbox 2125 1852 2216 1907; x_wconf 86' lang='lat' dir='ltr'><strong>ego</strong></span> <span class='ocrx_word' id='word_1_243' title='bbox 2238 1850 2489 1906; x_wconf 76' lang='lat' dir='ltr'><strong>cognosco</strong></span> <span class='ocrx_word' id='word_1_244' title='bbox 2515 1848 2624 1897; x_wconf 85' lang='lat' dir='ltr'><strong>eas,</strong></span> <span class='ocrx_word' id='word_1_245' title='bbox 2653 1840 2701 1884; x_wconf 88' lang='lat' dir='ltr'><strong>et</strong></span> <span class='ocrx_word' id='word_1_246' title='bbox 2733 1836 3025 1899; x_wconf 85' lang='lat' dir='ltr'><strong>sequuntur</strong></span> <span class='ocrx_word' id='word_1_247' title='bbox 3054 1840 3157 1889; x_wconf 78' lang='lat' dir='ltr'><strong>me,</strong></span> <span class='ocrx_word' id='word_1_248' title='bbox 3177 1832 3224 1877; x_wconf 86' lang='lat' dir='ltr'><strong>et</strong></span> <span class='ocrx_word' id='word_1_249' title='bbox 3253 1837 3358 1892; x_wconf 84' lang='lat' dir='ltr'><strong>ego</strong></span> <span class='ocrx_word' id='word_1_250' title='bbox 3388 1820 3569 1874; x_wconf 68' lang='lat' dir='ltr'><strong>vitam</strong></span> <span class='ocrx_word' id='word_1_251' title='bbox 3595 1826 3731 1872; x_wconf 61' lang='lat' dir='ltr'><strong>an.</strong></span> 
     </span>
    </p>
   </div>
   <div class='ocr_carea' id='block_1_34' title="bbox 431 1930 2019 2007">
    <p class='ocr_par' dir='ltr' id='par_1_34' title="bbox 431 1930 2019 2007">
     <span class='ocr_line' id='line_1_34' title="bbox 431 1930 2019 2007; baseline -0.009 -11"><span class='ocrx_word' id='word_1_252' title='bbox 431 1941 627 1996; x_wconf 90' lang='lat' dir='ltr'><strong>borum</strong></span> <span class='ocrx_word' id='word_1_253' title='bbox 666 1938 830 1995; x_wconf 88' lang='lat' dir='ltr'><strong>oculi.</strong></span> <span class='ocrx_word' id='word_1_254' title='bbox 873 1937 1168 2007; x_wconf 84' lang='lat' dir='ltr'><strong>Postquam</strong></span> <span class='ocrx_word' id='word_1_255' title='bbox 1212 1943 1393 1990; x_wconf 90' lang='lat' dir='ltr'><strong>autem</strong></span> <span class='ocrx_word' id='word_1_256' title='bbox 1439 1933 1624 1990; x_wconf 90' lang='lat' dir='ltr'><strong>oculos</strong></span> <span class='ocrx_word' id='word_1_257' title='bbox 1651 1930 2019 1987; x_wconf 89' lang='lat' dir='ltr'><strong>columbarum</strong></span> 
     </span>
    </p>
   </div>
   <div class='ocr_carea' id='block_1_35' title="bbox 432 2015 2023 2100">
    <p class='ocr_par' dir='ltr' id='par_1_35' title="bbox 432 2015 2023 2100">
     <span class='ocr_line' id='line_1_35' title="bbox 432 2015 2023 2100; baseline -0.009 -14"><span class='ocrx_word' id='word_1_258' title='bbox 432 2028 809 2100; x_wconf 87' lang='lat' dir='ltr'><strong>perdiderunt,</strong></span> <span class='ocrx_word' id='word_1_259' title='bbox 837 2025 985 2097; x_wconf 88' lang='lat' dir='ltr'><strong>justo</strong></span> <span class='ocrx_word' id='word_1_260' title='bbox 1016 2026 1113 2081; x_wconf 89' lang='lat' dir='ltr'><strong>Dei</strong></span> <span class='ocrx_word' id='word_1_261' title='bbox 1160 2024 1366 2095; x_wconf 90' lang='lat' dir='ltr'><strong>judicio</strong></span> <span class='ocrx_word' id='word_1_262' title='bbox 1408 2021 1696 2079; x_wconf 86' lang='lat' dir='ltr'><strong>confestim</strong></span> <span class='ocrx_word' id='word_1_263' title='bbox 1729 2035 1789 2077; x_wconf 90' lang='lat' dir='ltr'><strong>se</strong></span> <span class='ocrx_word' id='word_1_264' title='bbox 1833 2015 2023 2075; x_wconf 85' lang='lat' dir='ltr'><strong>erube-</strong></span> 
     </span>
    </p>
   </div>
   <div class='ocr_carea' id='block_1_36' title="bbox 432 2115 2023 2190">
    <p class='ocr_par' dir='ltr' id='par_1_36' title="bbox 432 2115 2023 2190">
     <span class='ocr_line' id='line_1_36' title="bbox 432 2115 2023 2190; baseline -0.006 -15"><span class='ocrx_word' id='word_1_265' title='bbox 432 2127 616 2186; x_wconf 77' lang='lat' dir='ltr'><strong>scunt,</strong></span> <span class='ocrx_word' id='word_1_266' title='bbox 645 2119 770 2190; x_wconf 85' lang='lat' dir='ltr'><strong>quia</strong></span> <span class='ocrx_word' id='word_1_267' title='bbox 796 2118 908 2189; x_wconf 89' lang='lat' dir='ltr'><strong>jam</strong></span> <span class='ocrx_word' id='word_1_268' title='bbox 937 2132 1084 2175; x_wconf 88' lang='lat' dir='ltr'><strong>mors</strong></span> <span class='ocrx_word' id='word_1_269' title='bbox 1125 2117 1349 2173; x_wconf 90' lang='lat' dir='ltr'><strong>intravit</strong></span> <span class='ocrx_word' id='word_1_270' title='bbox 1372 2129 1473 2187; x_wconf 89' lang='lat' dir='ltr'><strong>per</strong></span> <span class='ocrx_word' id='word_1_271' title='bbox 1501 2115 1798 2171; x_wconf 81' lang='lat' dir='ltr'><strong>fenestram</strong></span> <span class='ocrx_word' id='word_1_272' title='bbox 1828 2126 2023 2169; x_wconf 85' lang='lat' dir='ltr'><strong>carna-</strong></span> 
     </span>
    </p>
   </div>
   <div class='ocr_carea' id='block_1_37' title="bbox 431 2207 2025 2281">
    <p class='ocr_par' dir='ltr' id='par_1_37' title="bbox 431 2207 2025 2281">
     <span class='ocr_line' id='line_1_37' title="bbox 431 2207 2025 2281; baseline -0.005 -13"><span class='ocrx_word' id='word_1_273' title='bbox 431 2208 567 2269; x_wconf 82' lang='lat' dir='ltr'><strong>lium</strong></span> <span class='ocrx_word' id='word_1_274' title='bbox 597 2211 899 2267; x_wconf 90' lang='lat' dir='ltr'><strong>oculorum.</strong></span> <span class='ocrx_word' id='word_1_275' title='bbox 926 2209 1090 2267; x_wconf 80' lang='lat' dir='ltr'><strong>Verbi</strong></span> <span class='ocrx_word' id='word_1_276' title='bbox 1115 2210 1310 2281; x_wconf 86' lang='lat' dir='ltr'><strong>gratia,</strong></span> <span class='ocrx_word' id='word_1_277' title='bbox 1339 2207 1579 2279; x_wconf 91' lang='lat' dir='ltr'><strong>quandiu</strong></span> <span class='ocrx_word' id='word_1_278' title='bbox 1607 2222 1742 2278; x_wconf 89' lang='lat' dir='ltr'><strong>puer</strong></span> <span class='ocrx_word' id='word_1_279' title='bbox 1765 2221 1873 2262; x_wconf 91' lang='lat' dir='ltr'><strong>non</strong></span> <span class='ocrx_word' id='word_1_280' title='bbox 1892 2219 2025 2261; x_wconf 92' lang='lat' dir='ltr'><strong>con-</strong></span> 
     </span>
    </p>
   </div>
   <div class='ocr_carea' id='block_1_38' title="bbox 434 2295 2024 2373">
    <p class='ocr_par' dir='ltr' id='par_1_38' title="bbox 434 2295 2024 2373">
     <span class='ocr_line' id='line_1_38' title="bbox 434 2295 2024 2373; baseline -0.004 -16"><span class='ocrx_word' id='word_1_281' title='bbox 434 2301 674 2358; x_wconf 83' lang='lat' dir='ltr'><strong>tristavit</strong></span> <span class='ocrx_word' id='word_1_282' title='bbox 708 2299 970 2373; x_wconf 86' lang='lat' dir='ltr'><strong>Spiritum</strong></span> <span class='ocrx_word' id='word_1_283' title='bbox 1020 2306 1287 2363; x_wconf 88' lang='lat' dir='ltr'><strong>sanctum,</strong></span> <span class='ocrx_word' id='word_1_284' title='bbox 1320 2299 1585 2355; x_wconf 65' lang='lat' dir='ltr'><strong>columbae</strong></span> <span class='ocrx_word' id='word_1_285' title='bbox 1611 2297 1797 2354; x_wconf 88' lang='lat' dir='ltr'><strong>oculos</strong></span> <span class='ocrx_word' id='word_1_286' title='bbox 1822 2295 2024 2352; x_wconf 86' lang='lat' dir='ltr'><strong>habere</strong></span> 
     </span>
    </p>
   </div>
   <div class='ocr_carea' id='block_1_39' title="bbox 431 2388 2027 2463">
    <p class='ocr_par' dir='ltr' id='par_1_39' title="bbox 431 2388 2027 2463">
     <span class='ocr_line' id='line_1_39' title="bbox 431 2388 2027 2463; baseline -0.004 -15"><span class='ocrx_word' id='word_1_287' title='bbox 431 2392 753 2463; x_wconf 84' lang='lat' dir='ltr'><strong>perhibetur</strong></span> <span class='ocrx_word' id='word_1_288' title='bbox 784 2431 800 2457; x_wconf 94' lang='lat'><strong>,</strong></span> <span class='ocrx_word' id='word_1_289' title='bbox 878 2391 1007 2462; x_wconf 88' lang='lat' dir='ltr'><strong>quia</strong></span> <span class='ocrx_word' id='word_1_290' title='bbox 1077 2390 1269 2447; x_wconf 82' lang='lat' dir='ltr'><strong>omnia</strong></span> <span class='ocrx_word' id='word_1_291' title='bbox 1331 2404 1452 2460; x_wconf 68' lang='lat' dir='ltr'><strong>qua:</strong></span> <span class='ocrx_word' id='word_1_292' title='bbox 1519 2390 1575 2445; x_wconf 90' lang='lat' dir='ltr'><strong>in</strong></span> <span class='ocrx_word' id='word_1_293' title='bbox 1634 2388 1837 2444; x_wconf 91' lang='lat' dir='ltr'><strong>mundo</strong></span> <span class='ocrx_word' id='word_1_294' title='bbox 1904 2401 2027 2443; x_wconf 88' lang='lat' dir='ltr'><strong>ver-</strong></span> 
     </span>
    </p>
   </div>
   <div class='ocr_carea' id='block_1_40' title="bbox 434 2477 2027 2555">
    <p class='ocr_par' dir='ltr' id='par_1_40' title="bbox 434 2477 2027 2555">
     <span class='ocr_line' id='line_1_40' title="bbox 434 2477 2027 2555; baseline -0.004 -16"><span class='ocrx_word' id='word_1_295' title='bbox 434 2491 663 2551; x_wconf 81' lang='lat' dir='ltr'><strong>santur,</strong></span> <span class='ocrx_word' id='word_1_296' title='bbox 717 2482 1038 2555; x_wconf 88' lang='lat' dir='ltr'><strong>simpliciter</strong></span> <span class='ocrx_word' id='word_1_297' title='bbox 1095 2483 1384 2549; x_wconf 87' lang='lat' dir='ltr'><strong>intuetur;</strong></span> <span class='ocrx_word' id='word_1_298' title='bbox 1428 2497 1536 2539; x_wconf 90' lang='lat' dir='ltr'><strong>non</strong></span> <span class='ocrx_word' id='word_1_299' title='bbox 1588 2481 1732 2537; x_wconf 90' lang='lat' dir='ltr'><strong>enim</strong></span> <span class='ocrx_word' id='word_1_300' title='bbox 1784 2477 2027 2536; x_wconf 90' lang='lat' dir='ltr'><strong>membra</strong></span> 
     </span>
    </p>
   </div>
   <div class='ocr_carea' id='block_1_41' title="bbox 431 2570 2029 2650">
    <p class='ocr_par' dir='ltr' id='par_1_41' title="bbox 431 2570 2029 2650">
     <span class='ocr_line' id='line_1_41' title="bbox 431 2570 2029 2650; baseline -0.002 -22"><span class='ocrx_word' id='word_1_301' title='bbox 431 2588 535 2650; x_wconf 73' lang='lat' dir='ltr'><strong>sua</strong></span> <span class='ocrx_word' id='word_1_302' title='bbox 581 2572 876 2640; x_wconf 89' lang='lat' dir='ltr'><strong>erubescit,</strong></span> <span class='ocrx_word' id='word_1_303' title='bbox 924 2572 1126 2629; x_wconf 90' lang='lat' dir='ltr'><strong>nemini</strong></span> <span class='ocrx_word' id='word_1_304' title='bbox 1175 2573 1452 2638; x_wconf 88' lang='lat' dir='ltr'><strong>irascitur,</strong></span> <span class='ocrx_word' id='word_1_305' title='bbox 1503 2571 1633 2627; x_wconf 91' lang='lat' dir='ltr'><strong>nulli</strong></span> <span class='ocrx_word' id='word_1_306' title='bbox 1686 2570 2029 2631; x_wconf 84' lang='lat' dir='ltr'><strong>machinatur</strong></span> 
     </span>
    </p>
   </div>
   <div class='ocr_carea' id='block_1_42' title="bbox 438 2660 2078 2736">
    <p class='ocr_par' dir='ltr' id='par_1_42' title="bbox 438 2660 2078 2736">
     <span class='ocr_line' id='line_1_42' title="bbox 438 2660 2078 2736; baseline -0.005 -14"><span class='ocrx_word' id='word_1_307' title='bbox 438 2664 610 2733; x_wconf 88' lang='lat' dir='ltr'><strong>dolos,</strong></span> <span class='ocrx_word' id='word_1_308' title='bbox 656 2663 734 2720; x_wconf 89' lang='lat' dir='ltr'><strong>nil</strong></span> <span class='ocrx_word' id='word_1_309' title='bbox 779 2664 1106 2736; x_wconf 91' lang='lat' dir='ltr'><strong>impudicum</strong></span> <span class='ocrx_word' id='word_1_310' title='bbox 1151 2664 1375 2735; x_wconf 84' lang='lat' dir='ltr'><strong>cogitat,</strong></span> <span class='ocrx_word' id='word_1_311' title='bbox 1411 2661 1558 2717; x_wconf 90' lang='lat' dir='ltr'><strong>nulla</strong></span> <span class='ocrx_word' id='word_1_312' title='bbox 1607 2660 1794 2716; x_wconf 91' lang='lat' dir='ltr'><strong>illicita</strong></span> <span class='ocrx_word' id='word_1_313' title='bbox 1831 2675 2031 2715; x_wconf 89' lang='lat' dir='ltr'><strong>concu-</strong></span> <span class='ocrx_word' id='word_1_314' title='bbox 2075 2694 2078 2696; x_wconf 60' lang='grc' dir='ltr'><strong><em>η</em></strong></span> 
     </span>
    </p>
   </div>
   <div class='ocr_carea' id='block_1_43' title="bbox 434 2754 2029 2832">
    <p class='ocr_par' dir='ltr' id='par_1_43' title="bbox 434 2754 2029 2832">
     <span class='ocr_line' id='line_1_43' title="bbox 434 2754 2029 2832; baseline -0.004 -18"><span class='ocrx_word' id='word_1_315' title='bbox 434 2759 618 2832; x_wconf 88' lang='lat' dir='ltr'><strong>piscit,</strong></span> <span class='ocrx_word' id='word_1_316' title='bbox 643 2758 770 2830; x_wconf 89' lang='lat' dir='ltr'><strong>quia</strong></span> <span class='ocrx_word' id='word_1_317' title='bbox 792 2757 1404 2830; x_wconf 12' lang='lat' dir='ltr'><strong>inhabilatorVSpiritus,</strong></span> <span class='ocrx_word' id='word_1_318' title='bbox 1426 2758 1520 2828; x_wconf 92' lang='lat' dir='ltr'><strong>qui</strong></span> <span class='ocrx_word' id='word_1_319' title='bbox 1545 2756 1693 2812; x_wconf 91' lang='lat' dir='ltr'><strong>illum</strong></span> <span class='ocrx_word' id='word_1_320' title='bbox 1716 2754 2029 2824; x_wconf 90' lang='lat' dir='ltr'><strong>incorrupta</strong></span> 
     </span>
    </p>
   </div>
   <div class='ocr_carea' id='block_1_44' title="bbox 436 2845 2030 2916">
    <p class='ocr_par' dir='ltr' id='par_1_44' title="bbox 436 2845 2030 2916">
     <span class='ocr_line' id='line_1_44' title="bbox 436 2845 2030 2916; baseline -0.006 -9"><span class='ocrx_word' id='word_1_321' title='bbox 436 2858 621 2907; x_wconf 88' lang='lat' dir='ltr'><strong>mente</strong></span> <span class='ocrx_word' id='word_1_322' title='bbox 651 2850 913 2916; x_wconf 85' lang='lat' dir='ltr'><strong>custodit,</strong></span> <span class='ocrx_word' id='word_1_323' title='bbox 942 2849 1076 2905; x_wconf 88' lang='lat' dir='ltr'><strong>nihil</strong></span> <span class='ocrx_word' id='word_1_324' title='bbox 1116 2850 1313 2906; x_wconf 91' lang='lat' dir='ltr'><strong>horum</strong></span> <span class='ocrx_word' id='word_1_325' title='bbox 1363 2848 1532 2905; x_wconf 90' lang='lat' dir='ltr'><strong>novit.</strong></span> <span class='ocrx_word' id='word_1_326' title='bbox 1588 2845 1647 2903; x_wconf 93' lang='lat' dir='ltr'><strong>Si</strong></span> <span class='ocrx_word' id='word_1_327' title='bbox 1703 2854 1884 2902; x_wconf 91' lang='lat' dir='ltr'><strong>autem</strong></span> <span class='ocrx_word' id='word_1_328' title='bbox 1934 2857 2030 2915; x_wconf 90' lang='lat' dir='ltr'><strong>per</strong></span> 
     </span>
    </p>
   </div>
   <div class='ocr_carea' id='block_1_45' title="bbox 438 2937 2034 3012">
    <p class='ocr_par' dir='ltr' id='par_1_45' title="bbox 438 2937 2034 3012">
     <span class='ocr_line' id='line_1_45' title="bbox 438 2937 2034 3012; baseline -0.004 -14"><span class='ocrx_word' id='word_1_329' title='bbox 438 2940 672 2998; x_wconf 81' lang='lat' dir='ltr'><strong>divortia</strong></span> <span class='ocrx_word' id='word_1_330' title='bbox 708 2942 963 2998; x_wconf 88' lang='lat' dir='ltr'><strong>vitiorum</strong></span> <span class='ocrx_word' id='word_1_331' title='bbox 1016 2941 1084 2998; x_wconf 89' lang='lat' dir='ltr'><strong>ad</strong></span> <span class='ocrx_word' id='word_1_332' title='bbox 1131 2940 1625 3012; x_wconf 87' lang='lat' dir='ltr'><strong>concupiscentiam</strong></span> <span class='ocrx_word' id='word_1_333' title='bbox 1676 2938 1859 2995; x_wconf 90' lang='lat' dir='ltr'><strong>carnis</strong></span> <span class='ocrx_word' id='word_1_334' title='bbox 1909 2937 2034 2992; x_wconf 80' lang='lat' dir='ltr'><strong>vitae</strong></span> 
     </span>
    </p>
   </div>
   <div class='ocr_carea' id='block_1_46' title="bbox 436 3028 2033 3106">
    <p class='ocr_par' dir='ltr' id='par_1_46' title="bbox 436 3028 2033 3106">
     <span class='ocr_line' id='line_1_46' title="bbox 436 3028 2033 3106; baseline -0.005 -15"><span class='ocrx_word' id='word_1_335' title='bbox 436 3033 563 3091; x_wconf 80' lang='lat' dir='ltr'><strong>exul</strong></span> <span class='ocrx_word' id='word_1_336' title='bbox 585 3032 905 3106; x_wconf 88' lang='lat' dir='ltr'><strong>prolabitur,</strong></span> <span class='ocrx_word' id='word_1_337' title='bbox 946 3033 1070 3105; x_wconf 88' lang='lat' dir='ltr'><strong>jure</strong></span> <span class='ocrx_word' id='word_1_338' title='bbox 1090 3032 1204 3104; x_wconf 89' lang='lat' dir='ltr'><strong>jam</strong></span> <span class='ocrx_word' id='word_1_339' title='bbox 1253 3031 1548 3098; x_wconf 90' lang='lat' dir='ltr'><strong>erubescit,</strong></span> <span class='ocrx_word' id='word_1_340' title='bbox 1589 3030 1715 3102; x_wconf 85' lang='lat' dir='ltr'><strong>quia</strong></span> <span class='ocrx_word' id='word_1_341' title='bbox 1754 3028 2033 3100; x_wconf 88' lang='lat' dir='ltr'><strong>impletum</strong></span> 
     </span>
    </p>
   </div>
   <div class='ocr_carea' id='block_1_47' title="bbox 2123 1912 3730 1990">
    <p class='ocr_par' dir='ltr' id='par_1_47' title="bbox 2123 1912 3730 1990">
     <span class='ocr_line' id='line_1_47' title="bbox 2123 1912 3730 1990; baseline -0.016 -7"><span class='ocrx_word' id='word_1_342' title='bbox 2123 1944 2245 1982; x_wconf 86' lang='lat' dir='ltr'><strong>nam</strong></span> <span class='ocrx_word' id='word_1_343' title='bbox 2278 1926 2345 1980; x_wconf 84' lang='lat' dir='ltr'><strong>do</strong></span> <span class='ocrx_word' id='word_1_344' title='bbox 2372 1926 2488 1990; x_wconf 81' lang='lat' dir='ltr'><strong>eis;</strong></span> <span class='ocrx_word' id='word_1_345' title='bbox 2531 1930 2585 1979; x_wconf 91' lang='lat' dir='ltr'><strong>et</strong></span> <span class='ocrx_word' id='word_1_346' title='bbox 2633 1922 2867 1976; x_wconf 89' lang='lat' dir='ltr'><strong>iterum:</strong></span> <span class='ocrx_word' id='word_1_347' title='bbox 2925 1916 3070 1972; x_wconf 80' lang='lat' dir='ltr'><strong>Alias</strong></span> <span class='ocrx_word' id='word_1_348' title='bbox 3109 1930 3224 1969; x_wconf 82' lang='lat' dir='ltr'><strong>ores</strong></span> <span class='ocrx_word' id='word_1_349' title='bbox 3250 1912 3454 1976; x_wconf 83' lang='lat' dir='ltr'><strong>habeo,</strong></span> <span class='ocrx_word' id='word_1_350' title='bbox 3497 1924 3620 1979; x_wconf 67' lang='lat' dir='ltr'><strong>qua</strong></span> <span class='ocrx_word' id='word_1_351' title='bbox 3644 1924 3730 1959; x_wconf 57' lang='grc' dir='ltr'><strong>κ</strong></span> 
     </span>
    </p>
   </div>
   <div class='ocr_carea' id='block_1_48' title="bbox 2120 2002 3731 2078">
    <p class='ocr_par' dir='ltr' id='par_1_48' title="bbox 2120 2002 3731 2078">
     <span class='ocr_line' id='line_1_48' title="bbox 2120 2002 3731 2078; baseline -0.016 -3"><span class='ocrx_word' id='word_1_352' title='bbox 2120 2028 2241 2076; x_wconf 82' lang='lat' dir='ltr'><strong>sunt</strong></span> <span class='ocrx_word' id='word_1_353' title='bbox 2266 2034 2333 2073; x_wconf 79' lang='lat' dir='ltr'><strong>ex</strong></span> <span class='ocrx_word' id='word_1_354' title='bbox 2359 2016 2455 2071; x_wconf 82' lang='lat' dir='ltr'><strong>hoc</strong></span> <span class='ocrx_word' id='word_1_355' title='bbox 2478 2012 2625 2078; x_wconf 83' lang='lat' dir='ltr'><strong>ovili,</strong></span> <span class='ocrx_word' id='word_1_356' title='bbox 2653 2021 2700 2067; x_wconf 86' lang='lat' dir='ltr'><strong>et</strong></span> <span class='ocrx_word' id='word_1_357' title='bbox 2735 2009 2855 2065; x_wconf 86' lang='lat' dir='ltr'><strong>illas</strong></span> <span class='ocrx_word' id='word_1_358' title='bbox 2885 2014 3081 2078; x_wconf 78' lang='lat' dir='ltr'><strong>oportet</strong></span> <span class='ocrx_word' id='word_1_359' title='bbox 3112 2020 3193 2058; x_wconf 82' lang='lat' dir='ltr'><strong>me</strong></span> <span class='ocrx_word' id='word_1_360' title='bbox 3231 2002 3549 2063; x_wconf 79' lang='lat' dir='ltr'><strong>adducere,</strong></span> <span class='ocrx_word' id='word_1_361' title='bbox 3588 2008 3633 2051; x_wconf 75' lang='lat' dir='ltr'><strong>et</strong></span> <span class='ocrx_word' id='word_1_362' title='bbox 3662 2014 3731 2049; x_wconf 68' lang='lat' dir='ltr'><strong>m-</strong></span> 
     </span>
    </p>
   </div>
   <div class='ocr_carea' id='block_1_49' title="bbox 2121 2088 3730 2169">
    <p class='ocr_par' dir='ltr' id='par_1_49' title="bbox 2121 2088 3730 2169">
     <span class='ocr_line' id='line_1_49' title="bbox 2121 2088 3730 2169; baseline -0.017 -3"><span class='ocrx_word' id='word_1_363' title='bbox 2121 2126 2232 2166; x_wconf 84' lang='lat' dir='ltr'><strong>cem</strong></span> <span class='ocrx_word' id='word_1_364' title='bbox 2256 2123 2426 2163; x_wconf 77' lang='lat' dir='ltr'><strong>meam</strong></span> <span class='ocrx_word' id='word_1_365' title='bbox 2455 2104 2691 2160; x_wconf 84' lang='lat' dir='ltr'><strong>audient.</strong></span> <span class='ocrx_word' id='word_1_366' title='bbox 2724 2102 2820 2156; x_wconf 88' lang='lat' dir='ltr'><strong>Est</strong></span> <span class='ocrx_word' id='word_1_367' title='bbox 2844 2098 3059 2169; x_wconf 86' lang='lat' dir='ltr'><strong>quippe,</strong></span> <span class='ocrx_word' id='word_1_368' title='bbox 3091 2101 3151 2148; x_wconf 88' lang='lat' dir='ltr'><strong>ut</strong></span> <span class='ocrx_word' id='word_1_369' title='bbox 3174 2091 3376 2155; x_wconf 80' lang='lat' dir='ltr'><strong>fertur,</strong></span> <span class='ocrx_word' id='word_1_370' title='bbox 3410 2088 3549 2144; x_wconf 73' lang='lat' dir='ltr'><strong>ovis</strong></span> <span class='ocrx_word' id='word_1_371' title='bbox 3590 2096 3730 2140; x_wconf 77' lang='lat' dir='ltr'><strong>natu-</strong></span> 
     </span>
    </p>
   </div>
   <div class='ocr_carea' id='block_1_50' title="bbox 2121 2184 3732 2269">
    <p class='ocr_par' dir='ltr' id='par_1_50' title="bbox 2121 2184 3732 2269">
     <span class='ocr_line' id='line_1_50' title="bbox 2121 2184 3732 2269; baseline -0.015 -14"><span class='ocrx_word' id='word_1_372' title='bbox 2121 2191 2310 2256; x_wconf 89' lang='lat' dir='ltr'><strong>raliter</strong></span> <span class='ocrx_word' id='word_1_373' title='bbox 2336 2212 2448 2269; x_wconf 69' lang='lat' dir='ltr'><strong>pra:</strong></span> <span class='ocrx_word' id='word_1_374' title='bbox 2467 2195 2719 2252; x_wconf 89' lang='lat' dir='ltr'><strong>omnibus</strong></span> <span class='ocrx_word' id='word_1_375' title='bbox 2747 2188 2950 2247; x_wconf 85' lang='lat' dir='ltr'><strong>animal</strong></span> <span class='ocrx_word' id='word_1_376' title='bbox 2995 2184 3451 2265; x_wconf 78' lang='lat' dir='ltr'><strong>inundissimum,</strong></span> <span class='ocrx_word' id='word_1_377' title='bbox 3484 2189 3548 2236; x_wconf 81' lang='lat' dir='ltr'><strong>et</strong></span> <span class='ocrx_word' id='word_1_378' title='bbox 3587 2188 3732 2233; x_wconf 80' lang='lat' dir='ltr'><strong>mas&#39;</strong></span> 
     </span>
    </p>
   </div>
   <div class='ocr_carea' id='block_1_51' title="bbox 2123 2270 3732 2354">
    <p class='ocr_par' dir='ltr' id='par_1_51' title="bbox 2123 2270 3732 2354">
     <span class='ocr_line' id='line_1_51' title="bbox 2123 2270 3732 2354; baseline -0.017 -6"><span class='ocrx_word' id='word_1_379' title='bbox 2123 2299 2355 2354; x_wconf 76' lang='lat' dir='ltr'><strong>auctum,</strong></span> <span class='ocrx_word' id='word_1_380' title='bbox 2384 2302 2485 2344; x_wconf 91' lang='lat' dir='ltr'><strong>nec</strong></span> <span class='ocrx_word' id='word_1_381' title='bbox 2513 2302 2622 2342; x_wconf 91' lang='lat' dir='ltr'><strong>non</strong></span> <span class='ocrx_word' id='word_1_382' title='bbox 2668 2291 2727 2340; x_wconf 91' lang='lat' dir='ltr'><strong>et</strong></span> <span class='ocrx_word' id='word_1_383' title='bbox 2771 2278 3103 2351; x_wconf 87' lang='lat' dir='ltr'><strong>simplicitati</strong></span> <span class='ocrx_word' id='word_1_384' title='bbox 3150 2275 3430 2330; x_wconf 85' lang='lat' dir='ltr'><strong>deditum.</strong></span> <span class='ocrx_word' id='word_1_385' title='bbox 3494 2270 3561 2326; x_wconf 88' lang='lat' dir='ltr'><strong>Si</strong></span> <span class='ocrx_word' id='word_1_386' title='bbox 3605 2270 3732 2324; x_wconf 73' lang='lat' dir='ltr'><strong>enim</strong></span> 
     </span>
    </p>
   </div>
   <div class='ocr_carea' id='block_1_52' title="bbox 2125 2360 3734 2452">
    <p class='ocr_par' dir='ltr' id='par_1_52' title="bbox 2125 2360 3734 2452">
     <span class='ocr_line' id='line_1_52' title="bbox 2125 2360 3734 2452; baseline -0.015 -14"><span class='ocrx_word' id='word_1_387' title='bbox 2125 2382 2309 2452; x_wconf 87' lang='lat' dir='ltr'><strong>aliqua</strong></span> <span class='ocrx_word' id='word_1_388' title='bbox 2344 2387 2431 2436; x_wconf 92' lang='lat' dir='ltr'><strong>est</strong></span> <span class='ocrx_word' id='word_1_389' title='bbox 2458 2374 2742 2434; x_wconf 88' lang='lat' dir='ltr'><strong>rationalis</strong></span> <span class='ocrx_word' id='word_1_390' title='bbox 2774 2381 2830 2429; x_wconf 92' lang='lat' dir='ltr'><strong>et</strong></span> <span class='ocrx_word' id='word_1_391' title='bbox 2858 2368 3198 2427; x_wconf 90' lang='lat' dir='ltr'><strong>inrationalis</strong></span> <span class='ocrx_word' id='word_1_392' title='bbox 3220 2363 3612 2434; x_wconf 82' lang='lat' dir='ltr'><strong>signiﬁcativa</strong></span> <span class='ocrx_word' id='word_1_393' title='bbox 3638 2360 3734 2415; x_wconf 82' lang='lat' dir='ltr'><strong>col-</strong></span> 
     </span>
    </p>
   </div>
   <div class='ocr_carea' id='block_1_53' title="bbox 2125 2450 3733 2541">
    <p class='ocr_par' dir='ltr' id='par_1_53' title="bbox 2125 2450 3733 2541">
     <span class='ocr_line' id='line_1_53' title="bbox 2125 2450 3733 2541; baseline -0.016 -13"><span class='ocrx_word' id='word_1_394' title='bbox 2125 2450 2278 2537; x_wconf 83' lang='lat' dir='ltr'><strong>latio,</strong></span> <span class='ocrx_word' id='word_1_395' title='bbox 2306 2484 2428 2541; x_wconf 69' lang='lat' dir='ltr'><strong>qua:</strong></span> <span class='ocrx_word' id='word_1_396' title='bbox 2450 2482 2547 2539; x_wconf 89' lang='lat' dir='ltr'><strong>per</strong></span> <span class='ocrx_word' id='word_1_397' title='bbox 2574 2464 2826 2522; x_wconf 89' lang='lat' dir='ltr'><strong>accidens</strong></span> <span class='ocrx_word' id='word_1_398' title='bbox 2876 2460 2955 2525; x_wconf 87' lang='lat' dir='ltr'><strong>ﬁt,</strong></span> <span class='ocrx_word' id='word_1_399' title='bbox 3002 2459 3127 2531; x_wconf 90' lang='lat' dir='ltr'><strong>jure</strong></span> <span class='ocrx_word' id='word_1_400' title='bbox 3168 2456 3224 2511; x_wconf 91' lang='lat' dir='ltr'><strong>in</strong></span> <span class='ocrx_word' id='word_1_401' title='bbox 3279 2453 3507 2508; x_wconf 84' lang='lat' dir='ltr'><strong>talibus</strong></span> <span class='ocrx_word' id='word_1_402' title='bbox 3553 2450 3733 2505; x_wconf 66' lang='lat' dir='ltr'><strong>similia</strong></span> 
     </span>
    </p>
   </div>
   <div class='ocr_carea' id='block_1_54' title="bbox 2128 2540 3733 2629">
    <p class='ocr_par' dir='ltr' id='par_1_54' title="bbox 2128 2540 3733 2629">
     <span class='ocr_line' id='line_1_54' title="bbox 2128 2540 3733 2629; baseline -0.017 -8"><span class='ocrx_word' id='word_1_403' title='bbox 2128 2540 2396 2622; x_wconf 81' lang='lat' dir='ltr'><strong>similibus</strong></span> <span class='ocrx_word' id='word_1_404' title='bbox 2430 2570 2828 2629; x_wconf 88' lang='lat' dir='ltr'><strong>comparamus.</strong></span> <span class='ocrx_word' id='word_1_405' title='bbox 2880 2552 2998 2607; x_wconf 85' lang='lat' dir='ltr'><strong>Non</strong></span> <span class='ocrx_word' id='word_1_406' title='bbox 3038 2549 3181 2604; x_wconf 91' lang='lat' dir='ltr'><strong>enim</strong></span> <span class='ocrx_word' id='word_1_407' title='bbox 3212 2546 3300 2600; x_wconf 88' lang='lat' dir='ltr'><strong>vir</strong></span> <span class='ocrx_word' id='word_1_408' title='bbox 3359 2552 3565 2598; x_wconf 83' lang='lat' dir='ltr'><strong>tantus</strong></span> <span class='ocrx_word' id='word_1_409' title='bbox 3589 2540 3733 2594; x_wconf 74' lang='lat' dir='ltr'><strong>talem</strong></span> 
     </span>
    </p>
   </div>
   <div class='ocr_carea' id='block_1_55' title="bbox 2127 2634 3734 2713">
    <p class='ocr_par' dir='ltr' id='par_1_55' title="bbox 2127 2634 3734 2713">
     <span class='ocr_line' id='line_1_55' title="bbox 2127 2634 3734 2713; baseline -0.016 0"><span class='ocrx_word' id='word_1_410' title='bbox 2127 2658 2296 2713; x_wconf 89' lang='lat' dir='ltr'><strong>vitam</strong></span> <span class='ocrx_word' id='word_1_411' title='bbox 2323 2669 2455 2710; x_wconf 90' lang='lat' dir='ltr'><strong>casu</strong></span> <span class='ocrx_word' id='word_1_412' title='bbox 2478 2650 2700 2707; x_wconf 81' lang='lat' dir='ltr'><strong>fortuito</strong></span> <span class='ocrx_word' id='word_1_413' title='bbox 2725 2646 2911 2704; x_wconf 90' lang='lat' dir='ltr'><strong>sortiri</strong></span> <span class='ocrx_word' id='word_1_414' title='bbox 2940 2641 3265 2700; x_wconf 85' lang='lat' dir='ltr'><strong>credendum</strong></span> <span class='ocrx_word' id='word_1_415' title='bbox 3294 2646 3413 2704; x_wconf 89' lang='lat' dir='ltr'><strong>est,</strong></span> <span class='ocrx_word' id='word_1_416' title='bbox 3444 2636 3556 2693; x_wconf 84' lang='lat' dir='ltr'><strong>sed</strong></span> <span class='ocrx_word' id='word_1_417' title='bbox 3586 2634 3734 2690; x_wconf 72' lang='lat' dir='ltr'><strong>futuri</strong></span> 
     </span>
    </p>
   </div>
   <div class='ocr_carea' id='block_1_56' title="bbox 2129 2730 3735 2821">
    <p class='ocr_par' dir='ltr' id='par_1_56' title="bbox 2129 2730 3735 2821">
     <span class='ocr_line' id='line_1_56' title="bbox 2129 2730 3735 2821; baseline -0.014 -16"><span class='ocrx_word' id='word_1_418' title='bbox 2129 2749 2249 2821; x_wconf 91' lang='lat' dir='ltr'><strong>ejus</strong></span> <span class='ocrx_word' id='word_1_419' title='bbox 2274 2745 2433 2803; x_wconf 77' lang='lat' dir='ltr'><strong>cilicii</strong></span> <span class='ocrx_word' id='word_1_420' title='bbox 2460 2743 2597 2801; x_wconf 89' lang='lat' dir='ltr'><strong>certi</strong></span> <span class='ocrx_word' id='word_1_421' title='bbox 2622 2741 2836 2797; x_wconf 88' lang='lat' dir='ltr'><strong>videtur</strong></span> <span class='ocrx_word' id='word_1_422' title='bbox 2882 2753 3002 2794; x_wconf 87' lang='lat' dir='ltr'><strong>esse</strong></span> <span class='ocrx_word' id='word_1_423' title='bbox 3053 2750 3219 2791; x_wconf 89' lang='lat' dir='ltr'><strong>causa</strong></span> <span class='ocrx_word' id='word_1_424' title='bbox 3263 2731 3494 2815; x_wconf 74' lang='lat' dir='ltr'><strong>indicii,</strong></span> <span class='ocrx_word' id='word_1_425' title='bbox 3553 2730 3735 2800; x_wconf 74' lang='lat' dir='ltr'><strong>quippe</strong></span> 
     </span>
    </p>
   </div>
   <div class='ocr_carea' id='block_1_57' title="bbox 2131 2808 3735 2909">
    <p class='ocr_par' dir='ltr' id='par_1_57' title="bbox 2131 2808 3735 2909">
     <span class='ocr_line' id='line_1_57' title="bbox 2131 2808 3735 2909; baseline -0.016 -12"><span class='ocrx_word' id='word_1_426' title='bbox 2131 2808 2219 2897; x_wconf 69' lang='lat' dir='ltr'><strong>cui</strong></span> <span class='ocrx_word' id='word_1_427' title='bbox 2269 2834 2567 2909; x_wconf 24' lang='lat' dir='ltr'><strong>delega‘nda</strong></span> <span class='ocrx_word' id='word_1_428' title='bbox 2605 2840 2724 2889; x_wconf 90' lang='lat' dir='ltr'><strong>erat</strong></span> <span class='ocrx_word' id='word_1_429' title='bbox 2778 2845 2910 2886; x_wconf 91' lang='lat' dir='ltr'><strong>cura</strong></span> <span class='ocrx_word' id='word_1_430' title='bbox 2957 2825 3268 2899; x_wconf 89' lang='lat' dir='ltr'><strong>pastoralis,</strong></span> <span class='ocrx_word' id='word_1_431' title='bbox 3315 2838 3429 2893; x_wconf 89' lang='lat' dir='ltr'><strong>qua</strong></span> <span class='ocrx_word' id='word_1_432' title='bbox 3464 2808 3547 2877; x_wconf 63' lang='grc' dir='ltr'><strong>ἐι</strong></span> <span class='ocrx_word' id='word_1_433' title='bbox 3586 2835 3735 2891; x_wconf 72' lang='lat' dir='ltr'><strong>agnos</strong></span> 
     </span>
    </p>
   </div>
   <div class='ocr_carea' id='block_1_58' title="bbox 2131 2915 3735 2999">
    <p class='ocr_par' dir='ltr' id='par_1_58' title="bbox 2131 2915 3735 2999">
     <span class='ocr_line' id='line_1_58' title="bbox 2131 2915 3735 2999; baseline -0.014 -11"><span class='ocrx_word' id='word_1_434' title='bbox 2131 2946 2257 2989; x_wconf 90' lang='lat' dir='ltr'><strong>cum</strong></span> <span class='ocrx_word' id='word_1_435' title='bbox 2295 2930 2458 2986; x_wconf 90' lang='lat' dir='ltr'><strong>Petro</strong></span> <span class='ocrx_word' id='word_1_436' title='bbox 2483 2940 2710 2999; x_wconf 86' lang='lat' dir='ltr'><strong>pascere</strong></span> <span class='ocrx_word' id='word_1_437' title='bbox 2733 2922 3042 2994; x_wconf 83' lang='lat' dir='ltr'><strong>evangelica</strong></span> <span class='ocrx_word' id='word_1_438' title='bbox 3074 2917 3390 2974; x_wconf 89' lang='lat' dir='ltr'><strong>obedientia</strong></span> <span class='ocrx_word' id='word_1_439' title='bbox 3415 2915 3672 2975; x_wconf 79' lang='lat' dir='ltr'><strong>deberet,</strong></span> <span class='ocrx_word' id='word_1_440' title='bbox 3692 2919 3735 2965; x_wconf 82' lang='lat' dir='ltr'><strong>et</strong></span> 
     </span>
    </p>
   </div>
   <div class='ocr_carea' id='block_1_59' title="bbox 2131 3006 3734 3094">
    <p class='ocr_par' dir='ltr' id='par_1_59' title="bbox 2131 3006 3734 3094">
     <span class='ocr_line' id='line_1_59' title="bbox 2131 3006 3734 3094; baseline -0.016 -8"><span class='ocrx_word' id='word_1_441' title='bbox 2131 3043 2281 3086; x_wconf 90' lang='lat' dir='ltr'><strong>oves.</strong></span> <span class='ocrx_word' id='word_1_442' title='bbox 2314 3026 2406 3082; x_wconf 89' lang='lat' dir='ltr'><strong>Sic</strong></span> <span class='ocrx_word' id='word_1_443' title='bbox 2433 3032 2490 3082; x_wconf 90' lang='lat' dir='ltr'><strong>et</strong></span> <span class='ocrx_word' id='word_1_444' title='bbox 2526 3025 2581 3080; x_wconf 91' lang='lat' dir='ltr'><strong>in</strong></span> <span class='ocrx_word' id='word_1_445' title='bbox 2635 3021 2999 3094; x_wconf 85' lang='lat' dir='ltr'><strong>apostolorum</strong></span> <span class='ocrx_word' id='word_1_446' title='bbox 3047 3014 3274 3071; x_wconf 81' lang='lat' dir='ltr'><strong>Actibus</strong></span> <span class='ocrx_word' id='word_1_447' title='bbox 3318 3011 3578 3081; x_wconf 82' lang='lat' dir='ltr'><strong>legimus</strong></span> <span class='ocrx_word' id='word_1_448' title='bbox 3611 3006 3734 3078; x_wconf 80' lang='lat' dir='ltr'><strong>quod</strong></span> 
     </span>
    </p>
   </div>
   <div class='ocr_carea' id='block_1_60' title="bbox 437 3102 3733 3197">
    <p class='ocr_par' dir='ltr' id='par_1_60' title="bbox 437 3102 3733 3197">
     <span class='ocr_line' id='line_1_60' title="bbox 437 3102 3733 3197; baseline -0.009 -16"><span class='ocrx_word' id='word_1_449' title='bbox 437 3134 522 3181; x_wconf 88' lang='lat' dir='ltr'><strong>est</strong></span> <span class='ocrx_word' id='word_1_450' title='bbox 551 3102 605 3180; x_wconf 85' lang='lat' dir='ltr'><strong>in</strong></span> <span class='ocrx_word' id='word_1_451' title='bbox 632 3125 723 3181; x_wconf 92' lang='lat' dir='ltr'><strong>illo</strong></span> <span class='ocrx_word' id='word_1_452' title='bbox 747 3126 890 3197; x_wconf 87' lang='lat' dir='ltr'><strong>quod</strong></span> <span class='ocrx_word' id='word_1_453' title='bbox 917 3102 1203 3181; x_wconf 79' lang='lat' dir='ltr'><strong>Psalmista</strong></span> <span class='ocrx_word' id='word_1_454' title='bbox 1241 3124 1355 3180; x_wconf 88' lang='lat' dir='ltr'><strong>ait:</strong></span> <span class='ocrx_word' id='word_1_455' title='bbox 1388 3122 1564 3179; x_wconf 88' lang='lat' dir='ltr'><strong>Homo</strong></span> <span class='ocrx_word' id='word_1_456' title='bbox 1594 3139 1715 3179; x_wconf 88' lang='lat' dir='ltr'><strong>cum</strong></span> <span class='ocrx_word' id='word_1_457' title='bbox 1760 3121 1814 3176; x_wconf 84' lang='lat' dir='ltr'><strong>in</strong></span> <span class='ocrx_word' id='word_1_458' title='bbox 1840 3122 2033 3175; x_wconf 81' lang='lat' dir='ltr'><strong>honore</strong></span> <span class='ocrx_word' id='word_1_459' title='bbox 2067 3186 2104 3197; x_wconf 82' lang='lat'>_</span> <span class='ocrx_word' id='word_1_460' title='bbox 2135 3120 2303 3176; x_wconf 85' lang='lat' dir='ltr'><strong>totius</strong></span> <span class='ocrx_word' id='word_1_461' title='bbox 2330 3116 2586 3174; x_wconf 80' lang='lat' dir='ltr'><strong>Ecclesiae</strong></span> <span class='ocrx_word' id='word_1_462' title='bbox 2613 3113 2876 3184; x_wconf 78' lang='lat' dir='ltr'><strong>magister</strong></span> <span class='ocrx_word' id='word_1_463' title='bbox 2902 3107 3101 3164; x_wconf 86' lang='lat' dir='ltr'><strong>Paulus</strong></span> <span class='ocrx_word' id='word_1_464' title='bbox 3138 3105 3206 3160; x_wconf 91' lang='lat' dir='ltr'><strong>de</strong></span> <span class='ocrx_word' id='word_1_465' title='bbox 3250 3102 3443 3156; x_wconf 89' lang='lat' dir='ltr'><strong>labore</strong></span> <span class='ocrx_word' id='word_1_466' title='bbox 3480 3112 3733 3154; x_wconf 70' lang='lat' dir='ltr'><strong>maxime:</strong></span> 
     </span>
    </p>
   </div>
   <div class='ocr_carea' id='block_1_61' title="bbox 437 3186 3732 3287">
    <p class='ocr_par' dir='ltr' id='par_1_61' title="bbox 437 3186 3732 3287">
     <span class='ocr_line' id='line_1_61' title="bbox 437 3186 3732 3287; baseline -0.008 -16"><span class='ocrx_word' id='word_1_467' title='bbox 437 3226 591 3283; x_wconf 84' lang='lat' dir='ltr'><strong>esset,</strong></span> <span class='ocrx_word' id='word_1_468' title='bbox 624 3233 728 3271; x_wconf 88' lang='lat' dir='ltr'><strong>non</strong></span> <span class='ocrx_word' id='word_1_469' title='bbox 755 3216 1031 3283; x_wconf 73' lang='lat' dir='ltr'><strong>intellexit,</strong></span> <span class='ocrx_word' id='word_1_470' title='bbox 1060 3226 1392 3287; x_wconf 83' lang='lat' dir='ltr'><strong>comparatus</strong></span> <span class='ocrx_word' id='word_1_471' title='bbox 1414 3224 1489 3271; x_wconf 83' lang='lat' dir='ltr'><strong>est</strong></span> <span class='ocrx_word' id='word_1_472' title='bbox 1506 3214 1757 3285; x_wconf 83' lang='lat' dir='ltr'><strong>jumentis</strong></span> <span class='ocrx_word' id='word_1_473' title='bbox 1784 3213 2033 3284; x_wconf 86' lang='lat' dir='ltr'><strong>insipien-</strong></span> <span class='ocrx_word' id='word_1_474' title='bbox 2060 3186 2107 3250; x_wconf 65' lang='grc' dir='ltr'>Ο</span> <span class='ocrx_word' id='word_1_475' title='bbox 2137 3226 2358 3271; x_wconf 88' lang='lat' dir='ltr'><strong>suarum</strong></span> <span class='ocrx_word' id='word_1_476' title='bbox 2386 3209 2607 3274; x_wconf 80' lang='lat' dir='ltr'><strong>vixerit,</strong></span> <span class='ocrx_word' id='word_1_477' title='bbox 2656 3213 2717 3262; x_wconf 93' lang='lat' dir='ltr'><strong>ut</strong></span> <span class='ocrx_word' id='word_1_478' title='bbox 2763 3202 2895 3259; x_wconf 91' lang='lat' dir='ltr'><strong>nulli</strong></span> <span class='ocrx_word' id='word_1_479' title='bbox 2943 3200 3251 3255; x_wconf 86' lang='lat' dir='ltr'><strong>auditorum</strong></span> <span class='ocrx_word' id='word_1_480' title='bbox 3299 3208 3548 3249; x_wconf 85' lang='lat' dir='ltr'><strong>suorum</strong></span> <span class='ocrx_word' id='word_1_481' title='bbox 3599 3191 3732 3246; x_wconf 67' lang='lat' dir='ltr'><strong>oneri</strong></span> 
     </span>
    </p>
   </div>
   <div class='ocr_carea' id='block_1_62' title="bbox 348 3303 2027 3377">
    <p class='ocr_par' dir='ltr' id='par_1_62' title="bbox 348 3303 2027 3377">
     <span class='ocr_line' id='line_1_62' title="bbox 348 3303 2027 3377; baseline -0.003 -15"><span class='ocrx_word' id='word_1_482' title='bbox 348 3366 354 3372; x_wconf 92' lang='lat'><strong>_</strong></span> <span class='ocrx_word' id='word_1_483' title='bbox 438 3305 599 3371; x_wconf 76' lang='lat' dir='ltr'><strong>tibus,</strong></span> <span class='ocrx_word' id='word_1_484' title='bbox 636 3316 683 3360; x_wconf 85' lang='lat' dir='ltr'><strong>et</strong></span> <span class='ocrx_word' id='word_1_485' title='bbox 710 3306 898 3361; x_wconf 79' lang='lat' dir='ltr'><strong>similis</strong></span> <span class='ocrx_word' id='word_1_486' title='bbox 928 3305 1098 3375; x_wconf 82' lang='lat' dir='ltr'><strong>factus</strong></span> <span class='ocrx_word' id='word_1_487' title='bbox 1139 3316 1213 3361; x_wconf 84' lang='lat' dir='ltr'><strong>est</strong></span> <span class='ocrx_word' id='word_1_488' title='bbox 1257 3305 1382 3361; x_wconf 85' lang='lat' dir='ltr'><strong>illis.</strong></span> <span class='ocrx_word' id='word_1_489' title='bbox 1435 3304 1671 3377; x_wconf 90' lang='lat' dir='ltr'><strong>Spiritus</strong></span> <span class='ocrx_word' id='word_1_490' title='bbox 1704 3304 1850 3359; x_wconf 91' lang='lat' dir='ltr'><strong>enim</strong></span> <span class='ocrx_word' id='word_1_491' title='bbox 1893 3303 2027 3358; x_wconf 83' lang='lat' dir='ltr'><strong>ado-</strong></span> 
     </span>
    </p>
   </div>
   <div class='ocr_carea' id='block_1_63' title="bbox 441 3392 2034 3466">
    <p class='ocr_par' dir='ltr' id='par_1_63' title="bbox 441 3392 2034 3466">
     <span class='ocr_line' id='line_1_63' title="bbox 441 3392 2034 3466; baseline 0 -18"><span class='ocrx_word' id='word_1_492' title='bbox 441 3393 670 3466; x_wconf 85' lang='lat' dir='ltr'><strong>ptionis,</strong></span> <span class='ocrx_word' id='word_1_493' title='bbox 692 3409 854 3464; x_wconf 89' lang='lat' dir='ltr'><strong>quem</strong></span> <span class='ocrx_word' id='word_1_494' title='bbox 880 3393 1071 3450; x_wconf 89' lang='lat' dir='ltr'><strong>beatus</strong></span> <span class='ocrx_word' id='word_1_495' title='bbox 1121 3393 1358 3451; x_wconf 90' lang='lat' dir='ltr'><strong>Severus</strong></span> <span class='ocrx_word' id='word_1_496' title='bbox 1385 3394 1441 3450; x_wconf 89' lang='lat' dir='ltr'><strong>in</strong></span> <span class='ocrx_word' id='word_1_497' title='bbox 1487 3410 1642 3450; x_wconf 89' lang='lat' dir='ltr'><strong>sacra</strong></span> <span class='ocrx_word' id='word_1_498' title='bbox 1694 3392 2034 3449; x_wconf 88' lang='lat' dir='ltr'><strong>renascentia</strong></span> 
     </span>
    </p>
   </div>
   <div class='ocr_carea' id='block_1_64' title="bbox 443 3484 2036 3558">
    <p class='ocr_par' dir='ltr' id='par_1_64' title="bbox 443 3484 2036 3558">
     <span class='ocr_line' id='line_1_64' title="bbox 443 3484 2036 3558; baseline -0.003 -14"><span class='ocrx_word' id='word_1_499' title='bbox 443 3486 705 3558; x_wconf 86' lang='lat' dir='ltr'><strong>suscepit,</strong></span> <span class='ocrx_word' id='word_1_500' title='bbox 731 3485 884 3556; x_wconf 89' lang='lat' dir='ltr'><strong>quasi</strong></span> <span class='ocrx_word' id='word_1_501' title='bbox 911 3485 1161 3542; x_wconf 89' lang='lat' dir='ltr'><strong>columba</strong></span> <span class='ocrx_word' id='word_1_502' title='bbox 1187 3485 1242 3541; x_wconf 93' lang='lat' dir='ltr'><strong>in</strong></span> <span class='ocrx_word' id='word_1_503' title='bbox 1269 3501 1499 3541; x_wconf 82' lang='lat' dir='ltr'><strong>caverna</strong></span> <span class='ocrx_word' id='word_1_504' title='bbox 1528 3486 1796 3552; x_wconf 80' lang='lat' dir='ltr'><strong>maceriae,</strong></span> <span class='ocrx_word' id='word_1_505' title='bbox 1826 3484 1906 3541; x_wconf 91' lang='lat' dir='ltr'><strong>sic</strong></span> <span class='ocrx_word' id='word_1_506' title='bbox 1925 3485 2036 3540; x_wconf 89' lang='lat' dir='ltr'><strong>vir-</strong></span> 
     </span>
    </p>
   </div>
   <div class='ocr_carea' id='block_1_65' title="bbox 444 3570 2036 3650">
    <p class='ocr_par' dir='ltr' id='par_1_65' title="bbox 444 3570 2036 3650">
     <span class='ocr_line' id='line_1_65' title="bbox 444 3570 2036 3650; baseline -0.003 -16"><span class='ocrx_word' id='word_1_507' title='bbox 444 3587 621 3634; x_wconf 80' lang='lat' dir='ltr'><strong>tutum</strong></span> <span class='ocrx_word' id='word_1_508' title='bbox 646 3576 821 3650; x_wconf 91' lang='lat' dir='ltr'><strong>pullos</strong></span> <span class='ocrx_word' id='word_1_509' title='bbox 847 3577 904 3633; x_wconf 90' lang='lat' dir='ltr'><strong>in</strong></span> <span class='ocrx_word' id='word_1_510' title='bbox 927 3576 1104 3633; x_wconf 86' lang='lat' dir='ltr'><strong>cordis</strong></span> <span class='ocrx_word' id='word_1_511' title='bbox 1129 3574 1246 3646; x_wconf 91' lang='lat' dir='ltr'><strong>ejus</strong></span> <span class='ocrx_word' id='word_1_512' title='bbox 1274 3570 1458 3632; x_wconf 86' lang='lat' dir='ltr'><strong>nidulo</strong></span> <span class='ocrx_word' id='word_1_513' title='bbox 1483 3576 1728 3642; x_wconf 90' lang='lat' dir='ltr'><strong>nutrivit,</strong></span> <span class='ocrx_word' id='word_1_514' title='bbox 1753 3589 1854 3631; x_wconf 89' lang='lat' dir='ltr'><strong>nec</strong></span> <span class='ocrx_word' id='word_1_515' title='bbox 1874 3573 1942 3630; x_wconf 91' lang='lat' dir='ltr'><strong>ab</strong></span> <span class='ocrx_word' id='word_1_516' title='bbox 1969 3587 2036 3630; x_wconf 90' lang='lat' dir='ltr'><strong>eo</strong></span> 
     </span>
    </p>
   </div>
   <div class='ocr_carea' id='block_1_66' title="bbox 442 3666 2039 3748">
    <p class='ocr_par' dir='ltr' id='par_1_66' title="bbox 442 3666 2039 3748">
     <span class='ocr_line' id='line_1_66' title="bbox 442 3666 2039 3748; baseline -0.003 -25"><span class='ocrx_word' id='word_1_517' title='bbox 442 3668 691 3748; x_wconf 81' lang='lat' dir='ltr'><strong>recessit,</strong></span> <span class='ocrx_word' id='word_1_518' title='bbox 724 3667 894 3724; x_wconf 83' lang='lat' dir='ltr'><strong>donec</strong></span> <span class='ocrx_word' id='word_1_519' title='bbox 916 3666 973 3723; x_wconf 90' lang='lat' dir='ltr'><strong>in</strong></span> <span class='ocrx_word' id='word_1_520' title='bbox 1000 3666 1263 3723; x_wconf 89' lang='lat' dir='ltr'><strong>electione</strong></span> <span class='ocrx_word' id='word_1_521' title='bbox 1290 3667 1583 3738; x_wconf 85' lang='lat' dir='ltr'><strong>pontiﬁcis,</strong></span> <span class='ocrx_word' id='word_1_522' title='bbox 1607 3667 1862 3737; x_wconf 91' lang='lat' dir='ltr'><strong>quoniam</strong></span> <span class='ocrx_word' id='word_1_523' title='bbox 1889 3680 2039 3720; x_wconf 88' lang='lat' dir='ltr'><strong>man-</strong></span> 
     </span>
    </p>
   </div>
   <div class='ocr_carea' id='block_1_67' title="bbox 442 3755 2039 3826">
    <p class='ocr_par' dir='ltr' id='par_1_67' title="bbox 442 3755 2039 3826">
     <span class='ocr_line' id='line_1_67' title="bbox 442 3755 2039 3826; baseline -0.002 -13"><span class='ocrx_word' id='word_1_524' title='bbox 442 3759 651 3823; x_wconf 87' lang='lat' dir='ltr'><strong>sitaret,</strong></span> <span class='ocrx_word' id='word_1_525' title='bbox 703 3757 1013 3814; x_wconf 88' lang='lat' dir='ltr'><strong>hominibus</strong></span> <span class='ocrx_word' id='word_1_526' title='bbox 1040 3757 1418 3814; x_wconf 91' lang='lat' dir='ltr'><strong>innotesceret.</strong></span> <span class='ocrx_word' id='word_1_527' title='bbox 1478 3756 1619 3812; x_wconf 88' lang='lat' dir='ltr'><strong>Ecce</strong></span> <span class='ocrx_word' id='word_1_528' title='bbox 1665 3755 1898 3826; x_wconf 90' lang='lat' dir='ltr'><strong>qualiter</strong></span> <span class='ocrx_word' id='word_1_529' title='bbox 1939 3755 2039 3811; x_wconf 88' lang='lat' dir='ltr'><strong>ho-</strong></span> 
     </span>
    </p>
   </div>
   <div class='ocr_carea' id='block_1_68' title="bbox 442 3837 2039 3917">
    <p class='ocr_par' dir='ltr' id='par_1_68' title="bbox 442 3837 2039 3917">
     <span class='ocr_line' id='line_1_68' title="bbox 442 3837 2039 3917; baseline -0.003 -14"><span class='ocrx_word' id='word_1_530' title='bbox 442 3846 620 3903; x_wconf 89' lang='lat' dir='ltr'><strong>mines</strong></span> <span class='ocrx_word' id='word_1_531' title='bbox 646 3844 928 3902; x_wconf 90' lang='lat' dir='ltr'><strong>christiani</strong></span> <span class='ocrx_word' id='word_1_532' title='bbox 957 3845 1122 3901; x_wconf 87' lang='lat' dir='ltr'><strong>vitam</strong></span> <span class='ocrx_word' id='word_1_533' title='bbox 1172 3853 1505 3917; x_wconf 88' lang='lat' dir='ltr'><strong>postponunt</strong></span> <span class='ocrx_word' id='word_1_534' title='bbox 1545 3837 1848 3911; x_wconf 73' lang='lat' dir='ltr'><strong>caelestem,</strong></span> <span class='ocrx_word' id='word_1_535' title='bbox 1890 3852 2039 3916; x_wconf 86' lang='lat' dir='ltr'><strong>post-</strong></span> 
     </span>
    </p>
   </div>
   <div class='ocr_carea' id='block_1_69' title="bbox 445 3937 2039 4012">
    <p class='ocr_par' dir='ltr' id='par_1_69' title="bbox 445 3937 2039 4012">
     <span class='ocr_line' id='line_1_69' title="bbox 445 3937 2039 4012; baseline -0.003 -16"><span class='ocrx_word' id='word_1_536' title='bbox 445 3956 610 4012; x_wconf 88' lang='lat' dir='ltr'><strong>quam</strong></span> <span class='ocrx_word' id='word_1_537' title='bbox 636 3940 703 3995; x_wconf 90' lang='lat' dir='ltr'><strong>ab</strong></span> <span class='ocrx_word' id='word_1_538' title='bbox 727 3939 839 3996; x_wconf 91' lang='lat' dir='ltr'><strong>alto</strong></span> <span class='ocrx_word' id='word_1_539' title='bbox 866 3938 1185 3995; x_wconf 76' lang='lat' dir='ltr'><strong>innocentia:</strong></span> <span class='ocrx_word' id='word_1_540' title='bbox 1206 3939 1456 4005; x_wconf 89' lang='lat' dir='ltr'><strong>culmine,</strong></span> <span class='ocrx_word' id='word_1_541' title='bbox 1482 3946 1735 4009; x_wconf 84' lang='lat' dir='ltr'><strong>corrupta</strong></span> <span class='ocrx_word' id='word_1_542' title='bbox 1763 3937 2039 3995; x_wconf 91' lang='lat' dir='ltr'><strong>conscien-</strong></span> 
     </span>
    </p>
   </div>
   <div class='ocr_carea' id='block_1_70' title="bbox 447 4029 2038 4102">
    <p class='ocr_par' dir='ltr' id='par_1_70' title="bbox 447 4029 2038 4102">
     <span class='ocr_line' id='line_1_70' title="bbox 447 4029 2038 4102; baseline -0.003 -13"><span class='ocrx_word' id='word_1_543' title='bbox 447 4034 550 4100; x_wconf 85' lang='lat' dir='ltr'><strong>tia,</strong></span> <span class='ocrx_word' id='word_1_544' title='bbox 579 4032 823 4089; x_wconf 89' lang='lat' dir='ltr'><strong>incidunt</strong></span> <span class='ocrx_word' id='word_1_545' title='bbox 852 4033 904 4088; x_wconf 92' lang='lat' dir='ltr'><strong>in</strong></span> <span class='ocrx_word' id='word_1_546' title='bbox 933 4040 1247 4089; x_wconf 87' lang='lat' dir='ltr'><strong>terrestrem</strong></span> <span class='ocrx_word' id='word_1_547' title='bbox 1275 4041 1332 4087; x_wconf 95' lang='lat' dir='ltr'><strong>et</strong></span> <span class='ocrx_word' id='word_1_548' title='bbox 1358 4031 1655 4102; x_wconf 85' lang='lat' dir='ltr'><strong>pecualem.</strong></span> <span class='ocrx_word' id='word_1_549' title='bbox 1680 4029 1881 4086; x_wconf 80' lang='lat' dir='ltr'><strong>Habuit</strong></span> <span class='ocrx_word' id='word_1_550' title='bbox 1907 4043 2038 4101; x_wconf 84' lang='lat' dir='ltr'><strong>ergo</strong></span> 
     </span>
    </p>
   </div>
   <div class='ocr_carea' id='block_1_71' title="bbox 445 4122 2035 4196">
    <p class='ocr_par' dir='ltr' id='par_1_71' title="bbox 445 4122 2035 4196">
     <span class='ocr_line' id='line_1_71' title="bbox 445 4122 2035 4196; baseline -0.003 -14"><span class='ocrx_word' id='word_1_551' title='bbox 445 4126 533 4182; x_wconf 82' lang='lat' dir='ltr'><strong>vir</strong></span> <span class='ocrx_word' id='word_1_552' title='bbox 561 4124 787 4196; x_wconf 77' lang='lat' dir='ltr'><strong>simplex</strong></span> <span class='ocrx_word' id='word_1_553' title='bbox 825 4133 881 4182; x_wconf 93' lang='lat' dir='ltr'><strong>et</strong></span> <span class='ocrx_word' id='word_1_554' title='bbox 906 4135 1086 4182; x_wconf 90' lang='lat' dir='ltr'><strong>rectus</strong></span> <span class='ocrx_word' id='word_1_555' title='bbox 1111 4127 1304 4182; x_wconf 90' lang='lat' dir='ltr'><strong>beatus</strong></span> <span class='ocrx_word' id='word_1_556' title='bbox 1340 4123 1574 4180; x_wconf 87' lang='lat' dir='ltr'><strong>Severus</strong></span> <span class='ocrx_word' id='word_1_557' title='bbox 1603 4123 1904 4193; x_wconf 81' lang='lat' dir='ltr'><strong>conjugem,</strong></span> <span class='ocrx_word' id='word_1_558' title='bbox 1934 4122 2035 4177; x_wconf 89' lang='lat' dir='ltr'><strong>ha-</strong></span> 
     </span>
    </p>
   </div>
   <div class='ocr_carea' id='block_1_72' title="bbox 448 4214 2037 4288">
    <p class='ocr_par' dir='ltr' id='par_1_72' title="bbox 448 4214 2037 4288">
     <span class='ocr_line' id='line_1_72' title="bbox 448 4214 2037 4288; baseline -0.003 -15"><span class='ocrx_word' id='word_1_559' title='bbox 448 4215 572 4273; x_wconf 87' lang='lat' dir='ltr'><strong>buit</strong></span> <span class='ocrx_word' id='word_1_560' title='bbox 607 4224 664 4272; x_wconf 90' lang='lat' dir='ltr'><strong>et</strong></span> <span class='ocrx_word' id='word_1_561' title='bbox 680 4214 869 4283; x_wconf 86' lang='lat' dir='ltr'><strong>ﬁliam,</strong></span> <span class='ocrx_word' id='word_1_562' title='bbox 908 4217 1002 4273; x_wconf 86' lang='lat' dir='ltr'><strong>sed</strong></span> <span class='ocrx_word' id='word_1_563' title='bbox 1030 4225 1154 4273; x_wconf 91' lang='lat' dir='ltr'><strong>ante</strong></span> <span class='ocrx_word' id='word_1_564' title='bbox 1196 4217 1585 4288; x_wconf 88' lang='lat' dir='ltr'><strong>episcopatum.</strong></span> <span class='ocrx_word' id='word_1_565' title='bbox 1618 4214 1887 4285; x_wconf 84' lang='lat' dir='ltr'><strong>Numquid</strong></span> <span class='ocrx_word' id='word_1_566' title='bbox 1910 4228 2037 4269; x_wconf 90' lang='lat' dir='ltr'><strong>nam</strong></span> 
     </span>
    </p>
   </div>
   <div class='ocr_carea' id='block_1_73' title="bbox 450 4305 2039 4382">
    <p class='ocr_par' dir='ltr' id='par_1_73' title="bbox 450 4305 2039 4382">
     <span class='ocr_line' id='line_1_73' title="bbox 450 4305 2039 4382; baseline -0.004 -17"><span class='ocrx_word' id='word_1_567' title='bbox 450 4321 740 4382; x_wconf 86' lang='lat' dir='ltr'><strong>propterea</strong></span> <span class='ocrx_word' id='word_1_568' title='bbox 766 4310 1071 4381; x_wconf 87' lang='lat' dir='ltr'><strong>episcopatu</strong></span> <span class='ocrx_word' id='word_1_569' title='bbox 1102 4309 1357 4380; x_wconf 84' lang='lat' dir='ltr'><strong>indignus</strong></span> <span class='ocrx_word' id='word_1_570' title='bbox 1400 4308 1605 4373; x_wconf 80' lang='lat' dir='ltr'><strong>extitit,</strong></span> <span class='ocrx_word' id='word_1_571' title='bbox 1653 4305 1776 4378; x_wconf 88' lang='lat' dir='ltr'><strong>quia</strong></span> <span class='ocrx_word' id='word_1_572' title='bbox 1806 4321 2039 4362; x_wconf 84' lang='lat' dir='ltr'><strong>uxorcu-</strong></span> 
     </span>
    </p>
   </div>
   <div class='ocr_carea' id='block_1_74' title="bbox 451 4395 2039 4469">
    <p class='ocr_par' dir='ltr' id='par_1_74' title="bbox 451 4395 2039 4469">
     <span class='ocr_line' id='line_1_74' title="bbox 451 4395 2039 4469; baseline -0.004 -13"><span class='ocrx_word' id='word_1_573' title='bbox 451 4400 563 4457; x_wconf 90' lang='lat' dir='ltr'><strong>lam</strong></span> <span class='ocrx_word' id='word_1_574' title='bbox 584 4399 812 4456; x_wconf 87' lang='lat' dir='ltr'><strong>habuit?</strong></span> <span class='ocrx_word' id='word_1_575' title='bbox 838 4398 1013 4455; x_wconf 82' lang='lat' dir='ltr'><strong>Absit.</strong></span> <span class='ocrx_word' id='word_1_576' title='bbox 1055 4398 1347 4469; x_wconf 85' lang='lat' dir='ltr'><strong>Numquid,</strong></span> <span class='ocrx_word' id='word_1_577' title='bbox 1368 4407 1429 4455; x_wconf 92' lang='lat' dir='ltr'><strong>ut</strong></span> <span class='ocrx_word' id='word_1_578' title='bbox 1471 4412 1632 4468; x_wconf 87' lang='lat' dir='ltr'><strong>supra</strong></span> <span class='ocrx_word' id='word_1_579' title='bbox 1662 4396 1933 4452; x_wconf 83' lang='lat' dir='ltr'><strong>cervicem</strong></span> <span class='ocrx_word' id='word_1_580' title='bbox 1960 4395 2039 4450; x_wconf 85' lang='lat' dir='ltr'><strong>lo-</strong></span> 
     </span>
    </p>
   </div>
   <div class='ocr_carea' id='block_1_75' title="bbox 451 4486 2038 4564">
    <p class='ocr_par' dir='ltr' id='par_1_75' title="bbox 451 4486 2038 4564">
     <span class='ocr_line' id='line_1_75' title="bbox 451 4486 2038 4564; baseline -0.004 -15"><span class='ocrx_word' id='word_1_581' title='bbox 451 4509 703 4564; x_wconf 87' lang='lat' dir='ltr'><strong>quamur,</strong></span> <span class='ocrx_word' id='word_1_582' title='bbox 751 4494 944 4549; x_wconf 87' lang='lat' dir='ltr'><strong>beatus</strong></span> <span class='ocrx_word' id='word_1_583' title='bbox 994 4490 1361 4561; x_wconf 87' lang='lat' dir='ltr'><strong>apostolorum</strong></span> <span class='ocrx_word' id='word_1_584' title='bbox 1410 4489 1665 4561; x_wconf 89' lang='lat' dir='ltr'><strong>princeps</strong></span> <span class='ocrx_word' id='word_1_585' title='bbox 1716 4487 1874 4559; x_wconf 81' lang='lat' dir='ltr'><strong>legali</strong></span> <span class='ocrx_word' id='word_1_586' title='bbox 1914 4486 2038 4555; x_wconf 88' lang='lat' dir='ltr'><strong>jure</strong></span> 
     </span>
    </p>
   </div>
   <div class='ocr_carea' id='block_1_76' title="bbox 2136 3281 3733 3360">
    <p class='ocr_par' dir='ltr' id='par_1_76' title="bbox 2136 3281 3733 3360">
     <span class='ocr_line' id='line_1_76' title="bbox 2136 3281 3733 3360; baseline -0.016 -1"><span class='ocrx_word' id='word_1_587' title='bbox 2136 3310 2300 3360; x_wconf 90' lang='lat' dir='ltr'><strong>esset.</strong></span> <span class='ocrx_word' id='word_1_588' title='bbox 2350 3300 2481 3355; x_wconf 88' lang='lat' dir='ltr'><strong>Erat</strong></span> <span class='ocrx_word' id='word_1_589' title='bbox 2523 3306 2703 3354; x_wconf 91' lang='lat' dir='ltr'><strong>autem</strong></span> <span class='ocrx_word' id='word_1_590' title='bbox 2754 3290 3176 3352; x_wconf 73' lang='lat' dir='ltr'><strong>scaenofactoria:</strong></span> <span class='ocrx_word' id='word_1_591' title='bbox 3238 3282 3421 3342; x_wconf 69' lang='lat' dir='ltr'><strong>artis:</strong></span> <span class='ocrx_word' id='word_1_592' title='bbox 3457 3281 3733 3352; x_wconf 74' lang='lat' dir='ltr'><strong>Numquid</strong></span> 
     </span>
    </p>
   </div>
   <div class='ocr_carea' id='block_1_77' title="bbox 2135 3372 3735 3450">
    <p class='ocr_par' dir='ltr' id='par_1_77' title="bbox 2135 3372 3735 3450">
     <span class='ocr_line' id='line_1_77' title="bbox 2135 3372 3735 3450; baseline -0.014 -2"><span class='ocrx_word' id='word_1_593' title='bbox 2135 3408 2265 3448; x_wconf 88' lang='lat' dir='ltr'><strong>nam</strong></span> <span class='ocrx_word' id='word_1_594' title='bbox 2292 3391 2495 3448; x_wconf 88' lang='lat' dir='ltr'><strong>Paulus</strong></span> <span class='ocrx_word' id='word_1_595' title='bbox 2519 3389 2737 3445; x_wconf 88' lang='lat' dir='ltr'><strong>aliunde</strong></span> <span class='ocrx_word' id='word_1_596' title='bbox 2758 3385 3007 3441; x_wconf 82' lang='lat' dir='ltr'><strong>victitare</strong></span> <span class='ocrx_word' id='word_1_597' title='bbox 3034 3397 3140 3437; x_wconf 89' lang='lat' dir='ltr'><strong>non</strong></span> <span class='ocrx_word' id='word_1_598' title='bbox 3167 3385 3403 3450; x_wconf 89' lang='lat' dir='ltr'><strong>poterat,</strong></span> <span class='ocrx_word' id='word_1_599' title='bbox 3433 3376 3542 3446; x_wconf 86' lang='lat' dir='ltr'><strong>qui</strong></span> <span class='ocrx_word' id='word_1_600' title='bbox 3576 3372 3735 3429; x_wconf 77' lang='lat' dir='ltr'><strong>omi-</strong></span> 
     </span>
    </p>
   </div>
   <div class='ocr_carea' id='block_1_78' title="bbox 2134 3461 3733 3552">
    <p class='ocr_par' dir='ltr' id='par_1_78' title="bbox 2134 3461 3733 3552">
     <span class='ocr_line' id='line_1_78' title="bbox 2134 3461 3733 3552; baseline -0.014 -11"><span class='ocrx_word' id='word_1_601' title='bbox 2134 3484 2238 3541; x_wconf 92' lang='lat' dir='ltr'><strong>bus</strong></span> <span class='ocrx_word' id='word_1_602' title='bbox 2262 3483 2469 3539; x_wconf 87' lang='lat' dir='ltr'><strong>artibus</strong></span> <span class='ocrx_word' id='word_1_603' title='bbox 2496 3481 2688 3552; x_wconf 92' lang='lat' dir='ltr'><strong>plenus</strong></span> <span class='ocrx_word' id='word_1_604' title='bbox 2719 3477 2882 3532; x_wconf 85' lang='lat' dir='ltr'><strong>erat?</strong></span> <span class='ocrx_word' id='word_1_605' title='bbox 2919 3474 3140 3530; x_wconf 87' lang='lat' dir='ltr'><strong>Poterat</strong></span> <span class='ocrx_word' id='word_1_606' title='bbox 3173 3471 3405 3540; x_wconf 89' lang='lat' dir='ltr'><strong>utique;</strong></span> <span class='ocrx_word' id='word_1_607' title='bbox 3458 3466 3573 3521; x_wconf 77' lang='lat' dir='ltr'><strong>sed</strong></span> <span class='ocrx_word' id='word_1_608' title='bbox 3615 3461 3733 3520; x_wconf 82' lang='lat' dir='ltr'><strong>certi</strong></span> 
     </span>
    </p>
   </div>
   <div class='ocr_carea' id='block_1_79' title="bbox 2136 3556 3734 3645">
    <p class='ocr_par' dir='ltr' id='par_1_79' title="bbox 2136 3556 3734 3645">
     <span class='ocr_line' id='line_1_79' title="bbox 2136 3556 3734 3645; baseline -0.014 -13"><span class='ocrx_word' id='word_1_609' title='bbox 2136 3590 2299 3633; x_wconf 84' lang='lat' dir='ltr'><strong>causa</strong></span> <span class='ocrx_word' id='word_1_610' title='bbox 2320 3572 2563 3645; x_wconf 85' lang='lat' dir='ltr'><strong>mysterii</strong></span> <span class='ocrx_word' id='word_1_611' title='bbox 2598 3568 2870 3626; x_wconf 88' lang='lat' dir='ltr'><strong>credimus</strong></span> <span class='ocrx_word' id='word_1_612' title='bbox 2899 3562 3134 3627; x_wconf 83' lang='lat' dir='ltr'><strong>actitari,</strong></span> <span class='ocrx_word' id='word_1_613' title='bbox 3160 3569 3220 3617; x_wconf 92' lang='lat' dir='ltr'><strong>ut</strong></span> <span class='ocrx_word' id='word_1_614' title='bbox 3238 3558 3379 3629; x_wconf 80' lang='lat' dir='ltr'><strong>quia</strong></span> <span class='ocrx_word' id='word_1_615' title='bbox 3411 3556 3734 3629; x_wconf 61' lang='lat' dir='ltr'><strong>praedm</strong></span> 
     </span>
    </p>
   </div>
   <div class='ocr_carea' id='block_1_80' title="bbox 2135 3648 3735 3739">
    <p class='ocr_par' dir='ltr' id='par_1_80' title="bbox 2135 3648 3735 3739">
     <span class='ocr_line' id='line_1_80' title="bbox 2135 3648 3735 3739; baseline -0.014 -14"><span class='ocrx_word' id='word_1_616' title='bbox 2135 3668 2385 3739; x_wconf 80' lang='lat' dir='ltr'><strong>egregius</strong></span> <span class='ocrx_word' id='word_1_617' title='bbox 2429 3665 2611 3721; x_wconf 88' lang='lat' dir='ltr'><strong>omnia</strong></span> <span class='ocrx_word' id='word_1_618' title='bbox 2661 3678 2782 3734; x_wconf 71' lang='lat' dir='ltr'><strong>qua:</strong></span> <span class='ocrx_word' id='word_1_619' title='bbox 2811 3658 3059 3714; x_wconf 86' lang='lat' dir='ltr'><strong>ﬁdelibus</strong></span> <span class='ocrx_word' id='word_1_620' title='bbox 3108 3653 3449 3725; x_wconf 63' lang='lat' dir='ltr'><strong>praedicavit,</strong></span> <span class='ocrx_word' id='word_1_621' title='bbox 3504 3663 3589 3705; x_wconf 80' lang='lat' dir='ltr'><strong>ne</strong></span> <span class='ocrx_word' id='word_1_622' title='bbox 3638 3648 3735 3717; x_wconf 71' lang='lat' dir='ltr'><strong>ipse</strong></span> 
     </span>
    </p>
   </div>
   <div class='ocr_carea' id='block_1_81' title="bbox 2136 3740 3733 3833">
    <p class='ocr_par' dir='ltr' id='par_1_81' title="bbox 2136 3740 3733 3833">
     <span class='ocr_line' id='line_1_81' title="bbox 2136 3740 3733 3833; baseline -0.016 -14"><span class='ocrx_word' id='word_1_623' title='bbox 2136 3761 2401 3833; x_wconf 82' lang='lat' dir='ltr'><strong>reprobus</strong></span> <span class='ocrx_word' id='word_1_624' title='bbox 2426 3757 2746 3820; x_wconf 82' lang='lat' dir='ltr'><strong>elliceretur,</strong></span> <span class='ocrx_word' id='word_1_625' title='bbox 2781 3751 3035 3825; x_wconf 89' lang='lat' dir='ltr'><strong>operibus</strong></span> <span class='ocrx_word' id='word_1_626' title='bbox 3081 3744 3521 3807; x_wconf 77' lang='lat' dir='ltr'><strong>commendavit,</strong></span> <span class='ocrx_word' id='word_1_627' title='bbox 3576 3740 3733 3796; x_wconf 70' lang='grc' dir='ltr'><strong>ιιιοῶ</strong></span> 
     </span>
    </p>
   </div>
   <div class='ocr_carea' id='block_1_82' title="bbox 2137 3832 3733 3920">
    <p class='ocr_par' dir='ltr' id='par_1_82' title="bbox 2137 3832 3733 3920">
     <span class='ocr_line' id='line_1_82' title="bbox 2137 3832 3733 3920; baseline -0.016 -11"><span class='ocrx_word' id='word_1_628' title='bbox 2137 3832 2387 3909; x_wconf 86' lang='lat' dir='ltr'><strong>omnibus</strong></span> <span class='ocrx_word' id='word_1_629' title='bbox 2416 3848 2722 3920; x_wconf 86' lang='lat' dir='ltr'><strong>oportebat,</strong></span> <span class='ocrx_word' id='word_1_630' title='bbox 2756 3852 2819 3899; x_wconf 91' lang='lat' dir='ltr'><strong>ut</strong></span> <span class='ocrx_word' id='word_1_631' title='bbox 2843 3850 2899 3898; x_wconf 90' lang='lat' dir='ltr'><strong>et</strong></span> <span class='ocrx_word' id='word_1_632' title='bbox 2926 3854 3184 3897; x_wconf 90' lang='lat' dir='ltr'><strong>manuum</strong></span> <span class='ocrx_word' id='word_1_633' title='bbox 3209 3834 3328 3904; x_wconf 90' lang='lat' dir='ltr'><strong>ejus</strong></span> <span class='ocrx_word' id='word_1_634' title='bbox 3359 3833 3599 3888; x_wconf 77' lang='lat' dir='ltr'><strong>labores</strong></span> <span class='ocrx_word' id='word_1_635' title='bbox 3626 3832 3733 3885; x_wconf 65' lang='lat' dir='ltr'><strong>vita</strong></span> 
     </span>
    </p>
   </div>
   <div class='ocr_carea' id='block_1_83' title="bbox 2137 3924 3731 4016">
    <p class='ocr_par' dir='ltr' id='par_1_83' title="bbox 2137 3924 3731 4016">
     <span class='ocr_line' id='line_1_83' title="bbox 2137 3924 3731 4016; baseline -0.016 -14"><span class='ocrx_word' id='word_1_636' title='bbox 2137 3952 2195 4002; x_wconf 90' lang='lat' dir='ltr'><strong>et</strong></span> <span class='ocrx_word' id='word_1_637' title='bbox 2242 3940 2614 4016; x_wconf 68' lang='lat' dir='ltr'><strong>prtedicationi</strong></span> <span class='ocrx_word' id='word_1_638' title='bbox 2663 3936 2781 4008; x_wconf 89' lang='lat' dir='ltr'><strong>ejus</strong></span> <span class='ocrx_word' id='word_1_639' title='bbox 2822 3932 3194 3990; x_wconf 89' lang='lat' dir='ltr'><strong>testimonium</strong></span> <span class='ocrx_word' id='word_1_640' title='bbox 3246 3929 3482 3991; x_wconf 89' lang='lat' dir='ltr'><strong>darent;</strong></span> <span class='ocrx_word' id='word_1_641' title='bbox 3528 3935 3593 3981; x_wconf 87' lang='lat' dir='ltr'><strong>et</strong></span> <span class='ocrx_word' id='word_1_642' title='bbox 3622 3924 3731 3996; x_wconf 73' lang='lat' dir='ltr'><strong>quia</strong></span> 
     </span>
    </p>
   </div>
   <div class='ocr_carea' id='block_1_84' title="bbox 2136 4016 3731 4107">
    <p class='ocr_par' dir='ltr' id='par_1_84' title="bbox 2136 4016 3731 4107">
     <span class='ocr_line' id='line_1_84' title="bbox 2136 4016 3731 4107; baseline -0.016 -15"><span class='ocrx_word' id='word_1_643' title='bbox 2136 4050 2274 4107; x_wconf 91' lang='lat' dir='ltr'><strong>opus</strong></span> <span class='ocrx_word' id='word_1_644' title='bbox 2314 4035 2490 4105; x_wconf 89' lang='lat' dir='ltr'><strong>ipsum</strong></span> <span class='ocrx_word' id='word_1_645' title='bbox 2532 4031 2677 4087; x_wconf 90' lang='lat' dir='ltr'><strong>unde</strong></span> <span class='ocrx_word' id='word_1_646' title='bbox 2718 4026 2938 4082; x_wconf 87' lang='lat' dir='ltr'><strong>vivebat</strong></span> <span class='ocrx_word' id='word_1_647' title='bbox 2983 4016 3475 4091; x_wconf 82' lang='lat' dir='ltr'><strong>commigrantibus</strong></span> <span class='ocrx_word' id='word_1_648' title='bbox 3499 4026 3566 4071; x_wconf 80' lang='lat' dir='ltr'><strong>et</strong></span> <span class='ocrx_word' id='word_1_649' title='bbox 3590 4029 3731 4086; x_wconf 81' lang='lat' dir='ltr'><strong>pere-</strong></span> 
     </span>
    </p>
   </div>
   <div class='ocr_carea' id='block_1_85' title="bbox 2137 4108 3732 4198">
    <p class='ocr_par' dir='ltr' id='par_1_85' title="bbox 2137 4108 3732 4198">
     <span class='ocr_line' id='line_1_85' title="bbox 2137 4108 3732 4198; baseline -0.014 -16"><span class='ocrx_word' id='word_1_650' title='bbox 2137 4124 2477 4198; x_wconf 85' lang='lat' dir='ltr'><strong>grinantibus</strong></span> <span class='ocrx_word' id='word_1_651' title='bbox 2526 4117 2891 4177; x_wconf 84' lang='lat' dir='ltr'><strong>necessarium</strong></span> <span class='ocrx_word' id='word_1_652' title='bbox 2937 4122 3077 4176; x_wconf 85' lang='lat' dir='ltr'><strong>erat,</strong></span> <span class='ocrx_word' id='word_1_653' title='bbox 3128 4113 3249 4176; x_wconf 90' lang='lat' dir='ltr'><strong>hoc,</strong></span> <span class='ocrx_word' id='word_1_654' title='bbox 3281 4109 3431 4180; x_wconf 90' lang='lat' dir='ltr'><strong>quod</strong></span> <span class='ocrx_word' id='word_1_655' title='bbox 3466 4108 3595 4179; x_wconf 84' lang='lat' dir='ltr'><strong>ipse</strong></span> <span class='ocrx_word' id='word_1_656' title='bbox 3619 4120 3732 4161; x_wconf 74' lang='lat' dir='ltr'><strong>eae-</strong></span> 
     </span>
    </p>
   </div>
   <div class='ocr_carea' id='block_1_86' title="bbox 2136 4197 3729 4286">
    <p class='ocr_par' dir='ltr' id='par_1_86' title="bbox 2136 4197 3729 4286">
     <span class='ocr_line' id='line_1_86' title="bbox 2136 4197 3729 4286; baseline -0.015 -14"><span class='ocrx_word' id='word_1_657' title='bbox 2136 4197 2401 4286; x_wconf 88' lang='lat' dir='ltr'><strong>temptum</strong></span> <span class='ocrx_word' id='word_1_658' title='bbox 2427 4211 2613 4267; x_wconf 90' lang='lat' dir='ltr'><strong>mundi</strong></span> <span class='ocrx_word' id='word_1_659' title='bbox 2637 4206 2971 4280; x_wconf 86' lang='lat' dir='ltr'><strong>persuadens</strong></span> <span class='ocrx_word' id='word_1_660' title='bbox 3009 4202 3310 4272; x_wconf 89' lang='lat' dir='ltr'><strong>scripturus</strong></span> <span class='ocrx_word' id='word_1_661' title='bbox 3333 4205 3481 4262; x_wconf 86' lang='lat' dir='ltr'><strong>erat,</strong></span> <span class='ocrx_word' id='word_1_662' title='bbox 3506 4197 3729 4252; x_wconf 78' lang='lat' dir='ltr'><strong>dicens:</strong></span> 
     </span>
    </p>
   </div>
   <div class='ocr_carea' id='block_1_87' title="bbox 2141 4288 3730 4361">
    <p class='ocr_par' dir='ltr' id='par_1_87' title="bbox 2141 4288 3730 4361">
     <span class='ocr_line' id='line_1_87' title="bbox 2141 4288 3730 4361; baseline -0.014 0"><span class='ocrx_word' id='word_1_663' title='bbox 2141 4304 2265 4361; x_wconf 88' lang='lat' dir='ltr'><strong>Non</strong></span> <span class='ocrx_word' id='word_1_664' title='bbox 2293 4304 2539 4358; x_wconf 81' lang='lat' dir='ltr'><strong>habemus</strong></span> <span class='ocrx_word' id='word_1_665' title='bbox 2573 4301 2656 4354; x_wconf 82' lang='lat' dir='ltr'><strong>hic</strong></span> <span class='ocrx_word' id='word_1_666' title='bbox 2708 4306 3003 4353; x_wconf 83' lang='lat' dir='ltr'><strong>manentem</strong></span> <span class='ocrx_word' id='word_1_667' title='bbox 3047 4293 3331 4353; x_wconf 77' lang='lat' dir='ltr'><strong>civitatem,</strong></span> <span class='ocrx_word' id='word_1_668' title='bbox 3360 4289 3459 4343; x_wconf 82' lang='lat' dir='ltr'><strong>sed</strong></span> <span class='ocrx_word' id='word_1_669' title='bbox 3501 4288 3730 4357; x_wconf 67' lang='lat' dir='ltr'><strong>fatur:-</strong></span> 
     </span>
    </p>
   </div>
   <div class='ocr_carea' id='block_1_88' title="bbox 2136 4376 3730 4468">
    <p class='ocr_par' dir='ltr' id='par_1_88' title="bbox 2136 4376 3730 4468">
     <span class='ocr_line' id='line_1_88' title="bbox 2136 4376 3730 4468; baseline -0.012 -17"><span class='ocrx_word' id='word_1_670' title='bbox 2136 4395 2489 4468; x_wconf 76' lang='lat' dir='ltr'><strong>inquirimus;</strong></span> <span class='ocrx_word' id='word_1_671' title='bbox 2515 4393 2627 4463; x_wconf 89' lang='lat' dir='ltr'><strong>jam</strong></span> <span class='ocrx_word' id='word_1_672' title='bbox 2662 4400 2790 4444; x_wconf 90' lang='lat' dir='ltr'><strong>tunc</strong></span> <span class='ocrx_word' id='word_1_673' title='bbox 2817 4386 3050 4459; x_wconf 85' lang='lat' dir='ltr'><strong>quadam</strong></span> <span class='ocrx_word' id='word_1_674' title='bbox 3089 4396 3337 4453; x_wconf 60' lang='lat' dir='ltr'><strong>prasaga</strong></span> <span class='ocrx_word' id='word_1_675' title='bbox 3361 4376 3730 4452; x_wconf 64' lang='lat' dir='ltr'><strong>linguaoﬁeii</strong></span> 
     </span>
    </p>
   </div>
   <div class='ocr_carea' id='block_1_89' title="bbox 2144 4470 3733 4557">
    <p class='ocr_par' dir='ltr' id='par_1_89' title="bbox 2144 4470 3733 4557">
     <span class='ocr_line' id='line_1_89' title="bbox 2144 4470 3733 4557; baseline -0.014 -12"><span class='ocrx_word' id='word_1_676' title='bbox 2144 4489 2226 4546; x_wconf 89' lang='lat' dir='ltr'><strong>sui</strong></span> <span class='ocrx_word' id='word_1_677' title='bbox 2256 4500 2469 4557; x_wconf 64' lang='lat' dir='ltr'><strong>{equum</strong></span> <span class='ocrx_word' id='word_1_678' title='bbox 2493 4484 2593 4539; x_wconf 81' lang='lat' dir='ltr'><strong>fuit</strong></span> <span class='ocrx_word' id='word_1_679' title='bbox 2620 4491 2680 4537; x_wconf 88' lang='lat' dir='ltr'><strong>ut</strong></span> <span class='ocrx_word' id='word_1_680' title='bbox 2699 4478 3056 4552; x_wconf 78' lang='lat' dir='ltr'><strong>signiﬁcative</strong></span> <span class='ocrx_word' id='word_1_681' title='bbox 3100 4475 3445 4545; x_wconf 85' lang='lat' dir='ltr'><strong>loqueretur,</strong></span> <span class='ocrx_word' id='word_1_682' title='bbox 3474 4486 3540 4527; x_wconf 85' lang='lat' dir='ltr'><strong>ac</strong></span> <span class='ocrx_word' id='word_1_683' title='bbox 3568 4471 3622 4525; x_wconf 83' lang='lat' dir='ltr'><strong>si</strong></span> <span class='ocrx_word' id='word_1_684' title='bbox 3644 4470 3733 4524; x_wconf 75' lang='lat' dir='ltr'><strong>bu-</strong></span> 
     </span>
    </p>
   </div>
   <div class='ocr_carea' id='block_1_90' title="bbox 450 4551 3729 4657">
    <p class='ocr_par' dir='ltr' id='par_1_90' title="bbox 450 4551 3729 4657">
     <span class='ocr_line' id='line_1_90' title="bbox 450 4551 3729 4657; baseline -0.009 -15"><span class='ocrx_word' id='word_1_685' title='bbox 450 4583 760 4657; x_wconf 85' lang='lat' dir='ltr'><strong>conjugium</strong></span> <span class='ocrx_word' id='word_1_686' title='bbox 788 4599 895 4639; x_wconf 85' lang='lat' dir='ltr'><strong>non</strong></span> <span class='ocrx_word' id='word_1_687' title='bbox 940 4581 1170 4638; x_wconf 88' lang='lat' dir='ltr'><strong>habuit?</strong></span> <span class='ocrx_word' id='word_1_688' title='bbox 1199 4579 1391 4636; x_wconf 80' lang='lat' dir='ltr'><strong>Habuit</strong></span> <span class='ocrx_word' id='word_1_689' title='bbox 1435 4580 1617 4651; x_wconf 88' lang='lat' dir='ltr'><strong>plane,</strong></span> <span class='ocrx_word' id='word_1_690' title='bbox 1664 4580 1759 4636; x_wconf 91' lang='lat' dir='ltr'><strong>sed</strong></span> <span class='ocrx_word' id='word_1_691' title='bbox 1770 4551 1930 4635; x_wconf 37' lang='lat' dir='ltr'><strong>vente-</strong></span> <span class='ocrx_word' id='word_1_692' title='bbox 1947 4594 2042 4635; x_wconf 84' lang='lat' dir='ltr'><strong>vo-</strong></span> <span class='ocrx_word' id='word_1_693' title='bbox 2067 4551 2120 4611; x_wconf 79' lang='lat' dir='ltr'><strong>D</strong></span> <span class='ocrx_word' id='word_1_694' title='bbox 2144 4594 2305 4635; x_wconf 87' lang='lat' dir='ltr'><strong>mana</strong></span> <span class='ocrx_word' id='word_1_695' title='bbox 2322 4551 2549 4633; x_wconf 55' lang='lat' dir='ltr'><strong>ratione</strong></span> <span class='ocrx_word' id='word_1_696' title='bbox 2575 4574 2689 4646; x_wconf 86' lang='lat' dir='ltr'><strong>ipsa</strong></span> <span class='ocrx_word' id='word_1_697' title='bbox 2715 4551 3101 4628; x_wconf 81' lang='lat' dir='ltr'><strong>obumbracula</strong></span> <span class='ocrx_word' id='word_1_698' title='bbox 3138 4574 3337 4641; x_wconf 73' lang='lat' dir='ltr'><strong>aperte</strong></span> <span class='ocrx_word' id='word_1_699' title='bbox 3373 4578 3439 4618; x_wconf 87' lang='lat' dir='ltr'><strong>se</strong></span> <span class='ocrx_word' id='word_1_700' title='bbox 3462 4560 3729 4619; x_wconf 67' lang='lat' dir='ltr'><strong>utentibus</strong></span> 
     </span>
    </p>
   </div>
   <div class='ocr_carea' id='block_1_91' title="bbox 452 4652 3729 4742">
    <p class='ocr_par' dir='ltr' id='par_1_91' title="bbox 452 4652 3729 4742">
     <span class='ocr_line' id='line_1_91' title="bbox 452 4652 3729 4742; baseline -0.008 -10"><span class='ocrx_word' id='word_1_701' title='bbox 452 4652 745 4732; x_wconf 72' lang='lat' dir='ltr'><strong>cationem.</strong></span> <span class='ocrx_word' id='word_1_702' title='bbox 787 4673 989 4729; x_wconf 87' lang='lat' dir='ltr'><strong>Eadem</strong></span> <span class='ocrx_word' id='word_1_703' title='bbox 1032 4672 1264 4742; x_wconf 89' lang='lat' dir='ltr'><strong>denique</strong></span> <span class='ocrx_word' id='word_1_704' title='bbox 1296 4671 1507 4727; x_wconf 89' lang='lat' dir='ltr'><strong>ratione</strong></span> <span class='ocrx_word' id='word_1_705' title='bbox 1551 4672 1745 4726; x_wconf 80' lang='lat' dir='ltr'><strong>beatus</strong></span> <span class='ocrx_word' id='word_1_706' title='bbox 1785 4669 2040 4737; x_wconf 80' lang='lat' dir='ltr'><strong>Severus,</strong></span> <span class='ocrx_word' id='word_1_707' title='bbox 2144 4673 2423 4728; x_wconf 88' lang='lat' dir='ltr'><strong>dicerent:</strong></span> <span class='ocrx_word' id='word_1_708' title='bbox 2454 4666 2667 4731; x_wconf 67' lang='lat' dir='ltr'><strong>Videte,</strong></span> <span class='ocrx_word' id='word_1_709' title='bbox 2696 4680 2730 4720; x_wconf 93' lang='grc' dir='ltr'><strong>ο</strong></span> <span class='ocrx_word' id='word_1_710' title='bbox 2768 4669 2949 4718; x_wconf 63' lang='lat' dir='ltr'><strong>nauta:</strong></span> <span class='ocrx_word' id='word_1_711' title='bbox 2981 4669 3037 4715; x_wconf 79' lang='lat' dir='ltr'><strong>et</strong></span> <span class='ocrx_word' id='word_1_712' title='bbox 3070 4659 3309 4714; x_wconf 76' lang='lat' dir='ltr'><strong>viatores</strong></span> <span class='ocrx_word' id='word_1_713' title='bbox 3332 4653 3641 4726; x_wconf 81' lang='lat' dir='ltr'><strong>peregrini,</strong></span> <span class='ocrx_word' id='word_1_714' title='bbox 3658 4652 3729 4707; x_wconf 75' lang='lat' dir='ltr'><strong>in-</strong></span> 
     </span>
    </p>
   </div>
   <div class='ocr_carea' id='block_1_92' title="bbox 448 4747 3729 4841">
    <p class='ocr_par' dir='ltr' id='par_1_92' title="bbox 448 4747 3729 4841">
     <span class='ocr_line' id='line_1_92' title="bbox 448 4747 3729 4841; baseline -0.006 -17"><span class='ocrx_word' id='word_1_715' title='bbox 448 4766 727 4841; x_wconf 82' lang='lat' dir='ltr'><strong>Evangelii</strong></span> <span class='ocrx_word' id='word_1_716' title='bbox 748 4766 861 4840; x_wconf 82' lang='lat' dir='ltr'><strong>jam</strong></span> <span class='ocrx_word' id='word_1_717' title='bbox 905 4766 1108 4837; x_wconf 89' lang='lat' dir='ltr'><strong>passim</strong></span> <span class='ocrx_word' id='word_1_718' title='bbox 1137 4772 1458 4822; x_wconf 86' lang='lat' dir='ltr'><strong>coruscante</strong></span> <span class='ocrx_word' id='word_1_719' title='bbox 1489 4765 1746 4841; x_wconf 81' lang='lat' dir='ltr'><strong>novitate,</strong></span> <span class='ocrx_word' id='word_1_720' title='bbox 1792 4764 2044 4835; x_wconf 75' lang='lat' dir='ltr'><strong>coniugio</strong></span> <span class='ocrx_word' id='word_1_721' title='bbox 2145 4756 2501 4820; x_wconf 78' lang='lat' dir='ltr'><strong>Strtt&#39;mentum</strong></span> <span class='ocrx_word' id='word_1_722' title='bbox 2527 4766 2581 4812; x_wconf 87' lang='lat' dir='ltr'><strong>et</strong></span> <span class='ocrx_word' id='word_1_723' title='bbox 2606 4756 2781 4811; x_wconf 71' lang='lat' dir='ltr'><strong>vilem.</strong></span> <span class='ocrx_word' id='word_1_724' title='bbox 2820 4752 3102 4809; x_wconf 85' lang='lat' dir='ltr'><strong>materiam</strong></span> <span class='ocrx_word' id='word_1_725' title='bbox 3152 4747 3503 4819; x_wconf 77' lang='lat' dir='ltr'><strong>tugurion</strong></span> <span class='ocrx_word' id='word_1_726' title='bbox 3533 4752 3729 4803; x_wconf 66' lang='lat' dir='ltr'><strong>vestu-</strong></span> 
     </span>
    </p>
   </div>
   <div class='ocr_carea' id='block_1_93' title="bbox 452 4836 3728 4937">
    <p class='ocr_par' dir='ltr' id='par_1_93' title="bbox 452 4836 3728 4937">
     <span class='ocr_line' id='line_1_93' title="bbox 452 4836 3728 4937; baseline -0.008 -22"><span class='ocrx_word' id='word_1_727' title='bbox 452 4836 764 4931; x_wconf 38' lang='lat' dir='ltr'><strong>eopulatus&#39;</strong></span> <span class='ocrx_word' id='word_1_728' title='bbox 781 4857 904 4937; x_wconf 80' lang='lat' dir='ltr'><strong>fuit,</strong></span> <span class='ocrx_word' id='word_1_729' title='bbox 941 4856 1068 4927; x_wconf 87' lang='lat' dir='ltr'><strong>quia</strong></span> <span class='ocrx_word' id='word_1_730' title='bbox 1095 4854 1444 4911; x_wconf 73' lang='lat' dir='ltr'><strong>continentia:</strong></span> <span class='ocrx_word' id='word_1_731' title='bbox 1466 4836 1656 4911; x_wconf 77' lang='lat' dir='ltr'><strong>vatum</strong></span> <span class='ocrx_word' id='word_1_732' title='bbox 1683 4869 1791 4909; x_wconf 89' lang='lat' dir='ltr'><strong>non</strong></span> <span class='ocrx_word' id='word_1_733' title='bbox 1831 4855 2040 4919; x_wconf 79' lang='lat' dir='ltr'><strong>habuit,</strong></span> <span class='ocrx_word' id='word_1_734' title='bbox 2145 4870 2285 4921; x_wconf 88' lang='lat' dir='ltr'><strong>rum,</strong></span> <span class='ocrx_word' id='word_1_735' title='bbox 2313 4861 2369 4909; x_wconf 87' lang='lat' dir='ltr'><strong>et</strong></span> <span class='ocrx_word' id='word_1_736' title='bbox 2395 4866 2463 4906; x_wconf 78' lang='lat' dir='ltr'><strong>ex</strong></span> <span class='ocrx_word' id='word_1_737' title='bbox 2491 4849 2701 4905; x_wconf 86' lang='lat' dir='ltr'><strong>ratione</strong></span> <span class='ocrx_word' id='word_1_738' title='bbox 2729 4853 2929 4903; x_wconf 75' lang='lat' dir='ltr'><strong>nostra:</strong></span> <span class='ocrx_word' id='word_1_739' title='bbox 2949 4841 3103 4898; x_wconf 87' lang='lat' dir='ltr'><strong>vobis</strong></span> <span class='ocrx_word' id='word_1_740' title='bbox 3126 4838 3357 4909; x_wconf 78' lang='lat' dir='ltr'><strong>cognita:</strong></span> <span class='ocrx_word' id='word_1_741' title='bbox 3378 4845 3597 4892; x_wconf 67' lang='lat' dir='ltr'><strong>natura</strong></span> <span class='ocrx_word' id='word_1_742' title='bbox 3619 4849 3728 4906; x_wconf 80' lang='lat' dir='ltr'><strong>per-</strong></span> 
     </span>
    </p>
   </div>
   <div class='ocr_carea' id='block_1_94' title="bbox 450 4926 3725 5024">
    <p class='ocr_par' dir='ltr' id='par_1_94' title="bbox 450 4926 3725 5024">
     <span class='ocr_line' id='line_1_94' title="bbox 450 4926 3725 5024; baseline -0.007 -16"><span class='ocrx_word' id='word_1_743' title='bbox 450 4926 632 5024; x_wconf 79' lang='lat' dir='ltr'><strong>ncque</strong></span> <span class='ocrx_word' id='word_1_744' title='bbox 658 4926 1018 5009; x_wconf 76' lang='lat' dir='ltr'><strong>doctar&#39;orbis</strong></span> <span class='ocrx_word' id='word_1_745' title='bbox 1057 4949 1277 5005; x_wconf 72' lang='lat' dir='ltr'><strong>Paulus“</strong></span> <span class='ocrx_word' id='word_1_746' title='bbox 1301 4948 1451 5004; x_wconf 89' lang='lat' dir='ltr'><strong>illum</strong></span> <span class='ocrx_word' id='word_1_747' title='bbox 1493 4948 1791 5019; x_wconf 85' lang='lat' dir='ltr'><strong>prohibuit,</strong></span> <span class='ocrx_word' id='word_1_748' title='bbox 1821 4950 1917 5005; x_wconf 91' lang='lat' dir='ltr'><strong>sed</strong></span> <span class='ocrx_word' id='word_1_749' title='bbox 1932 4964 2039 5021; x_wconf 66' lang='lat' dir='ltr'><strong>‘po-</strong></span> <span class='ocrx_word' id='word_1_750' title='bbox 2136 4945 2364 5021; x_wconf 76' lang='lat' dir='ltr'><strong>pendite</strong></span> <span class='ocrx_word' id='word_1_751' title='bbox 2389 4942 2766 5002; x_wconf 69' lang='lat' dir='ltr'><strong>misitudinem</strong></span> <span class='ocrx_word' id='word_1_752' title='bbox 2794 4935 3071 5010; x_wconf 81' lang='lat' dir='ltr'><strong>dignitatis</strong></span> <span class='ocrx_word' id='word_1_753' title='bbox 3103 4940 3323 4997; x_wconf 66' lang='lat' dir='ltr'><strong>vestrae,</strong></span> <span class='ocrx_word' id='word_1_754' title='bbox 3351 4945 3531 5000; x_wconf 82' lang='lat' dir='ltr'><strong>quam</strong></span> <span class='ocrx_word' id='word_1_755' title='bbox 3562 4926 3725 4999; x_wconf 63' lang='lat' dir='ltr'><strong>quia</strong></span> 
     </span>
    </p>
   </div>
   <div class='ocr_carea' id='block_1_95' title="bbox 454 5023 3728 5113">
    <p class='ocr_par' dir='ltr' id='par_1_95' title="bbox 454 5023 3728 5113">
     <span class='ocr_line' id='line_1_95' title="bbox 454 5023 3728 5113; baseline -0.008 -12"><span class='ocrx_word' id='word_1_756' title='bbox 454 5043 565 5101; x_wconf 88' lang='lat' dir='ltr'><strong>tius</strong></span> <span class='ocrx_word' id='word_1_757' title='bbox 596 5059 880 5102; x_wconf 83' lang='lat' dir='ltr'><strong>assensum</strong></span> <span class='ocrx_word' id='word_1_758' title='bbox 908 5042 1076 5100; x_wconf 89' lang='lat' dir='ltr'><strong>dedit.</strong></span> <span class='ocrx_word' id='word_1_759' title='bbox 1134 5042 1275 5099; x_wconf 89' lang='lat' dir='ltr'><strong>Ecce</strong></span> <span class='ocrx_word' id='word_1_760' title='bbox 1323 5040 1518 5098; x_wconf 88' lang='lat' dir='ltr'><strong>Petrus</strong></span> <span class='ocrx_word' id='word_1_761' title='bbox 1572 5042 1641 5099; x_wconf 85' lang='lat' dir='ltr'><strong>ad</strong></span> <span class='ocrx_word' id='word_1_762' title='bbox 1681 5036 2043 5113; x_wconf 85' lang='lat' dir='ltr'><strong>apostolatum</strong></span> <span class='ocrx_word' id='word_1_763' title='bbox 2142 5044 2349 5096; x_wconf 79' lang='lat' dir='ltr'><strong>noster‘</strong></span> <span class='ocrx_word' id='word_1_764' title='bbox 2377 5042 2852 5107; x_wconf 73' lang='lat' dir='ltr'><strong>atque-censerier</strong></span> <span class='ocrx_word' id='word_1_765' title='bbox 2884 5029 3084 5086; x_wconf 79' lang='lat' dir='ltr'><strong>Paulus</strong></span> <span class='ocrx_word' id='word_1_766' title='bbox 3135 5027 3255 5083; x_wconf 84' lang='lat' dir='ltr'><strong>sine</strong></span> <span class='ocrx_word' id='word_1_767' title='bbox 3291 5023 3611 5083; x_wconf 81' lang='lat' dir='ltr'><strong>cessatione</strong></span> <span class='ocrx_word' id='word_1_768' title='bbox 3646 5035 3728 5075; x_wconf 77' lang='lat' dir='ltr'><strong>vos</strong></span> 
     </span>
    </p>
   </div>
   <div class='ocr_carea' id='block_1_96' title="bbox 455 5111 3726 5202">
    <p class='ocr_par' dir='ltr' id='par_1_96' title="bbox 455 5111 3726 5202">
     <span class='ocr_line' id='line_1_96' title="bbox 455 5111 3726 5202; baseline -0.006 -14"><span class='ocrx_word' id='word_1_769' title='bbox 455 5143 703 5202; x_wconf 85' lang='lat' dir='ltr'><strong>vocatus,</strong></span> <span class='ocrx_word' id='word_1_770' title='bbox 727 5143 785 5192; x_wconf 91' lang='lat' dir='ltr'><strong>et</strong></span> <span class='ocrx_word' id='word_1_771' title='bbox 804 5134 1011 5193; x_wconf 91' lang='lat' dir='ltr'><strong>electus</strong></span> <span class='ocrx_word' id='word_1_772' title='bbox 1037 5133 1390 5190; x_wconf 88' lang='lat' dir='ltr'><strong>circumducit</strong></span> <span class='ocrx_word' id='word_1_773' title='bbox 1420 5146 1667 5200; x_wconf 74' lang='lat' dir='ltr'><strong>uxorem,</strong></span> <span class='ocrx_word' id='word_1_774' title='bbox 1694 5111 1790 5189; x_wconf 79' lang='lat' dir='ltr'><strong>sed</strong></span> <span class='ocrx_word' id='word_1_775' title='bbox 1817 5148 1923 5189; x_wconf 91' lang='lat' dir='ltr'><strong>non</strong></span> <span class='ocrx_word' id='word_1_776' title='bbox 1938 5132 2045 5188; x_wconf 90' lang='lat' dir='ltr'><strong>uti-</strong></span> <span class='ocrx_word' id='word_1_777' title='bbox 2149 5118 2339 5188; x_wconf 75' lang='lat' dir='ltr'><strong>docet.</strong></span> <span class='ocrx_word' id='word_1_778' title='bbox 2359 5127 2469 5184; x_wconf 89' lang='lat' dir='ltr'><strong>Nos</strong></span> <span class='ocrx_word' id='word_1_779' title='bbox 2490 5127 2759 5196; x_wconf 78' lang='lat' dir='ltr'><strong>Originem</strong></span> <span class='ocrx_word' id='word_1_780' title='bbox 2791 5122 2861 5178; x_wconf 91' lang='lat' dir='ltr'><strong>de</strong></span> <span class='ocrx_word' id='word_1_781' title='bbox 2887 5120 3043 5192; x_wconf 87' lang='lat' dir='ltr'><strong>aquis</strong></span> <span class='ocrx_word' id='word_1_782' title='bbox 3066 5116 3419 5187; x_wconf 85' lang='lat' dir='ltr'><strong>sumpsimus,</strong></span> <span class='ocrx_word' id='word_1_783' title='bbox 3451 5116 3587 5171; x_wconf 79' lang='lat' dir='ltr'><strong>etin</strong></span> <span class='ocrx_word' id='word_1_784' title='bbox 3608 5111 3726 5183; x_wconf 58' lang='grc' dir='ltr'><strong>ι·ῂὸ</strong></span> 
     </span>
    </p>
   </div>
   <div class='ocr_carea' id='block_1_97' title="bbox 457 5209 3727 5305">
    <p class='ocr_par' dir='ltr' id='par_1_97' title="bbox 457 5209 3727 5305">
     <span class='ocr_line' id='line_1_97' title="bbox 457 5209 3727 5305; baseline -0.004 -27"><span class='ocrx_word' id='word_1_785' title='bbox 457 5229 569 5290; x_wconf 91' lang='lat' dir='ltr'><strong>tur,</strong></span> <span class='ocrx_word' id='word_1_786' title='bbox 594 5240 732 5280; x_wconf 76' lang='lat' dir='ltr'><strong>uxor</strong></span> <span class='ocrx_word' id='word_1_787' title='bbox 752 5225 951 5305; x_wconf 85' lang='lat' dir='ltr'><strong>quippe</strong></span> <span class='ocrx_word' id='word_1_788' title='bbox 980 5225 1035 5281; x_wconf 92' lang='lat' dir='ltr'><strong>in</strong></span> <span class='ocrx_word' id='word_1_789' title='bbox 1054 5239 1299 5283; x_wconf 90' lang='lat' dir='ltr'><strong>sororem</strong></span> <span class='ocrx_word' id='word_1_790' title='bbox 1325 5214 1588 5281; x_wconf 83' lang='lat' dir='ltr'><strong>conversa</strong></span> <span class='ocrx_word' id='word_1_791' title='bbox 1626 5233 1730 5292; x_wconf 90' lang='lat' dir='ltr'><strong>est,</strong></span> <span class='ocrx_word' id='word_1_792' title='bbox 1760 5225 1889 5296; x_wconf 87' lang='lat' dir='ltr'><strong>quia</strong></span> <span class='ocrx_word' id='word_1_793' title='bbox 1916 5240 2046 5282; x_wconf 85' lang='lat' dir='ltr'><strong>vero</strong></span> <span class='ocrx_word' id='word_1_794' title='bbox 2146 5230 2459 5295; x_wconf 80' lang='lat' dir='ltr'><strong>stagnorum</strong></span> <span class='ocrx_word' id='word_1_795' title='bbox 2490 5219 2789 5284; x_wconf 75' lang='lat' dir='ltr'><strong>nascimur,</strong></span> <span class='ocrx_word' id='word_1_796' title='bbox 2828 5223 2883 5270; x_wconf 86' lang='lat' dir='ltr'><strong>et</strong></span> <span class='ocrx_word' id='word_1_797' title='bbox 2914 5221 3077 5268; x_wconf 74' lang='lat' dir='ltr'><strong>tanta:</strong></span> <span class='ocrx_word' id='word_1_798' title='bbox 3117 5209 3358 5267; x_wconf 76' lang='lat' dir='ltr'><strong>levitatis</strong></span> <span class='ocrx_word' id='word_1_799' title='bbox 3388 5217 3561 5279; x_wconf 82' lang='lat' dir='ltr'><strong>atque</strong></span> <span class='ocrx_word' id='word_1_800' title='bbox 3580 5221 3727 5277; x_wconf 70' lang='lat' dir='ltr'><strong>alpe-</strong></span> 
     </span>
    </p>
   </div>
   <div class='ocr_carea' id='block_1_98' title="bbox 459 5294 3725 5393">
    <p class='ocr_par' dir='ltr' id='par_1_98' title="bbox 459 5294 3725 5393">
     <span class='ocr_line' id='line_1_98' title="bbox 459 5294 3725 5393; baseline -0.007 -19"><span class='ocrx_word' id='word_1_801' title='bbox 459 5316 673 5391; x_wconf 69' lang='lat' dir='ltr'><strong>oriente</strong></span> <span class='ocrx_word' id='word_1_802' title='bbox 721 5294 923 5393; x_wconf 67' lang='lat' dir='ltr'><strong>mundo</strong></span> <span class='ocrx_word' id='word_1_803' title='bbox 971 5316 1105 5378; x_wconf 72' lang='lat' dir='ltr'><strong>Sole~</strong></span> <span class='ocrx_word' id='word_1_804' title='bbox 1129 5318 1263 5374; x_wconf 90' lang='lat' dir='ltr'><strong>ordo</strong></span> <span class='ocrx_word' id='word_1_805' title='bbox 1292 5306 1611 5389; x_wconf 79' lang='lat' dir='ltr'><strong>temporum</strong></span> <span class='ocrx_word' id='word_1_806' title='bbox 1656 5294 1896 5373; x_wconf 79' lang='lat' dir='ltr'><strong>mutatus</strong></span> <span class='ocrx_word' id='word_1_807' title='bbox 1937 5324 2042 5373; x_wconf 92' lang='lat' dir='ltr'><strong>est.</strong></span> <span class='ocrx_word' id='word_1_808' title='bbox 2152 5313 2374 5377; x_wconf 87' lang='lat' dir='ltr'><strong>ditionis</strong></span> <span class='ocrx_word' id='word_1_809' title='bbox 2399 5300 3449 5374; x_wconf 49' lang='lat' dir='ltr'><strong>sumusyutxetlacile-a.conviantihus</strong></span> <span class='ocrx_word' id='word_1_810' title='bbox 3474 5294 3725 5370; x_wconf 75' lang='lat' dir='ltr'><strong>asportati</strong></span> 
     </span>
    </p>
   </div>
   <div class='ocr_carea' id='block_1_99' title="bbox 452 5391 3725 5489">
    <p class='ocr_par' dir='ltr' id='par_1_99' title="bbox 452 5391 3725 5489">
     <span class='ocr_line' id='line_1_99' title="bbox 452 5391 3725 5489; baseline -0.011 -11"><span class='ocrx_word' id='word_1_811' title='bbox 452 5402 581 5487; x_wconf 62' lang='grc' dir='ltr'><strong>,ῘΡξβ</strong></span> <span class='ocrx_word' id='word_1_812' title='bbox 603 5406 769 5487; x_wconf 57' lang='lat' dir='ltr'><strong>enim,</strong></span> <span class='ocrx_word' id='word_1_813' title='bbox 799 5391 895 5485; x_wconf 72' lang='lat' dir='ltr'><strong>qui</strong></span> <span class='ocrx_word' id='word_1_814' title='bbox 924 5408 1123 5469; x_wconf 89' lang='lat' dir='ltr'><strong>dudum</strong></span> <span class='ocrx_word' id='word_1_815' title='bbox 1158 5418 1256 5483; x_wconf 82' lang='lat' dir='ltr'><strong>per</strong></span> <span class='ocrx_word' id='word_1_816' title='bbox 1298 5408 1471 5489; x_wconf 84' lang='lat' dir='ltr'><strong>legem</strong></span> <span class='ocrx_word' id='word_1_817' title='bbox 1523 5399 1804 5487; x_wconf 79' lang='lat' dir='ltr'><strong>mandavit</strong></span> <span class='ocrx_word' id='word_1_818' title='bbox 1840 5402 1936 5465; x_wconf 83' lang='lat' dir='ltr'><strong>eos</strong></span> <span class='ocrx_word' id='word_1_819' title='bbox 1958 5408 2049 5479; x_wconf 83' lang='lat' dir='ltr'><strong>qui</strong></span> <span class='ocrx_word' id='word_1_820' title='bbox 2149 5404 2440 5487; x_wconf 81' lang='lat' dir='ltr'><strong>possimus,</strong></span> <span class='ocrx_word' id='word_1_821' title='bbox 2473 5408 2530 5456; x_wconf 86' lang='lat' dir='ltr'><strong>et</strong></span> <span class='ocrx_word' id='word_1_822' title='bbox 2556 5411 2736 5455; x_wconf 84' lang='lat' dir='ltr'><strong>tamen</strong></span> <span class='ocrx_word' id='word_1_823' title='bbox 2763 5410 2879 5469; x_wconf 87' lang='lat' dir='ltr'><strong>per-</strong></span> <span class='ocrx_word' id='word_1_824' title='bbox 2910 5402 3161 5451; x_wconf 78' lang='lat' dir='ltr'><strong>nostrum</strong></span> <span class='ocrx_word' id='word_1_825' title='bbox 3176 5391 3559 5448; x_wconf 72' lang='lat' dir='ltr'><strong>ministerium</strong></span> <span class='ocrx_word' id='word_1_826' title='bbox 3583 5396 3725 5458; x_wconf 69' lang='lat' dir='ltr'><strong>qna-</strong></span> 
     </span>
    </p>
   </div>
   <div class='ocr_carea' id='block_1_100' title="bbox 461 5490 2052 5581">
    <p class='ocr_par' dir='ltr' id='par_1_100' title="bbox 461 5490 2052 5581">
     <span class='ocr_line' id='line_1_100' title="bbox 461 5490 2052 5581; baseline -0.002 -24"><span class='ocrx_word' id='word_1_827' title='bbox 461 5496 584 5561; x_wconf 77' lang='lat' dir='ltr'><strong>sine</strong></span> <span class='ocrx_word' id='word_1_828' title='bbox 611 5498 817 5569; x_wconf 85' lang='lat' dir='ltr'><strong>semine</strong></span> <span class='ocrx_word' id='word_1_829' title='bbox 845 5510 1191 5571; x_wconf 84' lang='lat' dir='ltr'><strong>remanerent</strong></span> <span class='ocrx_word' id='word_1_830' title='bbox 1214 5500 1271 5557; x_wconf 91' lang='lat' dir='ltr'><strong>in</strong></span> <span class='ocrx_word' id='word_1_831' title='bbox 1298 5490 1511 5581; x_wconf 83' lang='lat' dir='ltr'><strong>populo</strong></span> <span class='ocrx_word' id='word_1_832' title='bbox 1540 5492 1727 5567; x_wconf 83' lang='lat' dir='ltr'><strong>Israel,</strong></span> <span class='ocrx_word' id='word_1_833' title='bbox 1770 5512 1913 5556; x_wconf 87' lang='lat' dir='ltr'><strong>nunc</strong></span> <span class='ocrx_word' id='word_1_834' title='bbox 1937 5494 2052 5570; x_wconf 86' lang='lat' dir='ltr'><strong>jam</strong></span> 
     </span>
    </p>
   </div>
   <div class='ocr_carea' id='block_1_101' title="bbox 462 5581 2054 5675">
    <p class='ocr_par' dir='ltr' id='par_1_101' title="bbox 462 5581 2054 5675">
     <span class='ocr_line' id='line_1_101' title="bbox 462 5581 2054 5675; baseline 0.001 -31"><span class='ocrx_word' id='word_1_835' title='bbox 462 5588 780 5671; x_wconf 68' lang='lat' dir='ltr'><strong>terribiliter</strong></span> <span class='ocrx_word' id='word_1_836' title='bbox 802 5606 899 5669; x_wconf 86' lang='lat' dir='ltr'><strong>per</strong></span> <span class='ocrx_word' id='word_1_837' title='bbox 928 5591 1276 5675; x_wconf 83' lang='lat' dir='ltr'><strong>Evangelium</strong></span> <span class='ocrx_word' id='word_1_838' title='bbox 1302 5607 1460 5648; x_wconf 86' lang='lat' dir='ltr'><strong>suum</strong></span> <span class='ocrx_word' id='word_1_839' title='bbox 1485 5592 1699 5663; x_wconf 84' lang='lat' dir='ltr'><strong>intonat</strong></span> <span class='ocrx_word' id='word_1_840' title='bbox 1722 5581 2054 5649; x_wconf 45' lang='lat' dir='ltr'><strong>:&quot;S’int&#39;lum-</strong></span> 
     </span>
    </p>
   </div>
   <div class='ocr_carea' id='block_1_102' title="bbox 468 5670 2055 5767">
    <p class='ocr_par' dir='ltr' id='par_1_102' title="bbox 468 5670 2055 5766">
     <span class='ocr_line' id='line_1_102' title="bbox 468 5670 2055 5766; baseline 0.006 -32"><span class='ocrx_word' id='word_1_841' title='bbox 468 5679 521 5739; x_wconf 77' lang='lat' dir='ltr'><strong>bi</strong></span> <span class='ocrx_word' id='word_1_842' title='bbox 552 5670 703 5755; x_wconf 79' lang='lat' dir='ltr'><strong>vestri</strong></span> <span class='ocrx_word' id='word_1_843' title='bbox 745 5684 1035 5759; x_wconf 79' lang='lat' dir='ltr'><strong>prwcincti.</strong></span> <span class='ocrx_word' id='word_1_844' title='bbox 1082 5670 1284 5743; x_wconf 80' lang='lat' dir='ltr'><strong>Beatus</strong></span> <span class='ocrx_word' id='word_1_845' title='bbox 1312 5684 1529 5766; x_wconf 81' lang='lat' dir='ltr'><strong>quoque</strong></span> <span class='ocrx_word' id='word_1_846' title='bbox 1557 5676 1813 5753; x_wconf 73' lang='lat' dir='ltr'><strong>Severus,</strong></span> <span class='ocrx_word' id='word_1_847' title='bbox 1861 5670 1912 5741; x_wconf 79' lang='lat' dir='ltr'><strong>in</strong></span> <span class='ocrx_word' id='word_1_848' title='bbox 1935 5682 2055 5757; x_wconf 64' lang='grc' dir='ltr'><strong>’θρῖα</strong></span> 
     </span>
    </p>
   </div>
   <div class='ocr_carea' id='block_1_103' title="bbox 420 5772 2067 5866">
    <p class='ocr_par' dir='ltr' id='par_1_103' title="bbox 420 5772 2067 5866">
     <span class='ocr_line' id='line_1_103' title="bbox 420 5772 2067 5866; baseline 0.001 -37"><span class='ocrx_word' id='word_1_849' title='bbox 420 5858 431 5866; x_wconf 28' lang='grc' dir='ltr'>υ</span> <span class='ocrx_word' id='word_1_850' title='bbox 470 5783 747 5845; x_wconf 82' lang='lat' dir='ltr'><strong>scopatum</strong></span> <span class='ocrx_word' id='word_1_851' title='bbox 791 5791 888 5849; x_wconf 84' lang='lat' dir='ltr'><strong>per</strong></span> <span class='ocrx_word' id='word_1_852' title='bbox 928 5776 1231 5834; x_wconf 86' lang='lat' dir='ltr'><strong>columbam</strong></span> <span class='ocrx_word' id='word_1_853' title='bbox 1273 5776 1498 5847; x_wconf 85' lang='lat' dir='ltr'><strong>electus,</strong></span> <span class='ocrx_word' id='word_1_854' title='bbox 1529 5772 1752 5836; x_wconf 79' lang='lat' dir='ltr'><strong>uxorem</strong></span> <span class='ocrx_word' id='word_1_855' title='bbox 1785 5793 1905 5836; x_wconf 82' lang='lat' dir='ltr'><strong>cum</strong></span> <span class='ocrx_word' id='word_1_856' title='bbox 1938 5772 2067 5845; x_wconf 46' lang='lat' dir='ltr'><strong>ma,</strong></span> 
     </span>
    </p>
   </div>
   <div class='ocr_carea' id='block_1_104' title="bbox 2152 5478 3725 5553">
    <p class='ocr_par' dir='ltr' id='par_1_104' title="bbox 2152 5478 3725 5553">
     <span class='ocr_line' id='line_1_104' title="bbox 2152 5478 3725 5553; baseline -0.008 -3"><span class='ocrx_word' id='word_1_857' title='bbox 2152 5504 2270 5550; x_wconf 88' lang='lat' dir='ltr'><strong>tum</strong></span> <span class='ocrx_word' id='word_1_858' title='bbox 2293 5478 2529 5548; x_wconf 75' lang='lat' dir='ltr'><strong>habeant</strong></span> <span class='ocrx_word' id='word_1_859' title='bbox 2555 5484 3023 5547; x_wconf 74' lang='lat' dir='ltr'><strong>obumbraeulttm.</strong></span> <span class='ocrx_word' id='word_1_860' title='bbox 3052 5482 3161 5540; x_wconf 82' lang='lat' dir='ltr'><strong>Vos</strong></span> <span class='ocrx_word' id='word_1_861' title='bbox 3185 5493 3391 5549; x_wconf 83' lang='lat' dir='ltr'><strong>autem,</strong></span> <span class='ocrx_word' id='word_1_862' title='bbox 3411 5482 3509 5553; x_wconf 85' lang='lat' dir='ltr'><strong>qui</strong></span> <span class='ocrx_word' id='word_1_863' title='bbox 3533 5478 3725 5539; x_wconf 66' lang='lat' dir='ltr'><strong>ratione</strong></span> 
     </span>
    </p>
   </div>
   <div class='ocr_carea' id='block_1_105' title="bbox 2154 5567 3722 5655">
    <p class='ocr_par' dir='ltr' id='par_1_105' title="bbox 2154 5567 3722 5655">
     <span class='ocr_line' id='line_1_105' title="bbox 2154 5567 3722 5655; baseline -0.01 -14"><span class='ocrx_word' id='word_1_864' title='bbox 2154 5585 2253 5640; x_wconf 79' lang='lat' dir='ltr'><strong>uti</strong></span> <span class='ocrx_word' id='word_1_865' title='bbox 2284 5582 2617 5655; x_wconf 44' lang='lat' dir='ltr'><strong>petestis,”et</strong></span> <span class='ocrx_word' id='word_1_866' title='bbox 2656 5577 2945 5650; x_wconf 56' lang='lat' dir='ltr'><strong>detisque;</strong></span> <span class='ocrx_word' id='word_1_867' title='bbox 2972 5583 3035 5633; x_wconf 80' lang='lat' dir='ltr'><strong>et</strong></span> <span class='ocrx_word' id='word_1_868' title='bbox 3079 5567 3722 5645; x_wconf 55' lang='lat' dir='ltr'><strong>Spiritumsanctomi.</strong></span> 
     </span>
    </p>
   </div>
   <div class='ocr_carea' id='block_1_106' title="bbox 2156 5659 3724 5747">
    <p class='ocr_par' dir='ltr' id='par_1_106' title="bbox 2156 5659 3724 5747">
     <span class='ocr_line' id='line_1_106' title="bbox 2156 5659 3724 5747; baseline -0.014 -10"><span class='ocrx_word' id='word_1_869' title='bbox 2156 5677 2323 5737; x_wconf 80' lang='lat' dir='ltr'><strong>nolite</strong></span> <span class='ocrx_word' id='word_1_870' title='bbox 2342 5682 2459 5747; x_wconf 73' lang='lat' dir='ltr'><strong>“per</strong></span> <span class='ocrx_word' id='word_1_871' title='bbox 2470 5682 2689 5731; x_wconf 83' lang='lat' dir='ltr'><strong>terrena</strong></span> <span class='ocrx_word' id='word_1_872' title='bbox 2715 5672 3127 5733; x_wconf 59' lang='lat' dir='ltr'><strong>oblectamenta</strong></span> <span class='ocrx_word' id='word_1_873' title='bbox 3140 5674 3205 5722; x_wconf 68' lang='lat' dir='ltr'><strong>et</strong></span> <span class='ocrx_word' id='word_1_874' title='bbox 3221 5682 3228 5711; x_wconf 68' lang='grc' dir='ltr'>ι</span> <span class='ocrx_word' id='word_1_875' title='bbox 3244 5663 3434 5723; x_wconf 65' lang='grc' dir='ltr'><strong>ιιωῶ</strong></span> 
     </span>
    </p>
   </div>
   <div class='ocr_carea' id='block_1_107' title="bbox 2158 5750 3701 5839">
    <p class='ocr_par' dir='ltr' id='par_1_107' title="bbox 2158 5750 3701 5839">
     <span class='ocr_line' id='line_1_107' title="bbox 2158 5750 3701 5839; baseline -0.012 -14"><span class='ocrx_word' id='word_1_876' title='bbox 2158 5780 2253 5828; x_wconf 74' lang='lat' dir='ltr'><strong>vos</strong></span> <span class='ocrx_word' id='word_1_877' title='bbox 2292 5756 2566 5838; x_wconf 72' lang='lat' dir='ltr'><strong>antistare,</strong></span> <span class='ocrx_word' id='word_1_878' title='bbox 2608 5773 2877 5839; x_wconf 67' lang='lat' dir='ltr'><strong>quatenus</strong></span> <span class='ocrx_word' id='word_1_879' title='bbox 2920 5760 3129 5817; x_wconf 58' lang='grc' dir='ltr'><strong>ωακιί</strong></span> <span class='ocrx_word' id='word_1_880' title='bbox 3158 5765 3331 5829; x_wconf 56' lang='lat' dir='ltr'><strong>amne</strong></span> <span class='ocrx_word' id='word_1_881' title='bbox 3346 5752 3580 5827; x_wconf 66' lang='lat' dir='ltr'><strong>expediti</strong></span> <span class='ocrx_word' id='word_1_882' title='bbox 3616 5750 3701 5806; x_wconf 69' lang='lat' dir='ltr'><strong>an</strong></span> 
     </span>
    </p>
   </div>
  </div>
