3870 6480
946 347 1312 409 ANALECTA
1345 347 1437 405 DE
1473 344 1819 406 EPISCOPIS
1855 344 2409 405 RAVENNATIBUS.
3196 350 3309 408 770

1654 463 1706 524 Α
1731 466 1786 516 et
1812 460 1940 514 dum
1966 458 2036 514 ab
2058 459 2172 530 ipsa
2197 459 2438 531 Augusta
2460 457 2703 531 requisiti
2731 459 2978 530 fuissent,
3000 464 3114 537 jam
3139 480 3305 524 sanc-

1724 547 2000 603 tissimus.
2019 547 2333 605 Timotheus
2353 551 2633 623 presbyter
2672 552 3003 623 migraverat
3028 555 3096 611 ad
3122 554 3297 613 Domi-

1724 653 1855 693 num
1901 645 2027 693 ante
2052 647 2302 708 quartum
2357 640 2722 710 inquisitionis
2753 657 2865 697 sua:
2916 643 3080 700 diem.
3133 644 3301 715 Cujus

1725 744 1924 800 corpus
1947 745 1976 783 a
1993 730 2225 799 quadam
2250 730 2580 786 nobilissima
2598 730 2817 787 fmmina
2846 732 3005 789 vidua
3027 736 3297 805 sepultum

1722 818 1917 887 fuerat,
1943 820 2217 875 conditum
2252 821 2606 887 aromatibus,
2638 829 2700 878 et
2747 822 3031 894 diligenter
3068 825 3299 896 disposi-

1724 918 1836 965 tum
1867 925 1989 966 cum
2012 924 2207 981 magno
2234 910 2428 980 gaudio
2450 918 2506 966 et
2527 911 2751 978 honore,
2776 921 2837 967 ut
2865 914 3069 969 sanctis
3094 915 3299 971 conde-

1722 1007 1809 1055 cet
1844 1000 1961 1054 lieri
1992 1000 2047 1054 in
2076 997 2336 1054 Vaticano
2375 990 2578 1066 monte,
2622 1003 2715 1073 qui
2739 1003 2940 1060 dicitur
2963 1004 3195 1073 Aureus,
3224 1016 3297 1064 ad

1721 1087 1875 1157 cujus
1903 1088 2211 1160 sepulcrum
2252 1089 2396 1143 male
2417 1090 2683 1147 habentes
2730 1093 2979 1151 homines
3003 1095 3135 1151 salvi
3168 1095 3299 1154 factl

1721 1185 1868 1244 sunt,
1894 1186 1949 1232 et
1968 1178 2236 1233 daemones
2281 1177 2448 1250 fugati
2470 1187 2615 1234 sunt.
2639 1181 2705 1235 Et
2725 1183 2891 1237 multa
2923 1186 3193 1241 mirabilia
3223 1188 3293 1242 ad

1719 1268 1933 1324 laudem
1961 1276 2015 1323 et
2039 1269 2299 1324 honorem
2347 1269 2560 1325 Domini
2585 1272 2758 1327 nostri
2794 1271 2923 1329 Jesu
2965 1273 3169 1332 Christi
3197 1277 3299 1333 ibi-

1721 1357 1843 1413 dem
1866 1358 2106 1428 quotidie
2125 1368 2440 1428 operantur.

119 366 205 427 ἴω

642 483 709 522 AD
746 479 1059 529 εερπιητεκ

268 600 346 678 S.
395 595 945 675 BARBATIAN
957 593 991 671 Ι
1065 588 1420 671 VITAM.

639 721 1018 780 MONITUM.

92 851 96 855 ~
165 825 459 893 Sequentem
486 819 657 893 Vitam
681 815 877 893 _san_eti
929 811 1240 893 Barbatiani
1273 825 1355 893 ,ει
1398 811 1621 893 antiquo

103 881 369 951 Ravennati
401 886 733 945 Lectionario
777 884 1109 952 descriptam
1158 882 1246 952 hic
1273 881 1617 952 inserendam

100 950 278 1027 censui,
325 975 438 1015 cum
484 959 535 1012 in
588 957 748 1027 editis
794 950 1149 1009 desideretur.
1190 950 1327 1027 ξυιρ
1373 950 1621 1027 quietiam

98 1020 276 1104 quibus
313 1041 596 1104 temporum
646 1021 1227 1104 ratio.repi.tgnat,"uti
1281 1020 1626 1104 bonifaciiet

98 1088 263 1159 Eulalii
299 1088 522 1154 schisma
574 1088 928 1165 compositum
949 1088 1073 1165 cum
1089 1089 1469 1165 Valentiniani
1484 1088 1621 1165 Pla-

93 1174 228 1227 cidia:
254 1170 339 1223 iilii
361 1168 581 1222 adventu
610 1159 869 1229 Romam;
908 1162 995 1217 hic
1018 1161 1181 1223 enim,
1213 1174 1337 1215 cum
1382 1159 1621 1229 schisma

93 1242 202 1297 illud
242 1241 473 1294 obortum
494 1245 594 1300 est,
625 1228 871 1288 fortassis
899 1231 1142 1300 nondum
1163 1238 1321 1284 natus
1348 1238 1484 1300 erat.
1512 1228 1622 1283 Ru-

92 1296 224 1373 bcus,
245 1309 305 1361 ad
328 1322 515 1361 annum
542 1296 667 1368 425,
700 1301 949 1357 Placidia:
972 1308 1024 1373 et
1050 1296 1408 1373 Yalentiniani
1434 1298 1619 1373 Roma:

89 1368 360 1449 tle-gentium
403 1374 652 1449 pietatem
696 1372 896 1435 laudat,
929 1370 1023 1440 qui
1045 1369 1441 1449 _Barbatiant_lm
1480 1368 1620 1449 invi-

147 1437 175 1459 ιπ-
404 1437 419 1444 ’
612 1463 622 1474 .
946 1437 963 1440 “
1345 1438 1375 1490 tl
1418 1453 1447 1490 κ
1516 1437 1530 1490 ἰ
1576 1444 1615 1491 ι.
1961 1470 1973 1483 ο
2038 1472 2049 1483 ·
2571 1472 2583 1485 ·

89 1437 1424 1582 ἥὲἓῒυῗεῖἓῗῗιῗθρῗῶἶθέἳἫὲῗιὲἓὲἳέἒέἓῖεἶ’.
1716 1468 2725 1582 ,,ἐξῠεξὶέξξξξιξιεζεῖξε).,ἓξιιῑιτειιξεηξξε
2745 1475 3299 1582 ιξτεεένιξττξιεοητ

87 1560 1414 1651 5;};55,3;‘5"q;531;;g3ggggg}1,‘a]’;5n3mmo
1442 1560 1615 1651 gidgfn
1714 1560 1890 1615 fessor
1921 1560 2143 1627 Christi,
2178 1561 2435 1632 adplicuit
2459 1579 2519 1618 se
2563 1564 2617 1618 in
2657 1564 2924 1621 cimiterio
2957 1566 3198 1635 Callisti,
3238 1577 3299 1625 et.

87 1655 328 1709 luculento
349 1646 593 1727 sermone
638 1651 994 1727 illustrantur,
1017 1663 1082 1727 ea
1109 1649 1273 1727 hocce
1299 1646 1615 1727 veteriVLita
1716 1651 1790 1706 ibi
1818 1651 2030 1709 occulte
2074 1653 2477 1720 demorabatur,
2525 1663 2582 1709 et
2628 1654 2773 1711 facta
2827 1657 3178 1727 inquisitione
3221 1663 3293 1717 ab

127 1732 328 1774 :simnua
373 1720 534 1774 fuisse
561 1720 741 1774 nullus
777 1719 981 1774 dubito.
1023 1716 1210 1771 Notari
1243 1724 1483 1771 meretur
1508 1714 1617 1770 fre-

1732 1755 1954 1774 ligna-Alﬁ
1992 1755 2213 1774 n-nnln-
2241 1748 2639 1774 ηΑ-ιηιξηκῖηιιιη-
2680 1749 2736 1774 ινξ

83 1727 328 1792 dcsmnpta
373 1720 534 1776 fuisse
561 1720 741 1775 nullus
777 1719 981 1774 dubito.
1023 1716 1210 1771 Notari
1243 1724 1483 1771 meretur
1508 1716 1617 1770 fre-

81 1808 229 1862 quens
252 1791 568 1862 oltlationum
620 1790 824 1862 mentio
852 1788 920 1862 ad
952 1788 1173 1862 missam
1201 1786 1380 1862 sancti
1411 1785 1614 1862 Barba-

1722 1755 1958 1818 nugusta
1992 1755 2213 1817 pr0pter
2241 1748 2641 1803 sanctissimum
2680 1749 2885 1817 virum,
2920 1766 2985 1806 eo
3015 1754 3160 1822 quod
3194 1768 3295 1811 no-

1722 1838 1860 1862 lnl‘...
1921 1851 1977 1862 ..Α
2032 1837 2362 1862 Ἇ-ξ-ιΛεαιξικ-ιι.
2416 1838 2695 1862 -..a-...l.._-
2781 1839 3099 1862 :-_-.-_-__-_.
3173 1857 3226 1862 --_
3271 1860 3283 1862 -

82 1829 568 1926 za‘.:.:;;°a:i:;1:;:;;;;:'
604 1829 1616 1929 agat:gamrraszaaseata
1645 1829 1691 1887 Β
1718 1838 1893 1929 ιιῖικιιΔ
1920 1851 1979 1891 se
2031 1837 2365 1929 ρτίηςίρίιδιιε
2413 1838 2717 1929 ostendere.
3165 1857 3305 1905 eum.

79 1933 207 2005 quod
244 1931 368 2005 alias
414 1924 940 2005 recentioris_tet§tis
987 1940 1210 2005 eamqua
1249 1926 1621 2005 sanctusuiste
1719 1925 1856 1979 clam
1882 1924 2135 1981 latentem
2166 1926 2219 1981 in
2247 1941 2342 1980 sua
2383 1926 2592 1993 cellula,
2614 1934 2669 1981 et
2698 1943 2821 1983 cum
2864 1945 3062 2001 magno
3089 1933 3296 2005 honore

77 1993 702 2094 ξξξζξοξξξῇιξξξξθιῇζξξξῖξξιξξ
1037 1995 1404 2094 ΕξξξξὌοῙθὸυδ
1440 1993 1617 2050 Libri"
1716 2018 2085 2088 perduxerunt
2136 2033 2259 2074 eum
2289 2020 2356 2073 ad
2398 2017 2713 2089 Augustam.
2761 2021 2829 2075 Et
2869 1993 2997 2077 dum
3027 2024 3142 2094 ipsa
3166 2000 3294 2081 eum

80 2072 156 2123 ¹¹⁰¹
180 2071 416 2139 Mundo
446 2067 1015 2184 laudatur
1037 2075 1190 2123 saus'
1716 2067 1910 2161 intuita
1936 2106 2145 2174 fuisset,
2171 2122 2336 2179 agens
2360 2067 2564 2179 gratias
2591 2106 2732 2181 [Quo
2745 2111 2862 2165 viso
2890 2067 3135 2184 Auguida
3160 2130 3292 2169 con-

717 2177 951 2222 ῙΝΟιΡιΤ
1042 2202 1045 2205 ‘
1350 2271 1356 2272 γ
1612 2196 1613 2201 “
1716 2199 1953 2270 gaudens
1973 2198 2082 2270 egit
2123 2177 2350 2272 gratias]
2370 2177 2508 2266 'Deo,
2536 2177 2661 2270 quia
2686 2177 3117 2259 meruisset'eum
3142 2206 3293 2262 inve-

308 2276 545 2354 VITA
606 2276 688 2353 S.
742 2271 1360 2352 BARBATIANI
1714 2286 1853 2342 nire.
1881 2286 1979 2343 Cui
2024 2271 2397 2345 sanctissimus
2433 2290 2517 2345 vir
2542 2290 2898 2349 Barbatianus
2944 2294 3103 2350 talem
3148 2297 3301 2354 dedit

611 2402 1023 2448 (τοκηεεοιυε
1714 2378 2112 2435 salutationem.
2130 2379 2242 2435 Pax
2260 2381 2375 2445 tibi,
2394 2380 2544 2437 Galla
2556 2382 2793 2439 Placidia
2805 2385 3068 2456 Augusta,
3091 2387 3296 2444 famula

1713 2469 1934 2535 Christi,
1971 2478 2027 2526 et
2072 2470 2297 2528 victoria
2327 2472 2438 2528 filio
2477 2478 2567 2530 tdo
2589 2474 2831 2546 Augusto
2862 2474 3009 2549 [ﬁliis
3037 2480 3150 2534 tuis
3172 2478 3285 2534 Au-

1712 2563 1927 2636 gustis].
1959 2563 2031 2618 At
2058 2564 2150 2618 ubi
2168 2565 2561 2635 responderunt
2588 2581 2799 2634 omnes,
2822 2584 3001 2637 amen,
3029 2572 3288 2627 acceden-

1714 2653 1857 2709 tibus
1882 2654 2136 2725 Augustis
2184 2654 2253 2709 ad
2303 2656 2534 2711 invicem
2569 2672 2627 2712 se
2650 2657 3041 2724 salutavcrunt,
3071 2671 3127 2716 et
3157 2663 3285 2718 dum

66 2761 310 2809 certamen
346 2735 594 2811 exactum
637 2735 829 2823 cst,7et
878 2756 1186 2812 veneranda
1224 2770 1409 2811 eorum
1450 2755 1613 2809 mira-

1722 2745 2063 2816 requisissent
2084 2745 2150 2800 ah
2164 2760 2248 2811 eo,
2265 2761 2296 2800 a
2310 2761 2417 2815 qua
2438 2735 2862 2817 patria’Romam
2880 2751 3139 2818 venisset,
3158 2759 3291 2810 tunc

66 2842 173 2896 bilia
198 2854 374 2900 exorta
400 2855 549 2914 sunt,
581 2856 641 2902 et
668 2855 726 2902 ut
749 2848 1011 2903 miracula
1031 2863 1150 2918 quae
1175 2847 1500 2902 narrationis
1533 2854 1613 2902 te-

1722 2838 1824 2907 ipse
1864 2836 2141 2893 confessor
2188 2837 2391 2893 Christi
2439 2837 2508 2892 ab
2533 2838 2815 2895 Antiochia
2841 2855 2962 2895 cum
2993 2840 3283 2900 Timotheo

65 2944 173 2989 ηρηι
218 2938 485 2993 exordium
539 2947 706 3007 μιηιω
759 2941 902 3011 plebi
936 2939 1134 3010 [alique
1163 2955 1373 3010 magna;
1402 2938 1608 2994 είγίωιί
1708 2925 1826 2982 viro
1846 2928 2187 2983 sanctissimo
2218 2929 2451 2983 asseruit
2472 2930 2771 2984 advenisse.
2802 2930 2871 2985 Et
2899 2932 3022 2986 data
3045 2933 3293 2988 oratione

65 3039 171 3077 vera
216 3025 324 3082 haec
344 3026 557 3102 [fuisse]
599 3030 653 3084 in
686 3029 873 3085 diebus
902 3032 1103 3085 nostris
1150 3031 1421 3085 testiﬁcati
1460 3037 1605 3095 sunt,

1722 3024 1837 3072 tunc
1870 3017 2136 3088 postulata
2168 3025 2251 3073 est
2300 3033 2424 3072 cum
2469 3016 2687 3089 [asserit
2727 3034 2786 3074 se
2838 3021 3071 3076 venisse.
3119 3022 3291 3093 Igitur

63 3113 201 3167 etiam
226 3115 305 3171 his
326 3118 605 3187 pmbeant
630 3119 788 3174 fidem
819 3135 939 3188 quae
968 3120 1347 3189 subsequentia
1376 3119 1603 3193 dicenda

1722 3110 1832 3166 lata
1873 3112 2117 3167 oratione
2162 3110 2488 3182 postulabat]
2535 3111 2793 3183 Augusta,
2834 3123 2895 3169 ut
2953 3116 3283 3187 manipulam

62 3215 185 3260 sunt.
215 3207 585 3275 Quamobrem,
621 3226 744 3266 cum
784 3211 1030 3267 Zosimus
1068 3228 1203 3283 papa
1230 3213 1380 3267 urbis
1418 3211 1604 3267 Roma:

1722 3217 1883 3267 suam,
1912 3216 2033 3271 quae
2069 3202 2253 3257 dolore
2280 3204 2515 3271 pessimo
2540 3202 2816 3259 oculorum
2845 3206 3154 3276 urgebatur,
3188 3224 3292 3265 suo

58 3293 301 3375 jussu'Dei
323 3315 429 3355 sua:
468 3301 594 3356 vitae
621 3310 888 3356 cessasset
915 3303 1300 3373 episcopatum,
1330 3301 1475 3373 facta
1521 3309 1606 3356 est
1705 3291 1975 3363 adJUlOI‘iO
2000 3305 2120 3345 eam
2142 3289 2440 3360 adiuvaret»
2465 3307 2573 3347 ηοῐι
2602 3300 2808 3348 lanium
2830 3295 2885 3349 ill
2911 3295 3015 3351 hoc
3033 3337 3049 3362 ι
3074 3299 3168 3355 86d
3197 3298 3292 3371 [0b

61 3383 369 3445 dissensioin
394 3391 539 3447 clero
567 3391 716 3448 sedis
737 3392 1064 3462 apostolicae,
1088 3400 1143 3447 et
1168 3391 1447 3464 elegerunt
1469 3392 1605 3447 duos
1703 3387 1807 3442 hoc
1823 3383 2105 3457 quantum]
2145 3393 2203 3439 ut
2231 3383 2348 3453 ejus
2381 3388 2756 3456 comprobaret
2794 3388 3122 3456 opinionem,
3168 3406 3293 3460 qua:

1705 3487 1977 3535 sonuerat.
2014 3477 2106 3532 Ille
2151 3492 2280 3533 vero
2332 3477 2465 3533 nihil
2503 3478 2648 3533 aliud
2705 3480 2958 3545 asseruit,
3014 3480 3119 3535 nisi
3168 3497 3289 3551 quae

1704 3574 1845 3629 bona
1892 3582 2037 3641 sunt,
2082 3583 2144 3629 ut
2176 3573 2459 3645 proficiant
2503 3574 2558 3629 in
2596 3575 2767 3630 oculis
2791 3575 2929 3644 ejus.
2956 3575 3027 3629 Et
3061 3562 3187 3632 dum
3219 3578 3291 3632 ab

1708 3662 1823 3732 ipsa
1860 3663 2195 3730 recessisset,
2243 3664 2311 3718 ad
2340 3664 2587 3719 cellulam
2617 3666 2861 3735 pervenit
2892 3664 3288 3738 [perveniens],

1708 3754 1801 3824 qui
1829 3764 2134 3824 prostratus
2178 3755 2231 3810 in
2268 3756 2514 3812 oratione
2547 3757 2723 3812 oravit
2752 3757 2821 3811 ad
2866 3756 3175 3812 Dominum.
3222 3759 3291 3814 Et

1709 3851 1925 3908 elevans
1945 3851 2228 3918 se,faeiale
2252 3868 2428 3917 suum,
2455 3853 2595 3921 quod
2622 3852 2871 3918 habebat,
2889 3868 3014 3907 cum
3027 3867 3290 3922 aquarum

1710 3940 1936 3997 humore
1981 3942 2239 4009 infusum,
2272 3942 2462 4012 puella:
2502 3942 2719 4007 direxit,
2749 3949 2809 3996 ut
2832 3938 3018 3998 oculos
3041 3957 3169 3998 suos
3195 3957 3292 3997 ex-

1712 4041 1962 4104 tergeret.
1989 4032 2118 4100 Quae
2138 4033 2264 4088 dum
2295 4033 2604 4088 mandatum
2631 4032 2929 4103 adimplens
2957 4048 3085 4088 suos
3105 4041 3287 4088 exter-

56 4116 258 4173 exircnt.
283 4120 381 4188 Qui
409 4124 572 4179 ambo
602 4122 833 4192 expulsi,
860 4122 1085 4176 veniens
1108 4120 1164 4175 in
1188 4119 1437 4190 proximo
1457 4134 1614 4175 sanc-
1712 4120 1784 4177 sit
1810 4122 2014 4188 oculos,
2036 4121 2214 4178 omnis
2255 4130 2433 4176 tumor
2456 4122 2755 4193 sanguinis,
2782 4131 2837 4176 et
2863 4121 3056 4193 caligo,
3078 4122 3291 4178 cunctis

58 4212 131 4259 tus
146 4196 254 4263 dies
271 4208 493 4268 Pascha:
510 4208 747 4285 [Quibus
765 4211 1003 4284 eXpulsis
1025 4211 1272 4267 veniente
1297 4210 1351 4265 in
1363 4210 1613 4280 proximo
1711 4211 2037 4279 videntibus,
2084 4213 2177 4282 qui
2207 4212 2408 4267 ibidem
2462 4211 2695 4277 fuerunt,
2726 4212 3155 4267 demonstratum
3179 4221 3287 4279 est,

58 4305 223 4352 sancto
240 4299 321 4356 die
334 4300 606 4376 Paschae],
635 4310 763 4357 tunc
782 4301 1022 4357 Eulalius
1041 4311 1360 4379 praesumpta
1390 4301 1613 4356 audacia
1715 4302 1791 4357 ita
1820 4312 1880 4357 ut
1901 4301 2158 4374 [fuerant,
2175 4303 2424 4368 cessarit,
2444 4309 2500 4358 et
2526 4302 2642 4372 ipsa
2671 4302 2851 4358 statim
2874 4317 3005 4358 sane
3024 4301 3168 4358 facta
3181 4310 3290 4371 est,

57 4384 276 4444 introivit
305 4391 358 4445 in
382 4393 577 4447 urbem
603 4392 854 4458 Romam,
882 4399 937 4448 et
957 4391 1275 4462 baptizavit,
1300 4390 1615 4447 celebravit-
1714 4410 1777 4450 ac
1796 4393 1865 4467 si]
1893 4409 2167 4465 nunquam
2193 4394 2248 4448 in
2288 4395 2400 4449 suis
2430 4394 2603 4450 oculis
2632 4394 2868 4467 aliquam
2890 4392 3158 4449 maculam
3183 4395 3285 4449 ha-

56 4492 146 4585 que
178 4478 376 4537 Pascha
423 4483 479 4538 in
505 4483 736 4539 basilica
763 4482 1227 4538 Constantiniana.
1284 4480 1401 4549 Quo
1431 4482 1613 4537 audito
1639 4524 1692 4585 Β
1716 4483 1941 4549 buisset,
1976 4492 2031 4538 et
2077 4481 2316 4553 hymnis,
2357 4492 2520 4554 atque
2548 4483 2799 4543 laudibus
2827 4483 3040 4539 assidue
3062 4483 3292 4539 Domino

57 4567 256 4640 Augusti
277 4574 546 4631 miserunt
563 4585 623 4631 et
648 4573 1327 4647 respueruntLexpnlcrunt
1347 4573 1615 4630 Eulalium
1639 4567 1689 4585 ³¹
1719 4582 1905 4630 nostro
1934 4573 2062 4629 Jesu
2091 4573 2311 4629 Christo
2353 4575 2558 4644 gratias
2586 4574 2793 4629 referre
2816 4573 2963 4631 nullo
2984 4573 3145 4628 modo
3172 4586 3295 4627 ces-

57 4657 113 4711 de
136 4660 257 4716 urbe
286 4662 455 4718 Roma
476 4675 533 4721 et
554 4663 845 4738 miserunt]
880 4680 1003 4720 eum
1030 4665 1086 4719 in
1107 4664 1481 4736 Campaniam,
1510 4664 1615 4721 ibi-
1718 4664 1890 4719 sabat.
1943 4662 2049 4718 Sed
2078 4660 2178 4734 [et]
2203 4663 2271 4718 de
2315 4662 2538 4733 reliquis
2579 4663 2931 4729 mirabilibus,
2976 4677 3097 4733 quae
3150 4660 3294 4716 idem

57 4749 261 4822 demque
286 4755 456 4810 vitam
487 4755 685 4811 finivit.
706 4755 1042 4810 Bonifacium
1058 4770 1188 4811 vero
1208 4762 1614 4823 revocaverunt,
1721 4754 2094 4810 sanctissimus
2114 4754 2195 4808 vir
2214 4753 2380 4825 gessit
2405 4754 2474 4808 ad
2503 4754 2838 4810 inlustranda
2862 4753 3027 4809 corda
3051 4751 3295 4808 omnium

57 4848 104 4893 et
145 4845 536 4901 constituerunt
589 4862 716 4902 eum
756 4845 1088 4917 pontificem.
1144 4844 1347 4900 Eodem
1377 4855 1619 4914 tempore
1723 4845 2056 4902 credentium
2085 4844 2140 4899 in
2169 4845 2455 4901 Dominum
2487 4844 2761 4917 [Domino]
2806 4844 3114 4900 referimus.

131 2481 319 2537 Iustum
342 2484 552 2555 quidem
566 2485 815 2539 arbitror
837 2482 1222 2539 miraculorum
1244 2481 1615 2538 narrationem

70 2590 319 2644 aggressus
351 2578 401 2630 in
437 2577 629 2647 primis
650 2592 771 2647 quae
791 2576 1084 2632 domestica
1106 2584 1233 2631 sunt
1249 2575 1614 2646 Augustarum

73 2664 319 2718 civitatum
334 2680 625 2737 exponere,
652 2667 705 2720 in
733 2667 929 2736 quibus
956 2670 1264 2721 sanctorum
1279 2663 1614 2719 ammirabile

61 3476 325 3549 episcopos,
345 3497 511 3537 unum
538 3482 763 3538 nomine
798 3481 1157 3549 Bonifacium,
1175 3490 1230 3537 et
1259 3481 1422 3537 alium
1444 3481 1608 3554 [alte-

61 3568 183 3640 rum]
210 3570 488 3627 Eulalium.
514 3573 854 3630 Bonifacium
876 3588 1005 3629 vero
1033 3574 1420 3630 ordinaverunt
1440 3573 1494 3628 iu
1507 3573 1608 3627 ba-

59 3658 188 3715 silica
229 3661 691 3720 Constantiniana.
743 3664 983 3720 Audiens
1024 3665 1127 3720 hoc
1171 3664 1339 3731 Galla'
1369 3663 1609 3719 Placidia

59 3748 269 3822 Augusta
298 3770 420 3809 cum
464 3755 575 3810 filio
611 3771 713 3810 suo
765 3754 1141 3810 Valentiniano
1185 3753 1452 3825 Augusto,
1481 3754 1609 3809 dum

59 3843 278 3900 sederent
306 3845 599 3915 Ravennze,
633 3847 935 3903 retulerunt
955 3846 1198 3903 Honorio
1216 3844 1459 3916 Augusto
1496 3843 1609 3900 Me-

58 3934 227 3992 diolani
253 3941 476 4007 sedenti,
518 3941 617 4013 qui
659 3941 819 3996 ambo
842 3936 1153 4012 [continuo]
1184 3937 1414 4008 Augusti
1446 3937 1614 3993 missa

60 4030 346 4085 auctoritate
372 4033 474 4088 hoc
500 4038 900 4102 prazceperunt,
924 4022 985 4086 ut
1013 4031 1173 4085 ambo
1193 4029 1259 4086 de
1285 4030 1418 4085 urbe
1439 4027 1611 4084 Roma

57 4930 189 4987 Galla
215 4935 451 4992 Placidia
477 4937 727 5010 Augusta
753 4952 861 4992 una
901 4952 1026 4992 cum
1069 4934 1306 4992 Honorio
1333 4944 1388 4991 et
1424 4933 1622 4990 Valen-

60 5021 278 5082 tianiano
299 5026 564 5098 Augustis
582 5027 923 5089 venientibus
944 5024 1208 5097 [veniens]
1230 5024 1459 5079 Romam
1481 5024 1622 5095 apud

59 5109 163 5187 [ad]
188 5115 371 5171 limina
427 5126 747 5174 sanctorum
793 5116 1178 5186 apostolorum,
1224 5114 1317 5170 ubi
1358 5123 1414 5171 et
1454 5115 1622 5170 multa

60 5203 183 5259 dona
233 5209 571 5265 obtulean
630 5210 781 5265 Tunc
831 5206 1161 5265 dill‘amatum
1202 5214 1287 5263 est
1339 5206 1482 5278 apud
1529 5222 1624 5264 eos

60 5297 168 5363 quia
194 5299 259 5355 ab
293 5301 596 5357 Antiochia
624 5301 840 5357 adventi
891 5308 1020 5357 sunt
1047 5301 1154 5357 duo
1192 5300 1295 5355 viri
1347 5301 1404 5356 in
1433 5301 1622 5357 urbem

60 5385 290 5458 Romam,
338 5410 486 5450 unus
541 5394 765 5450 nomine
818 5392 1165 5460 Timotheus,
1198 5401 1254 5450 et
1279 5392 1416 5449 alius
1438 5390 1620 5466 [alter]

58 5481 261 5538 nomine
303 5483 693 5551 Barnatianus,
739 5484 1062 5555 presbyterii
1086 5485 1294 5540 honore
1318 5480 1622 5553 fungentes,

60 5568 279 5628 tiinorati
304 5575 437 5641 Deo,
461 5574 731 5630 facientes
749 5574 1042 5639 mirabilia,
1064 5581 1120 5629 et
1139 5573 1326 5642 aegroti
1348 5572 1624 5647 [mgrotos]

60 5675 147 5728 per
156 5679 337 5720 sacras
359 5680 489 5721 suas
511 5678 722 5734 praeces
741 5663 1623 5738 salvillcabantur[salviﬁcautcs],

61 5753 189 5809 unde
208 5756 471 5829 speciales
493 5755 565 5813 ab
588 5754 840 5814 omnibus
858 5754 1166 5816 hominibus
1190 5756 1624 5831 attendebantur,

1793 4937 1921 4992 Fuit
1945 4937 2029 4991 vir
2048 4953 2188 4992 unus
2215 4938 2433 4994 nomine
2461 4937 2767 5011 Gallogenis
2798 4939 3022 4994 natione
3050 4935 3296 5004 Graecus,

1720 5016 1815 5100 qui
1827 5029 1955 5084 dum
1976 5029 2045 5085 ab
2080 5029 2320 5099 Augusto
2340 5030 2714 5087 Valentiniano
2721 5031 2903 5101 jussus
2930 5028 3125 5085 fuisset
3148 5027 3303 5084 festi-

1726 5134 1829 5175 nus
1854 5134 1953 5189 per
1980 5119 2181 5174 scalam
2210 5120 2559 5188 descendere,
2575 5121 2911 5192 compeditus
2932 5128 3037 5185 est,
3067 5128 3125 5174 et
3142 5119 3301 5175 desu-

1724 5228 1825 5284 per
1854 5222 2052 5268 terram
2096 5212 2315 5279 cecidit,
2350 5214 2591 5283 pedeque
2627 5212 2864 5268 contrito
2887 5211 3303 5282 periclitabatur

1725 5304 1973 5375 pedibus,
2017 5311 2074 5359 et
2115 5304 2286 5369 tibiis,
2337 5312 2393 5359 et
2422 5302 2636 5359 ossibus
2673 5302 2974 5357 diminutis.
3028 5300 3130 5370 Qui
3162 5302 3292 5358 dum

1730 5392 2065 5449 medicorum
2111 5393 2359 5464 praesidia
2380 5392 2749 5463 conspexisset
2783 5390 2852 5447 ad
2880 5392 3302 5448 succurrendum

1730 5481 1982 5549 invalida,
2010 5482 2244 5553 dumque
2267 5481 2380 5538 fere
2396 5481 2509 5550 jam
2528 5481 2698 5552 ipsius
2721 5481 2907 5552 pedes,
2929 5490 2985 5535 et
3008 5481 3153 5538 tibiae
3177 5497 3303 5538 ossa

1730 5571 1991 5642 paulatim
2018 5570 2319 5628 cadendum
2346 5569 2667 5638 difﬂuerent,
2684 5570 3043 5641 carnibusque
3074 5587 3196 5627 cum
3225 5571 3294 5625 af-

1731 5662 1917 5719 ﬂuenti
1947 5676 2098 5718 same
2118 5659 2440 5731 liquefactis,
2464 5660 2532 5716 ad
2550 5663 2951 5720 sanctissimum
2973 5648 3150 5719 virum
3175 5662 3293 5716 Bar-

1732 5756 2010 5815 batianum
2054 5753 2363 5824 deportatus
2415 5753 2675 5829 confugit,
2703 5763 2764 5813 ut
2803 5756 2870 5814 de
2897 5756 2999 5814 hoc
3019 5753 3306 5819 sanitatem
