  <div class='ocr_page' id='page_1' title='image "/cluster/home/n/w/nwhite01/storage/ocr_20150623/106/hvd.32044015565179/385.png"; bbox 0 0 3870 6468; ppageno 0'>
   <div class='ocr_carea' id='block_1_1' title="bbox 552 318 663 379">
    <p class='ocr_par' dir='ltr' id='par_1_1' title="bbox 552 318 663 379">
     <span class='ocr_line' id='line_1_1' title="bbox 552 318 663 379; baseline -0.018 0"><span class='ocrx_word' id='word_1_1' title='bbox 552 318 663 379; x_wconf 56' lang='grc'><strong>3174</strong></span> 
     </span>
    </p>
   </div>
   <div class='ocr_carea' id='block_1_2' title="bbox 1538 304 3732 399">
    <p class='ocr_par' dir='ltr' id='par_1_2' title="bbox 1538 304 3732 399">
     <span class='ocr_line' id='line_1_2' title="bbox 1538 304 3732 399; baseline 0.004 -36"><span class='ocrx_word' id='word_1_2' title='bbox 1538 305 1966 399; x_wconf 49' lang='grc' dir='ltr'><strong>ΔΒῘΔΩΝΕΒΙᾸ</strong></span> <span class='ocrx_word' id='word_1_3' title='bbox 1980 342 1987 353; x_wconf 70' lang='grc' dir='ltr'><strong>ο</strong></span> <span class='ocrx_word' id='word_1_4' title='bbox 2000 304 2456 367; x_wconf 64' lang='grc' dir='ltr'><strong>ΡΟΝΤΙῈΙΟΜΕ</strong></span> <span class='ocrx_word' id='word_1_5' title='bbox 2488 305 2853 369; x_wconf 70' lang='grc' dir='ltr'><strong>ΑΡΡΕΝΒῙΧ.</strong></span> <span class='ocrx_word' id='word_1_6' title='bbox 3667 314 3732 372; x_wconf 66' lang='grc' dir='ltr'><strong>πε</strong></span> 
     </span>
    </p>
   </div>
   <div class='ocr_carea' id='block_1_3' title="bbox 556 384 3732 502">
    <p class='ocr_par' dir='ltr' id='par_1_3' title="bbox 556 384 3732 502">
     <span class='ocr_line' id='line_1_3' title="bbox 556 384 3732 502; baseline -0.003 -16"><span class='ocrx_word' id='word_1_7' title='bbox 556 427 866 502; x_wconf 69' lang='lat' dir='ltr'><strong>supplicans</strong></span> <span class='ocrx_word' id='word_1_8' title='bbox 891 423 1179 489; x_wconf 80' lang='lat' dir='ltr'><strong>inveniret.</strong></span> <span class='ocrx_word' id='word_1_9' title='bbox 1205 416 1310 488; x_wconf 85' lang='lat' dir='ltr'><strong>Qui</strong></span> <span class='ocrx_word' id='word_1_10' title='bbox 1336 384 1465 477; x_wconf 81' lang='lat' dir='ltr'><strong>dum</strong></span> <span class='ocrx_word' id='word_1_11' title='bbox 1497 387 1726 477; x_wconf 70' lang='lat' dir='ltr'><strong>intuitus</strong></span> <span class='ocrx_word' id='word_1_12' title='bbox 1756 434 1883 483; x_wconf 84' lang='lat' dir='ltr'><strong>eum</strong></span> <span class='ocrx_word' id='word_1_13' title='bbox 1936 418 2136 492; x_wconf 87' lang='lat' dir='ltr'><strong>[Quem</strong></span> <span class='ocrx_word' id='word_1_14' title='bbox 2162 420 2217 483; x_wconf 78' lang='grc' dir='ltr'><strong>Α</strong></span> <span class='ocrx_word' id='word_1_15' title='bbox 2239 418 2308 477; x_wconf 88' lang='lat' dir='ltr'><strong>ad</strong></span> <span class='ocrx_word' id='word_1_16' title='bbox 2330 418 2529 476; x_wconf 85' lang='lat' dir='ltr'><strong>coelum</strong></span> <span class='ocrx_word' id='word_1_17' title='bbox 2555 419 2764 489; x_wconf 88' lang='lat' dir='ltr'><strong>levans,</strong></span> <span class='ocrx_word' id='word_1_18' title='bbox 2789 419 2969 479; x_wconf 65' lang='lat' dir='ltr'><strong>orarit</strong></span> <span class='ocrx_word' id='word_1_19' title='bbox 2991 420 3336 490; x_wconf 72' lang='lat' dir='ltr'><strong>diutissime;</strong></span> <span class='ocrx_word' id='word_1_20' title='bbox 3358 419 3443 480; x_wconf 65' lang='lat' dir='ltr'><strong>‘et</strong></span> <span class='ocrx_word' id='word_1_21' title='bbox 3463 429 3575 495; x_wconf 73' lang='lat' dir='ltr'><strong>post</strong></span> <span class='ocrx_word' id='word_1_22' title='bbox 3596 431 3732 486; x_wconf 65' lang='grc' dir='ltr'><strong>σαί..</strong></span> 
     </span>
    </p>
   </div>
   <div class='ocr_carea' id='block_1_4' title="bbox 555 510 2138 592">
    <p class='ocr_par' dir='ltr' id='par_1_4' title="bbox 555 510 2138 592">
     <span class='ocr_line' id='line_1_4' title="bbox 555 510 2138 592; baseline -0.007 -15"><span class='ocrx_word' id='word_1_23' title='bbox 555 518 711 592; x_wconf 89' lang='lat' dir='ltr'><strong>dum]</strong></span> <span class='ocrx_word' id='word_1_24' title='bbox 760 517 1133 589; x_wconf 88' lang='lat' dir='ltr'><strong>conspexisset</strong></span> <span class='ocrx_word' id='word_1_25' title='bbox 1171 511 1565 569; x_wconf 78' lang='lat' dir='ltr'><strong>sanctissimus</strong></span> <span class='ocrx_word' id='word_1_26' title='bbox 1605 510 1810 571; x_wconf 86' lang='lat' dir='ltr'><strong>Christi</strong></span> <span class='ocrx_word' id='word_1_27' title='bbox 1835 510 2138 591; x_wconf 83' lang='lat' dir='ltr'><strong>confessor,</strong></span> 
     </span>
    </p>
   </div>
   <div class='ocr_carea' id='block_1_5' title="bbox 558 601 2141 681">
    <p class='ocr_par' dir='ltr' id='par_1_5' title="bbox 558 601 2141 681">
     <span class='ocr_line' id='line_1_5' title="bbox 558 601 2141 681; baseline -0.004 -15"><span class='ocrx_word' id='word_1_28' title='bbox 558 610 828 681; x_wconf 84' lang='lat' dir='ltr'><strong>aspiciens</strong></span> <span class='ocrx_word' id='word_1_29' title='bbox 851 609 906 664; x_wconf 90' lang='lat' dir='ltr'><strong>in</strong></span> <span class='ocrx_word' id='word_1_30' title='bbox 935 607 1154 671; x_wconf 83' lang='lat' dir='ltr'><strong>coelum,</strong></span> <span class='ocrx_word' id='word_1_31' title='bbox 1177 612 1548 674; x_wconf 88' lang='lat' dir='ltr'><strong>etprostratus</strong></span> <span class='ocrx_word' id='word_1_32' title='bbox 1573 616 1695 659; x_wconf 90' lang='lat' dir='ltr'><strong>cum</strong></span> <span class='ocrx_word' id='word_1_33' title='bbox 1722 601 1983 674; x_wconf 86' lang='lat' dir='ltr'><strong>lacrymis</strong></span> <span class='ocrx_word' id='word_1_34' title='bbox 2017 615 2141 659; x_wconf 81' lang='lat' dir='ltr'><strong>ora-</strong></span> 
     </span>
    </p>
   </div>
   <div class='ocr_carea' id='block_1_6' title="bbox 555 690 2141 763">
    <p class='ocr_par' dir='ltr' id='par_1_6' title="bbox 555 690 2141 763">
     <span class='ocr_line' id='line_1_6' title="bbox 555 690 2141 763; baseline -0.008 -7"><span class='ocrx_word' id='word_1_35' title='bbox 555 702 640 756; x_wconf 88' lang='lat' dir='ltr'><strong>vit</strong></span> <span class='ocrx_word' id='word_1_36' title='bbox 669 699 975 756; x_wconf 89' lang='lat' dir='ltr'><strong>Dominum.</strong></span> <span class='ocrx_word' id='word_1_37' title='bbox 1020 696 1088 751; x_wconf 85' lang='lat' dir='ltr'><strong>Et</strong></span> <span class='ocrx_word' id='word_1_38' title='bbox 1130 693 1347 751; x_wconf 80' lang='lat' dir='ltr'><strong>elevans</strong></span> <span class='ocrx_word' id='word_1_39' title='bbox 1383 708 1443 749; x_wconf 89' lang='lat' dir='ltr'><strong>se</strong></span> <span class='ocrx_word' id='word_1_40' title='bbox 1482 693 1551 749; x_wconf 88' lang='lat' dir='ltr'><strong>ab</strong></span> <span class='ocrx_word' id='word_1_41' title='bbox 1582 692 1849 758; x_wconf 89' lang='lat' dir='ltr'><strong>oratione,</strong></span> <span class='ocrx_word' id='word_1_42' title='bbox 1876 690 2041 763; x_wconf 89' lang='lat' dir='ltr'><strong>jussit</strong></span> <span class='ocrx_word' id='word_1_43' title='bbox 2070 690 2141 745; x_wconf 90' lang='lat' dir='ltr'><strong>ad</strong></span> 
     </span>
    </p>
   </div>
   <div class='ocr_carea' id='block_1_7' title="bbox 557 784 2138 860">
    <p class='ocr_par' dir='ltr' id='par_1_7' title="bbox 557 784 2138 860">
     <span class='ocr_line' id='line_1_7' title="bbox 557 784 2138 860; baseline -0.009 -9"><span class='ocrx_word' id='word_1_44' title='bbox 557 809 619 852; x_wconf 91' lang='lat' dir='ltr'><strong>se</strong></span> <span class='ocrx_word' id='word_1_45' title='bbox 651 792 903 849; x_wconf 86' lang='lat' dir='ltr'><strong>claudum</strong></span> <span class='ocrx_word' id='word_1_46' title='bbox 929 787 1221 860; x_wconf 87' lang='lat' dir='ltr'><strong>deportari,</strong></span> <span class='ocrx_word' id='word_1_47' title='bbox 1243 796 1299 843; x_wconf 85' lang='lat' dir='ltr'><strong>et</strong></span> <span class='ocrx_word' id='word_1_48' title='bbox 1317 786 1452 842; x_wconf 86' lang='lat' dir='ltr'><strong>dans</strong></span> <span class='ocrx_word' id='word_1_49' title='bbox 1476 784 1783 843; x_wconf 89' lang='lat' dir='ltr'><strong>orationem</strong></span> <span class='ocrx_word' id='word_1_50' title='bbox 1808 797 1971 855; x_wconf 84' lang='lat' dir='ltr'><strong>super</strong></span> <span class='ocrx_word' id='word_1_51' title='bbox 1990 797 2138 847; x_wconf 88' lang='lat' dir='ltr'><strong>eum,</strong></span> 
     </span>
    </p>
   </div>
   <div class='ocr_carea' id='block_1_8' title="bbox 556 874 2140 955">
    <p class='ocr_par' dir='ltr' id='par_1_8' title="bbox 556 874 2140 955">
     <span class='ocr_line' id='line_1_8' title="bbox 556 874 2140 955; baseline -0.008 -15"><span class='ocrx_word' id='word_1_52' title='bbox 556 885 769 955; x_wconf 87' lang='lat' dir='ltr'><strong>signum</strong></span> <span class='ocrx_word' id='word_1_53' title='bbox 824 888 1022 936; x_wconf 75' lang='lat' dir='ltr'><strong>sancta:</strong></span> <span class='ocrx_word' id='word_1_54' title='bbox 1055 877 1234 933; x_wconf 87' lang='lat' dir='ltr'><strong>crucis</strong></span> <span class='ocrx_word' id='word_1_55' title='bbox 1280 874 1452 949; x_wconf 89' lang='lat' dir='ltr'><strong>[ante]</strong></span> <span class='ocrx_word' id='word_1_56' title='bbox 1486 874 1719 940; x_wconf 81' lang='lat' dir='ltr'><strong>faciens,</strong></span> <span class='ocrx_word' id='word_1_57' title='bbox 1773 874 2140 944; x_wconf 86' lang='lat' dir='ltr'><strong>redintegrata</strong></span> 
     </span>
    </p>
   </div>
   <div class='ocr_carea' id='block_1_9' title="bbox 558 965 2141 1040">
    <p class='ocr_par' dir='ltr' id='par_1_9' title="bbox 558 965 2141 1040">
     <span class='ocr_line' id='line_1_9' title="bbox 558 965 2141 1040; baseline -0.008 -8"><span class='ocrx_word' id='word_1_58' title='bbox 558 986 685 1031; x_wconf 91' lang='lat' dir='ltr'><strong>sunt</strong></span> <span class='ocrx_word' id='word_1_59' title='bbox 743 973 994 1028; x_wconf 91' lang='lat' dir='ltr'><strong>damnata</strong></span> <span class='ocrx_word' id='word_1_60' title='bbox 1039 983 1162 1025; x_wconf 89' lang='lat' dir='ltr'><strong>ossa</strong></span> <span class='ocrx_word' id='word_1_61' title='bbox 1199 967 1532 1038; x_wconf 90' lang='lat' dir='ltr'><strong>dilapsorum</strong></span> <span class='ocrx_word' id='word_1_62' title='bbox 1569 966 1647 1040; x_wconf 90' lang='lat' dir='ltr'><strong>[et</strong></span> <span class='ocrx_word' id='word_1_63' title='bbox 1689 965 1780 1020; x_wconf 91' lang='lat' dir='ltr'><strong>illa</strong></span> <span class='ocrx_word' id='word_1_64' title='bbox 1814 966 1946 1021; x_wconf 90' lang='lat' dir='ltr'><strong>hora</strong></span> <span class='ocrx_word' id='word_1_65' title='bbox 1975 980 2141 1021; x_wconf 88' lang='lat' dir='ltr'><strong>sanus</strong></span> 
     </span>
    </p>
   </div>
   <div class='ocr_carea' id='block_1_10' title="bbox 557 1056 2141 1134">
    <p class='ocr_par' dir='ltr' id='par_1_10' title="bbox 557 1056 2141 1134">
     <span class='ocr_line' id='line_1_10' title="bbox 557 1056 2141 1134; baseline -0.005 -14"><span class='ocrx_word' id='word_1_66' title='bbox 557 1066 732 1121; x_wconf 82' lang='lat' dir='ltr'><strong>factus</strong></span> <span class='ocrx_word' id='word_1_67' title='bbox 780 1060 908 1134; x_wconf 86' lang='lat' dir='ltr'><strong>est].</strong></span> <span class='ocrx_word' id='word_1_68' title='bbox 942 1060 1009 1115; x_wconf 88' lang='lat' dir='ltr'><strong>Et</strong></span> <span class='ocrx_word' id='word_1_69' title='bbox 1061 1067 1186 1130; x_wconf 91' lang='lat' dir='ltr'><strong>post</strong></span> <span class='ocrx_word' id='word_1_70' title='bbox 1243 1066 1423 1115; x_wconf 85' lang='lat' dir='ltr'><strong>actam</strong></span> <span class='ocrx_word' id='word_1_71' title='bbox 1473 1056 1833 1113; x_wconf 88' lang='lat' dir='ltr'><strong>ammirahilis</strong></span> <span class='ocrx_word' id='word_1_72' title='bbox 1890 1056 2141 1114; x_wconf 71' lang='lat' dir='ltr'><strong>sanitatis</strong></span> 
     </span>
    </p>
   </div>
   <div class='ocr_carea' id='block_1_11' title="bbox 555 1146 2142 1224">
    <p class='ocr_par' dir='ltr' id='par_1_11' title="bbox 555 1146 2142 1224">
     <span class='ocr_line' id='line_1_11' title="bbox 555 1146 2142 1224; baseline -0.005 -14"><span class='ocrx_word' id='word_1_73' title='bbox 555 1152 950 1224; x_wconf 64' lang='lat' dir='ltr'><strong>aegritudinem,</strong></span> <span class='ocrx_word' id='word_1_74' title='bbox 978 1149 1084 1206; x_wconf 89' lang='lat' dir='ltr'><strong>fuit</strong></span> <span class='ocrx_word' id='word_1_75' title='bbox 1110 1150 1211 1221; x_wconf 9' lang='lat' dir='ltr'><strong>vir,</strong></span> <span class='ocrx_word' id='word_1_76' title='bbox 1239 1163 1380 1204; x_wconf 91' lang='lat' dir='ltr'><strong>unus</strong></span> <span class='ocrx_word' id='word_1_77' title='bbox 1409 1149 1626 1204; x_wconf 87' lang='lat' dir='ltr'><strong>nomine</strong></span> <span class='ocrx_word' id='word_1_78' title='bbox 1682 1147 1939 1213; x_wconf 86' lang='lat' dir='ltr'><strong>Isidorus,</strong></span> <span class='ocrx_word' id='word_1_79' title='bbox 1961 1147 2055 1217; x_wconf 89' lang='lat' dir='ltr'><strong>qui</strong></span> <span class='ocrx_word' id='word_1_80' title='bbox 2075 1146 2142 1204; x_wconf 92' lang='lat' dir='ltr'><strong>de</strong></span> 
     </span>
    </p>
   </div>
   <div class='ocr_carea' id='block_1_12' title="bbox 555 1236 2139 1316">
    <p class='ocr_par' dir='ltr' id='par_1_12' title="bbox 555 1236 2139 1316">
     <span class='ocr_line' id='line_1_12' title="bbox 555 1236 2139 1316; baseline -0.003 -19"><span class='ocrx_word' id='word_1_81' title='bbox 555 1242 807 1316; x_wconf 86' lang='lat' dir='ltr'><strong>pulmone</strong></span> <span class='ocrx_word' id='word_1_82' title='bbox 830 1239 1010 1296; x_wconf 88' lang='lat' dir='ltr'><strong>fuerat</strong></span> <span class='ocrx_word' id='word_1_83' title='bbox 1043 1239 1285 1311; x_wconf 74' lang='lat' dir='ltr'><strong>graviter</strong></span> <span class='ocrx_word' id='word_1_84' title='bbox 1318 1238 1613 1304; x_wconf 89' lang='lat' dir='ltr'><strong>cruciatus,</strong></span> <span class='ocrx_word' id='word_1_85' title='bbox 1642 1253 1743 1308; x_wconf 89' lang='lat' dir='ltr'><strong>pro</strong></span> <span class='ocrx_word' id='word_1_86' title='bbox 1782 1253 1890 1309; x_wconf 89' lang='lat' dir='ltr'><strong>qua</strong></span> <span class='ocrx_word' id='word_1_87' title='bbox 1914 1236 2139 1310; x_wconf 67' lang='lat' dir='ltr'><strong>aagritu-</strong></span> 
     </span>
    </p>
   </div>
   <div class='ocr_carea' id='block_1_13' title="bbox 557 1326 2143 1399">
    <p class='ocr_par' dir='ltr' id='par_1_13' title="bbox 557 1326 2143 1399">
     <span class='ocr_line' id='line_1_13' title="bbox 557 1326 2143 1399; baseline -0.003 -12"><span class='ocrx_word' id='word_1_88' title='bbox 557 1330 680 1387; x_wconf 92' lang='lat' dir='ltr'><strong>dinc</strong></span> <span class='ocrx_word' id='word_1_89' title='bbox 716 1330 896 1385; x_wconf 89' lang='lat' dir='ltr'><strong>nullus</strong></span> <span class='ocrx_word' id='word_1_90' title='bbox 938 1329 1277 1385; x_wconf 89' lang='lat' dir='ltr'><strong>medicorum</strong></span> <span class='ocrx_word' id='word_1_91' title='bbox 1326 1336 1543 1399; x_wconf 83' lang='lat' dir='ltr'><strong>poterat</strong></span> <span class='ocrx_word' id='word_1_92' title='bbox 1572 1329 1623 1383; x_wconf 92' lang='lat' dir='ltr'><strong>ei</strong></span> <span class='ocrx_word' id='word_1_93' title='bbox 1656 1327 1956 1395; x_wconf 82' lang='lat' dir='ltr'><strong>remedium</strong></span> <span class='ocrx_word' id='word_1_94' title='bbox 1993 1326 2143 1383; x_wconf 87' lang='lat' dir='ltr'><strong>sani-</strong></span> 
     </span>
    </p>
   </div>
   <div class='ocr_carea' id='block_1_14' title="bbox 557 1415 2144 1489">
    <p class='ocr_par' dir='ltr' id='par_1_14' title="bbox 557 1415 2144 1489">
     <span class='ocr_line' id='line_1_14' title="bbox 557 1415 2144 1489; baseline -0.001 -16"><span class='ocrx_word' id='word_1_95' title='bbox 557 1419 685 1474; x_wconf 86' lang='lat' dir='ltr'><strong>tatis</strong></span> <span class='ocrx_word' id='word_1_96' title='bbox 710 1425 992 1489; x_wconf 72' lang='lat' dir='ltr'><strong>prtestare,</strong></span> <span class='ocrx_word' id='word_1_97' title='bbox 1024 1417 1119 1473; x_wconf 88' lang='lat' dir='ltr'><strong>sed</strong></span> <span class='ocrx_word' id='word_1_98' title='bbox 1139 1417 1343 1483; x_wconf 88' lang='lat' dir='ltr'><strong>omnia,</strong></span> <span class='ocrx_word' id='word_1_99' title='bbox 1372 1432 1493 1488; x_wconf 80' lang='lat' dir='ltr'><strong>quae</strong></span> <span class='ocrx_word' id='word_1_100' title='bbox 1510 1416 1591 1471; x_wconf 89' lang='lat' dir='ltr'><strong>illi</strong></span> <span class='ocrx_word' id='word_1_101' title='bbox 1606 1415 1902 1483; x_wconf 88' lang='lat' dir='ltr'><strong>faciebant,</strong></span> <span class='ocrx_word' id='word_1_102' title='bbox 1930 1424 2144 1473; x_wconf 67' lang='lat' dir='ltr'><strong>contra«</strong></span> 
     </span>
    </p>
   </div>
   <div class='ocr_carea' id='block_1_15' title="bbox 554 1506 2142 1579">
    <p class='ocr_par' dir='ltr' id='par_1_15' title="bbox 554 1506 2142 1579">
     <span class='ocr_line' id='line_1_15' title="bbox 554 1506 2142 1579; baseline -0.004 -11"><span class='ocrx_word' id='word_1_103' title='bbox 554 1513 638 1568; x_wconf 90' lang='lat' dir='ltr'><strong>ria</strong></span> <span class='ocrx_word' id='word_1_104' title='bbox 667 1510 994 1575; x_wconf 75' lang='lat' dir='ltr'><strong>existebant,</strong></span> <span class='ocrx_word' id='word_1_105' title='bbox 1019 1517 1074 1564; x_wconf 89' lang='lat' dir='ltr'><strong>et</strong></span> <span class='ocrx_word' id='word_1_106' title='bbox 1102 1524 1227 1564; x_wconf 90' lang='lat' dir='ltr'><strong>cum</strong></span> <span class='ocrx_word' id='word_1_107' title='bbox 1247 1508 1361 1579; x_wconf 91' lang='lat' dir='ltr'><strong>jam</strong></span> <span class='ocrx_word' id='word_1_108' title='bbox 1404 1506 1741 1578; x_wconf 86' lang='lat' dir='ltr'><strong>putrefactus</strong></span> <span class='ocrx_word' id='word_1_109' title='bbox 1764 1506 1972 1574; x_wconf 83' lang='lat' dir='ltr'><strong>fuisset,</strong></span> <span class='ocrx_word' id='word_1_110' title='bbox 2006 1523 2142 1579; x_wconf 88' lang='lat' dir='ltr'><strong>pau-</strong></span> 
     </span>
    </p>
   </div>
   <div class='ocr_carea' id='block_1_16' title="bbox 556 1595 2144 1668">
    <p class='ocr_par' dir='ltr' id='par_1_16' title="bbox 556 1595 2144 1668">
     <span class='ocr_line' id='line_1_16' title="bbox 556 1595 2144 1668; baseline -0.002 -14"><span class='ocrx_word' id='word_1_111' title='bbox 556 1600 708 1655; x_wconf 88' lang='lat' dir='ltr'><strong>latim</strong></span> <span class='ocrx_word' id='word_1_112' title='bbox 736 1599 1010 1668; x_wconf 87' lang='lat' dir='ltr'><strong>expuebat</strong></span> <span class='ocrx_word' id='word_1_113' title='bbox 1032 1597 1088 1651; x_wconf 89' lang='lat' dir='ltr'><strong>in</strong></span> <span class='ocrx_word' id='word_1_114' title='bbox 1116 1595 1331 1666; x_wconf 85' lang='lat' dir='ltr'><strong>ﬁegma,</strong></span> <span class='ocrx_word' id='word_1_115' title='bbox 1360 1604 1524 1666; x_wconf 89' lang='lat' dir='ltr'><strong>atque</strong></span> <span class='ocrx_word' id='word_1_116' title='bbox 1556 1595 1611 1651; x_wconf 91' lang='lat' dir='ltr'><strong>in</strong></span> <span class='ocrx_word' id='word_1_117' title='bbox 1642 1595 1965 1665; x_wconf 89' lang='lat' dir='ltr'><strong>sanguinem</strong></span> <span class='ocrx_word' id='word_1_118' title='bbox 1995 1611 2144 1651; x_wconf 81' lang='lat' dir='ltr'><strong>reso-</strong></span> 
     </span>
    </p>
   </div>
   <div class='ocr_carea' id='block_1_17' title="bbox 555 1684 2146 1756">
    <p class='ocr_par' dir='ltr' id='par_1_17' title="bbox 555 1684 2146 1756">
     <span class='ocr_line' id='line_1_17' title="bbox 555 1684 2146 1756; baseline -0.004 -10"><span class='ocrx_word' id='word_1_119' title='bbox 555 1691 722 1756; x_wconf 92' lang='lat' dir='ltr'><strong>lutus,</strong></span> <span class='ocrx_word' id='word_1_120' title='bbox 751 1688 915 1743; x_wconf 90' lang='lat' dir='ltr'><strong>ﬁnem</strong></span> <span class='ocrx_word' id='word_1_121' title='bbox 939 1687 1063 1743; x_wconf 74' lang='lat' dir='ltr'><strong>vita:</strong></span> <span class='ocrx_word' id='word_1_122' title='bbox 1094 1702 1162 1741; x_wconf 86' lang='lat' dir='ltr'><strong>ex</strong></span> <span class='ocrx_word' id='word_1_123' title='bbox 1203 1686 1307 1742; x_wconf 90' lang='lat' dir='ltr'><strong>hoc</strong></span> <span class='ocrx_word' id='word_1_124' title='bbox 1327 1686 1677 1755; x_wconf 82' lang='lat' dir='ltr'><strong>exspectabat</strong></span> <span class='ocrx_word' id='word_1_125' title='bbox 1712 1684 1816 1741; x_wconf 87' lang='lat' dir='ltr'><strong>sibi</strong></span> <span class='ocrx_word' id='word_1_126' title='bbox 1846 1686 2049 1742; x_wconf 89' lang='lat' dir='ltr'><strong>venire.</strong></span> <span class='ocrx_word' id='word_1_127' title='bbox 2076 1685 2146 1740; x_wconf 85' lang='lat' dir='ltr'><strong>Et</strong></span> 
     </span>
    </p>
   </div>
   <div class='ocr_carea' id='block_1_18' title="bbox 2242 510 3733 593">
    <p class='ocr_par' dir='ltr' id='par_1_18' title="bbox 2242 510 3733 593">
     <span class='ocr_line' id='line_1_18' title="bbox 2242 510 3733 593; baseline 0.001 -22"><span class='ocrx_word' id='word_1_128' title='bbox 2242 526 2371 571; x_wconf 87' lang='lat' dir='ltr'><strong>nem</strong></span> <span class='ocrx_word' id='word_1_129' title='bbox 2416 510 2706 582; x_wconf 83' lang='lat' dir='ltr'><strong>expletam,</strong></span> <span class='ocrx_word' id='word_1_130' title='bbox 2772 512 2967 569; x_wconf 86' lang='lat' dir='ltr'><strong>tollens</strong></span> <span class='ocrx_word' id='word_1_131' title='bbox 3002 528 3169 593; x_wconf 83' lang='lat' dir='ltr'><strong>unam</strong></span> <span class='ocrx_word' id='word_1_132' title='bbox 3212 515 3479 579; x_wconf 83' lang='lat' dir='ltr'><strong>caricam,</strong></span> <span class='ocrx_word' id='word_1_133' title='bbox 3503 523 3554 571; x_wconf 83' lang='lat' dir='ltr'><strong>et</strong></span> <span class='ocrx_word' id='word_1_134' title='bbox 3594 518 3733 587; x_wconf 73' lang='lat' dir='ltr'><strong>signa</strong></span> 
     </span>
    </p>
   </div>
   <div class='ocr_carea' id='block_1_19' title="bbox 2241 599 3734 675">
    <p class='ocr_par' dir='ltr' id='par_1_19' title="bbox 2241 599 3734 675">
     <span class='ocr_line' id='line_1_19' title="bbox 2241 599 3734 675; baseline 0.003 -18"><span class='ocrx_word' id='word_1_135' title='bbox 2241 608 2444 657; x_wconf 70' lang='lat' dir='ltr'><strong>sanctae</strong></span> <span class='ocrx_word' id='word_1_136' title='bbox 2470 600 2652 657; x_wconf 86' lang='lat' dir='ltr'><strong>crucis</strong></span> <span class='ocrx_word' id='word_1_137' title='bbox 2675 602 2910 673; x_wconf 86' lang='lat' dir='ltr'><strong>desuper</strong></span> <span class='ocrx_word' id='word_1_138' title='bbox 2938 599 3090 669; x_wconf 87' lang='lat' dir='ltr'><strong>fecit,</strong></span> <span class='ocrx_word' id='word_1_139' title='bbox 3114 610 3175 669; x_wconf 87' lang='lat' dir='ltr'><strong>et</strong></span> <span class='ocrx_word' id='word_1_140' title='bbox 3191 603 3391 659; x_wconf 86' lang='lat' dir='ltr'><strong>detulit</strong></span> <span class='ocrx_word' id='word_1_141' title='bbox 3418 602 3493 659; x_wconf 85' lang='lat' dir='ltr'><strong>illi</strong></span> <span class='ocrx_word' id='word_1_142' title='bbox 3517 618 3734 675; x_wconf 56' lang='lat' dir='ltr'><strong>agrum</strong></span> 
     </span>
    </p>
   </div>
   <div class='ocr_carea' id='block_1_20' title="bbox 2241 689 3736 765">
    <p class='ocr_par' dir='ltr' id='par_1_20' title="bbox 2241 689 3736 765">
     <span class='ocr_line' id='line_1_20' title="bbox 2241 689 3736 765; baseline 0 -18"><span class='ocrx_word' id='word_1_143' title='bbox 2241 690 2570 747; x_wconf 90' lang='lat' dir='ltr'><strong>comederet.</strong></span> <span class='ocrx_word' id='word_1_144' title='bbox 2612 689 2716 759; x_wconf 86' lang='lat' dir='ltr'><strong>Qui</strong></span> <span class='ocrx_word' id='word_1_145' title='bbox 2744 691 2873 746; x_wconf 90' lang='lat' dir='ltr'><strong>dum</strong></span> <span class='ocrx_word' id='word_1_146' title='bbox 2917 690 3204 749; x_wconf 85' lang='lat' dir='ltr'><strong>confestim</strong></span> <span class='ocrx_word' id='word_1_147' title='bbox 3231 708 3364 748; x_wconf 90' lang='lat' dir='ltr'><strong>cum</strong></span> <span class='ocrx_word' id='word_1_148' title='bbox 3403 707 3585 763; x_wconf 81' lang='lat' dir='ltr'><strong>magno</strong></span> <span class='ocrx_word' id='word_1_149' title='bbox 3614 698 3736 765; x_wconf 56' lang='grc' dir='ltr'>ρώ</span> 
     </span>
    </p>
   </div>
   <div class='ocr_carea' id='block_1_21' title="bbox 2244 782 3739 857">
    <p class='ocr_par' dir='ltr' id='par_1_21' title="bbox 2244 782 3739 857">
     <span class='ocr_line' id='line_1_21' title="bbox 2244 782 3739 857; baseline 0.003 -21"><span class='ocrx_word' id='word_1_150' title='bbox 2244 782 2537 852; x_wconf 77' lang='lat' dir='ltr'><strong>recepisset</strong></span> <span class='ocrx_word' id='word_1_151' title='bbox 2553 789 2609 838; x_wconf 88' lang='lat' dir='ltr'><strong>et</strong></span> <span class='ocrx_word' id='word_1_152' title='bbox 2622 782 2967 850; x_wconf 88' lang='lat' dir='ltr'><strong>comedisset,</strong></span> <span class='ocrx_word' id='word_1_153' title='bbox 2989 785 3057 839; x_wconf 91' lang='lat' dir='ltr'><strong>de</strong></span> <span class='ocrx_word' id='word_1_154' title='bbox 3080 783 3341 855; x_wconf 70' lang='lat' dir='ltr'><strong>praesenti</strong></span> <span class='ocrx_word' id='word_1_155' title='bbox 3363 783 3739 857; x_wconf 47' lang='lat' dir='ltr'><strong>animus</strong></span> 
     </span>
    </p>
   </div>
   <div class='ocr_carea' id='block_1_22' title="bbox 2244 871 3737 944">
    <p class='ocr_par' dir='ltr' id='par_1_22' title="bbox 2244 871 3737 944">
     <span class='ocr_line' id='line_1_22' title="bbox 2244 871 3737 944; baseline 0.001 -17"><span class='ocrx_word' id='word_1_156' title='bbox 2244 880 2331 927; x_wconf 90' lang='lat' dir='ltr'><strong>tus</strong></span> <span class='ocrx_word' id='word_1_157' title='bbox 2355 881 2459 939; x_wconf 87' lang='lat' dir='ltr'><strong>est,</strong></span> <span class='ocrx_word' id='word_1_158' title='bbox 2495 882 2551 928; x_wconf 90' lang='lat' dir='ltr'><strong>et</strong></span> <span class='ocrx_word' id='word_1_159' title='bbox 2592 872 2891 943; x_wconf 85' lang='lat' dir='ltr'><strong>perfectam</strong></span> <span class='ocrx_word' id='word_1_160' title='bbox 2937 871 3167 929; x_wconf 84' lang='lat' dir='ltr'><strong>salutem</strong></span> <span class='ocrx_word' id='word_1_161' title='bbox 3193 875 3523 944; x_wconf 84' lang='lat' dir='ltr'><strong>potitnsest.</strong></span> <span class='ocrx_word' id='word_1_162' title='bbox 3547 873 3606 927; x_wconf 77' lang='lat' dir='ltr'><strong>Et</strong></span> <span class='ocrx_word' id='word_1_163' title='bbox 3632 875 3737 929; x_wconf 65' lang='grc' dir='ltr'><strong>Μ</strong></span> 
     </span>
    </p>
   </div>
   <div class='ocr_carea' id='block_1_23' title="bbox 2242 961 3737 1035">
    <p class='ocr_par' dir='ltr' id='par_1_23' title="bbox 2242 961 3737 1035">
     <span class='ocr_line' id='line_1_23' title="bbox 2242 961 3737 1035; baseline 0.002 -18"><span class='ocrx_word' id='word_1_164' title='bbox 2242 976 2421 1032; x_wconf 67' lang='lat' dir='ltr'><strong>praeco</strong></span> <span class='ocrx_word' id='word_1_165' title='bbox 2459 961 2529 1018; x_wconf 88' lang='lat' dir='ltr'><strong>ab</strong></span> <span class='ocrx_word' id='word_1_166' title='bbox 2556 961 2673 1032; x_wconf 87' lang='lat' dir='ltr'><strong>ipso</strong></span> <span class='ocrx_word' id='word_1_167' title='bbox 2716 964 2917 1020; x_wconf 90' lang='lat' dir='ltr'><strong>missus</strong></span> <span class='ocrx_word' id='word_1_168' title='bbox 2940 964 3171 1035; x_wconf 79' lang='lat' dir='ltr'><strong>gratiam</strong></span> <span class='ocrx_word' id='word_1_169' title='bbox 3197 963 3535 1019; x_wconf 86' lang='lat' dir='ltr'><strong>sanctissimi</strong></span> <span class='ocrx_word' id='word_1_170' title='bbox 3563 964 3643 1018; x_wconf 79' lang='lat' dir='ltr'><strong>viri</strong></span> <span class='ocrx_word' id='word_1_171' title='bbox 3660 980 3737 1020; x_wconf 79' lang='lat' dir='ltr'><strong>cos-</strong></span> 
     </span>
    </p>
   </div>
   <div class='ocr_carea' id='block_1_24' title="bbox 2242 1051 3738 1119">
    <p class='ocr_par' dir='ltr' id='par_1_24' title="bbox 2242 1051 3738 1119">
     <span class='ocr_line' id='line_1_24' title="bbox 2242 1051 3738 1119; baseline 0.002 -13"><span class='ocrx_word' id='word_1_172' title='bbox 2242 1051 2516 1119; x_wconf 89' lang='lat' dir='ltr'><strong>laudahat,</strong></span> <span class='ocrx_word' id='word_1_173' title='bbox 2547 1060 2605 1109; x_wconf 90' lang='lat' dir='ltr'><strong>et</strong></span> <span class='ocrx_word' id='word_1_174' title='bbox 2653 1053 2711 1109; x_wconf 90' lang='lat' dir='ltr'><strong>in</strong></span> <span class='ocrx_word' id='word_1_175' title='bbox 2759 1054 2873 1110; x_wconf 86' lang='lat' dir='ltr'><strong>suis</strong></span> <span class='ocrx_word' id='word_1_176' title='bbox 2928 1055 3169 1111; x_wconf 86' lang='lat' dir='ltr'><strong>humeris</strong></span> <span class='ocrx_word' id='word_1_177' title='bbox 3216 1054 3484 1112; x_wconf 84' lang='lat' dir='ltr'><strong>lectulum</strong></span> <span class='ocrx_word' id='word_1_178' title='bbox 3517 1059 3738 1117; x_wconf 54' lang='lat' dir='ltr'><strong>animum</strong></span> 
     </span>
    </p>
   </div>
   <div class='ocr_carea' id='block_1_25' title="bbox 2243 1142 3737 1214">
    <p class='ocr_par' dir='ltr' id='par_1_25' title="bbox 2243 1142 3737 1214">
     <span class='ocr_line' id='line_1_25' title="bbox 2243 1142 3737 1214; baseline 0.001 -18"><span class='ocrx_word' id='word_1_179' title='bbox 2243 1156 2357 1212; x_wconf 88' lang='lat' dir='ltr'><strong>quo</strong></span> <span class='ocrx_word' id='word_1_180' title='bbox 2395 1143 2466 1198; x_wconf 88' lang='lat' dir='ltr'><strong>ad</strong></span> <span class='ocrx_word' id='word_1_181' title='bbox 2494 1142 2816 1199; x_wconf 88' lang='lat' dir='ltr'><strong>veniendum</strong></span> <span class='ocrx_word' id='word_1_182' title='bbox 2854 1145 3145 1201; x_wconf 90' lang='lat' dir='ltr'><strong>subvectus</strong></span> <span class='ocrx_word' id='word_1_183' title='bbox 3170 1150 3280 1210; x_wconf 86' lang='lat' dir='ltr'><strong>est,</strong></span> <span class='ocrx_word' id='word_1_184' title='bbox 3311 1143 3633 1214; x_wconf 80' lang='lat' dir='ltr'><strong>deportahat.</strong></span> <span class='ocrx_word' id='word_1_185' title='bbox 3648 1143 3693 1198; x_wconf 71' lang='lat' dir='ltr'><strong>Et</strong></span> <span class='ocrx_word' id='word_1_186' title='bbox 3712 1148 3737 1198; x_wconf 63' lang='grc' dir='ltr'>ὴ</span> 
     </span>
    </p>
   </div>
   <div class='ocr_carea' id='block_1_26' title="bbox 2243 1231 3741 1305">
    <p class='ocr_par' dir='ltr' id='par_1_26' title="bbox 2243 1231 3741 1305">
     <span class='ocr_line' id='line_1_26' title="bbox 2243 1231 3741 1305; baseline 0 -17"><span class='ocrx_word' id='word_1_187' title='bbox 2243 1232 2350 1288; x_wconf 87' lang='lat' dir='ltr'><strong>hoc</strong></span> <span class='ocrx_word' id='word_1_188' title='bbox 2396 1231 2619 1287; x_wconf 85' lang='lat' dir='ltr'><strong>imitans</strong></span> <span class='ocrx_word' id='word_1_189' title='bbox 2647 1232 2797 1288; x_wconf 90' lang='lat' dir='ltr'><strong>illum</strong></span> <span class='ocrx_word' id='word_1_190' title='bbox 2824 1247 3008 1305; x_wconf 88' lang='lat' dir='ltr'><strong>opere,</strong></span> <span class='ocrx_word' id='word_1_191' title='bbox 3036 1234 3129 1303; x_wconf 86' lang='lat' dir='ltr'><strong>qui</strong></span> <span class='ocrx_word' id='word_1_192' title='bbox 3178 1234 3233 1291; x_wconf 89' lang='lat' dir='ltr'><strong>in</strong></span> <span class='ocrx_word' id='word_1_193' title='bbox 3281 1233 3570 1288; x_wconf 82' lang='lat' dir='ltr'><strong>Probatica</strong></span> <span class='ocrx_word' id='word_1_194' title='bbox 3609 1236 3741 1302; x_wconf 57' lang='lat' dir='ltr'><strong>pse:</strong></span> 
     </span>
    </p>
   </div>
   <div class='ocr_carea' id='block_1_27' title="bbox 2246 1320 3742 1393">
    <p class='ocr_par' dir='ltr' id='par_1_27' title="bbox 2246 1320 3742 1393">
     <span class='ocr_line' id='line_1_27' title="bbox 2246 1320 3742 1393; baseline -0.001 -18"><span class='ocrx_word' id='word_1_195' title='bbox 2246 1320 2505 1392; x_wconf 82' lang='lat' dir='ltr'><strong>languens</strong></span> <span class='ocrx_word' id='word_1_196' title='bbox 2522 1320 2794 1391; x_wconf 88' lang='lat' dir='ltr'><strong>jacuerat,</strong></span> <span class='ocrx_word' id='word_1_197' title='bbox 2816 1338 2978 1393; x_wconf 91' lang='lat' dir='ltr'><strong>quem</strong></span> <span class='ocrx_word' id='word_1_198' title='bbox 2990 1322 3240 1378; x_wconf 85' lang='lat' dir='ltr'><strong>Christus</strong></span> <span class='ocrx_word' id='word_1_199' title='bbox 3249 1328 3385 1391; x_wconf 87' lang='lat' dir='ltr'><strong>post</strong></span> <span class='ocrx_word' id='word_1_200' title='bbox 3400 1322 3605 1391; x_wconf 72' lang='lat' dir='ltr'><strong>triginta</strong></span> <span class='ocrx_word' id='word_1_201' title='bbox 3620 1330 3661 1375; x_wconf 84' lang='lat' dir='ltr'><strong>et</strong></span> <span class='ocrx_word' id='word_1_202' title='bbox 3672 1330 3742 1375; x_wconf 68' lang='lat' dir='ltr'><strong>tua</strong></span> 
     </span>
    </p>
   </div>
   <div class='ocr_carea' id='block_1_28' title="bbox 2246 1409 3742 1481">
    <p class='ocr_par' dir='ltr' id='par_1_28' title="bbox 2246 1409 3742 1481">
     <span class='ocr_line' id='line_1_28' title="bbox 2246 1409 3742 1481; baseline -0.003 -15"><span class='ocrx_word' id='word_1_203' title='bbox 2246 1426 2418 1467; x_wconf 87' lang='lat' dir='ltr'><strong>annos</strong></span> <span class='ocrx_word' id='word_1_204' title='bbox 2446 1411 2777 1478; x_wconf 86' lang='lat' dir='ltr'><strong>salviﬁcans,</strong></span> <span class='ocrx_word' id='word_1_205' title='bbox 2804 1413 2880 1465; x_wconf 85' lang='lat' dir='ltr'><strong>ait</strong></span> <span class='ocrx_word' id='word_1_206' title='bbox 2908 1428 2927 1466; x_wconf 89' lang='lat'><strong><em>:</em></strong></span> <span class='ocrx_word' id='word_1_207' title='bbox 2957 1409 3102 1466; x_wconf 81' lang='lat' dir='ltr'><strong>Tolle</strong></span> <span class='ocrx_word' id='word_1_208' title='bbox 3130 1410 3419 1481; x_wconf 74' lang='lat' dir='ltr'><strong>grabatum</strong></span> <span class='ocrx_word' id='word_1_209' title='bbox 3440 1418 3599 1475; x_wconf 69' lang='lat' dir='ltr'><strong>tam,</strong></span> <span class='ocrx_word' id='word_1_210' title='bbox 3632 1421 3742 1463; x_wconf 68' lang='lat' dir='ltr'><strong>cta-</strong></span> 
     </span>
    </p>
   </div>
   <div class='ocr_carea' id='block_1_29' title="bbox 2248 1500 3745 1575">
    <p class='ocr_par' dir='ltr' id='par_1_29' title="bbox 2248 1500 3745 1575">
     <span class='ocr_line' id='line_1_29' title="bbox 2248 1500 3745 1575; baseline -0.002 -18"><span class='ocrx_word' id='word_1_211' title='bbox 2248 1501 2390 1557; x_wconf 79' lang='lat' dir='ltr'><strong>bula.</strong></span> <span class='ocrx_word' id='word_1_212' title='bbox 2406 1502 2779 1575; x_wconf 23' lang='lat' dir='ltr'><strong>‘lpsejusserat</strong></span> <span class='ocrx_word' id='word_1_213' title='bbox 2803 1501 3131 1558; x_wconf 75' lang='lat' dir='ltr'><strong>ineffabilem</strong></span> <span class='ocrx_word' id='word_1_214' title='bbox 3143 1502 3413 1557; x_wconf 82' lang='lat' dir='ltr'><strong>virtutem</strong></span> <span class='ocrx_word' id='word_1_215' title='bbox 3426 1510 3614 1571; x_wconf 77' lang='lat' dir='ltr'><strong>etopus</strong></span> <span class='ocrx_word' id='word_1_216' title='bbox 3627 1500 3745 1554; x_wconf 49' lang='lat' dir='ltr'><strong>an!</strong></span> 
     </span>
    </p>
   </div>
   <div class='ocr_carea' id='block_1_30' title="bbox 2249 1592 3746 1666">
    <p class='ocr_par' dir='ltr' id='par_1_30' title="bbox 2249 1592 3746 1666">
     <span class='ocr_line' id='line_1_30' title="bbox 2249 1592 3746 1666; baseline -0.004 -16"><span class='ocrx_word' id='word_1_217' title='bbox 2249 1595 2440 1660; x_wconf 87' lang='lat' dir='ltr'><strong>rabile,</strong></span> <span class='ocrx_word' id='word_1_218' title='bbox 2456 1594 2598 1664; x_wconf 85' lang='lat' dir='ltr'><strong>quod</strong></span> <span class='ocrx_word' id='word_1_219' title='bbox 2611 1596 2666 1650; x_wconf 90' lang='lat' dir='ltr'><strong>in</strong></span> <span class='ocrx_word' id='word_1_220' title='bbox 2676 1610 2742 1651; x_wconf 89' lang='lat' dir='ltr'><strong>eo</strong></span> <span class='ocrx_word' id='word_1_221' title='bbox 2752 1594 3047 1666; x_wconf 83' lang='lat' dir='ltr'><strong>pertulerat</strong></span> <span class='ocrx_word' id='word_1_222' title='bbox 3062 1592 3275 1665; x_wconf 89' lang='lat' dir='ltr'><strong>[tollere</strong></span> <span class='ocrx_word' id='word_1_223' title='bbox 3286 1593 3577 1665; x_wconf 85' lang='lat' dir='ltr'><strong>grabatum</strong></span> <span class='ocrx_word' id='word_1_224' title='bbox 3584 1599 3746 1655; x_wconf 61' lang='lat' dir='ltr'><strong>sane</strong></span> 
     </span>
    </p>
   </div>
   <div class='ocr_carea' id='block_1_31' title="bbox 2256 1682 3745 1757">
    <p class='ocr_par' dir='ltr' id='par_1_31' title="bbox 2256 1682 3745 1757">
     <span class='ocr_line' id='line_1_31' title="bbox 2256 1682 3745 1757; baseline -0.004 -16"><span class='ocrx_word' id='word_1_225' title='bbox 2256 1685 2537 1745; x_wconf 85' lang='lat' dir='ltr'><strong>ambulare</strong></span> <span class='ocrx_word' id='word_1_226' title='bbox 2552 1686 2728 1757; x_wconf 91' lang='lat' dir='ltr'><strong>ipsum</strong></span> <span class='ocrx_word' id='word_1_227' title='bbox 2743 1685 2982 1755; x_wconf 80' lang='lat' dir='ltr'><strong>miserat,</strong></span> <span class='ocrx_word' id='word_1_228' title='bbox 2997 1682 3329 1740; x_wconf 73' lang='lat' dir='ltr'><strong>ineffabilem</strong></span> <span class='ocrx_word' id='word_1_229' title='bbox 3343 1683 3745 1749; x_wconf 54' lang='lat' dir='ltr'><strong>virtutessetm</strong></span> 
     </span>
    </p>
   </div>
   <div class='ocr_carea' id='block_1_32' title="bbox 556 1769 3745 1851">
    <p class='ocr_par' dir='ltr' id='par_1_32' title="bbox 556 1769 3745 1851">
     <span class='ocr_line' id='line_1_32' title="bbox 556 1769 3745 1851; baseline -0.003 -15"><span class='ocrx_word' id='word_1_230' title='bbox 556 1781 685 1836; x_wconf 89' lang='lat' dir='ltr'><strong>dum</strong></span> <span class='ocrx_word' id='word_1_231' title='bbox 710 1781 767 1835; x_wconf 88' lang='lat' dir='ltr'><strong>in</strong></span> <span class='ocrx_word' id='word_1_232' title='bbox 811 1779 917 1834; x_wconf 89' lang='lat' dir='ltr'><strong>hoc</strong></span> <span class='ocrx_word' id='word_1_233' title='bbox 940 1776 1185 1851; x_wconf 88' lang='lat' dir='ltr'><strong>[propter</strong></span> <span class='ocrx_word' id='word_1_234' title='bbox 1233 1775 1359 1848; x_wconf 92' lang='lat' dir='ltr'><strong>hoc]</strong></span> <span class='ocrx_word' id='word_1_235' title='bbox 1390 1775 1628 1832; x_wconf 87' lang='lat' dir='ltr'><strong>Isidorus</strong></span> <span class='ocrx_word' id='word_1_236' title='bbox 1659 1790 1718 1831; x_wconf 91' lang='lat' dir='ltr'><strong>se</strong></span> <span class='ocrx_word' id='word_1_237' title='bbox 1766 1776 1945 1848; x_wconf 89' lang='lat' dir='ltr'><strong>ipsum</strong></span> <span class='ocrx_word' id='word_1_238' title='bbox 1972 1776 2149 1846; x_wconf 85' lang='lat' dir='ltr'><strong>despi—</strong></span> <span class='ocrx_word' id='word_1_239' title='bbox 2178 1776 2592 1844; x_wconf 62' lang='lat' dir='ltr'><strong>B~admirabile,</strong></span> <span class='ocrx_word' id='word_1_240' title='bbox 2612 1776 2757 1846; x_wconf 90' lang='lat' dir='ltr'><strong>quod</strong></span> <span class='ocrx_word' id='word_1_241' title='bbox 2776 1775 3438 1844; x_wconf 65' lang='lat' dir='ltr'><strong>eisanctuspraastiterat,</strong></span> <span class='ocrx_word' id='word_1_242' title='bbox 3460 1769 3745 1844; x_wconf 60' lang='lat' dir='ltr'><strong>petendas].</strong></span> 
     </span>
    </p>
   </div>
   <div class='ocr_carea' id='block_1_33' title="bbox 556 1864 2146 1939">
    <p class='ocr_par' dir='ltr' id='par_1_33' title="bbox 556 1864 2146 1939">
     <span class='ocr_line' id='line_1_33' title="bbox 556 1864 2146 1939; baseline -0.003 -13"><span class='ocrx_word' id='word_1_243' title='bbox 556 1870 707 1926; x_wconf 88' lang='lat' dir='ltr'><strong>ciens</strong></span> <span class='ocrx_word' id='word_1_244' title='bbox 734 1875 789 1923; x_wconf 87' lang='lat' dir='ltr'><strong>et</strong></span> <span class='ocrx_word' id='word_1_245' title='bbox 810 1882 1159 1938; x_wconf 85' lang='lat' dir='ltr'><strong>cognoscens,</strong></span> <span class='ocrx_word' id='word_1_246' title='bbox 1199 1866 1342 1936; x_wconf 91' lang='lat' dir='ltr'><strong>quod</strong></span> <span class='ocrx_word' id='word_1_247' title='bbox 1368 1864 1574 1922; x_wconf 87' lang='lat' dir='ltr'><strong>nullam</strong></span> <span class='ocrx_word' id='word_1_248' title='bbox 1598 1866 1854 1929; x_wconf 82' lang='lat' dir='ltr'><strong>sanitatis</strong></span> <span class='ocrx_word' id='word_1_249' title='bbox 1876 1881 2028 1937; x_wconf 89' lang='lat' dir='ltr'><strong>spem</strong></span> <span class='ocrx_word' id='word_1_250' title='bbox 2054 1865 2146 1939; x_wconf 78' lang='lat' dir='ltr'><strong>[ab</strong></span> 
     </span>
    </p>
   </div>
   <div class='ocr_carea' id='block_1_34' title="bbox 557 1954 2149 2033">
    <p class='ocr_par' dir='ltr' id='par_1_34' title="bbox 557 1954 2149 2033">
     <span class='ocr_line' id='line_1_34' title="bbox 557 1954 2149 2033; baseline -0.001 -19"><span class='ocrx_word' id='word_1_251' title='bbox 557 1956 889 2029; x_wconf 88' lang='lat' dir='ltr'><strong>hominibus]</strong></span> <span class='ocrx_word' id='word_1_252' title='bbox 915 1957 1237 2026; x_wconf 86' lang='lat' dir='ltr'><strong>accepisset,</strong></span> <span class='ocrx_word' id='word_1_253' title='bbox 1271 1955 1406 2011; x_wconf 89' lang='lat' dir='ltr'><strong>abiit</strong></span> <span class='ocrx_word' id='word_1_254' title='bbox 1424 1955 1491 2010; x_wconf 92' lang='lat' dir='ltr'><strong>ad</strong></span> <span class='ocrx_word' id='word_1_255' title='bbox 1517 1955 1738 2033; x_wconf 74' lang='lat' dir='ltr'><strong>beatum</strong></span> <span class='ocrx_word' id='word_1_256' title='bbox 1763 1954 2149 2012; x_wconf 87' lang='lat' dir='ltr'><strong>Barbatianum</strong></span> 
     </span>
    </p>
   </div>
   <div class='ocr_carea' id='block_1_35' title="bbox 559 2042 2150 2114">
    <p class='ocr_par' dir='ltr' id='par_1_35' title="bbox 559 2042 2150 2114">
     <span class='ocr_line' id='line_1_35' title="bbox 559 2042 2150 2114; baseline -0.001 -13"><span class='ocrx_word' id='word_1_257' title='bbox 559 2044 777 2101; x_wconf 87' lang='lat' dir='ltr'><strong>silentio</strong></span> <span class='ocrx_word' id='word_1_258' title='bbox 826 2059 1005 2110; x_wconf 88' lang='lat' dir='ltr'><strong>mane,</strong></span> <span class='ocrx_word' id='word_1_259' title='bbox 1057 2051 1117 2099; x_wconf 91' lang='lat' dir='ltr'><strong>ut</strong></span> <span class='ocrx_word' id='word_1_260' title='bbox 1150 2045 1217 2100; x_wconf 92' lang='lat' dir='ltr'><strong>de</strong></span> <span class='ocrx_word' id='word_1_261' title='bbox 1271 2043 1391 2114; x_wconf 88' lang='lat' dir='ltr'><strong>ejus</strong></span> <span class='ocrx_word' id='word_1_262' title='bbox 1427 2043 1680 2099; x_wconf 89' lang='lat' dir='ltr'><strong>manibus</strong></span> <span class='ocrx_word' id='word_1_263' title='bbox 1716 2042 2150 2101; x_wconf 89' lang='lat' dir='ltr'><strong>benedictionem</strong></span> 
     </span>
    </p>
   </div>
   <div class='ocr_carea' id='block_1_36' title="bbox 560 2133 2148 2206">
    <p class='ocr_par' dir='ltr' id='par_1_36' title="bbox 560 2133 2148 2206">
     <span class='ocr_line' id='line_1_36' title="bbox 560 2133 2148 2206; baseline -0.001 -17"><span class='ocrx_word' id='word_1_264' title='bbox 560 2134 887 2206; x_wconf 88' lang='lat' dir='ltr'><strong>perciperet,</strong></span> <span class='ocrx_word' id='word_1_265' title='bbox 942 2142 998 2189; x_wconf 89' lang='lat' dir='ltr'><strong>et</strong></span> <span class='ocrx_word' id='word_1_266' title='bbox 1046 2133 1235 2189; x_wconf 88' lang='lat' dir='ltr'><strong>salutis</strong></span> <span class='ocrx_word' id='word_1_267' title='bbox 1277 2133 1387 2190; x_wconf 90' lang='lat' dir='ltr'><strong>sibi</strong></span> <span class='ocrx_word' id='word_1_268' title='bbox 1430 2140 1779 2203; x_wconf 85' lang='lat' dir='ltr'><strong>recuperaret</strong></span> <span class='ocrx_word' id='word_1_269' title='bbox 1829 2133 2148 2189; x_wconf 87' lang='lat' dir='ltr'><strong>remedium.</strong></span> 
     </span>
    </p>
   </div>
   <div class='ocr_carea' id='block_1_37' title="bbox 561 2223 2153 2297">
    <p class='ocr_par' dir='ltr' id='par_1_37' title="bbox 561 2223 2153 2297">
     <span class='ocr_line' id='line_1_37' title="bbox 561 2223 2153 2297; baseline 0 -17"><span class='ocrx_word' id='word_1_270' title='bbox 561 2226 733 2294; x_wconf 86' lang='lat' dir='ltr'><strong>Quem</strong></span> <span class='ocrx_word' id='word_1_271' title='bbox 755 2225 881 2281; x_wconf 89' lang='lat' dir='ltr'><strong>dum</strong></span> <span class='ocrx_word' id='word_1_272' title='bbox 911 2225 1288 2280; x_wconf 89' lang='lat' dir='ltr'><strong>sanctissimus</strong></span> <span class='ocrx_word' id='word_1_273' title='bbox 1313 2224 1401 2280; x_wconf 87' lang='lat' dir='ltr'><strong>vir</strong></span> <span class='ocrx_word' id='word_1_274' title='bbox 1420 2224 1772 2293; x_wconf 84' lang='lat' dir='ltr'><strong>exquisisset,</strong></span> <span class='ocrx_word' id='word_1_275' title='bbox 1799 2224 1854 2279; x_wconf 91' lang='lat' dir='ltr'><strong>in</strong></span> <span class='ocrx_word' id='word_1_276' title='bbox 1885 2223 2153 2297; x_wconf 86' lang='lat' dir='ltr'><strong>lacrymas</strong></span> 
     </span>
    </p>
   </div>
   <div class='ocr_carea' id='block_1_38' title="bbox 560 2313 2153 2389">
    <p class='ocr_par' dir='ltr' id='par_1_38' title="bbox 560 2313 2153 2389">
     <span class='ocr_line' id='line_1_38' title="bbox 560 2313 2153 2389; baseline -0.001 -16"><span class='ocrx_word' id='word_1_277' title='bbox 560 2317 743 2373; x_wconf 81' lang='lat' dir='ltr'><strong>vultus</strong></span> <span class='ocrx_word' id='word_1_278' title='bbox 765 2317 883 2389; x_wconf 89' lang='lat' dir='ltr'><strong>ejus</strong></span> <span class='ocrx_word' id='word_1_279' title='bbox 906 2316 1173 2372; x_wconf 88' lang='lat' dir='ltr'><strong>deveutus</strong></span> <span class='ocrx_word' id='word_1_280' title='bbox 1200 2322 1284 2370; x_wconf 90' lang='lat' dir='ltr'><strong>est</strong></span> <span class='ocrx_word' id='word_1_281' title='bbox 1313 2313 1673 2388; x_wconf 87' lang='lat' dir='ltr'><strong>[inquisisset,</strong></span> <span class='ocrx_word' id='word_1_282' title='bbox 1700 2323 1755 2370; x_wconf 91' lang='lat' dir='ltr'><strong>et</strong></span> <span class='ocrx_word' id='word_1_283' title='bbox 1778 2314 2153 2372; x_wconf 88' lang='lat' dir='ltr'><strong>inﬁrmitatem</strong></span> 
     </span>
    </p>
   </div>
   <div class='ocr_carea' id='block_1_39' title="bbox 563 2404 2152 2485">
    <p class='ocr_par' dir='ltr' id='par_1_39' title="bbox 563 2404 2152 2485">
     <span class='ocr_line' id='line_1_39' title="bbox 563 2404 2152 2485; baseline -0.002 -20"><span class='ocrx_word' id='word_1_284' title='bbox 563 2409 633 2465; x_wconf 90' lang='lat' dir='ltr'><strong>ab</strong></span> <span class='ocrx_word' id='word_1_285' title='bbox 655 2424 721 2464; x_wconf 88' lang='lat' dir='ltr'><strong>eo</strong></span> <span class='ocrx_word' id='word_1_286' title='bbox 745 2408 1038 2463; x_wconf 87' lang='lat' dir='ltr'><strong>indicatam</strong></span> <span class='ocrx_word' id='word_1_287' title='bbox 1064 2406 1322 2472; x_wconf 88' lang='lat' dir='ltr'><strong>audisset,</strong></span> <span class='ocrx_word' id='word_1_288' title='bbox 1338 2404 1672 2485; x_wconf 74' lang='lat' dir='ltr'><strong>lacrymatus</strong></span> <span class='ocrx_word' id='word_1_289' title='bbox 1695 2413 1782 2471; x_wconf 84' lang='lat' dir='ltr'><strong>est</strong></span> <span class='ocrx_word' id='word_1_290' title='bbox 1803 2405 2152 2479; x_wconf 88' lang='lat' dir='ltr'><strong>diutissime],</strong></span> 
     </span>
    </p>
   </div>
   <div class='ocr_carea' id='block_1_40' title="bbox 561 2496 2156 2568">
    <p class='ocr_par' dir='ltr' id='par_1_40' title="bbox 561 2496 2156 2568">
     <span class='ocr_line' id='line_1_40' title="bbox 561 2496 2156 2568; baseline -0.003 -11"><span class='ocrx_word' id='word_1_291' title='bbox 561 2511 620 2557; x_wconf 85' lang='lat' dir='ltr'><strong>et</strong></span> <span class='ocrx_word' id='word_1_292' title='bbox 664 2501 831 2555; x_wconf 90' lang='lat' dir='ltr'><strong>humo</strong></span> <span class='ocrx_word' id='word_1_293' title='bbox 882 2504 1191 2568; x_wconf 87' lang='lat' dir='ltr'><strong>prostratus</strong></span> <span class='ocrx_word' id='word_1_294' title='bbox 1227 2496 1515 2551; x_wconf 90' lang='lat' dir='ltr'><strong>Dominum</strong></span> <span class='ocrx_word' id='word_1_295' title='bbox 1541 2496 1960 2567; x_wconf 86' lang='lat' dir='ltr'><strong>deprecabatur,</strong></span> <span class='ocrx_word' id='word_1_296' title='bbox 1995 2504 2057 2551; x_wconf 91' lang='lat' dir='ltr'><strong>ut</strong></span> <span class='ocrx_word' id='word_1_297' title='bbox 2076 2496 2156 2552; x_wconf 89' lang='lat' dir='ltr'><strong>illi</strong></span> 
     </span>
    </p>
   </div>
   <div class='ocr_carea' id='block_1_41' title="bbox 562 2586 2156 2658">
    <p class='ocr_par' dir='ltr' id='par_1_41' title="bbox 562 2586 2156 2658">
     <span class='ocr_line' id='line_1_41' title="bbox 562 2586 2156 2658; baseline -0.003 -12"><span class='ocrx_word' id='word_1_298' title='bbox 562 2590 792 2647; x_wconf 90' lang='lat' dir='ltr'><strong>salutem</strong></span> <span class='ocrx_word' id='word_1_299' title='bbox 821 2589 904 2645; x_wconf 89' lang='lat' dir='ltr'><strong>sui</strong></span> <span class='ocrx_word' id='word_1_300' title='bbox 932 2587 1177 2658; x_wconf 90' lang='lat' dir='ltr'><strong>corporis</strong></span> <span class='ocrx_word' id='word_1_301' title='bbox 1214 2586 1510 2658; x_wconf 85' lang='lat' dir='ltr'><strong>pristinam</strong></span> <span class='ocrx_word' id='word_1_302' title='bbox 1553 2587 1867 2642; x_wconf 91' lang='lat' dir='ltr'><strong>redonaret.</strong></span> <span class='ocrx_word' id='word_1_303' title='bbox 1900 2586 2001 2654; x_wconf 87' lang='lat' dir='ltr'><strong>Qui</strong></span> <span class='ocrx_word' id='word_1_304' title='bbox 2030 2602 2156 2643; x_wconf 89' lang='lat' dir='ltr'><strong>sur-</strong></span> 
     </span>
    </p>
   </div>
   <div class='ocr_carea' id='block_1_42' title="bbox 561 2675 2154 2752">
    <p class='ocr_par' dir='ltr' id='par_1_42' title="bbox 561 2675 2154 2752">
     <span class='ocr_line' id='line_1_42' title="bbox 561 2675 2154 2752; baseline -0.004 -17"><span class='ocrx_word' id='word_1_305' title='bbox 561 2696 697 2752; x_wconf 89' lang='lat' dir='ltr'><strong>gens</strong></span> <span class='ocrx_word' id='word_1_306' title='bbox 738 2680 807 2735; x_wconf 91' lang='lat' dir='ltr'><strong>ab</strong></span> <span class='ocrx_word' id='word_1_307' title='bbox 826 2677 1096 2745; x_wconf 90' lang='lat' dir='ltr'><strong>oratione,</strong></span> <span class='ocrx_word' id='word_1_308' title='bbox 1120 2677 1389 2734; x_wconf 88' lang='lat' dir='ltr'><strong>modicam</strong></span> <span class='ocrx_word' id='word_1_309' title='bbox 1426 2676 1553 2731; x_wconf 90' lang='lat' dir='ltr'><strong>citri</strong></span> <span class='ocrx_word' id='word_1_310' title='bbox 1584 2676 1787 2746; x_wconf 90' lang='lat' dir='ltr'><strong>petiam</strong></span> <span class='ocrx_word' id='word_1_311' title='bbox 1814 2675 1863 2730; x_wconf 89' lang='lat' dir='ltr'><strong>ei</strong></span> <span class='ocrx_word' id='word_1_312' title='bbox 1891 2675 2154 2746; x_wconf 86' lang='lat' dir='ltr'><strong>porrexit.</strong></span> 
     </span>
    </p>
   </div>
   <div class='ocr_carea' id='block_1_43' title="bbox 564 2761 2154 2841">
    <p class='ocr_par' dir='ltr' id='par_1_43' title="bbox 564 2761 2154 2841">
     <span class='ocr_line' id='line_1_43' title="bbox 564 2761 2154 2841; baseline -0.003 -17"><span class='ocrx_word' id='word_1_313' title='bbox 564 2769 668 2838; x_wconf 90' lang='lat' dir='ltr'><strong>Qui</strong></span> <span class='ocrx_word' id='word_1_314' title='bbox 685 2771 799 2840; x_wconf 90' lang='lat' dir='ltr'><strong>ipse</strong></span> <span class='ocrx_word' id='word_1_315' title='bbox 825 2776 1083 2840; x_wconf 67' lang='lat' dir='ltr'><strong>aegrotus,</strong></span> <span class='ocrx_word' id='word_1_316' title='bbox 1102 2766 1243 2836; x_wconf 87' lang='lat' dir='ltr'><strong>quod</strong></span> <span class='ocrx_word' id='word_1_317' title='bbox 1271 2765 1340 2821; x_wconf 90' lang='lat' dir='ltr'><strong>ab</strong></span> <span class='ocrx_word' id='word_1_318' title='bbox 1366 2779 1432 2820; x_wconf 92' lang='lat' dir='ltr'><strong>eo</strong></span> <span class='ocrx_word' id='word_1_319' title='bbox 1455 2768 1742 2841; x_wconf 80' lang='lat' dir='ltr'><strong>aeceperat</strong></span> <span class='ocrx_word' id='word_1_320' title='bbox 1771 2761 1959 2835; x_wconf 89' lang='lat' dir='ltr'><strong>[quam</strong></span> <span class='ocrx_word' id='word_1_321' title='bbox 1981 2780 2154 2839; x_wconf 65' lang='lat' dir='ltr'><strong>aegro-</strong></span> 
     </span>
    </p>
   </div>
   <div class='ocr_carea' id='block_1_44' title="bbox 566 2846 2158 2931">
    <p class='ocr_par' dir='ltr' id='par_1_44' title="bbox 566 2846 2158 2931">
     <span class='ocr_line' id='line_1_44' title="bbox 566 2846 2158 2931; baseline -0.001 -17"><span class='ocrx_word' id='word_1_322' title='bbox 566 2848 695 2931; x_wconf 73' lang='lat' dir='ltr'><strong>tits],</strong></span> <span class='ocrx_word' id='word_1_323' title='bbox 711 2856 1137 2931; x_wconf 81' lang='lat' dir='ltr'><strong>gratesuscepit,</strong></span> <span class='ocrx_word' id='word_1_324' title='bbox 1153 2864 1207 2911; x_wconf 91' lang='lat' dir='ltr'><strong>et</strong></span> <span class='ocrx_word' id='word_1_325' title='bbox 1219 2856 1448 2911; x_wconf 87' lang='lat' dir='ltr'><strong>libenter</strong></span> <span class='ocrx_word' id='word_1_326' title='bbox 1461 2855 1711 2911; x_wconf 88' lang='lat' dir='ltr'><strong>comedit.</strong></span> <span class='ocrx_word' id='word_1_327' title='bbox 1728 2855 1829 2923; x_wconf 89' lang='lat' dir='ltr'><strong>Qui</strong></span> <span class='ocrx_word' id='word_1_328' title='bbox 1845 2870 1966 2911; x_wconf 89' lang='lat' dir='ltr'><strong>cum</strong></span> <span class='ocrx_word' id='word_1_329' title='bbox 1982 2846 2158 2929; x_wconf 72' lang='lat' dir='ltr'><strong>adhuc</strong></span> 
     </span>
    </p>
   </div>
   <div class='ocr_carea' id='block_1_45' title="bbox 561 2944 2158 3018">
    <p class='ocr_par' dir='ltr' id='par_1_45' title="bbox 561 2944 2158 3018">
     <span class='ocr_line' id='line_1_45' title="bbox 561 2944 2158 3018; baseline -0.001 -14"><span class='ocrx_word' id='word_1_330' title='bbox 561 2956 868 3004; x_wconf 88' lang='lat' dir='ltr'><strong>extremum</strong></span> <span class='ocrx_word' id='word_1_331' title='bbox 897 2946 1044 3010; x_wconf 90' lang='lat' dir='ltr'><strong>citri,</strong></span> <span class='ocrx_word' id='word_1_332' title='bbox 1070 2960 1232 3017; x_wconf 88' lang='lat' dir='ltr'><strong>quem</strong></span> <span class='ocrx_word' id='word_1_333' title='bbox 1254 2944 1595 3012; x_wconf 88' lang='lat' dir='ltr'><strong>comedebat,</strong></span> <span class='ocrx_word' id='word_1_334' title='bbox 1624 2946 1912 3002; x_wconf 88' lang='lat' dir='ltr'><strong>manderet</strong></span> <span class='ocrx_word' id='word_1_335' title='bbox 1931 2945 2158 3018; x_wconf 90' lang='lat' dir='ltr'><strong>[Quum-</strong></span> 
     </span>
    </p>
   </div>
   <div class='ocr_carea' id='block_1_46' title="bbox 561 3035 2158 3110">
    <p class='ocr_par' dir='ltr' id='par_1_46' title="bbox 561 3035 2158 3110">
     <span class='ocr_line' id='line_1_46' title="bbox 561 3035 2158 3110; baseline 0.001 -17"><span class='ocrx_word' id='word_1_336' title='bbox 561 3052 668 3109; x_wconf 88' lang='lat' dir='ltr'><strong>que</strong></span> <span class='ocrx_word' id='word_1_337' title='bbox 691 3038 869 3093; x_wconf 90' lang='lat' dir='ltr'><strong>adhuc</strong></span> <span class='ocrx_word' id='word_1_338' title='bbox 886 3044 1187 3091; x_wconf 86' lang='lat' dir='ltr'><strong>extremam</strong></span> <span class='ocrx_word' id='word_1_339' title='bbox 1211 3044 1421 3105; x_wconf 88' lang='lat' dir='ltr'><strong>partem</strong></span> <span class='ocrx_word' id='word_1_340' title='bbox 1447 3035 1573 3090; x_wconf 90' lang='lat' dir='ltr'><strong>citri</strong></span> <span class='ocrx_word' id='word_1_341' title='bbox 1597 3035 1922 3110; x_wconf 89' lang='lat' dir='ltr'><strong>manderet],</strong></span> <span class='ocrx_word' id='word_1_342' title='bbox 1940 3037 2081 3093; x_wconf 90' lang='lat' dir='ltr'><strong>illico</strong></span> <span class='ocrx_word' id='word_1_343' title='bbox 2100 3038 2158 3094; x_wconf 90' lang='lat' dir='ltr'><strong>in</strong></span> 
     </span>
    </p>
   </div>
   <div class='ocr_carea' id='block_1_47' title="bbox 2318 1863 3746 1939">
    <p class='ocr_par' dir='ltr' id='par_1_47' title="bbox 2318 1863 3746 1939">
     <span class='ocr_line' id='line_1_47' title="bbox 2318 1863 3746 1939; baseline 0 -16"><span class='ocrx_word' id='word_1_344' title='bbox 2318 1867 2522 1923; x_wconf 89' lang='lat' dir='ltr'><strong>Eodem</strong></span> <span class='ocrx_word' id='word_1_345' title='bbox 2574 1876 2818 1939; x_wconf 89' lang='lat' dir='ltr'><strong>tempore</strong></span> <span class='ocrx_word' id='word_1_346' title='bbox 2846 1866 2949 1923; x_wconf 88' lang='lat' dir='ltr'><strong>fuit</strong></span> <span class='ocrx_word' id='word_1_347' title='bbox 2975 1868 3059 1922; x_wconf 86' lang='lat' dir='ltr'><strong>vir</strong></span> <span class='ocrx_word' id='word_1_348' title='bbox 3105 1867 3331 1937; x_wconf 87' lang='lat' dir='ltr'><strong>quidam</strong></span> <span class='ocrx_word' id='word_1_349' title='bbox 3360 1864 3578 1921; x_wconf 86' lang='lat' dir='ltr'><strong>nomine</strong></span> <span class='ocrx_word' id='word_1_350' title='bbox 3594 1863 3746 1923; x_wconf 60' lang='grc' dir='ltr'><strong>ϐακε,</strong></span> 
     </span>
    </p>
   </div>
   <div class='ocr_carea' id='block_1_48' title="bbox 2248 1956 3747 2030">
    <p class='ocr_par' dir='ltr' id='par_1_48' title="bbox 2248 1956 3747 2030">
     <span class='ocr_line' id='line_1_48' title="bbox 2248 1956 3747 2030; baseline -0.004 -16"><span class='ocrx_word' id='word_1_351' title='bbox 2248 1957 2598 2030; x_wconf 86' lang='lat' dir='ltr'><strong>quihabebat</strong></span> <span class='ocrx_word' id='word_1_352' title='bbox 2623 1958 2680 2013; x_wconf 92' lang='lat' dir='ltr'><strong>in</strong></span> <span class='ocrx_word' id='word_1_353' title='bbox 2710 1958 2930 2030; x_wconf 77' lang='lat' dir='ltr'><strong>inguine</strong></span> <span class='ocrx_word' id='word_1_354' title='bbox 2955 1957 3213 2013; x_wconf 88' lang='lat' dir='ltr'><strong>ﬁstulam.</strong></span> <span class='ocrx_word' id='word_1_355' title='bbox 3238 1956 3327 2011; x_wconf 80' lang='lat' dir='ltr'><strong>Ad</strong></span> <span class='ocrx_word' id='word_1_356' title='bbox 3377 1956 3487 2012; x_wconf 87' lang='lat' dir='ltr'><strong>hoc</strong></span> <span class='ocrx_word' id='word_1_357' title='bbox 3514 1962 3747 2025; x_wconf 63' lang='lat' dir='ltr'><strong>expectau-</strong></span> 
     </span>
    </p>
   </div>
   <div class='ocr_carea' id='block_1_49' title="bbox 2250 2043 3748 2119">
    <p class='ocr_par' dir='ltr' id='par_1_49' title="bbox 2250 2043 3748 2119">
     <span class='ocr_line' id='line_1_49' title="bbox 2250 2043 3748 2119; baseline -0.006 -17"><span class='ocrx_word' id='word_1_358' title='bbox 2250 2048 2360 2104; x_wconf 90' lang='lat' dir='ltr'><strong>lum</strong></span> <span class='ocrx_word' id='word_1_359' title='bbox 2391 2048 2518 2119; x_wconf 89' lang='lat' dir='ltr'><strong>[hoc</strong></span> <span class='ocrx_word' id='word_1_360' title='bbox 2561 2044 2954 2118; x_wconf 88' lang='lat' dir='ltr'><strong>spectaculum]</strong></span> <span class='ocrx_word' id='word_1_361' title='bbox 2985 2045 3056 2101; x_wconf 89' lang='lat' dir='ltr'><strong>ad</strong></span> <span class='ocrx_word' id='word_1_362' title='bbox 3089 2046 3175 2102; x_wconf 90' lang='lat' dir='ltr'><strong>sui</strong></span> <span class='ocrx_word' id='word_1_363' title='bbox 3200 2043 3670 2100; x_wconf 75' lang='lat' dir='ltr'><strong>considerationem</strong></span> <span class='ocrx_word' id='word_1_364' title='bbox 3694 2055 3748 2093; x_wconf 64' lang='lat' dir='ltr'><strong>ne</strong></span> 
     </span>
    </p>
   </div>
   <div class='ocr_carea' id='block_1_50' title="bbox 2251 2132 3748 2214">
    <p class='ocr_par' dir='ltr' id='par_1_50' title="bbox 2251 2132 3748 2214">
     <span class='ocr_line' id='line_1_50' title="bbox 2251 2132 3748 2214; baseline -0.002 -16"><span class='ocrx_word' id='word_1_365' title='bbox 2251 2141 2478 2198; x_wconf 88' lang='lat' dir='ltr'><strong>attraxit</strong></span> <span class='ocrx_word' id='word_1_366' title='bbox 2541 2140 2834 2214; x_wconf 86' lang='lat' dir='ltr'><strong>[attrahit].</strong></span> <span class='ocrx_word' id='word_1_367' title='bbox 2876 2140 3065 2197; x_wconf 84' lang='lat' dir='ltr'><strong>Passio</strong></span> <span class='ocrx_word' id='word_1_368' title='bbox 3114 2153 3247 2194; x_wconf 87' lang='lat' dir='ltr'><strong>vero</strong></span> <span class='ocrx_word' id='word_1_369' title='bbox 3305 2136 3583 2209; x_wconf 78' lang='lat' dir='ltr'><strong>languoris</strong></span> <span class='ocrx_word' id='word_1_370' title='bbox 3616 2132 3748 2195; x_wconf 56' lang='lat' dir='ltr'><strong>iﬁlli.</strong></span> 
     </span>
    </p>
   </div>
   <div class='ocr_carea' id='block_1_51' title="bbox 2251 2225 3750 2303">
    <p class='ocr_par' dir='ltr' id='par_1_51' title="bbox 2251 2225 3750 2303">
     <span class='ocr_line' id='line_1_51' title="bbox 2251 2225 3750 2303; baseline -0.005 -16"><span class='ocrx_word' id='word_1_371' title='bbox 2251 2246 2417 2303; x_wconf 88' lang='lat' dir='ltr'><strong>quam</strong></span> <span class='ocrx_word' id='word_1_372' title='bbox 2452 2231 2661 2287; x_wconf 87' lang='lat' dir='ltr'><strong>habens</strong></span> <span class='ocrx_word' id='word_1_373' title='bbox 2683 2229 2965 2303; x_wconf 89' lang='lat' dir='ltr'><strong>[habebat]</strong></span> <span class='ocrx_word' id='word_1_374' title='bbox 2994 2230 3051 2286; x_wconf 90' lang='lat' dir='ltr'><strong>in</strong></span> <span class='ocrx_word' id='word_1_375' title='bbox 3094 2229 3322 2301; x_wconf 76' lang='lat' dir='ltr'><strong>inguine</strong></span> <span class='ocrx_word' id='word_1_376' title='bbox 3367 2242 3442 2283; x_wconf 86' lang='lat' dir='ltr'><strong>ex</strong></span> <span class='ocrx_word' id='word_1_377' title='bbox 3496 2240 3561 2282; x_wconf 90' lang='lat' dir='ltr'><strong>eo</strong></span> <span class='ocrx_word' id='word_1_378' title='bbox 3602 2225 3750 2295; x_wconf 57' lang='lat' dir='ltr'><strong>sitam</strong></span> 
     </span>
    </p>
   </div>
   <div class='ocr_carea' id='block_1_52' title="bbox 2257 2315 3751 2395">
    <p class='ocr_par' dir='ltr' id='par_1_52' title="bbox 2257 2315 3751 2395">
     <span class='ocr_line' id='line_1_52' title="bbox 2257 2315 3751 2395; baseline -0.005 -16"><span class='ocrx_word' id='word_1_379' title='bbox 2257 2322 2406 2395; x_wconf 89' lang='lat' dir='ltr'><strong>[nata</strong></span> <span class='ocrx_word' id='word_1_380' title='bbox 2419 2322 2549 2395; x_wconf 89' lang='lat' dir='ltr'><strong>est],</strong></span> <span class='ocrx_word' id='word_1_381' title='bbox 2564 2324 2709 2393; x_wconf 90' lang='lat' dir='ltr'><strong>quod</strong></span> <span class='ocrx_word' id='word_1_382' title='bbox 2729 2322 2937 2394; x_wconf 84' lang='lat' dir='ltr'><strong>ﬂagella</strong></span> <span class='ocrx_word' id='word_1_383' title='bbox 2958 2335 3270 2394; x_wconf 85' lang='lat' dir='ltr'><strong>perpessus,</strong></span> <span class='ocrx_word' id='word_1_384' title='bbox 3286 2328 3351 2377; x_wconf 85' lang='lat' dir='ltr'><strong>et</strong></span> <span class='ocrx_word' id='word_1_385' title='bbox 3372 2315 3751 2376; x_wconf 64' lang='lat' dir='ltr'><strong>humoriseha-</strong></span> 
     </span>
    </p>
   </div>
   <div class='ocr_carea' id='block_1_53' title="bbox 2253 2407 3751 2484">
    <p class='ocr_par' dir='ltr' id='par_1_53' title="bbox 2253 2407 3751 2484">
     <span class='ocr_line' id='line_1_53' title="bbox 2253 2407 3751 2484; baseline 0.001 -17"><span class='ocrx_word' id='word_1_386' title='bbox 2253 2413 2398 2468; x_wconf 87' lang='lat' dir='ltr'><strong>tibus</strong></span> <span class='ocrx_word' id='word_1_387' title='bbox 2455 2413 2644 2484; x_wconf 84' lang='lat' dir='ltr'><strong>guttis,</strong></span> <span class='ocrx_word' id='word_1_388' title='bbox 2676 2420 2732 2469; x_wconf 90' lang='lat' dir='ltr'><strong>et</strong></span> <span class='ocrx_word' id='word_1_389' title='bbox 2760 2413 2961 2469; x_wconf 89' lang='lat' dir='ltr'><strong>ibidem</strong></span> <span class='ocrx_word' id='word_1_390' title='bbox 3006 2427 3076 2468; x_wconf 85' lang='lat' dir='ltr'><strong>ex</strong></span> <span class='ocrx_word' id='word_1_391' title='bbox 3106 2421 3220 2468; x_wconf 90' lang='lat' dir='ltr'><strong>toto</strong></span> <span class='ocrx_word' id='word_1_392' title='bbox 3243 2425 3487 2481; x_wconf 85' lang='lat' dir='ltr'><strong>corpore</strong></span> <span class='ocrx_word' id='word_1_393' title='bbox 3509 2407 3751 2469; x_wconf 55' lang='lat' dir='ltr'><strong>allectis,“</strong></span> 
     </span>
    </p>
   </div>
   <div class='ocr_carea' id='block_1_54' title="bbox 2255 2504 3751 2578">
    <p class='ocr_par' dir='ltr' id='par_1_54' title="bbox 2255 2504 3751 2578">
     <span class='ocr_line' id='line_1_54' title="bbox 2255 2504 3751 2578; baseline -0.006 -16"><span class='ocrx_word' id='word_1_394' title='bbox 2255 2506 2359 2563; x_wconf 91' lang='lat' dir='ltr'><strong>hoc</strong></span> <span class='ocrx_word' id='word_1_395' title='bbox 2381 2506 2642 2578; x_wconf 89' lang='lat' dir='ltr'><strong>supplicio</strong></span> <span class='ocrx_word' id='word_1_396' title='bbox 2688 2506 2977 2578; x_wconf 87' lang='lat' dir='ltr'><strong>impeditus</strong></span> <span class='ocrx_word' id='word_1_397' title='bbox 3019 2506 3250 2563; x_wconf 90' lang='lat' dir='ltr'><strong>salutem</strong></span> <span class='ocrx_word' id='word_1_398' title='bbox 3297 2504 3751 2577; x_wconf 65' lang='lat' dir='ltr'><strong>[humoresquem-</strong></span> 
     </span>
    </p>
   </div>
   <div class='ocr_carea' id='block_1_55' title="bbox 2254 2588 3747 2670">
    <p class='ocr_par' dir='ltr' id='par_1_55' title="bbox 2254 2588 3747 2670">
     <span class='ocr_line' id='line_1_55' title="bbox 2254 2588 3747 2670; baseline -0.006 -18"><span class='ocrx_word' id='word_1_399' title='bbox 2254 2596 2547 2654; x_wconf 81' lang='lat' dir='ltr'><strong>fluentibus</strong></span> <span class='ocrx_word' id='word_1_400' title='bbox 2597 2599 2765 2670; x_wconf 78' lang='lat' dir='ltr'><strong>guttis</strong></span> <span class='ocrx_word' id='word_1_401' title='bbox 2819 2598 3022 2654; x_wconf 86' lang='lat' dir='ltr'><strong>ibidem</strong></span> <span class='ocrx_word' id='word_1_402' title='bbox 3075 2612 3143 2653; x_wconf 85' lang='lat' dir='ltr'><strong>ex</strong></span> <span class='ocrx_word' id='word_1_403' title='bbox 3191 2605 3309 2652; x_wconf 89' lang='lat' dir='ltr'><strong>toto</strong></span> <span class='ocrx_word' id='word_1_404' title='bbox 3360 2608 3588 2664; x_wconf 77' lang='lat' dir='ltr'><strong>corpore</strong></span> <span class='ocrx_word' id='word_1_405' title='bbox 3621 2588 3747 2646; x_wconf 63' lang='grc' dir='ltr'><strong>ωιιενά</strong></span> 
     </span>
    </p>
   </div>
   <div class='ocr_carea' id='block_1_56' title="bbox 2255 2678 3752 2763">
    <p class='ocr_par' dir='ltr' id='par_1_56' title="bbox 2255 2678 3752 2763">
     <span class='ocr_line' id='line_1_56' title="bbox 2255 2678 3752 2763; baseline -0.008 -16"><span class='ocrx_word' id='word_1_406' title='bbox 2255 2700 2403 2747; x_wconf 90' lang='lat' dir='ltr'><strong>sunt.</strong></span> <span class='ocrx_word' id='word_1_407' title='bbox 2438 2693 2518 2747; x_wconf 79' lang='lat' dir='ltr'><strong>Ex</strong></span> <span class='ocrx_word' id='word_1_408' title='bbox 2545 2693 2650 2749; x_wconf 92' lang='lat' dir='ltr'><strong>hoc</strong></span> <span class='ocrx_word' id='word_1_409' title='bbox 2678 2692 2939 2763; x_wconf 89' lang='lat' dir='ltr'><strong>supplicio</strong></span> <span class='ocrx_word' id='word_1_410' title='bbox 2976 2690 3140 2747; x_wconf 88' lang='lat' dir='ltr'><strong>eximi</strong></span> <span class='ocrx_word' id='word_1_411' title='bbox 3161 2686 3412 2760; x_wconf 86' lang='lat' dir='ltr'><strong>penitus]</strong></span> <span class='ocrx_word' id='word_1_412' title='bbox 3437 2684 3638 2756; x_wconf 84' lang='lat' dir='ltr'><strong>cupiens</strong></span> <span class='ocrx_word' id='word_1_413' title='bbox 3656 2678 3752 2735; x_wconf 66' lang='grc' dir='ltr'><strong>πιώ-</strong></span> 
     </span>
    </p>
   </div>
   <div class='ocr_carea' id='block_1_57' title="bbox 2257 2769 3749 2847">
    <p class='ocr_par' dir='ltr' id='par_1_57' title="bbox 2257 2769 3749 2847">
     <span class='ocr_line' id='line_1_57' title="bbox 2257 2769 3749 2847; baseline -0.008 -9"><span class='ocrx_word' id='word_1_414' title='bbox 2257 2797 2445 2838; x_wconf 88' lang='lat' dir='ltr'><strong>eorum</strong></span> <span class='ocrx_word' id='word_1_415' title='bbox 2495 2781 2807 2837; x_wconf 74' lang='lat' dir='ltr'><strong>adhmrebat</strong></span> <span class='ocrx_word' id='word_1_416' title='bbox 2858 2778 3117 2835; x_wconf 84' lang='lat' dir='ltr'><strong>vestibulo</strong></span> <span class='ocrx_word' id='word_1_417' title='bbox 3174 2776 3521 2847; x_wconf 85' lang='lat' dir='ltr'><strong>frequenter,</strong></span> <span class='ocrx_word' id='word_1_418' title='bbox 3550 2781 3601 2828; x_wconf 87' lang='lat' dir='ltr'><strong>et</strong></span> <span class='ocrx_word' id='word_1_419' title='bbox 3630 2769 3749 2840; x_wconf 57' lang='lat' dir='ltr'><strong>item</strong></span> 
     </span>
    </p>
   </div>
   <div class='ocr_carea' id='block_1_58' title="bbox 2256 2860 3750 2945">
    <p class='ocr_par' dir='ltr' id='par_1_58' title="bbox 2256 2860 3750 2945">
     <span class='ocr_line' id='line_1_58' title="bbox 2256 2860 3750 2945; baseline -0.013 -16"><span class='ocrx_word' id='word_1_420' title='bbox 2256 2873 2561 2945; x_wconf 85' lang='lat' dir='ltr'><strong>procedens</strong></span> <span class='ocrx_word' id='word_1_421' title='bbox 2607 2873 2675 2928; x_wconf 89' lang='lat' dir='ltr'><strong>ad</strong></span> <span class='ocrx_word' id='word_1_422' title='bbox 2712 2887 2805 2929; x_wconf 88' lang='lat' dir='ltr'><strong>eos</strong></span> <span class='ocrx_word' id='word_1_423' title='bbox 2839 2870 3226 2928; x_wconf 81' lang='lat' dir='ltr'><strong>deducebatur.</strong></span> <span class='ocrx_word' id='word_1_424' title='bbox 3259 2869 3410 2922; x_wconf 88' lang='lat' dir='ltr'><strong>Dum</strong></span> <span class='ocrx_word' id='word_1_425' title='bbox 3448 2879 3572 2921; x_wconf 81' lang='lat' dir='ltr'><strong>vero</strong></span> <span class='ocrx_word' id='word_1_426' title='bbox 3596 2860 3750 2916; x_wconf 66' lang='lat' dir='ltr'><strong>omnia</strong></span> 
     </span>
    </p>
   </div>
   <div class='ocr_carea' id='block_1_59' title="bbox 2258 2954 3748 3033">
    <p class='ocr_par' dir='ltr' id='par_1_59' title="bbox 2258 2954 3748 3033">
     <span class='ocr_line' id='line_1_59' title="bbox 2258 2954 3748 3033; baseline -0.005 -16"><span class='ocrx_word' id='word_1_427' title='bbox 2258 2962 2649 3033; x_wconf 84' lang='lat' dir='ltr'><strong>experientiam</strong></span> <span class='ocrx_word' id='word_1_428' title='bbox 2701 2962 3019 3032; x_wconf 83' lang='lat' dir='ltr'><strong>accepisset,</strong></span> <span class='ocrx_word' id='word_1_429' title='bbox 3059 2959 3356 3028; x_wconf 88' lang='lat' dir='ltr'><strong>omniaque</strong></span> <span class='ocrx_word' id='word_1_430' title='bbox 3399 2954 3693 3027; x_wconf 77' lang='lat' dir='ltr'><strong>impendens,</strong></span> <span class='ocrx_word' id='word_1_431' title='bbox 3719 2954 3748 2999; x_wconf 67' lang='lat' dir='ltr'><strong>ti</strong></span> 
     </span>
    </p>
   </div>
   <div class='ocr_carea' id='block_1_60' title="bbox 2259 3039 3748 3112">
    <p class='ocr_par' dir='ltr' id='par_1_60' title="bbox 2259 3039 3748 3112">
     <span class='ocr_line' id='line_1_60' title="bbox 2259 3039 3748 3112; baseline -0.009 -4"><span class='ocrx_word' id='word_1_432' title='bbox 2259 3067 2369 3108; x_wconf 90' lang='lat' dir='ltr'><strong>non</strong></span> <span class='ocrx_word' id='word_1_433' title='bbox 2395 3050 2588 3109; x_wconf 87' lang='lat' dir='ltr'><strong>fuisset</strong></span> <span class='ocrx_word' id='word_1_434' title='bbox 2623 3052 2883 3107; x_wconf 88' lang='lat' dir='ltr'><strong>liberatus</strong></span> <span class='ocrx_word' id='word_1_435' title='bbox 2927 3066 2958 3104; x_wconf 90' lang='lat' dir='ltr'><strong>a</strong></span> <span class='ocrx_word' id='word_1_436' title='bbox 2988 3049 3190 3112; x_wconf 91' lang='lat' dir='ltr'><strong>ﬁstula,</strong></span> <span class='ocrx_word' id='word_1_437' title='bbox 3215 3048 3289 3102; x_wconf 88' lang='lat' dir='ltr'><strong>ad</strong></span> <span class='ocrx_word' id='word_1_438' title='bbox 3312 3046 3687 3102; x_wconf 72' lang='lat' dir='ltr'><strong>sanctissimum</strong></span> <span class='ocrx_word' id='word_1_439' title='bbox 3709 3039 3748 3089; x_wconf 64' lang='lat' dir='ltr'><strong>ti</strong></span> 
     </span>
    </p>
   </div>
   <div class='ocr_carea' id='block_1_61' title="bbox 561 3126 3749 3212">
    <p class='ocr_par' dir='ltr' id='par_1_61' title="bbox 561 3126 3749 3212">
     <span class='ocr_line' id='line_1_61' title="bbox 561 3126 3749 3212; baseline 0.002 -32"><span class='ocrx_word' id='word_1_440' title='bbox 561 3128 829 3183; x_wconf 84' lang='lat' dir='ltr'><strong>vomitum</strong></span> <span class='ocrx_word' id='word_1_441' title='bbox 857 3134 1039 3181; x_wconf 90' lang='lat' dir='ltr'><strong>motus</strong></span> <span class='ocrx_word' id='word_1_442' title='bbox 1065 3132 1169 3190; x_wconf 89' lang='lat' dir='ltr'><strong>est,</strong></span> <span class='ocrx_word' id='word_1_443' title='bbox 1199 3133 1256 3181; x_wconf 92' lang='lat' dir='ltr'><strong>et</strong></span> <span class='ocrx_word' id='word_1_444' title='bbox 1279 3126 1527 3180; x_wconf 89' lang='lat' dir='ltr'><strong>turbatus</strong></span> <span class='ocrx_word' id='word_1_445' title='bbox 1545 3132 1650 3191; x_wconf 87' lang='lat' dir='ltr'><strong>est,</strong></span> <span class='ocrx_word' id='word_1_446' title='bbox 1680 3134 1737 3181; x_wconf 92' lang='lat' dir='ltr'><strong>et</strong></span> <span class='ocrx_word' id='word_1_447' title='bbox 1757 3142 1864 3182; x_wconf 91' lang='lat' dir='ltr'><strong>una</strong></span> <span class='ocrx_word' id='word_1_448' title='bbox 1885 3142 2007 3183; x_wconf 91' lang='lat' dir='ltr'><strong>cum</strong></span> <span class='ocrx_word' id='word_1_449' title='bbox 2033 3130 2155 3184; x_wconf 87' lang='lat' dir='ltr'><strong>cibo</strong></span> <span class='ocrx_word' id='word_1_450' title='bbox 2182 3149 2227 3212; x_wconf 67' lang='grc' dir='ltr'>ρ</span> <span class='ocrx_word' id='word_1_451' title='bbox 2258 3157 2380 3196; x_wconf 69' lang='lat' dir='ltr'><strong>rum</strong></span> <span class='ocrx_word' id='word_1_452' title='bbox 2401 3141 2788 3197; x_wconf 59' lang='lat' dir='ltr'><strong>Barbatianum</strong></span> <span class='ocrx_word' id='word_1_453' title='bbox 2824 3141 3048 3198; x_wconf 73' lang='lat' dir='ltr'><strong>veniens</strong></span> <span class='ocrx_word' id='word_1_454' title='bbox 3097 3147 3286 3203; x_wconf 88' lang='lat' dir='ltr'><strong>noctu,</strong></span> <span class='ocrx_word' id='word_1_455' title='bbox 3317 3152 3439 3193; x_wconf 88' lang='lat' dir='ltr'><strong>non</strong></span> <span class='ocrx_word' id='word_1_456' title='bbox 3462 3129 3749 3192; x_wconf 63' lang='grc' dir='ltr'><strong>Μῦθοςωέ-</strong></span> 
     </span>
    </p>
   </div>
   <div class='ocr_carea' id='block_1_62' title="bbox 566 3212 2152 3286">
    <p class='ocr_par' dir='ltr' id='par_1_62' title="bbox 566 3212 2152 3286">
     <span class='ocr_line' id='line_1_62' title="bbox 566 3212 2152 3286; baseline 0.004 -19"><span class='ocrx_word' id='word_1_457' title='bbox 566 3230 829 3281; x_wconf 88' lang='lat' dir='ltr'><strong>vermem,</strong></span> <span class='ocrx_word' id='word_1_458' title='bbox 859 3215 951 3284; x_wconf 91' lang='lat' dir='ltr'><strong>qui</strong></span> <span class='ocrx_word' id='word_1_459' title='bbox 973 3215 1090 3284; x_wconf 88' lang='lat' dir='ltr'><strong>ejus</strong></span> <span class='ocrx_word' id='word_1_460' title='bbox 1114 3212 1424 3286; x_wconf 88' lang='lat' dir='ltr'><strong>pulmonem</strong></span> <span class='ocrx_word' id='word_1_461' title='bbox 1452 3214 1536 3270; x_wconf 86' lang='lat' dir='ltr'><strong>vel</strong></span> <span class='ocrx_word' id='word_1_462' title='bbox 1568 3215 1777 3271; x_wconf 86' lang='lat' dir='ltr'><strong>viscera</strong></span> <span class='ocrx_word' id='word_1_463' title='bbox 1815 3218 2152 3285; x_wconf 88' lang='lat' dir='ltr'><strong>comedebat,</strong></span> 
     </span>
    </p>
   </div>
   <div class='ocr_carea' id='block_1_63' title="bbox 569 3302 2159 3376">
    <p class='ocr_par' dir='ltr' id='par_1_63' title="bbox 569 3302 2159 3376">
     <span class='ocr_line' id='line_1_63' title="bbox 569 3302 2159 3376; baseline 0.003 -19"><span class='ocrx_word' id='word_1_464' title='bbox 569 3302 788 3371; x_wconf 87' lang='lat' dir='ltr'><strong>abjecit.</strong></span> <span class='ocrx_word' id='word_1_465' title='bbox 854 3303 958 3371; x_wconf 85' lang='lat' dir='ltr'><strong>Qui</strong></span> <span class='ocrx_word' id='word_1_466' title='bbox 988 3318 1113 3357; x_wconf 90' lang='lat' dir='ltr'><strong>eum</strong></span> <span class='ocrx_word' id='word_1_467' title='bbox 1164 3302 1408 3372; x_wconf 86' lang='lat' dir='ltr'><strong>cjiciens,</strong></span> <span class='ocrx_word' id='word_1_468' title='bbox 1454 3306 1660 3373; x_wconf 90' lang='lat' dir='ltr'><strong>pariter</strong></span> <span class='ocrx_word' id='word_1_469' title='bbox 1687 3312 1743 3360; x_wconf 93' lang='lat' dir='ltr'><strong>ct</strong></span> <span class='ocrx_word' id='word_1_470' title='bbox 1782 3306 2159 3376; x_wconf 80' lang='lat' dir='ltr'><strong>aegritudinem</strong></span> 
     </span>
    </p>
   </div>
   <div class='ocr_carea' id='block_1_64' title="bbox 568 3391 2058 3466">
    <p class='ocr_par' dir='ltr' id='par_1_64' title="bbox 568 3391 2058 3466">
     <span class='ocr_line' id='line_1_64' title="bbox 568 3391 2058 3466; baseline 0.002 -19"><span class='ocrx_word' id='word_1_471' title='bbox 568 3392 823 3458; x_wconf 75' lang='lat' dir='ltr'><strong>abstulit,</strong></span> <span class='ocrx_word' id='word_1_472' title='bbox 851 3391 1172 3447; x_wconf 87' lang='lat' dir='ltr'><strong>etsanitatis</strong></span> <span class='ocrx_word' id='word_1_473' title='bbox 1203 3391 1518 3447; x_wconf 90' lang='lat' dir='ltr'><strong>ﬁrmitatem</strong></span> <span class='ocrx_word' id='word_1_474' title='bbox 1552 3393 1812 3449; x_wconf 91' lang='lat' dir='ltr'><strong>continuo</strong></span> <span class='ocrx_word' id='word_1_475' title='bbox 1835 3396 2058 3466; x_wconf 89' lang='lat' dir='ltr'><strong>recepit.</strong></span> 
     </span>
    </p>
   </div>
   <div class='ocr_carea' id='block_1_65' title="bbox 641 3482 2160 3553">
    <p class='ocr_par' dir='ltr' id='par_1_65' title="bbox 641 3482 2160 3553">
     <span class='ocr_line' id='line_1_65' title="bbox 641 3482 2160 3553; baseline 0.003 -15"><span class='ocrx_word' id='word_1_476' title='bbox 641 3483 772 3538; x_wconf 88' lang='lat' dir='ltr'><strong>Post</strong></span> <span class='ocrx_word' id='word_1_477' title='bbox 816 3482 1212 3538; x_wconf 88' lang='lat' dir='ltr'><strong>ammirabilem</strong></span> <span class='ocrx_word' id='word_1_478' title='bbox 1260 3497 1391 3540; x_wconf 84' lang='lat' dir='ltr'><strong>vero</strong></span> <span class='ocrx_word' id='word_1_479' title='bbox 1418 3485 1757 3541; x_wconf 86' lang='lat' dir='ltr'><strong>curationem</strong></span> <span class='ocrx_word' id='word_1_480' title='bbox 1785 3485 2020 3553; x_wconf 89' lang='lat' dir='ltr'><strong>Isidorii,</strong></span> <span class='ocrx_word' id='word_1_481' title='bbox 2066 3487 2160 3543; x_wconf 81' lang='lat' dir='ltr'><strong>Mi-</strong></span> 
     </span>
    </p>
   </div>
   <div class='ocr_carea' id='block_1_66' title="bbox 571 3573 2161 3648">
    <p class='ocr_par' dir='ltr' id='par_1_66' title="bbox 571 3573 2161 3648">
     <span class='ocr_line' id='line_1_66' title="bbox 571 3573 2161 3648; baseline 0.003 -16"><span class='ocrx_word' id='word_1_482' title='bbox 571 3575 720 3632; x_wconf 86' lang='lat' dir='ltr'><strong>natis</strong></span> <span class='ocrx_word' id='word_1_483' title='bbox 745 3573 1115 3629; x_wconf 89' lang='lat' dir='ltr'><strong>inﬁrmitatem</strong></span> <span class='ocrx_word' id='word_1_484' title='bbox 1157 3574 1213 3629; x_wconf 92' lang='lat' dir='ltr'><strong>in</strong></span> <span class='ocrx_word' id='word_1_485' title='bbox 1262 3575 1501 3631; x_wconf 90' lang='lat' dir='ltr'><strong>medium</strong></span> <span class='ocrx_word' id='word_1_486' title='bbox 1555 3577 1920 3648; x_wconf 81' lang='lat' dir='ltr'><strong>proferamus,</strong></span> <span class='ocrx_word' id='word_1_487' title='bbox 1970 3587 2034 3635; x_wconf 87' lang='lat' dir='ltr'><strong>ut</strong></span> <span class='ocrx_word' id='word_1_488' title='bbox 2071 3595 2161 3636; x_wconf 88' lang='lat' dir='ltr'><strong>ve—</strong></span> 
     </span>
    </p>
   </div>
   <div class='ocr_carea' id='block_1_67' title="bbox 570 3665 2159 3727">
    <p class='ocr_par' dir='ltr' id='par_1_67' title="bbox 570 3665 2159 3727">
     <span class='ocr_line' id='line_1_67' title="bbox 570 3665 2159 3727; baseline 0.003 -5"><span class='ocrx_word' id='word_1_489' title='bbox 570 3665 703 3722; x_wconf 86' lang='lat' dir='ltr'><strong>stris</strong></span> <span class='ocrx_word' id='word_1_490' title='bbox 749 3666 973 3721; x_wconf 89' lang='lat' dir='ltr'><strong>auribus</strong></span> <span class='ocrx_word' id='word_1_491' title='bbox 1020 3666 1302 3723; x_wconf 90' lang='lat' dir='ltr'><strong>audientes</strong></span> <span class='ocrx_word' id='word_1_492' title='bbox 1334 3667 1622 3725; x_wconf 91' lang='lat' dir='ltr'><strong>Dominum</strong></span> <span class='ocrx_word' id='word_1_493' title='bbox 1681 3677 1927 3725; x_wconf 91' lang='lat' dir='ltr'><strong>nostrum</strong></span> <span class='ocrx_word' id='word_1_494' title='bbox 1972 3668 2159 3727; x_wconf 74' lang='lat' dir='ltr'><strong>Iesum</strong></span> 
     </span>
    </p>
   </div>
   <div class='ocr_carea' id='block_1_68' title="bbox 569 3752 2163 3831">
    <p class='ocr_par' dir='ltr' id='par_1_68' title="bbox 569 3752 2163 3831">
     <span class='ocr_line' id='line_1_68' title="bbox 569 3752 2163 3831; baseline 0.003 -17"><span class='ocrx_word' id='word_1_495' title='bbox 569 3752 851 3814; x_wconf 80' lang='lat' dir='ltr'><strong>Christum</strong></span> <span class='ocrx_word' id='word_1_496' title='bbox 898 3756 1149 3815; x_wconf 88' lang='lat' dir='ltr'><strong>laudibus</strong></span> <span class='ocrx_word' id='word_1_497' title='bbox 1189 3765 1246 3813; x_wconf 91' lang='lat' dir='ltr'><strong>et</strong></span> <span class='ocrx_word' id='word_1_498' title='bbox 1311 3758 1528 3829; x_wconf 86' lang='lat' dir='ltr'><strong>hymnis</strong></span> <span class='ocrx_word' id='word_1_499' title='bbox 1565 3760 1901 3831; x_wconf 89' lang='lat' dir='ltr'><strong>gloriﬁcetis.</strong></span> <span class='ocrx_word' id='word_1_500' title='bbox 1938 3762 2039 3818; x_wconf 85' lang='lat' dir='ltr'><strong>Hic</strong></span> <span class='ocrx_word' id='word_1_501' title='bbox 2062 3778 2163 3818; x_wconf 90' lang='lat' dir='ltr'><strong>au-</strong></span> 
     </span>
    </p>
   </div>
   <div class='ocr_carea' id='block_1_69' title="bbox 571 3847 2160 3930">
    <p class='ocr_par' dir='ltr' id='par_1_69' title="bbox 571 3847 2160 3930">
     <span class='ocr_line' id='line_1_69' title="bbox 571 3847 2160 3930; baseline 0.008 -28"><span class='ocrx_word' id='word_1_502' title='bbox 571 3854 681 3903; x_wconf 90' lang='lat' dir='ltr'><strong>tem</strong></span> <span class='ocrx_word' id='word_1_503' title='bbox 713 3847 906 3915; x_wconf 81' lang='lat' dir='ltr'><strong>Minas,</strong></span> <span class='ocrx_word' id='word_1_504' title='bbox 935 3865 1097 3922; x_wconf 90' lang='lat' dir='ltr'><strong>quem</strong></span> <span class='ocrx_word' id='word_1_505' title='bbox 1120 3855 1563 3923; x_wconf 89' lang='lat' dir='ltr'><strong>memoravimus,</strong></span> <span class='ocrx_word' id='word_1_506' title='bbox 1594 3856 1903 3913; x_wconf 89' lang='lat' dir='ltr'><strong>inﬁrmatus</strong></span> <span class='ocrx_word' id='word_1_507' title='bbox 1923 3865 2010 3913; x_wconf 88' lang='lat' dir='ltr'><strong>est</strong></span> <span class='ocrx_word' id='word_1_508' title='bbox 2035 3873 2160 3930; x_wconf 86' lang='lat' dir='ltr'><strong>gra-</strong></span> 
     </span>
    </p>
   </div>
   <div class='ocr_carea' id='block_1_70' title="bbox 573 3940 2161 4019">
    <p class='ocr_par' dir='ltr' id='par_1_70' title="bbox 573 3940 2161 4019">
     <span class='ocr_line' id='line_1_70' title="bbox 573 3940 2161 4019; baseline 0.008 -26"><span class='ocrx_word' id='word_1_509' title='bbox 573 3940 733 4004; x_wconf 86' lang='lat' dir='ltr'><strong>viter,</strong></span> <span class='ocrx_word' id='word_1_510' title='bbox 758 3949 984 4011; x_wconf 91' lang='lat' dir='ltr'><strong>eratque</strong></span> <span class='ocrx_word' id='word_1_511' title='bbox 1010 3941 1129 4013; x_wconf 88' lang='lat' dir='ltr'><strong>ejus</strong></span> <span class='ocrx_word' id='word_1_512' title='bbox 1167 3943 1461 4001; x_wconf 88' lang='lat' dir='ltr'><strong>inﬁrmitas</strong></span> <span class='ocrx_word' id='word_1_513' title='bbox 1490 3946 1662 4003; x_wconf 83' lang='lat' dir='ltr'><strong>febris</strong></span> <span class='ocrx_word' id='word_1_514' title='bbox 1690 3948 2014 4016; x_wconf 89' lang='lat' dir='ltr'><strong>vehemens,</strong></span> <span class='ocrx_word' id='word_1_515' title='bbox 2039 3964 2161 4019; x_wconf 67' lang='lat' dir='ltr'><strong>quae</strong></span> 
     </span>
    </p>
   </div>
   <div class='ocr_carea' id='block_1_71' title="bbox 571 4029 2160 4115">
    <p class='ocr_par' dir='ltr' id='par_1_71' title="bbox 571 4029 2160 4115">
     <span class='ocr_line' id='line_1_71' title="bbox 571 4029 2160 4115; baseline 0.009 -32"><span class='ocrx_word' id='word_1_516' title='bbox 571 4029 900 4085; x_wconf 89' lang='lat' dir='ltr'><strong>intestauter</strong></span> <span class='ocrx_word' id='word_1_517' title='bbox 917 4030 1231 4107; x_wconf 89' lang='lat' dir='ltr'><strong>[instanter]</strong></span> <span class='ocrx_word' id='word_1_518' title='bbox 1257 4051 1381 4090; x_wconf 92' lang='lat' dir='ltr'><strong>eum</strong></span> <span class='ocrx_word' id='word_1_519' title='bbox 1413 4045 1576 4107; x_wconf 88' lang='lat' dir='ltr'><strong>atque</strong></span> <span class='ocrx_word' id='word_1_520' title='bbox 1598 4036 1893 4115; x_wconf 80' lang='lat' dir='ltr'><strong>ﬂagranter</strong></span> <span class='ocrx_word' id='word_1_521' title='bbox 1904 4056 2160 4113; x_wconf 87' lang='lat' dir='ltr'><strong>aggressa</strong></span> 
     </span>
    </p>
   </div>
   <div class='ocr_carea' id='block_1_72' title="bbox 571 4116 2159 4201">
    <p class='ocr_par' dir='ltr' id='par_1_72' title="bbox 571 4116 2159 4201">
     <span class='ocr_line' id='line_1_72' title="bbox 571 4116 2159 4201; baseline 0.009 -29"><span class='ocrx_word' id='word_1_522' title='bbox 571 4126 678 4184; x_wconf 90' lang='lat' dir='ltr'><strong>cst,</strong></span> <span class='ocrx_word' id='word_1_523' title='bbox 707 4125 764 4173; x_wconf 90' lang='lat' dir='ltr'><strong>et</strong></span> <span class='ocrx_word' id='word_1_524' title='bbox 791 4116 902 4173; x_wconf 91' lang='lat' dir='ltr'><strong>fere</strong></span> <span class='ocrx_word' id='word_1_525' title='bbox 922 4134 1082 4176; x_wconf 90' lang='lat' dir='ltr'><strong>omne</strong></span> <span class='ocrx_word' id='word_1_526' title='bbox 1106 4137 1303 4195; x_wconf 87' lang='lat' dir='ltr'><strong>corpus</strong></span> <span class='ocrx_word' id='word_1_527' title='bbox 1322 4124 1440 4194; x_wconf 89' lang='lat' dir='ltr'><strong>ejus</strong></span> <span class='ocrx_word' id='word_1_528' title='bbox 1478 4126 1707 4183; x_wconf 88' lang='lat' dir='ltr'><strong>humore</strong></span> <span class='ocrx_word' id='word_1_529' title='bbox 1741 4129 2064 4201; x_wconf 85' lang='lat' dir='ltr'><strong>extinguens</strong></span> <span class='ocrx_word' id='word_1_530' title='bbox 2089 4131 2159 4185; x_wconf 88' lang='lat' dir='ltr'><strong>ad</strong></span> 
     </span>
    </p>
   </div>
   <div class='ocr_carea' id='block_1_73' title="bbox 571 4207 2158 4291">
    <p class='ocr_par' dir='ltr' id='par_1_73' title="bbox 571 4207 2158 4291">
     <span class='ocr_line' id='line_1_73' title="bbox 571 4207 2158 4291; baseline 0.011 -32"><span class='ocrx_word' id='word_1_531' title='bbox 571 4207 941 4276; x_wconf 87' lang='lat' dir='ltr'><strong>empsicheam</strong></span> <span class='ocrx_word' id='word_1_532' title='bbox 997 4213 1375 4269; x_wconf 89' lang='lat' dir='ltr'><strong>emensitatem</strong></span> <span class='ocrx_word' id='word_1_533' title='bbox 1442 4215 1973 4291; x_wconf 87' lang='lat' dir='ltr'><strong>desiccationemque</strong></span> <span class='ocrx_word' id='word_1_534' title='bbox 2028 4234 2158 4290; x_wconf 89' lang='lat' dir='ltr'><strong>pro-</strong></span> 
     </span>
    </p>
   </div>
   <div class='ocr_carea' id='block_1_74' title="bbox 574 4297 2158 4381">
    <p class='ocr_par' dir='ltr' id='par_1_74' title="bbox 574 4297 2158 4381">
     <span class='ocr_line' id='line_1_74' title="bbox 574 4297 2158 4381; baseline 0.011 -31"><span class='ocrx_word' id='word_1_535' title='bbox 574 4297 749 4351; x_wconf 87' lang='lat' dir='ltr'><strong>duxit.</strong></span> <span class='ocrx_word' id='word_1_536' title='bbox 803 4298 888 4353; x_wconf 83' lang='lat' dir='ltr'><strong>Ad</strong></span> <span class='ocrx_word' id='word_1_537' title='bbox 942 4315 1105 4371; x_wconf 90' lang='lat' dir='ltr'><strong>quam</strong></span> <span class='ocrx_word' id='word_1_538' title='bbox 1154 4305 1361 4360; x_wconf 87' lang='lat' dir='ltr'><strong>ventris</strong></span> <span class='ocrx_word' id='word_1_539' title='bbox 1428 4307 1848 4365; x_wconf 88' lang='lat' dir='ltr'><strong>desiccationem</strong></span> <span class='ocrx_word' id='word_1_540' title='bbox 1906 4310 2158 4381; x_wconf 89' lang='lat' dir='ltr'><strong>discipuli</strong></span> 
     </span>
    </p>
   </div>
   <div class='ocr_carea' id='block_1_75' title="bbox 573 4384 2155 4469">
    <p class='ocr_par' dir='ltr' id='par_1_75' title="bbox 573 4384 2155 4469">
     <span class='ocr_line' id='line_1_75' title="bbox 573 4384 2155 4469; baseline 0.013 -32"><span class='ocrx_word' id='word_1_541' title='bbox 573 4384 908 4443; x_wconf 89' lang='lat' dir='ltr'><strong>medicorum</strong></span> <span class='ocrx_word' id='word_1_542' title='bbox 963 4388 1278 4448; x_wconf 81' lang='lat' dir='ltr'><strong>deferebant</strong></span> <span class='ocrx_word' id='word_1_543' title='bbox 1331 4395 1577 4451; x_wconf 88' lang='lat' dir='ltr'><strong>antidota</strong></span> <span class='ocrx_word' id='word_1_544' title='bbox 1619 4404 1676 4452; x_wconf 89' lang='lat' dir='ltr'><strong>et</strong></span> <span class='ocrx_word' id='word_1_545' title='bbox 1711 4397 1863 4454; x_wconf 89' lang='lat' dir='ltr'><strong>cibos</strong></span> <span class='ocrx_word' id='word_1_546' title='bbox 1892 4401 1985 4469; x_wconf 91' lang='lat' dir='ltr'><strong>qui</strong></span> <span class='ocrx_word' id='word_1_547' title='bbox 2021 4416 2155 4456; x_wconf 88' lang='lat' dir='ltr'><strong>vcn-</strong></span> 
     </span>
    </p>
   </div>
   <div class='ocr_carea' id='block_1_76' title="bbox 574 4480 3390 4567">
    <p class='ocr_par' dir='ltr' id='par_1_76' title="bbox 574 4480 3390 4567">
     <span class='ocr_line' id='line_1_76' title="bbox 574 4480 3390 4567; baseline 0.009 -33"><span class='ocrx_word' id='word_1_548' title='bbox 574 4487 714 4534; x_wconf 87' lang='lat' dir='ltr'><strong>trem</strong></span> <span class='ocrx_word' id='word_1_549' title='bbox 743 4480 1033 4548; x_wconf 89' lang='lat' dir='ltr'><strong>solverent,</strong></span> <span class='ocrx_word' id='word_1_550' title='bbox 1068 4492 1126 4539; x_wconf 91' lang='lat' dir='ltr'><strong>et</strong></span> <span class='ocrx_word' id='word_1_551' title='bbox 1146 4485 1276 4540; x_wconf 90' lang='lat' dir='ltr'><strong>nihil</strong></span> <span class='ocrx_word' id='word_1_552' title='bbox 1303 4488 1354 4542; x_wconf 89' lang='lat' dir='ltr'><strong>ei</strong></span> <span class='ocrx_word' id='word_1_553' title='bbox 1381 4502 1503 4558; x_wconf 75' lang='lat' dir='ltr'><strong>qute</strong></span> <span class='ocrx_word' id='word_1_554' title='bbox 1533 4488 1797 4545; x_wconf 88' lang='lat' dir='ltr'><strong>dederant</strong></span> <span class='ocrx_word' id='word_1_555' title='bbox 1816 4491 2158 4561; x_wconf 89' lang='lat' dir='ltr'><strong>profuerant,</strong></span> <span class='ocrx_word' id='word_1_556' title='bbox 2186 4496 2240 4557; x_wconf 89' lang='lat' dir='ltr'><strong>D</strong></span> <span class='ocrx_word' id='word_1_557' title='bbox 2264 4518 2442 4559; x_wconf 83' lang='lat' dir='ltr'><strong>sorem</strong></span> <span class='ocrx_word' id='word_1_558' title='bbox 2470 4503 2676 4560; x_wconf 79' lang='lat' dir='ltr'><strong>Christi</strong></span> <span class='ocrx_word' id='word_1_559' title='bbox 2700 4480 3090 4567; x_wconf 59' lang='lat' dir='ltr'><strong>Barbatianum</strong></span> <span class='ocrx_word' id='word_1_560' title='bbox 3127 4506 3390 4562; x_wconf 89' lang='lat' dir='ltr'><strong>Dominus</strong></span> 
     </span>
    </p>
   </div>
   <div class='ocr_carea' id='block_1_77' title="bbox 569 4572 2160 4655">
    <p class='ocr_par' dir='ltr' id='par_1_77' title="bbox 569 4572 2160 4655">
     <span class='ocr_line' id='line_1_77' title="bbox 569 4572 2160 4655; baseline 0.01 -30"><span class='ocrx_word' id='word_1_561' title='bbox 569 4572 667 4627; x_wconf 90' lang='lat' dir='ltr'><strong>sed</strong></span> <span class='ocrx_word' id='word_1_562' title='bbox 695 4573 933 4630; x_wconf 90' lang='lat' dir='ltr'><strong>deterius</strong></span> <span class='ocrx_word' id='word_1_563' title='bbox 976 4575 1237 4644; x_wconf 88' lang='lat' dir='ltr'><strong>habebat,</strong></span> <span class='ocrx_word' id='word_1_564' title='bbox 1261 4588 1317 4634; x_wconf 90' lang='lat' dir='ltr'><strong>et</strong></span> <span class='ocrx_word' id='word_1_565' title='bbox 1341 4581 1583 4652; x_wconf 87' lang='lat' dir='ltr'><strong>graviter</strong></span> <span class='ocrx_word' id='word_1_566' title='bbox 1625 4583 1677 4637; x_wconf 89' lang='lat' dir='ltr'><strong>ei</strong></span> <span class='ocrx_word' id='word_1_567' title='bbox 1707 4593 2029 4640; x_wconf 87' lang='lat' dir='ltr'><strong>nocuerunt.</strong></span> <span class='ocrx_word' id='word_1_568' title='bbox 2057 4586 2160 4655; x_wconf 89' lang='lat' dir='ltr'><strong>Qui</strong></span> 
     </span>
    </p>
   </div>
   <div class='ocr_carea' id='block_1_78' title="bbox 570 4662 2162 4749">
    <p class='ocr_par' dir='ltr' id='par_1_78' title="bbox 570 4662 2162 4749">
     <span class='ocr_line' id='line_1_78' title="bbox 570 4662 2162 4749; baseline 0.011 -34"><span class='ocrx_word' id='word_1_569' title='bbox 570 4662 700 4716; x_wconf 88' lang='lat' dir='ltr'><strong>dum</strong></span> <span class='ocrx_word' id='word_1_570' title='bbox 726 4679 824 4734; x_wconf 92' lang='lat' dir='ltr'><strong>per</strong></span> <span class='ocrx_word' id='word_1_571' title='bbox 847 4665 931 4721; x_wconf 91' lang='lat' dir='ltr'><strong>bis</strong></span> <span class='ocrx_word' id='word_1_572' title='bbox 953 4674 1160 4737; x_wconf 90' lang='lat' dir='ltr'><strong>septem</strong></span> <span class='ocrx_word' id='word_1_573' title='bbox 1177 4668 1293 4724; x_wconf 89' lang='lat' dir='ltr'><strong>dies</strong></span> <span class='ocrx_word' id='word_1_574' title='bbox 1321 4684 1608 4741; x_wconf 85' lang='lat' dir='ltr'><strong>perpessus</strong></span> <span class='ocrx_word' id='word_1_575' title='bbox 1627 4674 1953 4744; x_wconf 89' lang='lat' dir='ltr'><strong>periculum,</strong></span> <span class='ocrx_word' id='word_1_576' title='bbox 1978 4684 2037 4731; x_wconf 91' lang='lat' dir='ltr'><strong>ut</strong></span> <span class='ocrx_word' id='word_1_577' title='bbox 2060 4676 2162 4749; x_wconf 88' lang='lat' dir='ltr'><strong>[et]</strong></span> 
     </span>
    </p>
   </div>
   <div class='ocr_carea' id='block_1_79' title="bbox 574 4753 2163 4828">
    <p class='ocr_par' dir='ltr' id='par_1_79' title="bbox 574 4753 2163 4828">
     <span class='ocr_line' id='line_1_79' title="bbox 574 4753 2163 4828; baseline 0.011 -21"><span class='ocrx_word' id='word_1_578' title='bbox 574 4753 718 4809; x_wconf 90' lang='lat' dir='ltr'><strong>ultra</strong></span> <span class='ocrx_word' id='word_1_579' title='bbox 749 4755 894 4812; x_wconf 89' lang='lat' dir='ltr'><strong>ferre</strong></span> <span class='ocrx_word' id='word_1_580' title='bbox 920 4774 1029 4813; x_wconf 91' lang='lat' dir='ltr'><strong>non</strong></span> <span class='ocrx_word' id='word_1_581' title='bbox 1052 4758 1259 4828; x_wconf 87' lang='lat' dir='ltr'><strong>valens,</strong></span> <span class='ocrx_word' id='word_1_582' title='bbox 1284 4761 1353 4816; x_wconf 90' lang='lat' dir='ltr'><strong>ad</strong></span> <span class='ocrx_word' id='word_1_583' title='bbox 1384 4764 1788 4821; x_wconf 89' lang='lat' dir='ltr'><strong>sanctissimum</strong></span> <span class='ocrx_word' id='word_1_584' title='bbox 1821 4767 2003 4822; x_wconf 88' lang='lat' dir='ltr'><strong>virum</strong></span> <span class='ocrx_word' id='word_1_585' title='bbox 2031 4768 2163 4825; x_wconf 88' lang='lat' dir='ltr'><strong>Bar-</strong></span> 
     </span>
    </p>
   </div>
   <div class='ocr_carea' id='block_1_80' title="bbox 572 4844 2162 4930">
    <p class='ocr_par' dir='ltr' id='par_1_80' title="bbox 572 4844 2162 4930">
     <span class='ocr_line' id='line_1_80' title="bbox 572 4844 2162 4930; baseline 0.009 -31"><span class='ocrx_word' id='word_1_586' title='bbox 572 4844 852 4902; x_wconf 90' lang='lat' dir='ltr'><strong>batianum</strong></span> <span class='ocrx_word' id='word_1_587' title='bbox 898 4847 953 4903; x_wconf 89' lang='lat' dir='ltr'><strong>in</strong></span> <span class='ocrx_word' id='word_1_588' title='bbox 983 4848 1254 4917; x_wconf 89' lang='lat' dir='ltr'><strong>cellulam,</strong></span> <span class='ocrx_word' id='word_1_589' title='bbox 1283 4851 1375 4907; x_wconf 89' lang='lat' dir='ltr'><strong>ubi</strong></span> <span class='ocrx_word' id='word_1_590' title='bbox 1406 4868 1467 4909; x_wconf 89' lang='lat' dir='ltr'><strong>se</strong></span> <span class='ocrx_word' id='word_1_591' title='bbox 1513 4855 1868 4925; x_wconf 88' lang='lat' dir='ltr'><strong>applicuerat,</strong></span> <span class='ocrx_word' id='word_1_592' title='bbox 1899 4858 2162 4930; x_wconf 85' lang='lat' dir='ltr'><strong>confugit,</strong></span> 
     </span>
    </p>
   </div>
   <div class='ocr_carea' id='block_1_81' title="bbox 572 4936 2167 5021">
    <p class='ocr_par' dir='ltr' id='par_1_81' title="bbox 572 4936 2167 5021">
     <span class='ocr_line' id='line_1_81' title="bbox 572 4936 2167 5021; baseline 0.009 -31"><span class='ocrx_word' id='word_1_593' title='bbox 572 4946 629 4991; x_wconf 89' lang='lat' dir='ltr'><strong>et</strong></span> <span class='ocrx_word' id='word_1_594' title='bbox 649 4936 827 4992; x_wconf 89' lang='lat' dir='ltr'><strong>eidem</strong></span> <span class='ocrx_word' id='word_1_595' title='bbox 855 4938 1022 4994; x_wconf 90' lang='lat' dir='ltr'><strong>vitam</strong></span> <span class='ocrx_word' id='word_1_596' title='bbox 1060 4948 1402 5012; x_wconf 87' lang='lat' dir='ltr'><strong>mortemque</strong></span> <span class='ocrx_word' id='word_1_597' title='bbox 1432 4947 1800 5012; x_wconf 89' lang='lat' dir='ltr'><strong>committens,</strong></span> <span class='ocrx_word' id='word_1_598' title='bbox 1827 4946 1928 5021; x_wconf 85' lang='lat' dir='ltr'><strong>[et]</strong></span> <span class='ocrx_word' id='word_1_599' title='bbox 1951 4950 2167 5018; x_wconf 90' lang='lat' dir='ltr'><strong>quando</strong></span> 
     </span>
    </p>
   </div>
   <div class='ocr_carea' id='block_1_82' title="bbox 575 5025 2167 5108">
    <p class='ocr_par' dir='ltr' id='par_1_82' title="bbox 575 5025 2167 5108">
     <span class='ocr_line' id='line_1_82' title="bbox 575 5025 2167 5108; baseline 0.01 -29"><span class='ocrx_word' id='word_1_600' title='bbox 575 5025 646 5080; x_wconf 88' lang='lat' dir='ltr'><strong>ad</strong></span> <span class='ocrx_word' id='word_1_601' title='bbox 693 5040 819 5082; x_wconf 89' lang='lat' dir='ltr'><strong>eum</strong></span> <span class='ocrx_word' id='word_1_602' title='bbox 870 5031 1040 5097; x_wconf 90' lang='lat' dir='ltr'><strong>venit,</strong></span> <span class='ocrx_word' id='word_1_603' title='bbox 1070 5046 1180 5086; x_wconf 91' lang='lat' dir='ltr'><strong>non</strong></span> <span class='ocrx_word' id='word_1_604' title='bbox 1226 5033 1473 5102; x_wconf 87' lang='lat' dir='ltr'><strong>pedibus,</strong></span> <span class='ocrx_word' id='word_1_605' title='bbox 1510 5050 1687 5108; x_wconf 81' lang='lat' dir='ltr'><strong>neque</strong></span> <span class='ocrx_word' id='word_1_606' title='bbox 1715 5036 1893 5096; x_wconf 89' lang='lat' dir='ltr'><strong>furibo</strong></span> <span class='ocrx_word' id='word_1_607' title='bbox 1914 5040 2087 5106; x_wconf 86' lang='lat' dir='ltr'><strong>venit,</strong></span> <span class='ocrx_word' id='word_1_608' title='bbox 2112 5040 2167 5095; x_wconf 91' lang='lat' dir='ltr'><strong>in</strong></span> 
     </span>
    </p>
   </div>
   <div class='ocr_carea' id='block_1_83' title="bbox 576 5118 2166 5202">
    <p class='ocr_par' dir='ltr' id='par_1_83' title="bbox 576 5118 2166 5202">
     <span class='ocr_line' id='line_1_83' title="bbox 576 5118 2166 5202; baseline 0.01 -32"><span class='ocrx_word' id='word_1_609' title='bbox 576 5130 685 5185; x_wconf 89' lang='lat' dir='ltr'><strong>quo</strong></span> <span class='ocrx_word' id='word_1_610' title='bbox 713 5118 1074 5190; x_wconf 87' lang='lat' dir='ltr'><strong>deportantur</strong></span> <span class='ocrx_word' id='word_1_611' title='bbox 1118 5124 1331 5195; x_wconf 58' lang='lat' dir='ltr'><strong>aegroti,</strong></span> <span class='ocrx_word' id='word_1_612' title='bbox 1363 5123 1537 5199; x_wconf 88' lang='lat' dir='ltr'><strong>[quia]</strong></span> <span class='ocrx_word' id='word_1_613' title='bbox 1574 5143 1678 5183; x_wconf 90' lang='lat' dir='ltr'><strong>nec</strong></span> <span class='ocrx_word' id='word_1_614' title='bbox 1707 5129 1899 5184; x_wconf 89' lang='lat' dir='ltr'><strong>sedere</strong></span> <span class='ocrx_word' id='word_1_615' title='bbox 1926 5137 2166 5202; x_wconf 86' lang='lat' dir='ltr'><strong>poterat,</strong></span> 
     </span>
    </p>
   </div>
   <div class='ocr_carea' id='block_1_84' title="bbox 577 5211 2168 5289">
    <p class='ocr_par' dir='ltr' id='par_1_84' title="bbox 577 5211 2168 5289">
     <span class='ocr_line' id='line_1_84' title="bbox 577 5211 2168 5289; baseline 0.011 -27"><span class='ocrx_word' id='word_1_616' title='bbox 577 5222 681 5264; x_wconf 83' lang='lat' dir='ltr'><strong>nec</strong></span> <span class='ocrx_word' id='word_1_617' title='bbox 697 5211 1001 5280; x_wconf 89' lang='lat' dir='ltr'><strong>ambulare,</strong></span> <span class='ocrx_word' id='word_1_618' title='bbox 1028 5214 1125 5270; x_wconf 87' lang='lat' dir='ltr'><strong>sed</strong></span> <span class='ocrx_word' id='word_1_619' title='bbox 1148 5214 1204 5270; x_wconf 92' lang='lat' dir='ltr'><strong>in</strong></span> <span class='ocrx_word' id='word_1_620' title='bbox 1232 5214 1434 5273; x_wconf 90' lang='lat' dir='ltr'><strong>lectulo</strong></span> <span class='ocrx_word' id='word_1_621' title='bbox 1455 5219 1646 5289; x_wconf 87' lang='lat' dir='ltr'><strong>jacens</strong></span> <span class='ocrx_word' id='word_1_622' title='bbox 1665 5234 1698 5275; x_wconf 90' lang='lat' dir='ltr'><strong>a</strong></span> <span class='ocrx_word' id='word_1_623' title='bbox 1724 5223 1962 5279; x_wconf 88' lang='lat' dir='ltr'><strong>sedecim</strong></span> <span class='ocrx_word' id='word_1_624' title='bbox 1990 5223 2168 5282; x_wconf 87' lang='lat' dir='ltr'><strong>homi-</strong></span> 
     </span>
    </p>
   </div>
   <div class='ocr_carea' id='block_1_85' title="bbox 579 5298 2164 5380">
    <p class='ocr_par' dir='ltr' id='par_1_85' title="bbox 579 5298 2164 5380">
     <span class='ocr_line' id='line_1_85' title="bbox 579 5298 2164 5380; baseline 0.011 -26"><span class='ocrx_word' id='word_1_625' title='bbox 579 5298 740 5355; x_wconf 86' lang='lat' dir='ltr'><strong>nibus</strong></span> <span class='ocrx_word' id='word_1_626' title='bbox 766 5302 884 5357; x_wconf 87' lang='lat' dir='ltr'><strong>vice</strong></span> <span class='ocrx_word' id='word_1_627' title='bbox 915 5302 1036 5376; x_wconf 90' lang='lat' dir='ltr'><strong>[per</strong></span> <span class='ocrx_word' id='word_1_628' title='bbox 1079 5305 1249 5379; x_wconf 89' lang='lat' dir='ltr'><strong>vices]</strong></span> <span class='ocrx_word' id='word_1_629' title='bbox 1288 5317 1538 5378; x_wconf 90' lang='lat' dir='ltr'><strong>portatus</strong></span> <span class='ocrx_word' id='word_1_630' title='bbox 1582 5318 1687 5368; x_wconf 88' lang='lat' dir='ltr'><strong>est.</strong></span> <span class='ocrx_word' id='word_1_631' title='bbox 1728 5311 1841 5380; x_wconf 5' lang='lat' dir='ltr'><strong>[Qui</strong></span> <span class='ocrx_word' id='word_1_632' title='bbox 1884 5314 2164 5374; x_wconf 81' lang='lat' dir='ltr'><strong>venientes</strong></span> 
     </span>
    </p>
   </div>
   <div class='ocr_carea' id='block_1_86' title="bbox 578 5387 2165 5472">
    <p class='ocr_par' dir='ltr' id='par_1_86' title="bbox 578 5387 2165 5472">
     <span class='ocr_line' id='line_1_86' title="bbox 578 5387 2165 5472; baseline 0.01 -28"><span class='ocrx_word' id='word_1_633' title='bbox 578 5387 650 5445; x_wconf 78' lang='lat' dir='ltr'><strong>ad</strong></span> <span class='ocrx_word' id='word_1_634' title='bbox 677 5389 851 5460; x_wconf 90' lang='lat' dir='ltr'><strong>ipsum</strong></span> <span class='ocrx_word' id='word_1_635' title='bbox 878 5394 1279 5453; x_wconf 88' lang='lat' dir='ltr'><strong>sanctissimum</strong></span> <span class='ocrx_word' id='word_1_636' title='bbox 1306 5399 1502 5472; x_wconf 49' lang='lat' dir='ltr'><strong>virum.</strong></span> <span class='ocrx_word' id='word_1_637' title='bbox 1530 5400 1948 5470; x_wconf 89' lang='lat' dir='ltr'><strong>Barbatianum,</strong></span> <span class='ocrx_word' id='word_1_638' title='bbox 1974 5409 2165 5465; x_wconf 80' lang='lat' dir='ltr'><strong>humo</strong></span> 
     </span>
    </p>
   </div>
   <div class='ocr_carea' id='block_1_87' title="bbox 576 5484 2171 5565">
    <p class='ocr_par' dir='ltr' id='par_1_87' title="bbox 576 5484 2171 5565">
     <span class='ocr_line' id='line_1_87' title="bbox 576 5484 2171 5565; baseline 0.009 -31"><span class='ocrx_word' id='word_1_639' title='bbox 576 5484 834 5555; x_wconf 80' lang='lat' dir='ltr'><strong>prostrati</strong></span> <span class='ocrx_word' id='word_1_640' title='bbox 876 5486 1171 5557; x_wconf 72' lang='lat' dir='ltr'><strong>portitores</strong></span> <span class='ocrx_word' id='word_1_641' title='bbox 1217 5490 1555 5559; x_wconf 85' lang='lat' dir='ltr'><strong>postulantes</strong></span> <span class='ocrx_word' id='word_1_642' title='bbox 1587 5491 2058 5565; x_wconf 83' lang='lat' dir='ltr'><strong>[postulaverunt],</strong></span> <span class='ocrx_word' id='word_1_643' title='bbox 2107 5500 2171 5548; x_wconf 92' lang='lat' dir='ltr'><strong>ut</strong></span> 
     </span>
    </p>
   </div>
   <div class='ocr_carea' id='block_1_88' title="bbox 569 5575 2168 5655">
    <p class='ocr_par' dir='ltr' id='par_1_88' title="bbox 569 5575 2168 5655">
     <span class='ocr_line' id='line_1_88' title="bbox 569 5575 2168 5655; baseline 0.011 -31"><span class='ocrx_word' id='word_1_644' title='bbox 569 5575 704 5626; x_wconf 83' lang='lat' dir='ltr'><strong>’euut</strong></span> <span class='ocrx_word' id='word_1_645' title='bbox 733 5575 938 5653; x_wconf 78' lang='lat' dir='ltr'><strong>salvum</strong></span> <span class='ocrx_word' id='word_1_646' title='bbox 968 5577 1186 5648; x_wconf 62' lang='lat' dir='ltr'><strong>faceret,</strong></span> <span class='ocrx_word' id='word_1_647' title='bbox 1212 5581 1313 5648; x_wconf 81' lang='lat' dir='ltr'><strong>Qui</strong></span> <span class='ocrx_word' id='word_1_648' title='bbox 1340 5582 1624 5639; x_wconf 88' lang='lat' dir='ltr'><strong>confestim</strong></span> <span class='ocrx_word' id='word_1_649' title='bbox 1642 5584 1869 5655; x_wconf 84' lang='lat' dir='ltr'><strong>[Christi</strong></span> <span class='ocrx_word' id='word_1_650' title='bbox 1883 5599 2017 5649; x_wconf 72' lang='grc' dir='ltr'><strong>,γεω</strong></span> <span class='ocrx_word' id='word_1_651' title='bbox 2038 5600 2168 5641; x_wconf 90' lang='lat' dir='ltr'><strong>con-</strong></span> 
     </span>
    </p>
   </div>
   <div class='ocr_carea' id='block_1_89' title="bbox 544 5660 2167 5767">
    <p class='ocr_par' dir='ltr' id='par_1_89' title="bbox 544 5660 2167 5767">
     <span class='ocr_line' id='line_1_89' title="bbox 544 5660 2167 5767; baseline 0.017 -6"><span class='ocrx_word' id='word_1_652' title='bbox 544 5660 1234 5767; x_wconf 37' lang='lat' dir='ltr'><strong>.jjf&#39;r‘ﬁrdesvxiaitae</strong></span> <span class='ocrx_word' id='word_1_653' title='bbox 1264 5673 1623 5763; x_wconf 55' lang='grc' dir='ltr'><strong>φῖθρημθιεει</strong></span> <span class='ocrx_word' id='word_1_654' title='bbox 1641 5675 1710 5753; x_wconf 66' lang='grc' dir='ltr'><strong>εῖν</strong></span> <span class='ocrx_word' id='word_1_655' title='bbox 1743 5683 1800 5753; x_wconf 52' lang='lat' dir='ltr'><strong>et</strong></span> <span class='ocrx_word' id='word_1_656' title='bbox 1828 5674 2167 5755; x_wconf 45' lang='lat' dir='ltr'><strong>“tim”</strong></span> 
     </span>
    </p>
   </div>
   <div class='ocr_carea' id='block_1_90' title="bbox 2259 3228 3748 3304">
    <p class='ocr_par' dir='ltr' id='par_1_90' title="bbox 2259 3228 3748 3304">
     <span class='ocr_line' id='line_1_90' title="bbox 2259 3228 3748 3304; baseline -0.007 -16"><span class='ocrx_word' id='word_1_657' title='bbox 2259 3246 2384 3288; x_wconf 92' lang='lat' dir='ltr'><strong>cum</strong></span> <span class='ocrx_word' id='word_1_658' title='bbox 2411 3232 2504 3302; x_wconf 92' lang='lat' dir='ltr'><strong>qui</strong></span> <span class='ocrx_word' id='word_1_659' title='bbox 2535 3232 2586 3287; x_wconf 91' lang='lat' dir='ltr'><strong>ei</strong></span> <span class='ocrx_word' id='word_1_660' title='bbox 2639 3232 2999 3288; x_wconf 89' lang='lat' dir='ltr'><strong>continuisset</strong></span> <span class='ocrx_word' id='word_1_661' title='bbox 3035 3228 3469 3304; x_wconf 85' lang='lat' dir='ltr'><strong>[continuasset]</strong></span> <span class='ocrx_word' id='word_1_662' title='bbox 3515 3236 3748 3283; x_wconf 47' lang='lat' dir='ltr'><strong>atram.“</strong></span> 
     </span>
    </p>
   </div>
   <div class='ocr_carea' id='block_1_91' title="bbox 2258 3320 3747 3395">
    <p class='ocr_par' dir='ltr' id='par_1_91' title="bbox 2258 3320 3747 3395">
     <span class='ocr_line' id='line_1_91' title="bbox 2258 3320 3747 3395; baseline -0.004 -16"><span class='ocrx_word' id='word_1_663' title='bbox 2258 3340 2450 3380; x_wconf 91' lang='lat' dir='ltr'><strong>aurum</strong></span> <span class='ocrx_word' id='word_1_664' title='bbox 2476 3325 2702 3389; x_wconf 86' lang='lat' dir='ltr'><strong>habens,</strong></span> <span class='ocrx_word' id='word_1_665' title='bbox 2725 3339 2898 3394; x_wconf 86' lang='lat' dir='ltr'><strong>neque</strong></span> <span class='ocrx_word' id='word_1_666' title='bbox 2914 3331 3216 3395; x_wconf 89' lang='lat' dir='ltr'><strong>argentum,</strong></span> <span class='ocrx_word' id='word_1_667' title='bbox 3244 3323 3344 3378; x_wconf 87' lang='lat' dir='ltr'><strong>sed</strong></span> <span class='ocrx_word' id='word_1_668' title='bbox 3370 3324 3445 3378; x_wconf 82' lang='lat' dir='ltr'><strong>ad</strong></span> <span class='ocrx_word' id='word_1_669' title='bbox 3464 3320 3747 3394; x_wconf 65' lang='lat' dir='ltr'><strong>ipsumtum</strong></span> 
     </span>
    </p>
   </div>
   <div class='ocr_carea' id='block_1_92' title="bbox 2259 3405 3749 3487">
    <p class='ocr_par' dir='ltr' id='par_1_92' title="bbox 2259 3405 3749 3487">
     <span class='ocr_line' id='line_1_92' title="bbox 2259 3405 3749 3487; baseline -0.001 -19"><span class='ocrx_word' id='word_1_670' title='bbox 2259 3415 2353 3485; x_wconf 90' lang='lat' dir='ltr'><strong>qui</strong></span> <span class='ocrx_word' id='word_1_671' title='bbox 2391 3429 2500 3469; x_wconf 89' lang='lat' dir='ltr'><strong>non</strong></span> <span class='ocrx_word' id='word_1_672' title='bbox 2529 3415 2774 3486; x_wconf 88' lang='lat' dir='ltr'><strong>indigens</strong></span> <span class='ocrx_word' id='word_1_673' title='bbox 2805 3413 3127 3487; x_wconf 88' lang='lat' dir='ltr'><strong>[indigebat]</strong></span> <span class='ocrx_word' id='word_1_674' title='bbox 3152 3413 3530 3479; x_wconf 82' lang='lat' dir='ltr'><strong>mercedibus,</strong></span> <span class='ocrx_word' id='word_1_675' title='bbox 3552 3411 3633 3467; x_wconf 78' lang='lat' dir='ltr'><strong>sed</strong></span> <span class='ocrx_word' id='word_1_676' title='bbox 3650 3405 3749 3473; x_wconf 56' lang='lat' dir='ltr'><strong>nisi”!</strong></span> 
     </span>
    </p>
   </div>
   <div class='ocr_carea' id='block_1_93' title="bbox 2260 3499 3746 3575">
    <p class='ocr_par' dir='ltr' id='par_1_93' title="bbox 2260 3499 3746 3575">
     <span class='ocr_line' id='line_1_93' title="bbox 2260 3499 3746 3575; baseline -0.001 -17"><span class='ocrx_word' id='word_1_677' title='bbox 2260 3503 2449 3575; x_wconf 90' lang='lat' dir='ltr'><strong>inopes</strong></span> <span class='ocrx_word' id='word_1_678' title='bbox 2476 3505 2664 3569; x_wconf 88' lang='lat' dir='ltr'><strong>nutrit,</strong></span> <span class='ocrx_word' id='word_1_679' title='bbox 2694 3511 2750 3558; x_wconf 90' lang='lat' dir='ltr'><strong>et</strong></span> <span class='ocrx_word' id='word_1_680' title='bbox 2775 3503 3005 3559; x_wconf 89' lang='lat' dir='ltr'><strong>inﬁrmis</strong></span> <span class='ocrx_word' id='word_1_681' title='bbox 3027 3510 3251 3574; x_wconf 72' lang='lat' dir='ltr'><strong>prtestat</strong></span> <span class='ocrx_word' id='word_1_682' title='bbox 3279 3499 3746 3573; x_wconf 50' lang='lat' dir='ltr'><strong>beneﬁcia,pen‘u51</strong></span> 
     </span>
    </p>
   </div>
   <div class='ocr_carea' id='block_1_94' title="bbox 2261 3587 3748 3668">
    <p class='ocr_par' dir='ltr' id='par_1_94' title="bbox 2261 3587 3748 3668">
     <span class='ocr_line' id='line_1_94' title="bbox 2261 3587 3748 3668; baseline 0.001 -19"><span class='ocrx_word' id='word_1_683' title='bbox 2261 3594 2364 3662; x_wconf 90' lang='lat' dir='ltr'><strong>Qui</strong></span> <span class='ocrx_word' id='word_1_684' title='bbox 2390 3595 2517 3650; x_wconf 91' lang='lat' dir='ltr'><strong>dum</strong></span> <span class='ocrx_word' id='word_1_685' title='bbox 2539 3593 2906 3651; x_wconf 90' lang='lat' dir='ltr'><strong>adinvenisset</strong></span> <span class='ocrx_word' id='word_1_686' title='bbox 2948 3595 3039 3668; x_wconf 89' lang='lat' dir='ltr'><strong>[ad</strong></span> <span class='ocrx_word' id='word_1_687' title='bbox 3065 3610 3230 3667; x_wconf 89' lang='lat' dir='ltr'><strong>quem</strong></span> <span class='ocrx_word' id='word_1_688' title='bbox 3263 3597 3403 3651; x_wconf 86' lang='lat' dir='ltr'><strong>dum</strong></span> <span class='ocrx_word' id='word_1_689' title='bbox 3428 3587 3748 3663; x_wconf 55' lang='grc' dir='ltr'><strong>καίωμεν</strong></span> 
     </span>
    </p>
   </div>
   <div class='ocr_carea' id='block_1_95' title="bbox 2260 3682 3749 3758">
    <p class='ocr_par' dir='ltr' id='par_1_95' title="bbox 2260 3682 3749 3758">
     <span class='ocr_line' id='line_1_95' title="bbox 2260 3682 3749 3758; baseline 0.001 -19"><span class='ocrx_word' id='word_1_690' title='bbox 2260 3699 2364 3740; x_wconf 90' lang='lat' dir='ltr'><strong>nus</strong></span> <span class='ocrx_word' id='word_1_691' title='bbox 2386 3700 2545 3739; x_wconf 90' lang='lat' dir='ltr'><strong>suum</strong></span> <span class='ocrx_word' id='word_1_692' title='bbox 2588 3684 2664 3739; x_wconf 90' lang='lat' dir='ltr'><strong>illi</strong></span> <span class='ocrx_word' id='word_1_693' title='bbox 2710 3684 2903 3758; x_wconf 89' lang='lat' dir='ltr'><strong>[illico]</strong></span> <span class='ocrx_word' id='word_1_694' title='bbox 2956 3686 3305 3742; x_wconf 87' lang='lat' dir='ltr'><strong>sanctissimo</strong></span> <span class='ocrx_word' id='word_1_695' title='bbox 3333 3686 3499 3743; x_wconf 86' lang='lat' dir='ltr'><strong>Patri</strong></span> <span class='ocrx_word' id='word_1_696' title='bbox 3521 3682 3749 3742; x_wconf 66' lang='lat' dir='ltr'><strong>ostenitd</strong></span> 
     </span>
    </p>
   </div>
   <div class='ocr_carea' id='block_1_96' title="bbox 2262 3771 3747 3849">
    <p class='ocr_par' dir='ltr' id='par_1_96' title="bbox 2262 3771 3747 3849">
     <span class='ocr_line' id='line_1_96' title="bbox 2262 3771 3747 3849; baseline 0.004 -19"><span class='ocrx_word' id='word_1_697' title='bbox 2262 3776 2317 3830; x_wconf 93' lang='lat' dir='ltr'><strong>in</strong></span> <span class='ocrx_word' id='word_1_698' title='bbox 2344 3776 2593 3832; x_wconf 88' lang='lat' dir='ltr'><strong>oratione</strong></span> <span class='ocrx_word' id='word_1_699' title='bbox 2633 3785 2942 3847; x_wconf 88' lang='lat' dir='ltr'><strong>prostratus</strong></span> <span class='ocrx_word' id='word_1_700' title='bbox 2968 3777 3254 3833; x_wconf 88' lang='lat' dir='ltr'><strong>Dominum</strong></span> <span class='ocrx_word' id='word_1_701' title='bbox 3278 3771 3747 3849; x_wconf 48' lang='lat' dir='ltr'><strong>deprecatusestﬁs</strong></span> 
     </span>
    </p>
   </div>
   <div class='ocr_carea' id='block_1_97' title="bbox 2261 3865 3746 3939">
    <p class='ocr_par' dir='ltr' id='par_1_97' title="bbox 2261 3865 3746 3939">
     <span class='ocr_line' id='line_1_97' title="bbox 2261 3865 3746 3939; baseline 0.001 -18"><span class='ocrx_word' id='word_1_702' title='bbox 2261 3865 2480 3921; x_wconf 79' lang='lat' dir='ltr'><strong>elevans</strong></span> <span class='ocrx_word' id='word_1_703' title='bbox 2506 3881 2566 3921; x_wconf 89' lang='lat' dir='ltr'><strong>se</strong></span> <span class='ocrx_word' id='word_1_704' title='bbox 2606 3866 2676 3921; x_wconf 89' lang='lat' dir='ltr'><strong>ab</strong></span> <span class='ocrx_word' id='word_1_705' title='bbox 2701 3868 2972 3935; x_wconf 86' lang='lat' dir='ltr'><strong>oratione,</strong></span> <span class='ocrx_word' id='word_1_706' title='bbox 2998 3870 3245 3939; x_wconf 84' lang='lat' dir='ltr'><strong>porrexit</strong></span> <span class='ocrx_word' id='word_1_707' title='bbox 3262 3870 3454 3926; x_wconf 87' lang='lat' dir='ltr'><strong>eidem</strong></span> <span class='ocrx_word' id='word_1_708' title='bbox 3483 3871 3547 3925; x_wconf 89' lang='lat' dir='ltr'><strong>de</strong></span> <span class='ocrx_word' id='word_1_709' title='bbox 3564 3878 3746 3923; x_wconf 66' lang='lat' dir='ltr'><strong>manum</strong></span> 
     </span>
    </p>
   </div>
   <div class='ocr_carea' id='block_1_98' title="bbox 2260 3955 3746 4031">
    <p class='ocr_par' dir='ltr' id='par_1_98' title="bbox 2260 3955 3746 4031">
     <span class='ocr_line' id='line_1_98' title="bbox 2260 3955 3746 4031; baseline -0.001 -19"><span class='ocrx_word' id='word_1_710' title='bbox 2260 3955 2569 4012; x_wconf 89' lang='lat' dir='ltr'><strong>confectum</strong></span> <span class='ocrx_word' id='word_1_711' title='bbox 2600 3958 2950 4027; x_wconf 88' lang='lat' dir='ltr'><strong>cataplasma,</strong></span> <span class='ocrx_word' id='word_1_712' title='bbox 2990 3959 3136 4030; x_wconf 90' lang='lat' dir='ltr'><strong>quod</strong></span> <span class='ocrx_word' id='word_1_713' title='bbox 3166 3960 3408 4031; x_wconf 87' lang='lat' dir='ltr'><strong>accepit,</strong></span> <span class='ocrx_word' id='word_1_714' title='bbox 3442 3968 3548 4016; x_wconf 83' lang='lat' dir='ltr'><strong>tam</strong></span> <span class='ocrx_word' id='word_1_715' title='bbox 3572 3959 3628 4013; x_wconf 80' lang='lat' dir='ltr'><strong>ad</strong></span> <span class='ocrx_word' id='word_1_716' title='bbox 3648 3955 3746 4010; x_wconf 55' lang='lat' dir='ltr'><strong>uti»</strong></span> 
     </span>
    </p>
   </div>
   <div class='ocr_carea' id='block_1_99' title="bbox 2261 4050 3747 4126">
    <p class='ocr_par' dir='ltr' id='par_1_99' title="bbox 2261 4050 3747 4126">
     <span class='ocr_line' id='line_1_99' title="bbox 2261 4050 3747 4126; baseline 0.001 -20"><span class='ocrx_word' id='word_1_717' title='bbox 2261 4052 2496 4107; x_wconf 90' lang='lat' dir='ltr'><strong>candum</strong></span> <span class='ocrx_word' id='word_1_718' title='bbox 2550 4050 2786 4107; x_wconf 90' lang='lat' dir='ltr'><strong>ﬁstulam</strong></span> <span class='ocrx_word' id='word_1_719' title='bbox 2814 4068 3085 4123; x_wconf 87' lang='lat' dir='ltr'><strong>quamque</strong></span> <span class='ocrx_word' id='word_1_720' title='bbox 3133 4055 3203 4109; x_wconf 89' lang='lat' dir='ltr'><strong>ad</strong></span> <span class='ocrx_word' id='word_1_721' title='bbox 3253 4054 3622 4126; x_wconf 80' lang='lat' dir='ltr'><strong>complendum</strong></span> <span class='ocrx_word' id='word_1_722' title='bbox 3648 4052 3747 4119; x_wconf 60' lang='lat' dir='ltr'><strong>ipsa!</strong></span> 
     </span>
    </p>
   </div>
   <div class='ocr_carea' id='block_1_100' title="bbox 2244 4141 3747 4215">
    <p class='ocr_par' dir='ltr' id='par_1_100' title="bbox 2244 4141 3747 4215">
     <span class='ocr_line' id='line_1_100' title="bbox 2244 4141 3747 4215; baseline -0.001 -18"><span class='ocrx_word' id='word_1_723' title='bbox 2244 4143 2476 4198; x_wconf 76' lang='lat' dir='ltr'><strong>.vulnus.</strong></span> <span class='ocrx_word' id='word_1_724' title='bbox 2539 4143 2658 4210; x_wconf 93' lang='lat' dir='ltr'><strong>Quo</strong></span> <span class='ocrx_word' id='word_1_725' title='bbox 2715 4158 2846 4199; x_wconf 81' lang='lat' dir='ltr'><strong>vero</strong></span> <span class='ocrx_word' id='word_1_726' title='bbox 2891 4145 3271 4215; x_wconf 88' lang='lat' dir='ltr'><strong>superposito,</strong></span> <span class='ocrx_word' id='word_1_727' title='bbox 3323 4154 3383 4199; x_wconf 85' lang='lat' dir='ltr'><strong>et</strong></span> <span class='ocrx_word' id='word_1_728' title='bbox 3442 4144 3602 4200; x_wconf 80' lang='lat' dir='ltr'><strong>ﬁstula</strong></span> <span class='ocrx_word' id='word_1_729' title='bbox 3629 4141 3747 4195; x_wconf 64' lang='lat' dir='ltr'><strong>simu</strong></span> 
     </span>
    </p>
   </div>
   <div class='ocr_carea' id='block_1_101' title="bbox 2261 4234 3748 4305">
    <p class='ocr_par' dir='ltr' id='par_1_101' title="bbox 2261 4234 3748 4305">
     <span class='ocr_line' id='line_1_101' title="bbox 2261 4234 3748 4305; baseline -0.001 -16"><span class='ocrx_word' id='word_1_730' title='bbox 2261 4241 2368 4305; x_wconf 86' lang='lat' dir='ltr'><strong>est,</strong></span> <span class='ocrx_word' id='word_1_731' title='bbox 2399 4241 2455 4289; x_wconf 92' lang='lat' dir='ltr'><strong>et</strong></span> <span class='ocrx_word' id='word_1_732' title='bbox 2480 4235 2687 4289; x_wconf 88' lang='lat' dir='ltr'><strong>cavitas</strong></span> <span class='ocrx_word' id='word_1_733' title='bbox 2712 4236 2894 4290; x_wconf 89' lang='lat' dir='ltr'><strong>statim</strong></span> <span class='ocrx_word' id='word_1_734' title='bbox 2918 4235 3122 4304; x_wconf 90' lang='lat' dir='ltr'><strong>repleta</strong></span> <span class='ocrx_word' id='word_1_735' title='bbox 3160 4242 3263 4301; x_wconf 87' lang='lat' dir='ltr'><strong>est,</strong></span> <span class='ocrx_word' id='word_1_736' title='bbox 3294 4242 3352 4291; x_wconf 89' lang='lat' dir='ltr'><strong>et</strong></span> <span class='ocrx_word' id='word_1_737' title='bbox 3384 4235 3464 4289; x_wconf 84' lang='lat' dir='ltr'><strong>ad</strong></span> <span class='ocrx_word' id='word_1_738' title='bbox 3495 4236 3698 4289; x_wconf 61' lang='lat' dir='ltr'><strong>honora</strong></span> <span class='ocrx_word' id='word_1_739' title='bbox 3721 4234 3748 4276; x_wconf 70' lang='grc' dir='ltr'><strong>ει</strong></span> 
     </span>
    </p>
   </div>
   <div class='ocr_carea' id='block_1_102' title="bbox 2261 4323 3746 4382">
    <p class='ocr_par' dir='ltr' id='par_1_102' title="bbox 2261 4323 3746 4382">
     <span class='ocr_line' id='line_1_102' title="bbox 2261 4323 3746 4382; baseline 0.001 -5"><span class='ocrx_word' id='word_1_740' title='bbox 2261 4323 2479 4379; x_wconf 88' lang='lat' dir='ltr'><strong>laudem</strong></span> <span class='ocrx_word' id='word_1_741' title='bbox 2507 4326 2681 4380; x_wconf 88' lang='lat' dir='ltr'><strong>sancti</strong></span> <span class='ocrx_word' id='word_1_742' title='bbox 2708 4324 2909 4381; x_wconf 89' lang='lat' dir='ltr'><strong>Christi</strong></span> <span class='ocrx_word' id='word_1_743' title='bbox 2932 4326 3263 4382; x_wconf 86' lang='lat' dir='ltr'><strong>confessoris</strong></span> <span class='ocrx_word' id='word_1_744' title='bbox 3295 4342 3473 4382; x_wconf 89' lang='lat' dir='ltr'><strong>sanus</strong></span> <span class='ocrx_word' id='word_1_745' title='bbox 3495 4324 3673 4382; x_wconf 79' lang='lat' dir='ltr'><strong>eﬁ&#39;ecms</strong></span> <span class='ocrx_word' id='word_1_746' title='bbox 3692 4324 3746 4371; x_wconf 67' lang='grc' dir='ltr'><strong>δι</strong></span> 
     </span>
    </p>
   </div>
   <div class='ocr_carea' id='block_1_103' title="bbox 2333 4408 3747 4487">
    <p class='ocr_par' dir='ltr' id='par_1_103' title="bbox 2333 4408 3747 4487">
     <span class='ocr_line' id='line_1_103' title="bbox 2333 4408 3747 4487; baseline -0.001 -18"><span class='ocrx_word' id='word_1_747' title='bbox 2333 4413 2443 4470; x_wconf 90' lang='lat' dir='ltr'><strong>Sed</strong></span> <span class='ocrx_word' id='word_1_748' title='bbox 2482 4414 2587 4469; x_wconf 91' lang='lat' dir='ltr'><strong>alia</strong></span> <span class='ocrx_word' id='word_1_749' title='bbox 2618 4415 2904 4483; x_wconf 89' lang='lat' dir='ltr'><strong>miracula,</strong></span> <span class='ocrx_word' id='word_1_750' title='bbox 2925 4431 3047 4486; x_wconf 66' lang='lat' dir='ltr'><strong>quze</strong></span> <span class='ocrx_word' id='word_1_751' title='bbox 3071 4432 3171 4487; x_wconf 91' lang='lat' dir='ltr'><strong>per</strong></span> <span class='ocrx_word' id='word_1_752' title='bbox 3194 4417 3596 4473; x_wconf 76' lang='lat' dir='ltr'><strong>sanctissimum</strong></span> <span class='ocrx_word' id='word_1_753' title='bbox 3617 4408 3747 4468; x_wconf 57' lang='grc' dir='ltr'>αριίά</span> 
     </span>
    </p>
   </div>
   <div class='ocr_carea' id='block_1_104' title="bbox 3433 4504 3745 4578">
    <p class='ocr_par' dir='ltr' id='par_1_104' title="bbox 3433 4504 3745 4578">
     <span class='ocr_line' id='line_1_104' title="bbox 3433 4504 3745 4578; baseline -0.026 -20"><span class='ocrx_word' id='word_1_754' title='bbox 3433 4515 3655 4578; x_wconf 80' lang='lat' dir='ltr'><strong>operatus</strong></span> <span class='ocrx_word' id='word_1_755' title='bbox 3685 4504 3745 4552; x_wconf 69' lang='grc' dir='ltr'><strong>δι.</strong></span> 
     </span>
    </p>
   </div>
   <div class='ocr_carea' id='block_1_105' title="bbox 2264 4593 3746 4665">
    <p class='ocr_par' dir='ltr' id='par_1_105' title="bbox 2264 4593 3746 4665">
     <span class='ocr_line' id='line_1_105' title="bbox 2264 4593 3746 4665; baseline 0.001 -16"><span class='ocrx_word' id='word_1_756' title='bbox 2264 4594 2321 4649; x_wconf 92' lang='lat' dir='ltr'><strong>in</strong></span> <span class='ocrx_word' id='word_1_757' title='bbox 2344 4594 2579 4651; x_wconf 90' lang='lat' dir='ltr'><strong>medium</strong></span> <span class='ocrx_word' id='word_1_758' title='bbox 2605 4594 2943 4665; x_wconf 87' lang='lat' dir='ltr'><strong>proferamus</strong></span> <span class='ocrx_word' id='word_1_759' title='bbox 2958 4636 2975 4663; x_wconf 88' lang='lat'><strong>,</strong></span> <span class='ocrx_word' id='word_1_760' title='bbox 2995 4604 3053 4652; x_wconf 88' lang='lat' dir='ltr'><strong>et</strong></span> <span class='ocrx_word' id='word_1_761' title='bbox 3078 4596 3244 4651; x_wconf 83' lang='lat' dir='ltr'><strong>divini</strong></span> <span class='ocrx_word' id='word_1_762' title='bbox 3266 4596 3471 4653; x_wconf 88' lang='lat' dir='ltr'><strong>medici</strong></span> 
     </span>
    </p>
   </div>
   <div class='ocr_carea' id='block_1_106' title="bbox 2264 4684 3746 4756">
    <p class='ocr_par' dir='ltr' id='par_1_106' title="bbox 2264 4684 3746 4756">
     <span class='ocr_line' id='line_1_106' title="bbox 2264 4684 3746 4756; baseline 0.004 -19"><span class='ocrx_word' id='word_1_763' title='bbox 2264 4693 2320 4738; x_wconf 90' lang='lat' dir='ltr'><strong>et</strong></span> <span class='ocrx_word' id='word_1_764' title='bbox 2344 4684 2568 4739; x_wconf 85' lang='lat' dir='ltr'><strong>virtutis</strong></span> <span class='ocrx_word' id='word_1_765' title='bbox 2598 4686 2850 4755; x_wconf 87' lang='lat' dir='ltr'><strong>gratiam,</strong></span> <span class='ocrx_word' id='word_1_766' title='bbox 2892 4699 3014 4756; x_wconf 65' lang='lat' dir='ltr'><strong>quae</strong></span> <span class='ocrx_word' id='word_1_767' title='bbox 3035 4688 3085 4743; x_wconf 89' lang='lat' dir='ltr'><strong>ei</strong></span> <span class='ocrx_word' id='word_1_768' title='bbox 3113 4703 3143 4741; x_wconf 91' lang='lat' dir='ltr'><strong>a</strong></span> <span class='ocrx_word' id='word_1_769' title='bbox 3174 4688 3286 4742; x_wconf 89' lang='lat' dir='ltr'><strong>Deo</strong></span> <span class='ocrx_word' id='word_1_770' title='bbox 3315 4703 3575 4745; x_wconf 79' lang='lat' dir='ltr'><strong>concessa</strong></span> <span class='ocrx_word' id='word_1_771' title='bbox 3596 4695 3657 4742; x_wconf 64' lang='lat' dir='ltr'><strong>at</strong></span> <span class='ocrx_word' id='word_1_772' title='bbox 3677 4695 3746 4736; x_wconf 62' lang='lat' dir='ltr'><strong>at</strong></span> 
     </span>
    </p>
   </div>
   <div class='ocr_carea' id='block_1_107' title="bbox 2267 4772 3745 4851">
    <p class='ocr_par' dir='ltr' id='par_1_107' title="bbox 2267 4772 3745 4851">
     <span class='ocr_line' id='line_1_107' title="bbox 2267 4772 3745 4851; baseline 0.002 -25"><span class='ocrx_word' id='word_1_773' title='bbox 2267 4772 2553 4829; x_wconf 89' lang='lat' dir='ltr'><strong>laudantes</strong></span> <span class='ocrx_word' id='word_1_774' title='bbox 2603 4775 2672 4830; x_wconf 87' lang='lat' dir='ltr'><strong>ad</strong></span> <span class='ocrx_word' id='word_1_775' title='bbox 2699 4774 2992 4832; x_wconf 87' lang='lat' dir='ltr'><strong>Minantem</strong></span> <span class='ocrx_word' id='word_1_776' title='bbox 3022 4777 3230 4832; x_wconf 88' lang='lat' dir='ltr'><strong>lordum</strong></span> <span class='ocrx_word' id='word_1_777' title='bbox 3272 4776 3607 4851; x_wconf 79' lang='lat' dir='ltr'><strong>[loripedem]</strong></span> <span class='ocrx_word' id='word_1_778' title='bbox 3644 4784 3745 4829; x_wconf 68' lang='lat' dir='ltr'><strong>trn&#39;r</strong></span> 
     </span>
    </p>
   </div>
   <div class='ocr_carea' id='block_1_108' title="bbox 2270 4862 3745 4942">
    <p class='ocr_par' dir='ltr' id='par_1_108' title="bbox 2270 4862 3745 4942">
     <span class='ocr_line' id='line_1_108' title="bbox 2270 4862 3745 4942; baseline 0.003 -25"><span class='ocrx_word' id='word_1_779' title='bbox 2270 4862 2491 4920; x_wconf 90' lang='lat' dir='ltr'><strong>ibimus.</strong></span> <span class='ocrx_word' id='word_1_780' title='bbox 2538 4864 2642 4920; x_wconf 84' lang='lat' dir='ltr'><strong>llic</strong></span> <span class='ocrx_word' id='word_1_781' title='bbox 2690 4867 2923 4923; x_wconf 89' lang='lat' dir='ltr'><strong>canendi</strong></span> <span class='ocrx_word' id='word_1_782' title='bbox 2973 4866 3286 4924; x_wconf 89' lang='lat' dir='ltr'><strong>Barbatiani</strong></span> <span class='ocrx_word' id='word_1_783' title='bbox 3312 4870 3574 4942; x_wconf 82' lang='lat' dir='ltr'><strong>martyrio</strong></span> <span class='ocrx_word' id='word_1_784' title='bbox 3605 4866 3745 4921; x_wconf 59' lang='lat' dir='ltr'><strong>udas</strong></span> 
     </span>
    </p>
   </div>
   <div class='ocr_carea' id='block_1_109' title="bbox 2268 4951 3745 5029">
    <p class='ocr_par' dir='ltr' id='par_1_109' title="bbox 2268 4951 3745 5029">
     <span class='ocr_line' id='line_1_109' title="bbox 2268 4951 3745 5029; baseline 0.004 -21"><span class='ocrx_word' id='word_1_785' title='bbox 2268 4951 2424 5008; x_wconf 82' lang='lat' dir='ltr'><strong>velox</strong></span> <span class='ocrx_word' id='word_1_786' title='bbox 2451 4954 2680 5024; x_wconf 86' lang='lat' dir='ltr'><strong>pedibus</strong></span> <span class='ocrx_word' id='word_1_787' title='bbox 2707 4965 2830 5011; x_wconf 88' lang='lat' dir='ltr'><strong>erat</strong></span> <span class='ocrx_word' id='word_1_788' title='bbox 2869 4955 3042 5012; x_wconf 82' lang='lat' dir='ltr'><strong>Minas</strong></span> <span class='ocrx_word' id='word_1_789' title='bbox 3085 4956 3246 5029; x_wconf 90' lang='lat' dir='ltr'><strong>[hanc</strong></span> <span class='ocrx_word' id='word_1_790' title='bbox 3271 4959 3327 5013; x_wconf 91' lang='lat' dir='ltr'><strong>in</strong></span> <span class='ocrx_word' id='word_1_791' title='bbox 3355 4959 3515 5015; x_wconf 87' lang='lat' dir='ltr'><strong>laude</strong></span> <span class='ocrx_word' id='word_1_792' title='bbox 3534 4955 3745 5013; x_wconf 65' lang='lat' dir='ltr'><em>W</em></span> 
     </span>
    </p>
   </div>
   <div class='ocr_carea' id='block_1_110' title="bbox 2270 5035 3743 5119">
    <p class='ocr_par' dir='ltr' id='par_1_110' title="bbox 2270 5035 3743 5119">
     <span class='ocr_line' id='line_1_110' title="bbox 2270 5035 3743 5119; baseline 0.007 -22"><span class='ocrx_word' id='word_1_793' title='bbox 2270 5044 2558 5098; x_wconf 87' lang='lat' dir='ltr'><strong>materiam</strong></span> <span class='ocrx_word' id='word_1_794' title='bbox 2612 5046 2898 5101; x_wconf 88' lang='lat' dir='ltr'><strong>habentes.</strong></span> <span class='ocrx_word' id='word_1_795' title='bbox 2949 5047 3121 5103; x_wconf 76' lang='lat' dir='ltr'><strong>Velox</strong></span> <span class='ocrx_word' id='word_1_796' title='bbox 3171 5049 3400 5119; x_wconf 88' lang='lat' dir='ltr'><strong>pedibus</strong></span> <span class='ocrx_word' id='word_1_797' title='bbox 3439 5058 3554 5106; x_wconf 81' lang='lat' dir='ltr'><strong>erat</strong></span> <span class='ocrx_word' id='word_1_798' title='bbox 3596 5035 3743 5108; x_wconf 55' lang='lat' dir='ltr'><strong>mimi</strong></span> 
     </span>
    </p>
   </div>
   <div class='ocr_carea' id='block_1_111' title="bbox 2273 5134 3744 5210">
    <p class='ocr_par' dir='ltr' id='par_1_111' title="bbox 2273 5134 3744 5210">
     <span class='ocr_line' id='line_1_111' title="bbox 2273 5134 3744 5210; baseline 0.007 -24"><span class='ocrx_word' id='word_1_799' title='bbox 2273 5139 2535 5204; x_wconf 83' lang='lat' dir='ltr'><strong>tanquam</strong></span> <span class='ocrx_word' id='word_1_800' title='bbox 2563 5135 2608 5189; x_wconf 91' lang='lat' dir='ltr'><strong>si</strong></span> <span class='ocrx_word' id='word_1_801' title='bbox 2634 5149 2740 5190; x_wconf 91' lang='lat' dir='ltr'><strong>una</strong></span> <span class='ocrx_word' id='word_1_802' title='bbox 2768 5150 2966 5206; x_wconf 84' lang='lat' dir='ltr'><strong>caprea</strong></span> <span class='ocrx_word' id='word_1_803' title='bbox 2992 5137 3046 5192; x_wconf 90' lang='lat' dir='ltr'><strong>in</strong></span> <span class='ocrx_word' id='word_1_804' title='bbox 3070 5152 3200 5210; x_wconf 88' lang='lat' dir='ltr'><strong>agro</strong></span> <span class='ocrx_word' id='word_1_805' title='bbox 3215 5138 3374 5208; x_wconf 85' lang='lat' dir='ltr'><strong>juxta</strong></span> <span class='ocrx_word' id='word_1_806' title='bbox 3401 5134 3744 5198; x_wconf 64' lang='lat' dir='ltr'><strong>saneth</strong></span> 
     </span>
    </p>
   </div>
   <div class='ocr_carea' id='block_1_112' title="bbox 2246 5223 3741 5303">
    <p class='ocr_par' dir='ltr' id='par_1_112' title="bbox 2246 5223 3741 5303">
     <span class='ocr_line' id='line_1_112' title="bbox 2246 5223 3741 5303; baseline 0.004 -26"><span class='ocrx_word' id='word_1_807' title='bbox 2246 5229 2455 5278; x_wconf 85' lang='lat' dir='ltr'><strong>.turam</strong></span> <span class='ocrx_word' id='word_1_808' title='bbox 2486 5223 2798 5290; x_wconf 84' lang='lat' dir='ltr'><strong>dicentem;</strong></span> <span class='ocrx_word' id='word_1_809' title='bbox 2834 5224 3035 5283; x_wconf 82' lang='lat' dir='ltr'><strong>Asahel</strong></span> <span class='ocrx_word' id='word_1_810' title='bbox 3062 5228 3230 5294; x_wconf 78' lang='lat' dir='ltr'><strong>ilhtm,</strong></span> <span class='ocrx_word' id='word_1_811' title='bbox 3256 5231 3351 5300; x_wconf 90' lang='lat' dir='ltr'><strong>qui</strong></span> <span class='ocrx_word' id='word_1_812' title='bbox 3379 5247 3477 5303; x_wconf 83' lang='lat' dir='ltr'><strong>per</strong></span> <span class='ocrx_word' id='word_1_813' title='bbox 3505 5228 3741 5286; x_wconf 54' lang='lat' dir='ltr'><strong>veloci!“EE</strong></span> 
     </span>
    </p>
   </div>
   <div class='ocr_carea' id='block_1_113' title="bbox 2273 5313 3742 5388">
    <p class='ocr_par' dir='ltr' id='par_1_113' title="bbox 2273 5313 3742 5388">
     <span class='ocr_line' id='line_1_113' title="bbox 2273 5313 3742 5388; baseline 0.007 -19"><span class='ocrx_word' id='word_1_814' title='bbox 2273 5313 2477 5386; x_wconf 86' lang='lat' dir='ltr'><strong>pedum</strong></span> <span class='ocrx_word' id='word_1_815' title='bbox 2525 5314 2580 5371; x_wconf 90' lang='lat' dir='ltr'><strong>in</strong></span> <span class='ocrx_word' id='word_1_816' title='bbox 2636 5314 2935 5388; x_wconf 88' lang='lat' dir='ltr'><strong>Scripturis</strong></span> <span class='ocrx_word' id='word_1_817' title='bbox 2980 5328 3126 5376; x_wconf 87' lang='lat' dir='ltr'><strong>esset</strong></span> <span class='ocrx_word' id='word_1_818' title='bbox 3176 5322 3547 5378; x_wconf 85' lang='lat' dir='ltr'><strong>ammirabilis.</strong></span> <span class='ocrx_word' id='word_1_819' title='bbox 3570 5320 3651 5387; x_wconf 76' lang='lat' dir='ltr'><strong>Qui</strong></span> <span class='ocrx_word' id='word_1_820' title='bbox 3674 5314 3742 5368; x_wconf 56' lang='grc' dir='ltr'>Μ</span> 
     </span>
    </p>
   </div>
   <div class='ocr_carea' id='block_1_114' title="bbox 2272 5405 3742 5483">
    <p class='ocr_par' dir='ltr' id='par_1_114' title="bbox 2272 5405 3742 5483">
     <span class='ocr_line' id='line_1_114' title="bbox 2272 5405 3742 5483; baseline 0.003 -23"><span class='ocrx_word' id='word_1_821' title='bbox 2272 5405 2650 5466; x_wconf 87' lang='lat' dir='ltr'><strong>velocissimus</strong></span> <span class='ocrx_word' id='word_1_822' title='bbox 2678 5409 2931 5469; x_wconf 84' lang='lat' dir='ltr'><strong>cursibus</strong></span> <span class='ocrx_word' id='word_1_823' title='bbox 2951 5418 3214 5476; x_wconf 88' lang='lat' dir='ltr'><strong>uteretur,</strong></span> <span class='ocrx_word' id='word_1_824' title='bbox 3244 5412 3430 5483; x_wconf 83' lang='lat' dir='ltr'><strong>lorpes</strong></span> <span class='ocrx_word' id='word_1_825' title='bbox 3445 5421 3685 5469; x_wconf 71' lang='lat' dir='ltr'><strong>conversus</strong></span> <span class='ocrx_word' id='word_1_826' title='bbox 3698 5408 3742 5452; x_wconf 63' lang='grc' dir='ltr'><strong>δι</strong></span> 
     </span>
    </p>
   </div>
   <div class='ocr_carea' id='block_1_115' title="bbox 2254 5495 3741 5575">
    <p class='ocr_par' dir='ltr' id='par_1_115' title="bbox 2254 5495 3741 5575">
     <span class='ocr_line' id='line_1_115' title="bbox 2254 5495 3741 5575; baseline 0.001 -14"><span class='ocrx_word' id='word_1_827' title='bbox 2254 5495 2339 5563; x_wconf 69' lang='grc' dir='ltr'><strong>,αθ</strong></span> <span class='ocrx_word' id='word_1_828' title='bbox 2364 5497 2581 5567; x_wconf 81' lang='lat' dir='ltr'><strong>eripede</strong></span> <span class='ocrx_word' id='word_1_829' title='bbox 2613 5497 2863 5571; x_wconf 88' lang='lat' dir='ltr'><strong>[longam</strong></span> <span class='ocrx_word' id='word_1_830' title='bbox 2890 5501 3198 5557; x_wconf 76' lang='lat' dir='ltr'><strong>incurrerat</strong></span> <span class='ocrx_word' id='word_1_831' title='bbox 3230 5505 3615 5575; x_wconf 65' lang='lat' dir='ltr'><strong>mgriludincm,</strong></span> <span class='ocrx_word' id='word_1_832' title='bbox 3638 5500 3741 5562; x_wconf 68' lang='grc' dir='ltr'>ξιςιπ</span> 
     </span>
    </p>
   </div>
   <div class='ocr_carea' id='block_1_116' title="bbox 2220 5590 3740 5681">
    <p class='ocr_par' dir='ltr' id='par_1_116' title="bbox 2220 5590 3740 5681">
     <span class='ocr_line' id='line_1_116' title="bbox 2220 5590 3740 5681; baseline -0.001 -30"><span class='ocrx_word' id='word_1_833' title='bbox 2220 5630 2244 5653; x_wconf 64' lang='grc' dir='ltr'><em>ι,</em></span> <span class='ocrx_word' id='word_1_834' title='bbox 2275 5591 2689 5660; x_wconf 62' lang='grc' dir='ltr'><strong>ι‹›ι’ἰι›‹&gt;ιθ.ῐίιειιιειΔ</strong></span> <span class='ocrx_word' id='word_1_835' title='bbox 2722 5602 2813 5651; x_wconf 80' lang='lat' dir='ltr'><strong>est</strong></span> <span class='ocrx_word' id='word_1_836' title='bbox 2848 5595 2925 5651; x_wconf 82' lang='lat' dir='ltr'><strong>.do</strong></span> <span class='ocrx_word' id='word_1_837' title='bbox 2956 5596 3225 5669; x_wconf 76' lang='lat' dir='ltr'><strong>.eripedc],</strong></span> <span class='ocrx_word' id='word_1_838' title='bbox 3246 5606 3305 5653; x_wconf 85' lang='lat' dir='ltr'><strong>et</strong></span> <span class='ocrx_word' id='word_1_839' title='bbox 3332 5599 3400 5654; x_wconf 83' lang='lat' dir='ltr'><strong>de</strong></span> <span class='ocrx_word' id='word_1_840' title='bbox 3438 5599 3585 5667; x_wconf 81' lang='lat' dir='ltr'><strong>longa</strong></span> <span class='ocrx_word' id='word_1_841' title='bbox 3610 5590 3740 5681; x_wconf 48' lang='lat' dir='ltr'><strong>unde!</strong></span> 
     </span>
    </p>
   </div>
   <div class='ocr_carea' id='block_1_117' title="bbox 2218 5682 3739 5759">
    <p class='ocr_par' dir='ltr' id='par_1_117' title="bbox 2218 5682 3739 5759">
     <span class='ocr_line' id='line_1_117' title="bbox 2218 5682 3739 5759; baseline -0.002 -16"><span class='ocrx_word' id='word_1_842' title='bbox 2218 5682 2365 5755; x_wconf 58' lang='lat' dir='ltr'><strong>.,.,vi,x,</strong></span> <span class='ocrx_word' id='word_1_843' title='bbox 2391 5683 2619 5745; x_wconf 76' lang='lat' dir='ltr'><strong>exiliens</strong></span> <span class='ocrx_word' id='word_1_844' title='bbox 2639 5685 2957 5757; x_wconf 68' lang='lat' dir='ltr'><strong>aegritudine</strong></span> <span class='ocrx_word' id='word_1_845' title='bbox 2978 5701 3083 5743; x_wconf 86' lang='lat' dir='ltr'><strong>non</strong></span> <span class='ocrx_word' id='word_1_846' title='bbox 3112 5692 3295 5744; x_wconf 88' lang='lat' dir='ltr'><strong>tamen</strong></span> <span class='ocrx_word' id='word_1_847' title='bbox 3326 5691 3496 5747; x_wconf 81' lang='lat' dir='ltr'><strong>evasit</strong></span> <span class='ocrx_word' id='word_1_848' title='bbox 3520 5688 3616 5759; x_wconf 84' lang='lat' dir='ltr'><strong>ejus</strong></span> <span class='ocrx_word' id='word_1_849' title='bbox 3631 5693 3739 5751; x_wconf 65' lang='lat' dir='ltr'><strong>pem</strong></span> 
     </span>
    </p>
   </div>
  </div>
