3870 6502
88 360 201 415 775

978 346 1339 405 ANALECTA
1375 346 1467 404 DE
1502 342 1865 403 EPISCOPIS‘
1887 340 2435 402 ILKVENNATIBUS.

3226 341 3336 399 ττι

89 468 262 532 ciem,
283 463 380 522 sed
434 459 722 519 immobilis
754 457 1054 531 permansit
1105 456 1328 522 lectulo,
1358 455 1525 511 etiam
1553 468 1664 510 non
1691 462 1744 522 Α
1768 452 1884 523 ipse
1906 452 2001 507 Dei
2026 450 2260 507 famulus
2291 467 2324 507 a
2362 448 2727 508 fundamentis
2767 462 2876 508 una
2904 451 3208 509 construxit
3248 453 3342 526 [et

86 562 315 612 erectus
346 554 415 609 de
436 551 767 623 aegrimonia.
795 548 1018 604 Medicis
1045 561 1178 603 vero
1214 546 1427 617 longam
1452 545 1670 615 quidem

88 644 471 703 inﬁrmitatem
505 640 943 711 praedicantibus,
976 646 1032 693 et
1060 636 1490 707 desperantibus
1545 650 1673 692 eum

87 736 442 809 aegritudine,
478 748 599 804 quae
636 745 705 787 ex
732 731 924 786 morbo
949 729 1042 784 illo
1075 727 1356 799 progenita
1379 726 1577 793 fuerat,
1616 725 1675 781 in

84 808 307 886 somnis
338 827 589 898 apparuit
641 824 692 880 ei
738 823 876 878 visio
925 820 1100 895 [deest
1127 818 1292 898 visio]
1347 808 1676 873 sanetiSsimi

86 915 203 969 viri
233 911 545 968 Barbationi
593 909 928 965 orationibus
953 906 1197 962 liberari.
1226 904 1295 959 Et
1324 904 1504 959 subito
1536 900 1677 971 vigi-

89 1005 242 1069 lans,
292 1002 520 1056 aliorum
554 998 781 1069 pedibus
806 998 875 1051 ad
919 994 1036 1065 ejus
1071 992 1324 1051 cellulam
1362 991 1677 1061 deportatus

90 1100 184 1148 est
212 1090 497 1147 nocturnis
542 1089 713 1143 horis.
742 1087 844 1154 Qui
873 1086 1003 1142 dum
1051 1083 1387 1139 conﬁdenter
1411 1079 1677 1149 perrexis-

92 1192 204 1248 set,
217 1182 413 1237 videns
429 1195 551 1235 eum
567 1178 845 1235 confessor
863 1174 1064 1232 Christi
1082 1172 1259 1230 oravit
1280 1173 1353 1227 ad
1369 1170 1677 1233 Dominum,

91 1281 152 1325 et
186 1284 411 1325 nervam
436 1267 639 1341 [Forte,
664 1267 930 1332 herniam,
957 1264 1173 1328 Bacch.,
1201 1263 1356 1333 forte,
1386 1257 1677 1331 ignaviam]

95 1363 254 1416 illam
321 1361 538 1431 abjecit,
575 1367 632 1415 et
680 1358 1022 1414 velocitatem
1070 1354 1362 1428 pristinam
1391 1351 1599 1423 recepit
1623 1350 1680 1405 in

93 1452 327 1508 Christo
346 1450 475 1506 Jesu
507 1450 736 1505 Domino
772 1456 979 1504 nostro.

175 1540 291 1595 Sed
317 1548 376 1596 et
396 1551 521 1609 post
540 1540 647 1593 hoc
673 1536 994 1592 miraculum
1017 1535 1224 1593 sanitas
1240 1532 1510 1589 Theodori
1534 1546 1686 1618 acce-

98 1634 199 1688 dat
230 1633 291 1687 in‘
330 1632 589 1696 medium,
617 1631 709 1701 qui
730 1631 844 1701 ipse
878 1627 1191 1684 Theodorus
1213 1633 1478 1698 aegrotans
1496 1625 1683 1680 oculo-

96 1739 230 1778 rum
248 1723 494 1793 corporis
511 1722 760 1777 orbitate.
786 1720 879 1776 llis
899 1719 1115 1790 quidem
1137 1718 1326 1774 dolens
1346 1716 1681 1781 Theodorus,

1768 542 1824 598 in
1851 543 2055 597 honore
2078 542 2223 597 beati
2245 540 2468 597 Joannis
2493 541 2747 611 Baptistae
2780 540 2994 614 sanxit]
3023 583 3039 608 ,
3066 542 3121 597 in
3145 557 3253 613 quo
3271 552 3344 599 et

1768 633 2159 689 monachorum
2201 630 2441 701 regulam
2469 630 2831 699 conﬁrmavit,
2866 646 2988 687 cum
3023 632 3221 703 quibus
3255 633 3345 690 die

1769 732 2040 795 noctuque
2074 723 2292 794 jejuniis
2324 730 2381 778 et
2409 722 2742 778 orationibus
2786 722 3014 779 Domino
3060 724 3345 779 serviendo

1772 817 1995 878 minime
2016 815 2279 870 cessabat.
2313 813 2409 869 llis
2437 812 2621 883 itaque
2656 814 2821 884 gestis
2847 812 2948 869 fuit
2970 814 3055 869 vir
3076 829 3216 871 unus
3248 829 3348 872 no-

1772 909 1918 964 mine
1955 906 2194 963 Julianus
2224 906 2290 961 de
2316 905 2483 961 nobili
2521 920 2718 975 genere
2754 913 2937 972 ortus,
2968 906 3092 976 quia
3119 906 3347 963 audiens

1773 999 1919 1069 quod
1959 998 2044 1052 vir
2080 997 2450 1053 sanctissimus
2490 1004 2776 1067 praestaret
2814 995 3039 1066 singulis
3062 996 3347 1063 beneﬁcia,

1772 1087 2015 1161 perrexit
2037 1101 2159 1141 cum
2187 1085 2548 1141 oblationibus
2573 1085 2941 1151 obtinendum,
2969 1094 3029 1139 ut
3058 1086 3348 1141 missarum

1776 1178 1879 1233 sibi
1901 1176 2195 1246 solempnia
2231 1176 2531 1232 celebraret
2566 1174 2633 1230 ad
2674 1175 3011 1231 liberandum
3040 1175 3157 1247 ejus
3184 1175 3354 1230 filium

1779 1269 1892 1325 suis
1921 1268 2123 1325 sanctis
2143 1265 2497 1328 orationibus,
2537 1264 2662 1335 Quia
2699 1263 2817 1332 ejus
2842 1272 3029 1335 guttur
3053 1265 3357 1335 scruphulae

1778 1358 2264 1445 circumdederant,
2305 1363 2362 1411 et
2383 1355 2648 1410 maximas
2682 1361 2835 1409 cutes
2865 1352 3088 1419 habens,
3134 1354 3359 1409 minime

1780 1443 1998 1502 valebat
2044 1460 2200 1501 suam
2246 1443 2510 1499 cervicem
2553 1444 2785 1513 erigere,
2833 1443 3121 1509 intantum,
3156 1452 3221 1499 ut
3242 1443 3360 1515 jam

1782 1535 1965 1591 ulcera
1997 1535 2130 1591 foris
2172 1540 2519 1605 apparerent,
2553 1539 2609 1587 et
2626 1532 2809 1601 sanies
2841 1533 3180 1604 putredinem
3213 1547 3361 1587 ema-

1782 1636 1961 1685 naret.
2006 1626 2110 1696 Qui
2158 1627 2286 1683 dum
2324 1624 2645 1696 completam
2673 1619 2958 1680 missarum
3003 1624 3361 1697 [completum

1784 1719 2077 1775 missarum
2116 1714 2428 1790 solemniis]
2476 1716 2781 1771 Orationem
2810 1715 3041 1783 fecisset,
3068 1717 3366 1790 prostravit

101 1821 162 1868 et
190 1826 304 1867 non
340 1786 619 1891 inveniens
663 1786 999 1881 diligentiam
1028 1815 1426 1879 competentem
1456 1805 1686 1878 [dolore,
1714 1803 1764 1863 B
1790 1822 1849 1863 se
1884 1808 1953 1863 ad
1978 1807 2143 1880 pedes
2176 1786 2504 1861 sanctissimi
2541 1805 2646 1859 viri
2675 1805 3005 1871 Barbatiani,
3035 1786 3090 1861 et
3128 1820 3252 1861 cum
3290 1805 3368 1860 la-
3398 1786 3409 1865 ,η

96 1913 163 1958 et
194 1917 304 1959 non
328 1903 608 1958 inveniens
631 1900 967 1972 diligentiam
988 1897 1426 1970 competentem],
1455 1898 1510 1953 in
1528 1896 1692 1953 utris-

100 2008 217 2062 que
232 1993 405 2049 oculis
427 1992 600 2047 induit
622 1991 934 2047 tenebrosas
958 1989 1249 2061 [tenebrosi
1258 1989 1360 2062 tas]
1383 1989 1688 2045 cicatrices.

100 2082 217 2149 Qui
239 2083 368 2137 dum
393 2083 610 2137 abiisset
633 2081 702 2136 ad
726 2080 982 2148 medicos,
1006 2088 1063 2136 et
1087 2095 1210 2137 esse
1238 2080 1568 2137 insanabiles
1610 2079 1696 2135 di-

104 2172 355 2235 dicisset,
388 2171 454 2226 ad
481 2178 730 2226 sanctum
780 2169 1163 2225 Barbatianum
1186 2184 1247 2227 se
1274 2178 1491 2241 portare
1509 2168 1692 2239 jussit,

104 2280 283 2318 unam
319 2279 471 2333 spem
523 2263 863 2319 credulitatis
890 2261 1106 2328 all'atur,
1135 2262 1263 2332 quia
1311 2261 1359 2317 si
1409 2260 1552 2332 apud
1572 2275 1696 2317 eum

106 2355 264 2426 iungi
293 2362 539 2424 potuero.
573 2352 682 2409 Sed
717 2353 844 2408 dum
875 2353 944 2409 ad
982 2353 1100 2424 ejus
1132 2351 1379 2407 cellulam
1408 2366 1695 2422 properas-

109 2454 222 2511 set,
261 2446 554 2500 obsecrans
582 2443 981 2501 sanctissimum
1036 2441 1115 2514 [in
1143 2442 1230 2499 via
1257 2442 1361 2498 sibi
1400 2456 1553 2513 spem
1581 2456 1701 2498 cre-

106 2534 363 2591 dulitatis
397 2535 608 2597 aﬁ‘atus,
634 2536 758 2605 quia
788 2535 833 2590 si
860 2535 911 2590 ei
933 2533 1092 2606 jungi
1115 2537 1342 2604 potuero
1369 2533 1549 2590 salvus
1581 2548 1694 2590 ero.

108 2625 258 2680 Dum
283 2635 464 2681 autem
493 2628 560 2681 ad
583 2626 699 2697 ejus
724 2624 969 2680 cellulam
998 2625 1355 2694 pervenisset,
1381 2626 1698 2680 obsecratus

106 2714 228 2787 est]
250 2717 448 2780 virum,
474 2725 535 2770 ut
560 2716 863 2786 aliquantos
883 2715 1000 2772 dies
1037 2715 1094 2768 in
1122 2714 1363 2786 ejusdem
1392 2715 1703 2770 demoraret

104 2804 339 2861 cellula.
368 2805 538 2873 Quem
584 2805 958 2861 sanctissimus
1007 2805 1174 2860 Pater
1222 2804 1462 2862 refutare
1505 2806 1699 2873 noluit,

114 2898 221 2952 sed
249 2897 447 2953 ibidem
478 2898 620 2952 idem
640 2913 803 2953 orans
825 2896 1191 2968 gratissimum
1219 2896 1453 2953 fructum
1477 2898 1705 2968 adeptus

106 2995 230 3042 est.
262 2987 393 3042 Post
424 2987 542 3042 hac
575 2987 950 3043 sanctissimus
975 2985 1369 3059 [demoraretur
1400 2987 1593 3044 cellula
1616 2989 1704 3044 cui

106 3078 507 3132 sanctissimus
532 3077 695 3133 Pater
721 3078 930 3145 annuit,
979 3079 1164 3149 sicque
1212 3078 1407 3134 ibidem
1440 3080 1581 3136 idem
1618 3078 1704 3134 in-

1788 1897 1990 1971 crymis
2007 1911 2130 1952 eum
2159 1911 2354 1967 rogare
2394 1896 2580 1967 coepit,
2608 1903 2669 1951 ut
2693 1911 2792 1952 suo
2821 1896 2930 1952 ﬁlio
2949 1912 3136 1952 curam
3167 1898 3369 1953 sanita-

1787 1989 1862 2045 tis
1880 1988 2182 2054 adhiberet,
2211 1988 2336 2058 quia
2371 2002 2472 2059 per
2505 1988 2706 2044 nullius
2746 1988 2881 2045 artis
2921 1989 3243 2045 medicinam
3281 1988 3367 2043 vel

1790 2080 1911 2136 aliis
1933 2079 2259 2136 dictantibus
2281 2079 2541 2136 valuisset
2560 2095 2683 2135 eum
2712 2080 2967 2137 liberare.
2986 2081 3075 2136 ‘Ad
3096 2082 3213 2136 haec
3240 2082 3370 2135 bea-

1792 2172 2035 2228 tissimus
2064 2172 2151 2226 vir
2183 2171 2407 2227 elevatis
2436 2171 2606 2227 oculis
2635 2171 2705 2226 ad
2736 2170 2957 2238 coelum,
2986 2178 3047 2227 et
3085 2171 3209 2227 data
3247 2186 3372 2225 ora-

1794 2261 1942 2317 tione
1993 2261 2272 2333 ingressus
2330 2270 2415 2317 est
2474 2276 2628 2316 suam
2680 2260 2954 2327 cellulam,
3011 2246 3123 2331 qui.
3153 2275 3373 2317 sumens

1792 2364 1960 2405 unum
1982 2349 2303 2421 emplastum
2332 2337 2709 2421 [emplastrum
2732 2350 2815 2405 hic
2843 2361 2890 2405 et
2920 2348 3103 2422 infra]
3133 2351 3186 2405 in
3209 2364 3375 2405 manu

1796 2454 1920 2496 cum
1962 2455 2107 2507 cera,
2135 2447 2189 2496 et
2213 2441 2536 2497 diminutum
2578 2455 2772 2510 panem
2810 2441 3030 2497 mistum
3072 2455 3195 2495 cum
3230 2438 3373 2506 oleo,

1791 2528 1957 2600 jussit
1996 2517 2114 2602 ejus
2157 2529 2328 2586 (ilium
2367 2531 2580 2586 adduci.
2624 2531 2693 2586 Et
2719 2530 2870 2587 facto
2884 2529 3157 2602 signaculo
3195 2530 3378 2586 erucis

1798 2636 1964 2691 super
2007 2620 2349 2691 emplastum,
2396 2621 2576 2692 posuit
2601 2635 2762 2692 super
2802 2621 3091 2676 durissima
3130 2620 3377 2685 vulnera,

1799 2708 2090 2780 statimque
2116 2717 2477 2780 crepuerunt,
2514 2716 2579 2764 ct‘
2595 2723 2778 2764 coram
2813 2709 3063 2763 omnibus
3099 2707 3379 2781 [omnibus

1801 2800 2134 2874 astantibus]
2162 2802 2254 2873 qui
2283 2788 2481 2858 ibidem
2511 2801 2730 2858 fuerunt
2755 2802 3064 2858 ceciderunt
3092 2802 3377 2874 plusquam

1780 2895 2080 2967 vsexaginta
2126 2903 2335 2966 septem
2376 2896 2675 2962 vermiculi,
2727 2896 2866 2951 sicut
2903 2894 3384 2951 annumerantibus

1804 2983 1882 3057 [a
1929 2984 2378 3057 numerantibus]
2420 3000 2512 3040 eos
2539 2985 2839 3041 dicebatur.
2882 2985 2950 3039 Et
2993 2985 3203 3040 collecti
3254 2993 3381 3039 sunt

1808 3090 2000 3131 omnes
2027 3076 2094 3130 ab
2122 3074 2239 3145 ejus
2267 3077 2528 3147 genitore,
2558 3084 2612 3130 et
2633 3091 2729 3146 per
2743 3077 2941 3131 multos
2960 3077 3073 3131 dies
3094 3066 3370 3153 suspende-

116 3167 319 3222 firmus
341 3182 504 3222 orans
532 3168 587 3221 in
615 3168 768 3223 brevi
805 3166 1040 3223 fructum
1062 3168 1254 3224 salutis
1283 3168 1461 3223 taliter
1483 3168 1709 3238 adeptus
1737 3150 1782 3213 ί]
1814 3178 1973 3235 runt,
2016 3184 2109 3225 eos
2158 3170 2591 3226 demonstrantes
2627 3171 2838 3243 cunctis
2889 3185 2988 3242 pro
3038 3150 3384 3249 credulitate,

110 3268 234 3315 est.
257 3258 662 3332 Sanctissimus]
681 3259 962 3316 confessor
979 3259 1181 3316 Christi
1194 3261 1550 3317 Barbatianus
1570 3276 1709 3332 prae-

120 3349 276 3419 cepit
306 3349 357 3404 ei
394 3359 458 3405 ut
495 3352 563 3406 ad
596 3348 798 3406 fontem
823 3352 1195 3423 egrederetur,
1231 3367 1426 3421 aquam
1464 3353 1519 3407 in
1548 3352 1710 3408 situla

114 3438 463 3495 efferendum
512 3439 717 3512 [aﬁ'erri
763 3441 832 3497 ad
883 3440 1187 3515 eumdem];
1248 3441 1337 3497 cui
1386 3441 1706 3510 respondit:

121 3530 331 3593 Czecus
346 3544 489 3595 sum,
514 3530 698 3586 videre
744 3545 853 3586 non
897 3531 1070 3597 valeo,
1097 3538 1153 3586 et
1187 3531 1455 3601 quomodo
1484 3531 1562 3586 ire
1589 3546 1713 3600 pos-

114 3635 255 3674 sum
296 3620 364 3674 ad
392 3635 591 3691 aquam
619 3620 1011 3675 hauriendam?
1044 3620 1144 3675 Cui
1180 3619 1463 3691 respondit
1486 3619 1548 3673 B.
1579 3620 1713 3674 Bar-

124 3711 388 3767 batiauus
441 3728 458 3765 :
524 3711 669 3767 Vade
718 3711 1107 3768 tantummodo.
1145 3711 1248 3780 Qui
1288 3713 1415 3768 dum
1463 3726 1714 3783 egressus

124 3799 353 3865 fuisset,
390 3807 575 3855 tamen
623 3816 733 3856 non
778 3801 1077 3871 aspiciebat
1120 3815 1229 3871 quo
1276 3810 1547 3873 pergeret.
1597 3803 1715 3872 Ipse

129 3905 269 3945 vero
316 3891 691 3947 sanctissimus
733 3891 1014 3947 confessor
1051 3890 1255 3949 Christi
1304 3892 1359 3947 in
1413 3891 1715 3947 orationem

126 3987 464 4051 prostratus,
485 3996 584 4050 pro
609 3982 800 4037 eodem
827 3982 944 4036 viro
970 3981 1260 4037 Dominum
1300 3982 1712 4053 deprecabatur,

126 4080 201 4127 ut
229 4070 414 4126 lumen
441 4071 720 4128 oculorum
748 4087 971 4127 suorum
1011 4073 1301 4143 reciperet.
1327 4072 1434 4129 Sed
1458 4074 1578 4146 ejus
1604 4074 1712 4129 mi-

131 4161 460 4225 sericordia,
496 4161 588 4231 qui
617 4176 741 4216 eum
770 4163 1132 4233 inspiraverat
1159 4163 1256 4237 [et]
1286 4164 1356 4221 ad
1394 4165 1717 4221 veniendum

130 4250 460 4316 edocuerat,
514 4251 796 4322 impletam
843 4254 1061 4310 situlam
1103 4271 1244 4325 aqua
1301 4256 1481 4313 attulit
1508 4259 1585 4324 ei,
1620 4259 1715 4328 qui

128 4340 490 4407 benedicens,
516 4351 573 4398 et
600 4343 734 4399 dans
764 4344 839 4411 ei,
870 4343 1062 4400 faciem
1075 4345 1192 4415 ejus
1210 4345 1377 4417 jussit
1399 4347 1591 4415 lavari,
1621 4350 1717 4420 qui

134 4429 276 4485 dum
301 4429 538 4499 lavisset,
562 4434 744 4490 statim
789 4435 929 4491 sicut
971 4451 1268 4508 squammae
1296 4439 1549 4509 piscium,
1578 4443 1718 4497 tales

1811 3261 1955 3329 quod
1978 3259 2179 3315 factum
2208 3259 2383 3315 fuerat
2398 3261 2464 3315 ad
2491 3260 2702 3316 laudem
2724 3269 2779 3316 et
2798 3261 3024 3337 gloriam
3054 3246 3262 3315 Domini
3285 3276 3385 3315 no-

1810 3350 1909 3406 stri
1928 3349 2057 3405 Jesu
2080 3347 2311 3415 Christi,
2335 3352 2475 3422 quod
2495 3366 2594 3422 per
2610 3352 2772 3407 istum
2787 3351 3187 3423 sanctissimum
3210 3353 3386 3423 virum

1811 3440 2080 3495 mirabilia
2118 3439 2263 3495 facta
2290 3449 2433 3496 sunt.
3072 3508 3078 3519 Α
3223 3418 3230 3439 δ
3291 3426 3297 3435 ’

1879 3533 1985 3590 Per
2011 3534 2153 3590 idem
2182 3542 2414 3604 tempus,
2443 3533 2569 3589 dum
2595 3535 2772 3591 divina
2810 3535 3159 3607 inspiratione
3182 3552 3210 3590 a
3233 3533 3389 3593 Galla

1810 3619 2047 3677 Placidia
2085 3621 2325 3692 Augusta
2367 3630 2549 3677 erecta
2574 3621 2763 3679 fuisset
2807 3625 3038 3701 ecclesia
3064 3624 3389 3701 B.AJoannis

1812 3709 2159 3782 evangelista:
2199 3709 2417 3767 Christo
2446 3710 2628 3768 dilecti
2661 3706 2936 3786 discipuli,
2971 3696 3027 3770 in
3052 3696 3217 3795 nimia
3244 3719 3390 3789 cogi-

1815 3801 2021 3857 tatione
2048 3801 2265 3857 devenit
2284 3800 2520 3872 Augusta
2543 3843 2558 3869 ,
2586 3818 2707 3858 cum
2739 3820 2837 3859 suo
2872 3805 3000 3872 filio,
3032 3822 3132 3878 pro
3155 3823 3220 3864 eo
3249 3810 3394 3880 quod

1813 3891 1974 3947 nulla:
2010 3892 2252 3962 reliquis:
2298 3893 2466 3964 ipsius
2497 3894 2724 3966 apostoli
2767 3890 3009 3968 corporis
3047 3889 3395 3955 invenieban-

1813 3990 1924 4037 tur.
1956 3982 2107 4039 Tunc
2137 3983 2471 4039 accersitum
2501 3985 2705 4055 pariter
2745 3974 3143 4044 sanctissimum
3184 3978 3396 4046 confes-

1813 4083 1992 4127 sorem
2039 4069 2239 4128 Christi
2272 4070 2657 4127 Barbatianum
2677 4113 2692 4139 ,
2732 4066 2868 4129 inito
2897 4076 3141 4145 consilio,
3172 4085 3233 4131 ut
3260 4058 3397 4150 vigi-

1815 4162 1906 4218 liis
1923 4171 1978 4219 et
2002 4163 2338 4220 orationibus
2363 4159 2647 4219 Dominum
2669 4165 3018 4223 obtinendum
3045 4169 3211 4239 ipsius
3241 4167 3397 4225 Chri-

1817 4253 1887 4309 sti
1925 4254 2097 4309 sancti
2124 4253 2369 4325 discipuli
2410 4254 2652 4325 reliquiae
2678 4244 3397 4330 demonstrarent[demon-

1818 4344 2176 4419 strarentur].
2223 4345 2379 4414 Quod
2411 4345 2613 4402 factum
2657 4347 2914 4419 est[Quo
2955 4338 3135 4422 facto]
3166 4334 3400 4407 assiduis

1818 4438 2317 4508 pernoctationibus
2380 4438 2667 4494 Dominum
2720 4438 3114 4510 deprecandum
3178 4426 3402 4497 minime

134 4518 312 4590 {deest
339 4520 501 4593 tales]
525 4497 600 4579 ab
641 4522 760 4593 ejus
793 4524 966 4581 oculis
991 4497 1186 4583 ablatre
1209 4497 1353 4583 sunt.
1391 4529 1459 4585 Et
1486 4497 1719 4587 elevavit
1743 4497 1796 4557 D
1820 4497 2208 4585 discesserunt.
2241 4529 2364 4596 Qui,
2404 4530 2530 4585 dum
2567 4529 2742 4585 oratio
2770 4497 2981 4601 expleta
3015 4530 3223 4597 fuisset,
3252 4532 3401 4587 abie-

139 4624 335 4666 vocem
384 4613 681 4670 maximam
719 4630 841 4671 cum
865 4617 1144 4688 lacrymis,
1168 4633 1333 4689 agens
1356 4623 1560 4692 gratias
1581 4622 1717 4691 Deo,

144 4702 245 4772 qui
279 4717 382 4772 per
406 4704 706 4760 orationem
732 4708 1064 4764 sanctissimi
1098 4710 1200 4765 viri
1233 4711 1586 4770 inluminatus
1612 4723 1716 4773 est.

1822 4631 1950 4678 runt
1971 4621 2247 4691 paululum
2282 4622 2644 4691 requiescere,
2675 4622 2803 4677 dum
2830 4608 2883 4678 e't
2927 4631 3181 4693 tanquam
3208 4637 3402 4703 sopore

1826 4712 1917 4786 [et
1950 4714 2078 4769 dum
2126 4721 2383 4783 tanquam
2436 4711 2630 4784 sopor]
2666 4712 2840 4768 somni
2896 4713 2964 4768 ad
3005 4711 3401 4797 sanctissimum

147 4793 223 4849 Et
250 4794 351 4851 hoc
402 4805 725 4866 personatur
749 4797 825 4870 [et
872 4799 990 4854 haec
1014 4804 1435 4877 personuerunt]
1472 4806 1527 4860 in
1571 4809 1722 4865 omni
1825 4801 2187 4858 confessorem
2216 4801 2414 4857 Christi
2458 4803 2706 4868 accessit,
2745 4802 2837 4876 qui
2882 4817 2983 4858 nec
3027 4793 3241 4859 fertiter
3272 4804 3402 4860 dor-

146 4885 374 4958 regione
402 4889 551 4945 urbis
579 4889 765 4945 Romae
789 4893 859 4948 ad
886 4892 1148 4949 honorem
1179 4895 1393 4952 Domini
1423 4899 1594 4955 nostri
1628 4899 1720 4957 1e.

1828 4893 2021 4958 miens,
2053 4908 2155 4948 nec
2174 4890 2402 4963 vigilans
2435 4891 2670 4962 plenius,
2700 4894 2834 4948 vidit
2863 4893 3135 4949 hominem
3177 4894 3232 4973 in
3255 4906 3405 4953 veste
3497 4950 3501 4955 .

140 4990 219 5034 sa
241 4975 461 5045 Christi,
487 4981 575 5036 cui
603 4982 909 5054 est.bonor,
937 4991 993 5039 et
1016 4983 1186 5055 gloria
1214 4985 1270 5041 in
1283 4988 1480 5044 smcula
1504 4980 1714 5047 sacculo-

1825 4984 2084 5055 praeclara
2110 4983 2474 5063 ambulantem
2498 4983 2645 5039 vultu
2668 4984 2929 5071 angelico,
2958 4994 3017 5071 et
3039 4979 3425 5067 thurribulum.

147 5083 300 5131 rum.
320 5068 515 5127 Amen.
578 5134 587 5141 ,

1784 5074 1787 5081 ’
1829 5074 1884 5130 in
1929 5090 2091 5130 manu
2139 5082 2436 5163 gestantem
2486 5070 2763 5164 incensum
2788 5064 3405 5164 'Domino'mittenqum,

196 5158 701 5257 tempore
746 5162 895 5221 Galla
931 5165 1169 5224 Placidia
1200 5168 1441 5240 Augusta
1470 5186 1593 5228 cum
1620 5172 1730 5231 filio
1788 5158 1795 5171 ’
1829 5171 1883 5221 et
1910 5162 2316 5257 expergefaclﬁ‘s
2340 5152 2696 5257 ’θκῖειίηιειιιέέέ
2726 5181 2810 5253 βε,
2829 5152 3005 5257 visui“.
3033 5152 3406 5257 Υὲςὲξῇὲἐέίᾨυί

86 5286 120 5311 ,ι
152 5263 267 5309 sua
295 5247 672 5323 .Yalentiaiano
704 5252 1287 5325 Augusto’Ravennam
1334 5258 1726 5339 perrexerunt;

1833 5272 1956 5313 eum
1990 5258 2189 5349 apertis
2213 5250 2385 5349 oculis
2402 5254 2537 5349 sum
2567 5240 2839 5349 θιξιδνῖξθέξ

60 5320 1179 5413 m.Balbyianudtwenuusaaeﬁssimuﬂ
1199 5320 1582 5443 presbyterum;
1606 5320 1731 5411 cina
1768 5320 2040 5443 ""hiisset;
2074 5320 3410 5443 έίἶςίξῑςξίρόςῆἰέξόξῖςθι

68 5464 113 5497 ιν
146 5410 1733 5504 Μὴὴοωιηῑθδιιαωηηεῇιδὶίέηὶῇῶδὶίίξ
1764 5410 2616 5509 θίίιεέῆιιδίὲάῗάξῖδκῆἷιξίὲεήἓ,¹Ἥ(
2645 5410 3410 5509 fg'vi.

64 5496 1575 5603 ..1.“amaluammwmimga
1592 5496 1714 5590 alii;

1835 5496 2566 5607 assesasses?

62 5587 301 5683 Isim
316 5607 599 5691 vixin
624 5587 1208 5689 invenustum“an
1234 5587 1735 5689 μικιῶιίςμιὲωίὲἶη
1764 5587 2556 5694 κηξίίιρηῖπυῐιῐ⁴¹1ὶίΜ¹¹ἐῇἱὲΗΡ

110 5746 119 5775 ι
134 5686 409 5784 ,Μιμιϋιέι
422 5686 836 5773 iusiveneraliiti
849 5686 1599 5782 αᾰοωιίθωὸιὲηιέωὰῆῖρίῆ
1610 5698 1619 5747 ί
1630 5713 1714 5787 qui

1798 5690 2184 5781 casam?
2222 5686 2676 5785 haustas
2696 5686 2897 5786 mea

3158 5502 3192 5533 '.'l
3209 5502 3303 5533 MU’.

2568 5502 3410 5607 essetisessetis-

2558 5584 3311 5682 missamissa

2595 5625 2812 5688 ζίσὰῨᾱΓ
2822 5625 3305 5713 (fidum-"August;
3315 5625 3408 5707 lde-

2595 5694 2676 5770 ΠΗΞ
2696 5639 3196 5789 ’ἑῗῗδεᾶιῖηέετῖέὲηέ
3226 5686 3408 5771 animo

2941 5691 2970 5726 ,ι
3060 5682 3341 5723 ιιι-διοινμου

2975 5689 3189 5775 fervens
3229 5716 3411 5771 animo
