3870 6466
545 319 648 400 773

1479 328 1570 382 AD
1603 323 1898 382 AGNELLI
1934 317 2390 378 PONTIFICALE
2427 317 2780 374 APPENDIX.
3617 323 3676 382 πθ

543 461 662 512 erat
687 451 742 508 in
767 445 1232 506 Domino.‘Erecta
1259 448 1345 496 est
1365 439 1431 496 de
1453 439 1570 494 loco
1609 437 1729 502 illo,
1757 434 1848 490 ubi
1875 433 2112 502 jacebat,
2143 433 2192 494 Α
2221 429 2484 484 diabolico
2515 430 2706 498 spiritu
2744 429 3031 500 instigetus
3050 469 3064 494 ,
3097 429 3210 484 zelo
3237 429 3426 485 ductus
3449 431 3504 486 de
3525 429 3606 502 ipsa
3625 455 3676 494 sm

541 553 604 600 et
627 543 922 598 adcurrens
945 535 1052 608 [ad
1078 529 1231 602 eum]
1253 543 1378 584 cum
1401 543 1594 598 magno
1617 525 1829 595 gaudio,
1857 523 1926 576 ad
1957 521 2118 591 pedes

543 635 664 704 ejus
705 628 986 701 provoluta
1029 637 1152 679 eum
1197 629 1381 676 tenere
1419 617 1652 704 volebat.
1693 614 1795 682 Qui
1827 613 2004 668 subito
2049 611 2119 704 ab

547 699 723 778 oculis
766 716 882 786 ejus
926 713 1164 770 sublatus
1219 715 1323 774 est,
1372 714 1428 760 et
1475 703 1800 767 sandaliam,
1851 716 2012 771 quam
2063 699 2118 754 in

547 815 772 868 dextero
813 807 946 878 pede
989 803 1286 868 habuerat,
1329 799 1383 852 in
1427 797 1544 865 ejus
1587 795 1835 850 manibus
1879 793 2118 862 reliquit.

549 901 680 968 Quae
717 907 776 954 ut
813 897 941 952 vidit
971 895 1073 949 hoc
1115 889 1452 946 ammirabile
1491 886 1808 958 mysterium
1857 885 2118 953 Augusta,

549 1005 672 1045 cum
715 999 906 1056 magno
933 983 1126 1052 gaudio
1155 980 1374 1034 elevans
1401 993 1609 1042 vocem,
1645 974 1978 1031 conlaudans
2019 973 2124 1028 Do-

549 1077 754 1131 minum
779 1073 961 1129 Jesum
987 1071 1286 1134 Christum,
1323 1068 1414 1138 qui
1445 1067 1678 1122 Sanctus
1707 1064 1846 1137 (sic)
1881 1066 1932 1120 in
1959 1065 2124 1118 mira-

547 1169 745 1224 bilibus
787 1165 958 1220 sancti
989 1163 1071 1218 sui
1101 1161 1328 1231 apostoli
1372 1167 1626 1230 operatus
1662 1167 1763 1212 est.
1800 1156 1952 1211 Unde
1985 1157 2122 1210 miro

552 1254 783 1330 [nimio]
809 1253 1003 1324 gaudio
1051 1251 1286 1322 repletus
1322 1246 1475 1322 [est]
1507 1247 1780 1318 Augustus
1815 1246 1932 1314 ejus
1959 1243 2121 1308 filius,

550 1347 636 1402 vel
663 1345 844 1401 cuncti
881 1343 1182 1406 audientes,
1205 1341 1298 1409 qui
1325 1341 1378 1394 in
1409 1341 1510 1393 hoc
1545 1336 1712 1408 [hac]
1757 1337 1866 1390 Deo
1905 1335 2126 1390 amabili

551 1434 940 1490 Ravennatium
965 1432 1204 1505 mysterii
1233 1429 1426 1502 [Deest
1451 1430 1691 1501 mysterii
1719 1429 1737 1500 ]
1765 1430 1982 1484 civitate
2009 1443 2126 1482 ma-

552 1529 771 1584 nebant.
821 1527 884 1581 Et
929 1535 1051 1596 post
1086 1525 1189 1579 hoc
1217 1531 1616 1578 sacramentum
1654 1523 1894 1593 mysterii
1939 1535 2127 1578 conse-

553 1613 704 1672 crata
728 1623 812 1672 est
851 1617 966 1686 ipsa
1015 1623 1204 1669 sancta
1251 1613 1502 1678 ecclesia,
1548 1613 1616 1666 ad
1655 1611 1868 1668 laudem
1915 1611 2128 1666 Domini

553 1705 722 1760 nostri
757 1703 885 1760 Jesu
910 1703 1134 1768 Christi,
1162 1703 1216 1756 in
1245 1703 1448 1756 honore
1472 1700 1796 1772 [honorem]
1831 1701 2126 1755 beatissimi

553 1795 775 1850 Joannis
802 1793 1167 1863 evangelistm.
1211 1792 1596 1846 Sanctissimus
1617 1807 1746 1846 vero
1777 1790 2130 1845 Barbatianus
2161 1787 2206 1846 B
2237 1793 2292 1840 et
2333 1785 2512 1842 nullus
2539 1787 2758 1857 agnovit
2803 1801 2904 1855 pro
2937 1799 3043 1856 quo
3069 1787 3120 1841 ei
3147 1788 3478 1857 contigisset.
3505 1787 3607 1854 Qui,
3629 1789 3700 1840 dum

554 1885 784 1956 amplius
811 1900 842 1939 a
863 1885 1072 1940 cunctis
1109 1883 1468 1938 venerabatur
1497 1883 1828 1948 hominibus,
1855 1890 1910 1936 et
1933 1891 2130 1936 cuncta

553 1993 676 2046 quin
729 1975 870 2031 facta
915 1975 1129 2030 fuerant
1165 1990 1259 2044 per
1305 1975 1480 2044 ipsum
1525 1973 1889 2029 confessorem
1931 1971 2131 2027 Christi

555 2067 806 2122 omnibus
833 2081 927 2136 per
953 2080 1011 2120 se
1034 2065 1146 2135 ipsa
1177 2064 1418 2134 Augusta
1455 2063 1746 2119 enarrabat
1787 2061 2129 2117 miraculum.

557 2155 660 2221 Qui
705 2155 817 2225 ipse
843 2153 1162 2210 venerabilis
1191 2153 1274 2207 vir
1315 2153 1385 2208 ad
1425 2167 1578 2208 suam
1611 2165 1861 2208 reversus
1902 2161 1986 2207 est
2025 2151 2134 2206 cel-

557 2245 741 2299 lulam.

627 2335 756 2390 Post
783 2350 892 2390 non
917 2335 1140 2389 multum
1171 2341 1403 2403 tempus,
1447 2334 1572 2388 dum
1603 2333 1719 2404 ipse
1755 2333 1851 2388 Dei
1900 2332 2134 2388 famulus

557 2429 612 2482 in
639 2442 736 2482 suo
755 2427 1124 2480 demoraretur
1153 2425 1500 2490 monasterio,
1527 2423 1628 2479 fuit
1657 2427 1904 2496 quaedam
1941 2423 2134 2480 mulier

559 2513 892 2568 nobilissime
933 2516 1073 2568 intra
1104 2516 1242 2568 hanc
1271 2513 1662 2570 Ravennatium
1689 2516 1880 2570 urbem
1917 2513 2135 2570 nomine

561 2605 876 2670 Theodore,
925 2621 1044 2674 quae
1081 2605 1246 2660 nimia
1287 2619 1542 2674 perpessa
1581 2605 1894 2660 infirmitate
1922 2605 2136 2660 devenit

564 2693 692 2766 [per
725 2710 886 2764 quam
925 2696 977 2748 in
1009 2710 1257 2764 magnam
1299 2693 1656 2750 defectionem
1679 2693 1886 2765 venit],
1931 2679 2134 2750 habens

563 2788 840 2858 sanguinis
879 2785 1101 2852 fluxum,
1136 2787 1220 2842 cui
1249 2785 1446 2841 medici
1473 2793 1527 2840 et
1549 2784 1741 2856 singuli
1773 2786 2014 2840 homines
2043 2801 2138 2839 cu-

563 2877 802 2932 rationes
857 2876 1116 2930 facientes
1165 2873 1298 2928 nihil
1335 2874 1385 2930 ei
1439 2873 1508 2928 ad
1547 2874 1872 2944 adjutorium
1923 2873 2150 2928 fuerant.

564 2966 930 3040 [adjutorittm
956 2964 1294 3037 profuerat],
1322 2965 1416 3020 sed
1443 2965 1622 3018 omnia
1650 2964 1700 3020 ei
1729 2963 2004 3019 contraria
2045 2977 2138 3016 ex-

564 3061 804 3124 titerant,
839 3059 892 3113 in
938 3065 1166 3124 tantum,
1209 3065 1267 3112 ut
1309 3057 1532 3110 minime
1575 3071 1634 3110 se
1675 3056 1882 3110 valeret
1923 3071 2138 3111 sursum

563 3147 794 3217 erigere,
825 3145 906 3200 vel
933 3145 1229 3200 ambulare.
1271 3143 1402 3212 Quae
1439 3155 1499 3200 ut
1526 3145 1732 3201 audivit
1764 3146 1828 3204 de
1875 3145 2140 3202 mirabili-
2171 3127 2214 3190 (ἶ
2249 3151 2356 3207 Deo
2383 3127 2661 3207 dederunt.
2691 3150 2772 3206 Ab
2799 3166 2864 3206 eo
2890 3152 3010 3206 dein
3041 3127 3299 3222 [eodem]
3331 3149 3419 3204 die
3453 3147 3634 3216 amplius
3649 3143 3708 3194 ιτξ-

565 3239 666 3292 bus
697 3237 1022 3294 sanctissimi
1052 3237 1152 3292 viri
1175 3237 1504 3303 Barbatiani,
1533 3238 1678 3308 quod
1703 3237 1856 3292 multi
1885 3252 1983 3308 per
2017 3253 2142 3292 eum

569 3329 702 3386 Salvi
733 3327 860 3382 facti
901 3327 1138 3393 fuerant,
1185 3329 1362 3397 posuit
1406 3343 1552 3397 spem
1591 3343 1744 3383 suam
1790 3337 1948 3396 atque
1982 3329 2146 3382 confi-

573 3420 809 3476 dentiam
851 3419 904 3474 in
939 3417 1190 3484 Domino,
1241 3428 1294 3474 et
1321 3420 1396 3472 ait
1431 3419 1571 3474 intra
1607 3436 1680 3484 se,
1731 3419 1870 3486 Quid
1905 3419 2144 3476 faciam?

572 3511 745 3567 Credo
768 3511 1124 3582 omnipotenti
1151 3511 1282 3576 Deo,
1309 3511 1354 3565 si
1377 3511 1560 3566 abiero
1587 3511 1654 3566 ad
1679 3527 1824 3578 eum,
1850 3511 1998 3566 salva
2027 3525 2141 3566 ero.

577 3603 728 3660 Unde
757 3619 884 3658 suos
913 3603 1124 3656 vocavit
1161 3611 1448 3672 parentes,
1491 3611 1550 3656 ut
1576 3603 1642 3656 ad
1679 3603 1900 3673 januem
1945 3602 2148 3658 cellula:

571 3693 886 3749 monasterii
905 3693 964 3746 Β.
987 3692 1294 3748 Barbatiaui
1321 3707 1440 3747 eam
1461 3691 1839 3761 perducerent.
1867 3691 1997 3759 Quae
2019 3693 2146 3748 dum

573 3787 814 3852 abiisset,
863 3796 1050 3841 notum
1081 3785 1282 3840 factum
1318 3793 1400 3840 est
1447 3786 1760 3840 beatissimo
1799 3785 1916 3840 viro
1945 3785 2148 3839 Barba-

575 3879 723 3932 tiano
767 3879 833 3932 de
870 3879 1102 3931 adventu
1151 3875 1392 3930 mulieris
1428 3883 1660 3947 :egrotze,
1697 3885 1752 3930 et
1797 3875 1973 3932 elevat
2009 3874 2150 3947 [ele-

575 3965 750 4038 vans]
783 3981 840 4020 se
869 3967 936 4020 ab
960 3965 1224 4027 oratione,
1277 3979 1506 4032 pergens
1553 3961 1800 4036 [pergit]
1837 3963 1904 4018 ad
1923 3962 2148 4032 januam

577 4059 888 4114 monasterii
921 4073 1044 4113 cum
1073 4057 1283 4112 caneris
1319 4056 1748 4113 deservientibus
1793 4057 1962 4127 ipsius
1989 4071 2151 4111 vene-

578 4149 762 4204 rabilis
789 4147 912 4212 loci,
952 4155 1007 4202 et
1027 4147 1150 4202 dum
1183 4147 1408 4202 intuitus
1433 4161 1552 4202 eam
1583 4145 1793 4212 fuisset,
1847 4147 1982 4202 dans
2024 4161 2148 4201 ore-

580 4243 802 4303 tionem,
849 4239 924 4292 ait
958 4239 1168 4292 mulieri
1206 4257 1218 4291 :
1263 4238 1526 4293 Dominus
1567 4247 1752 4291 noster
1797 4237 1951 4292 Jesus
1997 4235 2152 4290 Chri-

579 4341 717 4395 stus,
753 4331 841 4400 qui
881 4331 1167 4384 sanitatem
1197 4342 1222 4370 ιι
1251 4330 1532 4384 Veronicze
1573 4327 1786 4382 mulieri
1815 4329 2062 4398 praebuit,
2096 4335 2151 4382 et

580 4437 701 4478 eam
731 4437 758 4474 e
781 4421 924 4474 fluxu
966 4421 1244 4490 sanguinis
1272 4419 1540 4482 liberavit,
1571 4418 1624 4472 in
1653 4417 1820 4488 ipsius
1849 4419 2062 4474 nomine
2094 4427 2150 4472 et

581 4513 776 4566 fiducia
823 4511 916 4566 tibi
957 4512 1078 4566 dico
1116 4525 1296 4578 surge,
1343 4517 1396 4564 et
1441 4509 1577 4564 vade
1617 4509 1672 4564 in
1718 4509 1934 4562 domum
1977 4517 2145 4562 tuam.

581 4603 732 4668 Quod
776 4601 901 4656 dum
951 4600 1008 4653 in
1059 4599 1280 4652 auribus
1325 4597 1443 4668 ejus
1493 4598 1750 4654 continuo
1805 4607 2150 4666 personatum

581 4691 792 4754 fuisset,
819 4703 948 4743 sane
973 4687 1160 4743 effecta
1184 4695 1284 4752 est,
1313 4695 1366 4742 et
1389 4689 1520 4742 abiit
1545 4689 1596 4742 in
1629 4687 1847 4742 domum
1887 4703 2038 4742 suam
2066 4703 2152 4742 sa-

581 4781 844 4847 nissima,
906 4789 1160 4850 tanquam
1203 4780 1248 4834 si
1308 4779 1512 4835 nullam
1565 4779 1844 4834 habuisset
1891 4779 2150 4834 malitiam

583 4869 941 4944 [maculam],
971 4877 1028 4925 et
1071 4871 1398 4942 benedicens
1445 4870 1761 4934 Dominum,
1797 4870 1890 4940 qui
1927 4870 2008 4926 sic
2057 4885 2154 4940 per

583 4963 978 5017 sanctissimum
1005 4961 1178 5016 virum
1203 4959 1468 5014 mirabilia
1497 4969 1750 5028 operatus
1775 4968 1877 5015 est.

654 5051 806 5118 Quod
834 5051 1113 5108 audientes
1149 5049 1350 5122 populi,
1383 5063 1632 5118 magnam
1657 5049 2068 5106 admirationem
2097 5049 2152 5104 in

585 5141 682 5198 Dei
711 5141 911 5196 famulo
935 5141 1232 5208 habebant;
1269 5140 1414 5196 unde
1436 5141 1504 5196 ab
1529 5141 1716 5196 eodem
1745 5139 1833 5196 die
1871 5139 2152 5194 Theodore

585 5231 800 5286 assidue
843 5247 965 5286 cum
1002 5231 1362 5287 oblationibus
1387 5231 1654 5297 veniebat,
1691 5232 1985 5286 obsecrans
2026 5231 2154 5286 mis-

585 5335 768 5378 sarum
795 5323 897 5377 sibi
924 5323 1191 5379 celebrare
1231 5321 1561 5394 [celebrari]
1599 5322 1917 5391 solempnia,
1963 5329 2154 5392 petens

587 5415 1014 5470 licuedictionem
1041 5418 1366 5474 sanctissimi
1396 5417 1515 5472 viri.
1547 5417 1615 5472 Et
1641 5417 1767 5472 dum
1795 5415 1910 5485 ipsa
1953 5415 2152 5470 diutius

589 5506 764 5576 ipsum
808 5507 1026 5578 dignum
1056 5522 1190 5577 opus
1232 5507 1529 5577 edimplens
1573 5505 1794 5561 minime
1819 5503 2150 5570 discedebat,

589 5597 674 5651 vir
697 5595 813 5666 ejus
835 5597 1050 5652 nomine
1089 5595 1326 5652 Ursicius
1363 5605 1645 5667 protervus
1681 5603 1842 5664 atque
1865 5595 2148 5665 malignus,

2219 519 2464 592 conjuge.
2497 521 2562 574 Et
2587 519 2716 574 dum
2745 521 3024 576 matutinis
3051 521 3198 576 horis
3218 523 3288 576 ad
3309 523 3560 578 ecclesiam
3573 526 3678 598 [litati

2219 611 2441 668 Joannis
2469 611 2758 683 Baptistae]
2811 619 3078 683 pergeret,
3131 625 3186 667 et
3227 613 3577 682 eleemosynas,
3607 635 3682 687 qius
3725 611 3728 668 θ

2220 702 2290 756 ab
2315 700 2558 770 Augusta
2599 711 2910 772 acceperat,
2941 701 3268 771 pauperibus
3291 713 3544 772 erogaret.
3567 715 3606 759 et
3625 725 3682 762 nam

2221 791 2380 862 longe
2429 807 2460 844 a
2497 791 2734 846 ﬂuminis
2785 799 2950 860 ponte
2997 793 3468 862 appropinquaret,
3507 795 3684 852 ebcelatrs

2223 879 2430 934 adstitit
2443 877 2600 946 juxta
2619 880 2880 948 parietem
2903 881 3094 936 domus
3105 889 3224 950 post
3235 881 3522 935 columnam
3535 899 3684 942 saxeam.

2223 977 2284 1024 ut
2301 979 2544 1024 sanctum
2573 971 2746 1025 virum
2779 979 3146 1026 transeuntem
3169 972 3450 1042 cvaginato
3469 971 3604 1042 gladio
3619 993 3688 1044 prr-

2223 1067 2450 1114 cuteret.
2497 1059 2600 1126 Qui
2640 1069 2822 1114 erecto
2861 1061 3103 1126 brachio,
3143 1077 3245 1116 nec
3281 1073 3542 1132 percutere
3575 1066 3688 1132 valuit,

2223 1163 2325 1203 nec
2349 1150 2637 1219 deponere,
2665 1151 2757 1220 sed
2787 1149 3024 1204 arefacto
3062 1151 3306 1214 brachio,
3343 1159 3398 1206 et
3427 1169 3600 1208 manum

2225 1240 2348 1294 dem
2379 1241 2675 1306 detinebat,
2719 1249 2776 1295 et
2805 1257 2956 1296 mens
2991 1229 3132 1296 illius
3159 1251 3368 1297 mutata
3409 1253 3502 1298 est.
3527 1245 3602 1310 Qui
3621 1249 3692 1300 hu-
3725 1259 3732 1276 -‘

2227 1329 2466 1386 tissimus
2517 1331 2600 1384 vir
2647 1331 2964 1400 pertransiit
3017 1333 3318 1402 edimplens
3373 1349 3486 1402 quae
3530 1349 3690 1404 ceperat

2229 1420 2380 1475 Mane
2393 1437 2522 1476 vero
2537 1421 2711 1491 primo
2726 1421 2958 1476 diluculo
2981 1423 3256 1478 venientes
3279 1423 3456 1493 populi
3479 1425 3694 1478 invenerunt

2227 1513 2562 1582 pertinacem
2603 1512 2750 1566 illum
2777 1513 2974 1578 virum,
3021 1521 3280 1584 tanquam
3325 1523 3540 1578 mutum,
3571 1515 3694 1568 ethu-

2229 1604 2410 1658 chium
2443 1601 2564 1673 ejus
2591 1603 2818 1673 rigidum
2845 1611 3134 1670 tenentem,
3161 1604 3294 1659 etin
3325 1619 3478 1657 manu
3503 1619 3578 1657 sua
3593 1613 3698 1658 tenes

2233 1701 2336 1748 tem
2361 1693 2381 1766 [
2403 1693 2724 1764 habentem]
2753 1694 3007 1763 gladium.
3035 1693 3372 1750 Mirabentur
3401 1703 3558 1748 tamen
3571 1709 3698 1752 omne.

2235 1879 2368 1934 hora
2399 1879 2502 1933 diei
2543 1879 2696 1933 tertia
2717 1878 2828 1946 jam
2849 1881 3191 1948 praeterisset.
3229 1888 3284 1933 et
3307 1881 3376 1934 ad
3409 1878 3636 1934 ecclesiam
3659 1892 3704 1931 re

2233 1975 2574 2022 verterentur
2597 2007 2612 2032 ,
2657 1967 3084 2040 [reverteretur]
3127 1967 3330 2022 Christi
3399 1967 3487 2022 Dei
3529 1967 3702 2024 famulas,
3769 1967 3771 2022 Ι

2233 2059 2360 2120 dum
2377 2061 2480 2114 hoc
2493 2061 2692 2114 factum
2715 2061 3072 2130 cognovisset,
3091 2061 3317 2116 elevatis
3333 2061 3496 2116 oculis
3513 2062 3704 2114 sursuai

2233 2151 2431 2206 caelum
2477 2167 2600 2206 cum
2647 2151 2903 2222 lacrymis
2935 2153 3214 2222 ingemuit,
3245 2163 3302 2207 et
3331 2153 3462 2208 dans
3485 2153 3703 2212 orationem,

2233 2244 2416 2298 statim
2463 2244 2518 2298 in
2561 2259 2619 2298 se
2667 2259 2914 2300 reversus
2959 2253 3080 2310 cst,
3121 2253 3176 2302 et
3203 2245 3390 2317 lingua
3429 2245 3620 2300 resoluta
3649 2257 3706 2298 es.
3771 2244 3773 2266 ⁵

2233 2337 2524 2405 statimque
2559 2336 2755 2391 cecidit
2799 2338 2865 2392 ad
2908 2339 3072 2407 pedes
3111 2337 3442 2392 sanctissimi
3477 2335 3562 2391 viri
3588 2335 3706 2389 Battu-

2237 2427 2392 2491 tiani,
2447 2428 2741 2496 deposcens
2771 2437 2832 2482 ut
2867 2429 2918 2483 ei
2960 2429 3062 2484 hcc
3101 2437 3384 2498 peccatum
3433 2428 3706 2482 dimitteretur.

2236 2517 2334 2574 Cui
2377 2527 2597 2572 sanctus
2641 2519 2724 2572 vir
2782 2519 2914 2574 dans
2959 2519 3418 2582 benedictionem,
3465 2515 3646 2586 permit
3675 2513 3708 2566 s-I
3773 2517 3775 2520 '

2237 2621 2388 2662 suam
2426 2607 2691 2662 cellulam.
2733 2607 2834 2674 Qui
2865 2609 2978 2677 ipse
3007 2608 3248 2664 Ursicius
3283 2607 3462 2662 omnia
3493 2605 3706 2660 innotaiti:

2236 2698 2434 2768 populo
2463 2699 2529 2752 de
2569 2697 2710 2754 malo
2755 2700 2896 2769 quod
2939 2707 3200 2770 gesserat,
3241 2707 3297 2753 et
3327 2705 3538 2753 ctmctus
3571 2695 3708 2765 pluuias

2241 2789 2498 2844 reddebat
2521 2789 2632 2844 Deo
2659 2789 2893 2854 laudem,
2925 2790 3015 2859 qui
3041 2789 3119 2844 sic
3145 2790 3197 2842 in
3223 2805 3388 2844 servo
3425 2788 3510 2841 Dei
3545 2791 3706 2854 ορεῖειιτις

2239 2887 2322 2935 est
2353 2877 2636 2934 mirabilia.
2677 2878 2830 2934 Unde
2875 2880 3104 2934 recurrit
3143 2879 3246 2933 hoc
3277 2877 3524 2933 nuncium
3559 2875 3598 2928 in
3629 2873 3710 2942 pali-

2243 2971 2398 3034 tium,
2448 2969 2765 3024 nunciatum
2811 2977 2894 3023 est
2941 2967 3106 3024 Gallae
3141 2967 3394 3022 Placidize
3435 2966 3708 3034 Auguste»!

2247 3059 2354 3114 filio
2383 3057 2498 3128 ejus
2533 3058 2910 3114 Valentiniano
2955 3058 3218 3128 Augusto,
3269 3058 3366 3125 qui
3401 3065 3453 3110 et
3481 3055 3562 3123 ipsi
3595 3051 3711 3121 gratia

2245 3242 2408 3297 lulam
2441 3242 2524 3297 sui
2555 3241 2866 3296 monasterii
2915 3242 3136 3296 minime
3179 3249 3260 3294 est
3311 3255 3560 3312 egressus,
3593 3235 3654 3289 sed
3683 3231 3710 3282 in

2245 3347 2343 3388 suo
2373 3341 2562 3388 sancto
2591 3333 2704 3402 ipso
2743 3333 3071 3388 monasterio
3111 3332 3492 3386 demorabatur
3531 3327 3710 3400 [deicere

2245 3421 2367 3493 tus]
2401 3421 2596 3493 vigiliis
2645 3429 2699 3476 et
2744 3421 3080 3476 orationibus
3121 3421 3350 3476 Domino
3389 3421 3568 3474 referre
3593 3415 3712 3485 gratia
3781 3415 3783 3482 ξ

2247 3514 2468 3570 minime
2515 3513 2780 3576 cessabat,
2833 3521 2890 3568 et
2931 3513 3104 3577 multi,
3152 3513 3242 3582 qui
3289 3511 3398 3586 [ad
3433 3503 3710 3580 conﬂatur!!-

2245 3603 2550 3668 veniebant,
2604 3602 2872 3658 beneficia
2921 3602 3274 3670 sanitatisque
3327 3599 3543 3671 gratiam
3579 3595 3712 3658 recipis

2247 3697 2401 3752 bant.
2438 3695 2557 3764 Quo
2587 3703 2826 3766 tempore
2853 3695 3074 3764 cupiens
3092 3694 3335 3762 Augusta
3367 3691 3548 3746 habere
3567 3684 3644 3752 eius
3663 3683 3710 3734 lc

2249 3789 2630 3852 nedictionem,
2659 3786 2898 3856 quotidie
2925 3785 3094 3856 ipsius
3119 3783 3222 3838 viri
3251 3779 3630 3838 sanctificatione
3649 3787 3714 3842 [ur-

2249 3877 2507 3948 ticipabat
2535 3875 2982 3932 benedictionem.

2319 3969 2387 4023 Et
2411 3968 2536 4022 dum
2577 3967 2804 4022 ecclesia
2843 3966 2902 4020 Β.
2953 3963 3210 4036 Stephani
3265 3963 3428 4034 primi
3471 3956 3660 4028 martyris
3687 3953 3712 4002 in

2251 4061 2518 4116 moenibus
2559 4069 2682 4130 post
2725 4073 2908 4114 muros
2949 4057 3180 4114 civitatis
3221 4057 3564 4112 Ariminensis
3589 4051 3714 4114 ships:

2249 4150 2489 4221 Augusta
2535 4155 2956 4213 construeretur,
2999 4157 3053 4202 et
3077 4149 3190 4218 ipsa
3225 4147 3338 4203 illic
3367 4149 3434 4202 ad
3476 4141 3714 4214 supplendum

2251 4257 2370 4297 eam
2401 4257 2520 4296 cum
2549 4257 2648 4296 suo
2689 4239 2802 4296 filio
2839 4240 3079 4308 Augusto
3107 4240 3498 4302 demoraretur,
3539 4231 3714 4290 sanctiss-

2253 4350 2374 4389 mus
2417 4333 2500 4388 vir
2525 4340 2580 4388 et
2619 4329 2896 4386 confessor
2937 4329 3136 4385 Christi
3185 4331 3466 4384 nocturnis
3501 4325 3617 4380 horis
3647 4319 3714 4372 dum

2251 4426 2580 4496 evigilasset,
2613 4425 2666 4479 in
2699 4424 2827 4494 ipsis
2859 4423 3058 4496 vigiliis
3087 4421 3396 4478 infirmatus
3435 4431 3525 4476 est.
3561 4417 3632 4484 Qui
3661 4415 3716 4464 [lc—

2257 4515 2386 4569 miui
2418 4515 2511 4570 Dei
2541 4514 2921 4583 omnipotentis
2941 4513 3094 4583 jussu
3137 4527 3260 4566 cum
3292 4511 3419 4568 finis
3445 4512 3550 4564 vita:
3571 4507 3716 4575 eiusei"

2257 4605 2642 4674 propinquaret
2663 4599 2862 4675 [quum
2895 4601 3053 4656 finem
3073 4599 3190 4669 ejus
3215 4601 3610 4672 appropinquare
3629 4589 3712 4642 vidc-

2259 4695 2370 4768 ret]
2398 4737 2413 4761 ,
2457 4696 2751 4750 nunciatur
2790 4693 3131 4748 sanctissimo
3183 4692 3328 4748 Patri
3379 4689 3602 4748 Librifico
3625 4683 3712 4736 Petra:

2259 4786 2557 4842 Ravennati
2588 4784 2859 4854 episcopo,
2904 4785 3030 4838 dum
3067 4793 3210 4839 esset
3239 4783 3352 4853 ipse
3399 4783 3454 4836 in
3491 4779 3584 4834 suis
3601 4771 3716 4842 vigilia

3773 2307 3776 2510 Ι

3775 2765 3780 2990 Ι

3777 2995 3782 3194 Ι

3779 3223 3784 3440 Ι

2257 4876 2400 4930 intra
2435 4881 2676 4929 sanctam
2723 4873 3040 4936 ecclesiam,
3083 4871 3224 4943 quod
3271 4872 3414 4926 idem
3455 4863 3716 4926 sanctissimis

2257 4965 2532 5020 confessor
2577 4963 2775 5019 Christi
2818 4963 3172 5018 Barbatianus
3209 4963 3460 5034 migravit
3491 4945 3714 5034 [migraret

2259 5056 2324 5110 ad
2349 5055 2648 5110 Dominum.
2675 5053 2776 5122 Qui
2805 5055 2904 5108 sub
2929 5053 3074 5108 omni
3103 5053 3380 5106 celeritate
3403 5052 3535 5106 misit
3555 5041 3713 5100 nuncium

2257 5147 2326 5202 ad
2351 5145 2646 5218 Augustum
2671 5143 2692 5216 [
2713 5141 3043 5216 Augustam]
3077 5151 3138 5198 ut
3161 5143 3210 5198 ei
3237 5143 3491 5198 indicaret
3525 5139 3642 5191 linem
3661 5127 3714 5180 ai.

2259 5235 2388 5302 Quae
2417 5235 2529 5305 ipsa
2573 5233 2808 5304 Augusta
2839 5249 2961 5288 cum
3003 5233 3114 5289 filio
3141 5247 3240 5288 suo
3278 5231 3574 5301 quantocius
3603 5229 3716 5292 limi!“

2257 5333 2440 5382 rantes
2463 5333 2745 5391 venerunt,
2773 5335 2828 5380 et
2869 5327 3200 5380 introeuntes
3229 5325 3472 5380 cellulam
3495 5323 3540 5376 in
3561 5329 3636 5386 qua
3653 5312 3715 5378 ίβθ

2259 5418 2352 5472 Dei
2380 5415 2626 5482 famulus,
2651 5427 2708 5471 et
2745 5417 3024 5472 confessor
3063 5415 3263 5471 Christi
3287 5413 3513 5482 jacebat.
3537 5407 3714 5476 Ipse'm

2258 5519 2476 5564 sanctus
2503 5509 2586 5562 vir
2631 5508 2756 5562 dum
2799 5509 3024 5562 intuitus
3065 5521 3158 5563 eos
3203 5505 3414 5570 fuisset,
3457 5505 3572 5558 dans
3595 5489 3714 5549 omit-F

2255 5613 2400 5664 nem,
2431 5607 2485 5653 et
2511 5597 2934 5654 benedictionem
2967 5611 3066 5668 pro
3109 5597 3188 5651 eis
3223 5603 3276 5650 et
3309 5609 3410 5665 pro
3433 5587 3714 5649 omnibustrt‘

579 5763 592 5790 ι
664 5721 690 5750 ι
721 5707 846 5782 Haec
869 5707 1156 5780 antiquior,
1177 5723 1336 5778 quam
1375 5709 1619 5781 viderim,
1649 5709 1922 5766 Vcronicaa
1949 5707 2462 5786 mentio‘matronte.
2491 5707 2686 5763 Baccn.
