1935 3226
47 211 97 241 777

481 208 663 237 ANALECTA
682 207 726 236 DE
745 206 917 236 EPISCOPIS
934 205 1207 234 RAVENNATIBUS.

1603 209 1655 238 778

44 267 165 297 dentibus
174 265 201 293 in
211 265 331 298 Domino,
345 268 375 292 ut
386 267 522 300 potuerat,
535 269 662 299 tanquam
675 268 820 293 eructuans
832 267 858 296 Α
871 267 931 291 rant
955 260 1117 299 [voverant]
1132 270 1193 291 esse
1207 262 1408 299 adimpletum,
1424 264 1458 292 ad
1477 263 1582 293 laudem
1604 265 1657 295 Do-

41 321 89 349 per
101 317 157 339 tres
169 311 250 343 vices,
264 310 389 346 migravit
402 310 434 338 ad
450 310 602 338 Dominum.
619 310 668 343 Qui
683 310 821 338 sanctissi-

42 364 99 384 mus
120 355 201 382 Pater
221 354 317 382 Petrus
337 354 478 389 episcopus
503 354 567 381 lavit
586 361 683 389 corpus
706 354 773 389 ejus,
793 357 822 381 et

41 400 156 429 condivit
170 399 334 427 aromatibus
353 398 583 426 inatstimabilibus
596 406 657 425 eum
671 397 743 425 omni
759 397 820 424 dili-

40 446 136 480 gentia,
156 445 224 473 sicut
249 451 308 472 mos
331 444 480 479 antiquitus
502 444 588 471 sancti
615 443 819 475 condiebantur,

41 499 90 518 una
102 497 164 518 cum
173 489 249 517 Galla
266 488 383 516 Placidia
397 488 527 523 Augusta,
542 493 571 516 et
582 488 636 515 ﬁlio
650 487 707 521 ejus
721 487 820 515 Valen—

40 536 138 563 tiniano
146 537 277 570 Augusto.
291 534 342 567 Qui
356 535 383 561 in
394 534 494 568 optimo
511 533 571 560 loco
585 533 747 568 sepelierunt
758 539 820 559 eum

40 580 65 607 in
78 583 252 607 monumento
266 585 345 610 novo,
360 578 432 612 quod
450 577 558 605 noviter'
577 577 605 604 in
620 584 686 605 saxo
704 584 820 604 marmo-

39 623 204 652 reomiriilce
219 623 301 651 incidi
319 627 493 658 praeceperat,
513 622 591 656 juxta
610 622 736 650 altarium
754 622 820 649 bea-

39 669 129 697 tissimi
151 669 278 703 Baptista:
300 668 419 695 Joannis.
441 667 609 702 Sepelierunt
626 675 687 695 eum
711 668 762 695 sub
777 667 821 695 die

38 713 151 740 secundo
165 712 344 739 Kalendarum
361 711 561 744 Januariarum,
585 712 631 739 ubi
654 711 729 738 multi
744 711 820 738 nobi-

38 758 74 784 les
84 761 113 784 et
131 756 264 791 ignobiles
276 756 459 789 advenerunt,
472 761 499 783 et
513 756 590 783 multi
604 756 695 791 aegroti
717 756 819 783 sanita-

39 807 88 828 tem
100 808 149 836 pro
161 801 221 835 ejus
241 800 326 828 sacris
346 801 472 835 precibus
486 801 575 836 adepti
590 805 661 829 sunt.
683 801 742 836 Ipsa
755 808 819 829 vero

39 846 83 873 Dei
102 845 203 872 famula
217 845 293 873 Galla
315 845 433 873 Placidia
454 846 585 880 Augusta,
603 854 657 874 una
678 854 740 875 eum
764 847 819 874 lilio

38 897 84 917 suo
99 889 221 924 Augusto
238 890 340 924 egressi
356 889 496 926 [reversi]
518 895 581 918 sunt
595 891 628 920 ad
650 898 717 925 opus
731 891 818 919 eccle-

36 935 81 962 sia:
96 938 195 963 sanctae
219 935 435 970 Derstruendum,
459 936 532 972 quod
552 944 581 964 se
599 936 712 965 Domino
736 933 819 965 nove-
834 940 859 970 B

871 309 936 336 mini
950 308 1035 336 nostri
1048 308 1112 336 Jesu
1131 308 1242 341 Christi,
1256 309 1303 344 qui
1320 316 1382 337 cum
1396 309 1451 337 Deo
1464 309 1545 338 Patre
1558 314 1656 346 regnat

871 355 898 382 in
911 353 988 382 caelis
1001 354 1028 381 in
1039 355 1143 382 unitate
1157 354 1274 389 Spiritus
1287 355 1374 382 sancti
1385 354 1475 389 modo,
1494 359 1522 383 et
1536 363 1654 390 semper,

870 404 898 428 et
910 407 961 435 per
972 399 1063 427 omnia
1076 399 1173 427 saecula
1186 399 1354 428 saeculorum.
1369 400 1466 428 Amen.

1183 457 1344 478 ΔΒΝΟΤΔΤΙΟ.

904 494 1025 523 Celebris
1038 499 1080 522 est
1093 494 1164 529 apud
1185 493 1356 522 Ravennates
1368 494 1497 522 memoria
1510 501 1655 523 consecra-

871 530 951 557 tionis
964 529 1085 557 ecclesiaz
1098 528 1126 556 Ξ.
1140 528 1251 564 Joannis
1264 530 1443 564 evangelista.
1455 534 1657 564 quatrnarratur

870 565 897 592 in
913 565 965 592 hac
985 564 1014 591 S.
1030 564 1185 592 Barbatiani
1197 563 1268 591 Vita.
1289 563 1353 598 Ejus
1373 564 1411 591 rei
1432 563 1545 591 historia
1567 568 1658 591 exstat

870 600 958 627 adhuc
968 607 1096 634 expressa
1111 599 1143 634 ini
1156 605 1292 634 marmore
1304 606 1385 634 opere
1394 598 1562 634 anaglyptico
1575 606 1658 633 supra

869 639 975 669 portam
990 632 1120 669 majorem
1135 633 1231 661 frontis
1243 633 1363 669 ejusdem
1377 632 1504 661 basilicai.
1518 632 1656 669 lleveren-

870 668 997 696 dissimus
1009 668 1040 696 P.
1056 669 1227 700 Thomasius,
1250 676 1329 702 quem
1344 668 1388 696 hic
1399 675 1461 694 cum
1476 668 1550 694 omni
1573 668 1657 695 hono-

870 704 908 731 ris
920 704 1051 738 obsequio
1062 703 1098 739 ob
1117 704 1243 739 pietatem
1255 710 1288 730 ac
1302 710 1405 739 sacram
1418 703 1446 739 in
1459 702 1554 739 primis
1566 703 1658 739 erudi-

870 739 979 769 tionem,
995 737 1030 765 ’et
1042 746 1075 766 eo
1088 737 1168 766 in'me
1181 738 1277 766 collata
1299 737 1398 765 amoris
1412 738 1498 772 signa,
1520 737 1657 764 laudatum

869 774 939 807 volo,
963 773 1034 801 dono
1058 773 1251 801 humanissime
1264 772 1338 800 dedit
1352 772 1410 807 ejus
1428 771 1517 807 operis
1537 771 1657 807 delinea-

870 805 983 841 tionem,
999 816 1081 843 quam
1103 809 1147 835 hic
1163 816 1216 836 aere
1232 808 1344 843 incisam
1356 805 1459 843 duabus
1474 806 1572 843 tabulis
1588 805 1658 841 adji-

870 850 931 871 cere
949 841 1045 879 placét.
1069 843 1208 879 Porrorex
1223 842 1319 879 duplici
1332 841 1454 879 _alterius
1476 841 1573 869 tabula
1591 845 1659 879 typo

869 876 957 906 eideui
980 878 1216 906 Reverendissimo
1237 876 1310 905 Patri
1332 876 1459 904 Ravenna
1485 876 1657 909 transmisso,

871 914 1020 977 ἰξοιὲηᾱυιιι
1041 914 1236 941 accuratiorem
1259 913 1373 949 seligere
1395 911 1496 947 placuit
1518 911 1562 939 hic
1582 912 1659 939 exhi-

906 956 923 976 n
944 956 999 976 um.

906 956 999 976 unum.

658 1319 691 1413 -
756 1208 939 1387 eis

399 1422 476 1531 ἐξ
670 1408 734 1502 έξὲ
847 1405 959 1527 (ἓξ

1041 1614 1063 1644 ,

174 1622 350 1764 ξθκὲέ

1461 1737 1507 1855 '
1518 1729 1599 1878 ’

800 2114 859 2167 ag?
1039 2070 1043 2073 ⁵

235 2950 372 2982 Pauor.
396 2950 476 2982 CVI.
