4048 6452
170 328 290 387 789

1080 324 1438 383 ANALECTA
1481 327 1570 382 DE
1606 323 1949 382 EPISCOPIS
1985 327 2532 389 RAVENNATIBUS.

3316 344 3423 403 790

167 436 385 493 ctenda
415 431 501 489 vel
543 431 632 488 ad°
653 433 835 489 sedem
874 432 1063 523 venire
1095 435 1278 490 vultis.
1324 434 1469 502 Quas
1511 434 1762 488 nimirum
1788 440 1836 500 Α
1865 450 2006 500 seos,
2034 437 2237 507 absque
2262 448 2442 495 vestra
2473 438 2745 498 voluntate
2783 457 2815 499 a
2852 451 3031 503 vestra
3055 448 3332 523 disciplina
3373 465 3430 513 et

167 525 632 598 querulasvoces
675 535 730 578 et
769 510 1035 579 inauditas
1069 526 1393 580 a53ertiones
1434 524 1770 580 reverendis-

165 617 307 672 simi
334 616 597 688 episcopi,
610 613 780 685 qui‘in
798 614 987 669 eodem
1008 606 1315 669 residebant
1340 621 1526 668 sancto
1542 612 1771 669 concilio

169 708 477 762 audientes
499 746 514 771 ,
556 710 745 761 'omnes
773 704 979 773 pariter
1022 703 1391 760 clamaverunt
1422 702 1539 757 haec
1577 710 1772 772 prteter

168 800 430 853 canones
461 794 599 860 ﬁeri,
642 800 698 850 et
741 800 811 850 ut
847 794 899 849 tn
943 790 1261 864 perpetuum
1298 792 1772 864 ‘prohibnissemns

170 886 539 956 praesulatum
562 895 808 941 nostrum
831 880 1098 954 supplices
1119 878 1412 954 postulare.
1436 878 1773 953 Qnaprdpter

170 988 293 1032 tam
320 977 630 1049 perniciosa
656 976 988 1046 gravamina,
1018 983 1074 1030 et
1116 984 1229 1030 tam
1256 966 1411 1028 mala"
1442 966 1771 1028 consuetudo

169 1065 231 1119 in
263 1064 513 1120 Ecclesia
551 1063 646 1120 Dei
685 1064 967 1134 tyrannice
995 1077 1119 1118 cum
1155 1062 1501 1132 pullulasset,
1532 1061 1783 1117 dolentes-

174 1154 433 1208 maxime
456 1169 579 1208 cum
608 1162 796 1209 contra
824 1166 1021 1208 omnes.
1039 1160 1349 1206 sanctorum
1372 1151 1593 1205 Patrum
1622 1165 1773 1221 regu-

170 1243 389 1310 las,‘et
431 1251 619 1300 contra
656 1256 869 1297 omnem
910 1241 1274 1297 Beclesiarum
1305 1240 1400 1295 Dei
1442 1254 1681 1305 morem,
1715 1240 1770 1293 in

170 1334 303 1390 sola
335 1333 653 1388 Ravennate
686 1331 968 1403 metropoli
994 1346 1025 1385 a
1053 1330 1529 1400 prtusumptoribus
1560 1328 1669 1383 sint
1694 1336 1771 1383 te-

173 1440 340 1480 mere
368 1431 647 1492 usurpata,
672 1437 740 1478 ne
765 1422 886 1478 aliis
912 1421 1336 1491 metmpolitanis
1358 1419 1622 1489 episcopis
1641 1417 1770 1473 talia

172 1515 549 1584 praesumendi
571 1508 786 1569 occasio
814 1508 1116 1568 remaneret
1134 1552 1150 1578 ,
1178 1519 1234 1566 et
1263 1510 1517 1567 Ecclesiae
1544 1510 1640 1565 Dei
1679 1509 1769 1565 tali

174 1604 541 1660 lnﬁcerentur
571 1602 819 1676 exemplo
845 1621 860 1671 ;
896 1602 1189 1659 statuimus
1211 1618 1316 1657 una
1340 1617 1463 1658 cum
1483 1601 1631 1657 omni
1650 1616 1772 1656 san-

173 1701 273 1747 eto
303 1694 538 1749 concilio
573 1694 676 1749 hoc
702 1694 855 1749 vobis
882 1701 939 1748 et
962 1692 1171 1748 vestris
1198 1692 1628 1757 Successoribus,
1661 1690 1771 1745 imo

1867 522 2197 614 subiectione
2224 527 2563 583 subtrahere.
2604 527 2712 585 Sed
2750 545 2924 602 neque
2948 522 3224 606 ecclesias,
3255 558 3431 614 neque

1867 612 2066 682 plebes,
2079 627 2254 683 neque
2263 614 2467 680 titulos,
2483 630 2585 671 nec
2606 619 2932 675 monasteria
2956 623 3230 695 episcopio
3251 612 3433 687 vestro

1866 703 2192 773 pertinentia
2212 720 2243 759 a
2277 713 2454 761 vestro
2482 705 2758 777 regimine,
2787 715 2843 763 et
2870 708 3090 778 ditione,
3117 728 3182 770 ac
3209 718 3430 776 ordina-

1870 792 2036 858 tione,
2061 793 2142 849 eis
2167 792 2373 850 licitum
2405 795 2475 849 sit
2503 795 2735 852 auferre.
2788 796 3063 868 Siquidem
3107 806 3260 864 vobis
3304 802 3435 866 'ves-

1871 881 2075 952 trisque
2101 870 2506 938 successoribus
2540 876 2807 956 episcopis
2831 902 3051 946 manere
3070 887 3457 966 Matinium,

1870 979 1980 1026 tam
2008 971 2223 1040 quidem
2256 971 2483 1027 clericos
2505 1012 2521 1036 ,
2548 977 2917 1042 quam'omnia
2943 977 3203 1036 Ecclesia;
3239 994 3449 1042 vestrar-

1870 1059 2084 1129 regcndi
2110 1098 2126 1124 ,
2171 1054 2381 1113 fruendi
2400 1064 2487 1112 1ac!
2514 1060 2805 1117 ordinandi
2838 1063 3129 1122 licentiam.
3157 1062 3438 1143 Archiepi-

1870 1161 2034 1218 scopo
2060 1162 2195 1202 vero
2216 1146 2515 1202 Ravennati
2541 1148 2743 1205 nullam
2758 1198 2763 1205 .
2780 1150 3257 1213 volumusfhabere
3276 1174 3445 1232 super—

1870 1251 1973 1291 vos
1988 1235 2358 1302 valitudinem,
2389 1237 2472 1292 vel
2502 1237 2811 1295 facultatem
2837 1283 2854 1307 ,
2886 1252 3082 1313 praeter
3107 1261 3268 1317 quam
3297 1250 3437 1306 sacri

1870 1339 2103 1379 canones
2127 1325 2458 1396 praecipiunt.
2491 1324 2632 1382 Sane
2665 1328 2710 1382 si
2739 1327 2795 1383 in
2833 1329 3013 1401 aliquo
3050 1340 3292 1407 tempore
3314 1338 3436 1408 qui-

1868 1411 2002 1467 libet
2030 1411 2312 1468 Ravennas
2348 1414 2784 1487 archiepiscopus
2807 1428 3438 1496 praenotata’gravamina

1871 1519 2031 1574 super
2052 1520 2147 1561 vos
2167 1516 2449 1573 renovare,
2469 1507 2555 1562 vel
2576 1516 2840 1566 reducere
2863 1517 3139 1587 temptans
3164 1531 3263 1587 per
3281 1516 3441 1589 longa

1863 1592 1976 1661 jam
2008 1602 2248 1664 tempora
2280 1635 2296 1660 ,
2344 1595 2461 1651 haec
2504 1611 2603 1652 vos
2641 1598 2868 1656 solvisse
2909 1599 3185 1661 afﬁrmans
3213 1608 3440 1662 conatus

1836 1747 1852 1767 θ
1871 1685 2052 1751 fuerit,
2066 1686 2238 1742 ettale
2258 1686 2348 1756 jus
2370 1687 2424 1769 in
2448 1680 2544 1744 vos
2562 1684 2812 1769 habuisse
2830 1690 3203 1752 Ravennatem
3224 1696 3408 1753 arcbie
3421 1726 3441 1740 -
3519 1675 3523 1679 ’

173 1800 208 1837 a
241 1783 450 1838 vestris
475 1784 675 1838 sanctis
703 1783 961 1838 Ecelesiis
983 1782 1197 1851 penitus
1220 1781 1594 1836 resecandum.
1618 1778 1770 1834 Unde
1798 1762 1849 1830 Β
1870 1778 2149 1849 piscopum
2177 1788 2313 1835 ante.
2329 1762 2496 1835 multa
2527 1762 2768 1852 tempora
2792 1784 3023 1854 probare
3066 1787 3220 1855 nisus
3237 1789 3443 1845 extite-

174 1890 374 1943 coram
400 1872 587 1929 eodem
614 1866 907 1930 reverendo
934 1864 1179 1938 concilio,
1211 1873 1313 1943 ipsi
1337 1872 1532 1928 ioanni
1559 1868 1787 1927 archie-'

175 1966 429 2036 piScopo,
463 1975 518 2019 ct
544 1950 1350 2037 omnibus.su'is'successoribus
1373 1948 1765 2045 interdiximtrs,

175 2065 236 2109 et
264 2055 336 2110 de
365 2070 685 2126 unaquaque
720 2055 1137 2127 praesumptione
1164 2056 1534 2126 pronunciatis
1558 2048 1769 2125 capitu-

178 2143 272 2209 lis,
304 2145 767 2216 promulgatis'que
794 2144 1092 2208 sententiis,
1119 2144 1412 2214 apostolica
1450 2145 1774 2199 auctoritate

176 2247 557 2304 praecipimus,
589 2235 836 2291 videlicet
877 2244 938 2289 ut
985 2234 1090 2290 tale
1132 2235 1260 2305 quid
1298 2234 1526 2290 ulterius
1569 2248 1770 2303 nequa-

179 2340 356 2396 quam
368 2341 471 2382 nec
493 2326 627 2397 ipse,
643 2341 741 2383 nec
760 2325 875 2398 ejus
887 2340 1229 2385 successores
1246 2341 1405 2399 agere
1423 2334 1783 2397 praesumant,

180 2428 312 2483 qua:
347 2414 554 2470 scilicet
584 2416 818 2486 capitula
853 2417 993 2486 apud
1025 2430 1123 2470 nos
1160 2416 1472 2485 retinentes,
1501 2415 1771 2484 exempla-

186 2505 272 2558 ria
319 2519 509 2559 eorum
545 2504 697 2560 vobis
734 2520 833 2576 pro
877 2504 1073 2561 futuris
1122 2496 1447 2575 temporibus
1480 2496 1770 2559 retinenda

187 2593 591 2651 mandavimus.
638 2595 745 2652 Sed
787 2597 1038 2666 quoniam
1077 2594 1389 2651 fraternitas
1424 2604 1605 2650 vestra
1645 2609 1771 2664 apo-

181 2685 443 2739 stolatum
473 2676 715 2742 nostrum
739 2701 841 2757 pro
864 2686 1050 2741 futura
1072 2685 1302 2752 cautela,
1332 2694 1387 2742 et
1412 2694 1633 2757 propter
1658 2700 1772 2740 om-

183 2777 468 2831 nimodam
491 2779 834 2833 securitatem
865 2792 1042 2854 suam,
1077 2786 1405 2854 princeptum
1435 2775 1771 2854 auctoritatis

188 2873 396 2922 nostrae
445 2857 599 2923 vobis
654 2850 967 2937 specialiter
1011 2852 1316 2938 vestrisque
1367 2850 1771 2922 successoribus

182 2955 481 3033 episcopis
512 2957 566 3011 in
614 2950 933 3031 perpetuum
980 2944 1299 3013 mittendum
1349 2955 1543 3011 obnixe
1599 2969 1768 3026 popo-

180 3042 324 3109 scit;
365 3044 602 3100 iuclinati
626 3034 901 3114 precibus
936 3042 1135 3103 vestris
1178 3061 1278 3116 per
1316 3032 1765 3117 hujus‘praecepti

179 3131 399 3187 seriem
420 3124 764 3203 praecipimus
795 3149 1051 3206 expresse
1077 3177 1093 3203 ,
1119 3135 1371 3205 iubemus
1406 3130 1569 3207 atque
1616 3136 1765 3191 omni

182 3222 543 3307 interditione
567 3226 933 3307 prohibemus,
965 3235 1027 3284 ut
1043 3228 1222 3307 nullus
1240 3227 1510 3293 ammodo,
1541 3235 1596 3283 et
1615 3212 1769 3284 dein;

177 3328 322 3382 ceps
370 3300 807 3388 archiepiscopus
854 3300 1148 3375 Ravennae"
1170 3319 1239 3373 ad
1281 3310 1464 3374 vestra
1492 3318 1767 3389 episcopia

180 3403 313 3458 sine
340 3404 616 3463 voluntate
654 3396 833 3463 v'cstra
863 3410 1120 3465 accedere
1155 3418 1400 3480 temptet,
1419 3408 1506 3465 vel
1532 3409 1767 3479 aliquam

181 3495 481 3564 pecuniam
508 3512 539 3551 a
562 3498 716 3554 vobis
740 3499 976 3570 exigere,
1010 3486 1105 3556 vel
1144 3514 1234 3556 res
1273 3500 1515 3556 ecclesiae
1547 3509 1765 3567 vestrae,

183 3595 289 3641 aut
313 3590 639 3643 monasteria
668 3600 849 3646 vestra
878 3630 897 3656 ,
935 3591 1049 3646 sive
1072 3591 1277 3663 plebes,
1307 3600 1401 3645 aut
1426 3591 1628 3657 titulos,
1653 3590 1768 3647 sive

183 3675 394 3743 praedia
428 3690 526 3744 per
554 3678 780 3747 quodvis
803 3679 1078 3749 ingenium
1103 3679 1335 3750 diripere
1356 3679 1571 3745 audeat,
1592 3694 1768 3749 neque

184 3779 393 3820 vocare
427 3765 738 3822 Ravennam
774 3778 975 3837 praeter
1022 3776 1263 3839 tempora
1309 3784 1342 3823 a
1374 3769 1626 3825 Patrihus
1666 3769 1770 3825 dif-

183 3853 348 3908 finita
367 3892 382 3919 ,
421 3854 616 3924 quibus
648 3856 875 3914 concilia
906 3857 1282 3927 episcoporum
1311 3858 1394 3912 bis
1420 3857 1473 3911 in
1500 3871 1642 3911 anno
1675 3871 1767 3912 ce-

187 3944 455 4000 lebranda
481 3955 807 4013 sanxerunt,
827 3962 926 4003 vos
950 3948 1058 4002 ullo
1087 3948 1246 4002 modo
1275 3955 1619 4018 praesumant.
1653 3946 1769 4003 Hoc

183 4051 306 4107 pra:
340 4037 552 4092 caeteris
582 4031 1021 4108 supprimendum
1053 4078 1068 4103 ,
1109 4045 1169 4091 ut
1208 4037 1337 4092 illud
1374 4038 1517 4107 quod
1557 4037 1770 4108 trigesi-

186 4124 334 4181 male
364 4124 591 4191 dicunt,
614 4112 886 4181 Ravenna:
913 4122 1023 4181 ullo
1048 4126 1208 4180 modo
1248 4140 1346 4181 vos
1398 4124 1577 4181 facere
1609 4164 1625 4188 ,
1676 4136 1770 4180 aut

182 4229 387 4283 cogere
410 4215 660 4269 audeant.
686 4216 871 4285 itaque
891 4231 991 4272 nec
1011 4217 1283 4271 dationem
1301 4215 1534 4285 aliquam
1557 4215 1770 4270 archie-

185 4304 428 4375 piscopis
457 4302 860 4362 Ravennatibus
880 4307 951 4362 sit
975 4306 1190 4363 licentia
1216 4320 1247 4360 a
1272 4307 1443 4371 vobis,
1461 4305 1767 4376 vestrisque

186 4386 597 4452 successoribus
631 4398 896 4468 episcopis
925 4398 1192 4463 ammodo,
1230 4406 1286 4453 et
1310 4398 1583 4466 deinceps,
1608 4397 1661 4451 id
1683 4408 1767 4452 est

187 4489 243 4542 in
278 4495 595 4557 perpetuum
620 4488 958 4558 exquirendi,
984 4503 1083 4544 nec
1106 4504 1213 4543 non
1232 4496 1285 4543 et
1309 4488 1460 4542 vobis
1491 4488 1763 4541 licentiam

190 4576 517 4641 tribuimus,
572 4584 630 4630 ut
673 4577 886 4645 quoties
938 4591 1039 4647 pro
1080 4577 1362 4633 beatorum
1400 4577 1785 4646 apostolorum-

187 4680 378 4722 amore
402 4706 417 4731 ,
463 4665 545 4721 vel
580 4678 680 4736 pro
714 4666 1025 4723 visitatione
1053 4667 1362 4737 apostolicae
1390 4669 1533 4724 sedis
1561 4683 1766 4738 pra‘su-

188 4758 307 4811 lum
333 4769 482 4810 more
507 4756 850 4812 decessurum
876 4766 1179 4812 vestrorum
1214 4758 1441 4813 Romam
1478 4774 1767 4815 οοθιιηθῑο

187 4847 382 4912 mltis,
426 4847 632 4902 nullum
670 4849 1112 4919 impedimentum
1150 4849 1303 4904 vobis
1328 4851 1765 4921 archiepiscopus

188 4939 486 5004 Ravennae,
512 4955 613 4995 nec
641 4940 842 5010 palam,
869 4954 969 4996 nec
991 4940 1221 5005 occulte,
1252 4940 1429 4996 facere
1446 4951 1763 5010 prtesumat,

189 5028 291 5084 sed
327 5028 438 5084 Deo
478 5031 675 5087 comite
718 5033 870 5088 vobis
908 5046 1193 5087 occurrere
1217 5031 1395 5087 liceat.
1436 5030 1543 5086 Sed
1578 5034 1765 5088 ethoc

190 5117 553 5184 decernimus,
575 5134 639 5175 ac
658 5118 978 5186 diﬂinimus,
1009 5129 1071 5175 ut
1102 5135 1223 5175 cum
1268 5121 1483 5176 statutis
1513 5123 1766 5191 tempori-

191 5208 301 5264 bus
323 5209 754 5279 arcbiepiscopus
782 5210 1069 5266 Ravennas
1092 5225 1193 5265 vos
1216 5209 1285 5264 ad
1311 5210 1536 5265 concilia
1564 5226 1763 5267 convo-

192 5298 400 5353 eaverit
424 5338 440 5363 ,
489 5298 637 5354 nullo
672 5300 833 5356 modo
858 5314 956 5356 vos
974 5299 1175 5355 diutius
1203 5298 1469 5355 retinendi
1495 5299 1768 5355 licentiam

196 5389 414 5453 habeat,
448 5387 524 5443 ita
551 5397 612 5444 ut
637 5389 778 5445 ultra
821 5404 892 5444 xv
942 5389 1057 5445 dies
1105 5404 1207 5459 pro
1251 5387 1401 5458 gravi
1444 5388 1769 5443 necessitate

197 5479 469 5533 Ravenna:
492 5477 639 5534 nullo
666 5480 826 5535 modo
854 5480 1219 5534 remorcmini.
1263 5478 1572 5534 Secundum
1623 5479 1767 5534 salu-

196 5567 489 5627 berrimum
518 5567 577 5622 S.
603 5569 801 5624 Leonis
841 5582 990 5640 papa:
1024 5570 1300 5624 decretum
1348 5582 1448 5624 nec
1494 5568 1765 5624 licentiam

195 5657 394 5717 habeat
418 5655 646 5714 clericos
663 5659 907 5715 matricis
931 5649 1171 5714 ecclesia:
1198 5665 1393 5714 vestra:
1412 5697 1426 5724 ,
1454 5659 1540 5715 vel
1568 5658 1765 5716 diame-

1793 4439 1844 4498 D

1868 1869 1972 1933 rit,
2025 1868 2171 1924 nulla
2225 1869 2348 1926 talis
2395 1870 2625 1928 assertio
2648 1873 2794 1929 vires
2832 1873 3103 1942 obtineat,
3134 1891 3235 1934 nec
3270 1879 3443 1948 possit

1866 1958 2142 2030 longitudo
2167 1960 2426 2043 temporis
2465 1959 2974 2043 suti‘ragari_,’quod
3010 1974 3220 2023 constet
3245 1977 3442 2039 praeter

1848 2047 2087 2119 ,justitite
2122 2049 2365 2121 regulam
2390 2051 2694 2121 perniciose
2716 2053 2804 2125 diu
2830 2050 2997 2113 fuisse
3019 2065 3437 2131 praesumptum;

1866 2139 2140 2209 praecipue
2165 2155 2288 2195 cum
2317 2140 2460 2196 sacri
2485 2156 2723 2199 canones
2743 2143 2975 2201 doceant
2996 2161 3101 2203 non
3123 2142 3443 2207 minus‘ma-

1868 2227 1975 2282 lam
2009 2229 2449 2287 consuetudinem
2483 2246 2644 2301 quam
2682 2233 3042 2302 perniciosam
3071 2238 3439 2309 corruptelam

1869 2332 1990 2374 esse
2008 2318 2300 2375 vitandam.
2318 2319 2549 2377 Proinde
2569 2321 2910 2379 decernimus
2937 2333 2998 2380 ut
3023 2326 3159 2383 nihil
3183 2329 3451 2386 exhibea-

1870 2409 1939 2464 tis
1987 2409 2392 2481 archiepiscopo
2428 2412 2728 2469 Ravennati
2757 2453 2774 2480 ,
2821 2416 2914 2485 qui
2945 2430 3045 2487 per
3068 2417 3279 2490 singula
3307 2428 3464 2477 tem-.4

1867 2512 2005 2568 pora
2029 2498 2194 2556 fuerit
2213 2524 2255 2566 ,τ
2288 2500 2395 2589 nisi
2620 2517 2856 2560 canones
2877 2506 3397 2579 sancti~prtecipiunt
3423 2540 3475 2576 ,.

1869 2595 2328 2664 quodque-caeteri
2365 2584 2599 2667 episcopi
2636 2610 2735 2666 per
2760 2597 3034 2669 Liguriam
3057 2608 3114 2656 et
3137 2596 3443 2667 Venetiam,
3462 2652 3476 2659 -

1869 2683 2388 2753 atquclstriam,suis
2406 2680 3098 2755 metropolitanisexhibere
3114 2690 3434 2758 probantur.

1868 2772 2346 2844 Arcbiepiscopum
2397 2781 2575 2831 autem
2625 2772 2996 2833 Ravennatem
3048 2779 3183 2836 nihil
3214 2794 3246 2834 a
3286 2781 3443 2837 vobis

1869 2864 2086 2939 exigere
2137 2862 2333 2941 debere
2384 2854 2670 2949 censemus
2695 2858 2966 2951 ,‘."'nec”in
2993 2882 3092 2937 vos
3115 2867 3464 2941 aliqubd‘jus.

2898 2957 2909 2959 Δ
3010 2950 3015 2959 ι

1846 2967 2122 3010 exercere
2162 2954 2487 3019 diﬁinimus,
2512 2954 2616 3011 nisi
2647 2965 2707 3010 ut
2731 2957 2981 3027 superius
3010 2954 3357 3016 ‘libavimusa
3383 2959 3461 3016 Si

1869 3042 1991 3112 quis
2042 3050 2223 3097 autem
2274 3043 2711 3114 archiepiscopus
2756 3045 3043 3102 Ravennas
3087 3049 3342 3105 ammodo
3386 3058 3446 3115 et
3468 3074 3481 3085 -

1869 3130 2123 3200 deinceps
2146 3138 2341 3187 .contra
2375 3139 2579 3187 nestrae
2600 3133 2914 3204 apostolum:
2938 3136 3279 3194 auctoritatis
3302 3153 3453 3208 praes

1868 3227 2091 3299 ceptum.
2111 3240 2133 3286 ,·
2157 3221 2249 3299 vel
2270 3228 2462 3277 contra
2502 3219 2660 3289 hujus
2692 3223 2895 3284 decreti
2944 3232 3187 3287 tenorem
3233 3225 3290 3283 in
3328 3234 3447 3287 toto

1866 3310 1953 3367 vel
1999 3311 2055 3366 in
2098 3319 2253 3380 parte
2286 3312 2474 3367 venire
2504 3313 2866 3382 temptaverit,
2890 3322 2948 3371 et
2964 3315 3443 3387 vobisivestrlsque

1865 3402 2269 3459 successoribus
2302 3403 2568 3475 episcopis
2613 3406 3155 3481 superius‘probibita
3192 3408 3445 3480 injunxc-

1866 3491 1960 3558 rit,
1987 3492 2069 3549 vel
2096 3493 2306 3559 tulerit,
2334 3493 2594 3564 vobisque
2625 3495 2826 3565 aliquid
2857 3497 2922 3552 de
2947 3498 3289 3568 prtesignatis
3312 3512 3469 3554 one-7

1867 3580 2018 3635 ribus
2046 3581 2390 3652 imposuerit,
2409 3590 2465 3638 et
2503 3599 2610 3638 non
2647 3583 2701 3637 in
2747 3584 2999 3639 omnibus
3045 3583 3203 3654 hujus
3229 3586 3473 3655 paginae-

1866 3672 2035 3726 textui
2080 3672 2381 3737 obedierit,
2439 3673 2511 3727 sit
2567 3674 2837 3728 sententia
2892 3674 2987 3729 Dei
3017 3675 3441 3743 omnipotentis,

1868 3760 2119 3830 beatique
2153 3761 2322 3828 Petri,
2357 3770 2414 3818 et
2444 3760 2596 3816 Pauli
2625 3761 2989 3831 apostolorum
3017 3762 3344 3833 principum,
3382 3771 3441 3819 et

1868 3851 2162 3920 apostolica
2189 3852 2511 3908 auctoritate
2534 3852 2894 3908 anathematis
2927 3852 3220 3910 innodatus
3245 3852 3406 3910 vincu
3426 3882 3440 3896 -

1869 3940 1956 4007 lis,
2000 3949 2056 3997 et
2084 3950 2338 4012 tanquam
2386 3951 2675 3999 contumax
2726 3956 3001 3998 sacrorum
3039 3956 3305 3998 canonum
3329 3982 3345 4009 ,
3383 3951 3444 3999 et

1867 4032 2282 4102 apostoliearum
2325 4031 2558 4087 violator
2607 4030 3026 4098 institutionum,
3074 4031 3145 4088 ab
3176 4033 3324 4089 omni
3353 4046 3444 4088 sa-

1868 4122 2128 4178 cerdotali
2158 4117 2366 4178 alienus
2393 4122 2448 4176 in
2484 4129 2800 4192 perpetuum
2843 4121 3043 4177 existat
3089 4120 3286 4178 olllcio.
3314 4121 3441 4178 Haac

1867 4226 2018 4279 vero,
2047 4227 2167 4282 qua:
2190 4211 2437 4282 superius
2465 4211 2666 4281 scripta
2699 4211 3047 4266 continentur
3073 4251 3088 4276 ,
3137 4212 3193 4266 in
3248 4225 3441 4283 perpe-

1869 4312 2019 4355 tuum
2047 4301 2430 4357 confirmamus
2454 4341 2471 4368 ,
2516 4316 2581 4357 ac
2623 4302 2962 4367 roboramus,
3001 4301 3149 4356 salvo
3177 4302 3441 4358 duntaxat

1868 4391 2110 4460 honore,
2156 4400 2213 4447 et
2255 4391 2591 4462 subjectione
2604 4400 2816 4453 sancta
2840 4390 3095 4448 Romanae
3141 4391 3397 4448 Ecclesiae
3422 4428 3457 4455 ,ν

1871 4489 2033 4552 atque
2081 4481 2295 4538 docibili
2344 4482 2682 4547 reverentia,
2732 4489 2788 4536 et
2836 4496 3076 4553 congruo
3122 4480 3441 4557 pontiﬁcum

1867 4568 2175 4639 apostolica:
2213 4568 2355 4624 sedis
2391 4568 2673 4639 obsequio.

1938 4658 2103 4728 Cujus
2128 4658 2382 4730 prtecepti
2410 4658 2586 4713 tenori
2634 4658 2835 4728 scripto
2863 4674 2963 4729 per
3006 4673 3199 4712 manus
3245 4654 3436 4712 Leonis
3483 4654 3492 4672 ‘

1867 4748 2140 4827 scriniarii
2165 4747 2457 4803 indictione
2482 4747 2803 4819 subseripsit
2821 4748 3050 4804 decima.
3406 4737 3415 4743 ’

1874 4868 2106 4940 Nomine
2133 4878 2306 4923 autem
2333 4869 2689 4940 episcoporum
2732 4870 2820 4940 qui
2857 4869 2976 4940 huic
3004 4876 3185 4940 sancto
3220 4866 3441 4940 concilie

1943 4938 2317 5006 interfuerunt,
2364 4937 2827 4995 consenserunt“
2874 4938 3331 5004 subscripserunt,
3386 4937 3461 4999 In"

1942 5019 2085 5072 sunt,
2116 5006 2347 5062 videlicet
2369 5021 2387 5059 :

2014 5117 2356 5174 lldcbrandus
2392 5118 2690 5175 Vcrulinus.

2013 5209 2249 5267 Joannes
2283 5211 2493 5266 Velitri.

2014 5300 2206 5356 Petrus
2234 5300 2406 5355 Gabo.

2014 5390 2272 5462 Magistus
2299 5392 2466 5447 Porti.

2012 5481 2276 5539 Arsenius
2302 5482 2525 5539 Ortano.

2012 5571 2363 5627 Petronacius
2391 5573 2620 5627 Albano.

2012 5661 2373 5731 Liutprandus
2397 5661 2669 5719 Clusinus.
