4048 6476
493 419 594 479 871

490 529 848 603 deposcimus.
874 526 1012 582 Dum
1035 525 1178 581 enim
1209 525 1376 580 vestri
1409 525 1689 596 regiminis
1715 523 1938 579 tutelam
1963 539 2062 578 no-
2087 528 2140 586 Α

486 623 574 680 bis
609 622 769 677 solito
825 619 920 672 Dei
969 618 1138 687 gratia
1193 633 1426 686 praeesse
1482 618 1774 682 annuerit,
1828 617 2066 672 caelestis

485 714 839 788 protectionis
869 711 1139 766 munimen
1171 711 1372 764 nostris
1399 711 1590 764 adesse
1619 709 1948 779 profectibus
1976 723 2067 762 ve-

485 810 604 864 raci
638 805 1008 876 experimento
1042 801 1431 870 dignoscimus.
1473 800 1625 854 Nunc
1663 801 1843 870 itaque
1883 807 2064 854 vestra

485 895 884 960 misericordia,
912 892 1367 964 quemadmodum
1397 907 1612 960 semper
1637 891 1938 955 consuevit,
1966 903 2063 960 pro

485 997 672 1044 nostra
713 987 962 1041 laborare
986 985 1235 1053 dignetur
1262 982 1694 1046 necessitudine,
1740 981 1866 1050 quia
1896 980 2065 1035 servi-

485 1077 616 1132 tium
645 1076 800 1132 nobis
826 1075 980 1130 valde
1009 1089 1302 1130 onerosum
1329 1073 1645 1144 injungitur,
1676 1072 1820 1140 quod
1859 1071 2063 1140 absque

482 1167 798 1222 difﬁcultate
827 1179 1171 1235 nequaquam
1215 1165 1360 1219 vires
1393 1173 1591 1218 nostrae
1633 1175 1892 1232 peragere
1938 1177 2063 1232 pos-

481 1257 977 1326 sunt.-Pr'.ecipitur
999 1256 1144 1310 enim
1169 1265 1229 1309 ut
1255 1255 1308 1308 in
1335 1255 1504 1324 Aquis
1523 1254 1726 1324 palatio
1751 1269 2058 1322 operemur,

479 1357 534 1404 et
561 1349 844 1404 laboribus
873 1347 1076 1402 ibidem
1115 1345 1438 1417 peragendis
1479 1345 1811 1400 insudemus.
1853 1344 1958 1399 Sed
1993 1343 2062 1399 ab

483 1437 590 1494 hoc
611 1451 776 1508 opere
802 1437 908 1492 alia
936 1436 1156 1492 servitia
1187 1444 1241 1489 et
1268 1435 1618 1490 necessitates
1639 1450 1739 1490 nos
1769 1441 2058 1500 revocant,

479 1537 534 1586 et
561 1529 608 1584 si
639 1541 833 1586 vestrae
869 1530 1058 1600 pietati
1111 1529 1272 1594 libet,
1323 1530 1486 1584 etiam
1533 1537 1892 1599 opportunam
1929 1530 2061 1584 satis

478 1621 892 1676 excusationem
939 1620 1298 1690 praetendunt.
1331 1619 1625 1675 Recordari
1662 1620 1928 1688 siquidem
1969 1634 2063 1674 ve-

478 1718 595 1766 stra
631 1712 934 1780 paternitas
958 1711 1102 1766 valet
1141 1711 1283 1780 quod
1321 1725 1444 1766 cum
1475 1711 1528 1764 in
1557 1711 1758 1780 palatio
1782 1711 2064 1786 Gundym-

477 1803 618 1858 villa:
641 1816 668 1844 α
698 1803 927 1858 domnus
954 1803 1246 1873 imperator
1277 1803 1379 1858 hoc
1409 1817 1552 1856 anno
1595 1811 1798 1868 staret,
1823 1811 2061 1858 vestram

1562 412 1938 470 FROTHARII
1977 410 2358 470 TULLENSlS
2395 409 2699 468 EPISCOPI

3647 407 3754 468 87B

2713 505 3048 580 EPISTOLA
3085 511 3200 581 xu.

2585 630 2819 670 WICABDI
2859 630 2928 670 AD
2965 631 3312 672 FROTHARIUH
3321 656 3336 671 .

2238 704 2573 770 Reverendo,
2609 708 2864 776 omnique
2913 707 3120 762 honore
3171 707 3488 777 dignissimo
3541 709 3762 767 domino

2165 805 2222 851 et
2264 797 2412 852 Patri
2455 799 2774 854 Fnornamo
2801 799 3089 870 praesulum
3117 799 3528 870 benignissimo,
3559 803 3758 858 Vicu-

2165 905 2264 945 nus
2285 890 2339 954 ι),
2370 890 2626 945 minimus
2650 889 2928 958 abbatum,
2955 905 3084 964 eum
3107 889 3370 946 fratribus
3395 894 3534 947 meis
3565 907 3763 962 peren-

2164 983 2252 1037 nis
2275 981 2458 1052 gloria:
2487 990 2615 1052 opto
2638 981 2888 1037 salutem.

2235 1074 2408 1140 Quam
2436 1074 2734 1144 gratiarum
2761 1075 3033 1130 actionem
3060 1074 3128 1130 de
3155 1073 3440 1132 beneﬁciis
3465 1089 3592 1146 quae
3639 1073 3762 1130 sole

2164 1165 2432 1220 mercedis
2471 1163 2710 1220 cmlestis
2739 1164 2937 1219 intuitu
2977 1165 3230 1236 parvitati
3265 1173 3468 1221 nostrae
3493 1163 3766 1234 impendi-

2166 1255 2256 1320 tis,
2283 1255 2524 1309 virorum
2565 1255 2788 1324 optime,
2814 1255 2971 1310 vobis
2995 1253 3373 1324 rependemus,
3403 1255 3498 1326 qui
3531 1271 3642 1310 non
3667 1269 3762 1310 so-

2163 1344 2274 1400 lum
2299 1345 2556 1416 pastorali
2585 1361 2714 1400 cura
2738 1345 2930 1400 intima
2965 1354 3170 1408 nostra,
3190 1361 3378 1400 verum
3409 1345 3500 1415 pia
3542 1360 3764 1415 quoque

2165 1437 2524 1494 sollicitudine
2551 1438 2822 1492 exteriora
2862 1445 3061 1492 nostra:
3109 1437 3426 1492 substantia:
3462 1450 3765 1506 procurare

2165 1528 2497 1600 dignamini?
2543 1529 2766 1597 Insuper
2803 1529 2872 1583 ad
2915 1527 3189 1584 cumulum
3235 1536 3430 1582 vestrae
3472 1525 3764 1580 charitatis

2163 1619 2310 1676 circa
2340 1633 2439 1673 nos
2470 1618 2972 1682 demonstrandum,
3016 1617 3162 1688 quod
3203 1615 3360 1672 nobis
3411 1629 3546 1669 auro
3593 1614 3764 1668 ditius

2163 1725 2284 1766 esse
2311 1717 2512 1782 potest,
2545 1710 2719 1764 sancti
2742 1708 2873 1780 Apri
2898 1709 3178 1779 reliquias,
3209 1721 3310 1763 nec
3347 1721 3458 1762 non
3487 1715 3542 1759 et
3582 1706 3764 1760 beata

2166 1817 2276 1858 suae
2322 1801 2753 1858 conversationis
2809 1809 2966 1857 actus
3015 1800 3305 1856 humilitati
3357 1807 3562 1854 nostra:
3611 1812 3764 1852 nunc

483 1896 768 1950 continens
799 1869 1053 1959 manum,
1081 1894 1245 1964 jussit
1271 1902 1330 1948 ut
1360 1895 1414 1948 in
1459 1893 1634 1949 fronte
1681 1895 1848 1964 ipsius
1877 1894 2060 1964 palatii
2088 1869 2136 1930 Β
2165 1893 2379 1947 mittere
2408 1892 2540 1948 estis
2569 1891 2789 1961 dignati.
2829 1889 2936 1946 Sed
2967 1905 3067 1962 pro
3095 1890 3180 1945 his
3215 1890 3489 1955 omnibus,
3533 1903 3636 1958 pro
3671 1903 3766 1941 cu-

477 1985 662 2042 solarii
690 1999 826 2053 opus
852 1993 1220 2040 construerem
1241 2024 1256 2050 ,
1287 1984 1352 2038 de
1382 2000 1489 2054 quo
1535 1984 1589 2038 in
1624 1983 1884 2053 capellam
1915 1983 2064 2039 veni-
2157 1983 2247 2054 jus
2272 1998 2458 2038 amore
2495 1985 2599 2038 hoc
2635 1983 2843 2054 geritis,
2889 1996 3114 2053 prorsus
3141 1981 3294 2036 vobis
3327 1981 3446 2050 ipse
3485 1980 3766 2035 manentis

477 2087 646 2134 retur.
675 2075 888 2144 Adjecit
914 2091 1128 2148 quoque
1158 2077 1300 2146 quod
1336 2077 1646 2147 quempiam
1696 2077 1803 2131 illic
1831 2076 2066 2145 plerum-

479 2182 586 2238 que
629 2183 850 2222 manere
876 2167 1122 2232 sivisset,
1151 2169 1318 2222 vestri
1345 2183 1630 2238 personam
1659 2169 1818 2222 tacite
1855 2169 2067 2222 innote-

476 2276 652 2316 scens.
697 2258 966 2330 Praacepit
1013 2258 1364 2312 nihilominus
1415 2265 1475 2311 ut
1526 2258 1580 2312 in
1629 2258 1838 2326 pariete
1897 2257 2065 2328 ipsius

469 2350 669 2412 domus
689 2349 886 2420 ligneo,
916 2349 1146 2404 alterum
1175 2349 1356 2419 operis
1377 2349 1572 2418 lapidei
1595 2350 1856 2418 parietem
1879 2362 2068 2418 super-

478 2441 769 2511 adjieerem
789 2482 802 2506 ,
829 2449 884 2496 et
914 2439 1214 2510 quamlibet
1249 2439 1556 2508 bujusmodi
1586 2455 1750 2509 opera
1777 2439 1886 2494 sint
1917 2437 2065 2492 festi—

475 2539 670 2587 nanter
689 2531 975 2600 explenda.
995 2531 1064 2585 Et
1088 2539 1266 2585 tamen
1289 2531 1463 2584 adhuc
1487 2530 1676 2584 tertius
1697 2528 1847 2582 labor
1869 2534 2066 2598 nostrae

476 2628 670 2691 emptae
697 2621 936 2676 basilicae
965 2621 1334 2685 adhibendus,
1376 2619 1443 2674 de
1484 2635 1588 2688 qua
1621 2618 1752 2672 nihil
1779 2627 2062 2688 postquam

479 2714 611 2770 hinc
637 2713 938 2769 secessistis
957 2714 1167 2784 egimus
1195 2730 1208 2766 :
1239 2712 1365 2781 quia
1391 2711 1631 2780 impediti
1660 2717 1784 2764 sunt
1807 2709 2066 2764 hactenus

472 2806 785 2872 homunculi
816 2814 1040 2876 propter
1065 2815 1276 2876 tempus
1307 2802 1535 2874 hiemis,|
1557 2812 1611 2858 et
1665 2813 1875 2874 tempus
1903 2804 2066 2858 satio-

475 2896 581 2951 nis.
613 2896 924 2951 Istiusmodi
951 2895 1230 2950 lahoribus
1259 2893 1441 2948 addita
1464 2901 1549 2948 est
1577 2893 1733 2948 nobis
1758 2893 2066 2949 nolentibus

476 2989 840 3055 necessitudo,
873 2997 929 3046 et
953 2989 1167 3043 miserae
1210 2985 1540 3042 infelicitatis
1582 2985 1901 3040 adversitas.
1937 2985 2066 3053 Qui-

476 3081 601 3136 dam
625 3096 858 3152 namque
875 3096 1068 3136 servus
1087 3080 1294 3151 peccati
1321 3095 1386 3134 ac
1407 3086 1610 3144 noster,
1631 3077 1876 3132 invidens
1896 3077 2062 3132 sodali

478 3187 577 3228 suo
602 3173 886 3229 cellarario
901 3182 1108 3238 nostro,
1130 3173 1200 3227 ob
1213 3171 1356 3242 quod
1377 3170 1428 3226 ei
1449 3170 1503 3224 in
1519 3169 1822 3224 ministerio
1844 3168 2066 3240 praefer-

479 3273 652 3328 retur,
685 3266 902 3330 horreo,
930 3279 1037 3332 quo
1063 3264 1176 3317 ruri
1206 3269 1418 3334 segetes
1446 3269 1603 3316 erant
1633 3261 1867 3316 redactae
1885 3301 1900 3325 ,
1932 3275 2064 3330 qua-

479 3371 602 3410 rum
631 3371 726 3410 esu
755 3371 856 3411 nos
883 3356 1176 3411 sustentari
1207 3369 1378 3424 usque
1412 3363 1624 3424 tempus
1659 3355 1851 3410 messis
1881 3354 2067 3410 crede-

479 3445 698 3512 bamus,
721 3445 1039 3515 pestiferum
1063 3446 1297 3500 latenter
1324 3445 1500 3514 ignem
1523 3445 1825 3515 supposuit,
1858 3453 1912 3500 et
1941 3461 2068 3500 mox

481 3536 735 3592 universa
764 3550 886 3605 qua:
930 3534 1038 3589 illic
1086 3534 1426 3590 habebantur
1474 3535 1846 3605 consumpsit:
1879 3549 2069 3590 servus

482 3625 694 3691 infelix,
717 3639 908 3680 servus
932 3625 1196 3694 ingratus,
1223 3631 1278 3679 et
1301 3639 1444 3680 saevo
1467 3625 1814 3678 anathemate
1833 3624 2071 3694 permul-

483 3719 712 3784 tandus,
758 3718 850 3788 qui
899 3725 1062 3773 tanta:
1088 3718 1211 3772 vita:
1240 3718 1496 3773 subsidiis
1524 3718 1624 3773 sub
1657 3726 1931 3773 momento
1954 3717 2068 3787 pri-

483 3813 648 3866 vavit.
679 3812 919 3882 Denique
945 3811 1202 3866 familiam
1219 3811 1392 3868 sancti
1409 3809 1671 3880 Stephani
1698 3810 1833 3864 adeo
1853 3815 2074 3880 praeter-

484 3904 684 3960 itorum
743 3921 1010 3960 annorum
1065 3905 1240 3960 fames
1293 3905 1637 3968 adnihilavit,
1685 3911 1741 3960 et
1792 3905 1860 3958 ad
1913 3911 2074 3958 tanta:

489 3996 742 4066 perduxit
790 3997 1129 4066 paupertatis
1177 3995 1490 4062 miseriam,
1533 4003 1594 4050 ut
1635 3995 1726 4050 vix
1773 3995 2075 4065 sumptibus

487 4085 696 4156 fragilis
725 4087 850 4140 vitae
880 4087 1172 4142 sustentari
1221 4086 1489 4142 ullatenus
1524 4086 1760 4142 valeant.
1792 4086 1946 4142 Unde
1976 4101 2076 4142 nec

489 4191 714 4231 censum
765 4177 833 4230 ab
883 4177 964 4232 eis
1011 4177 1250 4232 debitum
1295 4177 1514 4248 exigere
1565 4191 1818 4247 possum,
1862 4177 1968 4230 nisi
2009 4191 2077 4232 ex

493 4279 657 4336 opere
692 4281 982 4334 manuum,
1013 4282 1112 4336 pro
1143 4281 1251 4336 quo
1281 4282 1471 4321 rursus
1499 4281 1530 4320 a
1556 4282 1644 4322 me
1677 4277 1994 4338 pascuntur,
2025 4277 2080 4323 et

491 4373 593 4414 nec
616 4359 694 4414 sic
723 4359 1034 4429 recuperari
1060 4359 1266 4414 utiliter
1297 4367 1518 4429 queunt.
1543 4357 1670 4416 llaec
1693 4367 1746 4415 et
1771 4360 2080 4430 supradicta

497 4451 587 4524 pia
615 4451 1049 4507 consideratione
1073 4451 1406 4523 perpendere
1433 4450 1724 4522 dignamini
1747 4493 1761 4516 ,
1791 4459 1846 4506 et
1875 4467 1902 4504 a
1943 4467 2082 4521 pra:-

2164 2076 2542 2132 retrihutionis
2588 2075 2826 2130 fructum
2877 2075 3166 2130 restituere
3221 2089 3332 2128 non
3379 2073 3760 2127 obliviscetur.

2165 2167 2318 2234 Quod
2348 2175 2530 2222 tamen
2553 2181 2858 2236 possumus,
2895 2165 3148 2220 minimas
3182 2178 3374 2234 preces
3402 2171 3622 2218 nostras
3661 2177 3759 2214 su-

2161 2273 2344 2330 pernae
2368 2257 2638 2328 majestati
2661 2265 2854 2312 vestrae
2881 2255 3068 2312 salutis
3103 2270 3288 2310 causa-
3313 2253 3510 2310 offerre
3555 2251 3762 2306 memi-

2163 2351 2406 2407 nerimus
2437 2367 2450 2403 :
2475 2356 2531 2402 et
2557 2349 2612 2403 in
2637 2347 3026 2418 temporalibus
3049 2347 3358 2416 ubicunque
3381 2344 3540 2400 nobis
3563 2344 3764 2413 digna-

2164 2439 2239 2495 tio
2261 2447 2442 2494 vestra
2485 2439 2755 2508 imperare
2791 2437 3048 2502 voluerit,
3099 2436 3433 2492 devotissimi
3473 2435 3766 2506 paratissi-

2163 2532 2346 2602 mique
2395 2531 2512 2587 fore
2578 2531 2934 2586 studebimus.
3006 2529 3146 2601 Agat
3205 2530 3389 2598 itaque
3446 2526 3768 2596 benignitas

2162 2635 2366 2690 vestra,
2403 2634 2464 2680 ut
2506 2625 2738 2694 benigne
2779 2624 2965 2694 etrapit,
3016 2638 3124 2678 non
3167 2621 3342 2678 solum
3383 2621 3450 2676 de
3493 2619 3662 2674 rebus
3709 2625 3770 2672 et

2165 2719 2474 2775 hominibus
2499 2735 2661 2789 super
2689 2717 2836 2788 ipsas
2856 2715 3318 2772 commorantibus
3343 2729 3464 2784 qua:
3491 2713 3548 2768 in
3572 2725 3766 2782 prom-

2164 2819 2258 2880 ptu
2281 2809 2436 2864 nobis
2450 2817 2598 2874 sunt,
2616 2809 2711 2864 sed
2735 2817 2791 2864 et
2817 2809 2884 2863 de
2905 2807 3012 2864 illis
3033 2821 3168 2877 quas
3192 2806 3355 2862 iidem
3382 2803 3486 2874 ipsi
3508 2803 3768 2859 homines

2165 2900 2358 2966 nostri,
2387 2901 2476 2970 qui
2499 2900 2704 2969 passim
2743 2907 2800 2954 et
2824 2899 2994 2955 libere
3017 2898 3262 2954 habitare
3306 2896 3580 2960 videntur,
3607 2909 3766 2949 eme.

2167 3001 2295 3047 runt
2321 3011 2334 3046 :
2371 2999 2432 3046 ut
2469 2991 2720 3046 videlicet
2743 3005 2958 3061 semper
2983 2989 3200 3046 Domini
3245 2987 3548 3043 Salvatoris
3571 3001 3766 3055 respe-

2166 3083 2276 3137 ctui
2303 3082 2411 3138 sint
2429 3081 2769 3151 mancipata},
2793 3097 2916 3136 eum
2939 3080 3046 3135 illis
3067 3080 3198 3149 ipsis
3219 3079 3312 3149 qui
3334 3093 3430 3134 eas
3451 3075 3764 3146 possident.

2165 3172 2409 3240 Qualiter
2434 3182 2614 3228 autem
2655 3187 2819 3242 super
2857 3173 2960 3228 hoc
2985 3171 3252 3243 agendum
3277 3170 3370 3236 sit,
3397 3175 3600 3224 vestrae
3625 3181 3764 3236 pru-

2167 3265 2361 3320 dentiae
2405 3263 2743 3320 manifestius
2785 3264 2970 3332 liquet.
3011 3263 3234 3320 Videtur
3272 3269 3454 3315 tamen
3499 3257 3682 3323 nobis,
3715 3256 3766 3312 si

2166 3371 2262 3412 vos
2313 3357 2448 3412 utile
2481 3355 2876 3423 judicaveritis,
2902 3365 2964 3410 ut
2993 3356 3302 3424 quicunque
3343 3353 3408 3408 de
3445 3349 3580 3420 ipsis
3609 3363 3770 3403 man-

2167 3449 2323 3518 cipiis
2347 3457 2471 3503 sunt
2497 3449 2588 3520 qui
2612 3465 2671 3504 se
2713 3449 3035 3504 subtrahere
3065 3447 3132 3502 de
3171 3453 3358 3501 nostra
3385 3441 3768 3498 dominatione

2168 3540 2485 3606 moliuntur,
2516 3540 2832 3595 servitutem
2863 3553 3016 3594 suam
3055 3551 3242 3616 coram
3265 3535 3420 3590 vobis
3455 3531 3768 3588 rewadiare

2171 3629 2406 3696 faciatis,
2431 3641 2492 3686 ut
2515 3631 2772 3700 deinceps
2799 3645 2894 3701 per
2911 3629 3178 3700 justitiam
3203 3626 3414 3682 subacti
3438 3625 3584 3679 hanc
3607 3620 3764 3676 frau-

2170 3723 2292 3777 dem
2313 3731 2626 3792 perpetrare
2645 3729 2936 3792 nequeant.
2955 3719 3216 3774 Mittimus
3239 3713 3543 3787 dignationi
3565 3721 3768 3768 vestrae

2171 3815 2516 3872 donationem
2539 3813 2752 3868 illarum
2778 3827 2962 3868 rerum
2989 3809 3370 3880 exemplatam,
3403 3805 3615 3876 pariter
3639 3817 3768 3857 cum

2173 3907 2288 3977 ipsa
2328 3915 2384 3962 et
2427 3906 2610 3962 domni
2651 3904 2996 3974 imperatoris
3041 3899 3452 3972 exemplationis
3489 3898 3762 3956 chartam,

2173 4015 2336 4070 quam
2365 4007 2552 4055 nostro
2595 3997 2932 4053 monasterio
2959 3995 3026 4050 de
3055 3995 3284 4058 teloneo,
3312 3998 3372 4046 ut
3412 4001 3684 4057 nusquam
3709 3984 3766 4038 in

2177 4098 2290 4146 toto
2314 4105 2412 4144 suo
2435 4103 2604 4160 regno
2631 4103 2664 4143 a
2694 4088 2850 4144 nobis
2875 4086 3204 4156 exigeretur,
3231 4082 3380 4146 fecit,
3405 4077 3768 4134 emnnitatem

2175 4181 2339 4236 etiam
2387 4179 2637 4235 similiter
2699 4177 3084 4248 exemplatam.
3149 4173 3340 4230 Valere
3385 4185 3484 4226 vos
3532 4167 3768 4222 multum

2177 4281 2447 4344 optamus,
2473 4271 2688 4328 domine
2718 4280 2772 4325 et
2805 4271 2990 4334 Pater,
3020 4267 3248 4323 feliciter
3269 4265 3326 4322 in
3351 4261 3594 4320 Christo.

2709 4378 3046 4438 EPISTOLA
3085 4377 3222 4434 Xlll.

2605 4470 2816 4510 Αιωυοι
2855 4469 2922 4508 AD
2973 4460 3340 4507 FROTHARIUI.

496 4543 644 4641 dicto
673 4541 896 4598 servitio
926 4557 1025 4598 nos
1049 4541 1282 4596 liberare
1321 4556 1388 4596 ne
1422 4541 1671 4612 pigeatis.
1701 4539 1957 4611 Alioquin
1983 4557 2082 4611 per
2107 4581 2158 4641 ο
2253 4547 2466 4603 Eximio
2505 4547 2744 4617 mihique
2789 4544 3086 4617 perdilecto
3127 4541 3448 4596 Fac-rutilo
3507 4532 3772 4605 episcopo

494 4647 582 4687 me
621 4633 798 4703 ipsum
843 4633 913 4688 ad
961 4633 1308 4704 praesentiam
1355 4633 1538 4688 domui
1592 4633 1975 4702 imperatoris,
2025 4643 2080 4688 et

493 4731 733 4779 vestram
761 4725 1109 4796 praesentiam
1153 4725 1467 4796 suppliciter
1503 4725 1803 4780 obsecrabo
1826 4766 1840 4791 ,
1871 4735 1932 4780 ut
1977 4727 2080 4782 hoc

494 4832 634 4872 onus
668 4833 812 4872 cura:
839 4819 1128 4889 pastoralis
1159 4833 1192 4873 a
1214 4833 1302 4873 me
1338 4817 1744 4884 submoveatis,
1787 4819 1915 4888 quia
1951 4817 2082 4874 illud

497 4922 617 4962 mea
653 4908 896 4978 parvitas
921 4908 1104 4964 taliter
1133 4906 1277 4962 ferre
1303 4923 1410 4962 non
1443 4907 1614 4974 valet;
1639 4915 1694 4964 et
1718 4907 1868 4964 valde
1897 4909 2082 4963 utilius

497 5005 582 5054 est
612 5013 698 5052 me
725 4998 794 5052 ab
819 4997 1119 5053 istiusmodi
1139 5013 1268 5052 cura
1291 4997 1626 5064 submoveri,
1651 5015 1812 5068 quam
1833 5016 1929 5070 per
1949 5015 2084 5055 mete

500 5090 841 5146 auctoritatis
868 5089 1123 5145 fiduciam
1155 5097 1236 5144 tot
1261 5105 1390 5145 oves
1427 5089 1639 5144 Domini
1682 5091 1850 5146 exitio
1895 5093 2087 5146 discri-

501 5180 664 5234 minis
693 5180 936 5234 interire.
965 5179 1106 5250 Agat
1133 5193 1262 5250 ergo
1286 5179 1547 5234 Dominus
1587 5195 1739 5236 meus
1766 5197 1834 5235 ex
1871 5181 1970 5236 hac
1995 5197 2090 5252 pe-

501 5273 692 5329 titione
742 5289 872 5346 erga
918 5289 1033 5338 me,
1083 5281 1142 5328 ut
1175 5275 1310 5328 bene
1347 5287 1561 5342 semper
1611 5273 1752 5342 egit,
1806 5281 1860 5326 et
1910 5274 2089 5329 valeat

503 5379 602 5436 per
640 5363 810 5420 multa
847 5381 1115 5420 annorum
1159 5363 1428 5420 curricula
1474 5361 1704 5418 feliciter
1754 5365 1810 5418 in
1848 5363 2088 5420 Christo.

507 5459 700 5514 Amen.

579 5583 606 5613 ι
644 5570 858 5644 Corrig.
883 5571 1362 5642 Gundulﬁ-Villw,
1391 5573 1545 5644 cujus
1578 5571 1744 5644 situm
1773 5573 1826 5628 in
1855 5573 1974 5629 loco
2002 5575 2092 5630 ubi

507 5643 676 5716 etiam
701 5643 846 5699 nunc
876 5653 1124 5716 superest
1144 5645 1434 5716 _oppidumi
1453 5643 1610 5716 vulgo
1635 5643 1964 5700 Gondreville
2003 5663 2096 5716 ap-

509 5713 800 5785 pellatum,
830 5713 1282 5786 uina’leueaﬂinfra
1323 5713 1860 5786 Tullum—Leucorum
1881 5757 1896 5783 ,
1941 5713 2097 5786 repo-

511 5782 846 5928 ἰιζὲεαέιὲιὲυε
859 5783 1082 5840 Michael
1095 5782 1394 5842 Germanus
1415 5786 1468 5842 in
1486 5785 1576 5842 lib.
1599 5803 1651 5842 iv
1667 5787 1734 5843 de
1749 5789 1826 5844 Re
1841 5782 1902 5846 Di
1907 5782 2048 5859 ploin
2058 5827 2070 5841 .
2081 5827 2096 5854 ,

2183 4642 2453 4696 Aancus
2487 4638 2872 4708 sempiternam
2909 4635 3160 4691 salutem.

2255 4729 2416 4803 (Vide
2439 4727 2604 4798 infra,
2641 4729 2778 4782 inter
2819 4726 2992 4798 Opera
3020 4723 3224 4780 ΑΜήοί
3260 4716 3716 4786 Cenomanensis.)

2711 4836 3052 4894 EPISTOLA
3097 4835 3238 4894 XIV.

2759 4925 2828 4964 AD
2865 4924 3180 4964 HILDUINUI.

2259 5003 2727 5061 Excellentissimo
2763 5010 2925 5072 atque
2953 5017 3165 5058 summo
3205 5001 3412 5057 honore
3457 4996 3778 5070 dignissimo

2191 5099 2456 5154 HILDUINO
2483 5113 2514 5152 a
2541 5099 2652 5152 Deo
2691 5096 2863 5152 electo
2905 5095 3056 5150 Patri
3101 5103 3157 5150 et
3197 5095 3479 5165 magistro,
3523 5090 3782 5146 Fac-rm-

2193 5207 2313 5246 mus
2335 5191 2713 5261 episcoporum
2754 5187 3106 5254 humillimus,
3137 5193 3196 5242 et
3229 5185 3480 5240 universa
3509 5179 3780 5237 Tullensis

2193 5282 2449 5338 Ecclesiae
2476 5291 2694 5336 caterva
2733 5287 3007 5350 perpetuae
3047 5277 3436 5335 benedictionis
3465 5276 3520 5330 in
3561 5273 3780 5330 Christo

2194 5385 2321 5446 opto
2353 5375 2602 5429 salutem.

2269 5467 2344 5520 De
2385 5466 2637 5522 omnibus
2681 5462 3098 5518 necessitatibus
3138 5469 3300 5532 atque
3327 5459 3637 5532 indigentiis
3686 5473 3782 5513 no-

2270 5578 2299 5618 b
2337 5577 2434 5632 Cui
2457 5576 2787 5632 monasterio
2811 5573 3090 5641 praefuerit
3107 5572 3416 5638 Wicardus,
3439 5587 3546 5628 non
3571 5573 3740 5641 liquet
3764 5587 3778 5623 :

2199 5647 2318 5717 ejus
2341 5647 2724 5702 monasterium
2747 5665 2776 5702 a
2792 5643 2980 5702 Bonna
2995 5647 3190 5717 oppido
3213 5659 3320 5701 non
3345 5644 3500 5714 longe
3522 5643 3780 5704 abfuisse,

2199 5719 2472 5789 colligitur
2497 5733 2564 5773 ex
2587 5719 2813 5788 epistola
2856 5717 2942 5789 l9.
2977 5719 3108 5772 Erat
3149 5727 3276 5772 tunc
3305 5717 3640 5789 temper-ista
3663 5727 3780 5789 mo-

2201 5783 2440 5872 nasterio
2460 5783 2676 5848 lnden'si
2695 5805 2864 5861 prope
2884 5787 3282 5862 Aquisgranum
3305 5783 3472 5841 abbas
3495 5783 3784 5839 Wicardus

2202 5875 2436 5916 nomine.
