4048 6442
323 447 424 503 875

1753 446 2129 504 EPISTOL/E.

3463 440 3567 494 874

322 562 452 617 stris
475 561 544 618 ad
567 575 666 619 vos
689 577 900 634 semper
921 561 1273 629 recurrimus,
1304 569 1364 615 ut
1387 569 1514 631 pote
1538 572 1750 630 patrem
1772 559 1895 614 uni-
1920 564 1974 624 Α
2000 557 2118 611 nire
2143 570 2250 610 non
2281 563 2612 619 meruerunt,
2648 553 2851 610 idcirco
2874 561 2928 608 et
2960 553 3061 608 hac
3089 552 3206 609 vice
3232 555 3299 608 ad
3326 568 3424 610 vos
3446 572 3548 611 cau

322 667 445 709 cum
472 660 529 709 et
549 653 887 711 defensorem
907 654 1230 725 piissimum,
1255 651 1410 723 cujus
1430 651 1731 722 patrocinio
1756 650 1892 705 assi-

319 743 426 799 due
469 745 790 816 indigemus,
839 746 994 816 cujus
1034 743 1363 801 adminiculo
1409 743 1604 812 saepius
1638 741 1891 798 subleva-

317 854 459 894 mur.
497 839 722 898 Constat
759 842 958 912 quippe
980 843 1369 912 protectionem
1391 849 1629 896 vestram
1663 839 1890 910 januam

316 933 505 987 adesse
533 931 741 997 salutis,
763 941 1108 1002 vestrumque
1145 934 1385 1003 regimen
1420 939 1636 1003 portum
1679 931 1892 987 solidis-

315 1023 467 1078 sima:
487 1023 701 1093 quietis.
729 1022 1020 1079 Subveniat
1041 1025 1222 1094 itaque
1241 1024 1398 1079 solito
1426 1022 1584 1078 nobis
1603 1021 1889 1078 clementia

314 1122 517 1180 vestra,
543 1123 598 1170 et
620 1123 844 1185 paterno
872 1122 1155 1170 succurrat
1182 1114 1395 1169 affectu.
1426 1114 1719 1182 importuni
1737 1114 1890 1170 vobis

312 1205 557 1260 crebrius
591 1204 940 1275 supplicando
977 1205 1283 1270 existimus,
1321 1205 1414 1260 sed
1446 1213 1638 1260 vestrae
1673 1189 1896 1260 celsitu-~

312 1297 452 1352 dinis
478 1297 742 1353 serenitas
777 1299 1080 1354 nullatenus
1109 1313 1209 1354 nos
1237 1298 1306 1353 ob
1337 1297 1581 1354 eamdem
1627 1297 1888 1366 importu-

307 1387 534 1442 nitatem
560 1397 917 1457 aspernetur:
946 1404 1134 1443 verum
1153 1387 1450 1459 ingruentis
1476 1386 1887 1442 necessitudinis

308 1478 657 1550 indigentiam
710 1481 1054 1536 considerare
1111 1479 1376 1551 dignetur.
1448 1480 1688 1537 Domnus
1741 1480 1886 1537 enim

308 1570 603 1641 imperator
647 1574 986 1645 suggestione
1020 1588 1140 1629 mea
1189 1574 1476 1643 quamdam
1518 1572 1699 1628 villam
1741 1571 1888 1629 basi-

304 1658 424 1716 licae
450 1661 634 1717 Sancti
670 1664 799 1733 Apri
829 1665 1060 1721 reddidit
1095 1665 1207 1736 (an.
1249 1664 1396 1736 856),
1429 1681 1591 1734 quam
1625 1664 1883 1735 Pippinus

304 1770 440 1811 avus
461 1757 625 1826 ipsius
647 1758 822 1814 eidem
846 1758 1084 1814 donavit.
1112 1757 1264 1814 Hanc
1283 1773 1416 1813 vero
1441 1773 1539 1828 per
1559 1756 1882 1815 beneficium

302 1856 551 1903 nostrum
584 1849 800 1919 quidam
842 1851 1134 1921 Hispanus,
1173 1850 1390 1906 nomine
1432 1849 1651 1920 Joseph,
1697 1850 1880 1906 hacte-

1993 661 2083 701 sas
2111 646 2342 700 miseriae
2386 653 2582 700 nostra:
2612 644 2818 700 referre
2863 642 3125 715 compulsi
3168 658 3376 700 sumus.
3413 644 3568 701 Feci~

1991 754 2130 804 mus,
2163 738 2380 794 domine
2414 738 2510 803 mi,
2539 746 2594 792 et
2618 753 2760 793 nunc
2805 738 3098 794 secundam
3142 737 3481 806 electionem,
3511 748 3568 796 et

1990 831 2293 887 invenimus
2327 831 2600 886 hominem
2653 831 2682 870 ιι
2729 846 2795 885 ex
2852 831 3051 885 nostris
3105 844 3137 886 a
3184 845 3357 902 puero
3405 833 3566 890 nobis

1988 921 2127 978 bene
2156 930 2362 987 notum,
2402 937 2596 992 genere
2618 930 2674 976 et
2698 923 2936 979 moribus
2965 937 3072 978 non
3102 921 3377 988 infamem,
3419 924 3565 980 doci-

1988 1011 2093 1067 lem
2123 1021 2304 1079 zetate,
2336 1012 2460 1068 huic
2503 1011 2677 1068 ofﬁcio
2706 1028 3023 1086 congruum,
3067 1011 3402 1069 litteratoria:
3438 1029 3564 1084 pro-

1986 1101 2239 1159 fessionis
2271 1118 2377 1157 non
2420 1117 2805 1173 usquequaque
2831 1103 3101 1175 ignarum,
3131 1103 3327 1161 divinze
3349 1119 3565 1176 quoque

1988 1195 2225 1250 scientiae
2268 1210 2376 1250 non
2408 1194 2623 1264 penitus
2670 1203 2967 1265 expertem,
3014 1196 3368 1266 quarumdam
3395 1197 3560 1252 etiam

1985 1287 2214 1341 aliarum
2260 1287 2462 1342 artium
2504 1286 2808 1356 portionem
2854 1288 3159 1342 habentem
3219 1286 3390 1356 Quem
3431 1303 3558 1343 cum

1985 1380 2388 1444 obtulissemus,
2419 1379 2724 1434 nullatenus
2748 1387 3000 1450 putantes
3028 1377 3402 1448 rejiciendum,
3432 1379 3564 1449 ipsis

1984 1471 2166 1527 missis
2225 1471 2510 1526 dominicis
2565 1471 3000 1542 impedientibus,
3061 1470 3204 1541 quod
3255 1471 3563 1542 optavimus

1983 1581 2088 1620 non
2123 1564 2420 1620 meruimus
2459 1563 2704 1635 adipisci.
2760 1565 3052 1635 Propterea
3101 1573 3295 1620 vestra!
3342 1565 3563 1635 pietatis

1981 1657 2223 1728 vestigiis
2278 1655 2459 1711 animo
2502 1655 2768 1727 provoluti
2822 1654 3075 1711 flebiliter
3117 1655 3455 1726 postulamus
3500 1663 3564 1710 ut

1933 1775 1938 1779 -
1982 1749 2168 1805 tandiu
2195 1763 2308 1803 rem
2355 1749 2685 1819 suspendere
2735 1749 3050 1820 dignemini,
3101 1765 3382 1821 quousque
3433 1765 3557 1805 cum

1983 1841 2184 1910 scripto
2231 1842 2451 1897 homine
2481 1843 2547 1897 ad
2581 1850 2818 1898 vestram
2859 1841 3232 1898 celsitudinem
3264 1857 3559 1913 properan-

302 1955 407 1995 nus
433 1941 623 2007 ιειιυίι,
655 1958 881 2013 eamque
902 1943 1031 1998 dum
1062 1943 1236 1998 adhuc
1263 1944 1468 1998 νίνθι-θι
1501 1944 1771 2000 desertam
1799 1942 1878 1998 re.
1905 1935 1953 1996 B
1981 1937 2081 1997 tes,
2113 1931 2214 2002 ipsi
2243 1933 2393 1988 vobis
2416 1933 2606 1989 melius
2632 1942 2874 1989 nostram
2899 1934 3198 2006 pandamus
3218 1935 3554 1990 memoriam.

301 2030 381 2084 cit
410 2040 465 2086 et
493 2033 560 2087 ad
597 2033 824 2089 nihilum
855 2035 1075 2090 deduxit
1107 2050 1122 2089 :
1157 2043 1211 2090 et
1249 2035 1419 2106 ipsius
1443 2035 1549 2091 loci
1579 2036 1878 2093 servientes

300 2127 654 2198 opprimendo
695 2130 979 2186 destruxit.
1012 2131 1132 2202 Ipse
1167 2140 1348 2187 autem
1373 2147 1515 2187 nunc
1546 2132 1613 2188 de
1644 2134 1748 2189 hac
1767 2132 1878 2188 vita

298 2219 574 2290 migravit,
603 2229 656 2276 et
696 2223 907 2278 residua
943 2232 1026 2279 est
1053 2223 1127 2278 illi
1163 2225 1357 2296 conjux
1399 2225 1566 2295 ipsius
1609 2241 1734 2282 cum
1769 2226 1878 2283 ﬁlio

298 2312 546 2381 parvulo,
596 2313 688 2383 qui
725 2321 848 2370 sunt
893 2329 961 2371 ex
1002 2315 1204 2371 familia
1256 2316 1438 2372 domni
1486 2317 1873 2388 imperatoris:

298 2402 398 2457 sed
441 2411 497 2458 et
542 2402 658 2474 ipsa
705 2420 866 2461 causa
904 2407 1191 2464 charitatis
1231 2413 1288 2462 et
1315 2405 1641 2474 dilectionis,
1668 2408 1754 2464 vel
1781 2424 1878 2479 per

297 2496 696 2569 eleemosynam
738 2499 920 2555 domni
955 2500 1320 2571 imperatoris,
1345 2501 1412 2556 de
1445 2503 1635 2558 eodem
1672 2502 1878 2559 beneﬁ-

299 2589 386 2645 cio
433 2592 618 2648 decem
661 2609 878 2651 mansos
917 2603 974 2650 et
1004 2594 1219 2651 vineam
1264 2596 1620 2667 quadraginta
1667 2596 1876 2652 modios

293 2683 408 2738 vini
440 2684 551 2741 fere
582 2685 842 2743 valentem
878 2688 1007 2743 dare
1039 2688 1218 2756 volui;
1261 2688 1498 2759 reliquos
1525 2704 1655 2744 vero
1682 2688 1874 2760 viginti

293 2793 516 2834 mansos
564 2781 630 2836 ad
673 2796 808 2852 opus
852 2781 1080 2836 fratrum
1110 2782 1379 2852 praedictae
1425 2782 1670 2838 ecclesia).
1716 2783 1875 2842 resti-

296 2874 449 2923 tuere
486 2871 692 2925 curavi.
723 2871 986 2928 Przedicta
1020 2882 1200 2929 autem
1234 2875 1431 2930 mulier
1474 2875 1660 2931 datum
1691 2888 1873 2930 meum

292 2957 548 3028 dispexit,
577 2969 631 3016 ct
663 2978 806 3018 nunc
833 2964 900 3018 ad
928 2963 1188 3034 palatium
1214 2966 1440 3021 veniens
1478 2973 1652 3021 totum
1692 2967 1873 3037 ipsum

289 3047 612 3104 beneﬁcium
636 3050 822 3108 furtim
841 3062 896 3109 et
921 3055 1121 3125 absque
1155 3065 1342 3112 nostra
1368 3058 1560 3112 nititur
1580 3058 1873 3129 praeripere

289 3139 588 3197 voluntate.
622 3142 812 3200 Vestra
841 3161 968 3202 vero
1007 3149 1291 3218 prudentia
1337 3149 1390 3205 id
1417 3165 1580 3220 agere
1606 3167 1750 3208 nunc
1787 3166 1873 3208 se-

290 3231 525 3287 cundum
569 3233 812 3304 pristinae
856 3237 1071 3308 pietatis
1106 3240 1550 3296 consuetudinem
1599 3243 1867 3313 dignetur,

288 3329 352 3376 ut
375 3324 642 3392 praedicta:
677 3342 763 3384 res
796 3329 850 3382 in
876 3331 1214 3399 possessione
1249 3331 1308 3387 S.
1333 3332 1464 3403 Apri
1491 3347 1867 3406 permaneant,

287 3419 345 3466 et
372 3412 608 3483 ipsorum
634 3415 862 3473 fratrum
885 3420 1068 3476 usibus
1084 3421 1264 3478 debita
1285 3425 1532 3481 victualia
1552 3429 1827 3496 praebeant
1850 3447 1864 3483 :

288 3512 558 3572 quatenus
587 3515 642 3562 et
669 3507 726 3564 S.
749 3509 879 3580 Apri
906 3513 1121 3580 merita,
1155 3522 1211 3569 et
1237 3514 1478 3584 ipsorum
1509 3516 1738 3573 fratrum
1765 3520 1869 3588 piae

285 3596 680 3662 postulationes
732 3603 886 3659 vobis
940 3603 1226 3674 proﬁciant
1279 3607 1335 3661 in
1379 3607 1544 3663 vitam
1585 3617 1864 3666 aeternam.

288 3683 483 3744 Valere
511 3704 607 3745 vos
635 3705 846 3762 semper
886 3703 1159 3765 optamus,
1196 3705 1384 3754 sancte
1433 3713 1500 3756 ac
1543 3701 1869 3757 reverentis-

287 3779 428 3836 sime
462 3779 641 3837 Pater.

830 3873 1166 3930 EPISTOLA
1203 3875 1318 3933 XV.

894 3983 962 4021 AD
1001 3983 1241 4023 EUIDEM.

362 4071 390 4100 ι
420 4057 897 4116 Excellentissimze
921 4061 1284 4117 venerationis
1313 4062 1521 4119 honore
1549 4063 1867 4135 dignissimo

288 4150 553 4208 thnumo
577 4153 794 4208 domino
830 4168 956 4209 vere
997 4155 1339 4210 sanctissimo
1380 4154 1640 4213 Sennocas
1673 4156 1868 4229 [Seno-

287 4243 442 4315 nicze]
475 4243 644 4314 plebis
679 4243 978 4300 humillima
1006 4245 1220 4302 devotio
1249 4255 1466 4302 aeternae
1491 4247 1865 4320 prosperitatis

286 4337 342 4390 in
379 4337 605 4392 Domino
639 4336 885 4392 salutem.
1529 4336 1542 4346 '

356 4428 491 4494 Quia
515 4430 696 4484 divina
722 4431 1019 4500 inspirante
1040 4429 1414 4488 misericordia
1443 4429 1739 4488 fastidiosa;
1764 4431 1865 4487 im-

283 4520 628 4588 portunitatis
677 4528 875 4576 nostrae
913 4521 1262 4589 clamoribus,
1312 4522 1388 4578 mi
1437 4522 1674 4590 domine,
1723 4538 1864 4593 smpe

284 4610 517 4681 compati
545 4611 744 4682 dignati
771 4611 902 4666 estis
926 4630 938 4665 :
973 4612 1176 4668 idcirco
1199 4614 1496 4668 etiamnum
1525 4614 1692 4669 nimia
1715 4629 1863 4669 com-

286 4703 423 4770 pulsi
472 4703 812 4769 necessitate,
849 4710 1040 4758 vestrze
1070 4703 1407 4760 celsitudinis
1453 4720 1613 4759 aures
1653 4705 1861 4774 inquie-

285 4800 399 4846 tare
422 4795 874 4864 przesumpsimus.
898 4792 1158 4849 Novimns
1179 4795 1400 4861 etenim,
1425 4796 1861 4851 reverentissime

285 4883 518 4948 domine,
548 4885 816 4952 quomodo
850 4885 1121 4952 prioribus
1152 4885 1501 4956 petitionibus
1532 4886 1732 4940 nostris
1768 4887 1863 4942 be-

285 4977 446 5047 nigne
472 4986 526 5032 et
553 4977 972 5033 misericorditer
997 4979 1250 5033 assistere
1294 4979 1497 5048 dignati
1539 4979 1696 5044 estis,
1727 4993 1860 5048 quo-

283 5068 442 5122 modo
469 5068 633 5123 etiam
679 5083 710 5122 a
751 5069 910 5123 nullis
953 5068 1152 5123 nostris
1197 5069 1424 5132 meritis,
1464 5078 1520 5125 et
1548 5070 1690 5139 quod
1721 5087 1858 5124 nun-

283 5176 446 5230 quam
468 5160 707 5216 futurum
729 5162 1098 5231 sperabamus,
1113 5161 1335 5216 alteram
1358 5163 1513 5217 nobis
1534 5162 1854 5218 electionem

283 5251 572 5322 impetrare
614 5269 678 5308 ac
735 5253 1028 5309 concedere
1076 5253 1378 5308 studuistis.
1440 5253 1546 5308 Sed
1599 5253 1855 5322 quoniam

283 5344 518 5413 peccatis
548 5344 766 5408 nostris,
808 5351 868 5398 ut
911 5344 1203 5411 credimus,
1258 5343 1617 5414 exigentibus,
1647 5351 1770 5398 vota
1801 5350 1854 5398 et

283 5433 569 5499 desideria,
601 5434 793 5504 quibus
814 5434 1152 5487 sanctitatem
1176 5441 1415 5488 vestram
1452 5433 1610 5488 toties
1640 5433 1855 5502 pulsare

282 5526 399 5582 ausi
423 5541 628 5591 sumus,
653 5523 942 5595 plurimum
981 5522 1237 5594 impedita
1272 5523 1340 5578 ad
1379 5522 1629 5580 effectum
1668 5537 1858 5593 perve-

369 5676 500 5732 aEx
545 5677 644 5731 hac
685 5675 909 5745 epistola
965 5683 1020 5728 et
1063 5675 1269 5730 duabus
1307 5676 1656 5744 sequentibus
1705 5682 1854 5746 patet

280 5759 403 5818 post
422 5747 667 5801 Jeremim
703 5748 930 5810 obitum,
961 5747 1051 5813 qui
1079 5746 1299 5818 contigit
1332 5746 1547 5818 ineunte
1581 5763 1722 5801 anno
1746 5747 1850 5802 8‘28

283 5816 505 5875 vacasse
528 5818 857 5886 aliquantum
889 5816 1144 5885 temporis
1175 5817 1357 5872 sedem
1385 5817 1772 5873 Senoncnscm.

717 5907 988 5968 PA'I‘ROL.
1024 5905 1170 5970 (Νι.

1976 2028 2091 2083 Etsi
2121 2027 2336 2098 quidem
2383 2029 2448 2083 ad
2478 2029 2582 2085 hoc
2611 2045 2748 2084 onus
2789 2028 3070 2085 ferendum
3115 2044 3347 2099 persona
3395 2045 3558 2099 quam

1977 2121 2206 2176 dicimus
2225 2121 2467 2177 sufﬁcere
2495 2123 2740 2178 minusve
2757 2123 2978 2194 poterit,
3010 2122 3338 2192 dignationis
3362 2133 3558 2178 vestrae

1969 2210 2174 2281 judicio
2201 2223 2294 2269 aut
2315 2215 2642 2285 suscipiatur
2665 2223 2758 2270 aut
2782 2214 3118 2285 reprobetur.
3166 2215 3302 2270 Dum
3329 2215 3560 2286 amplius

1976 2319 2077 2360 nec
2103 2321 2200 2362 nos
2224 2306 2503 2376 acquisitis
2527 2307 2900 2362 occasionibus
2929 2307 3145 2378 quidam
3182 2307 3261 2363 sic
3290 2308 3554 2374 crucient,

1977 2416 2078 2456 nec
2104 2417 2134 2456 a
2178 2402 2334 2458 nobis
2360 2402 2740 2474 abjectissimis
2782 2411 2962 2459 vestra
2995 2403 3429 2458 mansuetissima
3469 2419 3558 2460 su-

1974 2494 2212 2551 blimitas
2241 2495 2439 2551 diutius
2487 2496 2838 2566 inquietetur.
2888 2495 2987 2554 His
3028 2496 3211 2567 itaque
3257 2496 3556 2552 clementiae

1973 2595 2169 2642 vestra:
2205 2587 2493 2658 suggestis,
2526 2597 2688 2658 atque
2722 2588 2926 2643 utinam
2974 2587 3299 2657 impetratis,
3341 2603 3558 2643 oramus

1975 2696 2264 2750 supernam
2293 2681 2723 2738 misericordiam
2764 2689 2823 2736 ut
2852 2681 3167 2736 multimoda
3202 2698 3300 2738 vos
3335 2695 3558 2752 prospeo

1974 2771 2136 2826 ritate
2157 2773 2341 2829 valere
2375 2775 2636 2830 concedat
2670 2783 2726 2830 et
2750 2783 2965 2831 aeternae
2989 2775 3339 2832 beatitudinis
3361 2775 3554 2848 gaudia

1975 2864 2233 2934 consequi
2262 2865 2584 2935 quandoque
2608 2865 2910 2936 permittat.

2046 2951 2258 3007 Eximio
2299 2953 2508 3008 domino
2551 2964 2600 3008 et
2637 2971 2752 3010 vere
2791 2956 3122 3010 sanctissimo
3163 2955 3424 3010 Hilduino
3469 2972 3556 3009 sa-

1973 3045 2076 3098 cris
2127 3045 2342 3115 negotiis
2373 3064 2406 3099 a
2453 3044 2562 3098 Deo
2601 3045 2820 3116 prwlato
2853 3045 3127 3102 Senoniae
3161 3045 3305 3099 urbis
3352 3045 3556 3115 objecta

1975 3134 2217 3208 [abjecue
2245 3143 2292 3192 et
2335 3135 2571 3209 humilis]
2602 3136 2816 3192 humilis
2844 3135 3098 3192 Ecclesia:
3135 3145 3438 3209 perpetuam
3463 3153 3552 3191 sa-

1973 3225 2156 3284 lutem.

2507 3321 2843 3379 EPISTOLA
2879 3320 3020 3377 XVI.

2525 3431 2594 3469 AD
2628 3429 2993 3470 EGINHARDUII.

2038 3510 2240 3584 lnclyto
2264 3520 2322 3570 et
2347 3513 2495 3570 omni
2527 3513 2808 3568 nobilitate
2837 3511 3094 3583 praeclaro
3125 3511 3438 3570 Ecmmnno
3460 3515 3553 3572 do—

1968 3603 2117 3659 mino
2145 3603 2485 3661 sanctissimo
2512 3603 2790 3660 Senonica:
2830 3603 3087 3660 Ecclesiae
3122 3605 3422 3660 humillima
3459 3606 3551 3662 de-

1967 3694 2132 3749 votio.

2037 3784 2499 3856 Praesumpsimus,
2535 3785 2610 3840 mi
2633 3785 2866 3851 domine,
2893 3784 3116 3838 auribus
3136 3783 3437 3840 clementiae
3454 3801 3547 3842 vc-

1967 3888 2095 3932 sme
2111 3880 2451 3932 necessitatis
2471 3885 2668 3933 nostrae
2690 3893 2884 3932 causas
2899 3877 3174 3932 humiliter
3188 3878 3546 3943 innotescere,

1965 3976 2027 4023 ut
2063 3983 2161 4038 per
2181 3977 2423 4024 vestram
2455 3968 2712 4038 pietatem
2741 3971 2807 4024 de
2831 3969 2917 4024 his
2957 3969 3206 4024 celeriter
3240 3986 3548 4026 mereamur

1965 4059 2388 4116 consolationem
2415 4060 2678 4130 recipere.
2720 4059 2918 4114 Notum
2941 4060 3096 4116 vobis
3125 4076 3245 4116 esse
3277 4062 3551 4117 credimus

1966 4153 2111 4223 quod
2145 4153 2300 4210 nobis
2335 4153 2724 4225 indignissimis
2765 4169 2796 4208 a
2830 4153 3028 4212 domno
3069 4155 3398 4225 imperatore
3420 4172 3550 4212 con-

1965 4261 2175 4302 cessum
2199 4246 2379 4303 fuerat
2400 4255 2459 4301 ut
2488 4263 2556 4303 ex
2596 4247 2751 4303 nobis
2781 4247 2914 4318 ipsis
2954 4247 3272 4304 electionem
3314 4247 3546 4305 faciendi

1964 4337 2290 4394 haberemus
2332 4337 2627 4394 licentiam.
2690 4335 2797 4393 Sed
2839 4353 2961 4393 cum
3004 4337 3154 4392 illum
3198 4355 3357 4408 quem
3398 4339 3562 4406 scitis

1965 4429 2330 4500 elegissemus,
2356 4436 2412 4484 et
2449 4444 2482 4483 a
2517 4429 2807 4483 serenitate
2840 4427 3022 4483 domni
3058 4429 3400 4498 imperatoris
3440 4444 3544 4482 non

1962 4522 2192 4593 pleniter
2231 4521 2424 4578 fuisset
2462 4530 2731 4592 receptus,
2778 4523 3104 4592 permissum
3157 4523 3311 4577 nobis
3348 4524 3544 4578 iterum

1963 4623 2127 4671 estut
2154 4615 2338 4679 alium,
2376 4614 2423 4670 si
2460 4614 2844 4685 potuissemus,
2892 4629 2957 4670 ex
3002 4614 3155 4669 nobis
3197 4614 3320 4668 huic
3363 4613 3544 4668 ofﬁcio

1964 4722 2261 4779 congruum
2285 4705 2668 4762 inveniremus.
2709 4705 2815 4760 Sed
2845 4721 2969 4760 cum
3007 4713 3152 4761 esset
3190 4705 3460 4768 inventus,
3486 4713 3546 4758 ut

1962 4797 2256 4862 credimus,
2274 4795 2328 4850 in
2340 4795 2435 4851 Dei
2457 4794 2705 4850 etdomni
2728 4795 3067 4866 imperatoris
3086 4795 3305 4850 servitio
3327 4794 3542 4859 habilis,

1962 4889 2234 4944 nescimus
2267 4887 2338 4944 ob
2361 4904 2525 4958 quam
2559 4903 2776 4943 causam
2820 4905 2850 4941 a
2895 4888 3074 4942 missis
3117 4885 3401 4940 dominicis
3437 4902 3540 4939 non

1961 4989 2045 5035 est
2065 4979 2220 5049 plena
2247 4979 2624 5034 benevolentia
2656 4989 2959 5047 susceptus.
2987 4976 3137 5032 Unde
3159 4984 3392 5030 vestram
3415 4991 3538 5030 ora-

1964 5087 2086 5126 mus
2121 5069 2511 5141 benignitatem
2555 5080 2614 5126 ut
2648 5085 2714 5124 ex
2754 5070 2908 5124 nobis
2962 5069 3016 5122 in
3065 5066 3388 5137 adjutorium
3421 5083 3541 5122 esse

1963 5161 2284 5231 dignemini;
2346 5169 2612 5231 quatenus
2656 5160 2830 5230 ipsum
2893 5158 2958 5213 de
3019 5173 3125 5228 quo
3186 5157 3415 5212 dicimus
3473 5158 3540 5210 ad

1960 5255 2302 5322 praesentiam
2323 5253 2505 5308 domui
2538 5251 2880 5322 imperatoris
2901 5265 2999 5305 nos
3043 5248 3145 5319 ipsi
3187 5248 3534 5312 deducamus,

1961 5353 2015 5401 et
2036 5345 2268 5414 qualiter
2282 5344 2507 5416 jusserit
2538 5343 2881 5407 discutiatur,
2923 5349 2978 5394 et
3012 5340 3269 5410 probetur
3302 5339 3346 5393 si
3382 5339 3538 5394 nobis

1960 5437 2217 5505 prodesse
2236 5437 2438 5500 valeat,
2465 5443 2520 5490 et
2543 5435 2596 5487 in
2631 5432 2852 5487 servitio
2876 5431 2971 5486 Dei
3011 5438 3168 5500 aptus
3201 5445 3319 5486 esse
3345 5431 3534 5502 possit,

1960 5541 2029 5581 an
2054 5528 2252 5582 minus.
2275 5525 2538 5598 Optamus
2560 5538 2656 5578 vos
2691 5522 2887 5578 divinis
2909 5536 3123 5593 semper
3159 5520 3357 5578 muniri
3397 5537 3535 5592 prae-

2027 5683 2056 5721 b
2095 5681 2266 5735 Homo
2291 5679 2380 5734 ille
2417 5678 2662 5734 Aldricus
2693 5685 2797 5745 est,
2818 5677 2904 5732 vel
2923 5676 3080 5744 alius,
3103 5676 3160 5732 in
3181 5673 3333 5746 cujus
3357 5674 3532 5729 locum

1954 5751 2156 5808 electus
2175 5759 2260 5806 est
2276 5749 2542 5806 Aldricus.

3019 5903 3096 5967 28
