2024 3223
280 172 332 200 915

784 174 977 211 FRECULPHI
992 173 1219 207 LEXOVIENSIS
1237 174 1389 207 EPISGOPI

1861 175 1921 203 916

279 230 459 258 moderatoris
484 230 614 264 industria
642 230 825 260 Romanorum
851 230 1070 267 Fraucorumque
1084 232 1109 262 A
1122 232 1228 259 noverit
1241 239 1258 260 a
1269 235 1363 266 nostra
1377 231 1587 264 mansuetudine
1600 236 1780 267 neq-aqum
1791 234 1922 260 setame-

278 276 486 312 eoueorporavit
503 275 655 310 imperium,
671 280 749 303 cauta
761 275 955 304 deliberatione
968 277 1069 304 consti-

274 323 391 351 luimus;
402 323 439 351 Ut
446 323 507 357 quia
521 322 686 349 serenissimi
700 327 781 356 atque
795 322 908 357 piissimi
925 322 972 348 lilii
983 322 1068 349 nostri

269 365 689 404 "magniimperatorisLtnba’rii,
701 368 813 404 ejusque
826 367 939 398 fratrum
950 368 1067 395 dilectis—

277 415 407 444 simorum
416 414 532 443 ﬁliorum
540 419 696 444 nostrorum
703 414 832 443 Ludovici
839 419 867 443 et
877 415 965 443 Caroli
975 423 1066 450 regum

268 460 425 487 avunculus
435 464 487 493 est,
499 461 609 496 insuper
619 461 762 488 sanctitate
773 461 949 496 doetrinaqne
961 460 1067 496 conspi-

276 505 351 537 cuus,
370 505 404 532 ab
416 503 468 534 hac
480 507 543 534 sede
558 506 728 535 sanctissima
744 507 926 542 apostolorum
939 508 1067 543 principis

274 550 437 580 auctoritate
444 558 581 589 percepta,
591 553 687 581 vestris
695 554 903 582 necessitatibus
909 555 966 583 vice
975 559 1067 582 nostra

273 596 387 625 idoneus
411 599 511 633 ubique
538 599 662 626 minister
683 600 792 626 cxistat.
816 600 848 626 Et
866 600 928 635 quia
946 600 1066 627 omnium

273 646 427 671 vestromm
455 645 662 672 sollicitudinem
693 645 729 672 illi
757 652 850 681 gerere
877 647 1066 681 pra‘ccpimus,

272 690 392 717 omnium
407 690 531 718 volumus
546 691 698 719 obedientia
722 692 856 718 comitari.
886 692 967 718 Decet
989 700 1065 724 sane,

271 734 382 768 fratres,
401 740 430 763 ut
442 737 487 772 qui
501 745 549 772 pro
564 738 689 764 omnibus
704 737 819 769 laborat,
833 743 991 765 cunctorum
1004 739 1066 766 sub—

270 779 341 807 sldio
355 779 491 808 fulciatur.
504 781 572 810 Huic
580 790 644 817 ergo
655 782 681 809 in
693 782 888 818 congregandis
897 783 1066 816 generalibus

270 827 389 861 synodis,
403 827 429 854 in
445 829 571 856 omnibus
591 830 806 864 supradictartnn
823 830 960 865 regionum
983 831 1065 865 parti—

268 870 320 899 bus
330 876 449 900 nostram
467 875 670 902 commodamus
686 877 885 908 auctoritatem,
897 883 923 903 et
935 878 1064 912 quidquid

1121 277 1221 303 variam
1245 277 1441 304 absolutionem
1456 275 1629 310 adepturum;
1645 277 1702 304 Lnisi
1715 276 1921 312 Minimum-

1119 322 1228 350 vinci-ali
1252 322 1373 358 syriodu,‘
1387 324 1414 349 et
1438 320 1611 358 postmodum
1636 323 1766 358 generali,
1794 323 1922 359 pmdieti

1119 367 1212 396 fratris
1226 361 1313 396 nostri
1334 367 1473 398 audientis
1494 367 1552 402 ejus
1576 367 1659 399 luem
1680 369 1754 398 actio
1775 370 1920 400 ventilata.

1119 413 1175 441 Illic
1191 414 1264 441 enim
1287 421 1370 441 causa
1396 414 1726 447 subtilis-elumbem”
1748 414 1794 442 ubi
1809 420 1922 450 perpe-

1120 462 1191 486 trata
1198 459 1375 494 dignoscitur.
1387 458 1492 491 “mea
1502 459 1531 487 si
1538 460 1611 488 sese
1621 467 1671 487 nos
1682 459 1777 488 venire
1787 458 1922 495 poposce-

1119 505 1165 538 rit,
1180 509 1211 533 ut
1222 509 1284 533 ante
1308 500 1492 541 praediitimus,
1510 513 1565 534 me
1577 511 1711 534 teneatur.
1725 506 1754 534 Si
1769 511 1860 537 autem
1876 506 1921 534 vel

1118 552 1160 579 sui
1184 551 1383 585 metropolitani
1408 552 1601 587 provincialem
1628 552 1761 588 synodum
1787 556 1921 579 evocatus

1118 597 1194 624 adire
1205 597 1333 628 noluerit,
1350 597 1391 624 vel
1404 598 1436 624 ad
1449 598 1601 633 generalem
1615 598 1721 633 praefati
1736 598 1833 625 vicarii
1845 592 1921 633 lega-

1119 644 1193 678 tique
1213 644 1300 672 nostri
1329 647 1493 673 conventum
1520 644 1613 673 venire
1632 644 1842 678 mutempserit,
1853 652 1920 671 cum

1118 691 1177 718 haec
1189 690 1290 717 nostris
1301 690 1458 724 apostolicis
1473 690 1584 718 auribus
1595 698 1642 726 per
1653 697 1718 717 suas
1734 690 1842 717 litteras
1855 690 1922 717 inti-

1119 746 1194 764 mare
1207 737 1367 769 decreverit,
1381 741 1472 763 nostra
1485 740 1512 763 et
1532 737 1616 763 totius
1632 736 1760 763 Ecclesiae
1775 735 1921 763 catholicas

1117 792 1146 811 sc
1154 785 1260 811 noverit
1272 783 1623 816 auctoritatejudicandum.
1636 782 1712 815 Quod
1726 782 1748 809 si
1758 781 1921 808 violentiam

1118 830 1166 856 sibi
1185 839 1198 855 :t
1225 830 1355 863 religiosis
1370 829 1431 854 ﬁliis
1446 828 1545 855 nostris
1562 828 1669 863 regibus
1684 827 1799 862 quilibet
1811 827 1921 861 episco-

1117 884 1223 910 porum,
1238 875 1383 909 quominus
1397 881 1531 901 canonum
1546 877 1646 900 statuta
1660 872 1806 904 custodiat,
1823 872 1919 907 queri-

268 917 428 951 provinciali
442 919 543 955 synodo
557 920 637 948 fuerit
652 921 800 953 definitum,
825 921 858 949 ad
883 921 941 956 cjus
962 923 1062 956 absth
1077 916 1101 946 Β
1116 921 1316 955 tut-irrogatam
1327 941 1333 952 ,
1349 928 1398 947 nos
1410 921 1460 947 hoc
1473 919 1627 954 suli‘ugium,
1640 924 1777 947 annuente
1788 920 1920 951 Domino,

268 961 398 991 dilatione
414 965 559 1002 statuimus
571 966 696 1001 notitiam
723 967 935 1003 perducendum.
965 968 992 995 Si
1022 969 1064 995 cui

259 1010 360 1035 autem
373 1009 406 1036 ab
422 1007 611 1045 illis'parlibue
631 1012 701 1040 hanc
722 1018 844 1041 sanctam
860 1013 951 1041 sedem
974 1014 1062 1048 appel-

269 1053 326 1081 lare
338 1062 405 1090 opus
416 1055 508 1089 fuerit,
523 1061 550 1084 et
561 1058 586 1085 in
600 1063 691 1086 nostra
712 1059 849 1087 audientia
865 1066 893 1086 se
909 1060 993 1087 audiri
1018 1069 1064 1095 po-

267 1102 396 1136 poscerit,
409 1103 483 1138 hunc
493 1112 695 1140 commonemus
715 1110 744 1133 nt
757 1107 790 1134 ad
809 1106 869 1141 ejus
879 1107 996 1141 primum
1016 1116 1063 1134 au-

266 1145 396 1185 dientiam
409 1155 439 1176 se
448 1149 600 1183 submittat,
616 1155 643 1178 ct
667 1152 912 1179 ecclesiasticorum
924 1157 1063 1189 gestorum

266 1190 293 1218 in
325 1199 374 1219 sua
403 1194 513 1230 regione
540 1196 691 1224 rationabili
720 1199 868 1234 digestione
892 1200 1006 1235 prolata,
1039 1201 1061 1228 si

266 1237 455 1274 episcoporum
480 1241 513 1268 de
525 1249 557 1269 eo
574 1243 618 1277 qui
640 1242 709 1271 forte
730 1245 889 1274 criminibus
910 1245 1061 1280 impetitur,

264 1286 401 1314 sententia
425 1287 631 1322 discordaverit,
653 1294 682 1317 ut
706 1291 740 1318 ab
763 1291 823 1318 aliis
843 1300 914 1324 rcus,
932 1283 1062 1321 innocens

262 1328 399 1364 iudicetur
414 1333 447 1360 ab
462 1333 538 1367 aliis;
555 1339 619 1363 tunc
641 1336 707 1371 ipsis
728 1338 811 1373 gestis
827 1338 860 1365 ad
880 1346 929 1366 nos
953 1339 1059 1374 delatis,

263 1375 361 1404 litteris
373 1379 455 1406 etiam
463 1381 568 1415 prmfatl
582 1382 673 1411 fratris
685 1385 781 1416 nostri,
791 1385 833 1412 cui
844 1385 928 1412 vicem
939 1387 1061 1415 nostram

263 1423 457 1456 concessimus,
484 1429 698 1461 commendatus,
728 1430 785 1458 sive
813 1431 845 1457 ad
869 1439 929 1464 nos,
953 1432 1009 1459 sive
1027 1433 1061 1460 ad

261 1465 412 1495 beatissimi
430 1468 513 1498 Petri
536 1472 628 1500 sedem
651 1479 763 1502 securus
787 1476 907 1509 accedat,
933 1476 1060 1512 nullaque

261 1515 323 1539 cum
341 1512 369 1540 in
388 1514 521 1543 veniendo
535 1524 611 1544 mora
626 1520 782 1555 prmpediat.
799 1519 885 1554 Quam
902 1521 983 1549 etiam
995 1530 1060 1549 con-

261 1557 334 1586 dicto
354 1558 430 1588 fratri
450 1566 544 1591 nostro
557 1563 674 1600 Drogoni
699 1566 904 1603 archiepiscopo
917 1567 945 1596 in
957 1568 1060 1597 exami-

260 1604 358 1634 nandis
372 1614 404 1634 ac
420 1603 609 1644 perquirendis
633 1611 766 1647 episcopis
793 1600 819 1641 et
843 1600 986 1642 abbatibus
1006 1615 1056 1643 sub
1072 1600 1094 1635 C

260 1650 312 1679 hoc
328 1655 421 1680 tenore
443 1654 513 1683 hanc
531 1660 652 1684 nostram
676 1657 813 1685 licentiam
828 1663 854 1687 et
866 1660 1055 1688 auctoritatem

260 1698 453 1729 concessimus.
468 1700 542 1730 salvo
558 1702 584 1729 in
598 1702 724 1731 omnibus
734 1702 814 1737 hujus
824 1705 987 1732 universalis
1001 1705 1056 1735 Ro-

259 1750 346 1771 mana:
359 1744 431 1773 sedis
446 1747 573 1781 primatu,
591 1748 731 1783 nostrique
753 1750 914 1783 pnesulatus
940 1751 1053 1784 honore,

258 1788 405 1826 vigoreque
419 1796 446 1819 et
461 1793 625 1825 exultatione
638 1794 791 1823 charissimi
807 1804 840 1823 ac
863 1797 992 1831 spiritalis
1006 1797 1053 1826 lilii

258 1837 345 1864 nostri
361 1838 451 1866 domui
467 1838 588 1868 Lotharii
603 1841 693 1877 magni
706 1842 887 1876 imperatoris.
901 1843 967 1872 Nam
977 1845 1058 1872 nobis

258 1881 336 1909 valde
352 1883 460 1918 placuit,
477 1878 587 1922 propter
600 1887 722 1917 diversas
737 1887 919 1917 Ecclesiarum
933 1889 979 1917 Dei
994 1898 1058 1925 per-

257 1929 437 1964 turbationes,
450 1932 502 1960 hoc
525 1934 707 1962 necessariqu
731 1936 852 1971 satisque
865 1937 976 1973 dignum
988 1945 1056 1973 opus

260 1974 379 2010 explere.
406 1976 436 2004 Si
456 1985 534 2010 vero,
551 1979 602 2007 hac
616 1979 801 2009 admonitione
815 1985 980 2018 contempta,
999 1983 1056 2010 sola

259 2020 435 2057 improbitate
448 2031 479 2053 se
499 2025 659 2056 criminibus
677 2029 832 2058 exuendam
847 2029 1054 2063 existimaverit,

1115 968 1213 994 littcris
1230 968 1260 993 ad
1274 976 1319 993 cos
1335 967 1423 993 missis
1438 966 1573 992 credimus
1589 966 1792 1000 amputandum.
1807 964 1922 1000 Nequa-

1116 1022 1196 1048 quam
1212 1015 1284 1041 enim
1307 1014 1397 1040 auditu
1421 1013 1559 1040 tolerabile
1587 1016 1640 1044 cst,
1666 1016 1695 1039 ut
1720 1020 1920 1047 germanorum

1115 1061 1229 1087 fratrum
1250 1062 1274 1087 in
1293 1062 1343 1087 tidc
1363 1061 1503 1087 Trinitatis
1529 1066 1605 1087 terna
1621 1061 1737 1087 societas
1753 1068 1768 1087 a
1789 1060 1833 1087 sui
1850 1060 1922 1087 dile-

1114 1107 1206 1134 ctione
1220 1112 1248 1133 et
1261 1106 1398 1133 communi
1413 1105 1485 1139 juris
1496 1106 1626 1140 tuquitato
1644 1106 1771 1133 dissiliat.
1796 1105 1880 1138 Quod
1896 1105 1919 1132 si

1114 1162 1209 1182 eorum
1228 1154 1342 1189 quilibet
1363 1158 1426 1188 post
1438 1154 1579 1181 discordia:
1593 1153 1744 1189 principem
1762 1153 1843 1180 abire
1859 1160 1919 1180 ma-

1112 1201 1203 1233 luerit,
1224 1209 1274 1228 nec
1293 1201 1429 1228 catholica
1457 1201 1538 1228 fuerit
1561 1206 1629 1236 pace
1655 1199 1810 1232 contentus,
1826 1197 1917 1231 hunc,

1113 1248 1211 1276 merito
1223 1248 1279 1275 Deo
1287 1247 1447 1279 auxiliante,
1459 1247 1598 1275 canonicis
1608 1246 1825 1278 auctoritatibus,
1835 1250 1921 1280 prout

1112 1294 1210 1321 melius
1238 1301 1393 1329 possumus,
1420 1293 1554 1328 castigare
1583 1293 1736 1320 studemus.
1765 1291 1917 1323 Cancrum,

1113 1339 1221 1371 fratres,
1245 1343 1372 1373 tanquam
1387 1339 1436 1366 sub
1459 1345 1514 1366 uno
1528 1337 1669 1365 cbaritatis
1685 1337 1764 1372 globo
1778 1336 1918 1364 constitu-

1112 1388 1168 1412 tam
1178 1387 1298 1412 vestram
1315 1384 1438 1418 alloquor
1451 1384 1636 1415 sanctitatem,
1648 1387 1678 1409 ut
1690 1383 1807 1417 idipsnm
1816 1378 1917 1408 omnes

1112 1430 1246 1462 sentiatis,
1261 1434 1289 1457 et
1303 1437 1355 1456 non
1368 1430 1422 1456 sint
1440 1430 1465 1456 in
1482 1429 1558 1456 vobis
1575 1429 1733 1459 schismata,
1749 1435 1840 1462 neque
1867 1435 1917 1462 per

1111 1474 1216 1510 aliquos
1241 1474 1362 1502 inanium
1388 1469 1669 1511 argumentationum“
1684 1466 1839 1506 cuniculos,
1873 1473 1916 1500 vel

1110 1521 1187 1549 vobis
1202 1521 1279 1556 ipsis,
1301 1521 1342 1548 vel
1365 1521 1463 1556 populo
1483 1521 1560 1548 vobis
1585 1520 1742 1553 commisso,
1766 1520 1916 1547 veritatem

1111 1568 1274 1600 subducatis.
1287 1576 1346 1603 quae
1361 1569 1461 1602 absque
1470 1568 1658 1603 ret‘ragationis
1668 1566 1839 1594 diverticulo
1847 1574 1917 1594 vera

1109 1613 1296 1650 prosequitur,
1308 1614 1401 1641 (licens
1415 1623 1422 1640 ε
1436 1614 1511 1641 Beati
1526 1614 1641 1648 paciﬁci,
1664 1613 1790 1648 quoniam
1802 1612 1854 1647 ﬁlii
1867 1612 1917 1639 Dei

1109 1661 1273 1689 vocabuntur
1291 1659 1398 1695 (Matth.
1425 1659 1463 1695 v).
1484 1659 1519 1686 At
1534 1664 1630 1686 contra
1652 1658 1698 1693 qui
1715 1651 1785 1685 bella
1805 1657 1916 1690 volunt;

1110 1707 1172 1741 quia
1185 1705 1283 1734 diaboli
1298 1705 1345 1733 ﬁlii
1358 1705 1425 1737 sint,
1436 1704 1524 1740 palam
1537 1705 1619 1732 datur
1637 1704 1762 1740 intelligi.
1789 1703 1844 1731 Sed
1865 1711 1916 1732 nos

1109 1754 1137 1782 in
1149 1760 1181 1780 eo
1194 1752 1239 1787 qui
1252 1752 1337 1779 vincit
1346 1751 1488 1784 mundum,
1499 1751 1579 1779 beato
1591 1750 1673 1779 Petro
1686 1751 1811 1785 apostolo
1823 1750 1913 1778 inter-

1109 1799 1233 1830 cedente,
1250 1797 1420 1829 ooniidimus,
1435 1798 1505 1834 quod
1518 1797 1591 1825 nullo
1607 1797 1691 1833 typho
1707 1796 1849 1824 saecularis
1862 1803 1913 1823 au-

1109 1846 1193 1873 daciae
1216 1849 1307 1872 vestra
1331 1844 1483 1872 succumbit
1511 1845 1658 1872 auctoritas
1678 1853 1684 1872 :
1703 1848 1796 1871 tamen
1812 1842 1914 1871 etsl'ad

1109 1897 1215 1928 tempus
1228 1891 1431 1927 przevalucrint,
1448 1892 1510 1926 quia
1525 1892 1551 1919 in
1564 1895 1697 1920 aeternum
1708 1890 1914 1918 damnabantur

1108 1941 1266 1976 ambiguum
1290 1947 1344 1967 non
1370 1943 1421 1967 est.
1437 1939 1491 1967 Vos
1510 1943 1599 1966 autem
1625 1939 1673 1967 etsi
1688 1937 1913 1972 persecutionem

1107 1986 1232 2021 patimini
1247 1989 1359 2020 propter
1366 1984 1511 2020 justitiam,
1526 1985 1608 2013 beati.
1619 1985 1691 2013 Deus
1701 1991 1748 2012 vos
1759 1982 1913 2011 incolumes

1109 2030 1254 2063 custodiat,
1273 2029 1382 2058 fratres.
1398 2030 1495 2059 Amen.

905 2193 992 2214 ANNO
1016 2192 1134 2215 DOMINI
1158 2193 1265 2217 θῦσαι.

624 2268 1511 2394 FBECULPHUS

839 2449 1289 2484 LEXOVIENSISEPISCOPUS.

552 2549 785 2609 ‘NOTITIA
811 2569 1087 2611 HISTORICA

1126 2570 1181 2612 IN
1220 2570 1583 2612 FREGULPHUM.

842 2648 961 2680 (Febrim,
975 2649 1037 2675 Bibl.
1049 2650 1112 2677 med.
1124 2653 1149 2676 et
1174 2650 1217 2676 ini.
1229 2650 1296 2683 Lat.)

982 2716 1179 2726 -ια

292 2747 469 2782 Freeulphus,
485 2754 518 2775 ex
542 2748 676 2776 monacho
697 2746 800 2776 ordinis
824 2747 992 2776 Benedictini
1020 2754 1046 2777 et
1060 2750 1086 2779 D

255 2783 353 2818 abbate
376 2782 502 2811 Fuldensi
525 2782 665 2818 episcopus
688 2782 723 2810 ab
743 2791 813 2810 anno
832 2783 885 2810 823
903 2784 936 2811 ad
954 2784 1001 2811 851
1020 2785 1046 2812 in

254 2817 342 2847 Gallia
354 2817 655 2853 Lexoviensis,'scrip’sit
666 2824 749 2846 tomos
762 2819 827 2846 duos
837 2818 1027 2847 Chronicorum
1039 2828 1047 2846 :

292 2876 457 2914 (η)γξν(›1ιιηιΔ
471 2876 587 2914 priorum
612 2877 851 2914 tomumhinspcxit
877 2877 1045 2914 Sigebertus,

253 2911 376 2948 cap.'90,
393 2916 419 2940 ct
435 2911 611 2948 Trlthcmius,
622 2917 681 2950 cap.
696 2912 760 2941 259.

1099 2757 1214 2784 quorum
1228 2748 1266 2785 (a)
1279 2749 1363 2783 prior,
1380 2748 1405 2776 in
1418 2752 1521 2783 septem
1530 2747 1651 2776 tributus
1660 2746 1757 2780 libros,
1771 2755 1806 2785 ea
1814 2746 1905 2778 Eliu-

1101 2782 1211 2825 iltarttm
1221 2782 1237 2818 ,⁷
1245 2782 1438 2825 praeceptorem
1448 2782 1529 2811 suum
1541 2804 1548 2817 ,
1560 2791 1646 2825 quem
1660 2782 1835 2825 intlerandum
1847 2791 1904 2825 μετ

1101 2821 1229 2847 εει-(Ιοιεηι
1245 2818 1285 2856 (ὁ)
1302 2818 1436 2854 appellat,
1455 2827 1470 2846 a
1500 2818 1654 2846 conditione
1679 2818 1760 2853 primi
1783 2818 1907 2862 hominis.

1135 2877 1171 2918 (εὸ)
1191 2876 1218 2904 in
1235 2877 1542 2918 carmineuliexametro,
1567 2875 1638 2917 quod
1653 2876 1687 2904 ad
1700 2875 1825 2918 eumdem

1096 2913 1240 2943 sacharum
1246 2913 1429 2949 praemittitur.
1582 2913 1585 2917 '
1710 2921 1713 2923 >
1804 2915 1807 2918 λ
1883 2915 1885 2918 ·
