4048 6500
531 379 640 438 955

1524 381 1910 439 FRECULPHI
1949 381 2399 440 LEXOVIENSIS
2439 383 2742 442 EPISCOPI

3689 399 3788 458 936

527 503 586 554 et
605 493 834 558 Gerara,
881 499 935 548 et
979 491 1230 556 Sodoma,
1259 499 1313 545 ct
1352 491 1674 560 Gomorrha,
1702 501 1754 550 et
1795 494 2020 560 Adamn,
2052 501 2108 549 et
2134 503 2184 558 Α
2209 493 2448 564 graviter
2475 505 2698 564 peccata
2733 509 3036 554 senserunt.
3069 501 3138 558 Et
3161 504 3254 574 qui
3273 505 3580 576 iuventutis
3615 515 3788 571 multi-

531 585 752 644 Seboim
781 593 921 639 notae
947 591 1071 638 sunt
1099 583 1403 638 nominibus
1426 585 1557 636 suis.
1587 585 1750 640 Fiunt
1791 586 1972 656 itaque
2001 601 2110 640 om-

528 691 628 733 nes
649 675 744 730 ﬁlii
777 675 967 739 Cham,
1015 674 1116 728 hoc
1139 681 1242 737 est,
1291 674 1456 728 medii
1490 674 1586 728 filii
1615 674 1729 731 Noe
1773 685 2023 746 quatuor,
2053 685 2108 732 et

527 775 752 840 nepotes
783 768 1037 838 quinque,
1077 778 1142 820 ex
1173 781 1282 820 uno
1323 765 1440 834 ejus
1471 765 1580 822 ﬁlio
1609 777 1938 838 pronepotes
1978 770 2107 834 duo,

527 879 601 920 ex
643 871 834 933 nepote
865 875 972 916 uno
1008 859 1070 915 ﬁt
1113 875 1302 915 eorum
1343 875 1553 915 summa
1594 860 1864 916 undecim.
1905 861 2110 928 Quibus

529 951 878 1016 enumeratis,
907 950 998 1006 hic
1015 950 1222 1006 reditur
1246 950 1312 1006 ad
1341 950 1508 1004 alium
1529 949 1720 1018 Cham,
1753 951 1845 1020 qui
1880 953 2108 1008 vocaba-

527 1049 616 1096 tur
649 1039 898 1094 Mcsraim
927 1057 940 1093 :
965 1047 1021 1095 et
1060 1047 1554 1095 commemorantur
1589 1053 1726 1108 quos
1751 1040 1955 1111 genuit,
1998 1055 2106 1096 non

525 1142 782 1203 tanquam
811 1132 1006 1204 singuli
1039 1133 1304 1199 homines,
1357 1133 1453 1188 sed
1493 1134 1740 1190 nationes
1779 1145 2018 1205 septem,
2053 1143 2128 1191 et'

523 1226 592 1282 de
638 1233 811 1292 sexta,
861 1227 1010 1282 velut
1040 1227 1106 1281 de
1139 1235 1291 1281 sexto
1319 1225 1450 1290 ﬁlio,
1481 1240 1612 1294 gens
1655 1235 2110 1282 commemoratur

523 1319 718 1384 exisse,
753 1333 874 1388 quae
917 1317 1220 1388 appellatur
1263 1317 1552 1373 Philistiim
1585 1337 1597 1372 :
1630 1319 1771 1372 unde
1799 1319 1933 1373 ﬁunt
1962 1327 2106 1376 octo.

521 1409 652 1464 Inde
693 1409 891 1464 iterum
917 1411 986 1464 ad
1017 1407 1276 1464 Chanaan
1309 1409 1547 1475 reditur;
1603 1409 1658 1464 in
1687 1425 1793 1479 quo
1815 1411 1926 1467 ﬁlio
1951 1411 2112 1468 male-

522 1503 700 1558 tictus
727 1510 810 1557 est
840 1499 1034 1568 Cham,
1065 1509 1121 1556 et
1158 1515 1294 1571 quos
1323 1502 1509 1573 genuit
1535 1501 1784 1558 undecim
1829 1505 2112 1559 nominan-

519 1602 629 1650 tur.
681 1593 886 1649 Deinde
925 1607 1096 1664 usque
1142 1593 1209 1647 ad
1248 1607 1382 1663 quos
1411 1593 1547 1648 ﬁnes
1581 1595 1927 1662 pervenerint
1955 1609 2108 1650 com-

520 1684 838 1741 memoratis
883 1683 1206 1754 quibusdam
1264 1683 1574 1739 civitatibus
1629 1685 1828 1740 dicitur
1891 1700 1956 1741 ac
2013 1701 2112 1756 per

523 1777 630 1833 hoc
659 1776 716 1831 in
745 1775 873 1833 ﬁliis
903 1775 1301 1846 nepotibusque
1345 1774 1690 1845 computatis,
1741 1776 1808 1832 de
1853 1776 2110 1848 progenie

2211 585 2396 638 tudine
2443 585 2746 654 fervebant,
2783 599 2839 644 et
2877 592 3097 660 propria
3149 593 3484 663 fortitudine,
3543 616 3654 656 non
3699 605 3788 662 Dei

2209 678 2617 747 propitiatione,
2643 695 2702 735 se
2715 681 2854 736 bona
2878 683 3078 740 habere
3091 686 3402 756 credebant,
3431 705 3790 763 apposuerunt

2207 777 2269 825 ut
2288 770 2548 826 voluntati
2573 771 2670 827 Dei
2689 773 3062 832 inobedientes
3081 777 3295 834 ﬁerent.
3321 779 3473 836 Fecit
3499 792 3682 838 autem
3703 799 3792 842 eos

2206 861 2528 947 elatos_esse
2559 864 2627 920 ad
2661 864 2916 936 iniuriam
2939 867 3037 924 Dei
3061 879 3224 941 atque
3243 881 3614 946 contemptum
3639 877 3792 932 Nem-

2207 957 2368 1014 broth
2380 957 2521 1014 ﬁlius
2531 958 2697 1026 Chus,
2713 961 2808 1031 qui
2829 961 2930 1016 fuit
2941 962 3084 1020 ﬁlius
3093 963 3284 1032 Cham,
3301 967 3396 1022 ﬁlii
3409 969 3540 1025 Noe.
3557 971 3660 1037 Qui
3677 987 3792 1028 cum

2210 1057 2356 1106 esset
2369 1050 2628 1106 audacior
2639 1061 2696 1107 et
2711 1067 2874 1107 manu
2887 1053 3234 1124 fortissimus,
3253 1059 3512 1116 suadebat
3523 1060 3605 1116 eis
3619 1069 3680 1116 ut
3693 1053 3792 1118 min

2207 1139 2436 1197 Domino
2463 1143 2818 1211 ascriberent,
2857 1147 2986 1215 quia
3013 1147 3244 1205 felicitas
3280 1150 3592 1207 hominibus
3613 1155 3790 1210 eveni-

2209 1241 2315 1300 ret,
2344 1235 2436 1288 sed
2465 1235 2582 1292 haec
2621 1236 2840 1307 propria
2881 1239 3162 1295 hominum
3211 1242 3410 1297 virtute
3443 1245 3794 1314 praeberetur,

2209 1325 2354 1383 solus
2389 1327 2506 1398 ipse
2543 1343 2874 1400 praesumens
2927 1329 3176 1388 homines
3213 1348 3246 1388 a
3283 1333 3376 1390 Dei
3408 1335 3606 1392 timore
3647 1352 3798 1394 revo-

2208 1431 2354 1483 care,
2383 1425 2439 1472 et
2467 1432 2616 1488 spem
2657 1434 2810 1474 suam
2840 1419 2894 1474 in
2921 1423 3140 1491 propria
3179 1423 3378 1479 virtute
3405 1439 3696 1496 reponere.
3723 1427 3798 1484 0b

2209 1523 2372 1577 quam
2415 1523 2529 1563 rem
2571 1511 2764 1565 turrim
2807 1511 3180 1567 aediﬁcandam
3225 1513 3474 1569 altiorem
3517 1517 3796 1582 suadebat,

2209 1600 2304 1656 ubi
2356 1615 2498 1671 aqua
2531 1617 2639 1657 non
2674 1611 2861 1672 posset
2906 1605 3218 1673 ascendere,
3254 1621 3376 1678 quae
3412 1607 3580 1664 etiam
3605 1609 3799 1666 celum

2208 1688 2557 1760 pertingeret.
2583 1689 2864 1748 Multitudo
2885 1700 3067 1748 autem
3085 1709 3257 1765 prona
3269 1705 3388 1752 erat
3411 1705 3473 1752 ut
3499 1697 3798 1755 Nembroth

2209 1781 2660 1851 prteceptionibus
2707 1785 2972 1852 obediret,
3012 1793 3265 1856 putantes
3307 1803 3473 1860 grave
3515 1791 3798 1846 servitium

521 1870 694 1928 Cham
731 1871 956 1942 triginta
1007 1885 1146 1924 unus
1201 1868 1366 1940 geniti
1422 1867 1753 1923 referuntur.
1807 1867 1935 1924 Sem
1981 1885 2112 1926 vero
2139 1855 2437 1942 Bobsequi
2475 1873 2608 1941 Deo,
2660 1883 2716 1930 et
2761 1877 2958 1932 turrim
2997 1855 3358 1947 aediﬁcabant,
3409 1881 3468 1936 in
3511 1881 3664 1938 nullo
3707 1897 3800 1939 sua

521 1961 689 2018 tertio
723 1960 836 2016 Noe
863 1959 975 2016 ﬁlio
1001 1960 1242 2030 quinque
1285 1959 1506 2014 fuerunt
1547 1959 1662 2014 nati
1684 1998 1700 2026 ,
1731 1959 1824 2029 qui
1853 1973 2022 2030 usque
2043 1960 2114 2016 ad

523 2051 802 2110 Oceanum
847 2066 1092 2108 seorsum
1121 2051 1366 2107 habitant
1409 2051 1620 2118 Asiam,
1661 2051 1731 2107 ab
1770 2051 1993 2108 Eufrate
2027 2051 2112 2107 fa-

519 2147 725 2203 cientes
781 2145 1012 2200 initium.
1065 2143 1253 2200 Helam
1303 2145 1572 2216 siquidem
1628 2143 1963 2210 Helamitas,
2020 2143 2113 2215 qui

518 2238 810 2296 Persarum
840 2245 965 2294 sunt
993 2237 1270 2309 principes
1291 2276 1306 2302 ,
1335 2235 1572 2306 reliquit.
1614 2235 1786 2291 Assur
1814 2243 1994 2292 autem
2025 2233 2114 2290 Ni-

523 2348 654 2388 num
686 2331 920 2386 instituit
945 2329 1240 2394 civitatcm,
1271 2327 1364 2398 qui
1392 2341 1536 2382 nunc
1563 2327 1798 2382 Chaldazi
1828 2336 2108 2384 vocantur.

519 2421 748 2476 Arfaxat
778 2403 959 2476 autem
989 2417 1312 2474 Arfaxatcos
1341 2417 1671 2485 nominavit,
1701 2433 1824 2474 cum
1859 2419 2112 2490 princeps

520 2533 708 2574 eorum
746 2525 910 2572 esset.
963 2515 1128 2570 Aram
1177 2529 1306 2570 vero
1345 2514 1510 2568 Aram
1556 2527 1650 2570 eos
1699 2515 1936 2570 instituit
1974 2529 2111 2584 quos

517 2609 694 2666 Graeci
739 2606 892 2664 Siros
914 2607 1202 2678 appellant.
1243 2607 1390 2676 Quos
1431 2615 1615 2662 autem
1659 2622 1802 2662 nunc
1839 2606 2001 2662 Lidos
2023 2621 2112 2662 vo-

517 2711 663 2768 cant,
693 2701 858 2768 Luth,
894 2709 1024 2756 tunc
1047 2701 1252 2765 Ludas,
1285 2700 1604 2756 nominavit.
1637 2703 1804 2756 Aram
1834 2715 1964 2756 vero
1985 2699 2111 2758 ﬁliis

517 2805 751 2865 quatuor
779 2793 1161 2857 existentibus,
1196 2793 1282 2847 his
1305 2793 1524 2862 quidem
1555 2793 1790 2850 instituit
1818 2791 2112 2848 Traconiti-

517 2883 644 2940 dem
693 2891 751 2936 et
789 2883 1132 2948 Damascum,
1183 2896 1302 2952 quae
1339 2889 1423 2936 est
1463 2880 1634 2935 Media
1680 2879 1980 2935 Palmstime
2019 2879 2111 2949 Sy-

518 2974 722 3043 riaeque
774 2972 1083 3042 conjuncta.
1143 2971 1458 3026 Armeniam
1520 2985 1649 3026 vero
1699 2971 1894 3034 Otrus,
1948 2967 2111 3023 Geter

515 3066 855 3130 Bactrianos,
907 3065 1021 3122 Mes
1061 3073 1245 3120 autem
1289 3063 1589 3129 Mesaneos,
1643 3073 1762 3132 qna:
1793 3076 1936 3116 nunc
1963 3059 2108 3114 Arax

518 3167 747 3214 vocatur
772 3157 838 3211 ab
867 3157 1138 3213 omnibus.
1159 3155 1388 3210 Arfaxat
1424 3162 1606 3208 autem
1635 3153 1778 3208 ﬁlius
1807 3153 1910 3208 fuit
1957 3151 2106 3214 Sala,

519 3249 586 3304 dc
627 3264 733 3319 quo
763 3257 920 3302 natus
965 3255 1048 3303 est
1092 3247 1291 3312 Iieber,
1346 3262 1377 3300 a
1414 3262 1522 3316 quo
1556 3242 1770 3298 Judzeos
1813 3244 1965 3314 prius
2009 3241 2108 3296 He-

517 3340 697 3395 braeos
739 3347 1092 3394 vocaverunt.
1142 3338 1322 3392 llcber
1367 3345 1544 3390 autem
1584 3335 1769 3389 Jectan
1810 3335 2012 3405 genuit,
2057 3343 2112 3388 et

517 3429 746 3494 Falecb;
773 3427 924 3482 Jecta
958 3443 1106 3493 vero,
1141 3427 1232 3496 qui
1270 3425 1413 3480 ﬁlius
1457 3425 1560 3479 fuit
1599 3423 1802 3489 Heber,
1839 3421 2112 3477 habnitﬁ-

517 3520 620 3577 lios
676 3519 981 3586 llelmodat,
1042 3518 1247 3584 Salcth,
1297 3515 1614 3580 Asormoth,
1653 3513 1796 3580 Jare,
1845 3512 2110 3578 Aduram,

523 3612 669 3676 Usal,
725 3612 904 3677 Deda,
949 3609 1103 3676 Ebal,
1139 3607 1420 3672 Abimael,
1467 3605 1678 3675 Sapha,
1725 3613 1778 3660 et
1812 3603 2010 3673 Ophir,
2057 3611 2112 3657 et

516 3703 692 3768 Ebila,
723 3709 779 3758 ct
807 3699 998 3757 Jobab.
1049 3701 1143 3756 [sti
1169 3715 1201 3752 a
1228 3698 1448 3752 ﬁuminc
1488 3696 1757 3766 Cepheum
1793 3695 1980 3760 Indiae,
2016 3709 2112 3764 po-

517 3795 619 3849 sita
644 3793 787 3848 circa
830 3793 1002 3864 Syriae
1029 3791 1146 3847 loca
1192 3789 1436 3861 quaedam
1477 3787 1804 3842 inhabitant.
1836 3785 1931 3840 l-lae
1957 3799 2112 3838 nam-

516 3903 621 3958 que
647 3887 1026 3958 generationes
1057 3883 1202 3939 Sem.
1230 3881 1356 3937 Seni
1395 3895 1525 3935 vero
1563 3895 1685 3936 cum
1719 3887 1936 3934 centum
1967 3883 2111 3933 esset

517 3995 782 4034 annorum
837 3977 1024 4048 genuit
1075 3975 1320 4044 Arl’axat,
1378 3974 1600 4030 biennio
1648 3981 1772 4043 post
1824 3971 2106 4027 diluvium.

515 4070 746 4126 Arl‘axat
773 4069 908 4122 vixit
937 4067 1155 4138 triginta
1180 4067 1416 4138 quinque
1461 4065 1620 4120 annis
1645 4072 1700 4120 et
1727 4062 1914 4135 genuit
1949 4061 2107 4128 Sale;

521 4161 647 4216 Sale
697 4176 912 4232 quoque
935 4159 1070 4214 vixit
1101 4159 1324 4231 triginta
1365 4157 1551 4224 annis,
1593 4163 1648 4211 et
1679 4154 1864 4226 genuit
1908 4152 2104 4208 Heber.

519 4254 668 4309 Vixit
697 4263 876 4310 autem
897 4253 1076 4311 Heber
1101 4253 1322 4323 triginta
1351 4261 1585 4322 quatuor
1619 4247 1798 4315 annis,
1822 4255 1878 4303 et
1919 4247 2108 4318 genuit

517 4345 738 4404 Falech.

1053 4453 1280 4512 CAPUT
1345 4450 1588 4518 xxvm;
1663 4513 1672 4520 _

521 4567 608 4650 De.
627 4585 690 4623 eo
709 4569 846 4650 quod
875 4567 1076 4650 fateri:
1099 4566 1292 4650 divisio
1322 4565 1712 4650 interpretatur,
1747 4563 1872 4650 quiq
1903 4563 1958 4616 in
1993 4563 2110 4650 dig-
2133 4571 2190 4630 Ῑ)

502 4691 504 4694 .
591 4633 828 4715 busejus
864 4639 1053 4715 divisio
1093 4637 1394 4715 linguarum
1423 4633 1704 4715 factaest,
1745 4643 1798 4686 ut
1839 4633 2108 4715 de'wdiﬁ-

591 4702 795 4765 satione
825 4710 1009 4774 turris,
1038 4717 1084 4762 et
1111 4702 1315 4778 de'ejus
1341 4702 1654 4772 Nembrotlt,
1689 4721 1781 4760 seu
1803 4703 1930 4778 quid
1960 4703 2023 4759 de
2048 4720 2110 4759 ea

592 4782 824 4852 gentium
848 4781 1106 4850 sapientes
1124 4777 1396 4832 senserint.

589 4895 696 4952 Iste
721 4903 902 4950 autem
934 4891 1132 4947 Falcch
1161 4891 1339 4946 dictus
1367 4899 1451 4945 est
1469 4931 1484 4956 ,
1529 4891 1788 4960 quoniam
1816 4891 2112 4947 secundum

521 4987 842 5044 divisionem
887 4984 1164 5040 nationum
1215 4991 1374 5038 natus
1403 4991 1487 5038 est
1513 5001 1524 5036 :
1553 4981 1750 5038 Falech
1791 4993 1971 5040 autem
2014 4983 2116 5040 He-

520 5077 654 5134 braei
677 5076 994 5131 divisionem
1031 5081 1247 5142 vocant,
1277 5076 1534 5144 quoniam
1561 5075 1687 5130 dum
1718 5091 1885 5129 unum
1911 5075 2112 5131 hucus-

522 5186 629 5242 que
675 5179 818 5226 esset
861 5168 1062 5224 labium
1113 5167 1370 5234 hominis,
1413 5168 1647 5224 divisum
1703 5175 1789 5222 est
1830 5169 1885 5222 in
1930 5168 2111 5237 plures

523 5263 730 5322 scilicet
759 5263 990 5335 linguas,
1020 5270 1075 5317 et
1096 5277 1216 5333 quae
1243 5262 1509 5318 hactenus
1533 5261 1828 5316 vocabatur
1848 5259 2107 5326 humana,

525 5359 776 5430 deinceps
806 5399 823 5426 ,
854 5357 1104 5428 exigente
1134 5355 1412 5426 superbia,
1440 5353 1656 5409 diversa
1693 5351 1991 5422 promeruit
2016 5367 2111 5408 vo-

525 5453 734 5510 cabula.
777 5453 888 5506 Deo
925 5459 1106 5505 autem
1130 5449 1353 5517 jubente
1385 5458 1444 5502 ut
1486 5455 1798 5502 crescerent
1845 5455 1900 5501 et
1929 5445 2111 5501 multi-

524 5547 856 5621 plicarentur
883 5551 1008 5614 post
1034 5542 1296 5598 diluvium
1333 5541 1428 5597 ﬁlii
1455 5541 1597 5606 Noe,
1637 5549 1692 5596 et
1728 5549 1808 5608 ut,
1841 5541 2110 5597 diversam

529 5637 770 5694 colentes
795 5633 990 5689 faciem
1021 5641 1290 5688 terrarum
1310 5675 1325 5700 ,
1359 5633 1685 5690 abundantia
1713 5631 1986 5687 fructuum
2021 5649 2114 5702 po-

529 5732 793 5798 tirentur;
829 5731 922 5802 qui
967 5745 1092 5786 cum
1122 5737 1302 5787 essent
1347 5729 1622 5797 ineruditi,
1660 5737 1717 5785 et
1761 5727 1882 5784 ideo
1931 5728 2114 5785 inobe-

533 5823 741 5883 dientes
795 5825 1016 5892 fuerint,
1075 5825 1130 5882 in
1171 5823 1568 5884 calamitatibus
1617 5821 1956 5890 incidentes,
2014 5835 2111 5878 sua

2218 1963 2399 2018 studia
2419 1964 2751 2022 deserentes.
2781 1965 3040 2024 Sumebat
3061 1986 3192 2042 ergo
3215 1972 3442 2029 altitudo
3460 1973 3800 2042 facilitatem,

2217 2062 2272 2110 et
2299 2053 2584 2125 plusquam
2615 2072 2834 2127 sperare
2856 2060 2975 2130 quis
2997 2062 3190 2132 possit.
3216 2062 3394 2120 Multis
3423 2066 3610 2135 itaque
3631 2068 3801 2123 mani-

2213 2145 2314 2201 bus
2339 2145 2624 2216 fabricata,
2656 2151 2960 2206 crescebat.
2993 2151 3145 2208 Unde
3179 2163 3235 2208 et
3269 2155 3548 2224 legislator
3573 2165 3804 2214 testatur

2213 2237 2502 2293 Dominum
2548 2241 2894 2297 descendisse
2950 2243 3018 2298 ad
3061 2243 3352 2300 videndam
3397 2247 3598 2302 turrim
3643 2263 3802 2318 quam

2213 2329 2553 2386 aetiﬁcabant
2600 2331 2697 2388 ﬁlii
2741 2333 2938 2400 Adam,
2969 2335 3190 2392 dicens:
3224 2335 3361 2392 Ecce
3401 2355 3540 2394 unus
3579 2341 3804 2412 populus

2214 2429 2262 2474 et
2301 2437 2464 2476 unum
2511 2421 2710 2478 labium
2759 2426 3015 2492 omnibus,
3057 2437 3418 2500 caeparumque
3465 2431 3564 2486 hoc
3605 2431 3802 2501 facere,

2213 2527 2305 2566 nec
2339 2511 2582 2566 desistant
2615 2531 2648 2566 a
2690 2515 3112 2584 cogitationibus,
3151 2518 3314 2574 donec
3347 2537 3438 2576 eas
3479 2537 3632 2592 opere
3661 2539 3802 2578 cont-

2211 2599 2405 2670 pleant.
2455 2599 2632 2657 Venite
2677 2603 2858 2674 igitur,
2907 2606 3284 2665 descendamus
3323 2621 3374 2666 et
3418 2613 3806 2681 confundam“

2211 2689 2284 2742 ibi
2305 2689 2540 2760 linguam
2571 2709 2774 2758 eorum,
2805 2702 2864 2747 ut
2898 2711 3002 2749 non
3027 2697 3212 2752 audiat
3240 2701 3598 2772 unusquisque
3635 2719 3805 2758 vocent

2211 2781 2437 2850 proximi
2455 2783 2538 2835 sui
2562 2799 2579 2836 :
2607 2792 2763 2854 atque
2791 2784 2864 2838 ita
2891 2785 3064 2840 divisit
3089 2803 3174 2840 eos
3201 2787 3460 2844 Dominus
3485 2807 3552 2844 ea:
3576 2791 3672 2845 illo
3697 2791 3806 2846 loco

2210 2871 2264 2926 in
2287 2873 2553 2928 universas
2575 2883 2760 2930 terras.
2787 2875 2858 2930 Et
2880 2881 3208 2934 cessaverunt
3234 2881 3503 2950 wdiﬁcare
3521 2884 3802 2944 civitatem.

2211 2971 2260 3018 et
2294 2965 2488 3020 idcirco
2511 2953 2758 3021 vocatum.
2780 2977 2854 3023 est
2876 2985 3064 3024 nomen
3093 2971 3206 3041 ejus
3226 2971 3410 3040 Babel,
3433 2975 3560 3046 quia
3591 2975 3664 3029 ibi
3687 2993 3804 3030 con-

2211 3055 2389 3124 fusum
2419 3067 2492 3112 est
2523 3057 2722 3114 [abium
2747 3062 3004 3117 universa:
3031 3073 3205 3118 terrae.
3235 3063 3365 3121 Inde
3389 3077 3575 3122 autem
3601 3069 3802 3139 migra-

2153 3217 2180 3240 Ἴ
2213 3145 2386 3202 tiones
2434 3149 2634 3218 ubique
2688 3159 2932 3223 agentes,
2981 3161 3036 3208 et
3089 3163 3290 3210 terram
3343 3158 3806 3227 apprehendentes

2213 3239 2585 3309 unusquisque
2605 3240 2815 3297 felicem
2840 3258 3004 3314 quam
3025 3243 3169 3301 Deus
3187 3247 3476 3318 unicuique
3497 3249 3802 3305 distribuit:

2213 3337 2268 3386 et
2295 3331 2370 3384 ita
2401 3331 2578 3386 omnis
2608 3341 2752 3389 terra
2799 3351 2897 3405 per
2926 3349 3020 3392 eos
3044 3338 3309 3408 completa
3355 3349 3460 3406 est,
3491 3341 3808 3396 mediterra-

2211 3435 2312 3475 nea
2349 3421 2510 3476 simul
2560 3431 2723 3494 atque
2772 3427 3062 3480 maritima.
3091 3428 3322 3494 Quidam
3361 3431 3530 3486 etiam
3579 3432 3809 3488 navibus

2213 3519 2575 3581 transeuntes,
2607 3516 2810 3572 insulas
2835 3517 3234 3576 habitaverunt.
3263 3522 3418 3579 Unde
3443 3525 3642 3596 aliqua
3675 3541 3806 3597 gen-

2213 3613 2293 3661 tes
2341 3609 2409 3663 ab
2451 3605 2854 3665 institutoribus
2879 3611 3084 3682 positas
3114 3613 3500 3684 appellationes
3527 3616 3808 3689 hucusque

2213 3707 2450 3762 servant,
2501 3699 2659 3753 sicuti
2717 3701 2962 3770 superius
3013 3702 3342 3760 declaratum
3389 3713 3493 3762 est.
3547 3707 3806 3775 Quasdam

2211 3801 2344 3842 vero
2371 3788 2568 3858 placita
2603 3789 2706 3843 sibi
2755 3791 2972 3846 nomina
3017 3792 3456 3849 immutaverunt.
3499 3795 3808 3852 Divisiones

2213 3887 2394 3932 autem
2439 3879 2748 3948 linguarum
2797 3883 3134 3954 septuaginta
3183 3884 3318 3941 duas
3367 3885 3536 3942 fuisse
3579 3888 3806 3944 historia

2212 3969 2474 4036 declarat,
2505 3985 2614 4025 non
2657 3979 2720 4026 ut
2761 3973 3098 4030 solummodo
3126 3983 3206 4031 tot
3241 3976 3492 4033 homines
3521 3987 3656 4035 tunc
3685 3980 3808 4036 fuis-

2213 4071 2356 4128 sent,
2386 4069 2442 4116 et
2469 4077 2577 4118 non
2601 4064 2804 4134 plures,
2830 4067 2922 4122 sed
2947 4075 3026 4122 tot
3044 4068 3159 4139 jam
3183 4071 3454 4142 principes
3475 4071 3806 4129 familiarum

2211 4169 2280 4208 ex
2312 4153 2438 4208 ﬁliis
2471 4154 2586 4210 Noe
2613 4147 2924 4226 procreatos
2949 4161 3204 4227 ostendit,
3232 4163 3323 4232 qui
3347 4163 3574 4232 populos
3603 4173 3662 4220 et
3685 4179 3810 4238 geu-

2213 4253 2295 4299 tes
2341 4246 2716 4302 condiderunt.
2757 4247 2848 4304 Ait
2890 4251 3035 4306 enim
3083 4251 3402 4323 Scriptura:
3433 4253 3568 4309 Haec
3603 4257 3808 4326 familia

2213 4333 2332 4388 Noe
2359 4337 2520 4406 juxta
2548 4339 2766 4409 populos
2795 4351 2844 4394 et
2871 4343 3106 4397 nationes
3147 4359 3296 4411 suas,
3324 4343 3388 4398 ab
3409 4345 3596 4415 hisque
3626 4347 3808 4404 diuisa

2211 4437 2334 4482 sunt
2361 4441 2533 4500 gentes
2567 4432 2625 4486 in
2657 4441 2804 4487 terra
2832 4444 2946 4504 post
2976 4436 3250 4490 diluvium.
3276 4437 3354 4493 De
3383 4439 3485 4493 hac
3509 4453 3644 4496 vero
3673 4443 3810 4498 turri

2215 4518 2554 4592 diversisque
2607 4525 2830 4582 vocibus
2886 4526 3164 4582 homlnum
3213 4529 3460 4586 meminit
3503 4539 3559 4585 et
3606 4531 3810 4604 Sibylla

2217 4609 2402 4666 dicens
2429 4630 2440 4664 :
2474 4611 2608 4666 Cum
2636 4628 2826 4670 omnes
2853 4615 3101 4672 homines
3127 4617 3288 4674 unius
3313 4619 3462 4674 vocis
3487 4619 3808 4690 existerent,

2217 4701 2440 4771 quidam
2463 4705 2655 4759 turrim
2689 4705 3093 4763 mdiﬁcaverunt
3119 4709 3410 4777 excelsam,
3439 4721 3702 4784 tanquam
3727 4730 3810 4772 as-

2216 4797 2435 4850 censuri
2467 4810 2566 4866 per
2595 4811 2718 4852 eam
2757 4799 2826 4853 ad
2855 4799 3076 4855 coelum.
3117 4799 3202 4855 Dii
3231 4817 3362 4857 vero
3383 4813 3576 4860 ventos
3605 4807 3812 4862 immit-

2217 4896 2396 4944 tentes
2432 4897 2748 4944 everterunt
2783 4891 3000 4958 turrim,
3043 4899 3098 4946 et
3143 4907 3334 4949 vocem
3370 4895 3654 4966 propriam
3689 4897 3810 4953 uni-

2218 4983 2413 5054 cuique
2440 4983 2626 5054 partiti
2665 4994 2807 5050 sunt,
2837 4993 2892 5040 et
2917 4993 3204 5057 propterea
3233 4985 3586 5058 Babyloniam
3625 4988 3810 5046 vocari

2217 5075 2444 5146 contigit
2471 5075 2765 5130 civitatem.
2803 5076 2882 5132 De
2919 5091 3112 5147 campo
3149 5093 3280 5134 vero
3311 5078 3403 5149 qui
3423 5087 3652 5134 vocatur
3675 5077 3810 5134 Sen-

2217 5184 2352 5224 naar
2373 5167 2429 5224 in
2449 5169 2671 5238 reg-ioue
2686 5169 2997 5241 Babylonis,
3019 5172 3265 5228 meminit
3281 5171 3468 5228 Aetius
3489 5171 3802 5240 itadiceus:

2217 5261 2322 5328 Qui
2340 5276 2473 5316 vero
2493 5262 2560 5316 de
2585 5261 2954 5318 sacerdotibus
2989 5273 3118 5319 sunt
3139 5265 3333 5334 erepti,
3357 5259 3508 5320 Jovis
3535 5278 3694 5318 sacra
3713 5279 3806 5320 su-

2215 5363 2446 5422 mentes,
2479 5355 2532 5410 in
2559 5354 2806 5411 Sennaar
2829 5355 3120 5428 Babylonis
3145 5365 3428 5414 venerunt.
3455 5356 3628 5428 Igitur
3649 5355 3810 5414 Nem—

2216 5451 2377 5506 broth
2401 5449 2544 5505 ﬁlius
2569 5449 2718 5506 Chus
2747 5465 2916 5518 nepos
2943 5449 3076 5517 Noe,
3106 5451 3173 5506 de
3203 5465 3310 5519 quo
3332 5450 3447 5521 jam
3475 5451 3806 5506 mentionem

2215 5541 2463 5608 fecimus,
2489 5543 2604 5610 ipse
2627 5541 2794 5610 cmpit
2817 5551 3010 5612 potens
3038 5557 3157 5599 esse
3197 5540 3252 5596 in
3293 5549 3462 5606 terra,
3486 5549 3542 5596 et
3573 5551 3696 5596 erat
3725 5555 3808 5596 ro-

2213 5637 2407 5691 bustus
2429 5647 2656 5690 venator
2675 5649 2860 5689 coram
2889 5635 3137 5690 Domino.
3163 5633 3246 5688 Ab
3271 5633 3376 5689 hoc
3401 5633 3570 5688 exivit
3592 5645 3808 5701 prover-

2215 5727 2364 5782 bium
2394 5746 2406 5780 :
2436 5725 2605 5794 Quasi
2643 5725 2904 5781 Nemroth
2932 5725 3188 5780 robustus
3215 5731 3444 5780 venator
3471 5737 3656 5779 coram
3696 5722 3804 5776 Do-

2215 5821 2382 5876 mino.
2427 5819 2584 5888 Quod
2615 5819 2693 5876 sic
2733 5815 3140 5888 intelligendum
3180 5823 3282 5884 est,
3322 5815 3594 5887 gigantem
3643 5811 3804 5868 istum
