4048 6446
299 378 404 437 9M

843 486 1069 547 CAPUT
1106 486 1347 545 XXXVI.

300 600 581 668 Quomodo
627 599 804 655 Thura
853 616 972 656 cura
1028 601 1294 659 Abraham
1340 611 1391 658 st
1444 602 1577 658 Loth
1621 612 1670 658 et
1716 606 1878 659 Arata

353 673 539 729 exierit
562 672 627 731 de
652 670 926 739 Chaldtea,
953 682 999 726 et
1020 674 1213 729 venerit
1236 673 1505 731 interram
1528 672 1804 731 Chanaan.

368 781 538 853 Igitur
564 780 744 837 Thara
792 781 917 836 tulit
945 780 1151 839 Abram
1212 782 1382 838 ﬁlium
1436 798 1625 851 suum,
1655 794 1711 840 et
1739 784 1877 840 Loth

298 871 473 928 ﬁlium
498 871 646 928 Arau
672 871 767 927 ﬁlii
794 872 907 939 sui,
930 881 988 929 at
1013 870 1170 929 Sarai
1195 888 1395 929 nurum
1435 889 1591 929 suam
1610 915 1627 940 ,
1653 889 1878 933 uxorem

294 960 503 1017 Abram
528 960 627 1018 ﬁlii
652 962 759 1027 sui,
787 971 849 1019 et
866 964 1058 1020 eduxit
1083 979 1178 1020 eas
1204 964 1274 1025 de
1301 963 1379 1022 Ur
1399 962 1795 1031 Chaldaeorum,
1819 973 1879 1023 ut

295 1053 404 1109 iret
423 1054 481 1110 in
500 1062 703 1111 terram
720 1054 980 1113 Chanaan
1004 1074 1018 1111 ε
1038 1066 1410 1129 veneruntque
1430 1072 1601 1128 usque
1620 1059 1685 1115 ad
1706 1059 1873 1125 Aren,

292 1155 352 1201 et
405 1146 783 1203 habitaverunt
813 1148 908 1204 ibi.
951 1148 1122 1205 Porro
1164 1148 1464 1220 .losephus,
1495 1149 1571 1205 Ur
1598 1151 1873 1207 civitatem

293 1234 671 1292 Chaldaeorum
696 1252 821 1294 esse
849 1238 996 1294 dicit.
1027 1238 1107 1293 Ex
1134 1253 1240 1308 qua
1272 1239 1448 1295 Thara
1488 1240 1764 1310 profectus
1791 1249 1877 1296 est

293 1342 421 1383 cum
443 1326 646 1383 familia
674 1328 868 1384 domus
892 1344 1025 1396 suae,
1054 1340 1111 1385 et
1130 1332 1280 1386 venit
1301 1331 1356 1386 in
1382 1332 1531 1388 Aren
1547 1373 1562 1400 ,
1592 1334 1735 1402 quod
1769 1333 1875 1391 alia

292 1420 577 1475 translatio
595 1420 737 1476 solet
759 1421 1042 1477 nominem
1058 1421 1288 1478 Charra.
1312 1422 1673 1495 Hieronymus
1694 1434 1873 1485 autem

289 1511 441 1569 hunc
468 1512 709 1568 historia:
733 1513 917 1570 locum
946 1515 1020 1571 ita
1045 1516 1319 1585 explanat,
1352 1517 1561 1574 scilicet
1601 1517 1672 1573 de
1698 1528 1875 1573 morte

287 1600 463 1668 Aran,
517 1611 643 1658 ante
663 1603 872 1660 obitum
894 1606 1067 1675 patris
1088 1615 1250 1677 atque
1277 1609 1345 1663 de
1374 1607 1451 1664 Ur
1474 1607 1868 1665 Chaidaaorum.

289 1694 537 1751 Mortuus
557 1703 644 1750 est
663 1695 809 1750 Aran
832 1706 958 1752 ante
980 1696 1213 1754 Tharam
1238 1708 1449 1770 patrem
1468 1715 1625 1756 suum
1651 1700 1706 1756 in
1727 1709 1872 1759 terra

290 1785 597 1841 nativitatis
640 1802 787 1853 sua,
829 1787 884 1842 in
930 1786 1005 1844 Ur
1048 1787 1442 1846 Chaldaeorum.
1472 1789 1578 1849 Pro
1618 1806 1687 1847 eo
1726 1792 1873 1862 quod

285 1872 518 1945 legimus
537 1875 595 1930 in
613 1884 754 1931 terra
775 1877 1063 1932 nativitatis
1082 1895 1193 1934 sua:
1221 1880 1277 1935 in
1300 1876 1377 1933 Ur
1395 1878 1786 1948 Chaldworum,
1814 1882 1873 1938 in

285 1964 518 2022 Hebraeo
548 1967 777 2023 habetur
800 1968 854 2022 in
886 1965 964 2022 Ur
994 1970 1195 2033 cestim,
1226 1970 1281 2025 id
1321 1979 1427 2038 est,
1463 1971 1518 2027 in
1551 1971 1661 2043 igni
1708 1970 1872 2028 Chal-

287 2060 553 2116 dcorum.
586 2059 831 2116 Tradunt
872 2068 1053 2118 autem
1100 2061 1313 2119 Hebrml
1341 2078 1407 2120 ex
1448 2064 1552 2120 hac
1585 2065 1873 2123 occasione

284 2149 591 2205 istiusmodi
616 2148 855 2206 fabulam
870 2192 887 2219 ,
916 2152 1061 2223 quod
1084 2151 1362 2209 Abraham
1386 2155 1443 2213 in
1468 2154 1647 2226 ignem
1670 2155 1872 2213 missus

282 2246 378 2314 sit,
404 2249 531 2320 quia
559 2250 738 2323 ignem
767 2251 998 2308 adorare
1022 2252 1283 2318 noluerit,
1309 2262 1366 2309 et
1403 2254 1547 2325 quod
1575 2253 1870 2326 Babylonio

281 2339 519 2397 vallatus
534 2342 801 2409 incendio,
824 2345 921 2401 Dei
936 2345 1136 2400 auxilio
1157 2345 1442 2412 liberatus,
1463 2346 1531 2401 de
1551 2345 1872 2402 idololatriae

283 2431 399 2502 igni
433 2432 754 2506 profugerit.
785 2435 940 2503 Quod
966 2450 1098 2492 vero
1145 2436 1201 2491 in
1229 2437 1584 2508 sequentibus
1612 2437 1872 2494 scribitur

278 2537 564 2595 egressum
609 2541 731 2584 esse
766 2528 1003 2584 Thorani
1038 2544 1163 2585 cum
1188 2529 1372 2586 sobole
1410 2545 1509 2586 sua
1552 2530 1620 2586 de
1648 2529 1869 2602 regione

279 2615 679 2685 Chaldaeorum,
708 2630 811 2690 pro
828 2636 895 2675 eo
914 2621 1060 2691 quod
1085 2621 1140 2675 in
1161 2620 1389 2677 Hebraeo
1415 2622 1646 2677 habetur
1669 2621 1736 2677 de
1766 2620 1863 2689 Ur,

281 2706 390 2762 hoc
413 2716 528 2775 est,
562 2709 629 2765 de
656 2710 908 2767 incendio
940 2710 1340 2780 Chaldaeorum,
1368 2720 1426 2770 et
1464 2714 1568 2769 hoc
1602 2721 1688 2770 est
1722 2714 1867 2783 quod

278 2812 428 2854 nunc
470 2800 672 2857 dicitur
718 2820 732 2857 :
781 2801 1026 2859 Mortuus
1064 2812 1151 2858 est
1163 2804 1311 2860 Aran
1345 2813 1474 2859 ante
1514 2812 1867 2876 conspectum

280 2889 487 2947 Tharar
508 2894 682 2962 patris
711 2895 797 2949 sui
838 2895 895 2950 in
937 2904 1082 2951 terra
1131 2896 1434 2953 nativitatis
1461 2912 1607 2965 sua,
1644 2896 1702 2954 in
1744 2897 1867 2969 igne

278 2981 656 3041 Chaldaeorum
689 3003 702 3040 :
731 2987 875 3057 quod
900 2988 1151 3047 videlicet
1179 2989 1361 3063 ignem
1381 2988 1574 3049 nolens
1595 2990 1825 3047 adorare
1846 3029 1863 3057 ,

277 3074 395 3147 igni
428 3086 782 3149 consumptus
807 3080 898 3135 sit.

810 3191 1037 3251 CAPUT
1074 3193 1336 3253 XXXVII.

278 3301 412 3381 Post
454 3316 671 3381 mortem
716 3304 904 3381 Thura:
948 3312 1116 3381 patris
1164 3310 1458 3375 Abraham,
1507 3309 1646 3381 quod
1673 3307 1864 3381 legitur

350 3326 412 3360 ist
456 3326 671 3362 mortem
718 3326 904 3363 rttarte
986 3326 1116 3366 ams
1164 3326 1458 3375 Abraham,
1507 3326 1645 3381 quoa
1673 3326 1862 3381 tegitur

350 3375 547 3432 dixisse
576 3375 858 3433 Dominum
887 3326 983 3432 at],
999 3378 1267 3437 Abraham
1297 3394 1316 3433 :
1349 3381 1446 3436 Exi
1477 3382 1543 3436 de
1584 3391 1726 3437 terra
1770 3390 1862 3436 tua

348 3456 407 3502 et
435 3448 502 3502 de
526 3450 850 3523 cognatione
897 3459 1008 3517 tua,
1049 3461 1173 3523 etc.,
1213 3469 1333 3507 cunt
1360 3454 1509 3523 prius
1558 3468 1675 3506 cam
1714 3462 1862 3523 patre

349 3534 586 3589 egressus
608 3520 673 3575 sit
691 3537 762 3592 rex
783 3537 868 3588 ea,
901 3531 949 3575 et
994 3522 1057 3577 de
1089 3522 1307 3577 Nachor
1331 3520 1495 3591 fratre
1524 3520 1782 3592 Abrahte,
1811 3532 1861 3580 et

352 3604 414 3645 ea
439 3607 559 3660 qate
581 3592 647 3651 ad
677 3591 812 3649 hanc
849 3593 1105 3653 rationem
1126 3594 1402 3665 pertinent.

351 3701 508 3770 Quod
556 3720 687 3761 vero
740 3714 1164 3763 commemorata
1216 3717 1391 3765 morte
1443 3709 1635 3765 Tbara:
1690 3712 1862 3780 patris

274 3794 591 3863 Abraham,
641 3797 834 3854 deinde
874 3798 1070 3870 legitur
1116 3816 1131 3857 :
1178 3799 1250 3861 Et
1296 3801 1430 3857 dixit
1478 3802 1736 3858 Dominus
1790 3805 1860 3858 ad

274 3887 545 3943 Abraham
574 3903 591 3941 :
618 3889 724 3945 Exi
750 3891 814 3947 de
859 3902 1000 3947 terra
1029 3902 1142 3958 tua,
1170 3903 1218 3948 et
1249 3894 1312 3949 de
1334 3897 1640 3965 cognatione
1667 3906 1781 3964 tua,
1813 3907 1861 3952 et

273 3980 343 4035 de
369 3980 525 4035 domo
548 3984 713 4052 patris
757 3984 863 4049 tui,
900 3993 1032 4050 etc.,
1057 3985 1186 4041 hinc
1230 3988 1422 4043 beatus
1450 3986 1760 4058 Stephanus
1805 3990 1861 4045 in

274 4072 501 4129 Actibus
531 4073 897 4145 apostolon
925 4090 1047 4133 cum
1066 4077 1169 4134 ista
1199 4088 1466 4145 narraret,
1500 4080 1642 4136 inter
1662 4090 1860 4139 cetera

274 4164 359 4221 sic
404 4165 482 4219 ait
521 4165 707 4223 :Deas
748 4166 929 4237 gloriae
958 4170 1204 4240 apparuit
1233 4171 1371 4240 patri
1408 4180 1584 4257 nostra
1632 4172 1860 4228 Abralue

272 4271 398 4311 eam
423 4266 555 4313 esset
600 4258 660 4313 in
723 4256 1104 4330 Mesopotamia
1149 4263 1459 4334 priusquam
1492 4256 1757 4320 habitaret
1802 4267 1860 4320 in

272 4348 501 4416 Charra,
531 4361 579 4406 et
611 4352 685 4406 ait
707 4351 777 4407 ad
797 4350 950 4408 illum
974 4366 992 4405 .'
1024 4353 1289 4425 Egredere
1321 4356 1387 4411 de
1415 4365 1555 4411 terra
1583 4365 1696 4422 tua,
1721 4367 1770 4411 et
1795 4357 1860 4411 de

272 4446 585 4515 cognatione
604 4453 715 4510 tua,
748 4454 795 4500 et
819 4444 885 4499 de
909 4444 1062 4500 domo
1087 4448 1252 4515 patris
1280 4449 1377 4502 tui.
1412 4446 1716 4507 Secundum
1745 4448 1860 4503 haec

273 4536 443 4592 verba
466 4535 748 4607 Stephani,
775 4553 883 4593 non
909 4546 1032 4608 post
1058 4546 1286 4594 mortem
1310 4540 1483 4608 patris
1504 4540 1620 4610 ejus
1644 4540 1858 4597 locutus

1403 379 1817 445 CHBONIGON.
1841 409 1911 422 -
1947 379 2114 441 T011]
2150 384 2172 441 Ι
2208 384 2337 445 LIB.
2358 383 2402 443 ι.

1902 492 1961 555 Α
1978 494 2166 559 vestri,
2194 510 2302 551 non
2345 496 2424 551 ait
2456 514 2469 551 :
2500 495 2794 570 Postquam
2836 508 3082 558 mortuus
3110 513 3194 559 est
3216 512 3371 574 pater
3399 507 3519 579 ejus
3540 551 3558 579 ,

1980 584 2118 642 exiit
2140 587 2207 643 de
2228 587 2455 657 Charra,
2485 590 2603 658 sed,
2642 591 2771 648 inde
2811 594 2902 650 hic
2923 610 3047 651 eum
3076 597 3387 668 collocavit,
3413 611 3562 671 post-

1980 692 2143 747 quam
2172 688 2417 735 mortuus
2445 688 2529 736 est
2567 690 2721 752 pater
2740 684 2878 755 ejus.
2904 684 3315 757 intelligendum
3358 700 3441 747 est
3464 694 3562 765 igi-

1980 779 2072 826 tur
2094 771 2332 827 locutum
2359 771 2646 830 Dominum
2680 776 2845 832 fuisse
2876 778 2943 832 ad
2970 777 3242 834 Abraham
3269 796 3394 837 cum
3418 795 3563 841 esset

1980 862 2034 917 in
2059 862 2463 933 Mesopotamia,
2489 866 2804 938 priusquam
2830 870 3100 926 habitaret
3126 872 3183 927 in
3208 871 3434 942 Charra,
3465 878 3560 932 sed

1978 968 2099 1009 eum
2130 953 2184 1010 in
2210 953 2474 1009 Charram
2494 959 2808 1026 pervenisse
2828 975 2952 1016 cum
2978 971 3157 1033 patre,
3183 972 3397 1033 retento
3417 969 3560 1037 apud

1977 1059 2037 1099 se
2087 1052 2358 1116 praecepto
2406 1045 2653 1114 Domini,
2697 1058 2756 1105 et
2784 1051 2908 1107 inde
2949 1054 3128 1109 exisse
3164 1058 3562 1128 septuagesimo

1976 1135 2169 1204 quinto
2194 1151 2365 1201 anno,
2399 1138 2571 1208 patris
2612 1148 2791 1196 autem
2818 1140 2901 1199 sui
2944 1147 3241 1201 centesimo
3262 1148 3563 1223 quadrage-

1975 1228 2115 1284 simo
2157 1236 2215 1284 et
2244 1231 2454 1300 quinto.
2491 1231 2916 1291 Collocationem
2974 1252 3105 1293 vero
3147 1239 3265 1310 ejus
3313 1242 3369 1297 in
3413 1248 3561 1299 terra

1974 1319 2255 1386 Chanaan,
2275 1337 2385 1377 non
2413 1325 2802 1395 profectionem
2828 1327 2894 1382 de
2922 1327 3152 1396 Charra,
3180 1320 3301 1401 post
3329 1340 3562 1389 mortem

1974 1411 2153 1480 patris
2179 1412 2298 1483 ejus
2320 1412 2516 1468 factam
2540 1429 2663 1471 esse
2690 1416 2821 1472 dicit
2847 1434 2860 1471 ε
2887 1420 3011 1488 quia
3034 1418 3147 1489 jam
3173 1429 3419 1479 mortuus
3440 1432 3562 1480 erat

1972 1509 2129 1571 pater
2158 1500 2274 1570 ejus
2319 1506 2533 1575 quando
2571 1508 2706 1561 emit
2745 1514 2945 1563 terram
2997 1511 3151 1581 cujus
3172 1511 3285 1581 jam
3322 1530 3435 1570 suae
3480 1516 3562 1574 rei

1973 1593 2141 1663 cmpit
2175 1608 2297 1650 esse
2324 1610 2625 1665 possessor.
2657 1598 2810 1665 Quod
2839 1610 3019 1657 autem
3037 1600 3150 1669 jam
3179 1604 3231 1658 in
3261 1605 3561 1677 Mesopota-

1973 1684 2085 1740 mia
2115 1686 2430 1754 constituto,
2462 1689 2567 1745 hoc
2594 1698 2699 1756 est,
2731 1690 2843 1761 jam
2872 1707 3093 1762 egresso
3135 1695 3201 1750 de
3230 1704 3371 1751 terra
3397 1697 3559 1755 Chal-

1979 1779 2218 1839 datorunl
2242 1779 2375 1838 dicit
2398 1782 2658 1840 Dominus
2684 1803 2697 1842 :
2732 1784 2991 1855 Egredere
3018 1788 3082 1842 de
3109 1797 3246 1845 terra
3273 1799 3384 1855 tua,
3415 1800 3464 1847 et
3492 1792 3560 1848 de

1900 1851 1949 1913 Β
1976 1874 2283 1941 cognatione
2305 1880 2422 1941 tua,
2450 1884 2499 1928 et
2523 1874 2589 1930 de
2608 1851 2958 1946 domo—patris
2987 1878 3101 1942 tui;
3136 1894 3241 1935 non
3269 1888 3327 1939 ut
3359 1851 3558 1952 corpus

1978 1962 2104 2019 inde
2137 1963 2380 2035 ejiceret,
2418 1967 2562 2036 quod
2583 1967 2695 2037 jam
2718 1967 2951 2036 fecerat,
2982 1969 3074 2025 sed
3097 1970 3338 2029 animum
3360 1972 3560 2029 avelle-

1974 2062 2080 2120 ret,
2107 2056 2323 2113 dicitur.
2355 2055 2475 2114 Non
2523 2059 2668 2114 enim
2697 2059 2822 2115 inde
2844 2060 3053 2117 exierat
3093 2062 3294 2128 animo,
3342 2065 3434 2119 sed
3464 2078 3559 2134 spe

1974 2147 2233 2205 redeundi
2261 2159 2317 2206 et
2350 2150 2619 2208 desiderio
2646 2153 2950 2209 tenebatur.
2998 2153 3129 2221 Quae
3164 2172 3289 2226 spes
3322 2166 3378 2212 et
3415 2156 3562 2214 desi-

1973 2242 2220 2310 derium,
2260 2245 2372 2301 Deo
2405 2243 2632 2314 jubente
2674 2255 2837 2316 atque
2873 2248 3182 2318 adjuvante,
3228 2258 3282 2304 et
3306 2249 3400 2307 illo
3432 2252 3562 2307 obe-

1973 2333 2152 2390 diente
2171 2376 2186 2399 ,
2232 2333 2449 2392 fuerant
2474 2338 2824 2408 amputanda.
2861 2337 2979 2393 Non
3009 2354 3141 2395 sane
3170 2341 3562 2399 incredibiliter

1970 2426 2337 2494 existimatur,
2366 2442 2488 2482 cum
2505 2437 2696 2498 postea
2715 2437 2933 2487 secutus
2954 2438 3096 2485 esset
3114 2429 3329 2485 Nachor
3348 2441 3559 2501 patrem

1971 2532 2129 2572 suum
2157 2558 2173 2585 ,
2220 2527 2334 2575 tum
2379 2518 2654 2574 Abraham
2704 2531 3033 2592 praeceptum
3065 2521 3277 2581 Domini
3309 2523 3562 2593 implesse

1970 2617 2031 2664 ut
2079 2626 2203 2665 cum
2247 2609 2383 2667 Sara
2426 2610 2654 2682 conjuge
2692 2628 2789 2669 sua
2815 2652 2832 2680 ,
2874 2621 2930 2669 et
2952 2615 3094 2671 Loth
3126 2615 3236 2669 lilio
3262 2614 3450 2672 fratris
3474 2618 3560 2673 sui

1969 2702 2145 2760 exiret
2171 2704 2237 2760 de
2265 2704 2492 2760 Charra.
2535 2704 2805 2762 Narratur
2827 2706 2974 2763 enim
3006 2707 3061 2762 in
3107 2706 3239 2763 locis
3266 2709 3561 2779 superiori-

1967 2797 2070 2855 bus
2099 2798 2556 2869 quemadmodum
2594 2796 2776 2853 Thara
2805 2814 2928 2855 cum
2966 2800 3079 2857 suis
3111 2800 3388 2870 regionem
3427 2801 3556 2856 reli-

1969 2889 2150 2960 querit
2193 2888 2569 2947 Chaldaeorum
2590 2929 2607 2957 ,
2632 2899 2688 2945 et
2710 2875 2919 2946 venerit
2948 2891 3003 2947 in
3026 2890 3469 2961 Mesopotamiam
3505 2901 3561 2948 et

1969 2980 2297 3038 habitaverit
2312 2981 2515 3038 Maran.
2535 2982 2770 3038 Tacetur
2785 2992 2963 3041 autem
2980 2983 3047 3038 de
3065 2999 3172 3038 uno
3189 2983 3305 3051 ejus
3320 2984 3444 3047 ﬁlio,
3463 2985 3558 3055 qui

1968 3080 2194 3128 vocatur
2221 3070 2438 3129 Nachor
2459 3112 2473 3139 ,
2520 3079 2779 3145 tanquam
2813 3087 2936 3128 eum
2959 3087 3066 3127 non
3094 3073 3309 3131 duxerit
3341 3087 3546 3129 secum.

1969 3162 2077 3219 Sed
2113 3163 2420 3225 invenimus
2447 3172 2659 3235 postea,
2704 3178 2831 3220 cum
2859 3178 3077 3219 servum
3123 3180 3281 3221 suum
3310 3165 3553 3222 mitteret

1890 3229 1938 3295 ο
1965 3258 2240 3314 Abraham
2271 3259 2339 3315 ad
2365 3229 2729 3330 accipiendam
2760 3274 2987 3315 uxorem
3016 3259 3127 3315 ﬁlio
3157 3274 3257 3317 suo
3276 3252 3459 3326 Isaac;
3480 3261 3556 3318 ita

1965 3350 2226 3420 scriptum
2265 3364 2423 3406 esse:
2454 3350 2522 3407 Et
2562 3350 2772 3422 accepit
2812 3365 2948 3422 puer
2975 3351 3158 3409 decem
3204 3351 3445 3409 camelos
3490 3354 3558 3409 de

1964 3443 2186 3500 camelis
2224 3444 2424 3501 domini
2455 3444 2569 3510 sui,
2593 3453 2648 3500 et
2690 3445 2756 3500 de
2776 3443 3027 3503 omnibus
3050 3443 3206 3500 bonis
3231 3444 3437 3501 domini
3462 3444 3549 3500 sui

1964 3548 2146 3590 secum
2163 3575 2178 3600 ,
2207 3544 2260 3590 et
2286 3550 2586 3606 exsurgens
2610 3533 2888 3605 profectus
2911 3535 3071 3603 estin
3105 3534 3547 3604 Mesopotamiam

1966 3626 2021 3682 in
2052 3627 2329 3683 civitatem
2360 3627 2597 3683 Nachor.
2626 3626 2736 3682 isto
2764 3636 2819 3683 et
2846 3626 2969 3685 aliis
2996 3642 3166 3682 sacrae
3194 3625 3356 3693 hujus
3383 3626 3555 3683 histo-

1964 3718 2059 3772 riae
2103 3718 2434 3773 testimoniis
2478 3718 2785 3793 ostenditur
2812 3718 2977 3772 etiam
3018 3716 3233 3771 Nachor
3262 3717 3440 3774 exisse
3488 3719 3555 3774 de

1963 3809 2185 3878 regione
2216 3807 2623 3875 Chaldaeorum,
2678 3809 2941 3879 sedesque
2984 3808 3332 3864 constituisse
3362 3810 3414 3862 in
3444 3809 3555 3864 Me-

1963 3900 2279 3971 sopotamia,
2312 3900 2402 3955 ubi
2434 3914 2557 3955 cum
2585 3907 2740 3970 patre
2761 3914 2859 3955 suo
2885 3899 3223 3955 habitaverat
3247 3899 3544 3955 Abraham.

1963 3991 2072 4049 Cur
2083 4006 2212 4063 ergo
2224 4007 2349 4047 eum
2366 3991 2648 4063 Scriptura
2663 4006 2770 4047 non
2784 3991 3312 4055 commemoraverit,
3332 3992 3551 4061 quando

1962 4101 2030 4143 ex
2058 4098 2216 4156 gente
2252 4083 2503 4141 Chaldzea
2532 4100 2655 4140 cum
2678 4084 2792 4140 suis
2820 4081 3098 4154 profectus
3123 4091 3203 4141 est
3234 4081 3446 4148 Thara,
3495 4092 3551 4138 et

1963 4176 2230 4234 habitavit
2254 4176 2309 4231 in
2355 4174 2767 4246 Mesopotamia,
2800 4173 2891 4229 ubi
2918 4188 3025 4228 non
3065 4173 3237 4229 solum
3260 4172 3549 4230 Abraham

1964 4268 2106 4323 ﬁlius
2137 4266 2284 4337 ejus,
2331 4282 2523 4323 verum
2567 4265 2733 4321 etiam
2763 4263 2899 4321 Sara
2928 4281 3097 4320 nurus
3132 4273 3190 4321 et
3218 4264 3353 4320 Loth
3384 4280 3552 4335 nepos
3646 4316 3649 4321 .

1961 4361 2079 4431 ejus
2097 4366 2595 4415 commemorantur
2625 4357 2769 4427 quod
2800 4372 2893 4412 eos
2929 4356 3145 4411 duxerit
3173 4369 3359 4413 secum
3379 4396 3394 4420 ,
3444 4356 3551 4411 nisi

1963 4450 2103 4506 forte
2129 4452 2269 4520 quod
2295 4467 2327 4506 a
2352 4458 2576 4520 paterna
2601 4457 2654 4505 et
2674 4448 2914 4505 fraterna
2945 4448 3145 4518 pietate
3167 4447 3475 4503 desciverat
3496 4457 3555 4504 et

1963 4542 2327 4611 superstitioni
2347 4538 3053 4601 adhmseratChaldmorum,
3078 4547 3133 4593 et
3175 4547 3359 4609 postea
3399 4539 3547 4605 inde,

272 4636 361 4685 est
389 4629 532 4685 Deus
550 4602 800 4695 Abrahm,
831 4602 926 4701 qui
952 4632 1136 4700 utique
1170 4632 1225 4686 in
1247 4602 1453 4687 (λίπω
1478 4602 1724 4691 mortuus
1748 4645 1855 4702 est,
1883 4602 1936 4663 D
1963 4602 2078 4689 sive
2118 4634 2432 4702 paenitendo
2451 4672 2466 4697 ,
2515 4632 2631 4687 sive
2671 4632 3103 4701 persecutionem
3144 4647 3335 4701 passus
3382 4631 3552 4701 (quod

272 4721 370 4776 ubi
394 4736 515 4776 cum
546 4722 639 4778 illo
666 4731 719 4778 et
746 4724 861 4793 ipse
890 4723 1031 4779 ﬁlius
1068 4725 1353 4781 habitavit.
1405 4724 1512 4782 Sed
1542 4727 1857 4799 priusquam

274 4813 549 4871 habitaret
593 4816 647 4870 in
676 4815 866 4872 eadem
911 4817 1164 4882 civitate,
1214 4817 1271 4873 id
1307 4826 1429 4883 est,
1470 4823 1592 4874 cum
1630 4830 1774 4876 esset
1801 4821 1857 4876 in

276 4904 696 4976 Mesopotamia,
723 4907 837 4978 jam
872 4923 1001 4977 eugo
1043 4909 1252 4965 exierat
1285 4924 1315 4963 a
1364 4909 1648 4967 Chaldzeis.
1704 4911 1859 4977 Quod

275 4998 466 5069 itaque
491 4998 733 5072 adtingit
759 5000 1069 5070 Stephanus
1100 5020 1112 5055 :
1145 5001 1290 5063 Tan:
1327 5001 1591 5057 Abraham
1620 5020 1856 5074 egressus

262 5102 354 5149 est
380 5093 446 5149 de
469 5102 609 5151 tura
634 5092 1006 5151 Chaldteormn
1034 5105 1082 5151 st
1104 5095 1359 5151 habitavit
1382 5098 1438 5152 in
1465 5096 1668 5153 Charm
1689 5140 1702 5162 ,
1748 5115 1857 5156 non

275 5185 423 5254 quod
447 5185 522 5240 sit
561 5184 762 5241 factum
810 5197 1169 5258 posteaquam
1202 5187 1416 5245 locutus
1460 5198 1544 5245 est
1572 5191 1652 5246 illi
1692 5192 1853 5257 Deus,

270 5290 455 5347 neque
477 5279 621 5334 enim
651 5287 773 5349 post
795 5280 885 5335 illa
914 5281 1009 5337 Dei
1039 5282 1204 5339 verba
1234 5298 1491 5355 egressus
1509 5294 1594 5339 est
1620 5286 1687 5341 de
1712 5295 1859 5342 terra

273 5367 673 5438 Chaldteorum,
699 5387 821 5427 cum
846 5374 990 5429 dicat
1008 5376 1057 5429 ei
1081 5376 1322 5437 locutum
1352 5375 1637 5431 Dominum
1661 5392 1783 5434 esse
1800 5380 1858 5434 in

273 5459 662 5533 Mesopotamia
687 5505 703 5532 ,
745 5464 839 5521 sed
888 5466 955 5521 ad
999 5474 1172 5522 totum
1216 5467 1347 5523 illud
1385 5476 1595 5538 tempus
1622 5470 1861 5539 pertinet

270 5555 420 5627 quod
442 5556 522 5611 ait
548 5573 564 5610 :
598 5555 762 5624 Tunc,
791 5558 847 5613 id
864 5566 969 5623 est,
1003 5575 1070 5614 ex
1101 5575 1211 5631 quo
1234 5574 1489 5631 egressus
1516 5570 1600 5617 est
1633 5578 1662 5616 a
1691 5562 1858 5617 Chal-

272 5646 429 5712 daeis,
458 5654 517 5702 et
547 5647 810 5704 habitavit
852 5650 905 5704 in
935 5649 1164 5706 (ibam.
1200 5651 1336 5707 item
1363 5652 1506 5723 quod
1548 5654 1795 5725 sequitur
1842 5674 1856 5710 :

273 5737 348 5793 Et
400 5739 523 5794 inde
546 5749 818 5812 postquam
847 5750 1083 5797 mortuus
1112 5752 1188 5797 est
1215 5752 1365 5815 pater
1392 5747 1507 5815 ejus
1524 5786 1539 5812 ,
1585 5745 1858 5801 collocauit

272 5830 429 5889 illam
448 5831 509 5887 in
525 5839 666 5889 terra
688 5833 788 5895 hac
818 5833 874 5888 in
910 5850 1014 5906 qua
1049 5850 1189 5890 nunc
1214 5851 1301 5891 vos
1321 5835 1571 5893 habitatis
1595 5846 1652 5896 et
1674 5844 1859 5909 patres

1960 4728 2265 4797 suspectius
2294 4724 2566 4794 habetur),
2593 4732 2649 4780 et
2669 4725 2786 4796 ipse
2814 4724 3162 4795 migraverit?
3184 4724 3251 4778 Et
3273 4724 3399 4793 facti
3425 4733 3551 4780 sunt

1961 4833 2137 4873 omnes
2160 4817 2270 4871 dies
2323 4815 2513 4871 Tharte
2542 4816 2887 4870 ducentorum
2915 4817 3141 4887 quinque
3166 4831 3428 4869 annorum
3453 4852 3469 4881 ,
3497 4824 3549 4870 et

1960 4918 2199 4964 mortuus
2230 4909 2379 4963 estin
2404 4908 2572 4963 Aron.
2611 4907 2727 4963 Non
2753 4908 2832 4963 sic
2866 4908 3237 4976 accipiendum
3276 4916 3361 4962 est
3389 4909 3548 4978 quasi

1962 5016 2152 5056 omnes
2182 5002 2280 5056 hos
2301 5002 2417 5058 dies
2454 5002 2525 5057 ibi
2555 5001 2747 5071 egerit,
2777 4999 2869 5055 sed
2899 5000 3025 5070 quia
3056 5012 3244 5055 omnes
3278 5000 3395 5055 dies
3422 5000 3547 5054 vita:

1963 5110 2095 5160 suae,
2125 5094 2217 5166 qui
2246 5094 2465 5151 fuerunt
2491 5095 2618 5150 anni
2646 5093 2863 5151 ducenti
2892 5093 3159 5163 quinque,
3194 5092 3265 5146 ibi
3303 5090 3544 5163 comple-

1952 5188 2122 5249 verit.
2161 5187 2447 5258 Ignoratur
2474 5195 2654 5247 autem
2680 5195 2812 5255 quot
2852 5184 3009 5241 annis
3040 5183 3235 5241 vixerit
3264 5183 3439 5238 Thara
3490 5184 3548 5240 in

1962 5279 2200 5344 Charta,
2230 5282 2487 5353 quoniam
2522 5295 2628 5337 non
2674 5278 2872 5349 legitur
2905 5286 3071 5348 quoto
3106 5293 3248 5332 anno
3275 5278 3397 5333 vita:
3436 5294 3549 5335 suae

1960 5371 2018 5427 in
2046 5370 2311 5427 Charram
2340 5371 2572 5426 venerit.
2607 5368 2675 5425 Et
2711 5369 3005 5424 absurdum
3042 5377 3127 5424 est
3147 5369 3461 5424 existimare
3490 5369 3546 5425 in

1964 5465 2068 5520 ista
2099 5464 2239 5519 serie
2264 5462 2693 5534 generationem,
2725 5461 2813 5515 ubi
2839 5459 3126 5531 diligenter
3152 5475 3547 5517 commemora-

1964 5565 2053 5613 tur
2074 5554 2382 5627 quotannis
2404 5553 2633 5623 quisque
2647 5552 2863 5617 vixerit,
2889 5552 3047 5623 hujus
3069 5553 3235 5610 solius
3257 5569 3544 5613 numerum

1962 5662 2226 5704 annorum
2251 5646 2376 5702 vita:
2406 5661 2512 5700 non
2548 5653 3027 5701 commemoratqu
3059 5661 3198 5702 esse.
