4048 6458
508 399 617 461 θυι

1531 395 1919 454 FRECULPHI
1959 391 2416 452 LEXOV-IENSIS
2453 393 2762 453 EPISCOPI

512 531 706 582 annus,
729 514 1164 588 repromissionis
1193 519 1372 570 autem
1403 513 1804 568 duoentesimus
1825 517 2100 582 septuagc-
2126 509 2178 574 Α
2203 517 2258 564 et
2291 509 2496 582 Argum
2531 515 2727 566 cuncta
2755 513 3093 573 cernentem,
3119 513 3174 564 et
3195 505 3256 563 io
3279 505 3798 564 ill‘tamt’romethci

513 609 685 666 simus
719 609 1013 673 secundus,
1039 605 1415 677 Sycioniorum
1461 604 1531 660 XI
1574 605 1880 670 Plemneus,
1926 602 2092 674 [Egy-

487 699 748 772 ‘ptiorum
783 699 1195 768 Ammenophis,
1240 697 1327 752 cui
1370 695 1574 768 Necges
1621 695 1878 752 succedit.
1927 695 2096 764 Igitur

513 789 600 846 his
636 788 985 860 regnantibus
1013 831 1027 856 ,
1066 787 1266 859 Joseph
1313 787 1560 842 moritur.
1601 784 1732 840 Post
1763 783 1914 854 cujus
1944 799 2091 840 mor-

513 889 625 938 tem
679 881 903 952 populus
958 880 1052 936 Dei
1109 880 1426 936 mirabiliter
1467 895 1758 945 crescens,
1809 877 2095 949 tranquille

510 971 662 1041 prius
686 971 903 1037 mansit,
939 970 1110 1026 donec
1134 981 1493 1037 morerentur,
1535 971 1732 1040 quibus
1766 968 1964 1040 Joseph
1999 984 2097 1024 no-

435 1093 447 1103 σ
511 1071 598 1118 tus
623 1061 742 1117 fuit.
793 1061 996 1120 Deinde
1037 1064 1162 1134 quia
1203 1063 1545 1119 lnvidebatur
1583 1059 1697 1132 ejus
1726 1061 2093 1128 incrementis,

509 1163 771 1224 erantque
805 1164 1076 1225 suspecta,
1117 1151 1357 1226 Egyptii
1400 1149 1657 1209 Hebraeos
1705 1152 1966 1208 servitute
2004 1151 2096 1206 dc-

507 1244 768 1315 primunt,
791 1259 954 1314 quam
971 1245 1285 1300 servitutem
1303 1245 1651 1300 durissimam
1673 1244 1830 1300 annis
1855 1243 1954 1298 lu
1972 1259 2093 1299 sus-

509 1333 714 1399 tinent,
746 1350 1024 1406 quousque
1064 1336 1320 1390 divinitus
1358 1335 1738 1390 liberarentur.
1793 1335 1957 1390 Fiunt
2002 1351 2096 1390 au-

508 1437 614 1481 tem
647 1443 835 1484 omnes
881 1430 1006 1484 anni
1053 1445 1188 1499 quos
1236 1429 1445 1485 Hebraei
1491 1429 1546 1483 in
1581 1427 1816 1500 [Egypto
1853 1428 2098 1486 fecerunt

507 1517 633 1581 215,
664 1519 756 1587 qui
783 1519 852 1574 ab
880 1535 946 1574 eo
981 1528 1222 1590 tempore
1250 1527 1632 1590 computantur
1670 1537 1739 1576 ex
1784 1537 1892 1592 quo
1929 1521 2098 1578 Jacob

507 1623 632 1662 cum
659 1609 782 1664 ﬁliis
812 1611 925 1665 suis
951 1611 1234 1666 descendit
1257 1611 1312 1666 in
1341 1611 1653 1683 Egyptum.
1713 1613 1874 1684 Ergo,
1907 1629 2098 1670 secun-

508 1701 634 1755 dum
676 1701 984 1772 opinionem
1043 1703 1420 1774 quorumdam,
1463 1703 1546 1759 his
1590 1705 1922 1775 temporibus
1959 1705 2094 1762 Pro-

508 1790 758 1846 metheus
803 1790 932 1858 fuit,
983 1809 1013 1847 a
1068 1809 1175 1864 quo
1222 1794 1466 1850 homines
1511 1795 1576 1850 de
1610 1791 1722 1850 luto
1769 1791 1940 1852 factos
1976 1813 2098 1854 esse

2194 600 2280 656 his
2308 599 2476 656 fuisse
2505 600 2863 670 temporibus,
2889 599 2983 654 alii
3011 613 3142 656 vero
3163 605 3324 656 aetate
3346 597 3630 670 Cecropis,
3657 613 3802 654 novi-

2192 692 2325 750 uulli
2352 701 2478 751 ante
2498 693 2814 765 Cecropem,
2841 695 3000 750 annis
3027 693 3306 764 sexaginta
3347 699 3446 748 aut
3475 691 3798 764 nongmtis.

2783 800 3014 864 CAPUT
3071 803 3184 862 VII.

2198 898 2399 971 Quibus
2422 901 2738 971 temporibus
2764 899 3155 971 Atheniensium
3183 913 3400 971 regnum
3435 901 3666 968 smper".
3703 895 3802 971 “Et

2266 971 2330 1024 de
2359 967 2680 1024 Athenarum
2707 969 3052 1041 appellatione
3079 967 3296 1024 deorum
3321 967 3558 1039 Neptuni
3593 977 3640 1022 et
3691 967 3803 1021 Hi-

2268 1043 2435 1095 tierva:
2463 1041 2743 1095 contentio.

2265 1153 2610 1225 Assyriorum
2642 1154 2864 1224 quintus
2891 1153 3132 1210 decimus
3163 1152 3446 1225 Sparctus,
3474 1155 3632 1208 annis
3657 1169 3802 1226 qna-

2193 1246 2464 1318 draginta.
2516 1246 2564 1300 A
2609 1247 2896 1302 nativitate
2939 1245 3172 1302 Abraha:
3217 1246 3802 1317 quadringentesimus

2195 1336 2677 1411 quinquagesimus'
2703 1339 2982 1409 septimus,
3013 1337 3449 1408 repromissionis
3497 1352 3631 1391 vero
3679 1348 3798 1392 tre-

2197 1432 2522 1490 centesimus
2546 1432 2912 1504 octogesimus
2955 1432 3225 1487 secundus
3267 1439 3387 1485 erat
3433 1447 3631 1486 annus.
3691 1431 3800 1502 Sy-

2197 1527 2498 1582 ciouiorum
2518 1527 2710 1582 tertius
2735 1526 2979 1580 decimus
3003 1524 3320 1588 Marathius,
3343 1525 3500 1596 Argis
3527 1527 3798 1595 septimus

2198 1617 2424 1688 Troipas
2453 1627 2660 1689 regnat.
2709 1617 3083 1690 [Egyptiorum
3108 1617 3394 1672 Accneres.
3448 1615 3539 1670 Bis
3579 1624 3798 1686 tempo-

2197 1708 2349 1763 ribus
2405 1708 2753 1764 Atheniensis
2804 1707 2954 1778 regni
3009 1705 3336 1777 principium
3387 1706 3504 1762 fuit.
3573 1707 3798 1764 Primus

2198 1798 2342 1853 enim
2365 1797 2619 1869 Cecrops,
2650 1799 2741 1868 qui
2767 1806 2820 1852 et
2842 1797 3006 1852 Diﬁes
3041 1799 3095 1853 in
3136 1796 3292 1862 Acta,
3343 1812 3464 1868 quae
3505 1813 3651 1854 nunc
3690 1798 3796 1852 At-

507 1893 953 1939 commemorant.
989 1886 1056 1940 Et
1093 1902 1279 1942 revera
1313 1902 1432 1942 cum
1473 1889 1688 1959 sapiens
1719 1898 1882 1956 esset,
1915 1890 2100 1946 ferita-
2125 1885 2173 1945 B
2202 1891 2305 1948 tica
2348 1900 2596 1959 vocatur,
2647 1890 2892 1962 regnavit
2931 1905 3102 1946 annos
3147 1889 3555 1962 quinquaginta.
3600 1888 3646 1944 A
3685 1891 3797 1946 Oe-

509 1981 618 2029 tem
660 1989 848 2029 eorum
884 1985 939 2030 et
973 1976 1194 2031 nimiam
1235 1977 1557 2048 imperitiam
1595 1977 1661 2033 ad
1708 1979 2096 2037 humanitatem

506 2076 565 2124 et
587 2069 871 2124 scientiam
899 2069 1334 2141 transﬁgurahat,
1365 2087 1464 2127 nec
1492 2079 1674 2128 tamen
1699 2073 1790 2144 qui
1820 2073 1935 2144 ejus
1964 2083 2098 2132 tem-

507 2173 642 2230 pore
678 2158 878 2216 fuerint
902 2161 1171 2232 sapientes
1204 2164 1527 2218 ostenditur.

1111 2274 1339 2333 CAPUT
1396 2274 1484 2333 1V.

509 2359 787 2421 Callithias
836 2366 1062 2440 primus_
1103 2365 1257 2440 Argis
1321 2367 1616 2440 sacerdotio
1678 2367 1910 2440 functus.
1980 2363 2097 2432 Quo

656 2435 886 2508 tempore
929 2448 978 2492 et
1029 2435 1197 2492 Atlas'
1223 2438 1516 2509 astrologus
1557 2435 1774 2510 insignis
1829 2437 1947 2508 fuit.

576 2526 922 2598 Assyriorum
945 2527 1038 2584 ΧΠ
1062 2527 1372 2586 Machaleus
1398 2532 1553 2586 annis
1590 2531 1678 2588 30.
1730 2530 1776 2586 A
1813 2529 2098 2586 nativitate

505 2615 737 2672 Abrahae
767 2605 1180 2676 trecentesimus
1211 2621 1638 2694 septuagesimus
1682 2621 1968 2692 septimus,
2013 2633 2100 2676 re-

505 2709 884 2784 promissionis
926 2721 1107 2768 autem
1147 2729 1320 2769 annus
1372 2713 1782 2770 trecentesimus
1829 2711 2097 2768 secundus

505 2811 644 2858 erat.
673 2803 834 2874 Argis
865 2803 906 2860 V
926 2803 1148 2860 Criasus
1172 2811 1382 2877 regnat.
1412 2803 1626 2860 Primus
1661 2804 1859 2875 quippe
1895 2803 1995 2858 sub
2032 2817 2098 2858 eo

505 2890 666 2964 Argis
690 2893 995 2949 sacerdotio
1013 2892 1232 2951 functus
1253 2903 1338 2951 est
1363 2894 1647 2952 Callithias
1669 2891 1906 2950 Pirantis
1935 2893 2094 2948 ﬁlius.

509 2983 886 3056 Sycioniorum
925 2987 1016 3042 XII
1050 3004 1144 3044 rex
1185 2986 1530 3060 Orthopolis;
1562 2987 1938 3061 Egyptlorum
1967 2982 2101 3043 Nus-

505 3077 826 3148 pharmitos,
858 3080 944 3134 cui
974 3082 1216 3137 succedit
1247 3082 1518 3140 Tumosis.
1571 3083 1668 3138 His
1705 3083 1851 3138 enim
1889 3091 2096 3152 tempo-

507 3167 660 3222 ribus
682 3167 852 3234 Atlas,
887 3167 1057 3228 frater
1090 3169 1416 3238 Promethei,
1457 3173 1762 3244 praecipuus
1793 3171 2097 3242 astrologus

507 3255 628 3313 fuit.
679 3259 782 3326 Qui
821 3259 892 3316 ob
939 3262 1301 3320 eruditionem
1349 3264 1646 3335 disciplinae
1693 3263 1887 3320 omium
1929 3263 2096 3318 etiam
2123 3247 2171 3312 C

508 3355 778 3411 snstinere
809 3357 988 3412 dictus
1017 3367 1119 3412 est.
1167 3359 1451 3430 Euripides
1489 3367 1668 3415 autem
1705 3367 1944 3414 montem
1981 3371 2099 3413 esse

507 3464 630 3506 eum
658 3451 978 3509 altissimum
1004 3452 1254 3521 afﬁrmat,
1280 3457 1374 3527 qui
1395 3453 1547 3510 Atlas
1567 3461 1814 3511 vocatur.

1131 3565 1360 3626 CAPUT
1414 3569 1480 3626 V.

811 3696 816 3701 ,
903 3637 1060 3712 Syria
1097 3639 1238 3695 unde
1272 3655 1459 3695 nomen
1496 3639 1702 3696 sortita.

577 3730 921 3806 Assyriorum
941 3732 1182 3804 lphrzcus
1210 3732 1367 3789 annis
1389 3728 1476 3789 50.
1508 3733 1553 3789 A
1573 3735 1853 3791 nativitate
1871 3731 2102 3789 Abraha:

509 3825 1074 3897 quadringentesimus
1113 3823 1396 3896 septimus,
1441 3825 1876 3898 repromissionis
1919 3829 2102 3880 autem

511 3919 925 3975 trecentesimus
938 3919 1232 3991 vigesimus
1245 3915 1533 3975 secundus.
1558 3917 1932 3992 Egyptiorum
1947 3913 2103 3974 Amc-

509 4011 686 4081 nopis.
718 4009 819 4066 Hic
840 4011 1240 4082 est'Amenopis
1268 4027 1428 4083 quem
1456 4010 1675 4081 quidam
1699 4009 1978 4066 Menonem
1999 4023 2100 4081 pu-

512 4109 649 4168 tant,
699 4103 933 4174 lapidem
979 4104 1307 4174 loquentem.
1360 4105 1567 4172 Quibus
1610 4104 1960 4176 regnantibus
2002 4102 2102 4175 Sy-

513 4209 608 4250 rus
649 4195 816 4250 fuisse
869 4195 1183 4266 perhibetur
1221 4197 1493 4270 indigena,
1529 4213 1596 4254 ex
1644 4197 1798 4268 cujus
1840 4197 2104 4254 vocabulo

514 4287 671 4358 Syria
698 4295 1005 4359 nuncupata
1043 4298 1144 4344 est.
1177 4289 1458 4362 Ethiopes
1508 4292 1673 4346 etiam
1707 4299 1856 4357 tunc,
1883 4289 1948 4346 ab
1974 4289 2104 4347 Indo

514 4379 734 4437 ﬂumine
763 4389 1170 4454 consurgentes,
1195 4383 1351 4456 juxta
1390 4383 1679 4457 )Egyptum
1718 4381 2100 4440 consederunt.

1120 4493 1347 4552 CAPUT
1398 4493 1485 4554 VI.

2201 1999 2364 2056 crope
2406 1993 2584 2039 autem
2629 2000 2799 2054 usque
2841 1982 2907 2038 ad
2952 1983 3182 2054 primam
3215 1982 3576 2053 Olympiadem
3601 1998 3798 2038 nume-

2201 2085 2394 2133 rantur
2438 2091 2592 2148 reges
2631 2075 3060 2146 quatuordecim.
3115 2073 3393 2144 Principes
3436 2088 3566 2129 vero
3589 2115 3605 2140 ,
3655 2089 3796 2144 quos

2201 2185 2347 2227 mors
2383 2177 2590 2225 tantum
2625 2167 2866 2234 ﬁniebat,
2913 2167 3194 2226 duodecim
3227 2183 3242 2220 :
3271 2166 3373 2221 sub
3414 2165 3614 2236 quibus
3650 2165 3796 2235 apud

2200 2264 2417 2321 Graecos
2448 2263 2615 2318 multa
2637 2262 2883 2325 miranda
2911 2269 3139 2316 narrant
3166 2261 3448 2316 accidisse.
3498 2259 3798 2316 Dicebatur

2201 2365 2378 2412 autem
2410 2355 2646 2426 Cecrops
2671 2353 2856 2418 Diﬁes,
2887 2354 3002 2408 sive
3022 2353 3092 2408 ob
3111 2352 3502 2424 longitudinem
3526 2353 3792 2422 corporis,

2201 2449 2314 2504 sive
2337 2448 2407 2504 ob
2433 2447 2488 2502 id
2518 2447 2684 2518 quod,
2717 2457 2841 2501 cum
2871 2443 3157 2516 Egyptius
3180 2451 3346 2510 esset,
3376 2451 3666 2512 utramque
3693 2443 3798 2498 liu-

2201 2555 2358 2614 guam
2389 2540 2614 2596 sciebat.
2670 2538 2770 2596 ilic
2809 2545 2988 2592 autem
3018 2535 3256 2607 Cecrnps
3294 2537 3349 2590 in
3383 2535 3592 2590 Euboan
3631 2535 3799 2592 Athe-

2199 2645 2320 2696 nas,
2351 2645 2517 2702 quam
2547 2638 2603 2686 et
2627 2625 2828 2684 Diadar
2853 2635 3079 2693 vocant,
3107 2626 3383 2683 condidit:
3409 2638 3574 2696 quam
3605 2625 3795 2680 urbem

2200 2725 2423 2784 Euboici
2452 2723 2826 2779 Cercomenon
2871 2720 3299 2792 appellaverunt.
3351 2717 3594 2774 Deorum
3638 2731 3793 2771 nam-

2199 2827 2304 2886 que
2325 2813 2608 2883 judicium,
2640 2811 2872 2882 Neptuni
2910 2819 2967 2866 et
3012 2809 3290 2873 Minervas,
3342 2808 3409 2864 de
3447 2805 3796 2862 contentione

2200 2907 2436 2978 regionis
2482 2905 2622 2976 apud
2675 2904 2973 2974 Cecropem
3023 2910 3202 2964 actum
3251 2899 3422 2956 ﬁnisse
3466 2899 3796 2972 conﬁngitur

2199 3001 2344 3055 hunc
2377 2999 2429 3053 in
2452 2997 2692 3052 modum.
2750 2994 2885 3050 Nam
2910 3002 2973 3054 ut
3003 2993 3232 3050 Athenas
3253 2999 3588 3048 vocarentur
3629 2990 3795 3061 (quod

2199 3101 2347 3150 certe
2365 3101 2562 3148 nomen
2577 3101 2609 3144 a
2624 3089 2862 3145 Minerva
2882 3097 2985 3153 est,
3001 3101 3123 3158 qua:
3135 3085 3323 3143 Graec
3337 3085 3552 3140 Athena
3569 3079 3792 3156 [metu]

2200 3184 2442 3255 dicitur),
2465 3185 2608 3241 itane
2631 3194 2853 3238 causam
2876 3180 3052 3237 Varro
3079 3177 3283 3254 indicat
3303 3190 3318 3232 :
3341 3174 3479 3232 Cum
3509 3175 3794 3246 apparuis-

2202 3286 2287 3333 set
2307 3271 2418 3331 illic
2439 3283 2661 3345 repente
2679 3273 2834 3329 oliva!
2854 3271 3038 3336 arbor,
3067 3278 3124 3324 et
3147 3269 3254 3324 alio
3276 3265 3396 3324 loco
3421 3281 3566 3338 aqua
3588 3265 3796 3336 erupis-

2202 3377 2302 3434 set,
2333 3379 2514 3438 Iegem
2553 3364 2798 3436 prodigia
2827 3363 2928 3419 ista
2953 3367 3259 3426 moverunt,
3283 3368 3343 3416 et
3365 3359 3515 3414 misit
3537 3358 3607 3412 ad
3635 3356 3796 3427 Apol-

2202 3461 2363 3516 linem
2408 3457 2723 3529 Delphicum
2769 3453 3157 3510 sciscitandum
3203 3452 3333 3522 quid
3385 3449 3796 3519 intelligean

2201 3562 2366 3620 esset,
2389 3552 2586 3624 quidve
2623 3549 2952 3608 faciendum.
3005 3545 3099 3602 ille
3137 3542 3419 3615 respondit
3452 3541 3600 3612 qud
3639 3540 3798 3594 deum

2204 3646 2495 3701 Minervam
2539 3641 2872 3713 signiﬁcaret
2903 3642 2962 3694 et
2993 3637 3319 3708 Neptunum,
3367 3641 3426 3688 et
3470 3631 3618 3704 quod
3652 3633 3798 3686 esset

2203 3737 2258 3792 in
2283 3736 2480 3791 civium
2509 3739 2778 3804 potestate
2812 3745 2879 3786 ex
2912 3727 3068 3798 citius
3091 3727 3312 3783 nomine
3347 3725 3528 3797 potius
3565 3725 3796 3779 duorum

2204 3828 2450 3892 deomm,
2473 3839 2705 3896 quorum
2729 3825 2885 3894 signa
2913 3821 3003 3882 illa
3030 3825 3232 3885 essent,
3265 3818 3461 3874 civitas
3482 3825 3792 3872 vocaretur.

2201 3923 2306 3979 Istc
2326 3922 2583 3992 Cecrops,
2606 3919 2829 3976 oraculo
2849 3924 3092 3987 accepto,
3118 3915 3266 3970 cives
3291 3924 3484 3966 omnes
3513 3909 3798 3978 utriusque

2205 4029 2366 4070 senis
2387 4011 2696 4078 consulens,
2732 4024 2853 4066 mos
2877 4007 3025 4064 enim
3050 4014 3181 4061 tunc
3205 4005 3262 4060 in
3297 4003 3502 4058 eisdem
3525 4001 3662 4058 locis
3680 4007 3800 4055 erat

2205 4115 2264 4160 ut
2298 4106 2459 4160 etiam
2501 4103 2714 4159 femina:
2759 4099 2988 4174 publicis
3035 4095 3526 4155 consultationibus
3570 4093 3797 4149 interes-

2207 4204 2347 4262 sent,
2401 4195 2470 4251 ad
2520 4193 2801 4253 ferendum
2857 4189 3169 4262 suffragium
3219 4201 3410 4244 omnes
3452 4183 3791 4240 convocavit.

2206 4290 2460 4350 Consulta
2490 4289 2655 4361 igitur
2681 4285 3045 4351 multitudine,
3077 4297 3256 4339 matres
3284 4295 3382 4354 pro
3417 4278 3687 4350 Neptuno,
3721 4276 3796 4331 fe-

2207 4385 2368 4441 minae
2406 4397 2507 4454 pro
2550 4381 2811 4445 Minerva,
2853 4377 3024 4434 tulere
3063 4374 3380 4432 sententias.
3411 4371 3482 4428 Et
3519 4371 3648 4442 quia
3687 4383 3792 4423 una

2208 4479 2327 4550 plus
2373 4477 2589 4532 iuventa
2632 4482 2718 4529 est
2755 4471 3125 4531 feminarum,
3166 4465 3402 4522 Minerva
3435 4461 3589 4518 vicit.
3643 4461 3792 4516 'l‘unc

516 4585 631 4652 Quo
665 4594 892 4658 tenipore
920 4593 967 4640 et
999 4586 1184 4708 quibus
1221 4586 1496 4670 coaetaneis
1529 4583 1702 4670 Mysos
1731 4583 2102 4660 Egyptiorum

976 4672 1010 4728 ρ
1030 4656 1358 4727 uiosophiam
1379 4658 1638 4712 didicerit.

2208 4569 2510 4640 Neptunus,
2552 4565 2746 4631 iratus,
2793 4560 3020 4618 marinis
3064 4557 3320 4614 fluctibus
3367 4555 3794 4612 exazstuantibns

2211 4670 2382 4716 terras
2422 4655 2831 4713 Atheniensium
2871 4651 3162 4723 populatus
3201 4656 3304 4713 est,
3352 4647 3605 4717 quoniam
3637 4659 3790 4714 spar-

1030 4656 1358 4727 tiiosophiam
1379 4658 1638 4712 didicerit.

584 4745 931 4820 Assyriorum
965 4755 1191 4816 quartus
1224 4745 1465 4803 decimus
1501 4747 1768 4817 Mamilus,
1803 4751 1960 4808 annis
2003 4752 2104 4807 tri-

516 4838 684 4910 ginta.
736 4839 781 4893 A
803 4839 1087 4894 nativitate
1113 4837 1344 4892 Abrahae
1369 4839 1935 4912 quadringentesimus
1959 4847 2105 4904 vice-

517 4931 685 4986 simus
719 4931 1000 5002 septimus,
1032 4931 1468 5001 repromissionis
1518 4947 1648 4988 vero
1693 4938 2105 4994 trecentesimus

517 5021 996 5093 quinquagesimus
1032 5021 1340 5078 secundus:
1370 5021 1530 5093 Argis
1573 5032 1756 5080 sextus
1797 5041 1891 5082 rex
1930 5028 2103 5085 Phor-

516 5112 633 5179 bas,
661 5111 1034 5186 Egyptiorum
1059 5123 1238 5169 autem
1260 5111 1422 5169 Orus.
1471 5113 1566 5169 liis
1594 5117 1736 5170 enim
1759 5121 2106 5189 regnantibus

519 5199 695 5261 Moses
743 5205 1058 5263 adolescens
1085 5250 1100 5276 ,
1150 5223 1366 5262 omnem
1399 5207 1794 5280 philosophiam
1832 5213 2108 5285 Egyptio-

519 5309 640 5350 rum
661 5295 868 5354 didicit.
899 5297 1164 5368 Epidorus
1194 5299 1375 5369 itaque
1397 5299 1589 5355 civitas
1615 5301 1833 5356 condita
1855 5310 1953 5357 est.
1987 5301 2106 5357 Pri-

521 5403 645 5443 mus
687 5390 886 5462 quippe
931 5389 1101 5447 Emon
1153 5391 1394 5464 regnavit
1438 5392 1493 5447 in
1529 5391 1827 5449 Thessalia.
1867 5393 2110 5451 Phorbas

525 5480 776 5535 Rhodum
799 5483 1048 5550 obtinuit,
1072 5484 1349 5550 Hercules,
1375 5494 1435 5540 ut
1454 5483 1645 5551 fertur,
1660 5486 1928 5542 Antheum
1951 5487 2109 5544 luctas

524 5571 655 5626 vicit
678 5573 994 5628 certamine.
1044 5575 1328 5632 Trochilus
1363 5577 1574 5646 primus
1609 5577 1852 5650 junxisse
1889 5579 2112 5648 quadri-

525 5679 670 5738 gam,
705 5663 918 5719 Xantus
945 5665 1351 5736 Triopalesbum
1383 5672 1644 5738 condidit,
1666 5669 1836 5726 Cidon
1870 5672 2118 5743 regnavit

525 5757 586 5816 in
633 5756 816 5814 Creta.
865 5755 1096 5826 Quidam
1155 5777 1286 5818 vero
1333 5764 1580 5819 scribunt
1637 5761 2016 5820 Prometheum
2061 5773 2118 5820 et

2211 4670 2382 4716 terras
2422 4655 2831 4713 Atheniensium
2871 4651 3162 4723 populatus
3201 4656 3304 4713 est,
3352 4647 3605 4717 quoniam
3637 4659 3790 4714 spar-

2207 4763 2334 4824 gere
2354 4750 2515 4805 latius
2543 4745 2818 4816 quaslibet
2855 4757 3023 4813 aquas
3061 4739 3277 4798 dilﬁcile
3315 4736 3651 4792 daemonibus
3691 4751 3792 4790 non

2205 4853 2307 4902 est.
2359 4843 2525 4914 Citius
2560 4849 2622 4895 ut
2659 4837 2941 4894 iracundia
2992 4835 3320 4906 placaretur,
3362 4829 3557 4901 triplici
3596 4830 3794 4900 suppli-

2207 4938 2290 4992 cio
2318 4935 2450 4990 dicit
2479 4932 2622 4988 idem
2654 4937 2844 4988 auctor
2877 4927 2946 4982 ah
2973 4921 3396 4982 Atheniensibus
3429 4920 3651 4976 aifectas
3677 4933 3792 4975 esse

2207 5026 2484 5089 mulieres,
2515 5031 2574 5078 ut
2601 5021 2747 5080 nulla
2771 5019 3000 5074 ulterius
3029 5015 3235 5072 ferrent
3265 5011 3545 5082 suffragia.
3582 5020 3645 5066 ut
3679 5012 3792 5066 uul-

2208 5119 2292 5174 lus
2327 5114 2668 5173 nascentium
2707 5118 3011 5168 maternum
3051 5119 3250 5165 conten
3293 5103 3583 5175 acciperet,
3629 5114 3688 5159 ut
3729 5118 3793 5158 nc

2208 5210 2329 5280 quis
2357 5224 2452 5264 cas
2481 5205 2722 5262 Athenas
2747 5209 2988 5261 vocaret.
3031 5199 3109 5254 ita
3145 5197 3235 5254 illa
3259 5196 3473 5260 civitas,
3503 5203 3682 5256 mater
3705 5201 3794 5250 aut

2210 5300 2394 5356 nutrix
2437 5295 2743 5354 liberalium
2783 5290 3150 5348 doctrinarum
3195 5297 3250 5348 et
3290 5295 3372 5344 tot
3413 5295 3794 5356 tantarumque

2211 5392 2680 5466 philosophorum,
2705 5402 2813 5456 qua
2838 5383 2972 5444 nihil
2997 5382 3186 5442 habuit
3227 5380 3436 5446 Graecia
3473 5379 3677 5436 clarius
3719 5387 3794 5434 at-

2213 5501 2318 5558 que
2353 5484 2606 5550 nobilius,
2649 5478 3052 5537 ludiﬁcantihus
3079 5475 3415 5533 daemonibus
3441 5475 3510 5531 de
3533 5475 3634 5531 lite
3669 5475 3793 5529 deo-

2215 5592 2332 5631 rum
2370 5589 2612 5636 suorum,
2651 5570 2820 5630 maris
2864 5577 2920 5625 et
2963 5569 3196 5632 feminae,
3237 5573 3293 5623 et
3327 5567 3400 5622 dc
3443 5567 3672 5625 victoria
3705 5579 3798 5635 per

2215 5667 2464 5730 feminas,
2511 5664 2726 5719 feminas
2773 5660 3017 5718 Athenas
3061 5671 3256 5718 nomen
3292 5658 3520 5728 κωφὴ.
3561 5657 3795 5726 Areopa-

2218 5773 2317 5831 gus
2339 5771 2467 5812 vero
2481 5753 2682 5812 dicitur
2701 5753 2756 5810 in
2778 5751 2968 5809 eadem
2990 5751 3230 5814 civitate,
3257 5748 3347 5807 ubi
3374 5761 3496 5808 cum
3513 5745 3798 5810 Athesi-.-

529 5847 938 5909 Pltiemetheum
993 5859 1156 5924 atque
1203 5851 1477 5909 Atlantem
1536 5853 1758 5909 fratrem
1815 5854 2120 5912 Promethei
2221 5854 2370 5910 sibus
2391 5851 2590 5908 Paulus
2604 5847 2881 5924 apostolus
2902 5845 3216 5918 disputavit,
3239 5859 3272 5904 a
3297 5842 3486 5916 Ιμιω,
3507 5838 3801 5914 ΝΟΜ
