4048 6444
300 356 459 460 953’

1389 393 1801 454 CHRONICON.
1823 425 1895 439 —-
1928 393 2094 454 ‘I‘OM'I
2130 396 2153 453 Ι
2184 395 2313 454 LIB.
2348 391 2417 454 II.

3442 403 3549 463 954

306 525 433 590 ﬁeu,
449 537 609 595 quem
626 521 863 592 primum
881 518 1074 575 Attica
1092 526 1273 590 regem
1292 516 1460 573 fuisse
1482 515 1872 573 convincimus.
1900 517 1955 577 Α
1977 513 2216 571 Evethai
2240 523 2293 570 et
2316 516 2563 587 nympha
2586 514 2730 572 ﬁlius
2756 515 3080 584 agnoscitur.
3111 515 3226 573 Hoc
3246 518 3390 575 enim
3414 528 3547 577 tem-

303 615 494 685 Itaque
539 615 656 669 sine
680 613 787 669 ulla
815 612 1165 683 ambiguitate
1190 610 1367 666 Moses
1413 617 1469 664 et
1502 607 1758 678 CecrOps,
1788 606 1881 676 qui

305 706 516 775 primus
542 704 950 760 Atheniensium
980 703 1103 769 fuit,
1134 703 1324 757 iisdem
1353 703 1503 756 fuere
1525 699 1878 771 temporibus.

306 797 480 852 Porro
497 795 603 850 iste
634 794 868 865 Cecrops
904 793 1070 850 Diﬁes
1090 792 1360 864 indigena,
1399 792 1498 846 sub
1522 806 1630 860 quo
1649 790 1883 860 primum

304 890 365 944 in
386 904 511 944 arce
539 888 682 943 oliva
714 896 836 943 orta
860 895 962 952 est,
985 893 1042 941 et
1070 885 1482 940 Atheniensium
1508 882 1640 937 urbs
1681 896 1751 936 ex
1784 879 1883 935 Mi-

304 993 487 1035 nerva
507 977 863 1048 appellatione
907 976 1099 1032 sortita
1138 990 1357 1030 nomen.
1393 973 1492 1028 Hic
1534 973 1741 1043 primus
1764 985 1882 1026 om-

304 1071 455 1125 nium
481 1067 671 1123 Jovem
689 1066 994 1138 appellavit,
1028 1064 1316 1120 simulacra
1341 1061 1563 1131 reperit,
1596 1075 1746 1115 aram
1773 1067 1884 1115 sta-

300 1160 409 1215 tuit
434 1200 450 1225 ,
499 1160 747 1215 victimas
797 1155 1094 1212 immolavit
1121 1195 1138 1222 ,
1188 1169 1529 1225 nequaquam
1579 1152 1897 1215 istiusmodi,

307 1248 551 1304 rebusin
589 1246 795 1302 Gracia
819 1261 1055 1315 unquam
1093 1244 1247 1299 visis.
1285 1243 1492 1298 Catera
1522 1256 1738 1311 quoque
1763 1255 1882 1311 qua

303 1339 450 1409 apud
470 1337 690 1393 Gracos
711 1337 849 1391 mira
868 1337 1163 1406 iactantur,
1195 1333 1493 1403 posteriora
1538 1331 1774 1402 Cecr0pe
1796 1330 1884 1385 de-

303 1429 730 1499 prehenduutur.
758 1426 886 1483 Post
935 1427 1079 1481 hunc
1117 1424 1262 1480 enim
1313 1422 1571 1479 scribitur
1621 1422 1881 1477 diluvium

304 1518 407 1572 sub
431 1518 770 1579 Deucalione,
805 1515 1110 1571 incendium
1149 1515 1247 1569 sub
1276 1512 1594 1578 Phaetonte,
1643 1512 1883 1567 Erictho-

304 1608 428 1662 nius
454 1606 677 1661 Vulcani
699 1614 755 1661 et
782 1606 964 1661 Terrae
993 1605 1155 1671 ﬁlius,
1206 1604 1592 1673 Dardanusque
1631 1602 1725 1673 qui
1750 1602 1884 1657 Dar-

303 1697 525 1752 daniam
546 1695 800 1752 condidit.
832 1695 910 1750 De
932 1710 1039 1766 quo
1061 1694 1327 1750 Homerus
1349 1712 1364 1749 :

431 1799 586 1857 Quem
611 1799 814 1860 primum
837 1797 1008 1860 genuit
1032 1795 1219 1848 calesti
1244 1796 1437 1859 Jupiter
1457 1784 1591 1849 arce.

1982 620 2114 675 pore
2139 606 2426 660 Corinthus
2470 615 2553 662 est
2594 608 2827 672 condita,
2878 622 2997 677 qua
3022 609 3171 679 prius
3204 611 3362 682 Epira
3386 628 3547 669 voca-

1981 698 2159 751 batur.
2213 695 2516 752 Secundum
2562 713 2692 754 vero
2728 698 3031 767 nonnullos,
3077 701 3134 755 lo
3175 700 3231 755 in
3255 700 3547 775 Egyptum

1980 785 2238 858 profecta,
2265 794 2322 842 et
2344 788 2417 842 ibi
2438 788 2538 845 Isis
2556 798 2859 860 nuncupata
2880 798 2980 846 est.
3023 790 3153 859 Qua
3176 802 3337 863 nupta
3364 803 3549 865 postea

1981 875 2286 949 Thelegono
2311 877 2429 948 regi
2454 877 2828 951 Egyptiorum
2852 880 3079 951 Epafum
3105 884 3305 954 genuit.

2588 992 2814 1049 CAPUT
2852 994 2943 1050 IX.

1981 1082 2059 1138 lle
2084 1082 2317 1152 ﬁliorum
2345 1081 2518 1163 Danai
2538 1092 2586 1138 et
2622 1085 3168 1163 λΙξςιὶδζὶῃςινςὶεἱάὶἱε,
3198 1074 3416 1163 Egypti
3442 1092 3551 1163 pri-

2104 1170 2193 1207 ma
2216 1153 2560 1224 appellatione
2587 1165 2634 1208 et
2663 1153 2923 1211 Busiridis
2948 1159 3004 1212 in
3043 1176 3104 1213 ea
3131 1153 3425 1230 tyrannide.

2051 1242 2397 1314 Assyriorum
2410 1242 2549 1300 XVII
2573 1245 2815 1302 Amnites
2834 1249 2989 1303 annis
3005 1248 3095 1303 45.
3124 1249 3293 1319 Hujus
3321 1266 3551 1322 namque

1982 1350 2124 1389 anno
2151 1350 2294 1391 nono
2335 1335 2509 1392 Moses
2551 1339 2798 1403 moritur,
2823 1348 2887 1394 'et
2939 1338 3066 1396 Jesu
3108 1340 3254 1398 Nave
3297 1343 3552 1398 ducatum

1979 1425 2176 1495 populo
2194 1426 2395 1496 prabet
2433 1428 2588 1483 annis
2623 1429 2808 1498 viginti
2836 1445 2952 1497 sex,
2977 1431 3068 1501 qui
3092 1439 3292 1488 terram
3321 1432 3557 1490 Palaesti-

1980 1530 2175 1570 norum
2194 1525 2340 1571 sorte
2356 1517 2627 1573 distribuit
2640 1518 2855 1575 Judais.
2884 1522 3117 1592 Eratque
3137 1531 3265 1579 tunc
3283 1526 3552 1581 secundus

1979 1605 2220 1677 pontifex
2257 1606 2605 1664 Hebraorum
2632 1609 2874 1665 Eleazar.
2914 1612 3054 1683 Ergo
3077 1628 3109 1667 a
3152 1615 3327 1688 prima
3371 1617 3556 1672 mundi

1979 1695 2186 1751 fabrica
2217 1712 2387 1767 usque
2420 1699 2490 1754 ad
2538 1698 2671 1755 Mosi
2699 1700 2905 1756 obitum
2950 1700 3073 1756 libri
3122 1703 3289 1771 ipsius
3321 1705 3559 1776 quinque

1979 1788 2258 1844 continent
2285 1804 2455 1853 annos
2483 1790 2588 1845 tria
2621 1790 2790 1847 millia
2817 1793 3181 1864 septingentos
3204 1796 3442 1866 triginta,
3467 1812 3556 1852 se-

303 1882 514 1938 Libera
540 1897 753 1952 quoque
782 1891 966 1952 raptus
987 1882 1235 1953 Europae,
1264 1898 1419 1938 sacra
1441 1883 1674 1947 Cereris,
1714 1888 1878 1953 atque
1902 1870 1952 1933 Β
1979 1868 2217 1935 cundum
2268 1880 2412 1935 LXX
2475 1880 2761 1938 Seniorum
2816 1884 3333 1955 interpretationem.
3386 1886 3560 1958 Igitur

299 1975 457 2030 Isidis
483 1974 765 2030 delubrum
804 1974 858 2029 in
904 1972 1189 2044 Eleusyna,
1231 1971 1497 2029 frumenta
1548 1973 1879 2043 Triptolemi,

300 2081 527 2137 regnum
560 2065 736 2131 Trois,
766 2063 920 2133 cujus
945 2065 1183 2120 dinatum
1223 2063 1338 2137 [Ida
1374 2064 1585 2137 natum]
1616 2063 1886 2135 Ganyme-

301 2160 426 2216 dem
453 2159 520 2214 ad
556 2158 731 2214 sidera
779 2163 1015 2229 raptum,
1049 2158 1176 2212 vina
1218 2158 1302 2213 dei
1344 2159 1556 2229 magnis
1599 2157 1885 2212 voluerunt

300 2252 530 2306 fundere
574 2245 794 2305 mensis.
836 2248 953 2316 Quo
999 2257 1239 2319 tempore
1289 2247 1546 2305 Tantalus
1591 2264 1802 2319 quoque
1831 2256 1886 2303 et

300 2342 472 2397 Titios
520 2325 758 2406 fuerunt,
816 2345 873 2394 et
917 2338 1107 2409 Apollo
1147 2348 1305 2395 natus
1356 2346 1460 2395 est.
1497 2337 1631 2392 Nam
1680 2338 1886 2393 Latona

300 2430 450 2487 Jovis
474 2431 670 2502 coniux
700 2439 938 2499 tempore
966 2429 1211 2500 Tytionis
1236 2428 1362 2497 fuit,
1385 2429 1606 2484 Latona
1631 2437 1810 2485 autem
1832 2436 1888 2485 et

298 2521 447 2578 Iovis
472 2522 554 2594 (ut
580 2521 778 2597 ferunt)
799 2522 902 2579 fuit
922 2523 1110 2594 Apollo
1131 2524 1291 2578 ﬁlius.
1316 2523 1443 2580 Post
1465 2540 1600 2596 quos
1626 2524 1886 2580 Cathmus

302 2615 516 2670 Thebas
538 2616 706 2681 venit,
733 2614 824 2685 qui
853 2615 1101 2673 Semelen
1128 2617 1313 2687 genuit
1337 2633 1352 2672 :
1393 2618 1459 2671 de
1500 2631 1608 2687 qua
1630 2616 1881 2687 pulcher-

301 2708 439 2763 rima
461 2711 662 2779 proles,
684 2711 848 2768 Liber
887 2713 1205 2785 condignam
1239 2719 1398 2783 partu
1429 2712 1553 2768 tulit
1591 2712 1737 2767 edita
1766 2709 1885 2765 fru-

301 2819 442 2873 gem.
472 2804 642 2860 Porro
671 2805 834 2862 Liber
861 2814 917 2862 et
962 2805 1175 2876 reliqui,
1227 2820 1364 2874 quos
1408 2819 1533 2858 mox
1572 2802 1883 2876 inferemus,

299 2903 423 2962 post
457 2893 881 2950 ducentesimum
908 2874 1107 2949 annum
1149 2894 1404 2965 Cecropis
1438 2874 1672 2956 fuerunt,
1719 2892 1887 2947 Linus

300 2984 509 3041 scilicet
556 2995 610 3040 et
662 2985 881 3051 Cethus,
910 2994 967 3042 et
1021 2986 1311 3056 Amphion,
1363 2984 1590 3040 Musaeus
1619 2983 1883 3053 Orpheus,

300 3075 472 3131 Minos
498 3076 742 3142 Perseus,
772 3076 1109 3148 Esculapius,
1151 3076 1347 3148 gemini
1371 3076 1642 3141 Castores,
1684 3076 1888 3130 Hercu-

1982 1970 2221 2026 decimus
2255 1971 2411 2043 Argis
2439 1972 2655 2028 Danaus
2700 1981 2911 2043 regnat,
2955 1973 3324 2047 Sycioniorum
3372 1986 3557 2035 sextus

1982 2061 2221 2117 decimus
2241 2060 2435 2117 Corax.
2468 2062 2885 2120 Atheniensibus
2905 2062 3250 2123 Ericthonius
3270 2069 3546 2139 regnabat,

1981 2150 2075 2221 qui
2104 2151 2312 2221 primus
2360 2153 2678 2225 quadrigam
2727 2153 2905 2222 iunxit
2951 2156 3007 2210 in
3052 2156 3282 2224 Gracia,
3314 2158 3561 2229 quamvis

1982 2241 2111 2298 olim
2135 2250 2277 2297 esset
2299 2244 2439 2314 apud
2459 2243 2594 2299 alias
2615 2245 2878 2300 nationes.
2905 2245 3000 2300 His
3018 2247 3161 2302 enim
3192 2247 3559 2316 regnantibus,

1985 2330 2128 2387 inter
2152 2331 2320 2387 Danai
2346 2340 2508 2404 atque
2533 2334 2729 2407 Egisti
2760 2334 2987 2391 fratrum
3011 2336 3151 2393 ﬁlios
3178 2338 3561 2411 quinquaginta

1982 2422 2272 2493 parricidia
2314 2439 2420 2478 una
2470 2432 2628 2480 nocte
2677 2426 2964 2482 commissa
2995 2435 3143 2494 sunt,
3191 2428 3306 2484 solo
3349 2427 3563 2500 Lynceo

1984 2511 2267 2583 evadente,
2297 2514 2387 2582 qui
2412 2523 2537 2583 post
2561 2529 2683 2570 eum
2709 2516 2972 2586 regnavit.
3018 2516 3137 2587 Ipse
3163 2516 3356 2574 deinde
3387 2525 3566 2573 tanto-

1985 2619 2105 2658 rum
2139 2604 2401 2661 scelerum
2439 2605 2733 2662 fabricator
2769 2607 3010 2676 Danaus,
3067 2622 3253 2680 regno,
3307 2612 3450 2681 quod
3483 2618 3565 2666 tot

1984 2692 2202 2765 ﬂagitiis
2224 2697 2603 2766 acquisiverat,
2629 2699 2836 2768 pulsus,
2863 2699 3036 2772 Argos
3070 2701 3356 2772 concessit,
3384 2701 3565 2771 ibique

1986 2788 2204 2862 indigne
2228 2795 2524 2861 persuasus
2550 2792 2607 2847 in
2646 2790 2878 2859 facinus,
2902 2793 3062 2864 Argis
3111 2792 3441 2861 Sthenelam,
3467 2795 3561 2863 qui

1986 2897 2109 2937 eum
2140 2881 2425 2952 profugum
2445 2891 2800 2957 egentemque
2824 2895 3126 2957 exceperat,
3148 2903 3313 2955 regno
3337 2887 3564 2956 expulit,

1986 2980 2148 3042 atque
2173 2974 2289 3044 ipse
2314 2976 2577 3045 regnavit.
2615 2975 2800 3046 Neque
2844 2991 2975 3033 vero
3017 2977 3305 3033 multitudo
3332 2977 3566 3032 ﬁliorum

1990 3063 2330 3119 incredibilis
2355 3065 2529 3120 videri
2552 3066 2711 3121 debet
2745 3068 2800 3122 in
2827 3067 3096 3134 barbaris,
3123 3076 3379 3149 cum’tam
3400 3069 3562 3124 innu-

300 3168 402 3236 les,
428 3184 551 3224 cum
573 3185 681 3240 quo
700 3170 891 3240 Apollo
914 3171 1139 3226 servivit
1160 3172 1407 3237 Admeto,
1439 3178 1561 3241 post
1583 3185 1719 3240 quos
1738 3169 1883 3224 facta
1915 3222 1957 3241 η
1988 3153 2272 3225 morabiles
2303 3154 2537 3210 habeant
2561 3157 2874 3212 connubias.
2898 3157 3056 3213 Enim
3085 3172 3213 3214 vero
3241 3174 3273 3214 a
3306 3160 3564 3230 praedicto

301 3273 386 3320 est
410 3265 657 3336 Troiana
679 3267 832 3322 urbis
854 3267 1083 3331 eversio,
1107 3282 1268 3337 quam
1303 3265 1569 3321 Homerus
1610 3265 1768 3334 longo
1796 3278 1884 3319 se-

2267 3261 2393 3337 rege
2445 3262 2638 3303 nomen
2686 3248 2894 3319 accepit
2938 3247 3223 3321 IEgyptus,
3272 3222 3391 3320 qua
3416 3252 3570 3322 prius

300 3357 487 3426 quitur
519 3356 818 3420 intervallo,
850 3356 1009 3426 longe
1043 3366 1167 3425 post
1208 3355 1442 3410 fuerunt.
1480 3354 1745 3410 Homerus
1789 3369 1886 3408 au-

300 3456 413 3502 tem
460 3446 656 3503 Solone
681 3456 737 3502 et
764 3447 986 3503 Thalete
1031 3447 1238 3504 Milesio
1282 3448 1601 3516 caterisque
1644 3447 1884 3516 quicum

302 3541 387 3596 his
416 3549 623 3610 septem
651 3541 923 3611 sapientes
953 3539 1200 3610 appellati
1243 3548 1387 3604 sunt,
1424 3539 1594 3593 multo
1626 3539 1777 3609 prior
1799 3532 1887 3594 re-

296 3634 524 3702 peritur.
568 3631 772 3688 Deinde
809 3631 1143 3706 Pythagoras
1186 3617 1415 3695 exstitit,
1441 3629 1533 3700 qui
1561 3645 1620 3685 se
1659 3644 1767 3685 non
1791 3643 1886 3686 sa-

302 3726 538 3794 pientem
566 3732 627 3778 nt
652 3724 889 3795 priores,
917 3725 1011 3781 sed
1042 3724 1435 3795 philosophum,
1482 3722 1535 3777 id
1560 3730 1645 3777 est
1672 3728 1890 3797 amato—

304 3829 418 3869 rem
448 3815 746 3884 sapientiae,
774 3815 880 3870 dici
906 3814 1098 3881 voluit,
1147 3829 1306 3884 quem
1344 3821 1562 3869 secutus
1606 3811 1885 3880 Socrates,

301 3906 394 3975 qui
424 3904 704 3960 Platonem
730 3905 981 3970 erudivit,
1009 3920 1041 3959 a
1065 3920 1171 3975 quo
1202 3904 1406 3959 famosa
1432 3905 1486 3958 in
1516 3914 1699 3973 partes
1717 3901 1888 3974 philo-

299 3997 490 4068 sophia
515 3997 685 4053 divisa
734 4006 834 4052 est.
883 3997 1087 4052 Horum
1131 3996 1390 4068 singulos,
1441 3995 1589 4065 iuxta
1641 3994 1885 4051 ordinem

301 4089 579 4159 sequentis
612 4089 870 4155 historia,
914 4089 1027 4145 suis
1056 4088 1188 4144 locis
1231 4089 1552 4144 inseremus.
1593 4087 1688 4142 His
1713 4087 1879 4144 etiam

302 4180 637 4250 temporibus
671 4180 804 4236 adeo
824 4179 969 4251 iugis
992 4187 1046 4234 et
1086 4180 1268 4250 gravis
1292 4188 1455 4234 astus
1496 4178 1798 4246 incanduit,
1820 4185 1884 4233 ut

301 4270 402 4334 sol,
450 4285 546 4339 per
571 4271 724 4327 devia
764 4278 1120 4337 transvectus,
1172 4272 1482 4326 universum
1528 4271 1737 4337 orbem,
1773 4286 1883 4326 non

300 4360 482 4416 calore
507 4358 771 4427 affecisse,
805 4359 899 4416 sed
921 4360 1029 4431 igni
1079 4361 1341 4417 torruisse
1367 4360 1615 4416 dicatur:
1660 4361 1888 4430 impres-

302 4463 532 4519 sumque
553 4449 838 4514 fervorem,
863 4457 920 4505 et
941 4446 1194 4520 Ethiops
1211 4448 1332 4520 plus
1355 4450 1592 4513 solitum,
1620 4457 1676 4503 et
1697 4447 1887 4505 insoli-

1983 3334 2490 3402 Aeriadicebatur;
2546 3338 2734 3394 eodem
2781 3338 2944 3394 etiam
2996 3348 3237 3412 tempore
3287 3342 3567 3400 Dardanus

1984 3425 2313 3505 Dardaniam
2339 3427 2598 3483 condidit.
2631 3427 2911 3500 Templum
2935 3430 3154 3501 Delphis
3179 3449 3210 3487 a
3235 3432 3456 3509 Phlegio
3483 3435 3567 3489 in-

1984 3531 2206 3575 censum
2247 3524 2349 3573 est.
2396 3516 2551 3574 Tunc
2598 3518 2762 3575 etiam
2797 3519 3072 3576 Busirides
3112 3521 3168 3577 in
3213 3520 3443 3599 Egyplo
3468 3521 3570 3578 fuit

1983 3604 2217 3676 Neptuni
2237 3613 2295 3661 et
2331 3604 2515 3678 Libya
2553 3607 2757 3680 Epaphi
2787 3609 2911 3666 ﬁlia
2941 3609 3100 3666 ﬁlius.
3127 3610 3232 3678 Qui
3264 3611 3392 3673 dum
3424 3614 3567 3681 apud

1983 3696 2163 3751 vicina
2191 3695 2296 3750 Nili
2339 3696 2456 3753 loca
2493 3699 2833 3769 tyrannidem
2876 3707 3177 3767 exerceret,
3217 3708 3561 3763 transeuntes

1986 3786 2234 3856 hospites,
2255 3786 2458 3842 crudeli
2505 3787 2707 3843 scelere
2747 3787 3097 3856 interﬁciens,
3132 3791 3345 3860 tyranni
3373 3806 3567 3846 cruen-

1970 3876 2181 3931 .tissimi
2211 3877 2554 3948 hospitalitas
2593 3878 2967 3935 crudelissima
3002 3887 3058 3934 et
3085 3879 3272 3949 religio
3298 3880 3569 3936 crudelior

1892 3976 1897 3982 ·
1986 3974 2128 4032 erat,
2158 3967 2250 4038 qui
2271 3968 2589 4039 sanguinem
2623 3968 2894 4040 hospitum
2921 3970 3270 4031 innocentum
3298 3972 3562 4028 scelerum

1986 4073 2208 4114 suorum
2231 4060 2583 4130 participibus
2610 4061 2714 4118 diis
2755 4063 3094 4132 propinabat.
3135 4063 3301 4134 Igitur
3333 4079 3429 4135 per
3452 4063 3567 4119 hac

1987 4158 2252 4220 tempora,
2282 4150 2338 4206 id
2363 4158 2464 4216 est,
2500 4152 2569 4208 ab
2592 4153 2741 4209 exitu
2788 4153 2951 4209 Israel
2990 4168 3059 4209 ex
3103 4153 3363 4228 Egypto,
3391 4171 3564 4225 usque

1987 4242 2055 4298 ad
2075 4250 2307 4297 mortem
2358 4240 2488 4299 Jesu
2522 4241 2691 4311 Nave,
2738 4259 2837 4315 per
2863 4261 3021 4316 quem
3048 4247 3277 4317 populus
3326 4248 3425 4303 Dei
3462 4256 3571 4303 ter-

1985 4349 2109 4390 ram
2136 4335 2567 4404 repromissionis
2594 4336 2821 4406 accepit,
2846 4350 3002 4393 sacra
3030 4345 3156 4392 sunt
3176 4338 3425 4399 instituta
3461 4339 3566 4394 diis

1986 4424 2136 4482 falsis
2160 4442 2191 4480 a
2215 4426 2434 4497 regibus
2469 4425 2844 4498 Gracia,qua
2857 4429 3172 4485 memoriam
3199 4431 3406 4496 diluvii,
3421 4440 3476 4485 et
3499 4431 3568 4485 ab

304 4549 418 4596 mm
442 4517 647 4611 Scytha
671 4555 778 4595 non
805 4539 1024 4595 “116m:
1052 4517 1263 4611 θίφίο
1288 4541 1452 4596 etiam
1480 4540 1723 4610 quidam,
1750 4539 1880 4595 dum
1986 4532 2053 4572 eo
2073 4517 2408 4575 liberationis
2428 4517 2726 4585 hominum,
2756 4520 2986 4590 vitaque
3024 4535 3360 4586 arumnosa,
3408 4522 3568 4576 modo

353 4647 357 4648 ,
471 4647 474 4648 ,
577 4647 611 4648 η
644 4633 657 4648 1
739 4640 752 4648 .
807 4631 844 4648 η
897 4647 903 4648 ,
968 4631 1008 4648 οη
1036 4630 1140 4648 ξωγι
1164 4632 1218 4648 -ιν
1408 4641 1446 4648 ,ν
1501 4633 1535 4648 ,ο
1646 4628 1649 4631 ι
1904 4588 1961 4648 1)
1983 4608 2048 4648 ad
2071 4608 2200 4648 ulla.
2230 4607 2475 4648 mnﬂnnad
2500 4606 2654 4648 nlann
2689 4609 3028 4648 miamnﬁnm
3087 4609 3308 4648 anlamni
3341 4609 3567 4648 ιιιιιριιιοί-

299 4647 409 4687 non
458 4606 758 4687 concedunt
803 4631 914 4687 Deo
966 4606 1285 4688 ineffabilem
1332 4606 1649 4703 potentiam
1679 4648 1828 4688 suam
1859 4674 1875 4699 ,

1983 4608 2050 4663 ad
2070 4608 2204 4674 alta,
2229 4607 2475 4673 modoad
2500 4606 2658 4676 plana
2687 4609 3052 4680 migrantium,
3086 4609 3310 4665 solemni
3341 4609 3567 4665 celebri-

298 4722 489 4776 inanes
526 4720 857 4775 ratiunculas
883 4721 1259 4790 conquirentes
1291 4720 1573 4776 ridiculam
1605 4720 1876 4777 Phaeton-

301 4811 372 4866 tis
408 4809 644 4865 fabulam
672 4817 974 4865 texuerunt.
1018 4809 1209 4880 Igitur,
1234 4817 1294 4864 ut
1321 4826 1483 4881 supra
1513 4811 1757 4879 memini,
1782 4826 1880 4867 an-

297 4918 370 4958 no
394 4912 589 4957 octavo
631 4910 890 4970 regnante
918 4900 1149 4958 Scatade
1195 4902 1250 4956 in
1294 4901 1549 4973 Assyriis,
1588 4902 1725 4959 ﬁunt
1749 4904 1878 4960 anni

299 4994 558 5049 transacti
580 4994 1016 5064 repromissionis
1041 4994 1421 5065 quadringenti
1446 4995 1685 5067 triginta,
1713 5011 1745 5051 a
1780 5012 1877 5052 na-

298 5085 509 5140 tivitate
543 5098 673 5142 vero
716 5083 944 5140 Ahraha
972 5083 1251 5154 quingenti
1295 5084 1552 5154 quinque.
1597 5084 1770 5143 Moses
1793 5100 1889 5142 au-

301 5187 430 5241 tem,
448 5175 835 5244 octogesimum
863 5175 1038 5231 atatis
1064 5174 1266 5230 habens
1292 5189 1512 5241 annum,
1542 5175 1653 5231 dux
1676 5177 1887 5234 itineris

295 5267 530 5323 elﬁcitur
553 5267 902 5323 Hebraeorum
927 5268 995 5323 ab
1019 5267 1288 5338 Egypto;
1316 5265 1640 5337 prafuitque
1680 5266 1884 5339 popqu

296 5361 396 5415 Dei
431 5360 485 5415 in
510 5360 725 5416 deserto
752 5360 907 5415 annis
948 5359 1323 5430 quadraginta,
1371 5358 1694 5430 tradensque
1728 5360 1780 5416 ei
1806 5359 1887 5416 le-

294 5467 419 5524 gem
445 5467 475 5507 a
505 5452 618 5507 Deo
643 5452 747 5507 sibi
778 5451 975 5506 datam.
1005 5450 1082 5506 Ph
1125 5460 1369 5521 tempore
1414 5452 1681 5526 secundus
1717 5451 1882 5510 Athe-

296 5545 575 5619 niensium
596 5545 872 5600 Cradavus
893 5558 991 5599 rex
1015 5553 1155 5610 erat,
1182 5545 1273 5614 qui
1298 5545 1489 5599 habuit
1513 5544 1883 5602 successerem

292 5635 628 5705 Amphition.
680 5635 797 5702 Quo
847 5635 903 5690 in
932 5642 1193 5705 “tempore
1216 5634 1524 5707 Cnryteset
1550 5636 1883 5710 Corybantes

291 5728 518 5786 Gnoson
536 5728 913 5796 condiderunt,
939 5729 1032 5799 qui
1069 5729 1396 5784 modulatam
1421 5736 1497 5785 et.
1513 5730 1655 5786 inter
1675 5746 1735 5786 se
1754 5743 1882 5786 com

292 5820 569 5878 cinentem
592 5821 650 5877 in
676 5821 842 5879 armis
868 5818 1211 5877 saltationem
1255 5817 1609 5893 repererunt:
1642 5824 1882 5880 musicus

1985 4706 2097 4753 tate
2128 4704 2465 4765 revocarunt.
2497 4696 2631 4763 Nam
2671 4707 2727 4754 et
2781 4699 3147 4771 Lupercorum
3191 4715 3289 4771 per
3336 4698 3563 4756 Sacram

1981 4787 2129 4861 viam.
2157 4801 2443 4867 ascensum
2452 4848 2458 4857 ,
2468 4795 2631 4857 atque
2652 4787 2971 4845 descensum
3002 4790 3080 4846 sic
3123 4789 3563 4860 interpretantur,

1985 4889 2045 4935 ut
2064 4879 2133 4933 ab
2152 4878 2231 4933 eis
2252 4874 2546 4950 signiﬁcari
2571 4879 2749 4936 dicant
2774 4882 3038 4948 homines,
3062 4883 3152 4951 qui
3174 4892 3395 4952 propter
3417 4899 3569 4953 aqua

1980 4968 2385 5027 inundationem
2409 4958 2629 5024 summa
2646 4971 2909 5026 montium
2932 4971 3260 5041 petiverunt,
3279 4980 3337 5027 et
3354 4987 3560 5043 rursus,

1985 5062 2174 5118 eadem
2194 5061 2488 5133 minuente,
2512 5060 2581 5116 ad
2604 5062 2712 5135 ima
2738 5064 3033 5119 redierunt.

1982 5266 2061 5323 De
2087 5266 2296 5338 Progne
2320 5274 2368 5321 et
2413 5175 2958 5338 Ρήἰιοηὲῖιῗῗῗτέιὲ
2985 5267 3274 5324 Thebarum
3322 5269 3563 5339 Cathmo,

2050 5367 2394 5439 Assyriorum
2423 5367 2586 5422 XVIII
2614 5355 2893 5433 Belochus,
2928 5369 3085 5425 anuis
3123 5368 3214 5425 25.
3259 5370 3427 5443 Hujus
3458 5373 3565 5429 ﬁlia

1986 5458 2151 5525 Tosa,
2180 5474 2300 5529 qua
2332 5466 2388 5514 et
2413 5458 2751 5522 Semiramis,
2791 5460 3033 5530 regnavit
3063 5476 3185 5517 cum
3227 5473 3383 5532 patre
3410 5466 3565 5519 anuis

1983 5558 2126 5605 octo.
2154 5550 2236 5604 Ab
2260 5550 2410 5604 exitu
2434 5548 2664 5604 filiorum
2704 5548 2865 5604 Israel
2911 5542 2979 5607 ex
3026 5550 3258 5625 Egypto
3284 5564 3565 5626 septuage.

1986 5642 2155 5697 simus
2180 5641 2441 5710 septimus
2469 5648 2588 5695 erat
2614 5654 2806 5694 annus.
2834 5638 3138 5697 Judaorum
3168 5644 3374 5714 primus
3396 5643 3562 5715 iudex

1985 5729 2271 5787 Gothoniel
2312 5730 2428 5799 jam
2481 5730 2638 5784 annis
2679 5728 2927 5785 undecim
2968 5730 3245 5801 judicabat
3284 5733 3558 5803 populum.

1988 5822 2251 5889 Deinceps
2302 5828 2484 5876 autem
2526 5820 2711 5892 viginti
2762 5835 2956 5877 novem
3003 5823 3158 5879 annis
3208 5822 3437 5893 prafuit,
3464 5834 3558 5892 qut
