2004 3233
282 176 336 208 999

780 176 976 220 FRECULPHI
995 176 1222 223 ιΕῃονιΕΝδιδ
1241 176 1395 218 EPISCOPI

1844 181 1910 211 £000

276 211 361 263 ‘dibus
375 233 495 261 tradidit.
509 233 639 268 Praecepit
653 234 734 261 etiam
751 241 798 260 rex
820 234 924 267 Esdrae,
940 242 1019 269 quem
1042 213 1107 266 inA
1121 234 1193 261 mina
1213 233 1269 260 fore
1292 242 1298 260 :
1321 224 1454 268 nusquam
1475 233 1595 262 victores
1618 235 1760 263 honestius
1781 243 1862 271 quam
1886 238 1911 265 in

282 278 340 315 lege
363 278 410 306 Dei
434 279 659 313 sapientissimum
674 279 889 314 deprehenderat
920 284 948 306 ut
963 276 1071 310 Judenos'

282 325 412 357 erudiret,
427 332 460 351 ne
474 325 500 351 in
515 324 604 359 aliquo
615 332 664 360 per
677 324 856 360 ignorantiam
868 325 896 352 in
909 324 1011 362 legibus
1025 332 1070 360 pa-

282 368 367 397 ternis
381 368 578 404 delinquerent.
1044 365 1046 370 '

592 425 706 453 CAPUT
726 425 757 453 V.

280 471 319 498 De
332 471 452 504 Neemia,
465 472 510 507 qui
524 472 689 506 rerediﬁcavit
706 480 794 499 muros
809 471 986 507 Hierusalem,
1002 476 1027 499 et
1041 472 1070 502 in

478 515 508 533 ea
522 507 680 534 habitatores
696 508 868 543 congregavit.

314 563 353 591 Eo
372 568 493 599 tempore
515 563 638 591 Joaehim
661 564 786 592 defuncto
800 564 921 599 principe
944 565 1070 593 sacerdo-

280 616 346 644 tum,
368 610 438 638 filius
451 610 510 646 ejus
524 610 717 646 Eliasippusvin
738 610 921 646 principatum
944 611 1069 641 sacerdo-

279 658 358 687 talem
373 658 517 685 successit.
532 657 658 685 Neemias
670 658 751 684 etiam
766 657 865 685 Xerxis
879 658 1008 693 pincerna
1021 666 1065 686 au-

278 704 390 733 xiliante
409 704 518 732 domino
534 704 634 732 meruit
654 704 777 732 obtinere
791 709 821 731 ut
838 713 899 732 cum
919 705 1021 734 honore
1034 705 1069 732 ad

278 751 393 786 patriam
412 755 595 778 reverteretur
607 758 715 786 magno,
731 755 758 778 ct
772 750 909 779 civitatem
924 750 1069 778 rcusdifica-

278 801 319 824 ret
333 797 461 824 dirutam.
480 796 529 830 Qui
548 797 659 824 veniens
680 796 893 832 Hierosolymam
908 805 971 824 cum
983 797 1067 826 multa

277 851 388 871 suorum
403 843 495 876 turba,
510 850 604 870 muros
619 843 736 870 civitatis
759 843 923 870 restauravit
944 850 1066 876 eversos,

276 889 459 925 populumque
483 889 511 916 in
537 896 570 916 ea
597 896 779 924 congregans,
802 898 852 917 sua
878 889 1066 923 benevolentia

277 937 399 965 habitare
417 936 490 970 fecit,
502 937 545 963 vir
557 937 689 972 benignus
708 944 774 972 erga
787 937 925 972 propriam
947 941 1067 972 gentem.

276 982 333 1010 Sub
355 983 406 1011 hoc
433 987 554 1018 tempore
573 982 705 1018 Pompilia
727 982 792 1018 [Al.,
813 982 976 1018 Porpltyria]
993 983 1067 1018 virgo

275 1028 310 1055 ob
331 1028 433 1057 crimen
454 1028 540 1064 stupri
563 1028 656 1056 Roma:
678 1028 738 1055 viva
761 1027 868 1055 defossa
889 1032 940 1055 est.
961 1028 1066 1058 Eschil-

275 1072 324 1105 les,
351 1072 497 1107 Pindarus,
522 1073 681 1109 Sophocles,
703 1078 730 1101 et
753 1073 895 1110 Euripides
920 1074 1067 1109 tragmdia-

275 1127 336 1147 rum
350 1120 495 1155 scriptores
507 1120 681 1148 celebrantur
693 1120 821 1155 insignes,
835 1120 987 1148 Herodotus
1000 1129 1068 1156 quo-

275 1172 327 1200 que
352 1165 527 1193 historiarum
548 1166 674 1201 scriptor,
697 1170 725 1194 et
751 1165 848 1194 Zeuxis
871 1166 959 1200 pictor
982 1174 1066 1201 agno-

276 1215 399 1238 scuntur.

584 1255 698 1284 CAPUT
718 1256 762 1284 Vl.

276 1310 397 1344 Qualiter
407 1311 509 1339 Xerxes
523 1312 563 1348 de
574 1320 653 1347 regno
671 1312 831 1348 septingenta
849 1313 934 1340 millia
953 1317 1068 1340 armato-

312 1355 381 1380 rum,
394 1352 418 1374 et
437 1347 470 1374 de
490 1347 597 1374 auxiliis
612 1352 738 1380 trecenta,
754 1347 881 1375 rostratas
896 1349 974 1376 etiam
990 1357 1067 1375 naves

312 1382 383 1409 mille
395 1382 529 1414 ducentas,
542 1388 663 1409 oneratas
676 1391 734 1409 vero
749 1383 799 1409 tria
813 1383 895 1409 millia
907 1383 1027 1410 habuisse
1040 1383 1068 1410 in

310 1418 425 1444 exercitu
440 1417 534 1452 fertur,
548 1418 590 1443 cui
606 1417 721 1444 Leonida
737 1417 929 1452 Spartanorum
942 1419 997 1445 dux
1009 1426 1068 1445 cum

327 1458 422 1479 uatuor
435 1452 551 1479 millibus
566 1452 674 1485 obstitit,
688 1457 712 1479 et
727 1461 791 1487 pene
805 1461 864 1480 eum
880 1454 951 1480 vicit.
969 1454 1068 1480 Deinde

327 1461 422 1479 uatuor
435 1461 551 1479 mancus
566 1461 674 1485 comm,
688 1461 712 1479 et
727 1461 791 1487 pene
805 1461 864 1480 eum
880 1461 951 1480 υκαι.
969 1461 1068 1480 uanae

309 1461 494 1524 g’hemistocles
510 1488 706 1524 Atheniensium
721 1488 775 1515 dum
790 1489 877 1515 navali
891 1488 981 1524 prwlio
997 1496 1069 1524 exer-

308 1523 388 1550 citum
402 1523 458 1557 ejus
471 1523 611 1559 superavit.
628 1522 729 1550 Xerxes
743 1524 837 1557 uictus,
856 1522 959 1552 amissis
975 1523 1066 1559 copiis,

310 1558 422 1593 turpiter
433 1558 528 1593 refugit
541 1558 568 1585 in
581 1559 704 1593 patriam.

1121 281 1216 308 castris
1232 280 1349 308 hostium
1363 288 1424 308 esse
1438 281 1583 316 perituros.
1602 281 1726 310 Persuasi
1745 283 1830 319 igitur
1846 286 1911 312 mori

1120 325 1209 359 malle,
1222 326 1250 352 in
1262 325 1390 353 ultionem
1404 325 1501 353 futura:
1512 327 1608 355 mortis
1619 333 1771 361 armantur,
1786 334 1911 365 tanquam

1119 372 1171 408 ipsi
1186 373 1323 400 interitum
1336 381 1414 400 suum
1427 377 1454 400 et
1465 374 1603 409 exigerent
1618 379 1645 401 et
1659 373 1831 403 vindicarent
1844 385 1851 402 :
1866 377 1913 403 mi-

1120 427 1181 447 rum
1194 419 1266 448 dictu
1281 420 1401 447 sexcenti
1418 420 1470 448 viri
1488 425 1576 449 castra
1593 427 1785 450 sexcentarum
1800 424 1911 451 millium

1120 465 1281 501 irrumpunt.
1294 465 1437 493 Tumultus
1449 467 1512 494 totis
1524 467 1622 495 castris
1634 468 1731 495 oritur.
1747 467 1843 496 Persae
1855 477 1914 504 quo-

1120 518 1172 546 que
1187 510 1236 546 ipsi
1260 510 1409 546 Spartanos
1431 511 1559 546 adjuvant
1583 513 1685 541 mutuis
1708 514 1831 542 caedibus
1851 515 1911 542 suis.

1121 555 1246 591 Spartani
1269 561 1421 591 quaerentes
1439 565 1531 593 regem
1545 565 1595 585 nec
1615 558 1788 586 invenientes
1812 558 1914 587 caedunt

1120 606 1297 637 sternuntque
1312 603 1413 635 omnia,
1431 608 1522 630 castra
1537 608 1720 639 pervagantur
1735 605 1876 636 universa,
1891 610 1914 633 et

1120 646 1190 674 inter
1204 646 1301 674 densas
1314 644 1403 675 strues
1414 656 1569 683 corporum,
1589 657 1666 677 raros
1678 650 1807 678 homines
1819 651 1866 677 vix
1877 659 1913 678 se

1120 686 1248 726 quuntur,
1271 693 1388 720 victores
1411 694 1468 721 sine
1488 694 1580 726 dubio,
1604 694 1656 722 nisi
1671 695 1741 722 mori
1757 695 1912 731 elegissent.

1118 738 1243 767 Praclium
1257 747 1272 765 a
1286 740 1418 775 principio
1434 740 1531 772 noctis,
1546 741 1572 767 in
1594 741 1725 776 majorem
1737 747 1852 777 partem
1867 742 1914 768 diei

1119 789 1244 818 tractum,
1258 785 1291 812 ad
1309 790 1475 821 postremum
1496 786 1628 813 vincendo
1642 786 1760 822 fatigati,
1780 787 1830 814 ubi
1846 787 1916 822 quis-

1119 838 1171 867 que
1185 839 1279 859 eorum
1293 831 1479 859 deficientibus
1492 832 1621 860 membris
1634 833 1709 860 visus
1720 837 1764 860 est
1777 833 1834 861 sibi
1849 840 1916 860 mor-

1119 876 1153 903 tis
1175 884 1229 903 sua:
1247 876 1348 904 ultione
1373 877 1497 910 satiatus,
1519 877 1556 905 ibi
1581 877 1776 913 impedimenta
1802 879 1916 909 cadave-

1077 919 1103 953 B
1118 931 1188 956 rum,
1202 931 1294 951 crasso
1309 928 1336 949 et
1351 923 1508 959 semigclato
1527 924 1656 959 sanguine
1677 923 1842 959 palpitando
1864 924 1917 960 lap-

1118 978 1163 997 sus
1176 973 1203 997 et
1218 974 1339 997 mortuus
1353 974 1403 997 est.
1419 970 1523 997 Xerxes
1544 970 1586 997 bis
1608 970 1694 998 vietus
1715 971 1743 998 in
1764 975 1853 1003 terra,
1870 979 1915 998 na-

1117 1015 1176 1043 vale
1201 1015 1321 1050 piaelium
1343 1019 1432 1051 parat.
1457 1014 1510 1042 Sed
1534 1015 1731 1043 Themistocles
1752 1014 1810 1043 dux
1835 1015 1918 1043 Athe-

1117 1061 1263 1094 niensium,
1278 1069 1339 1088 cum
1353 1060 1539 1094 intellexisset,
1555 1061 1633 1089 Ionas
1644 1061 1743 1096 quibus
1761 1061 1830 1088 dum
1846 1062 1917 1088 auxi-

1117 1107 1184 1135 lium
1203 1108 1345 1142 superiore
1362 1107 1432 1135 bello
1449 1107 1562 1142 przebet,
1576 1107 1603 1134 in
1617 1115 1647 1135 se
1660 1106 1811 1135 Persarum
1837 1107 1918 1142 impe-

1117 1158 1174 1182 tum
1187 1158 1305 1182 verterat
1318 1154 1345 1181 in
1359 1153 1488 1181 auxilium
1504 1145 1603 1181 Xerxis
1616 1153 1781 1181 instructam
1798 1153 1915 1180 classem

1121 1201 1265 1234 deducere,
1281 1199 1427 1228 sollicitare
1439 1206 1486 1227 eos
1501 1200 1589 1234 parti,
1613 1199 1738 1233 hostique
1753 1199 1917 1226 subtrahere

1119 1247 1221 1279 statuit,
1238 1251 1265 1274 et
1286 1246 1349 1282 quia
1363 1245 1533 1281 colloquendi
1556 1245 1671 1273 facultas
1696 1245 1775 1281 signa
1789 1245 1916 1281 negabat,

1117 1293 1184 1320 locis
1197 1293 1294 1327 quibus
1307 1292 1384 1320 IOnes
1397 1293 1534 1320 accessuri
1551 1292 1664 1320 navibus
1676 1291 1846 1320 videbantur
1860 1299 1918 1326 pro

1117 1339 1181 1374 poni
1195 1337 1316 1373 symbolo
1338 1338 1465 1373 saxisque
1484 1337 1554 1374 aﬂigi
1572 1338 1661 1374 jubet,
1675 1338 1766 1366 socios
1782 1339 1917 1373 quondam

1118 1387 1144 1410 et
1168 1383 1313 1419 participes
1332 1384 1524 1418 periculorum,
1544 1392 1616 1412 nunc
1640 1388 1733 1412 autem
1755 1382 1862 1418 injuste
1876 1384 1917 1411 deo

1119 1429 1190 1456 sides
1209 1433 1271 1464 apta
1292 1429 1476 1464 increpatione
1499 1429 1662 1465 corripiens,
1677 1434 1761 1464 atque
1787 1430 1823 1457 ad
1849 1430 1916 1457 anti-

1119 1482 1234 1510 quorum
1249 1475 1309 1510 jura
1332 1480 1359 1503 et
1381 1475 1484 1503 foedera
1504 1476 1630 1511 religiosa
1644 1476 1843 1503 adhortatione
1860 1483 1917 1511 per-

1119 1521 1247 1555 suadens,
1266 1522 1455 1557 przecipueque
1468 1522 1617 1549 admonens
1629 1521 1669 1549 uti
1683 1522 1837 1550 commisso
1855 1529 1918 1556 pra:-

1119 1567 1165 1600 lio,
1191 1568 1351 1596 caedentium
1380 1568 1470 1596 vicum
1498 1568 1639 1595 inhibeant
1666 1576 1778 1601 remos,
1803 1575 1917 1603 seseque

309 1615 393 1651 Igitur
402 1615 508 1643 Xerxes
521 1617 689 1651 sextingenta
702 1616 785 1643 millia
799 1620 965 1644 armatorum
979 1615 1012 1643 de
1025 1623 1068 1643 re—
1082 1596 1105 1627 Ο
1121 1614 1190 1642 bello
1204 1613 1337 1641 auferant.
1359 1613 1443 1650 Igitur
1460 1621 1507 1641 rex
1522 1618 1626 1649 partem
1650 1612 1762 1641 navium
1779 1614 1834 1642 sibi
1850 1596 1916 1643 deti-

275 1669 328 1696 gno
340 1664 368 1688 et
382 1665 503 1687 trecenta
521 1661 554 1687 de
571 1661 688 1694 auxiliis,
707 1665 857 1695 prostratus
880 1661 961 1687 etiam
986 1668 1067 1688 naves

274 1706 347 1733 mille
361 1705 499 1738 ducentas,
513 1706 652 1733 onerarias
670 1710 762 1733 autem
784 1706 835 1732 tria
848 1705 932 1733 millia
955 1713 1067 1734 numero

274 1751 400 1779 habuisse
417 1756 555 1784 narratur,
568 1756 597 1778 ut
613 1752 708 1779 merito
724 1752 863 1791 inopinato
875 1753 1007 1780 exercitui
1019 1752 1068 1780 im-

273 1805 426 1833 mensaeque
439 1798 519 1825 classi
534 1798 578 1825 vix
602 1799 635 1826 ad
658 1802 749 1833 potum
774 1797 895 1831 flumina,
911 1799 956 1825 vix
980 1804 1067 1827 terras

274 1844 307 1871 ad
323 1844 485 1880 ingressum,
500 1843 545 1871 vix
560 1844 654 1879 maria,
667 1845 700 1871 ad
722 1852 831 1871 cursum
851 1843 988 1872 suffecisse
1011 1852 1067 1872 me-

272 1894 407 1917 moratum
422 1890 465 1918 sit.
483 1890 551 1918 lluic
566 1894 656 1918 tamen
674 1890 824 1918 incredibili
839 1891 1005 1926 temporibus
1018 1899 1067 1918 no-

271 1936 335 1964 stris
361 1937 477 1972 agmini,
500 1936 576 1972 cujus
601 1944 743 1964 numerum
769 1944 841 1964 nunc
866 1936 999 1964 diilicilius
1025 1942 1067 1964 est

272 1983 367 2016 astrui,
382 1990 463 2018 quam
480 1987 545 2010 tunc
561 1981 611 2011 fuit
624 1983 707 2015 vinci,
723 1983 843 2010 Leonida
858 1991 905 2010 rex
919 1983 1067 2018 Spartano-

272 2036 333 2056 rum
354 2036 416 2056 eum
438 2034 553 2063 quatuor
578 2029 695 2056 millibus
719 2029 857 2057 hominum
883 2029 910 2056 in
936 2029 1067 2064 angustiis

273 2073 506 2109 Thermopilarum
528 2075 642 2102 obstitit.
667 2075 773 2102 Xerxes
795 2078 885 2102 autem
911 2079 1066 2111 contemptu

272 2121 416 2157 paucitatis
427 2121 538 2156 objectm
553 2121 616 2149 iniri
631 2129 759 2157 pugnam,
773 2123 877 2150 conseri
895 2129 1004 2149 manum
1017 2122 1067 2148 im-

272 2171 358 2202 perat.
373 2166 457 2194 Porro
470 2166 520 2199 illi,
532 2174 647 2202 quorum
662 2168 768 2202 cognati
782 2171 808 2194 et
822 2166 1067 2202 commanipulares

272 2213 300 2240 in
324 2212 426 2247 campis
448 2212 626 2240 Marathoniis
648 2213 843 2246 occubuerant,
858 2217 885 2240 et
909 2213 1067 2240 certaminis

1117 1670 1197 1695 nens,
1211 1665 1348 1696 spectator
1361 1668 1456 1697 pugna
1470 1661 1496 1688 in
1511 1661 1601 1688 littore
1620 1664 1722 1687 manet.
1745 1660 1853 1689 Contra
1875 1669 1916 1689 au-

1118 1713 1171 1735 tem
1193 1706 1382 1740 Arcemidora,
1401 1707 1495 1742 regina
1513 1706 1678 1738 Halicarnis,
1703 1713 1765 1741 quae
1790 1707 1819 1734 in
1843 1707 1916 1734 auxi-

1117 1754 1183 1781 lium
1204 1753 1288 1781 Xerxi
1310 1758 1431 1786 venerat,
1457 1754 1526 1781 inter
1548 1753 1651 1789 primos
1673 1753 1757 1780 duces
1783 1754 1914 1781 acerrime

1116 1801 1186 1828 bello
1204 1800 1381 1833 immiscetur,
1400 1800 1437 1828 ita
1459 1804 1488 1827 ut
1506 1808 1585 1827 versa
1604 1800 1662 1827 vice
1677 1800 1705 1827 in
1719 1800 1783 1827 viro
1798 1800 1912 1829 feminea

1117 1846 1230 1879 cautela,
1245 1846 1272 1873 in
1296 1845 1395 1873 femina
1409 1845 1494 1873 virilis
1515 1846 1628 1873 audacia
1649 1850 1830 1881 spectaretur.
1851 1845 1914 1874 Cum

1116 1896 1205 1919 autem
1230 1899 1328 1926 anceps
1343 1899 1432 1927 pugna
1446 1896 1526 1924 esset,
1542 1892 1629 1924 Iones,
1645 1892 1725 1927 juxta
1748 1897 1914 1927 praeceptum

1116 1936 1316 1969 Themistoclis,
1331 1937 1461 1972 paulatim
1475 1944 1504 1965 se
1523 1937 1665 1964 certamini
1680 1937 1847 1965 subtrahere
1861 1944 1912 1965 ece-

1116 1988 1223 2019 perunt.
1241 1983 1362 2017 Quorum
1376 1983 1491 2010 defectio
1505 1982 1603 2010 Persas
1623 1990 1638 2009 a
1654 1986 1732 2017 parte
1747 1981 1845 2018 fugere
1858 1989 1914 2018 per-

1117 2029 1213 2062 suasit,
1227 2028 1255 2056 in
1269 2036 1322 2064 qua
1337 2028 1528 2063 trepidatione,
1550 2028 1642 2055 multa
1662 2035 1746 2055 naves
1761 2035 1863 2055 mersa:
1877 2036 1914 2056 ea-

1116 2079 1223 2110 ptteque
1238 2079 1310 2102 sunt.
1326 2074 1423 2102 Plures
1436 2077 1526 2101 tamen
1542 2073 1673 2101 saevitiam
1688 2074 1761 2109 regis
1773 2073 1850 2100 velut
1869 2074 1915 2101 im-

1117 2121 1275 2148 manitatem
1300 2120 1386 2148 hostis
1410 2120 1534 2148 timentes
1555 2128 1604 2155 per
1627 2121 1721 2148 domos
1745 2120 1913 2147 dilabuntur.

1117 2166 1189 2202 Ergo
1214 2167 1323 2194 anxium
1348 2170 1388 2194 tot
1411 2166 1490 2194 malis
1519 2172 1609 2201 regem
1637 2165 1796 2193 Mardonius
1817 2173 1915 2201 aggre-

1118 2213 1200 2245 ditur,
1219 2213 1336 2240 suadens
1359 2219 1451 2249 rcgem
1473 2212 1501 2240 in
1527 2220 1639 2248 regnum
1661 2211 1752 2238 redire
1776 2216 1913 2246 oportere,

272 2259 352 2286 simul
366 2263 394 2286 et
408 2258 493 2287 cladis
512 2259 642 2287 exstitere
662 2259 836 2295 principium.
854 2259 955 2286 Deinde
971 2266 1065 2286 succe-
1077 2273 1104 2304 D
1117 2260 1275 2294 priusquam
1286 2258 1404 2286 adversa
1418 2258 1489 2285 fama
1507 2264 1591 2285 novas
1609 2264 1654 2284 res
1672 2256 1743 2284 domi
1759 2256 1914 2289 moliretur,

273 2306 339 2332 dens
350 2306 400 2332 sibi
416 2305 494 2333 turba
508 2305 593 2340 major
605 2312 637 2333 ac
651 2305 769 2340 segnior,
783 2313 844 2332 cum
857 2304 914 2339 jam
930 2312 1017 2340 neque
1032 2305 1065 2332 ad

272 2351 485 2386 procurrendum
505 2350 601 2383 libera,
617 2359 706 2386 neque
728 2351 762 2378 ad
784 2350 957 2385 pugnandum
982 2357 1065 2386 expe-

273 2397 339 2430 dita,
359 2404 447 2432 neque
461 2396 496 2424 ad
512 2396 670 2433 fugiendum
687 2399 822 2431 prompta,
847 2395 911 2423 solis
932 2395 1066 2423 mortibus

273 2444 453 2480 subigeretur,
466 2444 555 2471 triduo
569 2444 695 2471 continuo
707 2450 760 2470 non
776 2442 891 2470 duorum
905 2450 1005 2477 pugna,
1020 2441 1067 2469 sed

273 2490 355 2518 caedis
374 2490 453 2517 unius
466 2489 557 2525 populi
579 2489 639 2517 fuit.
655 2489 758 2523 Quarto
776 2493 867 2516 autem
881 2487 925 2516 die
947 2495 1009 2515 cum
1028 2488 1068 2515 vi-

274 2536 351 2563 deret
365 2534 484 2563 Leonida
502 2536 620 2570 undique
640 2535 745 2562 hostem
769 2534 961 2567 circumfundi,
975 2534 1068 2561 horta-

275 2586 318 2609 tur
344 2581 489 2609 auxiliares
512 2582 599 2609 socios
621 2585 651 2608 ut
666 2581 858 2609 subtrahercnt
872 2588 901 2608 se
915 2588 1023 2616 pugnze,
1040 2579 1067 2606 in

274 2634 404 2654 cacumen
419 2627 517 2654 montis
532 2627 657 2659 evadant,
674 2635 705 2654 ac
723 2635 752 2654 se
767 2626 801 2653 ad
815 2626 928 2654 meliora
944 2630 1067 2661 tempora

276 2677 423 2705 reservent,
437 2672 488 2700 sibi
502 2681 568 2701 vero
587 2681 648 2700 cum
669 2672 811 2708 Spartanis
831 2673 886 2701 suis
907 2671 989 2700 aliam
1009 2680 1068 2700 sor-

277 2726 331 2748 tem
343 2727 403 2748 esse
417 2720 594 2753 subeundam,
608 2719 668 2755 plus
683 2728 711 2747 se
726 2720 821 2755 patriae
836 2727 916 2755 quam
932 2719 1004 2746 vitae.
1022 2719 1068 2746 Di-

276 2766 366 2793 missis
391 2766 479 2798 sociis,
506 2766 654 2802 Spartanos
675 2767 801 2793 admonet
825 2766 856 2793 de
879 2764 964 2800 gloria
984 2764 1068 2799 pluri-

276 2820 361 2844 mum,
377 2812 409 2839 de
422 2812 476 2839 vita
491 2811 559 2838 nihil
572 2812 746 2846 sperandum,
758 2819 845 2846 neque
855 2809 1066 2846 exspectandum

275 2857 318 2886 vcl
333 2858 439 2885 hostem
453 2857 495 2885 vel
519 2857 601 2891 diem,
623 2858 671 2885 sed
684 2858 825 2885 occasione
840 2857 926 2884 tinctis
945 2863 1066 2891 perrum-

276 2903 365 2939 penda
379 2906 480 2934 castra,
495 2902 695 2930 commiscenda
711 2910 797 2936 arma,
820 2902 1006 2930 eonturbanda
1020 2908 1066 2936 ag-

1117 2313 1145 2333 se
1160 2308 1249 2333 autem
1264 2305 1286 2332 si
1306 2305 1420 2333 residua:
1431 2304 1482 2332 sibi
1499 2304 1583 2339 copiae
1596 2304 1778 2336 traderentur,
1791 2309 1822 2331 et
1834 2303 1914 2332 ultio-

1117 2358 1178 2378 nem
1201 2350 1235 2377 ab
1252 2350 1331 2378 hoste
1354 2355 1526 2382 exacturum,
1542 2354 1570 2378 et
1583 2349 1760 2385 ignominiam
1785 2349 1914 2377 domesti-

1118 2404 1177 2424 cam
1199 2396 1435 2431 propulsaturum,
1458 2399 1505 2423 aut
1526 2396 1550 2423 si
1573 2396 1687 2423 adversa
1703 2395 1767 2423 belli
1789 2403 1915 2430 perstareL

1118 2447 1237 2474 rassent,
1252 2449 1393 2469 cessurum
1407 2449 1438 2469 se
1450 2441 1559 2477 quidem
1576 2441 1659 2474 hosti,
1675 2441 1723 2469 sed
1745 2444 1839 2469 tamen
1860 2442 1915 2470 sine

1118 2487 1190 2523 regis
1213 2486 1336 2514 infamia.
1355 2486 1475 2514 Probata
1487 2486 1609 2518 consilio,
1622 2486 1758 2513 exercitus
1774 2485 1914 2514 Mardonio

1119 2532 1245 2564 traditur,
1265 2540 1314 2559 rex
1328 2530 1456 2564 Abidum,
1469 2531 1515 2558 ubi
1533 2536 1642 2565 pontem
1656 2530 1740 2558 veluti
1754 2530 1846 2558 vietor
1859 2537 1913 2558 rna-

1118 2581 1157 2608 ris
1173 2584 1361 2613 eonseruerat,
1378 2587 1440 2607 cum
1462 2580 1556 2614 paucis
1573 2578 1765 2614 proficiscitur.
1784 2577 1838 2605 Sed
1855 2586 1912 2606 cum

1118 2632 1227 2663 pontem
1247 2627 1368 2654 hibernis
1390 2625 1595 2661 tempestatibus
1611 2624 1772 2652 dissolutum
1788 2624 1914 2652 oﬂ'endis'

1121 2678 1178 2706 set,
1192 2673 1339 2708 piscatoria
1363 2671 1463 2706 scapha
1487 2670 1607 2707 trepidus
1626 2670 1745 2697 transiit.
1762 2669 1831 2698 Erat
1852 2677 1913 2697 sane

1121 2720 1192 2755 quod
1208 2724 1331 2754 spectare
1354 2719 1502 2746 humanum
1517 2725 1601 2753 genus
1617 2722 1645 2745 et
1659 2716 1752 2745 dolere
1774 2717 1912 2748 debuerit,

1121 2766 1285 2792 mutationes
1300 2772 1390 2792 rerum
1405 2765 1454 2791 hac
1471 2763 1513 2790 vel
1529 2763 1647 2790 maxime
1660 2762 1795 2789 varietate
1810 2769 1912 2797 perlue

1122 2811 1199 2843 tiens,
1219 2811 1316 2846 exiguo
1329 2815 1487 2837 contentum
1505 2809 1591 2837 latere
1606 2808 1722 2843 navigio.
1737 2808 1787 2836 sub
1802 2801 1911 2843 φιοῇ-

1120 2865 1178 2884 sunt
1194 2857 1303 2892 pelagus
1315 2860 1375 2883 ante
1390 2855 1524 2887 latuisset,
1537 2859 1564 2881 et
1574 2854 1667 2890 jugum
1679 2853 1848 2889 captivitatis
1859 2860 1912 2881 sn:

1119 2901 1210 2929 vincto
1222 2907 1303 2936 ponte
1317 2904 1462 2937 portasset,
1476 2901 1607 2929 vilissimo
1622 2899 1702 2928 unius
1715 2898 1817 2927 serqu
1831 2905 1911 2935 egere
