4008 6462
557 515 691 574 1008

1579 512 1967 575 FBECULPHI
2001 513 2456 575 LEXOVIENSIS
2493 512 2800 573 EPISCOPI

3663 524 3789 585 ιωι

545 625 822 684 consulem
850 587 1199 695 congressum
1236 623 1444 695 prtelio,
1474 622 1614 695 liqui
1654 624 1941 696 Volscique
1964 638 2128 697 supe—
2153 643 2209 705 Α
2229 634 2388 696 gnam
2417 623 2543 680 mali
2569 625 2789 695 molem,
2819 623 2954 698 ipsis
2977 594 3200 684 Fidenis
3245 627 3339 689 vix
3381 628 3574 701 «ptis.
3605 629 3792 705 depulit

545 724 803 773 raverunt
823 755 839 784 ,
890 722 944 772 et
990 714 1285 786 iugienteni
1344 716 1404 770 in
1450 714 1628 787 algido
1686 716 1830 774 fame
1872 716 2125 788 ferroque

545 808 852 874 cinxerunt,
877 812 1168 877 summque
1215 805 1503 864 infeliciter
1549 807 1730 875 feret,
1777 810 1833 865 ni
1877 809 2126 878 Quintius

546 900 913 967 Cincinnatus,
928 901 1232 971 praecipuus
1260 900 1348 956 ille
1376 901 1631 967 dictator,
1659 902 1864 956 arctam
1886 902 2125 958 obsidio—

546 1001 667 1050 nem
698 1001 959 1063 oppresso
997 994 1153 1049 hoste
1186 993 1475 1060 solvisset;
1506 993 1599 1064 qui
1626 1000 1877 1063 repertus
1899 993 1953 1047 in
1979 1004 2126 1059 rure,

545 1086 613 1142 ab
644 1094 829 1141 aratro
864 1084 1162 1143 accersitus
1210 1086 1280 1140 ad
1319 1082 1517 1150 fasces,
1553 1091 1767 1155 sumpto
1804 1081 2010 1141 honore
2039 1086 2127 1141 ini-

544 1183 858 1244 structoque
885 1176 1166 1242 exercitu,
1220 1188 1346 1231 mox
1395 1176 1573 1231 victor
1630 1172 1898 1243 eiectus,
1937 1174 2131 1247 iugum

544 1264 705 1321 boum
725 1266 880 1336 equis
904 1266 1185 1336 imposuit,
1213 1263 1609 1337 victoriamque
1626 1266 1787 1336 quasi
1806 1266 2002 1323 stivam
2042 1262 2128 1323 te-

544 1373 679 1415 nens
705 1358 1019 1430 subiugatus
1044 1361 1226 1416 hostes
1247 1370 1358 1430 pm
1378 1375 1438 1417 se
1461 1362 1669 1431 primus
1685 1360 1813 1432 egit.

1146 1468 1373 1527 CAPUT
1410 1469 1505 1527 IX.

548 1558 624 1620 De
670 1564 1000 1636 septuaginta
1047 1560 1451 1636 hebdomadibus
1498 1578 1533 1618 α
1574 1562 1794 1620 Daniele
1828 1560 2128 1636 praedictis,

615 1651 733 1761 quin
752 1637 807 1689 in
828 1634 1011 1690 ultimo
1046 1636 1250 1705 imperii
1299 1634 1528 1691 Neronis
1564 1650 1705 1691 anno
1730 1634 1852 1691 sunt
1881 1648 2129 1690 consum-

619 1723 706 1765 ma
730 1723 796 1762 te.

622 1816 789 1887 Igitur
809 1814 1109 1884 Neemiam,
1128 1818 1220 1886 qui
1244 1830 1429 1872 muros
1442 1815 1781 1873 Hierusalem
1805 1817 2130 1883 construxit,
2166 1836 2175 1847 ι

545 1914 955 1964 consummasse
984 1922 1120 1977 opus
1142 1907 1420 1963 tricesimo
1442 1908 1681 1964 secundo
1707 1922 1850 1963 anno
1874 1907 2132 1963 Artaxer-

546 2000 637 2057 xis
667 2002 810 2072 regis
838 2000 1129 2058 Persarum
1153 1996 1357 2057 Esdras
1384 2011 1681 2081 memorat._
1721 2000 1778 2057 Si
1803 2000 1925 2071 quis
1952 2008 2132 2055 autem
2159 2003 2207 2075 Β

546 2097 615 2151 ab
656 2097 758 2152 hoc
785 2104 1028 2168 tempore
1072 2098 1411 2169 septuaginta
1459 2098 1826 2154 hebdomadas
1854 2112 1887 2152 a
1913 2094 2134 2151 Daniele

547 2187 780 2258 scriptas
807 2196 1058 2245 numerat
1080 2190 1224 2261 (quae
1249 2188 1458 2245 faciunt
1485 2203 1661 2245 annos
1709 2187 2136 2260 quadringentos

544 2282 877 2357 nonaginta),
898 2284 1131 2355 reperiet
1148 2296 1242 2337 eas
1258 2283 1311 2337 in
1324 2296 1492 2354 regno
1513 2281 1739 2338 Nemnis
1752 2281 2017 2352 expletas,
2032 2279 2136 2336 sub

541 2388 650 2444 quo
680 2375 919 2432 obsideri
958 2373 1294 2429 Hierusalem
1332 2381 1418 2430 est
1441 2380 1640 2444 empta,
1677 2372 1914 2429 sectmdo
1946 2378 2134 2443 postea

542 2463 859 2537 Vespasiani
880 2480 1021 2525 anno
1045 2467 1275 2538 capitur.

1183 2576 1410 2638 CAPUT
1452 2581 1521 2637 Χ.

540 2670 807 2759 ﬂagitante
859 2672 1045 2755 Dario,
1077 2676 1429 2759 cognomento
1472 2666 1684 2759 Nolito,

611 2742 735 2799 tunc
766 2745 1061 2814 ﬂoruerint.
1109 2742 1176 2796 Et
1202 2743 1429 2814 Romani
1474 2742 1609 2812 leges
1639 2760 1669 2796 a

615 2826 739 2892 tunc
767 2811 1081 2892 petiuerunt,
1109 2822 1155 2867 et
1187 2811 1546 2892 inut-iuodecint
1570 2811 1764 2892 tabulis
1793 2814 2132 2892 scripserunt.

615 2885 635 2958 [
651 2882 838 2955 Quod]
863 2883 1041 2955 ejectis
1053 2882 1386 2958 _consulib_us,
1404 2884 1718 2958 decemviros
1748 2882 2131 2958 constituerint,

609 2950 933 3027 etquoniam
958 2954 1158 3027 malum
1184 2971 1259 3027 ea:
1281 2954 1377 3008 hoc
1422 2954 1486 3008 sit
1517 2964 1722 3019 ortum;
1782 2950 1829 3006 el
1876 2969 1994 3023 quae
2023 2951 2130 3008 illis

611 3025 793 3081 diebus
831 3026 907 3079 eis
940 3025 1270 3095 contigerint.

607 3116 802 3171 Darius
828 3114 1116 3171 Persarum
1145 3126 1240 3171 res
1257 3146 1275 3183 ,
1324 3122 1682 3187 cognomento
1701 3114 1941 3182 Nothus,
1991 3129 2135 3171 anno

538 3209 750 3265 decimo
788 3216 843 3263 et
867 3222 1010 3264 nono
1030 3209 1298 3281 regnavit,
1330 3216 1491 3279 quem
1516 3215 1914 3279 praecesserunt
1941 3222 2135 3263 secun-

538 3301 641 3357 dus
665 3299 874 3371 Xerxes
908 3311 965 3355 et
992 3300 1319 3371 Sugdianus,
1352 3302 1445 3372 qui
1468 3304 1678 3357 tantum
1709 3310 1904 3357 novem
1929 3300 2131 3356 mensi-

1774 2671 1830 2742 υἱ
1878 2671 2133 2742 sapientes

1781 2741 2136 2796 theniensibtts

540 3392 640 3448 bus
669 3369 1048 3463 regnaverunt.
1078 3369 1219 3465 Ergo
1248 3410 1280 3449 a
1305 3369 1542 3450 secunda
1570 3394 1907 3451 dedicatione
1922 3394 2127 3464 templi,-
2158 3369 2203 3434 ί]

540 3485 665 3537 anni
706 3492 832 3538 sunt
858 3485 1132 3553 octoginta
1188 3493 1417 3555 septem.
1445 3486 1781 3552 Bacchides,
1832 3486 2133 3542 carminum

540 3577 771 3646 scriptor
797 3591 864 3631 eo
891 3584 1138 3646 tempore
1167 3578 1500 3648 agnoscitur,
1530 3587 1586 3634 et
1621 3578 1946 3637 Pherecides
1967 3579 2132 3634 mori-

541 3677 655 3730 tur;
678 3666 919 3737 Eupolis
945 3677 1129 3722 autem
1157 3679 1215 3722 et
1258 3668 1676 3740 Aristophanes,
1706 3671 2003 3740 scriptores
2041 3684 2133 3726 co-

540 3759 883 3823 moediarum,
914 3768 1301 3830 agnoscuntur.
1357 3761 1475 3830 Quo
1526 3758 1581 3816 in
1618 3764 1862 3833 tempore
1898 3761 2132 3818 Romani

537 3864 635 3918 per
656 3850 863 3921 legatos
890 3849 1038 3921 leges
1064 3849 1280 3908 Solonis
1318 3853 1664 3922 expetierunt
1691 3854 1759 3910 ab
1784 3844 2130 3911 Atheniensi—

538 3940 657 4003 bus,
694 3953 830 4009 quas
858 3939 912 3994 in
936 3938 1218 3996 duodecim
1247 3942 1450 3999 tabulis
1493 3942 1863 4013 scripSerunt,
1917 3942 2134 4012 ejicien-

541 4040 727 4099 tesque
749 4032 1020 4099 consules,
1044 4042 1373 4102 potestatem
1407 4035 1728 4093 decemviris
1757 4030 2128 4105 tradiderunt,

540 4122 713 4191 gratia
766 4122 1267 4179 ConStitucndarum
1310 4124 1486 4198 legum
1539 4124 1949 4182 Athenicarum.
2000 4128 2131 4196 Qua:

540 4212 702 4265 causa
744 4226 997 4281 magnam
1031 4215 1341 4285 reipublicae
1371 4218 1573 4272 invexit
1615 4218 1932 4289 perniciem.
1992 4218 2127 4274 Nam

537 4299 727 4371 primis
755 4299 1033 4377 [primus]
1056 4320 1123 4360 ex
1167 4307 1512 4375 decemviris,
1545 4311 1859 4366 cedentibus
1893 4313 2125 4381 caeteris,

538 4388 685 4447 solus
732 4392 938 4463 Appius
964 4393 1221 4453 Claudius
1271 4396 1375 4453 sibi
1424 4400 1757 4458 continuavit
1797 4403 2125 4474 imperium,

534 4484 831 4555 statimque
875 4485 1106 4544 aliorum
1151 4488 1452 4559 conjuratio
1479 4491 1768 4550 subsecuta
1809 4503 1932 4563 est,
1988 4495 2128 4551 indi-

536 4586 764 4647 gnantes
795 4592 963 4648 penes
997 4594 1163 4636 unum
1208 4595 1330 4638 esse
1381 4584 1665 4653 imperium
1706 4589 1850 4657 quod
1889 4590 1969 4644 eis
2009 4596 2129 4644 erat

530 4682 852 4735 commune,
899 4674 954 4725 et
1010 4686 1150 4727 novo
1202 4673 1462 4743 improba:
1500 4676 1860 4734 ordinationis
1909 4679 2125 4751 incepto

472 4821 478 4828 ο
535 4762 756 4818 emicuit
780 4778 972 4835 agmen
1006 4771 1391 4837 tyrannorum;
1431 4783 1537 4839 qua
1574 4771 1801 4840 populus
1829 4774 2125 4829 necassita—

534 4854 602 4908 tis
627 4856 911 4910 atrocitate
955 4862 1256 4926 permotus,
1280 4865 1336 4914 et
1362 4859 1599 4929 periculo
1642 4854 1904 4918 libertatis
1938 4865 2125 4922 admo-

535 4944 700 5010 nitus,
733 4955 968 5001 montem
1007 4948 1334 5005 Aventinum
1380 4953 1662 5021 occupavit
1713 4960 1990 5011 armatus:
2022 4972 2125 5013 nec

534 5037 671 5091 tueri
707 5036 1011 5093 libertatem
1058 5040 1225 5095 armis
1279 5041 1523 5107 destitit,
1581 5042 1683 5097 nisi
1730 5052 2014 5115 postquam
2062 5058 2124 5102 se

532 5125 934 5196 conjuratorum
955 5131 1287 5200 conspiratio
1309 5130 1441 5201 ipsis
1471 5144 1685 5202 quoque
1705 5134 2004 5190 honoribus
2025 5137 2121 5192 ab-

533 5218 749 5273 dicavit.
794 5219 947 5276 Tunc
990 5222 1153 5277 etiam
1193 5239 1293 5293 per
1350 5229 1523 5278 totum
1576 5224 1691 5279 fere
1720 5240 1954 5293 annum,
2009 5236 2121 5282 tam

534 5310 729 5374 crebri,
761 5317 979 5381 tantque
1026 5314 1190 5367 etiam
1239 5329 1431 5385 graves
1480 5316 1537 5370 in
1581 5314 1736 5371 italia
1780 5322 2124 5374 terraemotus

534 5397 775 5466 fuerunt,
805 5408 864 5456 ut
906 5403 971 5458 de
1008 5402 1302 5460 innumeris
1348 5407 1786 5476 quassationibus
1828 5414 1901 5465 ac
1950 5408 2126 5466 ruinis

534 5485 783 5541 villarum
828 5492 1251 5563 oppidorumque
1290 5495 1522 5551 assiduis
1552 5494 1724 5553 Roma
1762 5499 1969 5553 nuntiis
1997 5498 2125 5556 fati-

534 5578 791 5647 garetur;
819 5578 1188 5669 deindelita]
1229 5584 1374 5656 jugis
1403 5597 1459 5641 et
1501 5587 1706 5643 torrida
1747 5588 1963 5644 siccitas
1986 5588 2122 5657 fuit,

536 5674 597 5724 ut
614 5683 763 5740 spem
790 5672 1067 5742 gignendis
1090 5682 1248 5731 terra:
1274 5675 1539 5733 fructibus
1573 5678 1874 5751 abnegarit.
1902 5678 1998 5735 llis
2020 5681 2119 5734 de-

2146 4728 2202 4789 D

2224 721 2528 777 etsanavit.
2557 721 2732 778 Tanta
2768 722 2821 776 in
2853 720 2985 792 ipsis
3016 728 3136 778 erat
3170 722 3441 780 malorum
3469 725 3792 781 sai-omm-

2224 826 2333 885 que
2353 815 2646 880 contentio,
2670 823 2731 868 ut
2776 813 2862 870 vel
2906 814 3235 873 domesticas
3292 816 3476 873 clades
3522 816 3794 889 superfusa

2227 903 2525 961 forinsecus
2548 904 2687 960 bella
2711 904 3103 973 oblitteratam,
3136 906 3222 965 vel
3262 912 3387 979 post
3412 907 3609 963 damna
3643 907 3794 964 bello-

2227 1006 2348 1053 rum
2392 996 2638 1053 inducias
2671 997 2982 1064 relaxatus,
3022 998 3252 1054 diversae
3303 1006 3520 1069 pestes,
3568 999 3796 1070 coloque

2228 1094 2480 1157 terraque
2498 1078 2974 1155 excandescentes,
3001 1089 3305 1147 incessabili
3326 1086 3520 1147 infesta
3528 1090 3672 1147 tione
3691 1105 3797 1145 eor-

2228 1185 2557 1250 rumperent.
2587 1180 2705 1249 Quo
2731 1183 2896 1237 etiam
2922 1188 3166 1252 tempore
3194 1182 3405 1250 ﬂiciiie,
3438 1190 3565 1255 quas
3598 1184 3666 1238 ab
3702 1184 3795 1239 ini-

2228 1270 2304 1324 tio
2336 1271 2510 1342 patria
2530 1264 2848 1344 Cyclopum,
2876 1281 2933 1330 et
2959 1280 3081 1344 post
3114 1284 3211 1332 eos
3247 1276 3432 1332 nutris
3458 1284 3798 1346 tyrannorum

2227 1361 2347 1428 fuit,
2382 1361 2556 1434 [stupe
2608 1364 2775 1419 etiam
2814 1366 3030 1436 captiva
3074 1374 3358 1423 servorum
3402 1366 3546 1439 luit]
3583 1380 3798 1438 quorum

2227 1452 2387 1523 primi
2411 1453 2664 1509 carnibus
2696 1455 2997 1523 hominum,
3026 1458 3189 1513 medii
3228 1459 3582 1525 cruciatibus,
3608 1465 3801 1530 postre-

2229 1545 2302 1599 mi
2333 1546 2598 1603 mortibus
2630 1548 3023 1617 pascebantur,
3074 1550 3246 1606 multa
3274 1551 3620 1607 incommoda
3642 1566 3674 1606 ι
3701 1551 3801 1609 suis

2230 1641 2393 1703 atque
2424 1636 2493 1691 ab
2541 1638 2782 1693 externis
2815 1651 3073 1709 perpessa
3124 1648 3227 1696 est.
3270 1641 3349 1697 liti
3377 1643 3527 1698 enim
3572 1643 3803 1701 incendis

2233 1716 2493 1781 beiio'rum
2535 1727 2770 1783 recidiva
2797 1726 3083 1785 exordium
3102 1740 3348 1799 sumunt,
3373 1734 3468 1788 sed
3511 1746 3653 1804 pene
3672 1732 3803 1791 Gra-

2231 1828 2417 1872 corum
2439 1815 2582 1873 vires
2608 1828 2954 1891 consumptas
2973 1828 3300 1891 exustssque
3328 1821 3629 1892 perimunt.

2839 1942 3066 2011 CAPUT
3106 1946 3197 2010 X1.

2236 2065 2314 2120 De
2353 2065 2617 2121 discordia
2642 2065 3018 2133 Siciliensium,
3050 2067 3105 2122 id
3133 2076 3233 2133 est,
3261 2075 3401 2123 inter
3420 2063 3728 2133 Catinam
3761 2072 3803 2119 st

2307 2134 2696 2209 Syracusanos,
2725 2138 2815 2209 qui
2842 2128 3044 2192 auxilia
3083 2128 3317 2209 petentes
3341 2155 3374 2191 a
3411 2128 3803 2209 Laccdteinositis

2308 2203 2461 2272 atque
2487 2203 2907 2272 Atheniensibus,
2936 2220 3039 2262 non
3074 2203 3245 2261 tolum
3298 2208 3397 2261 hac
3425 2206 3700 2261 occasione
3730 2203 3804 2260 8i-

2307 2275 2434 2333 cilia
2483 2279 2572 2333 sed
2618 2288 2665 2333 et
2693 2286 2805 2333 tnta
2858 2277 3065 2334 Graecia
3097 2278 3419 2350 gravissimis
3464 2277 3619 2333 bellis
3644 2275 3805 2331 sttn'ts

2308 2358 2385 2404 est
2392 2388 2405 2402 .

2305 2464 2473 2534 Igitur
2509 2462 2637 2516 dum
2684 2461 2950 2517 discordia
3000 2461 3151 2533 regni
3174 2458 3489 2517 Sicilienses
3536 2460 3805 2526 laborant,

2237 2554 2556 2613 Catineuses
2581 2563 2769 2610 contra
2792 2552 3182 2625 SYracuSanos,
3196 2568 3333 2625 quos
3353 2559 3553 2626 graves
3573 2550 3806 2607 inibstosv

2236 2663 2342 2720 que
2366 2646 2733 2717 patiebantur,
2763 2644 2832 2700 ab
2857 2644 3281 2700 Atheniensibus
3322 2644 3527 2700 auxilia
3572 2655 3807 2715 poposce-

2235 2749 2380 2796 runt.
2416 2736 2777 2795 Athenienses
2798 2739 2979 2793 autem
3006 2739 3327 2815 instructam
3348 2737 3588 2794 classem
3609 2736 3664 2791 in
3688 2733 3807 2791 Sici-

2235 2832 2362 2887 liam
2389 2832 2674 2888 miserunt.
2718 2830 2785 2886 ili
2814 2834 2943 2887 vero
2976 2831 3070 2901 qui
3109 2830 3265 2886 missi
3292 2829 3531 2896 hiet-ant,
3553 2830 3703 2885 casis
3726 2828 3808 2882 bo-

2236 2924 2431 2989 stibus,
2468 2936 2726 2993 prospera
2779 2923 2933 2977 initia
2982 2918 3349 2993 sumpserunt.
3404 2920 3547 2976 Hinc
3599 2921 3806 2991 mnium

2234 3016 2419 3090 capias
2443 3014 2908 3084 robustioremque
2935 3015 3229 3069 exercitum
3256 3052 3272 3080 ,
3319 3013 3554 3069 ducibus
3582 3010 3741 3067 ilices
3758 3018 3806 3066 et

2232 3104 2506 3170 lamacho,
2534 3116 2657 3160 cum
2696 3105 2859 3160 tantis
2888 3104 3095 3160 viribus
3138 3102 3382 3161 Siciliam
3425 3110 3710 3173 repetunt,
3757 3104 3807 3157 at

2234 3208 2290 3255 et
2311 3200 2367 3255 hi
2385 3197 2639 3270 suii‘ragia
2664 3213 2760 3253 sua
2774 3199 3028 3254 timerent
3059 3199 3153 3268 qui
3183 3198 3637 3269 impetraverant.
3662 3195 3807 3250 Athe-

2237 3292 2453 3347 nienses
2530 3293 2665 3346 duas
2734 3291 2878 3346 illico
2942 3291 3222 3361 pedestres
3292 3305 3505 3362 pugnas
3577 3284 3806 3345 secundis

2234 3385 2572 3441 successibus
2632 3383 2890 3443 faciunt:
2940 3384 3215 3447 confectos
3285 3384 3342 3438 in
3410 3383 3548 3439 urbe
3613 3381 3806 3441 hostes.

2234 3486 2291 3534 et
2328 3476 2538 3547 objecta
2581 3476 2755 3531 classe
2784 3473 3168 3541 circumdatos,
3199 3483 3341 3528 terra
3395 3472 3651 3541 marique
3688 3475 3802 3522 eoa-

2235 3568 2477 3624 cludunt.
2503 3567 2574 3621 At
2603 3565 2930 3638 Syracusani
2957 3596 2973 3633 ,
3016 3564 3202 3620 fractis
3230 3563 3499 3632 fessisque
3530 3563 3711 3623 rebus,
3729 3572 3805 3611 ιιι·

2235 3661 2423 3717 silium
2466 3675 2497 3713 a
2524 3658 2948 3719 Lacedaemoniis
2976 3664 3189 3728 petunt,
3218 3670 3250 3709 ι
3279 3653 3477 3724 quibus
3501 3666 3637 3708 mox
3663 3645 3805 3704 mitti-

2233 3763 2324 3809 tur
2363 3753 2607 3824 Gilippus
2652 3762 2777 3808 cum
2800 3751 2970 3822 copiis
3025 3747 3420 3822 praesidiorum.
3449 3745 3558 3813 Qui
3608 3758 3724 3798 mox
3757 3745 3805 3793 ut

2234 3848 2381 3902 venit
2408 3845 2673 3911 Siciliam,
2696 3846 2905 3900 duobus
2933 3842 3131 3915 przeiiis
3150 3844 3347 3907 victus,
3367 3854 3469 3896 nec
3495 3831 3802 3902 teri-ints,»

2232 3938 2656 3995 Atheniensibus
2696 3937 2858 3992 tertio
2901 3945 3198 4008 cbngressu
3230 3928 3545 3988 lamachum
3602 3924 3803 3993 occidit,

2234 4033 2419 4087 hostes
2476 4031 2532 4084 in
2572 4028 2755 4101 fugam
2795 4028 2976 4092 vertit,
3018 4026 3195 4101 socios
3226 4024 3507 4080 obsidione
3555 4017 3802 4078 liberavit.

2230 4126 2479 4198 Gilippus
2504 4141 2739 4197 namque
2758 4124 2982 4182 Miceam
3009 4139 3073 4179 ac
3110 4123 3529 4179 Demosthenem
3564 4121 3623 4177 in
3644 4115 3803 4178 Sicilia

2232 4220 2381 4273 vicit.
2408 4216 2577 4289 igitur
2603 4217 2963 4273 Athenienses
2990 4215 3209 4271 biennio
3244 4214 3387 4284 apud
3434 4211 3679 4269 Siciliain
3712 4222 3801 4265 nol

2228 4310 2352 4367 sine
2400 4308 2931 4365 Lacedaemoniorum
2966 4307 3163 4361 damno
3182 4303 3479 4360 conﬂictati
3500 4311 3654 4359 sunt.
3676 4298 3803 4357 Alci-

2232 4400 2419 4455 biades
2456 4400 2599 4456 enim
2641 4399 2769 4464 dux,
2817 4398 2885 4453 ab
2929 4396 3352 4451 Atheniensibus
3410 4392 3664 4463 fugiens,
3712 4389 3800 4444 La-

2232 4490 2617 4547 cedaemonian:
2664 4504 2723 4547 se
2763 4490 3028 4557 contulit,
3077 4488 3397 4560 impulitque
3430 4487 3727 4559 Spartanus
3754 4488 3804 4538 at

2230 4582 2651 4638 Atheniensibus
2704 4597 2843 4638 novo
2894 4580 3035 4638 bello
3082 4580 3425 4646 insisterent,
3453 4584 3585 4634 cum
3632 4574 3801 4647 quibus

2232 4680 2404 4729 totam
2433 4673 2698 4730 Graeciam
2741 4674 3002 4729 adversus
3030 4673 3386 4729 Athenienses
3410 4670 3691 4727 excitant.
3716 4667 3804 4723 Ds-

2233 4766 2351 4820 rius
2372 4765 2534 4820 etiam
2573 4779 2666 4819 rex
2700 4763 2992 4820 Persarum
3018 4803 3033 4831 ,
3081 4763 3292 4833 paterni
3321 4762 3563 4832 avitique
3619 4771 3803 4816 memor

2235 4857 2369 4923 odii,
2397 4856 2655 4911 adversus
2686 4856 2827 4911 hanc
2852 4855 3039 4911 urbem
3059 4852 3509 4910 Partissafernem
3542 4852 3668 4926 [per
3692 4850 3804 4921 Tyso

2236 4947 2595 5022 saphernem]
2649 4940 2962 5018 praefeétum
3009 4946 3193 5018 Lydia:
3238 4946 3418 5017 copias
3471 4936 3803 5016 sumptusque

2236 5034 2365 5093 belli
2420 5038 2635 5092 direxit.
2684 5035 2879 5092 Mirum
2932 5032 3077 5091 dictu
3107 5076 3124 5103 ,
3184 5034 3597 5090 Atheniensium
3648 5039 3803 5089 tantas

2237 5147 2303 5187 ea
2326 5130 2491 5186 fuisse
2531 5139 2848 5200 tempestate
2874 5144 3029 5199 opes,
3056 5137 3115 5183 ut
3140 5142 3266 5184 cum
3296 5124 3556 5183 adversus
3578 5126 3694 5190 iiiis,
3715 5114 3801 5179 hoc

2231 5233 2317 5279 est
2344 5222 2600 5278 adversus
2636 5232 2797 5276 tinam
2826 5222 3059 5287 urbem,
3108 5220 3252 5276 Asiae
3294 5228 3458 5290 atque
3478 5217 3701 5274 Gracia!
3735 5224 3800 5269 to-

2236 5310 2446 5385 tiusque
2494 5314 2730 5369 Orientis
2776 5314 2985 5369 viribus
3043 5313 3322 5368 incursum
3382 5311 3485 5377 sit,
3533 5304 3800 5382 pugnando

2230 5416 2376 5478 saepe
2402 5418 2505 5460 nec
2536 5416 2771 5475 unquam
2823 5404 3086 5470 cedendo,
3115 5402 3420 5473 consumpti
3469 5401 3644 5473 magis
3666 5398 3797 5455 vitis-

2236 5505 2425 5551 rentur
2450 5495 2618 5550 fuisse
2644 5509 2805 5578 quam
2843 5492 2993 5550 Victis
3020 5493 3229 5566 Siquis
3266 5494 3413 5551 enim
3454 5493 3667 5564 plenius
3706 5489 3798 5545 db-

2235 5587 2479 5643 cordiam
2498 5585 2910 5642 Atheniensium
2934 5594 2990 5643 et
3020 5585 3159 5642 hihi
3180 5586 3364 5659 gruis
3384 5588 3506 5657 in
3534 5592 3663 5641 aut
3692 5592 3797 5652 pst-

2230 5680 2377 5752 pessi
2399 5681 2540 5736 scire
2581 5679 2835 5745 voluerit,
2861 5688 3119 5750 actusque
3153 5676 3449 5736 Alcibiadis
3486 5688 3544 5734 et
3588 5674 3793 5737 enim

536 5761 700 5831 nique
739 5764 1066 5833 temporibus
1091 5776 1215 5819 eum
1245 5764 1536 5825 Fidenates
1583 5768 1765 5826 hostes
1787 5811 1803 5837 ,
1855 5774 2120 5828 maximo-
2233 5768 2429 5839 librum
2458 5769 2634 5827 Orosii
2658 5772 2918 5827 adversus
2943 5772 3180 5842 paganos
3204 5770 3498 5826 secundum
3521 5767 3679 5839 lqat-
3710 5765 3796 5819 Vb-

536 5866 653 5906 rum
685 5853 1008 5909 auxiliorum
1036 5864 1200 5909 manu
1239 5858 1522 5927 stirpante,
1548 5861 1814 5916 terribile$
1861 5864 2121 5921 Romanis
2234 5874 2536 5920 rumtamen
2574 5862 2958 5935 sapientissimi
2984 5862 3225 5919 omnium
3252 5860 3793 5928 Athenienses,”

539 5946 749 6000 .ucibus
797 5946 1180 6013 imminerent,
1233 5945 1484 6003 Aimilius
1512 5953 1699 6007 tertius
1745 5954 1979 6013 dictator
2009 5972 2180 6046 ma-‘g
2232 5960 2344 6015 suis
2376 5958 2541 6015 malis
2590 5960 2724 6013 satis
2767 5957 2910 6015 docti
2943 5958 3233 6015 concordia
3269 5957 3524 6016 minimas
3571 5970 3656 6012 res
3681 5964 3787 6025 erg"
