4008 6450
274 528 419 587 i005

1380 525 1790 584 CHRONICON.
1830 554 1901 577 -ν-
1934 525 2103 583 TOMI
2136 527 2158 587 1
2197 526 2324 583 LIB.
2364 526 2454 585 IV.

3392 535 3528 590 41000

273 666 451 717 scere,
472 651 738 708 discordia
770 650 1040 707 maximas
1068 648 1403 715 labefactari,
1433 658 1735 720 cunctaque
1760 647 1845 707 vel
1870 648 1929 711 Α
1947 656 2076 704 tunc
2116 650 2501 718 componenda
2540 649 2683 704 inter
2720 664 2813 704 eos
2861 652 3011 720 pacis
3038 654 3212 723 gratia
3240 668 3524 727 veneram,

267 743 413 799 bona
460 742 544 799 vel
591 743 755 798 etiam
789 743 929 799 mala
969 757 1089 813 quae
1128 741 1262 798 foris
1307 748 1568 811 geruntur
1618 736 1845 795 internis

266 844 393 889 esse
424 835 664 891 radicata
702 843 759 890 et
782 835 980 890 emissa
1027 832 1342 905 principiis,
1371 832 1515 887 donni
1542 831 1849 886 abstersere

269 929 393 983 odia
419 938 473 984 et
503 928 636 984 foris
660 928 797 984 bella
825 936 1156 999 presserunt,
1188 925 1628 997 reliqueruntque
1668 930 1849 994 poste-

268 1021 347 1077 ris
367 1020 482 1077 suis
508 1021 581 1076 de
612 1021 767 1077 ruina
796 1021 880 1077 sui
924 1020 1255 1090 exemplum,
1290 1018 1359 1074 de
1394 1017 1743 1087 reparatione.
1761 1015 1845 1070 sui

267 1110 551 1166 consilium
587 1125 604 1164 :
650 1100 695 1166 si
751 1118 931 1167 tamen
981 1110 1051 1167 ob
1116 1107 1539 1192 infirmissimam
1597 1108 1845 1165 humana:

266 1201 466 1258 utentis
485 1200 923 1268 mutabilitatem,
945 1201 1086 1271 quod
1106 1198 1318 1257 atilictis
1339 1201 1501 1257 rebus
1525 1198 1841 1263 consulitur,

262 1293 321 1349 in
347 1294 623 1366 prosperis
655 1302 980 1351 servaretur.
1006 1293 1112 1351 Sed
1134 1294 1269 1351 adeo
1290 1295 1395 1350 hoc
1416 1294 1557 1350 idem
1587 1292 1842 1365 placitum

263 1384 409 1442 inter
435 1387 548 1458 ipsa
573 1402 708 1458 pene
731 1387 909 1457 placiti
949 1388 1114 1443 verba
1154 1394 1471 1457 corruptum
1516 1393 1619 1449 est,
1646 1392 1706 1441 ut
1754 1384 1843 1440 vix

262 1475 632 1534 intercedente
660 1479 896 1544 biennio,
928 1479 1182 1536 Socrates
1222 1480 1313 1537 ille
1339 1477 1676 1536 clarissimus
1716 1477 1843 1549 phi-

260 1567 630 1639 losophorum,
661 1569 884 1629 adactus
909 1571 1065 1629 malis
1093 1571 1233 1642 apud
1279 1586 1394 1637 eos,
1417 1571 1518 1628 sibi
1542 1570 1712 1627 vitam
1753 1583 1844 1626 ve—

261 1672 404 1719 neno
424 1663 733 1721 extorserit.

851 1751 1079 1810 CAPUT
1114 1751 1229 1808 XII.

260 1843 500 1911 Qualiter
537 1844 855 1901 Artaxerxes
916 1853 1097 1899 contra
1132 1844 1351 1913 fratrem
1392 1858 1583 1910 suum,
1643 1841 1840 1913 scilicet

329 1915 548 2038 Cft’irttni,
569 1915 889 1971 dimicaverit
929 1924 977 1969 et
1007 1908 1217 1977 vicerit;
1261 1913 1392 1969 etde
1417 1908 1718 1996 terrtcmotu
1748 1908 1841 1966 Si-
1880 1920 1888 1933 ’

329 2002 376 2038 ct
399 2003 466 2038 ne
503 1994 653 2038 atoue
684 1996 812 2038 (ratu
839 1985 983 2038 oravi
1009 1978 1253 2038 iEthmr:
1279 1983 1342 2038 de
1384 1992 1522 2038 veste
1542 1994 1696 2035 etiam
1720 1994 1837 2038 una:

329 2002 416 2039 cm

422 1984 475 2039 ni
503 1978 653 2057 atque
684 1996 812 2039 aestu
838 1985 983 2055 gravi
1009 1978 1253 2057 xEl’iﬂiC;
1279 1983 1342 2038 de
1384 1992 1522 2057 peste
1542 1984 1696 2035 etiam
1720 1994 1837 2054 qua:

326 2053 727 2112 Atheniensibus
755 2053 961 2126 contigit
988 2097 1003 2122 ,
1051 2055 1415 2125 laboribusque
1457 2053 1832 2109 Romanorum.

324 2144 689 2213 Artaxerxes,
742 2142 833 2220 qui
874 2150 931 2204 et
976 2148 1205 2204 Mennim
1258 2149 1669 2220 cognominatus
1716 2156 1830 2217 est,

253 2238 404 2298 Darii
446 2250 503 2297 et
524 2238 826 2298 Parisitldis
851 2241 991 2297 Illius
1009 2284 1023 2308 ,
1071 2242 1225 2296 annis
1254 2240 1342 2307 40,
1381 2257 1411 2295 a
1436 2242 1834 2298 restauratione

251 2342 385 2391 vero
415 2333 598 2405 templi
621 2335 744 2390 anni
775 2343 932 2391 erant
953 2333 1074 2390 ltiti.-
1105 2334 1222 2406 ipse
1251 2334 1336 2391 est
1368 2336 1458 2407 qut
1500 2337 1568 2391 ab
1590 2330 1835 2392 Hebraeis

251 2422 525 2480 Assuerus
551 2425 767 2491 dicitur,
801 2427 901 2482 sub
927 2430 1034 2496 quo
1052 2426 1190 2482 liber
1210 2426 1403 2482 liester
1429 2425 1707 2482 confectus
1727 2433 1830 2482 est.

250 2514 445 2571 Iisdem
483 2515 675 2573 diebus
698 2517 898 2574 bellum
954 2517 1110 2574 civile
1141 2518 1231 2572 vix
1258 2518 1550 2587 parricidio
1574 2518 1833 2573 termina-

250 2617 368 2665 tum
399 2618 484 2665 est
524 2612 662 2681 apud
688 2611 898 2667 Persas.
930 2611 1140 2669 Mortuo
1167 2612 1310 2671 enim
1348 2618 1477 2681 rcge
1505 2612 1685 2680 Durio,
1709 2622 1834 2668 cum

247 2702 579 2760 Artaxerxes
614 2712 669 2759 et
700 2704 870 2777 Cyrus
920 2706 1013 2760 iilii
1043 2706 1161 2778 eius
1189 2706 1255 2765 de
1279 2721 1446 2777 regno
1476 2708 1831 2778 ambigerem,

249 2797 467 2853 tandem
494 2799 701 2869 magnis
722 2800 1066 2870 apparatibus
1089 2799 1406 2870 magnisque
1434 2800 1834 2871 provinciarum

246 2901 314 2942 ac
335 2887 655 2958 populorum
682 2888 854 2964 ruinis
905 2889 1158 2961 utrinque
1189 2897 1455 2946 certatum
1507 2874 1609 2946 est.
1642 2888 1700 2945 in
1732 2876 1835 2947 iioc

247 2975 500 3031 conﬂictu
528 2994 651 3043 cum
681 2994 713 3037 e
743 2980 960 3037 diverso
975 2989 1360 3036 concurrentes
1387 2982 1488 3036 sibi
1513 2982 1700 3036 ambos
1716 2982 1835 3065 fra-

248 3072 359 3123 tres
393 3075 599 3124 mutuo’
630 3082 787 3126 casus
837 3069 1217 3139 objectavisset
1246 3113 1260 3138 ,
1314 3060 1465 3142 prior
1504 3060 1836 3127 Artaxerxes

244 3159 561 3218 Vulneratus
595 3179 626 3217 a
653 3158 822 3219 fratre
858 3163 985 3235 equi
1025 3165 1312 3220 Velocitate
1359 3150 1520 3219 morti
1554 3152 1836 3233 exemptus

245 3247 436 3304 evasit.
471 3247 643 3322 Cyrus
669 3259 848 3307 autem
880 3258 1005 3307 mox
1046 3264 1076 3307 a
1099 3253 1321 3308 cohorte
1350 3252 1494 3324 regia
1523 3264 1832 3324 oppressus,

1948 739 2001 794 in
2027 741 2145 796 acie
2184 742 2470 797 adversum
2505 756 2562 796 se
2584 742 2837 797 viderunt
2879 753 3200 814 pugnantes;
3229 745 3348 814 Quo
3389 750 3533 805 indi-

1944 834 2200 902 gnatione
2236 834 2485 902 permoti,
2520 833 2723 888 Elasini
2751 835 2932 905 oppidi
2970 835 3250 893 obsidione
3279 839 3524 907 dimissa,

1944 926 2074 980 totis
2116 924 2324 981 viribus
2365 925 2591 981 Romam
2616 928 2967 982 contendunt;
3002 927 3113 983 Hos
3142 929 3219 983 ita
3251 930 3527 990 irruentes

1933 1012 2145 1069 Fabius
2166 1029 2288 1068 cum
2306 1016 2547 1069 exercitu
2566 1015 2755 1069 consul
2780 1016 3013 1086 excepit,
3031 1031 3133 1074 nec
3155 1027 3336 1076 tamen
3353 1022 3529 1077 obsti-

1944 1105 2034 1171 tit,
2078 1106 2187 1160 imo
2226 1106 2405 1174 potius
2456 1105 2679 1162 hostilis
2711 1107 2802 1163 ille
2838 1109 3072 1178 impetus
3109 1112 3267 1179 quasi
3313 1112 3522 1169 aridam

1898 1219 1909 1223 -
1942 1206 2179 1269 segetem
2205 1198 2459 1263 succidit,
2498 1199 2688 1252 stravit
2725 1208 2781 1253 et
2806 1201 3042 1256 transiit.
3087 1201 3345 1258 Testatur
3376 1205 3526 1261 hanc

1943 1289 2097 1346 Fabii
2132 1290 2340 1346 cladem
2381 1290 2576 1345 ﬂuvius
2619 1289 2812 1357 Hallia,
2862 1293 3002 1347 sicut
3044 1292 3299 1349 Cremara
3331 1294 3528 1353 Fabio—

1943 1396 2087 1438 rum.
2121 1380 2237 1438 Non
2265 1383 2411 1439 enim
2441 1382 2600 1438 facile
2635 1383 2831 1454 aliquis
2875 1384 3109 1441 similem
3155 1387 3369 1443 ruinam
3416 1388 3524 1443 Ro-

1943 1491 2118 1532 manae
2168 1476 2372 1531 militiai
2398 1477 2752 1542 recensuerit,
2784 1477 2952 1532 etiam
2991 1479 3059 1533 si'
3087 1479 3260 1535 Roma
3304 1481 3526 1551 insuper

1942 1570 2162 1626 incensa
2183 1584 2290 1626 non
2320 1578 2482 1626 esset.
2507 1572 2790 1626 Patentcm
2818 1569 2960 1626 Galli
2992 1571 3195 1629 Urbem
3212 1576 3522 1644 penetrant,

1940 1660 2217 1718 trucidant
2237 1663 2473 1733 rigenm
2499 1662 2910 1719 simulacrorum
2932 1664 3095 1719 modo
3120 1665 3176 1720 in
3206 1666 3319 1721 suis
3348 1666 3529 1720 sedili-

1940 1750 2044 1814 bus
2064 1764 2363 1822 senatores,
2385 1768 2587 1827 eosque
2628 1757 2881 1812 incendio
2926 1757 3208 1812 domorum
3231 1760 3524 1824 crematos,

1940 1846 2095 1919 lapsu
2125 1847 2420 1903 culminum
2449 1862 2673 1904 suorum
2710 1848 3000 1919 sepelierit.
3053 1848 3374 1904 Universum
3403 1849 3528 1904 reli—

1929 1938 2104 2009 cuam
2126 1934 2495 2008 iuventutem,
2526 1948 2687 2009 quam
2716 1944 2930 1995 constat
2957 1939 3048 1995 vix
3078 1940 3222 1994 milia
3248 1942 3527 1995 hominum

1863 2036 2069 2100 Btunc
2104 2028 2271 2086 {niese
2302 2031 2357 2085 in
2383 2042 2509 2086 arce
2533 2030 2819 2101 Capitolini
2848 2033 3050 2088 montis
3075 2033 3354 2099 latentem;
3381 2032 3530 2088 obsi-

1937 2122 2099 2179 dione
2145 2123 2503 2189 concludunt;
2538 2122 2725 2193 ibique
2767 2122 3013 2179 infelices
3052 2124 3312 2194 reliquias
3358 2120 3523 2189 fame,

1935 2222 2116 2287 peste,
2171 2215 2587 2286 desperatione,
2639 2206 2929 2271 ibrmidine
2981 2224 3196 2283 terum,
3234 2217 3491 2285 subigunt

1935 2310 2179 2364 vendunt
2209 2327 2223 2363 :
2257 2316 2383 2364 nam
2408 2310 2557 2365 mille
2592 2309 2746 2365 libris
2766 2309 2883 2363 aun‘
2911 2300 3263 2365 discessionis
3290 2308 3526 2380 pretium

1934 2399 2316 2471 paciscuntur;
2369 2406 2477 2455 non
2520 2401 2664 2469 quod
2716 2396 2859 2471 apud
2909 2399 3093 2456 Gallos
3150 2400 3323 2455 Roma
3370 2401 3528 2471 parvi

1924 2491 2173 2547 nominis
2193 2490 2377 2556 fuerit,
2400 2490 2496 2547 sed
2518 2490 2662 2561 quod
2692 2490 2840 2544 illam
2867 2488 3085 2559 eiciam
3113 2498 3240 2545 ante
3288 2489 3526 2545 detrive-

1935 2582 2081 2650 rint,
2099 2588 2156 2637 ut
2187 2578 2418 2654 amplius
2448 2588 2577 2637 tunc
2600 2582 2782 2638 valere
2807 2594 2914 2638 non
2962 2590 3164 2651 posset.
3196 2583 3530 2638 Exeuntibus

1934 2672 2104 2732 Gallis
2121 2678 2457 2731 remanserat
2485 2676 2541 2730 in
2570 2675 2661 2729 illo
2688 2674 2960 2744 quondam
3001 2664 3165 2731 Urbis
3185 2674 3388 2731 ambitu
3440 2674 3530 2729 in-

1932 2769 2191 2826 formium
2215 2770 2493 2837 ruinarum
2515 2770 2749 2825 obscena
2768 2769 3069 2840 congeries,
3095 2776 3151 2825 et
3172 2756 3412 2841 undique
3430 2783 3530 2840 per

1937 2860 2322 2932 impedimenta
2352 2861 2673 2925 errantium,
2707 2865 2762 2916 et
2801 2860 2943 2915 inter
2966 2868 3067 2915 sua
3098 2860 3413 2931 ignotarum
3437 2856 3524 2912 of-

1932 2953 2103 3011 fensae
2135 2955 2281 3011 vocis
2303 2955 2483 3025 imago
2510 2953 2866 3023 respondens,
2896 2951 3135 3022 trepidos
3162 2950 3528 3022 suspendebat

1939 3042 2172 3101 auditus.
2198 3045 2407 3100 Horror
2430 3044 2711 3114 quatiebat
2731 3044 2961 3109 animos,
2986 3042 3197 3097 silentia
3225 3042 3521 3097 terrebant.

1939 3137 2218 3208 Siquidem
2246 3138 2474 3193 materia
2502 3136 2721 3207 pavoris
2759 3137 2843 3191 est
2871 3134 3072 3189 raritas
3094 3132 3234 3207 [ipsa
3267 3122 3438 3205 vocis]
3469 3133 3527 3189 in

1939 3230 2212 3301 spatiosis.
2263 3222 2400 3285 Hinc
2439 3226 2547 3284 illis
2595 3230 2808 3284 mutare
2861 3220 3040 3293 sedes,
3090 3226 3236 3282 aliud
3288 3214 3527 3280 incolere

244 3334 410 3397 linem
451 3319 738 3397 certamini
788 3340 954 3399 dedit.
990 3336 1322 3400 Artaxerxes
1368 3319 1519 3417 ergo,
1553 3319 1611 3401 et
1651 3319 1832 3416 przeda

1939 3324 2218 3397 Oppidum,
2252 3324 2424 3379 altero
2462 3322 2627 3378 etiam
2675 3319 2888 3377 cenaerl
2940 3319 3165 3377 nomine
3207 3319 3523 3391 cogitatum,

244 3432 502 3490 iraternae
525 3422 883 3505 expeditionis
907 3442 961 3490 et
992 3436 1235 3492 exercitu
1258 3410 1479 3507 potitus,
1505 3410 1828 3505 putes-tatem

1938 3416 2200 3492 placitum
2221 3410 2383 3488 athuc
2406 3414 2672 3473 tentatum
2706 3416 2809 3472 est.

232 3525 399 3598 regni
430 3524 747 3582 'fratricidio
800 3526 1053 3582 firmavit.
1104 3526 1199 3583 His
1247 3516 1440 3583 deinde
1496 3520 1830 3597 temporibus

242 3619 564 3693 gravissimo
595 3620 906 3676 terraeinotu
949 3636 1211 3678 concussa
1246 3606 1453 3687 Sicilia,
1482 3614 1704 3692 insuper
1731 3636 1826 3676 ex—

243 3712 599 3769 aestuantibus
626 3710 848 3769 Ethnat
878 3712 1075 3769 montis
1110 3713 1347 3784 ignibus,
1370 3698 1673 3783 fairillisquc
1699 3706 1829 3769 cali-

243 3805 362 3874 dis,
406 3822 528 3862 cum
552 3792 879 3864 detrimento
898 3807 1132 3879 plurimo
1154 3806 1409 3880 agrorum
1438 3793 1794 3877 villarumque
1814 3850 1828 3874 ,

230 3902 459 3977 .vastata
485 3894 587 3955 est.
617 3894 771 3955 Tunc
804 3892 965 3956 etiam
993 3894 1249 3956 Athlante
1274 3888 1489 3965 civitas,
1520 3881 1708 3954 Locris
1737 3898 1831 3953 ad-

242 3986 479 4057 bazrens,
521 3988 678 4046 terra:
706 4008 943 4066 congrua
976 3990 1096 4065 [Αι.
1120 4034 1135 4062 ,
1184 3990 1503 4065 contigua],
1550 3988 1831 4060 repentino

226 4082 417 4162 'maris
447 4084 649 4155 impetu
678 4072 949 4152 abscissa,
986 4092 1147 4156 atque
1194 4083 1249 4138 in
1284 4070 1516 4138 insulam
1566 4070 1829 4141 dissoluta

232 4182 349 4245 Fest.
395 4173 802 4235 Atheniensium
840 4192 1053 4249 quoque
1087 4176 1423 4232 miserabiles
1450 4176 1707 4248 reliquias
1742 4190 1834 4249 pe-

245 4266 347 4322 stis
406 4264 603 4349 invasit
634 4256 831 4338 diuque
865 4268 1119 4340 populata
1164 4276 1271 4343 est.
1313 4267 1455 4349 Nam,
1475 4285 1540 4324 eo
1588 4274 1831 4341 tempore

246 4357 505 4425 Romani,
532 4358 828 4433 repentinis
858 4377 997 4431 saape
1019 4352 1252 4418 hostium
1287 4348 1660 4434 eruptionibus
1686 4368 1833 4418 com-

228 4450 463 4523 minuti,
495 4460 755 4521 przeterea
786 4453 843 4507 in
889 4452 1130 4509 hibernis
1172 4453 1312 4510 bella
1361 4456 1561 4523 sortiti,
1590 4454 1832 4511 hiemare

247 4543 350 4597 sub
372 4539 617 4610 pellibus.
650 4530 929 4598 Postremo
954 4542 1155 4600 famem
1176 4562 1239 4601 ac
1271 4542 1441 4617 frigus
1463 4544 1516 4600 in
1540 4555 1832 4619 conspectu

248 4633 486 4689 hostium
515 4635 730 4705 perpeti
767 4634 939 4691 coacti
975 4646 1122 4703 sunt,
1154 4632 1339 4692 urbem
1392 4634 1684 4694 novissime
1716 4638 1833 4693 sine

2513 3504 2740 3563 CAPUT
2800 3502 2939 3563 XIV.

2091 3598 2292 3665 Quibus
2317 3598 2499 3654 diebus
2529 3594 2769 3654 Socrates
2792 3606 2840 3652 et
2873 3594 3030 3651 Pluto
3063 3594 3371 3653 statuerim.

2004 3693 2209 3761 Quibus
2251 3682 2441 3747 diebus
2491 3688 2820 3756 Archelaus,
2870 3686 3153 3756 Aminias,
3203 3684 3521 3757 Pausanias,

1929 3784 2168 3859 Argeos,
2202 3787 2331 3841 item
2383 3784 2664 3850 Amintas,
2717 3780 2831 3861 sibi.
2868 3779 3101 3838 invicem
3138 3780 3520 3851 succedentes,

1934 3874 2232 3949 regnabant
2269 3872 2410 3945 apud
2452 3868 2788 3930 Macedones;
2821 3867 2877 3927 In
2918 3871 3102 3929 Sicilia
3151 3872 3280 3927 verti
3325 3872 3525 3945 Diony-

1935 3969 2046 4025 sius
2084 3967 2422 4039 tyrannidem
2450 3973 2685 4020 exercet.
2711 3964 2966 4020 Socrates
2984 3965 3150 4019 etiam
3185 3964 3330 4035 apud
3359 3964 3527 4019 Athe-

1931 4056 2152 4119 nienses
2176 4068 2309 4117 tunc
2331 4058 2528 4116 claruit
2547 4058 2806 4130 magister
2823 4057 3082 4113 Platonis.
3113 4042 3366 4115 Socrates
3395 4068 3524 4131 ergo

1924 4155 2141 4227 primus
2204 4151 2519 4209 universam
2587 4149 2987 4222 philosophiam
3046 4146 3115 4206 ad
3172 4149 3525 4221 corrigendos

1934 4247 2441 4320 componendasque
2492 4248 2673 4303 mores
2724 4244 2938 4301 flexisse
2995 4240 3349 4312 memoratur,
3395 4254 3521 4300 cum

1935 4352 2061 4397 ante
2085 4341 2233 4397 illum
2262 4348 2449 4396 omnes
2479 4337 2651 4409 magis
2668 4332 2923 4409 physicis,
2967 4328 3022 4391 id
3049 4344 3153 4403 est,
3185 4337 3525 4393 naturalibus

1934 4434 2097 4491 rebus
2120 4426 2528 4503 perscrutandls
2556 4442 2777 4500 operam
2806 4427 3097 4483 maximam
3123 4422 3520 4498 impenderunt,

1922 4524 2203 4594 'ilnemque
2226 4520 2428 4579 bonum
2460 4518 2577 4577 iierl
2606 4537 2713 4576 non
2739 4527 2925 4591 prsef,
2958 4518 3061 4576 nisi
3104 4523 3240 4576 bene
3266 4516 3521 4588 virendo,

1936 4613 2135 4673 docuit.
2166 4615 2395 4671 Nolebat
2415 4616 2599 4685 itaque
2622 4608 2929 4669 immundos
2950 4611 3185 4669 terrenis
3207 4608 3522 4682 cupiditati-

246 4724 358 4779 ullo
393 4701 553 4795 digno
582 4701 838 4781 Romana:
874 4701 1115 4782 virtutis
1140 4722 1447 4784 testimonio
1476 4728 1739 4784 cuniculis
1780 4737 1836 4784 et

1935 4705 2037 4760 bus
2084 4706 2295 4760 animos
2341 4704 2636 4759 extendere
2676 4704 2730 4758 in
2757 4703 2935 4758 divina
2967 4711 3022 4759 et
3057 4703 3243 4758 conari
3280 4701 3524 4771 qdando—

250 4774 586 4881 clandestina
611 4814 928 4886 obreptione
956 4826 1231 4889 ceperunt.
1261 4806 1413 4873 Hanc
1435 4814 1621 4873 utiiein
1660 4820 1835 4892 magis
1858 4774 1915 4841 Β
1941 4796 2157 4892 quidem
2206 4796 2272 4850 ’δὴ
2299 4792 2378 4849 Bis
2407 4808 2597 4849 (⁷³⁸⁸³⁸
2634 4800 2817 4849 rerum
2842 4792 3078 4892 tidébai
3111 4790 3343 4892 λίηαηων
3386 4802 3522 4892 qua?

249 4922 415 4978 quam
438 4908 672 4965 nobilem
691 4908 977 4964 victoriam
1004 4908 1177 4979 primo
1201 4908 1479 4966 dictatoris
1512 4898 1720 4966 Camilli
1754 4910 1836 4965 in-

249 4980 458 5059 dustria
514 5009 842 5079 peregerunt
885 4996 951 5057 de
985 4982 1285 5079 Veintibus.
1340 5000 1546 5057 Dehinc
1606 5001 1835 5073 irruptio

249 5070 531 5174 Gallorum
563 5100 618 5174 et
652 5070 970 5165 incendium
1000 5070 1148 5149 urbis
1181 5092 1503 5167 insequitur.
1553 5078 1648 5148 Cui
1695 5070 1835 5149 cladi

249 5183 455 5255 audeat.
487 5183 806 5256 quisquam,
848 5184 894 5241 si
936 5192 1151 5257 potest,
1205 5176 1414 5254 aliquos
1460 5194 1639 5240 motus
1676 5180 1836 5257 hujus

250 5276 511 5345 temporis
550 5292 888 5353 comparare,
918 5278 1163 5354 quamvis
1211 5292 1318 5354 non
1371 5291 1523 5348 atque
1567 5276 1837 5348 pendeant

248 5366 514 5441 pratteriti
540 5352 668 5429 mali
703 5350 951 5431 fabulam
970 5350 1220 5442 praesenti
1248 5350 1476 5440 inierim.

846 5484 1073 5544 CAPUT
1111 5486 1263 5545 XIII»
1314 5540 1321 5547 .
1396 5544 1401 5547 _

253 5571 337 5629 De
351 5570 520 5631 ωε.
537 5575 635 5646 qui
654 5573 876 5637 Rom
903 5575 1268 5646 incenderunt,
1293 5582 1621 5631 vastaverunt
1640 5590 1706 5629 ac
1734 5590 1828 5637 no-

746 5646 949 5700 vissime
980 5642 1335 5701 vendiderunt.

322 5735 489 5807 Igitur
509 5736 644 5793 Galli
668 5736 929 5805 Senones,
946 5739 1080 5793 duce
1098 5738 1329 5805 Brenno,
1351 5738 1589 5794 exercitu
1611 5737 1828 5809 copioso

256 5836 309 5882 et
332 5828 550 5893 robusto
587 5829 771 5896 nimis,
803 5844 923 5883 cum
950 5829 1137 5884 urbem
1162 5827 1385 5894 Elusim,
1411 5844 1531 5898 quae
1557 5844 1700 5882 nunc
1723 5827 1831 5881 Tu-

258 5918 369 5975 scia
419 5919 613 5977 dicitur
640 5961 655 5991 ,
684 5921 989 5978 obsiderent
1016 5963 1030 5993 ,
1060 5921 1264 5993 legatos
1302 5920 1666 5976 Romanorum
1692 5960 1707 5987 ,
1738 5920 1831 5991 qui

1936 4887 2143 4960 primas
2193 4894 2355 4957 atque
2384 4896 2624 4944 summas
2655 4900 2763 4944 non
2801 4890 2904 4943 nisi
2949 4890 3002 4942 in
3033 4888 3193 4941 unius
3227 4886 3291 4941 ac
3322 4885 3521 4940 summi

1883 5028 1887 5032 .
1939 4978 2034 5037 Dei
2060 4980 2334 5036 voluntate
2364 4990 2487 5037 cese
2512 4982 2783 5039 credebat.
2817 4976 2968 5038 Unde
2996 4990 3103 5035 non
3126 4992 3221 5035 eas
3273 4972 3519 5050 putabat,

1939 5073 2042 5129 nisi
2070 5076 2268 5129 munda
2310 5078 2492 5130 mente
2519 5086 2677 5144 posse
2699 5066 3104 5143 comprehendi,
3138 5080 3191 5127 et
3219 5068 3341 5127 ideo
3388 5086 3520 5141 pur-
3578 5110 3581 5113 ν

1939 5164 2126 5238 gandat
2153 5160 2313 5222 bonis
2339 5167 2579 5223 moribus
2612 5167 2735 5222 vita!
2778 5164 3032 5220 censebat
3079 5164 3413 5231 instandum,
3461 5166 3523 5218 ut

1938 5260 2362 5334 deprimentibus
2384 5259 2696 5316 libidinibus
2722 5256 3049 5313 exoneratus
3092 5250 3330 5322 animus,
3356 5261 3519 5311 natu-

1936 5350 2036 5411 rali
2068 5356 2252 5428 vigore
2278 5354 2336 5408 in
2364 5354 2565 5409 {eterna
2588 5360 2646 5406 se
2681 5348 2950 5407 attolleret
2985 5364 2998 5404 :
3037 5342 3396 5418 naturamque
3436 5344 3519 5404 iii-

1928 5446 2181 5518 corporei
2225 5452 2281 5500 et
2324 5434 2781 5499 incommutabilis
2818 5438 3039 5496 luminis
3072 5436 3163 5495 tibi
3194 5434 3372 5495 causan
3402 5438 3521 5495 om-

1935 5538 2083 5595 nium
2112 5528 2378 5593 factarum
2417 5538 2735 5589 naturarum
2772 5526 3036 5587 stabiliter
3071 5530 3282 5598 vivunt,
3314 5524 3521 5585 intelli-

1936 5633 2128 5704 gentiae
2184 5628 2421 5701 puritate
2477 5627 2832 5698 conspiceret.
2890 5622 3271 5698 [inperitorum
3336 5616 3518 5683 tamen

1936 5726 2137 5783 invidia
2164 5722 2416 5779 excitatis
2436 5720 2877 5787 Atheniensibus,
2909 5722 3243 5778 calumniosa
3267 5716 3496 5777 errantia

1938 5820 2082 5875 tione
2102 5817 2409 5882 damnatus,
2430 5823 2604 5870 morte
2631 5814 2920 5871 mulctatus
2948 5824 3051 5871 est.

2009 5911 2116 5968 Sed
2141 5924 2262 5967 eum
2286 5918 2472 5979 postea
2501 5909 2590 5964 illa
2613 5911 2743 5980 ipsa,
2775 5924 2893 5979 qua)
2915 5907 3125 5979 publice
3139 5906 3508 5967 damnaverat,
