4008 6462
469 301 636 368 ³1011

1525 301 1906 362 FRECULPHI
1943 303 2399 364 LEXOVIENSIS
2434 303 2741 366 EPISCOPI

3625 315 3761 374 ιθιξ

491 428 646 491 'rore,
689 439 916 496 quarum
971 421 1353 496 magnitudine,
1384 428 1438 476 et
1461 415 1822 484 deformitate,
1855 427 1910 474 et
1932 419 2149 480 novo'A
2174 417 2435 476 lissimam
2481 417 2643 493 cepit.
2689 421 2817 478 inde
2845 421 3182 488 Thessaliam
3211 440 3320 481 non
3364 428 3544 501 magis
3570 443 3759 486 amore

497 517 665 571 odore
699 515 858 572 simul
900 531 964 572 ac
993 515 1240 580 stridore,
1281 511 1485 568 Levino
1522 511 1763 577 consule,
1811 513 1864 565 in
1893 510 2069 582 prima

496 625 678 686 pugna
703 607 1028 668 consternati
1050 607 1418 663 Romanorum
1445 606 1589 677 equi,
1615 619 1739 661 cum
1765 605 2070 674 incognitas

497 703 601 760 sibi
621 701 826 759 belluas
839 701 1069 770 amplius
1089 713 1252 771 quam
1272 703 1428 753 erant
1442 697 1870 768 suspicarentur,
1889 695 2069 768 fugam

495 803 838 866 stragemque
875 791 982 846 late
1035 789 1316 846 dederunt.
1364 787 1476 844 iioc
1518 787 1713 843 bellum
1755 787 1808 842 in
1854 786 2064 860 Apulia,

495 886 688 942 deinde
715 887 770 940 in
789 883 988 940 Asculo
1004 881 1194 938 melius
1223 881 1534 937 dimicatum
1559 890 1664 948 est,
1691 879 1855 937 Curio
1879 879 2070 936 Fabri-

492 977 683 1044 cioque
735 975 1064 1031 consulibus.
1113 971 1232 1028 Jam
1281 974 1481 1044 quippe
1547 981 1724 1029 terror
1768 972 2069 1029 belluarum

489 1067 819 1134 exoleverat,
874 1075 932 1123 et
989 1067 1157 1123 Gaius
1214 1065 1491 1132 Munitius,
1557 1073 1765 1135 quarta:
1839 1064 2066 1137 legionis

489 1159 785 1226 hastarius,
839 1159 1000 1214 unius
1041 1157 1386 1232 promuscide
1437 1157 1670 1224 abscisa,
1720 1155 1858 1214 mori
1905 1171 2066 1234 posse

487 1251 691 1328 belluas
739 1235 1069 1310 ostenderat.
1123 1251 1306 1323 itaque
1345 1250 1400 1307 in
1449 1250 1595 1321 ipsos
1643 1249 1748 1321 pila
1808 1259 2064 1320 congesta

486 1353 632 1410 sunt,
657 1354 711 1398 et
732 1344 785 1398 in
810 1353 986 1399 turres
1013 1344 1240 1398 vibratre
1275 1341 1420 1398 faces
1441 1351 1551 1398 tota
1582 1343 1818 1398 hostium
1846 1343 2063 1413 agmina

489 1434 809 1497 ardentibus
839 1434 1009 1494 ruinis
1057 1442 1388 1504 operuerunt
1417 1452 1430 1488 :
1462 1449 1562 1492 nec
1599 1433 1736 1492 alius
1767 1432 1904 1488 cladi
1939 1433 2064 1490 iinis

485 1522 607 1590 fuit,
634 1539 797 1597 quam
823 1540 916 1580 eos
941 1539 1048 1589 uox
1085 1523 1381 1590 dirimeret,
1410 1533 1824 1594 postremusque
1855 1522 2064 1596 fugien-

485 1612 622 1671 tium
651 1629 746 1672 rex
775 1614 892 1686 ipse
917 1629 946 1670 a
969 1612 1288 1670 satellitibus
1308 1613 1536 1670 humero
1568 1613 1784 1670 saucius
1807 1613 1859 1670 in
1893 1614 2062 1670 armis

483 1701 597 1759 suis
634 1703 762 1766 ruit.
818 1703 1070 1758 Lucania:
1122 1717 1323 1773 pugna,
1369 1702 1594 1760 ducibus
1633 1703 1823 1768 iisdem
1863 1703 2060 1773 quibus

469 1792 754 1876 superius,
786 1793 880 1847 sed
907 1791 1046 1848 bello
1067 1771 1300 1867 etpace,
1330 1790 1462 1846 foris
1487 1802 1540 1848 et
1569 1792 1734 1858 domi,
1758 1771 1971 1849 omnem
2007 1792 2060 1853 in
2089 1771 2138 1833 Β

482 1891 694 1953 partem
752 1883 998 1940 Romana
1045 1884 1217 1940 virtus
1271 1891 1381 1938 tum
1433 1899 1491 1939 se
1537 1884 1871 1958 approbavit.
1927 1883 2062 1946 Cum

413 2038 419 2044 .
481 1969 724 2046 Pyrrhus
752 1972 842 2028 ille
889 1973 1144 2029 terribilis
1173 1984 1292 2048 post
1332 1975 1520 2046 primae
1543 1990 1734 2046 pugna:
1759 1975 2057 2046 victoriam,

481 2063 756 2122 intellecta
791 2059 1154 2122 Romanorum
1194 2068 1412 2132 virtute,
1447 2065 1586 2131 facto
1611 2067 1831 2134 iwdcrc,
1866 2083 2060 2138 quam—

480 2143 564 2212 vis
595 2155 856 2224 vinceret,
884 2151 936 2212 in
967 2149 1262 2215 amicitiam
1305 2161 1469 2230 recipi
1494 2160 1679 2225 voluit,
1711 2161 1803 2218 sed
1834 2162 2062 2231 abnega-

480 2248 560 2303 vit
586 2258 822 2304 senatus.
865 2250 976 2304 Nec
1025 2251 1129 2304 alia
1158 2251 1330 2321 magis
1359 2267 1521 2320 quam
1553 2251 1842 2306 Tarentina
1877 2262 2061 2308 osten-

479 2340 559 2395 dit
581 2341 764 2412 populi
786 2341 1018 2398 Romani
1043 2342 1436 2406 fortitudinem,
1463 2352 1682 2398 senatus
1711 2345 2056 2414 sapientiam,

471 2428 674 2517 ducum
732 2429 1235 2500 magnanimitatem
1292 2447 1440 2486 :uec
1492 2431 1627 2490 alius
1681 2433 1958 2512 pulchrior
2003 2435 2058 2489 in

482 2517 626 2582 Urbe
650 2528 745 2584 aut
767 2523 1064 2592 speciosior
1119 2523 1424 2595 triumphus
1465 2524 1706 2588 intravit.
1749 2526 1886 2588 Ante
1916 2527 2060 2584 hunc

473 2612 622 2670 diem
654 2613 789 2670 nihil
817 2623 1016 2684 praeter
1059 2629 1258 2685 pecora
1286 2614 1625 2680 Volscorum,
1678 2631 1870 2687 greges
1901 2617 2060 2671 Sabi-

476 2717 694 2768 norum,
738 2713 994 2774 carpenta
1024 2705 1320 2770 Gallorum,
1357 2704 1526 2759 fracta
1577 2705 1877 2760 Samnitum
1904 2719 2054 2760 arma

475 2794 749 2853 viderunt.
785 2796 922 2852 Tum
951 2803 1134 2852 autem
1153 2797 1198 2852 si
1220 2797 1463 2866 captivos
1489 2796 1781 2866 aspiceres,
1811 2796 2054 2863 Molossi,

477 2883 788 2952 Thessales,
833 2885 1176 2953 Iaculoues,
1208 2886 1447 2952 Brutius,
1488 2888 1695 2958 Apulus
1740 2897 1902 2957 atque
1949 2889 2058 2943 Lu-

471 2991 678 3044 canus;
707 2979 755 3034 si
783 2992 1056 3049 pompam,
1099 2994 1316 3044 aurum,
1348 2994 1662 3049 purpuram,
1714 2980 1867 3050 signa
1901 2980 2059 3035 tabu-

473 3067 560 3136 lae,
590 3069 1004 3140 Tarentinasque
1034 3069 1258 3130 delicia).
1291 3067 1398 3128 Sed
1438 3070 1572 3129 nihil
1602 3070 1856 3132 libentius
1885 3083 2055 3142 popu-

471 3157 558 3226 ltts
607 3157 883 3220 Romanus
927 3160 1139 3230 aspexit
1173 3176 1338 3230 quam
1391 3160 1532 3227 illas,
1586 3175 1723 3230 quas
1778 3163 2049 3226 timuerat,

471 3267 600 3312 cum
651 3253 889 3315 tur-ribus
942 3254 1056 3310 suis
1103 3253 1330 3320 belluas,
1375 3271 1516 3324 quae,
1564 3271 1672 3312 non
1718 3255 1836 3311 sine
1891 3269 2055 3312 sensu

471 3343 828 3416 captivitatis,
863 3344 1169 3403 summissis
1190 3344 1494 3401 cervicibus
1516 3345 1750 3400 victores
1773 3360 1944 3415 equos
1971 3359 2057 3401 so-

471 3438 799 3508 quebantttr.

475 3585 484 3596 ,
545 3531 652 3588 Sed
700 3531 956 3602 quoniam
998 3532 1236 3604 gentium
1260 3531 1599 3594 diversarum
1631 3540 1806 3598 actus,
1856 3533 2058 3602 partim

471 3623 691 3690 iibando
739 3639 1022 3684 recensere
1052 3625 1333 3696 diIPOSUii
1368 3640 1516 3680 nunc
1560 3625 1854 3681 Alexandri
1901 3627 2058 3682 istius

471 3729 602 3784 casu
656 3716 1044 3782 commonitus,
1099 3716 1166 3774 de
1226 3715 1474 3786 Philippo
1517 3715 2056 3772 Laoedmmoniorum

471 3823 622 3879 rage,
675 3808 770 3878 qui
823 3807 1198 3879 Olympiadem
1249 3806 1410 3876 huius
1466 3806 1759 3865 Alexandri
1819 3807 2056 3878 Epirotae

470 3913 714 3959 sororem
797 3914 1022 3954 uxorem
1099 3898 1310 3963 habuit,
1379 3913 1445 3954 ex
1517 3909 1625 3967 qua
1689 3897 2058 3954 Alexandrum

469 3990 724 4061 llagnum
776 3991 979 4062 genuit.
1015 3991 1359 4061 paucissimis
1409 3989 1572 4046 annis
1596 3997 1745 4044 retro
1786 3990 2052 4060 repetitis,

469 4097 665 4151 magna
699 4085 906 4152 parvis,
932 4084 986 4140 in
1015 4093 1278 4154 quantum
1301 4091 1512 4153 potero,
1536 4082 1785 4154 colligam
1811 4083 2050 4154 syllabis.

469 4170 638 4242 Igitur
685 4172 968 4243 Philippus
1035 4176 1269 4230 Aminttn
1322 4175 1486 4239 iilius,
1525 4175 1814 4229 Alexandri
1877 4183 2052 4246 pater,

470 4279 702 4334 negtium
743 4265 1092 4322 Macedonum
1128 4267 1354 4335 adeptus
1384 4267 1455 4320 25
1483 4267 1640 4321 annis
1665 4269 1839 4321 tenuit
1870 4286 1882 4321 :
1931 4269 2056 4338 qui-

473 4359 573 4416 bus
595 4359 693 4414 bos
717 4371 910 4417 onmes
935 4357 1293 4413 acerbitatum
1326 4371 1551 4412 acervos
1575 4366 1910 4428 cunctosque
1939 4371 2057 4414 ma-

468 4453 646 4512 lorum
707 4452 878 4510 moles
939 4452 1154 4508 struxit.
1189 4451 1288 4508 Hie
1323 4452 1562 4523 primum
1628 4453 1697 4507 ab
1746 4451 2056 4512 Alexandro

469 4546 639 4601 fratre
667 4548 827 4600 obses
865 4544 1138 4600 Thebanis
1181 4546 1358 4610 datus,
1407 4559 1506 4616 per
1557 4545 1851 4601 triennium
1910 4549 2052 4617 apud

467 4637 919 4708 Epaminondam,
1003 4636 1440 4692 strenuissimum
1521 4637 1929 4708 imperatorem,
1999 4647 2055 4694 et

451 4740 741 4786 summum
785 4729 1184 4800 philosophum,
1257 4729 1503 4785 eruditus
1556 4737 1658 4785 est.
1700 4729 1823 4800 ipso
1872 4737 2051 4788 autem

469 4823 780 4878 Alexandre
807 4821 1010 4878 scelere
1036 4820 1320 4892 Enrydicis
1345 4821 1538 4876 matris
1567 4823 1769 4886 occiso,
1802 4824 2052 4892 quamvis

469 4917 634 4973 etiam
665 4915 957 4974 commisso
1000 4915 1286 4980 adulterio,
1334 4923 1390 4970 et
1443 4914 1612 4970 altero
1649 4916 1883 4985 primum
1943 4917 2051 4972 tilio

471 5008 776 5075 interiecto,
827 5008 1042 5078 iiiiaque
1091 5007 1333 5072 viduata,
1381 5008 1565 5078 generi
1620 5008 1836 5078 nuptias
1873 5009 2054 5063 mariti

472 5109 649 5156 morte
675 5100 984 5172 pepigisset,
1024 5100 1332 5170 compulsus
1357 5114 1387 5153 a
1418 5098 1610 5169 populo
1637 5113 1885 5168 regnum,
1910 5099 2055 5169 quod

470 5195 637 5263 parvo
662 5192 827 5248 occisi
853 5191 1038 5246 fratris
1072 5191 1183 5246 illio
1213 5192 1486 5254 tuebatur,
1519 5189 1778 5260 suscepit,
1812 5189 1901 5258 qui
1929 5203 2050 5244 cum

472 5282 606 5338 foris
633 5299 902 5340 concursu
927 5283 1333 5355 exsurgentium
1360 5282 1599 5352 undique
1623 5280 1885 5348 hostium,
1908 5281 2053 5339 doml

475 5383 654 5428 autem
678 5375 1136 5446 deprehensamni
1170 5390 1312 5444 stupe
1335 5374 1655 5429 insidiarum
1687 5381 1830 5428 metu
1861 5373 2055 5444 fatigao

473 5467 647 5530 retur,
693 5467 925 5536 primum
971 5467 1169 5522 bellum
1224 5481 1348 5522 cum
1396 5464 1822 5520 Atheniensibus
1865 5465 2052 5535 gessit.

473 5555 682 5624 Quibus
705 5557 882 5622 victis,
916 5571 1068 5612 arma
1094 5557 1161 5614 ad
1196 5555 1406 5627 illyrios
1435 5553 1727 5620 transtulit,
1762 5554 2054 5624 multisque

473 5646 715 5704 millibus
757 5649 994 5704 hostium
1035 5648 1338 5713 trucidatis,
1379 5647 1658 5710 Larissam
1679 5650 1868 5706 urbem
1894 5647 2052 5704 nobl-

548 5772 575 5802 ι
606 5758 766 5816 Deest
795 5759 1014 5834 aliquid.

2172 513 2430 579 victoria},
2489 531 2650 586 quam
2715 511 3008 574 ambitione
3067 517 3440 578 habendorum
3512 525 3759 598 equitum

2169 599 2573 674 Thessalorum,
2605 621 2835 678 quorum
2866 607 3030 664 robur
3059 616 3116 678 ut
3161 609 3423 678 exercitui
3452 629 3556 670 suo
3578 613 3757 672 admi-

2170 704 2369 762 sceret,
2398 696 2622 756 invadit.
2647 695 2728 757 ita
2749 694 3025 760 Thessalis
3051 716 3117 760 ex
3148 701 3442 774 improviso
3468 720 3758 774 pmoceu—

2167 787 2310 856 patis
2358 797 2518 856 atque
2567 789 2621 842 in
2652 797 2976 860 potestatem
3007 791 3262 859 redactis,
3289 793 3568 866 iungendo
3601 800 3762 866 equi-

2169 885 2284 932 tum
2341 878 2686 949 peditumque
2742 877 3068 936 i‘ortissimas
3133 885 3322 938 turbas
3370 895 3426 939 et
3477 885 3757 956 copiosas,

2165 968 2578 1025 invictissimum
2602 969 2732 1026 fecit
2751 971 3070 1026 exercitum.
3093 967 3261 1042 igitur
3283 972 3440 1029 victis
3460 975 3762 1032 Athenien-

2167 1059 2319 1115 sibus
2362 1059 2726 1132 subiectisque
2750 1061 3025 1118 Thessalis
3051 1063 3446 1136 Olympiadem,
3482 1064 3760 1121 Aurucba:

2163 1152 2310 1224 regis
2353 1149 2706 1208 Molossorum
2737 1161 3000 1219 sererein,
3031 1153 3184 1210 duxit
3223 1167 3470 1212 uxorem.
3502 1155 3607 1224 Qui
3648 1155 3761 1210 Au-

2168 1249 2336 1303 rueha
2378 1261 2500 1303 cum
2537 1261 2634 1319 per
2677 1248 2778 1304 hoc
2831 1250 2974 1321 quod
3023 1251 3337 1308 societatem
3393 1249 3759 1308 Macedonum

2165 1337 2425 1394 aiilnitate
2463 1339 2608 1410 regis
2650 1334 3045 1410 paciscebatur,
3071 1342 3359 1412 imperium
3388 1359 3545 1398 suum
3583 1359 3644 1399 se
3669 1345 3756 1398 di-

2165 1428 2460 1484 lataturum
2491 1437 2705 1500 putaret
2751 1445 2851 1500 per
2883 1431 2987 1486 hoc
3031 1431 3286 1503 deceptus
3317 1435 3520 1500 amisit,
3569 1435 3762 1506 priva-

2167 1529 2362 1592 tusque
2391 1525 2445 1578 in
2474 1522 2665 1580 exsilio
2714 1525 3012 1580 consenuit.
3065 1522 3268 1582 Deinde
3293 1523 3593 1600 Philippus,
3623 1545 3757 1584 cum

2163 1615 2476 1672 Mothonam
2507 1620 2698 1674 urbem
2739 1606 3096 1690 oppugnaret,
3125 1620 3232 1674 ictu
3273 1621 3483 1690 sagitta:
3531 1620 3757 1676 oculum

2165 1710 2415 1780 perdidit.
2447 1709 2620 1780 ipsam
2672 1721 2802 1766 vero
2845 1709 3035 1765 urbem
3064 1725 3188 1766 mox
3217 1711 3546 1784 expugnavit
3589 1721 3644 1766 et
3669 1725 3760 1767 ee-

2165 1801 2263 1872 pit.
2290 1798 2426 1858 Exin
2457 1802 2720 1859 Graeciam
2745 1818 2912 1874 prope
2941 1811 3110 1859 totam
3141 1803 3382 1860 consiliis
3417 1813 3755 1874 praeventam

2164 1891 2370 1948 viribus
2404 1893 2628 1948 domuit.
2677 1893 2886 1965 Quippe
2923 1892 3146 1950 Grrecite
3174 1895 3442 1963 civitates,
3473 1893 3602 1951 dum
3647 1897 3759 1950 im-

2164 1995 2372 2053 perarc'
2402 1983 2624 2056 singula:
2651 1987 2892 2056 cupiunt,
2934 1987 3220 2058 imperium
3262 2002 3452 2043 omnes
3495 1985 3754 2058 perdide-

2164 2085 2308 2142 runt,
2347 2087 2402 2131 et
2441 2077 2566 2132 dum
2611 2077 2664 2132 in
2708 2087 2952 2133 mutuum
2979 2079 3204 2134 exitium
3233 2080 3350 2136 sine
3372 2077 3532 2136 modo
3563 2091 3750 2148 ruunt,

2163 2167 2412 2220 einnllnts
2439 2168 2638 2236 perire,
2672 2167 2813 2237 quod
2855 2167 3081 2240 singulm
3109 2169 3439 2236 amitterent,
3477 2183 3755 2244 oppressa

2163 2256 2378 2309 demum
2405 2256 2616 2310 servien
2627 2264 2812 2330 tesque
2833 2266 3137 2312 senserunt.
3163 2259 3404 2327 Quarum
3441 2257 3569 2316 dum
3595 2261 3750 2316 insao

2161 2357 2260 2399 nas
2275 2345 2706 2400 concertationes
2726 2345 3024 2417 Philippus,
3047 2347 3212 2404 veluti
3235 2350 3452 2420 specula
3471 2351 3750 2420 observat,

2161 2435 2530 2505 auxiliumque
2573 2449 2790 2508 semper
2835 2437 3179 2496 inferioribus
3219 2443 3580 2513 suggerendo,
3615 2459 3752 2500 con-

2161 2526 2448 2590 tentiones,
2489 2526 2752 2581 bellorum
2813 2527 3049 2594 fomites,
3114 2527 3339 2587 callidus
3393 2531 3502 2587 doli
3551 2532 3749 2589 artifex

2161 2617 2325 2681 fovet,
2354 2618 2526 2672 victos
2565 2616 2666 2671 sibi
2695 2617 2899 2687 pariter
2921 2618 3266 2690 victoresque
3289 2619 3537 2691 subjecit.
3578 2623 3754 2697 igitur

2161 2710 2380 2780 quantis
2405 2709 2646 2765 ai'iecerit
2669 2715 2838 2764 totam
2874 2709 3138 2766 Graeciam
3165 2710 3405 2769 miseriis
3427 2723 3479 2782 ι,
3504 2713 3750 2787 aliosque

2159 2818 2190 2858 a
2213 2803 2410 2873 quibus
2436 2819 2570 2874 pace
2605 2812 2886 2874 susceptus
2907 2801 3176 2860 hostiliter
3204 2805 3430 2871 invadit,
3453 2805 3751 2862 crudeliter

2159 2895 2367 2964 diripit,
2399 2895 2656 2966 omnique
2684 2895 2962 2951 societatis
2989 2895 3322 2951 conscientia
3367 2898 3588 2967 penitus
3620 2901 3750 2955 abo-

2161 2985 2273 3049 lita,
2304 2973 2560 3056 coniuges
2589 2986 2897 3056 liberosque
2933 2985 3176 3041 omnium
3204 2987 3306 3040 sub
3327 2999 3532 3042 corona
3557 2988 3748 3043 vendi-

2161 3075 2260 3142 dit,
2297 3076 2602 3146 tempiaqne
2638 3075 2891 3132 universa
2937 3076 3222 3132 subvertit.
3246 3077 3376 3133 Post
3401 3078 3518 3134 hac
3539 3079 3593 3134 in
3611 3077 3750 3152 Cap-

2163 3167 2446 3238 padociam
2470 3167 2705 3231 transiit,
2733 3167 2913 3237 ibique
2932 3165 3130 3222 bellum
3153 3167 3268 3238 pari
3292 3169 3520 3240 perfidia
3545 3171 3742 3242 gessit:

2160 3267 2347 3328 captos
2372 3273 2472 3329 per
2507 3251 2686 3313 dolum
2727 3255 2984 3314 finitimos
3006 3271 3162 3328 reges
3203 3259 3498 3326 interfecit,
3551 3269 3746 3318 totam-

2159 3363 2265 3420 que
2293 3349 2689 3420 Cappadociam
2723 3361 2822 3403 suo
2871 3349 3100 3419 imperio
3136 3349 3395 3406 subdidit.
3442 3349 3574 3407 inde
3624 3363 3746 3425 post

2159 3442 2355 3505 caules,
2409 3439 2678 3504 incendia,
2711 3455 2777 3496 ac
2804 3441 3186 3511 prmdationes,
3233 3455 3369 3511 quas
3395 3452 3640 3514 gesserat
3689 3445 3744 3499 in

2158 3535 2388 3591 urbibus
2437 3535 2622 3600 sociis,
2676 3535 2746 3589 ad
2799 3533 3087 3606 parricidia
3145 3547 3466 3600 conversus,
3525 3534 3743 3599 fratres,

2157 3643 2294 3699 quos
2323 3629 2632 3684 cohmredes
2653 3627 2804 3700 regni
2829 3629 3134 3694 verebatur,
3163 3626 3457 3693 interiecit,
3482 3625 3746 3698 supplicio

2159 3735 2224 3775 ac
2247 3720 2368 3776 neci
2419 3720 2582 3775 dedit.
2615 3721 2742 3776 inde
2769 3721 3009 3776 omnium
3047 3717 3214 3775 urbes
3251 3718 3494 3789 “neque
3523 3718 3747 3790 popula-

2157 3819 2266 3877 tus,
2296 3820 2518 3867 eruenta
2541 3808 2829 3884 praesentia
2859 3811 3054 3876 effecit,
3085 3819 3144 3866 ut
3171 3813 3334 3866 etiam
3362 3812 3565 3866 absens
3592 3813 3744 3866 time-

2157 3911 2330 3959 retur.
2358 3904 2525 3974 igitur
2551 3901 2686 3958 alios
2706 3903 2952 3974 populos,
2975 3902 3195 3957 sedibus
3220 3899 3334 3957 suis
3354 3901 3596 3967 avulsos,
3625 3901 3744 3956 ﬁni-

2155 3996 2258 4050 bus
2297 3995 2532 4049 hostium
2559 3994 2800 4066 opponit,
2830 3993 2963 4048 alios
2993 3993 3045 4048 in
3081 3991 3341 4047 extremis
3366 3992 3522 4063 regni
3551 3993 3739 4053 termi-

2158 4088 2244 4142 nis
2269 4087 2457 4142 statuit
2487 4101 2500 4140 :
2536 4087 2798 4156 quosdam
2828 4083 3174 4142 temulatione
3200 4083 3420 4147 virium,
3449 4097 3518 4137 ne
3537 4083 3746 4154 possint

2158 4177 2297 4247 quod
2328 4191 2483 4248 posse
2521 4176 2833 4237 creduntur,
2883 4176 2938 4229 in
2963 4172 3335 4244 supplementa
3357 4173 3744 4228 exbattstarum

2159 4269 2374 4324 urbium
2414 4267 2626 4322 dividit.
2676 4266 2753 4322 ita
2803 4265 3253 4336 gloriosissimum
3303 4265 3440 4320 illud
3471 4265 3739 4336 quondam

2159 4361 2401 4417 ﬂorentis
2429 4359 2654 4418 Graeciae
2681 4373 2880 4428 corpus
2908 4360 2959 4413 in
2988 4357 3186 4414 multas
3208 4357 3585 4428 laceratusque
3613 4371 3738 4428 par-

2163 4456 2353 4513 ticulas
2383 4455 2652 4510 exstincta
2673 4454 2910 4524 primum
2941 4451 3207 4517 libertate,
3241 4450 3496 4507 concidit.
3518 4449 3742 4505 Praeter-

2165 4565 2227 4605 ea
2262 4563 2385 4604 cum
2443 4563 2567 4602 eum
2610 4546 2716 4603 duo
2746 4543 2941 4600 fratres
2981 4541 3228 4599 Thracia:
3285 4555 3462 4614 reges,
3501 4556 3571 4596 ex
3609 4556 3734 4596 cono

2163 4657 2324 4699 sensu
2404 4639 2852 4711 praeoptavisseut
2921 4635 3172 4700 indicem,
3231 4627 3531 4703 Philippus,
3593 4643 3741 4689 more

2163 4733 2360 4806 ingenii
2390 4735 2492 4798 sui,
2546 4732 2614 4787 ad
2635 4729 2934 4800 'judicium,
2978 4735 3233 4797 tanquam
3263 4726 3329 4780 ad
3353 4723 3573 4789 bellum,
3615 4737 3737 4778 cum

2162 4829 2428 4884 instructo
2471 4823 2715 4880 exercitu
2778 4821 3072 4892 ingressus,
3112 4817 3313 4872 inscios
3356 4815 3586 4886 juvenes
3631 4813 3738 4868 vita

2164 4929 2437 4988 regnoque
2514 4911 2765 4983 privavit.
2837 4908 2919 4964 Ad
2990 4907 3268 4979 Scythiam
3331 4917 3546 4976 quoque
3618 4918 3737 4959 cum

2157 5005 2462 5064 Alexandro
2513 5003 2621 5059 ﬁlio
2686 4999 2967 5074 praedandi
3013 4997 3313 5056 intentione
3359 4991 3736 5066 pertransiit]:

2157 5101 2553 5170 conimissoquc
2577 5096 2785 5169 prtelio,
2819 5108 2943 5150 cum
2989 5091 3208 5164 Scythae
3229 5097 3283 5144 et
3301 5101 3528 5144 numero
3554 5096 3612 5143 et
3631 5087 3738 5140 vir-

2159 5199 2271 5249 tute
2321 5194 2662 5262 praestarent,
2711 5185 2941 5256 Phiilppi
2987 5183 3178 5239 fraude
3217 5182 3528 5236 vincuntur.
3576 5177 3634 5232 in
3673 5190 3736 5231 ea

2154 5299 2334 5358 pugna
2378 5282 2569 5354 viginti
2599 5279 2765 5336 millia
2807 5289 3098 5349 puerorum
3127 5287 3195 5330 ac
3233 5271 3564 5332 feminarum
3599 5268 3736 5339 Sey.

2159 5379 2318 5433 mica:
2337 5375 2516 5446 gentis
2541 5379 2732 5442 capts;
2779 5383 3037 5441 pecorum
3081 5375 3276 5438 magna
3302 5363 3458 5434 copia
3483 5361 3733 5422 abducta,

2160 5471 2277 5524 auri
2321 5473 2484 5537 atque
2529 5466 2738 5538 argenti
2785 5462 2920 5518 nihil
2963 5470 3258 5532 repertum.
3289 5455 3508 5511 Namet
3549 5465 3616 5510 ea
3651 5467 3737 5507 res

2158 5561 2336 5634 primo
2379 5559 2537 5614 iidem
2588 5557 2782 5628 inopiae
2827 5551 3098 5627 Scythica
3137 5549 3301 5610 dedit.
3337 5547 3540 5619 Viginti
3570 5545 3734 5600 millia

2155 5653 2417 5712 nobilium
2441 5659 2705 5724 equarum
2731 5647 3048 5705 suiiiciendo
3069 5643 3256 5720 generi
3283 5641 3342 5698 in
3365 5637 3738 5702 laudantem
