4008 6480
279 364 431 433 1017·

1322 392 1327 397 ·
1379 361 1791 423 ΕΒΒΟΝΟΟΜ
1817 388 1888 409 -κ-
1918 361 2141 421 'llOMlJ
2172 362 2306 423 “LIB.
2330 361 2428 419 μιν.
2468 402 2475 409 ς
2514 384 2523 409 ι

3388 357 3543 427 1018.-

274 482 377 571 pér
401 492 667 550 somnium
703 486 1016 546 ostenderat
1048 473 1477 558 indignationem
1513 497 1676 554 posse
1712 481 1854 552 regis
1877 484 1935 547 Α
1952 489 2231 551 μηιιιθμ
2260 494 2523 551 persuasu
2571 494 2794 537 suorum
2838 477 3030 551 iugere
3066 478 3395 557 compulsus
3420 493 3529 555 est.

277 586 534 656 eﬁ‘ugere.
587 579 894 636 Alexander
926 586 1107 633 autem
1150 576 1307 632 solus
1343 575 1477 629 adiit
1496 615 1512 641 ,
1560 582 1619 630 et
1638 588 1856 631 nomen

278 673 547 744 Dei-quod
578 672 635 726 in
666 682 834 725 aurea
860 666 1062 722 lamina
1088 676 1207 722 erat
1241 667 1553 736 scripturn,-
1578 666 1871 733 adoravit,.

277 758 688 836 principemque
741 761 1083 815 sacerdotum
1134 757 1349 829 primus
1408 764 1699 813 veneratus
1754 763 1867 815 est..

280 856 544 914 Omnibus
569 867 703 909 vero
722 850 927 907 Iudaeis
944 863 1055 911 una
1079 862 1212 903 voce
1233 846 1863 903 Alexandrmsalutam

284 950 455 1011 tibus,
493 954 547 1002 et
573 943 1061 1001 circumstantibus
1084 934 1317 1012 regibus
1328 938 1502 1010 Syriae
1530 948 1587 994 et
1606 939 1860 1008 .reliquis,

283 1042 387 1097 hoc
411 1039 704 1094 facientem
730 1042 1063 1104 stupuerunt
1093 1030 1883 1101 corruptamquengismenm

285 1143 394 1188 tem
420 1136 767 1203 putaverunt.
804 1126 1125 1185 Parmenius
1150 1138 1283 1179 vero
1308 1114 1455 1178 solus
1482 1136 1609 1179 eum
1633 1122 1879 1177 interro—7

284 1224 431 1295 gavit
466 1222 688 1276 dicens:
727 1217 840 1292 Cur
874 1230 997 1271 eum
1024 1215 1285 1270 omnibus
1314 1213 1699 1278 adurentibus,
1747 1213 1864 1283 ipse

284 1317 567 1369 adorasset
593 1311 892 1382 principem
923 1308 1269 1364 sacerdotum
1298 1307 1476 1377 gentis
1498 1305 1720 1361 Judaaaa.
1764 1303 1864 1361 Cui

286 1408 406 1472 ille,
447 1405 565 1460 Non
592 1405 770 1468 hunc,
812 1402 1019 1472 inquit,
1065 1399 1318 1464 adoravi,
1363 1399 1458 1454 sed
1498 1398 1668 1452 Deum
1709 1397 1865 1466 cujus

283 1501 591 1573 principatu
615 1496 907 1554 sacerdotii
934 1495 1148 1550 iunctus
1172 1502 1281 1550 est.
1306 1492 1443 1548 Nam
1467 1506 1567 1563 per
1593 1491 1864 1547 somnium

286 1595 339 1648 in
388 1591 694 1661 huiusmodi
727 1603 853 1644 eum
892 1587 1081 1643 habitu
1121 1585 1411 1655 conspexi,
1462 1582 1731 1637 adhuc‘in
1766 1580 1867 1637 Dio

285 1684 508 1739 civitate
531 1681 858 1737 Macedoniae
884 1679 1231 1735 constitutus.
1263 1676 1513 1745 Dumque
1535 1688 1748 1730 mecum
1773 1687 1866 1730 co-

286 1777 545 1847 gitassem
593 1788 664 1828 an
707 1784 925 1842 possem
954 1770 1141 1824 Asiam
1170 1768 1431 1832 vincere,
1482 1764 1730 1821 incitavit
1779 1777 1867 1819 me

1961 572 2074 628 Hoc
2097 573 2285 643 praelio
2317 572 2460 627 Asiae
2481 572 2625 627 vires
2661 578 2716 626 et
2750 586 2914 642 regna
2942 571 3330 640 conciderunt,
3362 581 3532 631 totus-

1960 674 2065 736 que
2091 663 2284 720 Oriens
2314 665 2368 718 in
2393 672 2717 734 potestatem
2747 663 3075 731 Macedonici
3102 666 3265 721 cessit
3295 666 3529 737 imperii,

1962 761 2123 823 atque
2148 753 2222 809 ita
2251 753 2437 809 attrita
2464 763 2550 811 est
2586 754 2645 813 in
2690 755 2795 812 hoc
2837 754 2977 811 bello
3024 752 3313 812 Persarum
3354 756 3543 815 omnis.

1961 847 2155 903 ﬁducia
2172 866 2197 911 ,'
2224 850 2284 901 ut
2309 857 2433 918 post
2464 849 2567 903 hoc
2596 848 3072 904 nullus‘rebcllare
3098 862 3265 904 ausus
3284 850 3381 906 sit.-
3428 850 3534 905 Pa-

1960 940 2263 1010 tienterque
2287 937 2465 999 Persae
2482 944 2616 1010 post
2642 938 2926 1010 imperium
2953 949 3034 997 tot
3058 926 3321 998 annorum
3345 941 3533 1015 iugum

1962 1032 2241 1091 servitutis
2276 1042 2621 1105 acceperunt.
2681 1034 2989 1093 Alexander
3035 1037 3257 1107 triginta
3302 1046 3536 1108 quatuor

1963 1128 2236 1184 continuis
2284 1127 2472 1182 diebus
2526 1136 2829 1183 castrorum
2889 1129 3127 1200 praedam
3183 1132 3533 1201 percensuit;

1963 1217 2321 1290 Persepolim,
2347 1229 2511 1288 caput
2530 1217 2741 1277 Persici
2771 1221 2946 1291 regni,
2976 1218 3211 1294 [urbem]
3240 1220 3539 1281 famosissi-

1964 1326 2111 1369 mam
2136 1318 2193 1369 et
2220 1308 2679 1366 confertissimam
2704 1311 2896 1381 opibus
2926 1313 3092 1369 totius
3118 1313 3289 1381 orbis,
3318 1314 3535 1370 invasit.

1965 1399 2192 1463 Darium
2216 1416 2367 1466 vero,
2414 1416 2539 1458 cum
2575 1417 2607 1457 a
2634 1403 2952 1474 propinquis
2979 1406 3093 1463 suis
3120 1407 3369 1467 vinctum.
3393 1423 3540 1465 com-

1964 1490 2189 1561 pedibus
2219 1491 2401 1549 aureis
2429 1492 2604 1559 teneri
2632 1494 3001 1564 comperisset,
3040 1497 3291 1566 persequi
3328 1499 3538 1555 statuit.

1963 1578 2153 1651 Itaque
2179 1582 2335 1653 jusso
2367 1590 2427 1636 ut
2459 1581 2884 1652 subsequeretur
2911 1586 3216 1654 exercitus,
3263 1586 3379 1658 ipse
3419 1568 3544 1645 cum

1966 1688 2063 1731 sex
2091 1673 2329 1733 millibus
2357 1674 2600 1744 equitum
2626 1674 2901 1745 profectus
2926 1717 2942 1743 ,
2998 1678 3205 1735 invenit
3249 1678 3302 1733 in
3348 1680 3559 1755 itinere

1969 1764 2139 1821 solum
2162 1764 2410 1823 relictum
2430 1765 2614 1825 multis
2634 1766 2943 1824 confossum
2965 1769 3277 1827 vulneribus
3298 1771 3541 1837 Darium,

287 1840 631 1937 nequaquam
658 1840 951 1934 negligere,
979 1858 1425 1916 sedconﬁtenter
1446 1856 1699 1912 transire.
1730 1854 1867 1911 Nam
1893 1840 2209 1927 Rextrema
2234 1856 2361 1912 vita:
2386 1872 2482 1926 per
2504 1857 2729 1914 vulnera
2756 1858 3045 1915 efﬂantem.
3089 1859 3243 1917 Hunc
3270 1846 3557 1921 mortuum

290 1976 348 2017 se
371 1959 759 2030 perducturum
795 1968 974 2010 meum
1003 1952 1216 2009 dicebat
1245 1950 1564 2014 exercitum,
1594 1954 1652 2003 et
1673 1947 1868 2002 Persa.

288 2066 408 2107 rum
432 2048 757 2104 traditurum
782 2047 1081 2118 potentiam
1106 2065 1118 2099 :
1148 2046 1378 2113 ideoque
1402 2042 1674 2098 neminem
1702 2040 1869 2097 alium

290 2142 345 2196 in
376 2140 468 2195 tali
497 2139 635 2195 stola
662 2139 856 2194 videns
883 2152 1006 2193 cum
1036 2137 1183 2191 hunc
1206 2133 1712 2189 animadvertissem
1730 2172 1745 2195 ,
1773 2132 1872 2186 ha-

290 2234 426 2288 bens
454 2232 682 2287 visionis
729 2238 785 2285 et
833 2229 1171 2299 probationis
1199 2234 1480 2285 nocturnae
1518 2225 1868 2291 memoriam,

291 2325 550 2391 salutavi;
584 2323 779 2381 exinde
815 2322 1054 2378 arbitror
1080 2336 1168 2376 me
1205 2320 1389 2376 divino
1419 2318 1701 2390 juvamine
1728 2317 1872 2373 dele-

292 2426 461 2484 ctum,
492 2418 818 2487 Duriumque
838 2416 1057 2478 vicisse,
1091 2415 1457 2483 virtutemque
1485 2412 1712 2469 solvisse
1743 2411 1873 2467 Per-

292 2524 496 2565 sarum.
532 2507 796 2563 Praeterea
823 2515 881 2561 et
902 2507 1084 2562 omnia
1109 2521 1229 2576 quae
1252 2516 1375 2561 meo
1399 2506 1563 2561 corde
1587 2513 1875 2577 sperantur

294 2608 623 2672 proventura
666 2599 900 2655 conﬁdo.
933 2598 1228 2670 Postquam
1262 2597 1620 2655 Parmenioni
1660 2598 1877 2656 locutus

294 2700 400 2757 est,
429 2691 730 2761 principem
760 2690 1101 2746 sacerdotum
1131 2692 1428 2754 honoraris,
1462 2690 1877 2746 accurrentihus

297 2783 522 2854 reliquis
547 2782 918 2839 sacerdotibus
939 2824 953 2848 ,
1004 2783 1072 2837 ad
1099 2782 1378 2837 civitatem
1409 2795 1589 2850 usque:
1606 2779 1873 2851 pervenit.

296 2874 379 2929 Ad
410 2873 668 2944 templum
688 2872 994 2928 ascendens
1038 2870 1366 2926 sacriﬁcavit
1392 2869 1538 2935 Deo,
1578 2869 1876 2925 secundum

298 2967 593 3022 sacerdotis
620 2966 1025 3021 ostensionem:
1062 2965 1165 3034 ipsi
1199 2971 1383 3019 autem
1414 2962 1649 3033 principi
1688 2977 1875 3018 sacer-

297 3060 483 3114 domm
526 3065 582 3112 et
621 3058 842 3127 reliquis
881 3056 1261 3112 sacerdotibus;
1293 3055 1674 3117 muniﬁcenter.
1703 3055 1876 3110 multa

298 3149 536 3204 donavit.
583 3147 777 3204 Oblato
804 3162 938 3202 vero
974 3146 1023 3201 ei
1051 3146 1326 3201 volumine
1351 3144 1620 3209 Danie‘lis,
1650 3145 1729 3199 in:
1766 3159 1876 3214 quo

298 3241 560 3311 scriptum
588 3248 705 3294 erat
734 3240 1020 3310 quemdam
1049 3237 1359 3294 Gneoorum
1388 3237 1721 3306 perditurum
1742 3237 1877 3292 Per-a

298 3351 480 3391 sarum
525 3335 821 3405 potentiam
845 3375 861 3400 ,
913 3332 1209 3388 arbitratus
1252 3331 1493 3402 seipsum
1546 3345 1666 3387 esse
1712 3319 1877 3401 quem

297 3429 580 3497 Scriptura
608 3426 968 3499 signiﬁcabat,
999 3438 1307 3482 convocans
1330 3422 1568 3491 Judteos,
1589 3423 1752 3493 jussit
1777 3437 1874 3494 pe-

294 3529 415 3575 tere
444 3533 576 3589 quas
599 3517 796 3573 vellent
829 3519 1075 3588 accipere
1098 3517 1433 3572 donationes.
1474 3512 1724 3586 Principe
1744 3529 1878 3587 ergo

293 3618 516 3682 petente
542 3618 602 3665 ut
627 3610 1151 3681 liceret'patriisr'uti
1186 3610 1395 3680 legibus
1417 3648 1430 3674 ,
1480 3617 1538 3663 et
1580 3609 1876 3678 septimm

296 3694 639 3759 annum'sine
660 3704 876 3758 tributis
895 3696 1339 3767 essemandaret,
1369 3699 1552 3755 omnia
1583 3700 1881 3756 concessit.-

294 3793 425 3849 lnde
462 3794 527 3847 ad
570 3791 703 3847 alias
732 3793 895 3847 urbes
929 3790 1234 3861 profectus,
1279 3790 1481 3861 Tyrum
1510 3790 1701 3845 urbem
1726 3789 1875 3845 anti-

296 3884 615 3954 quissimam
648 3892 703 3940 et
738 3882 1173 3939 ﬂorentissimam
1195 3923 1209 3948 ,
1254 3880 1451 3937 ﬁducia
1471 3879 1875 3952 Carthaginem

297 3975 447 4030 sium'
464 3975 564 4029 sibi
584 3982 936 4046 cognatorum
957 3974 1333 4039 obsistentem;
1348 3970 1629 4044 oppesssir
1638 3981 1691 4027 et
1704 3973 1871 4045 cepit.

296 4064 436 4118 Exin
460 4062 710 4135 Syriam,
752 4064 1002 4119 Rhodum
1041 4073 1203 4133 atque
1237 4063 1581 4136 Egyptum,»
1608 4066 1875 4135 pertinaci

300 4154 487 4209 furore
506 4156 789 4226 “pervadit.
840 4154 970 4211 inde
998 4157 1067 4211 ad
1098 4155 1357 4225 templum
1384 4152 1877 4213 Jovis-Harbmonis

295 4249 504 4319 pergit,
549 4246 610 4303 ut
642 4249 925 4304 mendacio
948 4242 1029 4303 ad
1056 4258 1273 4318 tempus
1294 4247 1617 4317 composito,
1646 4247 1877 4316 ignomi.

298 4341 445 4394 niam
472 4339 574 4394 sibi
600 4341 771 4411 patris
796 4340 990 4395 incerti
1018 4349 1076 4394 et
1103 4339 1379 4395 infamiam
1403 4339 1876 4394 a‘tiultertezmatris

298 4429 562 4486 aboleret.
610 4429 742 4484 Nam
780 4432 1111 4486 accersitum
1135 4432 1203 4487 ad
1224 4436 1289 4487 ‘se
1312 4431 1425 4489 fani
1454 4428 1874 4502 ipsius‘aatisﬁ‘

296 4529 441 4584 tem,
479 4528 549 4575 ex
587 4520 800 4575 occulto
835 4516 1045 4575 monuit
1078 4520 1207 4589 quid
1240 4521 1347 4576 sibi
1384 4528 1644 4591 tanquam
1674 4536 1873 4577 consu-a

299 4604 777 4679 ienti'responderi
803 4610 966 4675 velit,
1000 4611 1142 4665 sicut
1168 4610 1413 4665 historici
1443 4626 1633 4666 eorum
1663 4611 1872 4667 dicunt.

295 4700 377 4754 ita
412 4707 593 4756 Certus
638 4700 944 4756 Alexander
990 4701 1092 4756 fuit
1138 4701 1723 4772 nobiSque~prodidit,
1777 4703 1879 4758 diis

296 4788 430 4858 ipsis
458 4788 638 4844 surdis
666 4789 935 4854 et'mutis,
960 4789 1046 4844 vel
1074 4790 1445 4858 iri-potestate
1471 4805 1595 4845 esse
1621 4792 1881 4847 antistitis

294 4876 428 4948 quid
452 4878 842 4949 velit‘ﬁngere;
880 4880 965 4934 vel
986 4881 1047 4935 in
1068 4878 1722 4945 voluntateconSulentis,
1748 4883 1878 4951 quid

294 4968 453 5022 malit
492 4969 696 5023 audire.
754 4970 1052 5026 Revertens
1084 4970 1177 5025 'ab-
1208 4968 1511 5026 Hammone
1548 4972 1615 5025 ad
1655 4974 1880 5028 tertium

296 5058 498 5112 bellum
523 5057 824 5124 Persicum,
853 5060 1233 5116 Alexandriam
1260 5060 1313 5114 in
1345 5060 1587 5132 [Egypto
1604 5062 1876 5123 condidit.

298 5150 664 5217 Darius-vero;
686 5162 787 5223 spe
807 5152 959 5221 pacis
987 5152 1616 5221 amissarquadringintn
1644 5160 1883 5223 quatuor

294 5241 466 5295 millia
495 5234 735 5312 peditum
754 5283 768 5307 ,
800 5252 855 5301 et
886 5243 1304 5299 centum'millia
1328 5244 1611 5312 equitum,
1643 5245 1883 5302 Alexam-

296 5330 417 5397 dt‘o,
468 5330 543 5386 ab
585 5331 823 5404 Egypto
850 5334 1196 5399 revertenti,-
1233 5334 1393 5403 aapud
1429 5333 1699 5391 Tharsum
1731 5335 1881 5395 bello

294 5423 543 5492 opponit.
596 5423 949 5494 Necpugme
977 5440 1163 5491 moras,
1209 5434 1400 5481 omnes
1438 5441 1579 5482 caeca
1620 5428 1791 5497 rabie.
1816 5429 1877 5491 in

296 5514 506 5569 ferrum
532 5525 714 5571 ruunt.
764 5514 1082 5573 Macedones
1108 5519 1272 5579 toties
1300 5531 1421 5573 sese
1438 5519 1603 5574 victis
1628 5521 1879 5577 hostibus

298 5612 574 5668 auithosi:
626 5612 808 5668 Persm
850 5613 975 5668 nisi
1003 5613 1453 5680 vincam,-'mori
1486 5624 1874 5686 praeoptantes.

300 5701 448 5759 Raro
491 5705 548 5759 in
592 5705 703 5762 ullo
732 5707 919 5777 praelio
962 5714 1171 5762 tantum
1200 5708 1497 5778 sanguinis
1541 5707 1737 5764 fusum.
1764 5717 1873 5765 est.

288 5795 638 5857 Sed“Darius
658 5808 799 5857 eum
828 5800 970 5858 vinci
1011 5812 1141 5857 suos
1163 5800 1431 5869 videret,“
1453 5802 1691 5859 mori-in
1710 5848 1711 5851 η
1729 5800 1870 5859 bello

1900 4553 1955 4639 li

1967 1949 2116 2005 inani
2146 1950 2519 2006 misericordia
2551 1949 2747 2007 referri
2780 1952 2834 2007 in
2864 1953 3113 2023 sepulcra
3151 1954 3419 2027 majorum
3461 1971 3559 2011 se-.

1966 2042 2231 2112 pelirique
2268 2042 2564 2113 praecepit:
2615 2041 2768 2111 cujus
2808 2060 2918 2101 non
2962 2044 3138 2099 dicam
3186 2053 3416 2100 matrem
3459 2045 3547 2100 vel

1967 2132 2338 2198 uxorem,sed
2366 2133 2529 2191 etiam
2557 2133 2811 2203 parvulas
2842 2133 2982 2189 ﬁlias
3004 2135 3208 2191 crudeli
3235 2135 3550 2207 captivitate

1971 2225 2254 2282 retinebat.
2291 2224 2352 2279 in
2374 2234 2527 2282 tanta
2553 2227 2820 2282 malorum
2847 2227 3211 2297 multitudine,
3236 2228 3549 2289 diﬁicillima

1971 2315 2130 2371 dictis
2164 2315 2349 2381 ﬁdes,
2374 2316 2546 2372 tribus
2586 2317 2789 2390 praeliis
2827 2319 3158 2391 totidemque
3203 2321 3363 2376 annis
3389 2322 3549 2391 quin-

1971 2407 2126 2478 quies
2152 2406 2335 2465 decies
2361 2418 2586 2466 centena
2626 2409 2795 2465 millia
2835 2412 3075 2481 equitum
3104 2422 3453 2485 consumpta,
3496 2420 3557 2468 et

1973 2500 2090 2558 haec
2117 2502 2335 2571 quidem
2369 2517 2437 2558 ex
2477 2516 2544 2558 eo
2571 2517 2740 2571 regno
2780 2502 2991 2574 illisque
3018 2503 3229 2574 populis
3256 2504 3398 2559 unde
3436 2504 3551 2576 jam

1975 2601 2101 2647 ante
2131 2608 2303 2648 annos
2335 2609 2444 2649 non
2482 2593 2652 2648 multo
2686 2593 2868 2664 plures
2895 2592 3080 2650 decies
3108 2595 3297 2650 novies
3325 2604 3551 2650 centena

1974 2684 2145 2741 millia
2188 2682 2471 2755 proﬂigata
2508 2684 2857 2740 referuntur:
2895 2700 3208 2755 quanquam
3249 2694 3406 2742 extra
3452 2686 3553 2742 has

1976 2776 2155 2834 clades
2176 2816 2190 2841 ,
2240 2791 2337 2846 per
2362 2776 2583 2833 eosdem
2618 2784 2729 2832 tres
2754 2791 2925 2832 annos
2949 2817 2964 2842 ,
3016 2785 3072 2831 et
3118 2777 3261 2835 Asiae
3306 2779 3553 2839 civitates

1973 2865 2219 2937 plurimae
2246 2847 2519 2937 oppressae
2548 2866 2676 2931 sint,
2706 2875 2764 2921 et
2790 2864 2948 2938 Syria
2976 2874 3090 2923 tota
3113 2876 3348 2935 vastata,
3378 2869 3553 2941 Tyrus

1976 2956 2179 3022 excisa,
2207 2954 2394 3012 Cilicia
2424 2957 2720 3021 exinanita,
2746 2955 3087 3029 Cappadocia
3114 2960 3356 3027 subacta,
3386 2958 3553 3032 {Egy-

1974 3051 2099 3114 ptus
2124 3043 2335 3099 addicta
2361 3045 2460 3113 sit;
2495 3044 2717 3100 Rhodus
2742 3060 2956 3115 quoque
2981 3046 3159 3102 insula
3184 3047 3326 3102 ultro
3352 3048 3418 3102 ad
3441 3064 3554 3107 ser-

1975 3132 2202 3189 vitutem
2250 3133 2568 3188 tremefacta
2616 3135 2971 3204 successerit;
3022 3136 3375 3219 plurimaeque
3420 3120 3557 3195 sub"

1900 3202 2129 3294 Gjectae
2156 3224 2334 3282 Tauro
2359 3227 2668 3296 provinciae,
2700 3235 2860 3298 atque
2888 3202 3004 3299 ipse
3022 3202 3188 3286 mons
3219 3202 3431 3288 Taurus
3462 3233 3554 3288 diu

1975 3320 2330 3381 detrectatum
2357 3318 2548 3390 iugum
2575 3320 2810 3377 domitus
2853 3329 2908 3376 et
2944 3322 3121 3397 victus
3148 3323 3437 3394 acceperit.
3488 3324 3555 3379 Et

1973 3424 2043 3467 ne
2082 3407 2227 3465 forte
2275 3418 2408 3465 tunc
2459 3408 2593 3486 [Al.,
2620 3410 2790 3485 nunc]
2836 3413 3125 3491 quisquam
3173 3415 3424 3493 opinetur
3470 3415 3556 3471 vel

1974 3498 2251 3563 Orientem
2281 3500 2457 3559 solum
2477 3502 2769 3562 Alexandri
2790 3504 2997 3560 viribus
3022 3503 3325 3573 subactum,
3348 3507 3432 3562 vel
3452 3506 3555 3581 ita-

1974 3594 2104 3663 liam
2148 3596 2521 3653 tantummodo
2566 3596 2813 3663 Romana
2842 3598 3215 3668 inquietudine
3238 3600 3552 3675 fatigatam,

1974 3694 2104 3743 tunc
2129 3686 2291 3755 etiam
2328 3685 2527 3743 bellum
2559 3686 2813 3758 Hagidis,
2858 3687 3249 3765 Spartanorum
3278 3689 3456 3762 regis,
3500 3691 3556 3759 iu

1974 3775 2210 3841 Graecia;
2248 3775 2562 3841 Alexandri,
2593 3777 2733 3851 regis
2762 3766 2933 3848 Epiri,
2960 3777 3015 3832 in
3039 3777 3308 3844 Lucania;
3342 3778 3556 3853 Zephy-

1975 3864 2146 3921 rionis
2182 3865 2424 3934 praefecti
2453 3864 2509 3925 in
2539 3864 2759 3936 Scythia
2801 3866 3111 3937 gerebatur.
3158 3865 3397 3933 Quorum
3426 3862 3557 3941 Agis

1977 3956 2438 4027 Lacedaemonius,
2455 3957 2687 4019 excitata
2708 3957 3075 4017 errebellante
3098 3972 3280 4013 secum
3304 3942 3556 4039 universa

1975 4048 2201 4121 Graecia,
2225 4048 2346 4127 cum
2367 4050 2670 4122 Antipatre,
2687 4050 2999 4115 fortissimis
3023 4052 3190 4122 copiis
3210 4067 3554 4131 congressus,

1976 4140 2119 4196 inter
2145 4156 2370 4215 magnas
2396 4150 2753 4211 utrorumque
2778 4151 2987 4213 strages
3016 4151 3071 4198 et
3098 4141 3213 4214 ipse
3241 4134 3551 4213 procubuit.

1977 4232 2287 4291 Alexander
2305 4240 2485 4293 autem
2513 4232 2570 4289 in
2595 4232 2748 4307 Italia
2777 4232 3035 4290 aﬁ‘ectans
3059 4231 3379 4303 Occidentis;
3398 4216 3560 4309 impe;

1978 4323 2139 4388 rium,
2160 4322 2420 4379 aemulans
2441 4323 2805 4379 Alexandrum
2829 4310 3095 4394 Magnum,
3119 4333 3243 4395 post
3267 4340 3555 4380 numerosa

1978 4423 2033 4470 et
2060 4416 2242 4486 gravia
2272 4415 2411 4471 bella
2440 4416 2643 4472 ibidem
2678 4422 2829 4489 gesta
2873 4432 2906 4471 a
2946 4415 3148 4472 Brutiis
3184 4417 3557 4487 Lucretiisque

1979 4504 2364 4579 [L‘uc’arﬁsque]
2389 4516 2679 4578 superatus
2714 4516 2835 4574 est,
2878 4510 3186 4579 corpusque
3226 4507 3342 4577 ejus
3368 4508 3440 4563 ad
3469 4516 3557 4565 se;

1980 4597 2250 4668 pulturam
2293 4588 2611 4665 venditum“,
2655 4605 2717 4653 ut
2755 4612 2917 4669 supra
2952 4594 3194 4657 memini.
3249 4594 3559 4669 Zophyrion

1979 4703 2108 4744 vero
2159 4686 2449 4762 praefectus
2505 4689 2701 4754 Ponti,
2760 4692 2996 4747 adunato
3024 4672 3273 4761 “triginta
3325 4688 3556 4747 millium

1980 4778 2241 4843 exercitu,
2270 4778 2491 4850 Scythis
2514 4779 2721 4835 bellum
2742 4781 2944 4837 inferre
2974 4796 3158 4845 ausus,
3202 4790 3259 4835 et
3290 4790 3467 4850 usque;
3490 4783 3559 4838 ad

1982 4869 2402 4926 internecionem
2432 4862 2637 4937 caesus,
2682 4870 2920 4927 ﬂinditus
2958 4884 3080 4926 cum
3108 4870 3358 4926 omnibus
3388 4872 3558 4942 copiis

1981 4962 2095 5019 suis
2126 4962 2351 5021 abrasus
2378 4970 2479 5018 est.
2528 4952 2722 5020 Occiso
2746 4978 2982 5033 namque
3010 4961 3193 5030 Dario,
3240 4970 3301 5019 ut
3343 4964 3559 5033 praemi-

1981 5056 2171 5123 simus,
2198 5056 2484 5112 Persarum
2514 5073 2739 5129 regnum
2771 5056 3027 5113 concidit.
3066 5056 3553 5113 Alexandrinorum

1978 5155 2162 5209 autem
2180 5148 2449 5217 nascitur,
2482 5148 2627 5219 quod
2654 5162 2878 5218 regnum
2910 5154 2993 5201 est
3022 5145 3263 5225 Egypti.
3314 5147 3555 5219 Alexan-

1982 5241 2079 5294 der
2125 5238 2344 5299 Macedo
2395 5240 2551 5295 annis
2604 5239 2858 5309 quinque.
2917 5237 3085 5309 Hujus
3130 5238 3275 5295 enim
3321 5241 3557 5313 quinque

1972 5330 2117 5397 ,auni.
2146 5331 2418 5402 postremi
2474 5331 2527 5385 in
2583 5330 2772 5387 ordine
2815 5339 3170 5385 numerantur
3207 5331 3402 5400 quibus
3442 5348 3556 5387 mo-

1982 5423 2260 5485 narchiam
2291 5421 2525 5489 obtinuit
2548 5421 2716 5478 orbis.
2773 5419 2911 5477 Nam
2953 5430 3158 5497 septem
3201 5420 3317 5490 eius
3346 5424 3556 5507 priores

1974 5515 2095 5581 sub.
2121 5529 2287 5586 regno
2322 5513 2605 5569 Persarum
2646 5520 3021 5585 supputantur.
3058 5513 3105 5568 A
3139 5515 3555 5581 resediiicatione

1981 5626 2114 5673 vero
2152 5610 2334 5679 templi
2358 5623 2549 5668 annus
2588 5608 2918 5675 centesimus
2954 5610 3312 5683 octogesimus
3347 5611 3553 5685 primus

1980 5712 2127 5762 erat.
