4008 6456
526 397 710 457 ε”ΙΟϐὄ

1588 384 1980 446 FRECULPHI
2017 384 2476 445 LEXOVIENSIS
2512 385 2820 446 EPISCOPI

3698 390 3838 453 ιω

526 503 837 569 εωιαπὸοι
861 510 1093 576 namque
1125 509 1432 560 cumvento
1466 510 1621 559 ortus
1646 519 1712 559 ex
1742 501 1970 558 adverso
1999 502 2215 564 emi-.A
2240 500 2367 556 dam
2405 499 2495 557 die
2539 499 2678 555 festo
2715 500 3023 557 concitatur
3049 499 3104 557 in
3131 514 3261 559 eum
3286 501 3538 575 populus.
3586 502 3841 578 Nam

532 598 681 663 suit,-
711 599 875 653 vlsus.
902 596 1245 651 inimicorum
1272 595 1461 665 pulvis
1490 595 1755 665 opplevit,
1793 602 1849 649 et
1878 594 2132 664 splendor

550 687 844 747 hebetavit.
881 685 969 741 Ita
989 685 1195 741 factum
1220 694 1306 741 est
1326 694 1384 740 ut
1424 695 1575 741 tanta
1603 703 1669 741 ac
1699 686 1959 741 terribilis
1988 686 2130 739 mul-

522 776 726 831 utitudo
738 776 1366 832 minima-Romanomm
1394 776 1571 842 clade,
1598 792 1695 833 sua
1723 786 1904 831 autem
1944 775 2131 831 ultima

550 867 916 925 internecione
942 866 1280 925 ‘caederetur.
1312 868 1549 925 Centum
1576 869 1945 939 quadraginta.
1964 866 2131 922 millia

522 964 733 1025 deorum
761 969 889 1017 nunc
911 961 967 1016 iu
988 960 1130 1018 bello
1153 977 1311 1029 «sese,
1340 961 1637 1034 sexaginta.
1650 960 1820 1015 millia
1848 967 2004 1029 capta
2038 974 2130 1015 re-

544 1049 1103 1108 feruntur..Mulieres
1136 1060 1331 1108 autem
1349 1067 1539 1108 eorum
1564 1065 1666 1121 per
1701 1050 1872 1105 multa
1902 1050 2134 1105 misera-

532 1140 673 1198 bilia
694 1143 1116 1215 mortisgenera
1153 1158 1272 1199 sese
1302 1158 1427 1199 cum
1467 1143 1708 1214 parvulis
1734 1144 1847 1199 suis
1883 1143 2005 1198 neci
2036 1143 2133 1199 de-

518 1233 771 1293 derunt:
801 1235 881 1290 Ita
919 1234 973 1290 in
1021 1235 1119 1290 his
1141 1236 1351 1291 duobus
1392 1236 1598 1306 praeliis
1625 1243 1870 1291 trecenta
1905 1234 2134 1304 quadra-

540 1323 695 1395 ginta
712 1324 888 1380 millia
902 1336 1206 1397 perempta,
1230 1336 1375 1394 sunt,
1402 1327 1607 1398 absque
1636 1328 1921 1383 innumera
1943 1327 2144 1382 mulie-

534 1429 668 1469 rum
686 1414 1057 1483 lmultitudine,
1092 1432 1215 1488 quae
1254 1433 1316 1473 se
1359 1433 1596 1489 suosque
1622 1418 1875 1489 parvulos
1899 1418 2134 1475 femineo

516 1503 749 1571 Mamre,
790 1506 995 1562 virtute
1016 1516 1197 1562 autem
1241 1508 1423 1575 virili,
1463 1509 1883 1565 dilaniaverunt.
1927 1510 2136 1578 Quibus

543 1596 709 1655 etiam
742 1596 933 1653 diebus
965 1596 1242 1655 Publicius
1270 1599 1548 1655 Malleolus
1592 1598 1854 1655 Romanis
1884 1598 2132 1670 incogni-

544 1696 659 1747 tum
706 1699 834 1749 ante
888 1691 1106 1749 facinus
1144 1695 1499 1765 perpetravit.
1564 1693 1846 1766 Siquidem
1900 1702 2135 1753 matrem

516 1784 1031 1853 :sumvinterfecit,
1058 1787 1233 1842 servis
1270 1788 1654 1844 adnitentibus.
1686 1790 1862 1856 Quam
1901 1790 1972 1846 ob
2005 1804 2137 1845 cau-

514 1888 661 1932 «sam
681 1874 971 1931 dmnnatus
994 1877 1298 1947 parricidii,
1323 1879 1640 1949 insutusque
1659 1880 1716 1934 in
1736 1878 1972 1946 culeum,
1993 1889 2050 1935 et
2078 1880 2135 1935 in
2161 1858 2210 1923 Β

514 1978 699 2023 imre
712 1964 992 2036 proiectus
1022 1976 1123 2024 est.
1172 1968 1250 2025 Eo
1275 1970 1494 2040 quidem
1537 1978 1785 2042 tempore
1809 1972 1865 2026 in
1896 1971 2055 2044 Syria
2083 1980 2141 2031 et

514 2056 673 2117 -Aeia
690 2056 1020 2125 Antiochus,
1047 2060 1140 2129 qui
1160 2068 1219 2115 et
1236 2060 1422 2128 Orfus,
1448 2060 1743 2132 regnabat;
1766 2061 1855 2117 cui
1878 2064 2140 2119 successit

508 2150 842 2219 :IAntioebus
866 2150 1105 2225 Crippus
1128 2195 1143 2221 ,
1198 2155 1293 2224 qui
1322 2155 1392 2210 ab
1447 2153 1713 2210 Antiocho
1739 2153 1934 2226 Cytino
1972 2170 2141 2227 regno

545 2240 751 2311 pulsus,
766 2257 833 2298 ac
844 2257 1035 2307 rursus
1054 2242 1289 2315 Crippus
1307 2243 1629 2309 Antiochus,
1649 2253 1906 2313 superato
1925 2243 2138 2316 Cytino,

516 2368 521 2371 ς
549 2336 776 2402 regnum
815 2334 1038 2404 recepit.
1068 2334 1148 2389 Ita
1187 2349 1255 2389 ex
1281 2334 1625 2393 successione
1653 2335 1939 2391 adversum
1968 2351 2028 2392 se
2055 2336 2141 2392 di-

511 2427 845 2495 rmicantes,
876 2428 1176 2500 regnabant
1198 2428 1376 2501 Syriae
1421 2438 1480 2485 et
1502 2429 1675 2485 vAsiat.
1719 2428 1928 2497 Quibus
1954 2430 2144 2486 diebus

514 2514 1079 2573 --Marcus.Terentius
1103 2516 1276 2574 Varro
1310 2519 1683 2590 philosophus,
1716 2528 1773 2573 et
1795 2518 1988 2574 Cicero
2013 2534 2144 2575 nas-

518 2610 764 2660 -euntur.
794 2606 1014 2663 Marcus
1053 2608 1252 2666 Furius
1279 2619 1460 2680 poeta,
1493 2619 1853 2682 cognomento
1886 2610 2140 2683 Babylus,

542 2698 805 2767 nascitur
819 2699 1120 2757 Cremonae.

1163 2814 1394 2872 CAPUT
1428 2815 1521 2872 XI.

516 2904 871 3021 diversis
899 2933 1096 3021 pretiis
1119 2941 1275 3021 (atque
1299 2932 1661 3021 seditionibus,
1692 2949 1786 3021 seu
1812 2932 1876 2986 de
1905 2932 2140 3021 perrigi-

514 2998 557 3025 ‘i'
586 2998 744 3070 "diis,
775 2998 1229 3076 quw'Alexande'ri
1259 3005 1517 3076 secundus
1549 3020 1641 3057 rex
1678 3013 1727 3057 et
1771 2998 2015 3076 sacerdos
2044 3002 2144 3056 Ju-

538 3086 581 3117 'H
600 3116 601 3119 η
619 3074 857 3158 datorum
887 3076 1007 3130 eum
1031 3075 1259 3130 externis
1289 3074 1591 3129 nationibus
1618 3090 1710 3128 seu
1747 3074 1964 3145 prapria
1992 3082 2141 3143 gente

510 3155 796 3216 “augeam.

508 3272 557 3299 μ.
620 3252 1015 3325 Ptliolo‘mazus,
1057 3260 1150 3329 qui
1190 3267 1248 3314 et
1270 3259 1596 3325 Alexander,
1631 3259 1789 3330 pulso
1824 3273 1993 3331 regno
2017 3258 2142 3316 Fis—

514 3358 697 3407 suone
715 3349 1070 3416 Ptholdmaio,
1111 3340 1211 3422 per
1235 3362 1467 3409 matrem
1497 3353 1841 3423 Cleopatram
1875 3363 1930 3408 et
1962 3354 2017 3408 in
2042 3351 2148 3425 Cy-

510 3436 709 3513 Hpruni
744 3443 1052 3509 secedente,
1102 3445 1350 3514 regnavit
1393 3445 1551 3501 annis
1590 3446 1799 3500 decem.
1840 3443 2148 3515 lterumque

508 3536 935 3605 51Plitolotna3us,
961 3537 1053 3608 qui
1095 3552 1125 3593 a
1160 3546 1341 3595 matre
1380 3539 1558 3596 fuerat
1592 3538 1820 3610 eiectus,
1868 3555 2149 3612 regressus

514 3628 796 3701 “Itiefuga,
849 3644 1076 3702 regnum
1121 3632 1383 3697 obtinuit,
1421 3640 1475 3689 et
1514 3634 1763 3705 regnavit
1798 3634 1955 3688 annis
2001 3641 2146 3701 octo,

512 3711 808 3795 Miloniana
836 3724 1224 3791 Alexandrum,
1249 3725 1344 3796 qui
1369 3734 1495 3780 ante
1516 3738 1639 3779 eum
1659 3723 1859 3791 fuerat,
1889 3723 1960 3779 ob
1981 3725 2149 3778 inter-

512 3804 839 3872 “llectionem
866 3822 1025 3871 natos
1059 3815 1204 3872 cives
1251 3816 1595 3887 pepulerant.
1641 3816 1688 3870 Α
1731 3814 2151 3870 reaediticatione

512 3894 685 3969 "vero
720 3912 920 3985 'tempﬁ
950 3912 1085 3968 lanni
1126 3920 1256 3968 sunt
1290 3912 1671 3984 quadringenti
1718 3911 2019 3966 duodecim.
2058 3909 2152 3965 Ju-

555 4006 794 4062 daaorum
820 4020 951 4061 vero
988 4004 1367 4075 pontiﬁcatum
1398 4012 1454 4061 et
1481 4018 1709 4076 regnum
1730 4043 1746 4069 ,
1786 4010 1847 4058 ut
1884 4000 2151 4074 praemisi-

557 4109 698 4159 mus,
743 4104 866 4164 post
893 4104 1127 4152 mortem
1155 4095 1401 4162 Joannis,
1441 4095 1786 4152 Aristobolus
1816 4101 2148 4165 susceperat.

514 4184 677 4253 aeuo
703 4186 871 4242 etiam
910 4195 1163 4253 mortuo,
1196 4195 1258 4243 ut
1282 4203 1446 4258 supra
1474 4188 1856 4253 meminimus,
1885 4186 2145 4251 Janneus,

520 4266 651 4353 7uiui
683 4283 740 4330 et
758 4274 1088 4343 Alexander,
1119 4276 1458 4353 ejus-frater,
1485 4292 1713 4347 regnum
1742 4278 1949 4348 pariter
1976 4284 2032 4332 et
2059 4292 2151 4333 sa-

522 4346 860 4419 "cerdotium
884 4346 1193 4421 Iudaeorum
1222 4349 1475 4432 obtinuit,
1508 4346 1569 4419 et
1592 4365 1646 4419 in
1689 4346 1837 4420 cives
1862 4380 1990 4421 suos
2024 4381 2151 4421 cru-

526 4455 832 4513 lttlttlissiute
856 4457 1127 4530 regnavit.
1166 4457 1305 4514 Dum
1334 4458 1477 4514 enim
1506 4456 1736 4513 vinculis
1779 4457 1974 4527 quibus
1995 4456 2152 4528 jussu

2232 590 2551 662 plerumque
2573 592 2746 661 epulae
2778 591 3074 650 seditiones
3097 595 3411 650 accendunt
3428 635 3444 661 ,
3472 610 3582 652 nec
3612 595 3843 653 videba-

2232 691 2325 738 tur
2352 684 2577 740 insidias
2602 700 2759 754 posse
2785 686 3168 756 comprimere,
3194 687 3299 744 nisi
3324 688 3657 758 peregriuos
3678 690 3847 747 babe-

2232 786 2319 833 ret
2358 779 2577 834 auxilio.
2608 780 2777 850 Igitur
2798 780 3009 836 crebris
3035 796 3158 837 cum
3187 782 3407 852 propria
3430 790 3602 854 gente
3636 783 3845 853 praliis

2212 869 2402 939 .gestis
2426 870 2675 940 superior
2702 868 2902 936 factus,
2928 885 3037 926 nou
3068 870 3253 927 minus
3278 871 3687 944 quinquaginta
3716 873 3842 929 mil-

2232 960 2375 1017 libus
2396 958 2706 1018 Iudaeorum
2732 975 2833 1031 per
2852 976 2951 1018 sex
2980 976 3155 1018 annos
3180 961 3477 1018 interfecit.
3508 960 3632 1017 Nec
3659 973 3845 1021 tamen

2234 1055 2482 1111 victoriis
2499 1054 2803 1122 laetabatur,
2829 1055 3087 1125 quoniam
3108 1056 3264 1126 regni
3288 1055 3375 1111 sui
3401 1057 3555 1111 vires
3586 1070 3848 1113 conn-

2232 1154 2440 1218 pserat,
2471 1146 2613 1202 unde
2634 1161 2760 1203 cum
2789 1145 2991 1203 ludatis
3018 1147 3321 1203 conabatur
3348 1147 3735 1204 reconciliari.
3765 1146 3843 1203 Im

2237 1244 2421 1292 autem
2448 1237 2870 1292 inconstantiam
2911 1235 3031 1307 eius
3072 1248 3397 1306 morumque
3420 1236 3764 1292 varietatem
3794 1236 3847 1292 la

2233 1338 2445 1385 tantum
2490 1330 2736 1396 oderant,
2792 1337 2855 1384 ut
2895 1317 3273 1399 perwnctanti
3326 1342 3554 1385 causam
3606 1342 3848 1398 quana-

2235 1428 2395 1492 pacto
2438 1434 2534 1476 eos
2573 1420 2764 1475 sedare
2791 1426 3005 1490 posset,
3041 1419 3283 1476 dicerent
3331 1436 3346 1472 :
3399 1417 3462 1474 Si
3502 1428 3847 1475 moreretur.

2236 1509 2371 1565 Nam
2400 1510 2494 1565 vix
2522 1509 2693 1566 etiam
2739 1517 2957 1567 mortuo
2997 1510 3220 1564 datume
3247 1508 3490 1573 veniam,
3537 1523 3651 1564 cur
3678 1507 3849 1563 multa

2235 1601 2499 1658 scelerate
2544 1600 2782 1657 fecisset.
2840 1599 3108 1671 Pugnavit
3153 1600 3320 1656 etiam
3364 1614 3497 1655 cum
3535 1598 3847 1665 Demetrio,

2236 1709 2401 1766 quem
2440 1693 2615 1751 Judaei
2651 1701 3020 1750 evocaverunt
3061 1692 3164 1749 sibi
3210 1692 3264 1747 in
3306 1691 3604 1747 auxilium.
3653 1690 3706 1745 Α
3742 1707 3851 1763 qua

2236 1789 2414 1845 victus
2438 1788 2667 1844 recessit
2690 1787 2746 1842 in
2777 1794 3010 1841 montes.
3054 1785 3343 1840 lmmutata
3365 1783 3574 1854 quippe
3598 1781 3850 1848 fortuna,

2237 1880 2343 1944 sui,
2358 1878 2451 1949 qui
2476 1893 2599 1935 eum
2616 1877 2769 1947 prius
2783 1875 3159 1940 deseruerant,
3175 1872 3555 1931 misericordia
3578 1873 3751 1938 moti,
3770 1888 3855 1929 re-

2237 1970 2543 2042 linquentes
2570 1954 3024 2033 Demetrium,'ad
3049 1966 3416 2022 Alexandrum
3434 1978 3623 2035 usque
3656 1965 3731 2021 ad
3758 1977 3855 2021 sex

2237 2062 2407 2118 millia
2454 2076 2515 2116 se
2561 2059 2925 2116 contulerunt.
2979 2057 3223 2125 Quorum
3267 2056 3475 2112 virtute
3522 2066 3763 2119 auctus,
3797 2070 3856 2112 se

2238 2152 2382 2209 bello
2403 2152 2695 2222 reparavit.
2744 2149 3052 2207 Demetrius
3078 2148 3241 2219 hujus
3265 2146 3657 2203 inclinatio-is
3682 2146 3857 2202 desti-

2239 2243 2448 2300 tutione
2473 2242 2704 2309 fractus,
2730 2256 2861 2297 mox
2905 2240 3032 2296 inde
3065 2253 3319 2310 egressus
3345 2246 3455 2304 est,
3494 2253 3619 2293 non
3667 2246 3857 2295 tamen

2240 2335 2452 2407 reliqua
2478 2333 2765 2389 multitudo
2794 2332 2865 2387 ob
2892 2331 3208 2387 abscessum
3239 2328 3570 2384 auxiliomm
3600 2326 3859 2383 simulta-

2242 2439 2326 2484 tes
2346 2426 2597 2498 deposuit
2625 2440 2641 2481 :
2672 2426 2769 2481 sed
2798 2438 2923 2479 cum
2949 2420 3260 2477 Alexandro
3290 2420 3482 2476 tandiu
3521 2417 3685 2475 bello
3722 2419 3859 2474 aﬂ-

2243 2520 2352 2576 duo
2392 2517 2710 2582 decertavit,
2754 2515 2946 2580 donec,
2994 2512 3270 2584 plerisque
3297 2509 3645 2575 interfectis,
3686 2508 3862 2565 victor

2241 2609 2550 2665 Alexander
2602 2614 2832 2663 caeteros
2875 2612 3066 2675 captos
3111 2600 3549 2672 Hierosolymam
3595 2598 3858 2654 adduxi.

2245 2702 2447 2758 Verum
2476 2700 2836 2756 immoderata
2856 2693 3305 2760 fecitiracundia,
3325 2700 3389 2747 ut
3406 2689 3729 2747 crudelitas
3751 2689 3862 2760 eius

2243 2795 2314 2851 ad
2346 2794 2683 2865 impietatem
2722 2806 2897 2863 usque
2922 2791 3244 2861 procederet
3270 2803 3285 2840 :
3311 2785 3677 2857 octingentos
3716 2783 3860 2841 enim

2242 2902 2433 2943 eorum
2455 2885 2511 2939 in
2535 2884 2711 2941 media
2732 2882 2951 2938 civitate
2970 2880 3120 2936 cruci
3140 2876 3351 2942 atIixos,
3372 2875 3648 2932 mulieres
3668 2888 3861 2930 eorum

2245 2988 2408 3049 atque
2429 2976 2571 3033 ﬁlios
2592 2976 2647 3031 in
2668 2980 2963 3044 conspectu
2988 2972 3227 3042 ipsorum
3256 2966 3492 3031 necavit,
3520 2974 3708 3037 atque
3738 2965 3860 3029 hoc,

2243 3079 2441 3145 potans
2466 3076 2523 3124 et
2547 3084 2672 3124 cum
2698 3067 2813 3123 suis
2836 3063 3155 3122 concubinis
3183 3061 3452 3117 recubans
3477 3099 3497 3126 ,
3522 3066 3860 3129 prospecta—

2246 3162 2359 3217 bat.
2387 3161 2594 3216 Tantus
2624 3166 2806 3213 autem
2831 3154 3089 3228 populum
3128 3160 3307 3208 terror
3331 3150 3556 3217 invasit,
3586 3158 3661 3204 ut
3690 3149 3858 3203 etiam

2250 3254 2478 3311 diversae
2501 3252 2677 3323 partis
2706 3247 2935 3306 studiosi
2959 3245 3208 3319 proxima
3236 3252 3395 3299 nocte
3428 3250 3653 3312 septem
3684 3240 3857 3296 milia

2248 3355 2407 3404 extra
2448 3355 2621 3404 totam
2668 3343 2911 3401 Iudaeam
2947 3340 3308 3413 profugerint.
3356 3337 3603 3405 Quorum
3655 3337 3857 3394 exsilio

2249 3455 2398 3497 mors
2420 3438 2713 3494 Alexandri
2741 3436 2864 3493 finis
2894 3433 3015 3488 fuit.
3063 3430 3198 3488 Cum
3222 3427 3489 3499 ejusmodi
3526 3426 3703 3482 factis
3732 3437 3855 3483 ta-

2251 3537 2373 3593 dem
2403 3546 2546 3605 aegre
2570 3532 2741 3588 otium
2771 3529 2925 3602 regni
2944 3526 3247 3599 qumsisset,
3265 3523 3336 3578 ab
3352 3522 3525 3577 amis
3552 3522 3853 3591 requievi.

2250 3627 2396 3699 Ergo
2422 3625 2514 3696 qui
2544 3623 2703 3678 latius
2726 3622 2844 3693 ejus
2865 3626 3020 3675 actus
3050 3616 3193 3673 scire
3220 3610 3473 3677 voluerit,
3506 3613 3746 3668 tertium
3764 3613 3853 3669 de

2254 3722 2454 3776 cimum
2482 3715 2703 3787 Josephi
2749 3714 2948 3770 librum
2981 3708 3322 3779 antiquitatis
3365 3704 3625 3762 Historia:
3672 3704 3854 3776 legere

2254 3808 2486 3865 curabit.
2528 3805 2658 3860 Belli
2705 3811 2889 3858 autem
2945 3799 3189 3870 requiem
3234 3804 3481 3852 secutum
3530 3801 3620 3849 est
3676 3794 3851 3850 morti

2250 3899 2599 3972 principium.
2635 3896 2738 3964 Qui
2762 3893 3041 3965 trigesimo
3066 3890 3299 3961 septimo
3329 3886 3482 3959 regni
3508 3901 3663 3942 anno
3690 3886 3853 3941 meri.

2254 4002 2364 4048 tur.
2399 3989 2630 4060 Coniugi
2660 4002 2772 4044 suae.
2793 3983 3119 4043 Alexandra:
3142 3980 3296 4050 regni
3329 3978 3553 4048 reliquit
3578 3978 3852 4049 gubeI-ua-

2251 4082 2394 4149 cula,
2422 4079 2639 4136 Iudaeos
2678 4079 2729 4134 ei
2762 4076 2849 4132 vel
2880 4074 3116 4131 maxime
3140 4070 3424 4127 audientes
3453 4068 3575 4123 fore
3601 4082 3720 4122 non
3756 4067 3851 4122 ds»

2254 4175 2455 4236 bitans,
2482 4172 2627 4243 quod
2653 4170 2811 4242 longe
2834 4168 2905 4223 ab
2928 4167 3049 4238 ejus
3072 4162 3391 4220 crudelitate
3420 4161 3774 4229 discrepans,
3800 4168 3853 4214 et

2255 4264 2528 4336 iniquitati
2556 4261 2818 4318 resistens
2835 4300 2853 4327 ,
2879 4255 3315 4315 benevolentiam
3344 4252 3450 4311 sibi
3480 4250 3676 4324 populi
3707 4266 3852 4310 con-

2252 4363 2520 4431 parasset,
2549 4365 2729 4424 neque
2752 4366 2878 4423 spes
2909 4365 3034 4406 eum
3058 4346 3271 4404 fefellit.

2849 4459 3078 4520 CAPUT
3112 4458 3228 4514 XII.

546 4538 1023 4620 ifratrisalligatus
1070 4547 1268 4615 fuerat,
1313 4556 1399 4605 est
1431 4548 1638 4604 solutus
1657 4590 1672 4616 ,
1707 4549 1965 4619 quoniam
1992 4558 2152 4608 aetate
2172 4574 2230 4637 D
2254 4559 2504 4638 De_betlis
2526 4556 2808 4638 socialibus
2845 4568 2972 4638 quas.

522 4638 885 4710 amajor‘erat
923 4639 1135 4695 ceteris
1164 4639 1426 4697 fratribus
1463 4642 1599 4708 suis,
1626 4648 1682 4696 et
1721 4640 1965 4696 molestia
2011 4642 2181 4711 prae;

524 4726 1030 4797 -'dtat'evidebatur,
1059 4745 1154 4786 rex
1179 4731 1385 4803 pariter
1411 4731 1713 4788 indecorum
1733 4739 1789 4787 et
1809 4731 2049 4801 pontifex
2070 4740 2154 4787 est

527 4814 891 4879 Hdeélaratus.’
904 4821 1013 4879 Sed
1039 4823 1146 4887 ille,
1158 4830 1430 4895 potestate
1449 4824 1665 4895 adepta,
1689 4823 1914 4879 fratrem
1931 4823 2149 4894 quidem

528 4911 790 4968 '1aiterum
816 4926 1046 4986 regnum
1070 4921 1418 4985 appetentem
1446 4914 1680 4981 occidit;
1713 4914 1943 4970 alterum
1969 4922 2152 4971 autem

524 5004 671 5058 .lvita
702 5010 1036 5070 contentum,
1086 5005 1282 5060 ablatis
1307 5006 1492 5071 rebus,
1521 5005 1841 5061 substantiis
1866 5005 2151 5072 nudatum,

490 5168 499 5171 _
561 5104 748 5148 secum
768 5090 985 5149 habuit.
1013 5094 1265 5150 Praeiium
1298 5096 1465 5151 etiam
1495 5110 1618 5150 cum
1647 5095 1979 5151 Ptbolomaeo
2008 5110 2158 5151 com-

530 5186 755 5253 otmittit,
785 5186 983 5243 multos
1012 5188 1229 5259 quidem
1258 5189 1495 5245 hostium
1524 5189 1775 5259 peremit,
1800 5190 1898 5244 sed
1924 5189 2156 5245 victoria

532 5278 618 5332 7in
642 5279 965 5335 ’Ptliolomtei
993 5289 1149 5351 parte
1172 5282 1500 5352 propensior
1528 5280 1647 5335 fuit.
1698 5279 1835 5335 Cum
1870 5280 2156 5336 Theodoro

534 5374 745 5427 ventem
770 5372 903 5429 ‘tilio
934 5373 1187 5430 'Zenonis
1234 5376 1430 5445 saepius
1466 5374 1775 5440 dimicavit;
1813 5379 1870 5428 et
1906 5374 2156 5444 superior

534 5461 763 5530 —t’actus,~
784 5465 853 5521 de
878 5467 1312 5536 possessionibus
1355 5467 1503 5523 illius
1531 5466 1759 5522 castella
1790 5474 1847 5521 et
1887 5465 2005 5520 loca
2034 5478 2153 5521 mu-

536 5554 683 5607 mita
718 5564 1027 5627 mo'reguo
1055 5556 1317 5626 adiunxit,
1358 5558 1611 5629 quamvis
1650 5572 1681 5612 a
1727 5556 2012 5612 Theodoro
2037 5554 2153 5625 eius

538 5638 843 5701 3exercitus
866 5658 1039 5717 usque
1073 5649 1141 5703 ad
1167 5646 1354 5705 decem
1383 5649 1552 5705 millia
1582 5664 1758 5706 caesus
1787 5648 2074 5707 referatur.
2103 5647 2154 5703 is

543 5749 802 5809 stantque
834 5750 970 5795 uim
1006 5738 1211 5803 Gazam
1253 5751 1315 5797 et
1352 5741 1564 5799 Batiam
1613 5750 1774 5812 atque
1825 5740 2154 5796 Antidonem

566 5830 992 5911 perdomuisset,
1023 5830 1318 5889 seditiones
1341 5831 1647 5889 indecorum
1671 5846 1961 5904 perpessus
1975 5871 1993 5901 ,
2019 5840 2157 5902 quo-

2324 4630 2491 4687 Italia
2513 4629 2578 4683 ab
2601 4629 2674 4682 eis
2701 4617 2972 4695 defecit,et
2994 4625 3058 4678 de
3084 4617 3343 4691 portentis
3359 4618 3492 4672 diris
3510 4627 3677 4687 atque
3696 4617 3852 4672 nin-

2327 4701 2516 4756 bilibus
2540 4714 2658 4770 qua:
2677 4698 2790 4752 haec
2810 4695 2953 4771 mala
2976 4699 3370 4768 praecesserunt.

2252 4850 2257 4859 ο
2329 4814 2536 4883 Quibus
2558 4812 2727 4867 etiam
2754 4808 2945 4865 diebus
2968 4805 3243 4862 Romanos
3282 4799 3472 4871 multip
3512 4815 3613 4857 oes
3635 4808 3849 4870 pertur-

2240 4911 2525 4966 baverunt
2541 4905 2899 4967 calamitates,
2917 4898 3167 4971 quamvis
3184 4895 3299 4965 iam
3322 4892 3528 4951 domini
3552 4892 3849 4948 multar-

2256 5000 2630 5056 vocitarentur
2654 4993 2919 5065 gentium,
2939 5005 3075 5060 quas
3096 4987 3391 5044 succincta:
3412 4983 3717 5041 brevitatis
3736 4996 3852 5053 gn.

2240 5092 2336 5147 ttia
2366 5099 2744 5146 transcurrere
2768 5084 2956 5142 statui.
2990 5081 3101 5138 Sed
3124 5080 3177 5136 si
3212 5079 3309 5149 qui
3340 5092 3436 5135 eas
3461 5075 3688 5146 plenius
3718 5075 3852 5132 stic

2258 5185 2510 5250 voluerit,
2536 5183 2788 5253 quintum
2805 5180 3004 5234 librum
3026 5172 3380 5244 Orosiilegat.
3398 5168 3576 5240 Igitur
3603 5166 3852 5223 Saturni-

2258 5294 2379 5346 nus,
2404 5276 2654 5332 tribunus
2672 5272 2865 5344 plebis,
2889 5267 3113 5326 excitati
3136 5262 3402 5321 tumultus
3420 5261 3480 5315 in
3491 5258 3650 5315 Urbe
3664 5268 3853 5315 aucta

2254 5368 2485 5433 exstitit,
2541 5366 2632 5436 qui
2679 5378 2803 5419 cum
2849 5359 3016 5415 Mario
3070 5354 3291 5413 consule
3337 5359 3493 5408 sexto
3531 5357 3594 5405 et
3626 5347 3849 5405 Cia-da

2254 5471 2489 5533 praetore
2513 5454 2863 5527 conspiravit.
2906 5450 3147 5507 Primum
3177 5444 3449 5511 Metellum

2256 5527 2436 5607 virum
2476 5547 2824 5607 acerrimum,
2862 5544 3228 5603 innocentem,
3258 5551 3356 5607 per
3406 5531 3589 5589 scelus
3604 5527 3847 5598 iudie—

2260 5644 2354 5715 qui
2381 5641 2621 5712 eiusdcm
2646 5636 2897 5692 factionis
2921 5638 3099 5697 erant,
3130 5630 3184 5684 in
3206 5625 3459 5687 exsilium
3486 5622 3661 5679 totius

2261 5712 2449 5793 dolore
2474 5720 2756 5789 miserunt.
2784 5728 2935 5791 idem
2960 5721 3287 5793 Saturninus
3309 5716 3655 5789 Memmium,
3669 5712 3844 5769 vim:

2228 5839 2443 5884 “acrem
2458 5833 2518 5881 et
2542 5823 2831 5895 integrum,
2856 5817 2974 5874 ﬁeri
2994 5813 3269 5872 consulem
3292 5812 3512 5875 timens,
3536 5805 3841 5872 assiliunt
