4008 6448
238 469 381 525 1069

1323 444 1857 510 ΟΗΗΟΜΟΟΝ.’--’
1880 436 2045 503 ΤΟΜΙ
2082 446 2103 501 l
2139 434 2266 503 LIB.
2307 432 2425 503 Vl.‘

3348 434 3490 503 rm

233 589 338 636 est.
378 576 653 651 [idemque
708 565 1017 642 Pompeius]
1067 560 1274 621 Hirtam
1320 562 1585 618 Numidia:
1635 576 1815 632 regem
1843 554 2218 627 ‘Adeelaravit
2244 558 2578 632 pontiﬁcem,
2606 565 2664 614 et
2708 548 2931 632 propter
2963 544 3493 637 modestiam‘regem

236 677 579 743 persecutus,
614 664 1014 735 fugientemque
1041 656 1292 714 omnibus
1342 654 1511 726 copiis
1558 653 1818 707 nudatum

236 762 535 822 interfecit.
592 760 740 832 Sylla
810 760 1023 813 demum
1086 754 1318 809 dictator
1364 759 1577 805 creatus
1626 756 1731 815 est,
1762 755 1822 802 ut

236 855 604 915 damnationis
639 862 695 910 et
715 849 1052 908 crudelitatis
1107 844 1272 903 libido
1322 842 1534 899 honesti
1588 840 1819 896 nominis

237 950 547 1007 reverentia
611 953 669 1004 et
709 951 1017 1000 armaretur
1069 948 1123 996 et
1166 939 1461 995 velaretur.
1520 934 1821 991 Novissime

240 1038 390 1110 Sylla
418 1044 687 1110 potestate
710 1035 952 1106 privatus
985 1040 1087 1087 est.
1118 1029 1231 1085 Hoc
1261 1029 1367 1083 line
1404 1022 1657 1083 conclusa
1694 1033 1821 1080 sunt

237 1132 349 1187 duo
401 1131 541 1187 bella
585 1127 978 1192 funestissima,
1036 1121 1236 1178 sociale
1286 1120 1551 1187 Italicum,
1582 1128 1636 1174 et
1663 1116 1821 1174 civile

239 1219 537 1293 Syllanam.
573 1217 700 1273 Bazc
727 1230 825 1287 per
849 1227 1018 1269 annos
1073 1210 1259 1266 decem
1296 1217 1487 1275 tracta,
1536 1204 1819 1282 plusquam

237 1321 458 1369 centum
509 1306 898 1380 quinquaginta
951 1300 1118 1360 millia
1148 1301 1517 1355 Romanorum
1570 1313 1819 1354 consum-

235 1410 483 1473 pserunt,
514 1407 830 1467 tantumque
875 1392 1294 1449 lectissimorum
1341 1388 1586 1445 virorum
1626 1405 1820 1445 verna-

236 1493 589 1561 cuiorumque
624 1488 855 1543 militum
891 1484 1061 1539 Roma
1090 1481 1195 1537 hoc
1222 1480 1367 1536 civili
1394 1478 1535 1534 bello
1563 1478 1816 1550 perdidit,

235 1591 496 1652 quantum
528 1580 584 1635 in
609 1594 673 1634 ea
702 1575 981 1647 superiore
1034 1583 1295 1645 tempore,
1343 1586 1466 1625 eum
1504 1587 1563 1626 se
1590 1569 1704 1641 jam
1728 1568 1821 1625 ad-

234 1688 430 1730 versus
470 1670 832 1728 Alexandrum
869 1666 1119 1740 Magnam
1146 1664 1601 1735 circumspiceret,
1656 1662 1821 1720 indis-

218 1764 405 1819 cretis
441 1762 693 1819 aetatibus
726 1774 918 1816 census
950 1756 1174 1813 invenit.
1202 1754 1472 1811 Prteterea
1500 1755 1648 1809 viros
1694 1769 1818 1809 con-

238 1854 448 1910 sulares
506 1853 724 1924 triginta
774 1857 830 1906 et
884 1857 1135 1919 quatuor,
1189 1847 1545 1918 praetorianos
1599 1845 1818 1917 triginta

1902 652 2242 727 ‘constitult;
2276 652 2540 706 minorem
2590 658 2770 707 autem
2806 651 3169 708 Aristobolum
3221 656 3495 725 privatum

1921 740 2104 799 vivere
2131 743 2340 809 maluit,
2367 743 2511 814 quod
2542 743 2883 800 ferventioris
2931 744 3345 817 εεεειιίὶααεηίιι
3373 730 3495 818 Ips’a

1920 850 2051 915 vero
2091 824 2418 902 Alexandra,
2467 835 2559 907 qui
2590 842 2777 891 saeras
2824 830 3205 893 temerassen'tl
3231 837 3497 909 reges,‘ab

1922 925 2077 980 initio
2108 924 2490 990 detestabatur,
2523 920 2764 997 religioni
2804 926 2985 981 tamen
3016 925 3217 983 didita
3240 928 3500 1000 supech

1921 1012 2061 1071 tiose
2113 1017 2451 1071 deserviens;
2471 1015 2587 1083 Qua
2616 1018 2682 1071 de
2729 1031 2790 1073 re
2812 1014 3344 1089 iungunt‘seeldem
3370 1022 3496 1074 tum

1921 1108 2042 1164 lieri
2066 1107 2347 1175 Pharisaei,
2408 1106 2676 1181 quoddam
2729 1104 3036 1165 Judreorntn
3065 1106 3498 1182 collegiumqtli

1920 1209 2119 1271 praeter
2145 1198 2279 1254 alioS
2305 1198 2561 1270 pietatem
2616 1197 2791 1255 colet-e
2825 1202 3142 1273 putarentur
3189 1209 3243 1257 et
3271 1200 3499 1273 peritius

1922 1294 2068 1365 leges
2094 1294 2452 1365 erponebant.
2485 1292 2566 1351 0b
2593 1310 2713 1350 eam
2742 1294 2965 1351 causam
2995 1286 3219 1366 propius
3245 1306 3339 1353 eos
3361 1294 3500 1370 aspi-

1924 1388 2119 1443 ciebat.
2172 1384 2252 1442 llii
2309 1397 2509 1454 autem,
2539 1380 2797 1458 paulatim
2832 1384 3056 1444 faminaé'
3096 1382 3497 1460 simplicitatem

1924 1479 2306 1551 despicientes,
2339 1494 2526 1535 omnes
2549 1494 2646 1550 pro
2676 1496 2769 1535 sua
2795 1474 3014 1537 libidine
3043 1474 3409 1537 summovendo
3432 1474 3498 1536 at

1923 1572 2259 1644 deponendo,
2293 1572 2576 1628 vinciendo
2612 1584 2675 1628 ac
2709 1564 2969 1629 solvendo
2990 1584 3124 1644 quos
3159 1570 3379 1638 vellent,
3407 1566 3497 1628 0+:

1925 1662 2077 1718 dines
2108 1662 2417 1733 reipublicae
2436 1654 2840 1719 confundebant
2880 1668 3126 1737 prdrsbs,
3166 1662 3229 1719 u't
3254 1664 3357 1735 ipsi
3382 1654 3499 1733 qui;

1925 1750 2046 1809 dem
2072 1754 2236 1826 regiis
2283 1748 2578 1811 commodis
2604 1748 2933 1821 fruerentur,
2965 1756 3230 1827 experieris
3269 1766 3332 1811 ac
3363 1750 3499 1812 om;

1923 1841 2151 1898 cultates
2179 1834 2487 1899 Alexandra
2513 1836 2798 1915 perferret.
2851 1832 2959 1925 sed
3002 1844 3188 1899 eadem
3221 1836 3357 1901 inire
3386 1836 3498 1900 enf-

238 1962 357 2012 sex,
384 1918 666 2017 sexaginta
692 1942 806 1999 fere
843 1918 1143 2006 senatores,
1171 1941 1373 2009 absque
1402 1939 1701 1994 innumeris
1736 1948 1815 1993 to-
1836 1918 1890 1987 Β
1917 1933 2063 1991 lebat
2117 1950 2204 1989 res
2266 1934 2647 1989 administrare
2699 1918 2954 2007 majores.
3013 1926 3201 2005 itaque
3235 1932 3499 2017 augendis

238 2039 349 2093 tius
372 2036 536 2093 italiae
574 2035 803 2108 populis,
835 2035 929 2105 qui
976 2034 1181 2106 passim
1226 2033 1343 2088 sine
1388 2032 1819 2111 consideratione

240 2130 408 2187 deleti
442 2137 589 2184 sunt.
622 2129 810 2199 lgitur,
840 2126 989 2197 Sylla
1022 2135 1260 2191 mortuo,
1285 2124 1536 2194 Lepidus,
1566 2123 1819 2179 Mariana:

239 2219 414 2290 partis
435 2226 694 2282 assertor,
713 2216 975 2272 adversus
999 2216 1265 2280 Catulum,
1298 2214 1576 2287 Syllanum
1603 2215 1816 2281 ducem,

234 2322 486 2379 surgens,
525 2306 792 2361 redivivos
830 2305 1096 2361 bellorum
1142 2305 1380 2360 civilium
1408 2306 1620 2361 cineres
1648 2306 1819 2361 susci-

236 2401 393 2455 tavit.
430 2398 740 2455 Bistucatiae
780 2397 890 2472 [Bis
918 2407 1045 2453 tunc
1076 2397 1212 2469 acie]
1264 2405 1528 2453 certatum
1554 2404 1656 2452 est.
1694 2396 1818 2453 Plu-

236 2489 362 2544 rimi
389 2489 777 2555 Romanorum,
799 2488 911 2558 jam
950 2489 1063 2558 ipsa
1091 2488 1363 2558 paucitate
1392 2488 1737 2553 miserorum,
1763 2495 1819 2542 et

237 2583 416 2639 adhuc
438 2584 529 2638 illo
557 2582 741 2639 furore
769 2582 1173 2648 insanientium,
1201 2582 1324 2637 ctesi
1381 2589 1528 2635 sunt.
1584 2579 1818 2636 Albano-

237 2691 361 2729 rum
390 2675 600 2742 civitas,
632 2675 909 2730 obsidione
936 2682 1241 2746 oppugnata
1296 2682 1459 2744 atque
1500 2675 1811 2731 excruciata

237 2764 384 2821 fame
437 2766 651 2829 ultima,
710 2766 1098 2821 miserabilium
1162 2766 1513 2835 reliquiarum
1546 2766 1819 2820 deditione

237 2864 451 2913 servata
477 2866 579 2913 est.
603 2856 678 2912 lbi
708 2866 835 2912 tunc
870 2855 1073 2927 Scipio,
1110 2856 1293 2927 Lepidi
1322 2857 1484 2923 illius,
1519 2866 1707 2929 captus
1736 2870 1819 2911 al-

237 2962 345 3019 que
382 2948 593 3004 occisus
619 2954 721 3002 est.
778 2946 977 3003 Brutus
1006 2948 1063 3002 in
1120 2945 1447 3019 Cisalpinam
1473 2944 1702 3001 Galliam
1731 2945 1817 3000 fu-

238 3040 413 3111 giens,
459 3048 815 3110 persequente
866 3039 1143 3109 Pompeio,
1174 3039 1314 3107 apud
1344 3038 1573 3110 Regium
1601 3036 1821 3092 interfe-

239 3140 360 3188 ctus
386 3140 488 3188 est.
517 3132 594 3187 ita
618 3132 720 3188 hoc
745 3131 945 3188 bellum
977 3132 1156 3197 civile,
1205 3145 1309 3186 non
1338 3134 1509 3201 magis
1548 3128 1819 3187 dementia

241 3222 376 3297 [Al._.
407 3221 715 3295 clementia]
744 3221 939 3288 Catuli,
968 3238 1128 3292 quam
1159 3222 1317 3277 taedio
1353 3220 1583 3292 Syllana:
1633 3208 1819 3276 crude-

237 3311 429 3379 litatis,
457 3321 517 3368 ut
536 3314 675 3385 ignis
696 3314 752 3368 in
786 3314 1002 3384 stipula,
1033 3315 1221 3369 eadem
1259 3313 1554 3381 celeritate,
1585 3328 1688 3384 qua
1717 3327 1813 3367 ex-

239 3403 376 3460 arsit
407 3405 643 3461 evanuit.
676 3404 879 3472 Quibus
899 3406 1063 3465 etiam
1112 3406 1301 3461 diebus
1325 3405 1611 3461 Terentius
1642 3402 1815 3459 Varro

240 3496 298 3553 in
334 3497 610 3568 provincia
644 3495 1278 3575 Narbonensi‘nascitur,
1315 3498 1404 3567 qui
1431 3504 1617 3567 postea
1648 3496 1813 3568 trige-

239 3575 441 3647 simum
465 3589 713 3660 quintum
733 3605 936 3646 annum
964 3605 1150 3665 agens,
1192 3588 1414 3647 Graecas
1444 3588 1651 3644 litteras
1672 3603 1819 3643 sum-

239 3694 335 3737 mo
358 3678 536 3737 studio
575 3681 779 3738 didicit.
818 3680 1009 3737 Cicero
1038 3696 1273 3750 namque
1314 3679 1553 3736 Athenas
1578 3678 1819 3735 succedit

240 3769 488 3839 Rustico,
513 3770 732 3827 defenso
757 3781 947 3829 contra
966 3772 1396 3843 Chrysogonum.
1422 3770 1623 3826 Deinde
1647 3784 1671 3810 ι·
1698 3777 1820 3840 post

240 3862 536 3919 triennium
564 3862 793 3921 Romam
843 3864 1187 3936 regreditur:
1216 3864 1306 3935 qui
1355 3863 1619 3933 vigesimo
1668 3860 1820 3918 sexto

240 3953 423 4008 aetatis
449 3969 559 4009 sua:
596 3969 740 4010 anno
772 3955 938 4010 etiam
974 3954 1252 4022 Quintium
1308 3953 1567 4010 defendit.
1601 3953 1719 4022 Quo
1765 3954 1821 4011 in

242 4058 491 4119 tempore
514 4048 720 4105 Plotius
746 4049 930 4106 Gallus
973 4050 1159 4105 Roma:
1199 4048 1448 4104 Latinam
1493 4046 1821 4103 rhetoricam

240 4138 453 4209 prunus
484 4138 685 4195 docuit.
734 4140 810 4197 De
865 4157 972 4212 quo
1007 4139 1197 4196 Cicero
1224 4139 1301 4194 sic
1330 4138 1533 4194 refert:
1566 4136 1822 4191 Memoria

243 4237 424 4297 teneo,
487 4230 639 4287 nobis
672 4233 874 4303 pueris,
910 4233 1151 4304 primum
1194 4233 1386 4290 Latine
1444 4230 1671 4287 edocere
1718 4246 1825 4286 coe-

242 4318 397 4393 pisse
438 4320 672 4377 Plotium
724 4324 1031 4393 quemdam.
1089 4325 1237 4381 Tunc
1273 4324 1471 4381 Lucius
1500 4318 1824 4392 Pomponius

242 4407 621 4479 Bononiensis,
661 4412 1046 4470 Catillanorum
1092 4398 1539 4488 [Attellanarum]
1572 4415 1822 4483 scriptor,

242 4501 431 4560 clarus
458 4506 775 4562 habebatur.
806 4507 1092 4565 Lucretius
1117 4511 1283 4565 etiam
1324 4518 1480 4582 poeta
1537 4510 1821 4565 nascitur:

242 4593 363 4665 qui,
413 4596 674 4652 amatorio
707 4598 900 4667 poculo
948 4601 1160 4666 hausto,
1214 4602 1266 4654 in
1323 4599 1562 4657 furorem
1607 4614 1817 4666 versus,
1843 4622 1877 4667 ._;

1843 4644 1900 4713 1)

247 4684 461 4754 aliquos
492 4685 657 4744 libros
684 4703 783 4759 per
812 4691 1095 4745 intervalla
1147 4691 1371 4769 insaniae
1420 4691 1659 4761 scripsit,
1687 4706 1821 4763 quos

244 4782 435 4846 postea
462 4774 653 4837 Cicero
688 4779 1010 4836 emendavit.

838 4888 1067 4947 CAPUT
1093 4890 1231 4947 XIV.
1797 4952 1807 4969 ,

246 4972 523 5056 Regnum:
552 4976 918 5056 _Pthdmnwo,
944 4978 1236 5056 Dionysio,
1279 4980 1582 5056 Alexattdra
1613 4981 1820 5056 Setina,

322 5044 611 5105 Alexandri
640 5044 966 5125 regisumor,
995 5044 1323 5125 ‘JuJa’ornm
1360 5053 1494 5107 rexit
1533 5044 1822 5125 populum}

320 5124 370 5170 et
399 5133 460 5170 ea
485 5132 604 5187 quae
634 5116 833 5175 tbi'illt's
867 5116 1191 5193 contigerunt
1219 5123 1422 5176 diebus.

321 5229 683 5290 Ptholommus
730 5235 1037 5307 Dionysius,
1068 5239 1222 5293 annis
1252 5237 1511 5309 triginta;
1542 5250 1572 5293 a
1599 5232 1827 5296 resedit]-

248 5322 470 5378 catione
517 5338 648 5379 vero
698 5326 882 5396 templi
937 5329 1063 5383 anni
1123 5337 1277 5383 erant
1312 5324 1688 5401 quadringenti
1727 5324 1824 5385 tri-

249 5411 424 5483 ginta.
464 5411 711 5486 Regnum
757 5431 885 5472 vero
908 5416 1213 5473 Iudaeorum
1258 5418 1565 5475 Alexandra
1619 5416 1826 5488 Salina',

249 5498 544 5558 Alexandri
574 5505 716 5576 regis
741 5518 895 5571 uxor,
926 5517 984 5561 ut
1007 5509 1389 5577 praemisimus,
1419 5506 1669 5565 habebat.
1700 5506 1829 5581 Quae

251 5607 382 5648 cum
436 5594 569 5651 duos
610 5596 746 5653 filios
798 5599 865 5653 ab
913 5598 1217 5655 Alexandro
1265 5610 1550 5673 generatos
1582 5603 1828 5670 haberet,

254 5690 391 5738 natu
412 5684 627 5754 quidem
663 5686 958 5743 maximum
1001 5687 1295 5745 Hircanum
1350 5703 1573 5763 propter
1616 5701 1830 5749 cetatem

412 5798 587 5887 L09“?
614 5813 918 5887 οονωριυε,
939 5822 1020 5887 ‘CX
1055 5802 1319 5887 Chronico
1350 5808 1576 5887 Eusebii
1591 5811 1736 5887 apud
1764 5808 1824 5866 S.

257 5868 484 5927 Hieron.
537 5873 614 5929 sic
658 5868 1022 5933 restituendus
1051 5897 1063 5931 :
1094 5876 1279 5933 Roscio
1312 5888 1491 5933 contra
1537 5868 1831 5949 Chrysogo-

1919 2024 2090 2094 copits
2123 2037 2339 2093 semper
2368 2023 2596 2091 intenta,
2660 2022 2925 2095 duplicem
2987 2022 3237 2081 centiam
3268 2014 3501 2103 eiet-eii-

1918 2123 2052 2170 tum.
2107 2113 2294 2186 Neque
2348 2130 2519 2186 pauca
2578 2119 2991 2187 peregrinorum
3032 2114 3243 2189 paravit
3274 2108 3497 2185 auxilia‘,

1919 2205 2114 2273 quibus
2144 2221 2246 2261 non
2279 2206 2440 2261 modo
2486 2212 2685 2261 statum
2714 2209 2889 2277 gentis
2940 2214 3050 2263 sua:
3079 2192 3498 2276 roboravit,'sed

1919 2296 2080 2351 etiam
2108 2297 2451 2351 metuendam
2489 2312 2546 2353 se
2576 2296 2807 2353 reddidit
2832 2304 3068 2353 externa!
3092 2299 3367 2371 potentiae.
3398 2296 3500 2355 lmi-

1918 2388 2145 2458 perabat
2175 2397 2353 2442 autem
2386 2387 2530 2455 aliis,
2557 2400 2746 2444 verum
2776 2384 3063 2445 Pbarisaeis
3087 2392 3201 2461 ipsa
3231 2390 3373 2447 ultro
3400 2392 3499 2462 pal-

1918 2483 2089 2539 rebat.
2138 2484 2380 2554 Denique
2435 2484 2727 2557 Diogenem
2779 2484 3067 2556 quemdam
3118 2484 3499 2555 insignem'vii

1918 2588 2060 2639 rum,
2122 2573 2213 2644 qui
2259 2574 2567 2630 Alexandro
2622 2575 2811 2630 fuisset
2867 2575 3248 2641 amicissimus,
3288 2560 3505 2633 interii:

1919 2665 2088 2731 ciunt,
2118 2666 2233 2737 ejus
2256 2666 2479 2721 consilia
2502 2667 2869 2729 criminantes,
2925 2678 2987 2722 ut
3012 2669 3329 2740 octingenti,
3363 2672 3499 2741 quos

1921 2770 2083 2825 supra
2108 2757 2426 2825 memoravi,
2459 2759 2599 2829 regis
2635 2757 2787 2828 jussu
2829 2757 3145 2814 tollerentur
3174 2760 3227 2814 in
3257 2774 3497 2816 crucem.

1920 2851 2281 2909 Nihilominus
2311 2863 2490 2909 autem
2506 2855 2827 2910 Alexandra:
2855 2853 3154 2911 suadebant
3177 2863 3234 2909 ut
3261 2864 3315 2911 et
3342 2854 3494 2923 alios,

1923 2942 2117 3017 quibus
2153 2948 2464 3003 auctoribus
2497 2948 2551 3001 in
2608 2947 2726 3002 illos
2774 2949 2961 3003 fuisset
2995 2944 3303 3003 Alexander
3348 2940 3500 3002 excii-

1924 3047 2092 3105 tatus,
2149 3039 2441 3094 occideret.
2498 3039 2738 3110 Cumque
2788 3040 2871 3093 his
2924 3040 3087 3093 nimia
3121 3040 3500 3109 superstitione

1923 3128 2058 3183 nihil
2084 3130 2424 3185 abnuendum
2453 3138 2687 3201 putaret,
2717 3146 2851 3199 quos
2878 3128 2977 3186 sibi
3000 3130 3264 3198 libuisset,
3291 3146 3355 3186 ea
3383 3120 3503 3203 spe-

1923 3224 2006 3279 cie
2038 3225 2378 3279 trucidabant
2405 3244 2416 3278 :
2450 3225 2620 3279 donec.
2649 3225 2969 3296 nptimatum
3028 3226 3256 3297 quisque
3285 3222 3353 3280 ad
3379 3214 3499 3280 Ari-

1922 3313 2189 3369 stobolum
2220 3313 2597 3385 confugerent,
2626 3331 2854 3387 quorum
2885 3310 3182 3386 periculum
3214 3304 3498 3388 agebatur,

1922 3413 2085 3474 atque
2112 3403 2201 3459 ille
2230 3405 2389 3460 matri
2420 3406 2689 3475 persuasit
2734 3413 2794 3461 ut
2821 3406 2907 3461 bis
2938 3415 3159 3476 propter
3185 3402 3498 3478 dignitatem

1919 3503 2192 3566 parceret,
2249 3495 2469 3550 civitate
2533 3503 2711 3550 autem
2762 3494 3006 3566 pelleret,
3065 3508 3199 3566 quos
3244 3503 3505 3551 nocentes

1921 3590 2277 3644 existimaret.
2331 3588 2409 3643 illi
2439 3587 2679 3660 quidem,
2711 3588 2835 3644 data
2872 3588 2972 3643 sibi
3005 3588 3179 3658 copia,
3220 3579 3320 3658 per
3344 3601 3505 3665 agros

1925 3678 2152 3753 dispersi
2214 3686 2358 3735 sunt.
2388 3680 2540 3735 Inter
2599 3679 2735 3743 haec,
2763 3678 3066 3737 Alexandra
3105 3678 3295 3734 morbo
3344 3677 3502 3753 labo-

1924 3779 2101 3837 rante,
2130 3771 2311 3826 minor
2338 3770 2455 3840 ejus
2477 3766 2620 3825 illius
2645 3768 2987 3829 Aristobolus
3020 3786 3141 3825 cum
3172 3770 3344 3825 servis
3368 3762 3504 3839 suis,

1924 3875 2059 3931 quos
2091 3860 2285 3916 multos
2312 3858 2569 3929 habebat,
2602 3877 2898 3934 omneSque
2939 3879 3037 3934 pro
3065 3864 3241 3919 aetatis
3289 3856 3503 3919 fervore

1927 3950 2235 4021 ﬁdissimos,
2296 3953 2548 4011 universa
2578 3952 2831 4009 'casteila
2884 3955 3135 4023 obtinuit,
3174 3964 3228 4027 et
3274 3944 3506 4027 pecunia

1925 4059 2087 4117 quam
2115 4040 2189 4100 ibi
2237 4042 2441 4117 reperit
2487 4040 2795 4102 conductis
2824 4032 3062 4125 auxiliis,
3097 4064 3277 4119 regem
3320 4064 3379 4113 se
3406 4028 3501 4125 dc-E

1926 4138 2170 4194 claravit.
2203 4138 2283 4195 Ob
2307 4140 2421 4195 bzec
2460 4140 2717 4199 miserata
2746 4134 2984 4210 querelis
3034 4139 3253 4197 Hircani
3306 4138 3502 4215 mater,

1925 4229 2209 4303 coniugem
2248 4226 2555 4286 'Aristoboli
2613 4247 2734 4287 cum
2764 4220 2767 4225 ’
2793 4226 2919 4288 filiis
2959 4230 3184 4287 includit
3240 4214 3379 4304 apud
3408 4214 3504 4307 υθέ

1926 4320 2141 4376 Stellum
2201 4322 2790 4392 quodaseptentrione
2834 4321 2961 4378 fano
3022 4324 3294 4395 adjacens,
3346 4318 3505 4382 Bari!

1927 4424 2084 4470 antea
2110 4418 2430 4483 vocabatur,
2488 4424 2549 4470 ut
2571 4415 2824 4482 diximus,
2854 4424 3041 4488 postea
3066 4432 3193 4471 vero
3211 4406 3505 4471 Antonium

1927 4507 2365 4577 cognominatum
2393 4514 2496 4573 est,
2522 4494 2839 4577 imperante.
2859 4503 3115 4569 Antonio,
3147 4502 3502 4579 quentadrnof

1928 4594 2053 4650 dum
2111 4596 2177 4652 de
2215 4595 2440 4667 Augusti
2493 4602 2547 4649 et
2601 4594 2850 4667 Agrippa:
2900 4594 3119 4648 nomine
3168 4578 3402 4647 ’Sebaste
3452 4578 3509 4649 et

1929 4684 2196 4759 Agrippas
2219 4695 2274 4741 et
2322 4686 2441 4741 alia:
2495 4684 2741 4742 civitates
2764 4678 3042 4758 appellata:
3071 4690 3214 4737 sunt.
3246 4682 3381 4737 Ante
3418 4672 3505 4759 ta?-

1929 4796 2053 4836 men
2082 4778 2384 4835 Alexandra
2412 4774 2639 4833 moritur
2667 4794 2828 4850 quam
2886 4778 2940 4833 in
2963 4771 3327 4831 Aristobolum
3372 4762 3505 4847 Ηὶῐέ

1931 4872 2052 4929 cani
2099 4869 2322 4927 fratrem
2384 4868 2526 4926 illius
2581 4868 2933 4927 contumelias
2983 4865 3306 4934 vindicaret,
3339 4878 3502 4935 quem

1926 4954 2087 5033 'dejici
2108 4956 2278 5035 regno
2308 4971 2616 5028 curaverat,
2658 4962 2801 5034 quod
2831 4962 2945 5031 ipsa
2975 4970 3169 5014 novem
3198 4966 3297 5029 per
3338 4969 3510 5039 annos

1932 5052 2351 5127 administravit,
2377 5062 2430 5107 et
2459 5048 2633 5109 haeres
2692 5052 2906 5126 quidem
2938 5050 3181 5106 omnium
3228 5046 3289 5103 lit
3320 5046 3509 5104 Hirca—

1932 5134 2056 5215 nus,
2084 5140 2169 5202 cui
2200 5162 2424 5220 regnum
2443 5144 2607 5202 etiam
2634 5145 2755 5199 viva
2778 5142 3144 5198 commiserat.

1930 5375 2010 5431 De
2034 5374 2250 5430 ἀεσαά
2276 5275 3095 5445 «magal:
3124 5368 3295 5445 Βοη·
3308 5376 3508 5445 reri“?

1976 5447 2108 5503 .rita
2160 5430 2523 5515 “1qu
2574 5458 2739 5515 unum
2919 5430 2990 5515 ’ἔῃ
3024 5430 3322 5515 Ιζὶεραπὶαί
3352 5438 3505 5515 aliud

1960 5586 1965 5597 Ι
2090 5510 2420 5637 ἴῃσθὲἅοὴία,
2470 5513 2677 5567 tertium
2709 5510 3132 5585 in'Pamphylia,
3168 5519 3417 5591 quartum
3450 5510 3507 5566 in

2056 5598 2087 5639 α
2166 5602 2196 5638 a
2243 5601 2294 5638 a.

2056 5598 2294 5639 annana.

2004 5697 2208 5751 interea
2240 5693 2377 5762 apud
2416 5692 2686 5749 Romanos
2715 5695 2832 5750 hcce
2874 5668 3215 5766 gerebantur.
3254 5689 3506 5748 Souanti-

1931 5824 2056 5932 Eum
2116 5805 2347 5877 defenso,
2378 5804 2574 5877 “Cicero
2612 5805 2844 5865 Athenas
2902 5807 3111 5881 secedit,
3154 5805 3501 5873 “intimate.

1980 5892 2087 5931 DlT.

1980 5892 2087 5931 DIT.
