4008 6494
266 432 408 491 ΗΠΒ

1363 432 1775 492 GHRONICON.
1814 462 1884 475 -—-
1911 434 2088 492 ’I‘OMI
2122 436 2327 493 l’Lti
2349 439 2460 496 VH.

3386 444 3525 507 ΨΜ

263 559 355 605 ια’
388 553 505 602 toto
526 546 664 602 ‘orbc
707 545 899 601 tonuit.
928 545 1088 602 Titus
1124 545 1418 613 Labienus,
1448 556 1505 603 et
1535 547 1715 601 Attius
1748 547 1857 602 Vs-
1880 556 1937 617 Α
1956 546 2357 619 adiumentique
2400 550 2539 616 fuit,
2579 549 2675 607 sed
2703 551 2875 607 etiam
2892 565 3025 611 cum
3042 552 3343 611 introrsum
3376 572 3536 615 exora

264 650 365 695 rus
392 640 445 693 in
485 636 602 693 acie
628 637 757 692 caesi
793 643 939 691 sunt.
975 637 1041 692 G.
1073 635 1362 706 Pompeius
1399 648 1523 692 cum
1557 640 1860 694 centesimo

264 729 453 801 equite
497 726 742 798 aumgit:
774 726 944 781 frater
980 726 1100 795 ejus
1140 726 1337 782 Sextus
1381 726 1690 797 Pompeius,
1716 743 1851 782 con-

263 829 443 876 tracta
469 819 720 875 celeriter
747 833 855 874 non
896 822 1063 889 parva
1090 820 1473 874 Lusitanorum
1516 835 1701 885 inanu,
1730 837 1857 876 cum

264 909 503 965 Cesouio
530 918 862 980 congressus
898 915 954 964 et
981 909 1154 965 victus
1192 909 1507 980 fugiensque
1534 909 1859 966 interfectus

265 1011 375 1057 est.
422 1002 618 1057 Munda
658 1002 854 1056 civitas
887 1009 1011 1055 cum
1060 1002 1320 1056 immensa
1365 1001 1641 1055 hominum
1684 1000 1855 1068 caede,

262 1090 485 1147 Cesaris
512 1099 895 1162 oppugnante,
938 1092 991 1145 vi
1033 1098 1190 1162 capta
1245 1099 1349 1146 est.
1402 1090 1586 1146 θωπι-
1626 1090 1855 1147 Romam

263 1180 451 1238 rediit.
482 1182 585 1239 Ubi
618 1184 748 1237 dum
773 1182 1081 1253 reipublicae.
1124 1190 1328 1239 statum
1352 1191 1544 1237 contra
1588 1182 1856 1252 majorum

261 1273 512 1343 exempbt
557 1273 854 1329 clementer
903 1274 1197 1348 instaurat,
1249 1272 1564 1329 auctoribus
1608 1275 1775 1330 Bruto
1800 1283 1856 1330 et

261 1360 477 1427 Cassio,
507 1363 727 1418 conscio
755 1362 919 1418 etiam
960 1363 1195 1433 plurimo
1229 1370 1453 1429 senatu,
1492 1365 1547 1418 in
1589 1365 1743 1419 curia
1772 1365 1856 1419 vi-

263 1448 405 1521 ginti
431 1459 488 1506 et
512 1452 691 1508 tribus
714 1452 1025 1508 vulneribus
1070 1453 1355 1509 confossus
1397 1455 1620 1509 interiit.
1654 1456 1712 1510 in
1750 1471 1856 1525 qua

266 1542 649 1612 coniuratione
688 1543 860 1599 fuisse
903 1544 1133 1614 amplius
1174 1546 1455 1616 sexaginta
1496 1547 1744 1602 conscios
1778 1548 1859 1603 fe-

262 1642 412 1688 rant.
445 1634 561 1690 Duo
587 1634 747 1689 Bruti
774 1643 833 1690 et
857 1635 921 1691 (ιε
949 1634 1194 1700 Cassius,
1222 1635 1423 1704 aliique
1450 1636 1603 1701 socii,
1650 1637 1857 1693 strictis

172 1712 179 1715 ‘
259 1722 606 1794 νυεῖοπὶιιυε,
635 1725 693 1778 in
714 1724 1041 1795 Capitolium
1062 1732 1424 1781 seceéserunt.
1457 1725 1557 1780 Diu
1586 1726 1858 1783 delibera-

261 1822 383 1868 tum
405 1823 488 1870 est
508 1814 1027 1886 utrumCapitolium
1044 1829 1173 1871 cum
1193 1817 1509 1873 auctoribus
1524 1816 1691 1872 caedis
1703 1832 1860 1887 opor-

1956 639 2093 694 citus
2135 650 2417 710 pergeret,
2456 648 2512 695 et
2552 641 2698 696 circa
2728 650 2846 697 eam
2890 658 3009 713 qua:
3054 643 3354 715 appellatur
3382 645 3534 705 Onim

1954 728 2104 798 regio
2146 727 2386 799 IEgyptii
2432 729 2632 784 vellent
2666 731 2920 787 resistere
2960 746 3071 802 quo
3116 734 3535 794 intercluderent

1956 815 2077 882 iter,
2109 832 2300 871 rursus
2340 816 2624 887 Antipater
2650 834 2760 874 non
2788 819 2961 877 solum
2993 824 3222 879 removit
3265 824 3534 895 praelium,

1956 906 2051 961 sed
2094 907 2258 961 etiam
2281 906 2350 961 ad
2380 909 2679 963 exercitum
2718 909 3033 979 iuvandum,
3061 928 3182 983 quae
3227 918 3534 977 necessaria

1956 996 2132 1054 forent
2174 999 2314 1064 usui,
2360 1001 2428 1055 ab
2468 1002 2605 1070 ipsis
2644 1002 2737 1071 qui
2784 1014 3166 1073 ammonens.-
3186 1019 3535 1078 paraverant,

1955 1089 2253 1149 ministrari
2303 1090 2450 1145 fecit.
2497 1091 2648 1146 Unde
2690 1092 2992 1163 Memphitis
3034 1111 3248 1166 quoque
3283 1114 3313 1153 a
3353 1098 3538 1169 prmlio

1959 1184 2194 1239 revocati
2231 1192 2373 1247 sunt,
2402 1193 2458 1239 et
2490 1200 2548 1240 se
2574 1185 2861 1242 Mitridatis
2902 1189 3150 1245 societati
3175 1190 3415 1247 volentes
3443 1191 3539 1248 de-

1958 1257 2240 1342 dere.'Qui
2288 1286 2705 1349 prmtergressus
2732 1280 3094 1349 suspectiora,
3140 1298 3265 1337 cum
3311 1282 3537 1353 reliquis

1957 1366 2232 1438 Egyptiis
2275 1370 2670 1424 conserendum
2713 1369 2955 1437 praelium
2993 1381 3162 1440 ratus,
3196 1371 3539 1433 liberioribus

1959 1458 2176 1527 quidem
2206 1458 2363 1524 locis,
2392 1459 2487 1513 sed
2518 1458 2871 1515 validioribus
2901 1461 3031 1517 viris
3072 1461 3306 1533 regionis
3345 1464 3537 1535 ipsius,

1959 1546 2110 1616 cujus
2156 1548 2421 1603 incolatus
2462 1548 2775 1604 Judaeorum
2818 1553 3090 1619 erercitus
3144 1552 3537 1625 appellabatur,

1959 1647 2179 1696 Strenue
2206 1642 2537 1698 decertavit:
2569 1646 2705 1700 adeo
2732 1653 2793 1700 ut
2834 1653 3107 1717 praerupto
3133 1665 3254 1706 sese
3297 1652 3540 1722 periculo

1956 1728 2133 1795 daret,
2161 1745 2225 1786 ac
2253 1746 2392 1801 pene
2416 1734 2716 1789 exstinctus
2736 1734 2898 1803 foret,
2920 1736 3029 1791 nisi
3048 1737 3330 1810 Antipater
3351 1743 3539 1799 videns

1960 1826 2154 1887 totum,
2181 1822 2237 1876 in
2266 1838 2374 1893 quo
2400 1823 2701 1881 Mitridates
2734 1834 2875 1892 erat,
2909 1827 3156 1885 dextrum
3184 1845 3352 1887 cornu
3392 1850 3425 1888 a
3446 1848 3541 1901 co-

259 1910 407 1959 terct
452 1906 686 1961 incendi.
733 1906 943 1977 Corpus
986 1907 1102 1978 ejus
1130 1915 1344 1977 raptum
1385 1908 1637 1978 popultm.
1673 1908 1857 1964 dolore
1880 1921 1933 1983 ι
1959 1917 2119 1972 horto
2145 1919 2347 1987 urgeri,
2375 1934 2443 1973 ex
2472 1918 2576 1973 alia
2616 1935 2831 1990 quoque
2859 1929 3015 1991 parte
3060 1922 3256 1978 includi
3294 1921 3536 1990 ﬂumine,

259 1996 591 2085 stimulatus,
622 1997 679 2052 in
716 1996 836 2053 foro
878 1998 1196 2069 fragmentis
1244 1999 1590 2054 tribunalium
1620 2013 1687 2055 ac
1726 2000 1855 2054 sub—

246 2082 543 2139 selliorum
565 2087 850 2141 cremavit.
876 2086 984 2142 Sed
1011 2103 1130 2157 quae
1160 2088 1522 2156 prmmisimus
1552 2089 1683 2144 dum
1712 2089 1853 2158 apud

259 2171 539 2231 Rullianus
557 2186 896 2247 gererentur,
920 2179 1034 2234 haec
1057 2178 1279 2235 interim
1298 2178 1559 2241 indutiae
1581 2187 1703 2235 acta
1726 2186 1853 2235 sunt

262 2276 389 2336 qu
415 2276 736 2337 sequuntur.

889 2359 1118 2416 CAPUT
1158 2360 1227 2414 Χ.

258 2443 507 2522 Qualiter
532 2448 805 2522 Antipater
840 2452 1071 2522 gratiam,
1107 2449 1338 2505 Creatoris
1368 2453 1439 2507 sit
1467 2452 1685 2522 adeptus
1710 2471 1729 2507 :
1762 2455 1847 2510 cui

330 2519 715 2593 edomandam
747 2519 961 2593 corpore
987 2519 1201 2576 vulnera
1223 2538 1340 2591 qua:
1366 2539 1461 2592 pro
1490 2538 1549 2577 eo
1567 2519 1847 2593 occeperat

330 2591 574 2652 ostendit,
597 2591 721 2663 dum
751 2590 815 2663 ob
838 2590 1101 2663 Antigono
1119 2590 1485 2663 accusaretur:
1510 2592 1557 2646 et
1583 2590 1849 2663 acceptum

326 2665 629 2730 potestatem
651 2656 857 2714 Iudaea:
880 2656 1015 2714 inter
1043 2661 1181 2730 ﬁlios
1211 2674 1333 2715 suos
1364 2658 1629 2717 Herodem
1659 2656 1713 2716 ei
1737 2662 1848 2717 Fa-

328 2725 494 2781 selum
526 2726 719 2783 divisit.

324 2836 498 2895 Julius
545 2855 673 2912 ergo
716 2840 897 2896 Caesar
927 2842 1009 2913 (ut
1054 2843 1326 2913 paulisper
1372 2851 1682 2915 repetamus
1728 2858 1847 2916 qua:

250 2936 407 3001 gesta
436 2939 559 2986 sunt
583 2931 758 3004 prius)
784 2933 1152 2989 Aristobolum
1198 2932 1385 2991 Romae
1412 2937 1654 2993 vinctum
1694 2954 1846 3011 repe-

250 3022 345 3086 rit,
374 3039 605 3094 eumque
631 3041 756 3079 mox
787 3024 1033 3081 absolvit.
1076 3014 1337 3082 Levatum
1387 3036 1568 3084 autem
1599 3046 1629 3083 a
1661 3039 1846 3086 custo-

250 3112 365 3180 dia,
399 3108 617 3171 tribulis
658 3112 985 3172 militaribus
1007 3118 1169 3173 etiam
1199 3128 1512 3186 munerans,
1544 3122 1598 3174 in
1625 3119 1844 3191 Syriam

1955 2023 2057 2064 nec
2099 2009 2266 2063 ullum
2311 2009 2566 2082 eli‘ugium
2597 2010 2737 2077 fore,
2765 2012 2995 2067 viriliter
3038 2014 3252 2073 irruens
3294 2030 3327 2070 a
3372 2032 3540 2077 cornu

1954 2100 2195 2166 sinistro,
2236 2116 2398 2171 super
2420 2116 2515 2155 eos
2543 2103 2633 2171 qui
2678 2103 3007 2159 Mitridatem
3036 2105 3320 2162 cedentem
3347 2122 3539 2178 perse-

1952 2192 2274 2262 quebantur,
2309 2208 2446 2262 quos
2474 2209 2709 2264 eousque
2739 2198 3035 2253 insectatus
3061 2206 3164 2263 est,
3209 2198 3381 2255 donec
3418 2215 3541 2271 om-

1950 2280 2040 2335 nis
2060 2281 2298 2336 hostium
2324 2281 2554 2350 populus
2576 2284 3027 2356 exstingueretur.
3074 2287 3154 2343 Eo
3178 2288 3363 2361 prmlio
3389 2297 3541 2351 oclo-

1946 2377 2115 2441 genta
2154 2369 2436 2440 Antipater
2473 2371 2621 2426 viros
2646 2369 2713 2425 de
2759 2373 2872 2429 Suis
2914 2375 3129 2441 amisit,
3163 2392 3326 2446 supra
3362 2378 3539 2435 octin—

1948 2464 2132 2536 gintos
2172 2465 2494 2532 Mitridates,
2532 2466 2607 2523 ita
2633 2474 2695 2521 ut
2719 2467 2835 2538 ipse
2868 2479 3065 2538 praeter
3090 2485 3242 2540 spem
3280 2472 3537 2535 evaserit.

1946 2555 2127 2624 Atque
2162 2556 2277 2611 haec
2325 2571 2431 2611 uno
2478 2565 2752 2613 momento
2797 2559 2979 2615 clades
3009 2569 3197 2617 secuta
3238 2569 3343 2617 est.
3380 2560 3539 2617 Anti-

1946 2654 2106 2717 pater
2135 2646 2323 2702 multis
2346 2646 2661 2702 vulneribus
2690 2650 2933 2719 corporis
2976 2651 3237 2720 exceptis,
3263 2652 3541 2724 egregium

1949 2738 2166 2793 virtutis
2214 2753 2328 2794 suae
2376 2740 2749 2795 testimonium
2795 2740 2936 2812 apud
2984 2740 3256 2797 Caesarem
3298 2742 3538 2809 invenit,

1940 2829 2240 2895 Nitridate,
2267 2840 2329 2886 ut
2351 2830 2652 2900 praesertim
2682 2846 2791 2886 non
2832 2831 3004 2886 solum
3044 2846 3156 2887 sum
3182 2832 3540 2889 absolutionis

1946 2920 2265 2989 interprete,
2306 2920 2403 2975 sed
2430 2920 2595 2974 etiam
2628 2918 2959 2976 fortitudinis
2986 2922 3363 2992 praedicatore.
3398 2923 3532 2989 Qui.-
3574 2932 3577 2933 '

1947 3013 2050 3067 bus
2094 3012 2311 3081 egregie
2339 3013 2522 3066 Caesar
2561 3012 2880 3078 delectatus,
2924 3013 2980 3066 in
3012 3014 3275 3069 honorem
3314 3012 3542 3083 Antipa-

1949 3113 2116 3170 trum,
2144 3113 2203 3158 ut
2241 3105 2543 3174 oportebat,
2590 3105 2734 3158 inter
2779 3104 2986 3159 amicos
3027 3105 3247 3172 recepit,
3282 3103 3539 3161 Romanae

250 3204 481 3274 direxit,
526 3217 586 3264 ut
631 3207 872 3265 Iudaeam
911 3211 1014 3266 sibi
1046 3208 1380 3282 adjungeret,
1417 3211 1843 3282 Pompeiumque

1949 3213 2073 3253 eum
2100 3196 2409 3266 reipublicae
2436 3196 2734 3252 honoribus
2761 3195 2957 3261 all‘ecit,
2974 3204 3296 3265 czeteraque,
3328 3203 3540 3267 utpra-

249 3318 281 3353 a
317 3308 465 3371 tergo
492 3309 726 3372 urgeret.
755 3301 863 3359 Sed
891 3303 945 3358 in
979 3274 1719 3371 exordiovtentamentorum,
1751 3274 1842 3361 ubi
1866 3274 1916 3337 ρ
1948 3288 2076 3344 b3“)
2107 3287 2209 3342 “ibi
2239 3285 2380 3351 νίνον
2425 3285 2613 3355 ενθιὶω
2652 3300 2762 3340 sum
2795 3285 3021 3356 ρίεησνει
3051 3285 3375 3355 imperiunm
3419 3285 3536 3342 ΗῙΥ·

251 3389 321 3445 ad
371 3388 551 3447 locum
597 3395 871 3463 pervenit,
919 3400 1128 3450 "veneno
1178 3395 1535 3465 interemptus
1582 3390 1843 3450 infectum

247 3481 473 3551 reliquit
517 3484 810 3553 negotium.
859 3484 977 3552 Quo
1017 3494 1294 3556 comperto
1340 3484 1650 3557 Pompeius,
1699 3488 1844 3557 quod

247 3562 594 3628 Aristobolus
623 3572 677 3627 in
722 3572 907 3629 Judtea
950 3575 1189 3630 rediviva
1240 3576 1341 3632 sibi
1371 3576 1509 3632 bella
1534 3590 1842 3648 praeparare

248 3668 593 3729 tentaverat,
626 3666 790 3719 etiam
836 3663 1005 3720 lilium
1035 3667 1154 3736 ejus
1193 3665 1560 3723 Alexandrum
1602 3666 1839 3737 iugulari

238 3754 429 3827 jussit.
471 3753 665 3811 Postea
701 3766 832 3810 vero
861 3768 933 3811 ex
955 3756 1199 3826 Pompeii
1234 3757 1510 3828 plerisque
1557 3758 1840 3814 familiari-

240 3842 354 3903 bus
403 3846 694 3902 amiCitiam
744 3845 975 3903 Caesaris
1017 3846 1397 3920 expetentibus
1460 3851 1838 3922 praecipueque

268 3935 626 3991 ncredibilem
654 3937 711 3991 in
762 3937 981 3992 modum
1010 3938 1297 4007 Antipatro
1339 3940 1636 3995 amicitiam
1680 3952 1839 3996 suam

247 4023 553 4082 aﬂ'ectando
586 4027 795 4093 tribuit,
828 4035 883 4083 et
916 4028 1019 4082 hoc
1045 4028 1123 4084 ita
1149 4030 1394 4100 contigit.
1428 4031 1642 4085 Etenim
1676 4032 1841 4089 Ptho-

242 4116 493 4183 iomaaus,
523 4116 742 4189 Egypti
773 4128 889 4186 rex,
936 4118 1099 4174 ﬁdem
1143 4119 1358 4176 laeserat
1401 4123 1723 4191 promissam
1741 4165 1756 4191 ,
1782 4135 1841 4180 et

247 4208 320 4263 ab
366 4206 483 4277 ipso
512 4207 726 4265 Cmsare
768 4208 923 4264 hellis
974 4210 1311 4282 gravissimis
1353 4214 1720 4281 premebatur.
1770 4215 1839 4271 Ut

247 4298 650 4372 “prtemisimus,
708 4290 1076 4371 Pergamenus
1138 4296 1442 4358 Mitridates
1498 4318 1626 4357 cum
1688 4305 1838 4360 omni

241 4405 413 4446 manu
441 4406 604 4461 quam
646 4405 831 4446 secum
862 4390 1090 4447 duxerat
1134 4399 1195 4445 ut
1223 4391 1429 4445 auxilia
1469 4390 1670 4448 Caesari
1702 4409 1839 4465 prae-

228 4480 424 4548 beret,
452 4481 484 4536 ᾗ
522 4480 817 4538 Pelusiacis
854 4481 1102 4551 repulsus
1130 4482 1443 4550 obstaculis,
1472 4484 1529 4537 in
1557 4485 1692 4539 urbe
1735 4485 1837 4541 As—

241 4575 366 4633 cale
400 4579 692 4644 resederat,
724 4579 1010 4649 desperato
1044 4579 1279 4633 transitu
1323 4589 1381 4633 et
1426 4588 1624 4635 conatu
1655 4582 1830 4636 irrito.

239 4664 362 4726 Nec
380 4667 495 4740 jam
522 4685 579 4725 se
608 4672 945 4725 committere
987 4670 1127 4725 bello
1156 4670 1408 4735 audebat,
1437 4670 1571 4726 locis
1602 4670 1839 4740 iniquio¥

238 4763 399 4822 ribus
434 4771 491 4821 ‘et
528 4766 703 4836 impar
731 4764 953 4820 viribus.
983 4764 1081 4819 Cui
1106 4762 1388 4834 Antipater
1413 4762 1623 4818 Arabas
1654 4764 1831 4834 primo

239 4846 305 4913 in
352 4846 609 4912 auxilium
661 4854 879 4922 ascivit,
924 4854 1116 4911 deinde
1164 4857 1266 4910 tria
1308 4854 1477 4909 millia
1518 4855 1831 4910 Judzeorum

239 4968 370 5009 cum
404 4944 580 5007 valida
622 4967 784 5006 manu
814 4958 870 5007 et
898 4950 1105 5005 munita
1144 4950 1310 5004 armis
1341 4960 1524 5004 secum
1554 4946 1827 5015 perduxit.

239 5032 548 5098 Commovit
575 5042 738 5095 etiam
781 5038 950 5112 Syriae
978 5044 1225 5110 potentes
1244 5038 1303 5092 in
1340 5036 1707 5107 adiumentum
1751 5037 1831 5107 ip—

241 5126 634 5201 sius,'quoru'm
660 5130 784 5184 freti
810 5131 1066 5185 societate
1097 5129 1259 5183 etiam
1290 5126 1382 5182 alii
1408 5127 1591 5198 populi
1619 5127 1686 5181 ad
1714 5127 1834 5182 bel-

238 5208 359 5274 ium
407 5218 617 5275 accensi
666 5214 808 5273 sunt.
855 5218 1063 5286 Quibus
1110 5215 1376 5287 adjunctis
1406 5216 1618 5273 viribus
1660 5216 1836 5273 fretus

242 5300 570 5376 Mitridates,
594 5304 871 5365 Pelusium
900 5309 1150 5364 arcessit.
1181 5302 1249 5362 Et
1277 5320 1399 5363 cum
1432 5308 1664 5363 transitu
1708 5322 1838 5377 pro.

244 5396 548 5466 biberetur,
584 5400 918 5456 obsidionem
949 5401 1176 5457 adorsus
1219 5407 1321 5456 est.
1368 5399 1487 5467 Quo
1517 5399 1635 5455 loco
1678 5399 1834 5454 Anti-

216 5486 402 5565 'pater
436 5492 755 5563 praeclarum
792 5491 999 5546 militiae
1032 5492 1414 5567 documentum
1450 5491 1615 5546 dedit.
1648 5489 1831 5562 Siqui-

243 5581 395 5649 dem,
426 5580 802 5637 resistentibus
831 5582 1133 5651 oppidanis,
1162 5598 1286 5638 cum
1320 5596 1530 5638 summa
1561 5582 1614 5636 vi
1656 5582 1832 5636 utrin-

246 5687 356 5743 que
398 5670 789 5739 decertaretur,
836 5675 1043 5743 primus
1087 5690 1211 5730 cum
1258 5677 1401 5741 suis,
1449 5674 1662 5744 dirupta
1700 5690 1829 5731 mox

249 5774 533 5819 murorum
560 5773 713 5834 parte
756 5765 809 5817 in
850 5776 953 5834 qua
994 5766 1108 5834 ipse
1145 5766 1509 5836 praebebatur,
1541 5767 1729 5821 urbem
1758 5768 1830 5822 ir-

251 5848 402 5926 rupit
438 5869 665 5926 eamque
697 5856 857 5927 cepit.
903 5854 1013 5912 Nec
1054 5864 1235 5912 tamen
1282 5857 1373 5914 hic
1420 5858 1541 5912 linis
1582 5857 1830 5915 laborum

1951 3394 2088 3434 cano
2133 3379 2297 3433 etiam
2344 3392 2614 3432 summum
2661 3376 3021 3433 sacerdotium
3070 3391 3169 3444 per
3213 3377 3539 3437 sententiam

1946 3468 2215 3539 Antipatri
2264 3468 2452 3523 volens
2498 3466 2756 3521 ﬁrmavit.
2789 3466 2892 3534 Qui
2939 3468 3105 3523 etiam
3151 3469 3218 3523 ab
3262 3467 3536 3537 Antigono

1944 3561 2243 3617 Aristoboli
2292 3560 2406 3615 ﬁlio
2459 3560 2601 3628 apud
2659 3559 2929 3616 Caesarem
2978 3575 3103 3615 cum
3163 3569 3534 3627 accusaretur,

1940 3654 2090 3723 quod
2130 3653 2251 3722 plus
2295 3652 2542 3721 partibus
2576 3650 2819 3721 Pompeii
2846 3650 3071 3716 faveret,
3104 3665 3212 3706 non
3240 3650 3537 3711 verborum

1944 3746 2229 3816 Antipater
2246 3744 2491 3800 referens
2503 3745 2696 3811 vicem,
2721 3744 2817 3799 sed
2836 3744 3127 3803 verborum
3150 3744 3505 3805 assertionem
3518 3783 3533 3809 ,

1945 3838 2109 3894 scidit
2142 3845 2370 3902 vestem,
2400 3844 2457 3891 et
2498 3835 2675 3895 nudus
2717 3832 3176 3901 indumentorum,
3196 3834 3405 3905 plenus
3430 3832 3540 3905 vul-

1943 3945 2161 3995 nerum,
2189 3927 2475 3983 diloricato
2503 3926 2726 3992 amictu,
2758 3924 2929 3981 oculis
2952 3924 3423 3989 circumstantium
3447 3923 3536 4001 in-

1943 4021 2082 4077 dicia
2108 4019 2366 4074 virtutis:
2400 4018 2502 4083 En,
2535 4016 2731 4087 inquit,
2756 4014 3137 4075 malivolentiae
3172 4029 3306 4073 meae
3340 4014 3396 4079 in
3423 4012 3540 4075 Cae-

1942 4127 2122 4168 sarem
2163 4109 2511 4167 testimonia:
2540 4106 2835 4163 defendant
2875 4121 3061 4173 reum,
3108 4121 3229 4177 qua:
3273 4114 3534 4177 tanquam

1940 4203 2147 4258 iumina
2172 4201 2342 4255 animi
2366 4201 2586 4255 micant.
2609 4198 2719 4255 Has
2740 4213 2869 4270 ergo
2890 4198 3172 4255 cicatrices
3197 4187 3535 4264 tibi.Ctesar,

1940 4293 2233 4350 voluntatis
2252 4292 2478 4345 internae
2500 4288 2715 4344 obsides
2742 4288 2947 4343 tribuo.
2970 4286 3097 4344 Haec
3118 4302 3218 4359 ego
3244 4286 3371 4343 ﬁdei
3398 4302 3533 4343 mem

1938 4386 2150 4455 depono
2178 4383 2426 4454 pignora,
2454 4387 2511 4435 et
2535 4380 2828 4450 inscriptos
2856 4377 3041 4448 apices
3063 4392 3219 4450 gero.
3241 4375 3299 4432 Si
3326 4376 3537 4433 civibus

1938 4494 2048 4534 non
2077 4477 2339 4541 creditur,
2371 4477 2556 4530 hostes
2599 4473 3007 4543 interrogentur
3041 4486 3145 4541 pro
3167 4486 3279 4540 quo
3306 4469 3533 4527 vulnera

1936 4570 2031 4625 illa
2074 4569 2430 4639 susceperim.
2458 4565 2599 4632 Quid
2629 4566 2686 4620 in
2720 4579 2807 4621 me
2833 4564 2999 4628 aliud,
3025 4563 3131 4619 nisi
3162 4562 3323 4619 tidem
3364 4575 3531 4633 quam

1857 4636 1913 4699 Β
1938 4665 2034 4718 tibi
2069 4636 2409 4725 deferebam,
2458 4656 2962 4728 persequebantur?
3002 4654 3077 4709 At
3106 4652 3343 4722 obiectat
3392 4651 3523 4709 mihi

1936 4752 2174 4823 Pompeii
2219 4751 2471 4823 gratiam.
2519 4749 2586 4803 Et
2632 4747 2829 4813 fateor,
2872 4745 3071 4810 Casar,
3110 4759 3212 4813 ,me
3261 4757 3367 4805 non
3419 4740 3524 4805 ho-

1934 4846 2091 4910 mini,
2114 4844 2209 4900 sed
2236 4842 2441 4897 nomini
2474 4841 2717 4898 Romano
2739 4840 2975 4897 amicum
3002 4836 3194 4903 fuisse,
3222 4836 3386 4906 idque
3408 4843 3528 4891 stu-

1930 4936 2117 4991 duisse
2143 4934 2358 5006 egregie
2398 4940 2459 4987 ut
2498 4941 2696 4989 vestra:
2736 4928 3048 5001 reipublicae
3079 4941 3205 4985 mea
3420 4926 3524 4987 im-

1933 5029 2323 5101 penderentur.
2349 5026 2572 5083 Militavi
2606 5027 2795 5095 itaque
2820 5038 2930 5079 non
2956 5022 3079 5088 uni,
3112 5022 3209 5079 sed
3251 5021 3521 5079 omnibus.

1934 5121 2124 5176 Fuerit
2160 5120 2295 5175 mihi
2314 5119 2520 5175 clarus
2547 5116 2835 5187 Pompeius
2857 5152 2872 5182 ,
2900 5114 2999 5169 sed
3024 5120 3153 5169 ante
3190 5112 3325 5169 mihi
3357 5111 3527 5181 cmpit

1926 5211 2027 5269 ille
2050 5227 2172 5267 esse
2192 5212 2436 5277 amicus,
2466 5224 2628 5279 quam
2656 5205 2856 5262 ϐωτί
2888 5213 3037 5261 esset
3070 5203 3343 5261 inimicus.
3376 5202 3524 5258 Tuus

1932 5302 2026 5357 ilic
2050 5317 2216 5373 gener
2242 5310 2392 5365 erat,
2418 5309 2477 5355 et
2496 5310 2557 5354 tu
2592 5312 2748 5355 socer
2777 5295 2939 5355 illius.
2968 5294 3101 5351 Cum
3131 5295 3361 5355 essetin
3387 5308 3518 5365 par-

1928 5397 2081 5452 tibus
2117 5396 2315 5452 Iudaea:
2346 5394 2462 5465 juvi
2509 5400 2570 5447 ut
2609 5391 2916 5447 Romanum
2954 5388 3357 5458 imperatorem.
3402 5386 3519 5447 Non

1936 5497 2117 5545 tamen
2146 5504 2211 5543 ea
2232 5505 2337 5559 pro
2367 5487 2491 5552 illo,
2512 5500 2643 5554 quae
2666 5497 2765 5554 pro
2788 5492 2875 5549 te,
2905 5482 3101 5553 excepi
3122 5480 3365 5541 where.
3398 5480 3521 5539 Tibi

1933 5583 2169 5653 impendi
2200 5583 2365 5636 vades
2390 5579 2603 5642 mortis,
2626 5586 2681 5633 et
2706 5577 2849 5632 ictus
2876 5575 3105 5631 telorum
3132 5574 3322 5645 excepi
3342 5574 3520 5633 busti-

1934 5672 2089 5728 lium.
2122 5673 2223 5728 Ubi
2248 5665 2531 5740 Antipater
2560 5670 2723 5723 ﬁnem
2753 5667 2967 5723 dicendi
3002 5666 3152 5733 fecit,
3178 5666 3361 5722 Cmsar
3386 5678 3515 5734 pro-

1934 5765 2146 5821 nuntiat
2176 5764 2401 5832 digium
2430 5759 2603 5831 magis
2638 5757 2946 5817 sacerdOtio
2976 5756 3271 5813 Hircanum
3300 5753 3466 5811 videri
3496 5770 3510 5807 :

1932 5856 2215 5928 Antipatro
2248 5860 2430 5909 autem
2456 5850 2648 5909 detulit
2670 5846 2958 5923 potestatis
2994 5846 3333 5921 electionem.
3377 5843 3515 5897 Tum
