4008 6456
547 411 692 474 1095

1571 407 1964 468 FRECULPHI
1996 411 2452 472 LEXOVIENSIS
2487 412 2796 472 EPISCOPI

3683 423 3826 482 1096

547 529 639 587 ille
671 527 922 586 eumdem
959 525 1220 581 arbitrum
1259 524 1480 580 honoris
1509 533 1564 580 et
1595 527 1994 584 moderatorem
2027 543 2120 584 ex-
2147 533 2196 592 Α
2227 539 2436 586 terrore
2459 539 2840 586 consternatus
2865 531 3087 588 sensum
3113 533 3327 600 amisit,
3357 543 3524 607 atque
3549 539 3710 593 omni
3739 554 3830 595 so-

546 631 769 692 petcns,
815 627 974 690 atque
1015 617 1070 670 in
1109 631 1233 670 eum
1273 616 1363 684 qui
1403 615 1662 670 honorem
1703 618 1886 682 daret,
1915 633 2124 687 ponens

547 729 861 772 mensuram
899 711 1153 776 honoris,
1186 717 1361 766 astute
1389 709 1521 764 satis
1559 718 1612 766 et
1637 712 1936 766 verecunde
1961 713 2123 767 decus

548 805 732 860 retulit
764 811 818 856 et
855 803 1247 856 incrementum
1289 801 1560 868 potentire.
1601 799 1789 856 Totius
1823 801 1988 855 etiam
2030 801 2124 856 Ju-

547 897 676 950 daete
699 899 1016 964 procurator
1053 891 1227 946 factus
1253 899 1354 944 est.
1395 889 1536 946 Sane
1571 891 1818 962 poposcit
1849 901 1910 946 ut
1939 907 2123 949 muros

543 984 757 1047 Judzeae,
795 983 888 1052 qui
913 981 1056 1038 bello
1081 981 1242 1036 diruti
1269 989 1448 1047 erant,
1480 981 1856 1049 resediﬁcaret,
1884 991 2121 1039 tantum-

542 1089 648 1144 que
687 1073 989 1146 negotium,
1033 1075 1172 1126 datae
1205 1070 1330 1126 ﬁdei
1361 1087 1620 1139 securus,
1664 1081 1720 1127 et
1749 1073 2040 1144 postulavit
2067 1083 2124 1130 et

543 1165 872 1234 impetravit,
903 1177 1092 1234 eaque,
1121 1171 1179 1216 ut
1207 1163 1374 1218 moris
1397 1172 1513 1218 erat
1547 1163 1808 1220 Romanis
1835 1165 2123 1235 imperato-

541 1259 710 1322 ribus,
739 1256 964 1312 arbitrio
987 1255 1214 1311 Caesaris
1235 1255 1288 1310 in
1311 1255 1572 1326 Capitolio
1595 1259 1794 1327 scripta
1817 1267 1978 1313 sunt:
2001 1273 2122 1329 qua:

541 1349 775 1419 insignia
815 1347 1038 1402 honoris
1075 1345 1362 1416 Antipatro
1404 1346 1716 1402 conferendi
1761 1347 1942 1404 Caesar
1977 1350 2122 1405 msti-

541 1439 817 1502 mavisset,
846 1445 906 1492 ut
933 1447 988 1492 et
1021 1452 1132 1492 sum
1161 1436 1386 1506 iustitiae
1424 1445 1480 1491 et
1517 1437 1836 1492 meritorum
1863 1439 1998 1504 viri,
2027 1455 2123 1509 po-

539 1529 804 1584 steritatis
829 1541 1042 1598 quoque
1076 1527 1366 1598 cognitioni
1391 1527 1588 1582 indicia
1615 1537 1916 1584 exstarent.
1963 1529 2120 1585 Anti-

538 1630 694 1692 pater
734 1637 896 1688 vero,
944 1622 1000 1676 in
1041 1619 1284 1676 Judaaam
1331 1635 1610 1687 reversus,
1659 1622 1837 1692 primo
1881 1637 2118 1688 murum,

539 1727 700 1780 quem
752 1711 1042 1782 Pompeius
1089 1711 1435 1766 destruxerat
1457 1752 1472 1778 ,
1532 1711 1586 1766 in
1631 1719 1866 1768 veterem
1917 1721 2120 1768 statum

539 1801 874 1858 reformavit.
925 1803 1130 1858 Deinde
1173 1801 1478 1858 Iudaeorum
1523 1803 1782 1858 tumultus
1829 1805 2116 1874 repressit,

2229 621 2374 676 lutus
2407 623 2592 693 vigore
2629 623 2826 678 mentis
2873 631 2929 677 et
2974 627 3218 696 corporis
3261 629 3484 698 torpuit.
3531 628 3832 700 Paulisper

2226 719 2408 766 tamen
2445 711 2538 765 ubi
2581 727 2700 766 sese
2729 715 2953 784 recepit,
2985 716 3338 788 interrogavit
3381 719 3662 774 Herodem
3703 723 3830 790 quis

2223 803 2570 872 praecepisset
2599 801 2884 858 Malichum
2919 807 3114 862 occidi.
3149 807 3248 863 Ubi
3283 811 3542 881 cognovit
3567 811 3832 880 exposito

2225 891 2398 947 Cassii
2427 891 2658 946 Romani
2689 893 3034 962 imperatoris
3053 895 3210 964 jussu
3234 909 3485 954 necatum
3504 941 3520 965 ,
3551 901 3714 956 illico
3747 917 3832 954 re-

2223 983 2438 1053 spondit
2474 1001 2488 1037 :
2521 983 2738 1040 Cassius
2763 1001 2894 1057 ergo
2923 995 2980 1042 et
3009 989 3144 1044 mihi
3171 999 3228 1045 et
3259 993 3448 1062 patria:
3483 1007 3628 1048 meae
3661 992 3830 1046 saluti

2221 1073 2356 1141 fuit,
2397 1075 2490 1146 qui
2523 1075 2804 1145 utriusque
2843 1077 3216 1134 insidiatorem
3257 1081 3510 1149 peremit.
3557 1081 3680 1136 Sed
3727 1083 3830 1136 hoc

2223 1166 2340 1220 sive
2379 1172 2526 1220 metu
2561 1165 2792 1232 dixerit,
2837 1167 2952 1223 sive
2993 1168 3070 1222 ita
3111 1171 3376 1236 senserit,
3413 1171 3562 1226 haud
3607 1171 3830 1240 liquido

2221 1262 2387 1324 patet.
2417 1255 2586 1326 Igitur
2613 1255 2914 1328 Antigonus
2935 1297 2951 1323 ,
2985 1257 3140 1328 cujus
3167 1275 3330 1330 supra
3365 1262 3720 1316 mentionem
3749 1259 3826 1314 fe-

2221 1345 2424 1412 cimus,
2452 1347 2744 1404 Aristoboli
2769 1349 2915 1404 ﬁlius
2935 1390 2949 1414 ,
2977 1351 3069 1420 qui
3093 1365 3126 1406 e
3153 1352 3400 1408 custodia
3427 1352 3624 1408 Romze
3659 1351 3824 1406 aufu-

2221 1445 2408 1507 gerat,
2433 1453 2497 1493 ac
2535 1439 2732 1507 saepius
2762 1439 2818 1494 in
2841 1439 3025 1494 Judaea
3057 1457 3224 1496 novas
3261 1457 3350 1496 res
3377 1442 3626 1498 excitare
3657 1441 3824 1496 ntuli-

2221 1539 2308 1586 tus
2335 1539 2440 1597 est,
2477 1531 2568 1601 qui
2603 1531 2918 1588 Ptholomaei
2953 1533 3160 1588 viribus
3199 1534 3628 1605 suti‘ragabatur;
3663 1549 3826 1590 socer

2219 1637 2454 1692 namque
2487 1621 2604 1690 ejus
2635 1622 2998 1679 Ptholomteus
3025 1624 3200 1679 Manci
3221 1624 3384 1690 ﬁlius,
3407 1625 3504 1694 qui
3529 1625 3688 1694 apud
3705 1623 3828 1678 Cal—

2221 1708 2398 1765 cidam
2427 1709 2528 1764 sub
2555 1708 2763 1764 Libano
2787 1709 3092 1777 habitabat,
3117 1719 3312 1766 cuncta
3333 1711 3386 1766 ei
3403 1711 3826 1774 subministrat,

2221 1799 2456 1868 dumque
2491 1799 2698 1868 aliquas
2735 1800 2880 1855 idem
2905 1799 3210 1872 Antigonus
3243 1809 3568 1872 occupasset
3593 1801 3822 1857 Judae-

534 1893 661 1950 ﬁliis
695 1907 826 1949 vero
873 1894 984 1950 suis
1021 1893 1234 1964 negotia
1275 1893 1568 1963 provincia:
1603 1894 1891 1950 commisit.
1935 1894 2121 1964 Itaque
2147 1897 2194 1958 B
2221 1905 2344 1946 rum
2372 1891 2732 1956 munitiones,
2761 1889 3002 1948 Herodes
3039 1892 3114 1946 illi
3141 1893 3380 1948 occurrit
3421 1893 3740 1948 instructus
3769 1891 3824 1946 in

535 1983 783 2040 Faselum
809 2023 824 2050 ,
853 1983 1123 2038 seniorem
1150 1999 1218 2038 ex
1249 1984 1433 2040 liberis
1449 2025 1463 2049 ,
1495 1984 1780 2054 praesulem
1807 1983 2116 2054 Hierosoly-

535 2075 640 2128 mis
679 2081 736 2128 et
775 2073 965 2128 ducem
1005 2072 1208 2128 militiae
1247 2073 1558 2132 constituit;
1597 2072 1864 2128 Herodem
1904 2089 2118 2144 quoque

535 2167 803 2221 minorem
829 2173 992 2232 natu,
1029 2173 1192 2235 atque
1225 2166 1514 2222 admodum
1542 2163 1936 2220 adolescentem
1954 2205 1968 2232 ,
1999 2166 2116 2236 pari

532 2257 740 2314 honore
778 2255 1010 2312 Galilaeae
1047 2257 1307 2328 praefecit.
1351 2256 1452 2324 Qui
1493 2256 1582 2312 ubi
1623 2263 1945 2328 potestatem
1991 2257 2115 2312 ade-

532 2357 660 2418 ptus
683 2355 800 2414 est,
841 2355 1038 2401 natura
1073 2347 1254 2402 acrior
1281 2345 1348 2401 ad
1381 2347 1628 2402 obeunda
1653 2347 1898 2415 negotia,
1933 2347 2116 2402 statim

533 2440 750 2508 ingenio
783 2454 880 2494 suo
901 2438 1186 2494 materiam
1211 2439 1434 2494 invenit.
1461 2437 1766 2494 Laborabat
1791 2439 1938 2495 enim
1958 2439 2116 2508 Syria

533 2543 564 2582 a
591 2529 803 2584 Zechia:
835 2529 1062 2584 latronis
1099 2529 1502 2586 incursionibus
1521 2571 1535 2592 .
1562 2531 1760 2600 quibus
1785 2529 1874 2584 ille
1902 2530 2114 2600 praeda-

531 2619 685 2673 toria:
713 2635 905 2674 manus
941 2619 1192 2688 princeps
1233 2627 1404 2675 totam
1442 2617 1732 2674 infestabat
1755 2619 2112 2690 provinciam,

532 2719 694 2778 atque
735 2709 984 2765 omnibus
1025 2710 1158 2766 locis
1203 2711 1446 2766 infensus
1485 2711 1694 2766 aderat.
1723 2710 1894 2778 Quem
1928 2725 2112 2766 corre-

531 2812 680 2873 ptum
720 2801 957 2875 jugulati
990 2802 1184 2871 jussit,
1227 2803 1531 2872 multosque
1566 2803 1880 2873 praedonum
1917 2803 2116 2858 intere-

529 2894 662 2958 mit,
704 2893 844 2962 quod
884 2893 932 2948 ei
973 2893 1264 2947 maximam
1305 2893 1523 2948 virtutis
1563 2893 1789 2964 gloriam
1824 2891 2034 2964 peperit
2059 2899 2116 2947 et

527 2986 752 3040 uberem
787 2983 928 3056 apud
957 2981 1125 3055 Syros
1151 2984 1400 3056 gratiam.
1457 3005 1464 3012 ι

1133 3097 1362 3154 CAPUT
1401 3096 1492 3152 XI.

527 3192 605 3248 De
635 3207 754 3246 nece
783 3191 1044 3260 Antipatri
1072 3190 1320 3261 genitoris
1348 3187 1592 3261 [iet-adis.
1635 3187 1705 3242 Et
1733 3188 1959 3261 q_ualit_er
1983 3205 2108 3261 gra-

599 3258 980 3340 tiam_Antonii
1020 3258 1126 3313 sint
1162 3261 1334 3330 aaepti
1373 3258 1608 3314 Herodes
1647 3269 1696 3312 et

601 3340 680 3383 ter
707 3347 753 3399 ej
763 3347 842 3382 us.

601 3439 800 3494 Eodem
835 3446 1078 3510 tempore
1119 3439 1320 3494 bellum
1347 3439 1488 3495 inter
1520 3439 1793 3496 Romanos
1821 3440 2105 3508 conflatur,

529 3531 652 3588 dolo
677 3529 852 3586 Cassii
881 3537 936 3584 et
965 3531 1116 3584 Bruti
1145 3529 1358 3586 Caesare
1385 3531 1692 3598 interfecto,
1721 3531 1814 3602 qui
1841 3531 2108 3602 privatum

527 3623 770 3679 habitum
795 3637 1176 3693 supergressus
1197 3621 1398 3688 fuerat,
1423 3623 1476 3676 in
1499 3633 1688 3678 senatu
1709 3638 1900 3695 graves
1921 3637 2107 3693 poenas

527 3713 692 3768 dedit.
721 3713 905 3783 Itaque
931 3711 1150 3768 Cassius
1179 3711 1396 3784 Syriam
1425 3715 1558 3784 petit
1584 3723 1962 3784 occupaturus,
1989 3715 2106 3771 Cte-

526 3819 648 3860 sare
671 3821 801 3860 vero
828 3803 1172 3861 adolescente
1197 3813 1252 3862 et
1279 3805 1515 3861 Antonio
1543 3822 1664 3862 cum
1696 3807 1863 3862 Bruto
1897 3817 1951 3862 et
1980 3807 2108 3864 Cas-

527 3895 606 3950 sio
647 3895 846 3950 bellum
891 3897 1238 3966 gerentibus,
1277 3895 1488 3950 Marcus
1525 3905 1580 3952 et
1617 3895 1836 3952 Cassius
1865 3898 2104 3952 exercitu

525 3989 592 4042 de
618 3987 774 4056 Syria
803 3987 1066 4054 conflato,
1095 3987 1248 4058 cujus
1277 4003 1470 4060 magna
1504 4002 1631 4060 pars
1655 3989 1748 4044 ubi
1779 4005 1910 4044 usus
1935 4005 2106 4060 popo-

524 4076 648 4140 scit,
673 4075 910 4133 Herodes
933 4077 1053 4144 fuit,
1079 4079 1254 4150 ipsum
1285 4079 1499 4147 quidem
1529 4080 1696 4135 totius
1721 4078 1891 4151 Syriae
1917 4095 2109 4150 procu-

523 4173 761 4220 ratorem
800 4165 1122 4235 praeﬁciunt.
1164 4166 1222 4221 Si
1263 4175 1442 4222 autem
1481 4167 1684 4223 bellum
1721 4170 1978 4236 desisset,
2023 4185 2107 4226 rer

523 4261 688 4330 gnutn
721 4271 934 4328 quoque
975 4257 1172 4312 Judaaaz
1215 4257 1437 4314 Cassius
1480 4261 1654 4316 cidem
1702 4277 1762 4317 se
1803 4262 2106 4318 delaturum

523 4347 796 4420 pollicitus
842 4355 944 4403 est.
993 4347 1186 4402 Evenit
1221 4356 1402 4403 autem
1445 4357 1506 4403 ut
1549 4349 1833 4420 Antipatro
1883 4366 2005 4420 spes
2052 4359 2108 4407 et

523 4437 784 4494 fortitudo
829 4437 926 4492 filii
961 4453 1124 4493 causa
1163 4439 1415 4494 interitus
1459 4437 1631 4496 ﬁeret.
1673 4439 1935 4496 Malichus
1957 4457 2107 4496 nam-

523 4539 646 4600 que,
675 4531 769 4600 qui
791 4529 1052 4602 regnandi
1075 4530 1366 4600 cupiditate
1391 4533 1746 4602 aspiraverat,
1775 4531 1971 4587 timens
1995 4531 2106 4588 An-

523 4621 704 4691 tipatri
729 4621 1048 4690 potentiam,
1079 4637 1200 4691 qua:
1225 4621 1424 4676 virtute
1452 4621 1680 4676 llerodis
1706 4621 2098 4688 cumulabatur,
2127 4609 2180 4668 D

522 4727 590 4766 ne
627 4711 1008 4782 impedimento
1049 4711 1166 4780 ejus
1207 4711 1361 4768 ﬁeret
1399 4713 1651 4779 conatui,
1682 4713 1913 4782 quodam
1953 4714 2100 4784 regio

516 4799 715 4869 juvene
739 4802 966 4871 pecunia
992 4810 1270 4871 corrupto,
1295 4802 1524 4858 mixtum
1549 4804 1600 4858 ei
1619 4817 1828 4858 veneno
1849 4803 2100 4873 poculum

523 4895 640 4950 dari
679 4895 985 4966 persuadet.
1027 4895 1204 4965 Atque
1247 4895 1335 4951 ille
1381 4896 1597 4966 quidem
1635 4903 1758 4966 post
1793 4896 2098 4952 convivium

521 4997 765 5043 mortuus
791 4997 904 5054 est,
933 4988 1020 5042 vir
1052 4989 1120 5044 ad
1153 4987 1256 5042 alia
1289 4997 1535 5054 strenus,
1569 4989 1840 5060 rebusque
1867 4989 2097 5044 admini-

522 5079 758 5133 strandis
799 5077 1053 5144 idoneus,
1085 5087 1141 5134 et
1173 5078 1266 5148 qui
1301 5093 1526 5149 regnum
1561 5087 1936 5148 recuperatum
1969 5095 2099 5134 con-

525 5169 759 5225 servavit
793 5169 1048 5224 Hircano.
1077 5169 1318 5226 Herodes
1346 5179 1524 5224 autem
1541 5211 1556 5236 ,
1585 5179 1874 5239 postquam
1907 5170 2098 5226 claris-

523 5263 688 5318 simas
709 5269 936 5333 paterno
957 5261 1130 5318 funeri
1149 5263 1443 5318 celebravit
1465 5263 1771 5332 exsequias,
1785 5262 2098 5332 Malichum,

523 5371 684 5426 quem
727 5363 1004 5410 auctorem
1045 5363 1285 5425 paterna:
1326 5356 1517 5410 mortis
1561 5354 1676 5409 fore
1709 5363 1860 5410 ratus
1893 5363 2008 5421 est,
2047 5363 2102 5411 et

523 5439 824 5496 Judaaorum
869 5449 1086 5513 gentem
1141 5449 1328 5496 contra
1379 5443 1654 5498 Romanos
1701 5442 2060 5498 excitaturum
2081 5483 2097 5508 ,

525 5535 838 5606 deiectoque
876 5535 1110 5592 llircano
1144 5535 1400 5591 facillime
1435 5545 1818 5608 regnaturum,
1857 5535 2096 5603 timebat,

525 5637 654 5683 usus
689 5628 913 5684 consilio
945 5627 1148 5694 Cassii,
1201 5629 1422 5700 ejusque
1461 5629 1660 5700 auxilio
1700 5627 1900 5696 fretus,
1945 5627 2099 5684 Mali-

525 5721 684 5778 cbum
706 5764 722 5788 ,
767 5721 889 5776 dolo
933 5722 1388 5788 circumventum,
1415 5721 1599 5778 multis
1632 5721 1944 5778 vulneribus
1979 5737 2102 5792 per-

525 5813 728 5870 fossum
761 5812 1054 5868 interemit.
1081 5811 1346 5868 Hircanus
1379 5827 1508 5868 vero
1532 5813 1660 5869 dum
1689 5813 1966 5870 assisteret
1985 5853 2000 5880 ,
2036 5827 2102 5868 eo

2216 1981 2366 2036 aditu
2383 1980 2580 2038 Iudaeae
2603 2000 2616 2036 :
2641 1991 2927 2054 postquam
2948 1983 3239 2040 Malicbum
3263 1984 3642 2048 interfecerat,
3671 1983 3826 2052 ejus-

2215 2086 2322 2142 que
2363 2071 2589 2128 fratrem
2634 2072 2844 2130 felicem
2891 2088 2960 2130 ex
3011 2074 3208 2132 ﬁnibus
3251 2073 3450 2130 Judaaa!
3499 2074 3824 2146 pepulerat.

2215 2161 2506 2216 commisso
2539 2161 2726 2232 praelio
2757 2157 3032 2234 superavit
3069 2165 3418 2236 Antigonum.
3455 2164 3598 2220 Hinc
3641 2163 3824 2220 Hero-

2215 2249 2339 2315 des,
2371 2248 2554 2320 fugato
2587 2250 2891 2322 Antigono,
2917 2254 3058 2310 redit
3085 2253 3142 2309 in
3171 2253 3530 2310 Hierusalem.
3559 2253 3678 2309 Pro
3707 2269 3824 2308 me-

2215 2338 2322 2393 rito
2357 2339 2540 2410 itaque
2581 2349 2746 2411 gestae
2792 2341 2874 2398 rei
2915 2343 3166 2398 omnibus
3203 2344 3402 2400 cbarus
3435 2351 3590 2406 erat,
3635 2343 3726 2398 ita
3763 2355 3824 2398 ut

2214 2431 2378 2486 etiam
2399 2472 2414 2498 ,
2443 2431 2640 2502 quibus
2675 2439 2838 2488 antea
2873 2434 3160 2504 despectus
3193 2433 3398 2500 fuerat,
3433 2443 3568 2490 tunc
3599 2435 3662 2490 in
3701 2433 3822 2502 eius

2214 2519 2638 2576 familiaritatem
2665 2537 2784 2578 sese
2810 2524 3076 2592 dederint,
3109 2533 3164 2580 et
3187 2533 3410 2596 propter
3437 2525 3672 2580 llircani
3695 2525 3816 2579 atii-

2213 2612 2457 2668 nitatem.
2495 2611 2756 2684 Namque-
2774 2614 2822 2670 is
2854 2612 3097 2670 Herodes
3123 2614 3236 2684 jam
3263 2615 3474 2686 pridem
3499 2631 3574 2672 ex
3601 2615 3822 2686 indige-

2213 2703 2300 2758 nis
2337 2701 2574 2758 habebat
2599 2717 2824 2758 uxorem
2847 2718 2956 2759 non
2979 2703 3292 2775 ignobilem,
3313 2718 3434 2774 qua:
3461 2703 3624 2758 Dosis
3651 2718 3818 2758 voca-

2213 2791 2394 2858 batur,
2427 2801 2483 2848 ct
2513 2793 2861 2864 Antipatrum
2889 2809 2958 2848 ex
2986 2808 3052 2848 ea
3089 2802 3402 2864 susceperat
3441 2793 3636 2848 ﬁlium.
3673 2793 3814 2848 Tu

2215 2893 2395 2938 autem
2425 2886 2654 2940 duxerat
2681 2883 2992 2950 Alexandri,
3024 2885 3180 2956 cujus
3201 2893 3358 2956 pater
3387 2884 3492 2940 fuit
3515 2883 3812 2940 Aristobo-

2213 2973 2316 3041 lus,
2349 2975 2516 3030 ﬁliam
2544 2975 2920 3043 Mariamnem,
2948 2975 3170 3032 Hircani
3198 2983 3416 3046 neptem
3449 2990 3518 3030 ex
3555 2975 3692 3040 ﬁlia,
3731 2985 3812 3030 at-

2213 3079 2319 3134 que
2347 3065 2474 3120 inde
2501 3067 2616 3136 regi
2645 3065 2880 3122 llircano
2905 3066 3188 3123 familiaris
3217 3075 3354 3122 erat.
3383 3065 3496 3120 Nec
3519 3075 3710 3120 tamen
3735 3067 3814 3120 sic

2212 3155 2452 3214 Herodes
2481 3159 2740 3215 invidiam
2771 3159 3078 3216 declinavit.
3111 3157 3248 3213 Nam
3281 3159 3374 3214 ubi
3401 3159 3590 3214 Cmsar
3611 3167 3670 3213 et
3693 3159 3810 3214 An—

1787 3259 1959 3314 aselus
1983 3247 2109 3328 Tra-
2137 3247 2183 3311 C
2215 3251 2394 3306 tonius
2422 3249 2668 3306 Cassium
2697 3249 3003 3320 Brutosque
3030 3249 3172 3306 bello
3195 3248 3546 3305 Macedonico
3577 3263 3808 3318 oppres-

2213 3357 2336 3398 sere
2371 3343 2646 3408 victores,
2678 3343 2860 3399 Caesar
2887 3344 2944 3398 in
2983 3343 3192 3398 Italiam
3225 3343 3440 3414 regredi
3477 3345 3806 3408 maturavit,

2209 3435 2474 3492 Antonius
2523 3437 2577 3490 in
2629 3437 2842 3508 Syriam
2887 3437 3218 3507 preperavit.
3271 3434 3436 3502 Cujus
3489 3435 3808 3504 conspectui

2211 3527 2494 3582 confestim
2515 3517 2756 3582 Herodes
2781 3527 2970 3592 adfuit,
2996 3525 3290 3594 multisque
3317 3523 3638 3579 muneribus
3657 3523 3806 3578 obla-

2211 3620 2281 3674 tis
2305 3620 2422 3690 ejus
2447 3622 2676 3692 gratiam
2703 3619 3026 3692 promeruit,
3051 3618 3110 3672 in
3133 3625 3345 3671 tantum
3367 3625 3428 3670 ut
3455 3613 3736 3670 Herodem
3755 3625 3806 3670 et

2209 3709 2463 3766 Faselum
2489 3713 2793 3766 tetrarchas
2822 3711 3124 3776 ordinaret,
3153 3709 3431 3777 totiusque
3455 3705 3660 3762 ludam:
3685 3721 3806 3777 pro-

2209 3803 2548 3858 curationem
2573 3803 2653 3856 eis
2683 3802 3060 3864 contraderet,
3101 3799 3348 3870 quamvis
3383 3796 3592 3852 frustra
3621 3797 3802 3866 plures

2207 3889 2516 3948 Iudaeorum
2541 3891 2702 3964 legati
2727 3891 2870 3962 apud
2899 3890 3196 3946 Antonium
3225 3903 3320 3946 eos
3345 3897 3696 3944 accusarent.

2789 4021 3018 4078 CAPUT
3057 4021 3172 4077 ΧΠ.

2208 4117 2501 4186 Antigonus
2531 4131 2750 4186 parvum
2777 4115 3074 4170 Hircanum
3101 4114 3240 4186 patri
3269 4111 3510 4186 tradidit,
3537 4121 3590 4186 et
3621 4127 3796 4186 sacer-

2277 4179 2482 4256 dotium
2507 4179 2628 4240 dolo
2657 4188 2904 4256 suscepit,
2929 4197 2978 4238 et
3001 4179 3226 4255 qualiter
3255 4201 3288 4256 a_
3319 4181 3580 4256 Romanis
3613 4193 3664 4234 et
3689 4179 3798 4234 He-

2277 4255 2423 4320 rode,
2456 4266 2608 4324 capta
2635 4253 3024 4325 Hierosolyma,
3054 4253 3508 4325 comprehenditur
3529 4261 3692 4322 atque
3718 4268 3798 4306 sc-

2279 4327 2392 4380 curi
2418 4321 2696 4392 occiditur,
2723 4321 3057 4396 Herodesque
3081 4321 3177 4377 rer
3195 4321 3549 4376 constituitur.

2277 4440 2448 4511 Igitur
2471 4439 2798 4494 Brazafanes
2819 4479 2836 4505 ,
2864 4439 3192 4494 Parthorum
3217 4443 3430 4514 satrapa
3447 4475 3466 4498 ,
3497 4450 3630 4490 cum
3661 4435 3802 4504 regis

2209 4531 2322 4586 ﬁlio
2361 4531 2600 4596 Pacoro,
2648 4531 2862 4602 Syriam
2901 4539 3021 4600 post
3059 4529 3338 4584 biennium
3377 4529 3690 4598 occupavit.
3719 4526 3798 4581 Ad

2207 4637 2370 4693 quem
2395 4623 2696 4692 Antigonus
2723 4621 2986 4676 accedens
3027 4620 3196 4676 miliia
3231 4621 3432 4676 talenta
3468 4629 3554 4674 est
3585 4619 3796 4690 pollici-

2207 4725 2296 4768 tus
2333 4721 2390 4770 et
2425 4711 2682 4768 mulieres
2718 4712 3038 4783 quingentas
3071 4719 3132 4766 ut
3171 4710 3466 4766 Hircanum
3497 4709 3800 4778 deponeret

2207 4811 2264 4858 et
2289 4804 2340 4858 ei
2376 4818 2598 4874 regnum
2627 4803 2882 4858 traderet.
2914 4801 3118 4868 Quibus
3141 4801 3454 4862 muneribus
3491 4799 3692 4856 Parthi
3721 4799 3800 4852 al-

2207 4893 2351 4960 lecti,
2381 4892 2503 4948 dolo
2532 4891 2824 4947 Hircanum
2850 4877 3282 4948 circumveniunt
3311 4891 3658 4962 Herodisqne
3687 4889 3796 4944 fra-

2207 4995 2346 5042 trem
2373 4986 2646 5041 Faselum.
2685 4985 2788 5054 Qui
2823 4985 2950 5040 dum
2979 4984 3350 5056 Hierosolyma
3387 4981 3626 5054 profecti
3657 4985 3798 5054 regis

2207 5079 2474 5148 colloquia
2503 5085 2770 5148 petentes,
2795 5092 2920 5132 mox
2947 5076 3134 5132 Parthi
3153 5076 3538 5148 jusjurandum
3563 5075 3794 5141 violant,

2203 5171 2495 5226 llircanum
2525 5169 2770 5224 vinciunt
2791 5179 2951 5238 atque
2979 5168 3250 5224 Faselum.
3277 5167 3504 5222 Vastata
3529 5165 3794 5222 Hieroso-

2203 5263 2346 5334 lyma
2386 5270 2548 5330 atque
2577 5259 2839 5330 proximis
2879 5257 3210 5324 civitatibus,
3245 5255 3578 5328 Antigonum
3611 5271 3790 5328 regem

2203 5354 2556 5410 constituunt.
2593 5352 2704 5408 Nec
2735 5351 2906 5408 solum
2943 5351 3076 5414 hoc,
3113 5363 3303 5404 verum
3333 5348 3500 5402 etiam
3535 5345 3790 5404 Faselutn

2203 5457 2258 5502 et
2271 5445 2562 5501 llircanum
2577 5445 2786 5498 vinctos
2810 5444 2862 5498 ei
2882 5443 3216 5498 tradiderunt
3233 5441 3622 5498 verberandus.
3641 5440 3792 5494 Anti-

2207 5554 2376 5611 gonus
2397 5547 2578 5592 autem
2599 5534 2822 5589 Hircani
2845 5533 3060 5602 quidem
3081 5531 3351 5586 auriculas
3371 5531 3626 5586 dentibus
3649 5539 3790 5584 trun-

2207 5637 2313 5695 cat,
2342 5643 2412 5684 ne
2441 5627 2668 5692 solutus,
2691 5627 2854 5682 rebus
2883 5625 3118 5688 mutatis,
3146 5639 3386 5693 unquam
3417 5621 3788 5691 pontificatum

2207 5722 2434 5790 recipiat
2475 5735 2490 5774 :
2531 5721 2602 5774 ab
2645 5718 2868 5789 integris
2891 5717 3036 5772 enim
3077 5715 3336 5770 celebrari
3365 5727 3524 5768 sacra
3555 5719 3786 5778 operta.

2207 5811 2384 5870 Faseli
2433 5825 2562 5866 vero
2605 5810 2806 5864 virtute
2845 5813 3149 5880 prteventus
3189 5811 3274 5860 est
3315 5803 3642 5874 Antigonus.
3691 5795 3786 5868 Qui
