3998 6446
522 442 660 502 H95

1539 405 1928 500 FRECULPHI
1966 427 2422 498 LEXOVIENSIS
2439 414 2763 497 'EPISCOPI'

3608 389 3874 495 ,η’

518 559 674 621 bellis
703 565 847 615 terra
873 556 1116 626 marique
1144 561 1517 625 assurgentem
1541 559 1596 613 et
1631 567 1960 626 repressum,
1983 539 2109 611 ιαπὶ
2129 555 2183 616 Α
2207 555 2308 621 los,
2338 569 2475 624 quos
2512 554 2674 610 simul
2701 569 2892 618 omnes
2916 555 2974 614 in
3002 553 3124 614 sinu
3150 569 3249 612 suo
3271 554 3585 626 continens,
3613 570 3725 612 nec
3749 555 3810 615 in

521 655 644 710 dem
677 651 745 707 ad
768 648 1093 706 deditionem
1135 647 1328 718 coegit.
1377 646 1482 702 Sed
1523 643 1764 704 Herculii
1796 645 2106 706 Maximiani

522 743 695 801 soceri
709 741 791 798 sui
813 749 990 796 motus
1003 739 1270 808 exemplo,
1289 753 1356 794 ne
1371 738 1566 794 iterum
1590 737 1887 810 depositam
1903 753 2107 808 purpu-

525 851 638 890 ram
655 835 709 888 in
731 831 1026 904 perniciem
1047 828 1356 901 reipublicat
1376 839 1638 896 sumeret,
1662 830 1928 901 privatum
1946 827 2110 899 jussit

521 908 712 991 occidi,
742 923 991 997 quamvis
1015 921 1395 992 omnibus'jatn
1435 919 1699 988 ministris
1726 922 1958 984 nefaria.r
1979 937 2107 994 per.

523 1016 818 1074 secutionis
843 1011 1130 1086 exemptis,
1161 1013 1306 1070 hunc
1334 1027 1549 1084 quoque
1580 1013 1633 1068 in
1659 1021 1920 1082 quantum
1949 1028 2108 1068 exerq

523 1125 647 1166 eere
693 1107 871 1180 potuit
897 1112 1299 1178 persecutorem
1352 1105 1512 1176 digna
1563 1103 1770 1175 punitio
1815 1105 2105 1176 ﬂagitaret.

521 1197 864 1256 Constantini
885 1194 1002 1260 ﬁlii,
1032 1193 1254 1266 Crispus
1273 1199 1328 1252 et
1355 1193 1763 1262 Constantinus,
1791 1204 1845 1252 et
1869 1193 2108 1258 Licinius

524 1291 857 1356 adolescens,
883 1287 1078 1344 Licinii
1107 1285 1336 1357 Augusti
1364 1287 1535 1352 illius,
1557 1287 1896 1348 Constantini
1925 1293 2108 1350 autem

523 1402 591 1443 ex
617 1396 805 1442 sorore
839 1397 1030 1453 nepos,
1063 1379 1309 1438 Cmsares
1337 1379 1508 1436 creati
1533 1388 1676 1437 sunt.

1099 1492 1328 1555 CAPUT
1365 1495 1508 1554 XVII

523 1570 602 1654 be
637 1596 848 1654 vesania
875 1593 1013 1666 Arii,
1037 1601 1086 1666 et
1107 1591 1170 1666 de
1193 1590 1392 1662 synodo
1417 1590 1472 1646 in
1495 1588 1680 1666 Niptra
1701 1598 2040 1662 congregata,
2059 1595 2108 1645 et

995 1661 1121 1733 quid
1151 1663 1206 1716 in
1230 1679 1292 1715 ea
1321 1669 1520 1732 gestum
1542 1663 1630 1715 sit.

593 1757 690 1815 llis
727 1757 914 1813 diebus
951 1755 1114 1810 Arius
1144 1751 1523 1808 Alexandriam
1553 1752 1704 1807 urbis
1743 1751 2046 1822 presbyter,
2076 1767 2109 1812 a

523 1841 752 1906 veritate
783 1845 907 1902 ﬁdei
951 1843 1231 1900 catholicae
1257 1843 1508 1908 devians,
1545 1842 1822 1898 exitiabile
1861 1840 2111 1910 plurimis

2209 647 2288 702 eis
2321 644 2450 716 quid
2493 646 2870 706 contineretur
2903 649 3154 720 aperiens
3178 688 3195 716 ,
3223 647 3300 705 ait
3345 647 3412 714 ad
3451 649 3749 724 episcopos
3791 667 3806 702 :

2208 737 2352 797 Deus
2377 751 2474 794 vos
2517 739 2797 798 constituit
2834 740 3174 803 sacerdotes,
3215 747 3268 795 et
3291 745 3624 814 potestatem
3655 739 3815 796 vobis

2209 831 2356 896 dedit
2380 827 2447 885 de
2473 831 2630 891 nobis
2661 845 2876 904 quoque
2895 831 3204 914 indicandi;
3233 840 3288 892 et
3312 831 3436 896 ideo
3461 845 3568 888 nos
3593 847 3626 889 a
3653 833 3814 892 vobis

2209 933 2355 984 recte
2377 923 2708 994 iudicamur,
2738 941 2838 984 vos
2859 935 3040 994 autem
3071 942 3178 984 non
3211 925 3442 1000 potestis
3468 925 3539 992 ab
3568 925 3814 994 homini-

2208 1015 2309 1072 bus
2346 1015 2599 1086 iudicari.
2628 1016 2858 1090 Propter
2883 1016 3024 1090 quod
3054 1017 3153 1082 Dei
3200 1017 3368 1073 solius
3397 1017 3550 1082 inter
3576 1031 3679 1072 vos
3718 1032 3816 1074 exe

2209 1115 2444 1180 spectate
2466 1108 2755 1180 judicium,
2787 1114 2844 1170 et
2867 1118 3049 1166 vestra
3069 1108 3248 1182 iurgia
3270 1123 3620 1181 quotcunque
3654 1117 3814 1184 sunt,

2211 1199 2277 1253 ad
2329 1199 2456 1255 illud
2487 1199 2728 1266 divinum
2770 1207 3119 1267 reserventur
3163 1213 3410 1268 examen.
3441 1197 3560 1260 Vas
3606 1197 3814 1264 etenim

2209 1289 2365 1347 nobis
2385 1308 2416 1346 a
2437 1289 2550 1348 Deo
2581 1291 2693 1347 dati
2723 1293 2854 1350 estis
2877 1291 2975 1360 dii,
3017 1299 3074 1352 et
3095 1291 3423 1357 conveniens
3453 1306 3568 1346 non
3605 1299 3698 1345 est
3716 1332 3732 1354 ,
3761 1298 3820 1344 ut

2209 1387 2372 1442 homo
2395 1381 2601 1458 iudicet
2654 1385 2784 1441 deos
2812 1428 2828 1454 ,
2869 1375 2966 1452 sed
2995 1383 3081 1450 ille
3111 1383 3258 1441 solus
3285 1384 3354 1439 de
3388 1375 3502 1459 quo
3545 1383 3820 1452 scriptum

2209 1486 2338 1534 est:
2379 1468 2524 1536 Deus
2549 1477 2692 1535 stetit
2729 1477 2785 1543 in
2811 1478 3211 1558 congregatione
3247 1475 3468 1540 deorum
3553 1475 3622 1534 in
3650 1474 3822 1539 medio

2211 1575 2384 1621 autem
2412 1567 2537 1621 deos
2558 1565 2828 1620 discernit.
2857 1563 2929 1620 Et
2953 1567 3076 1620 ideo
3098 1563 3182 1620 his
3203 1564 3442 1628 omissis,
3469 1563 3574 1618 illa
3597 1577 3732 1635 qua
3754 1563 3824 1617 ad

2211 1659 2371 1722 ﬁdem
2400 1660 2498 1722 Dei
2538 1660 2834 1732 pertinent.
2875 1659 3084 1731 alisque
3122 1659 3231 1726 ulla
3259 1659 3578 1726 animorum
3609 1658 3824 1719 dissen-

2212 1751 2369 1806 sione
2413 1751 2742 1822 distinguite.
2771 1750 2908 1817 Cum
2955 1753 3074 1811 haec
3102 1751 3358 1820 dixisset,
3403 1763 3618 1816 omnes
3661 1747 3824 1812 simul

2213 1843 2674 1912 querimoniarum
2706 1841 2918 1908 libellos
2941 1838 3105 1914 jussit
3133 1843 3310 1910 exuri,
3341 1855 3415 1910 ne
3435 1843 3827 1906 inuam

524 1943 716 2012 dogma
745 1937 1045 1994 constituit.
1077 1933 1181 2004 Qui
1209 1935 1370 2014 simul
1393 1942 1453 1988 ut
1476 1933 1712 2004 primum
1737 1914 2108 1999 Alexandriae,
2135 1915 2186 1976 Β
2209 1933 2307 1989 ulli
2334 1934 2613 1993 hominum
2644 1934 2917 2000 simulatio
2941 1935 3286 2000 sacerdotum
3305 1975 3323 2003 ,
3349 1933 3448 1998 sed
3475 1933 3828 2000 ecclesiastiv

524 2029 610 2087 vel
639 2037 799 2084 notus
844 2027 931 2083 vel
976 2034 1226 2094 notatus,
1278 2027 1419 2081 inter
1459 2023 1713 2082 confusos
1749 2023 1890 2096 vulgi
1929 2031 2107 2086 secta-

525 2131 672 2179 tores
700 2112 1163 2189 insectatoresque
1185 2115 1360 2174 factus
1383 2127 1496 2180 est,
1533 2117 1601 2172 ab
1630 2115 1935 2174 Alexandro
1963 2115 2110 2186 eius.

524 2211 646 2268 dem
672 2217 801 2266 tunc
823 2208 972 2272 urbis
993 2207 1248 2280 episcOpo
1263 2207 1452 2278 pulsus
1474 2205 1718 2263 Ecclesia
1737 2214 1838 2263 est.
1867 2205 2113 2277 Cumque

523 2303 768 2360 homines
797 2317 933 2372 quos
962 2300 1017 2355 in
1045 2314 1286 2363 errorem
1315 2297 1640 2366 seduxerat,
1673 2299 1837 2358 etiam
1866 2301 1918 2355 in
1970 2299 2114 2358 sediv

522 2394 725 2452 tionem
753 2393 1117 2457 excitaverat,
1141 2405 1250 2460 qua
1293 2393 1360 2446 de
1400 2407 1459 2446 re
1485 2391 1626 2462 apud
1657 2389 1892 2448 Nicaeam
1921 2391 2114 2457 urbem

521 2487 773 2544 Bithiniae
795 2492 1095 2542 conventus
1117 2476 1480 2544 trecentorum
1502 2493 1555 2539 et
1577 2483 1878 2540 octodecim
1903 2483 2113 2555 episcop

523 2595 717 2654 porum
747 2577 927 2634 factus
951 2585 1056 2641 est,
1085 2593 1184 2647 per
1217 2592 1354 2648 quos
1382 2575 1644 2631 Ariannm
1668 2574 1864 2648 dogma
1913 2575 2109 2636 exitio.

519 2673 635 2730 bile
664 2677 719 2728 et
758 2671 1017 2728 miserum
1071 2685 1191 2726 esse
1217 2669 1621 2726 evidentissimc
1643 2695 1650 2700 -
1669 2670 2064 2740 deprehensum
2092 2711 2110 2738 ,

477 2765 480 2772 '
521 2763 701 2834 palam
732 2763 1006 2834 proditum
1033 2777 1097 2816 ac
1119 2757 1467 2829 reprobatum
1492 2769 1593 2815 est.
1632 2757 1996 2829 Undecunque
2042 2759 2114 2816 ad

522 2855 769 2909 eumdem
799 2859 1126 2908 conventum
1153 2847 1342 2921 Syros,
1370 2847 1533 2904 simul
1555 2859 1612 2904 et
1635 2846 1868 2921 Cylicas,
1895 2849 2114 2915 Ριιωιιξι-

521 2961 743 3018 easque,
788 2954 845 3000 et
873 2944 1117 3007 Arabes,
1165 2952 1328 3012 atque
1356 2941 1695 3006 Palaestinos,
1729 2943 1870 2998 inter
1909 2943 2010 2998 hos
2057 2949 2114 3000 et

520 3037 834 3111 Egyptios,
857 3036 1124 3092 Thebaeas
1148 3075 1164 3101 ,
1194 3033 1417 3106 misyos,
1442 3049 1543 3089 nec
1571 3049 1680 3088 non
1707 3042 1765 3088 et
1806 3048 1901 3089 eos
1921 3033 2012 3102 qui
2043 3048 2110 3092 ex

519 3125 906 3197 Mesopotamia
947 3125 1228 3189 oriuntur,
1283 3123 1449 3188 etiam
1485 3121 1679 3178 Persas
1709 3124 1778 3178 ad
1819 3123 2112 3181 concilium

521 3217 733 3271 vniisse
756 3224 990 3272 constat.
1020 3215 1221 3272 Verum
1247 3230 1350 3270 nec
1381 3211 1584 3285 Scytha
1609 3212 1796 3278 defuit,
1824 3215 1902 3270 Ex
1923 3230 2114 3294 eorum

519 3307 690 3362 choro
713 3305 1023 3376 Pontusque
1042 3315 1097 3360 et
1117 3306 1265 3370 Asia,
1283 3303 1521 3376 Phrygia
1543 3311 1598 3360 et
1617 3303 1940 3376 Pamphilia,
1966 3306 2114 3362 viros

468 3383 476 3388 ’
521 3400 933 3472 probatissimos
949 3399 1314 3470 prmhuerunt'.
1331 3397 1840 3465 Atleranthrsces,
1856 3410 1910 3458 et
1931 3399 2110 3458 Maces-

522 3495 710 3559 dones,
736 3492 948 3557 Achivi,
973 3500 1026 3546 et
1051 3491 1306 3560 Epiroten
1335 3501 1390 3545 ct
1415 3491 1500 3546 bis
1529 3507 1744 3560 quoque
1769 3493 1997 3549 interius
2019 3491 2114 3548 ha.-

517 3585 770 3641 liitantes.
817 3583 933 3654 Ipse
968 3593 1063 3636 aut
1092 3581 1448 3652 Hispanorum
1499 3579 1650 3638 valde
1681 3580 1918 3643 famosus
1948 3580 2114 3640 Osius

523 3690 659 3731 unus
681 3676 884 3738 aderat,
899 3681 954 3730 et
975 3673 1136 3730 simul
1159 3671 1405 3742 plurimis
1418 3672 1706 3730 assidebat.
1727 3671 1910 3728 Talem
1933 3673 2134 3743 itaque

517 3768 668 3824 solus
690 3783 720 3820 a
749 3767 988 3822 secundo
1008 3779 1148 3820 unus
1173 3763 1469 3834 imperator
1487 3763 1875 3822 Constantinus
1894 3763 2114 3820 Christo

519 3871 778 3913 coronam
813 3856 1027 3911 vinculo
1071 3855 1220 3925 pacis
1263 3869 1563 3920 exornans,
1599 3871 1698 3912 suo
1743 3855 2016 3912 Salvatori
2045 3855 2114 3913 de

519 3955 745 4010 victoria
775 3953 1119 4008 inimicorum
1147 3960 1202 4006 et
1229 3953 1466 4007 hostium
1503 3951 1616 4008 Deo
1646 3952 1931 4010 docibilem
1961 3952 2114 4008 dedi-

468 4039 477 4046 ’
521 4047 682 4100 cavit.
713 4045 896 4117 Itaque
923 4045 1215 4100 maximam
1245 4045 1464 4102 domum
1495 4045 1838 4117 prmparavit,
1870 4045 1926 4100 in
1957 4060 2113 4118 rega-

523 4135 666 4190 libus
713 4137 1005 4204 imperator
1053 4135 1281 4202 scdcns;
1341 4145 1397 4192 et
1445 4137 1699 4195 subsellia
1763 4137 1817 4192 in
1867 4153 1930 4196 ea
1985 4137 2113 4208 poni

520 4224 839 4296 praecipiens
864 4265 878 4289 ,
929 4239 1049 4292 qua:
1091 4224 1402 4288 sufﬁcerent
1423 4227 1600 4292 ordini
1629 4229 1996 4293 sacerdotum.
2031 4227 2114 4286 Ita

515 4315 806 4371 decentem
837 4327 1150 4384 praeparans
1175 4315 1255 4370 eis
1283 4314 1564 4382 honorem,
1597 4316 1846 4372 invitavit
1871 4318 2109 4388 ingredi,

521 4417 577 4462 et
609 4407 674 4462 de
698 4406 1055 4475 praesentibus
1089 4405 1289 4462 habere
1319 4406 1626 4464 consilium.
1655 4406 1903 4462 introivit
1929 4421 2112 4466 autem

521 4509 576 4556 et
607 4498 724 4569 ipse
769 4497 1022 4568 princeps
1051 4498 1274 4554 ultimus
1303 4515 1427 4554 cum
1472 4501 1660 4570 paucis
1707 4499 1865 4556 laude
1895 4501 2114 4573 dignam

525 4593 609 4648 sui
657 4590 1083 4662 magnitudinem
1131 4591 1363 4657 habens,
1412 4599 1468 4646 et
1496 4591 1797 4651 mirabilem
1829 4596 2107 4666 speciem,

2213 2043 2337 2093 cum
2369 2041 2558 2086 omnes
2581 2029 2868 2094 unanimes
2885 2069 2898 2094 ,
2925 2028 2998 2091 ad
3029 2028 3174 2098 quod
3194 2033 3482 2094 venerant,
3530 2026 3826 2096 negotium

2217 2132 2381 2191 agere
2434 2119 2664 2184 solerter
2708 2119 3072 2191 invigilarent,
3134 2119 3308 2190 igitur
3343 2119 3668 2184 venerabili
3705 2119 3828 2186 luis

2213 2213 2444 2276 concilio
2473 2227 2540 2276 ex
2567 2224 2866 2284 paucorum
2895 2213 3156 2273 memoria
3188 2209 3384 2280 cornici
3431 2219 3632 2282 potest
3662 2225 3827 2284 quam

2213 2305 2394 2380 magni
2443 2303 2794 2369 interfuerint
2849 2303 2962 2362 Deo
3006 2302 3266 2368 amabiles
3321 2301 3463 2370 viri,
3521 2301 3632 2372 qui
3688 2301 3829 2372 leges

2212 2395 2651 2464 ecclesiasticas,
2685 2411 2824 2466 quos
2875 2394 3113 2462 canones
3137 2407 3429 2463 vocamus.
3471 2400 3826 2462 sanxerunt,

2214 2497 2269 2550 et
2289 2498 2606 2558 perversum
2638 2487 2832 2559 dogma
2849 2485 2976 2546 ,Ατῆ
3017 2497 3142 2550 cum
3179 2484 3298 2556 ipsa
3328 2489 3557 2550 auctam
3589 2484 3827 2551 artatur»

2214 2583 2541 2642 matizantcs
2565 2581 2980 2642 damnaverunt.
3014 2577 3138 2643 Fuit
3177 2587 3438 2647 muneres
3477 2577 3535 2632 in
3567 2576 3672 2637 illo
3700 2589 3825 2630 oua-

2213 2671 2341 2728 cilio
2391 2669 2730 2741 Paphnutius
2781 2670 2945 2726 homo
2995 2666 3092 2726 Dei
3125 2677 3214 2732 “et
3279 2663 3503 2736 disrari
3573 2665 3827 2740 partibus

2212 2765 2500 2836 episcopus
2523 2763 2828 2829 confessor,
2849 2777 2916 2817 ex
2939 2759 3046 2819 illis
3068 2775 3206 2830 quos
3223 2757 3596 2814 Maximianus
3623 2757 3826 2814 dextris

2213 2855 2388 2914 oculis
2413 2855 2626 2912 cllassis
2645 2863 2702 2910 et
2725 2853 2952 2910 sinistro
2969 2853 3172 2924 poplite
3192 2851 3432 2920 Succiso,
3464 2865 3572 2922 per
3603 2845 3824 2909 metalla

2215 2939 2586 3006 damnaverat.
2611 2947 2719 3004 Sed
2751 2949 2803 3004 in
2829 2948 2933 3008 hoc
2956 2953 3102 3011 tanta
3129 2946 3389 3010 virtutum
3409 2944 3599 3006 inerat
3625 2943 3820 3015 gratia,

2213 3048 2276 3096 ut
2327 3039 2480 3113 signa
2530 3055 2630 3111 per
2679 3055 2802 3097 eum
2851 3055 2960 3099 non
3008 3041 3188 3101 minus
3239 3053 3409 3114 quam
3460 3037 3688 3094 dudum
3737 3052 3825 3110 per

2216 3132 2490 3200 apostolos
2529 3129 2725 3188 tierent
2779 3135 2955 3190 :‘nam
2987 3139 3042 3188 et
3083 3131 3358 3193 (laniones
3388 3127 3620 3192 tantum
3669 3130 3824 3184 ratio

2217 3219 2440 3292 fingebat
2464 3263 2479 3288 ,
2513 3232 2568 3278 et
2612 3217 2843 3294 aegrotos
2887 3221 3005 3280 sola
3049 3223 3297 3286 oratione
3337 3219 3619 3286 curabat,
3650 3215 3750 3278 sed
3773 3226 3822 3276 et

2217 3312 2380 3372 calcis
2419 3313 2619 3373 dicitur
2668 3315 2843 3374 visum
2894 3311 3194 3376 reddidisse
3217 3354 3233 3379 ,
3280 3319 3336 3370 et
3375 3313 3732 3384 paralyticos
3761 3310 3820 3369 ad

2217 3404 2569 3466 stabilitatem
2592 3421 2882 3480 corporum
2906 3421 3208 3467 revocasse.
3231 3405 3404 3474 Quem
3423 3405 3820 3464 Constantinus

2217 3499 2272 3556 in
2317 3508 2472 3558 tanta
2516 3501 2870 3560 veneratione
2915 3510 2972 3556 et
3016 3500 3211 3558 affectu
3241 3501 3468 3564 habuit,
3509 3509 3574 3560 ut
3630 3501 3818 3570 smptus

2217 3605 2343 3649 eum
2380 3591 2522 3648 intra
2571 3592 2832 3663 palatium
2879 3599 3164 3652 evocatum
3211 3590 3722 3662 complecteretur,
3769 3595 3818 3642 et

2213 3681 2370 3738 illum
2399 3683 2636 3748 oculum,
2661 3684 2755 3754 qui
2771 3683 2826 3738 in
2847 3682 3186 3738 conifessione
3211 3681 3334 3738 fidei
3357 3680 3548 3750 fuerat
3573 3682 3814 3745 evulsis,

2217 3773 2548 3830 avidioribus
2577 3773 2777 3830 osculis
2802 3773 3150 3833 demulceret.
3183 3773 3263 3832 Ex
3293 3788 3488 3838 eorum
3540 3787 3774 3830 numero
3795 3809 3812 3836 ,

2217 3872 2274 3920 et
2304 3863 2350 3919 si
2378 3863 2508 3933 quid
2558 3863 2734 3923 adhuc
2779 3865 3107 3923 eminentius
3151 3863 3317 3922 fuisse
3369 3863 3612 3932 dicitur,
3657 3865 3812 3922 etia-

2219 3953 2497 4026 Spiridion
2553 3955 2842 4026 episcopus
2889 3955 3152 4028 Cyprius,
3213 3955 3298 4012 vir
3340 3970 3487 4014 unus
3517 3971 3586 4018 ex
3629 3956 3812 4013 ordine

2217 4048 2628 4117 prophetarum.
2649 4047 2749 4102 llic
2768 4057 2959 4118 pastor
2982 4049 3186 4116 ovium,
3217 4048 3380 4110 etiam
3406 4047 3464 4104 in
3494 4049 3811 4120 episcopatu

2217 4139 2426 4208 positus
2446 4141 2762 4209 permansit.
2790 4140 3033 4208 Quadam
3059 4155 3192 4196 vero
3215 4147 3370 4196 nocte
3390 4155 3522 4204 eum
3547 4141 3620 4208 ad
3639 4141 3810 4202 mula

2217 4229 2368 4288 fures
2426 4233 2734 4297 venissent,
2781 4243 2839 4289 et
2885 4247 3082 4288 manus
3129 4233 3401 4302 improbas
3451 4247 3571 4302 quo
3613 4232 3809 4294 adium

2213 4325 2510 4388 educendis
2529 4327 2722 4383 ovibus
2741 4323 3004 4392 facerem,
3031 4325 3421 4389 extendissent,
3446 4323 3806 4380 invisibilibus

2215 4419 2535 4490 quihusdam
2569 4417 2799 4474 vinculis
2849 4415 3089 4482 astricti,
3127 4427 3299 4486 usque
3324 4416 3392 4470 ad
3437 4413 3626 4480 lucent
3675 4414 3806 4469 velut

2216 4514 2404 4568 traditi
2464 4513 2762 4567 tortoribus
2811 4518 3244 4582 permanserunt.
3302 4508 3442 4566 Cum
3497 4523 3642 4566 vero
3694 4521 3806 4571 ora

2218 4607 2479 4661 ducturus
2504 4605 2570 4660 ad
2603 4619 2822 4675 pascua,
2853 4603 3155 4659 matutinus
3184 4617 3245 4658 se
3278 4610 3466 4672 ageret
3495 4603 3712 4665 senior,
3737 4600 3804 4654 vi-

521 4685 1021 4753 mimbilioremque
1046 4698 1241 4753 gerens
1255 4684 1572 4755 dignitatem
1587 4685 1811 4756 pudoris
1835 4687 1889 4742 in
1913 4688 2111 4744 fronte.

2221 4699 2300 4752 dit
2322 4697 2550 4766 juvenes
2598 4699 2800 4766 absque
2823 4695 3078 4751 humanis
3099 4694 3328 4750 vinculis
3359 4694 3542 4752 caulis
3587 4693 3806 4764 pendere

525 4775 731 4832 Mittere
757 4791 889 4831 vero
931 4773 1059 4830 sede
1095 4789 1256 4844 quam
1285 4775 1406 4834 aliis
1435 4778 1610 4846 posita
1640 4777 1691 4834 in
1721 4779 1898 4834 medio
1925 4795 2114 4836 eorum

523 4869 700 4934 sedit,
751 4867 924 4938 primo
973 4875 1154 4922 tamen
1200 4876 1426 4936 petens,
1472 4867 1573 4924 hoc
1607 4869 1710 4924 sibi
1736 4871 2115 4941 episcoporum

515 4957 758 5028 jussione
782 4956 1024 5014 concedi.
1069 4955 1222 5014 Tunc
1256 4973 1379 5012 cum
1406 4972 1470 5014 eo
1491 4960 1695 5014 resedit
1715 4961 2116 5018 sacratissimus

518 5048 612 5104 ille
669 5050 889 5104 chorus.
947 5047 1162 5104 Etenim
1215 5063 1338 5102 cum
1387 5063 1453 5112 ex
1499 5051 1752 5106 omnibus
1806 5068 1940 5122 pene
1981 5053 2114 5110 locis

523 5141 761 5212 episcopi
791 5141 1201 5206 convenissent,
1242 5150 1318 5207 et,
1353 5150 1411 5195 ut
1446 5139 1562 5198 ﬁeri
1588 5143 1746 5210 solet,
1790 5145 2018 5202 diversis
2045 5163 2114 5202 ex

527 5231 705 5286 causis
743 5231 883 5288 inter
905 5245 964 5286 se
992 5232 1238 5300 quaedam
1264 5230 1443 5304 jurgia
1471 5233 1818 5300 detulissent,
1851 5237 2113 5308 interpel-

527 5321 740 5378 labatur
792 5321 1103 5392 frequeuter
1143 5340 1174 5378 a
1205 5323 1465 5394 singulis,
1521 5325 1887 5385 offerebantur
1915 5327 2110 5397 libelli,

530 5415 698 5486 eulpae
744 5415 1180 5486 proferebantur,
1211 5426 1268 5472 et
1292 5417 1464 5490 magis
1494 5421 1562 5474 ad
1605 5420 1720 5481 lucc
1748 5435 1911 5490 quam
1948 5421 2015 5476 ad
2059 5425 2114 5480 id

527 5519 626 5573 pro
643 5521 750 5575 quo
770 5515 992 5564 ventum
1018 5507 1214 5572 fuerat,
1239 5510 1449 5566 auiinos
1470 5511 1690 5566 dabant.
1716 5513 1897 5568 Atille
1926 5513 2115 5570 videns

529 5595 672 5662 quod
726 5611 820 5663 per
870 5598 1176 5668 huiusmodi
1214 5597 1394 5671 jurgia
1446 5617 1610 5658 causa
1658 5605 1855 5662 summi
1911 5606 2113 5678 negotii

531 5687 904 5752 frustraretur,
943 5690 1086 5744 diem
1117 5698 1321 5746 certam
1350 5695 1570 5763 statuit,
1603 5714 1711 5768 qua
1745 5698 2114 5769 unusquisque

529 5787 904 5858 episcoporum
937 5789 982 5846 si
1024 5789 1152 5860 quid
1178 5791 1530 5859 querimoniae
1575 5791 1774 5848 habere
1815 5791 2110 5857 videretur,

530 5881 785 5939 deferret.
810 5881 878 5939 Et
903 5899 1024 5940 cum
1047 5883 1358 5952 resedisset,
1387 5888 1624 5972 suscepit
1647 5903 1676 5941 a
1703 5885 1925 5956 singulis
1951 5884 2108 5940 libel-
2139 5963 2154 5970 -

2221 4789 2515 4845 districtos.
2557 4787 2801 4856 Cumque
2843 4801 3065 4842 causam
3099 4799 3257 4842 noxae
3283 4786 3673 4856 comperisset,
3721 4786 3802 4838 ab-

2221 4881 2382 4938 solvit
2409 4896 2682 4946 sermone,
2707 4897 2843 4950 qnos
2873 4877 3084 4935 meritis
3119 4878 3384 4940 vinxerat,
3413 4885 3469 4930 et
3493 4893 3570 4932 ne
3597 4877 3681 4934 eis
3706 4876 3806 4932 ina-

2223 4973 2309 5028 nis
2353 4981 2619 5027 nocturna
2648 4970 2869 5026 cederet
2914 4967 3196 5038 occupatio
3237 4981 3252 5022 :
3292 4965 3510 5031 Tollite,
3541 4966 3744 5038 inquit,
3775 4977 3804 5016 ο

2217 5063 2467 5135 juvenes,
2498 5080 2662 5119 unum
2693 5063 2846 5118 vobis
2875 5065 3124 5125 arietem,
3155 5077 3223 5118 ne
3247 5059 3365 5115 sine
3387 5075 3564 5118 causa
3607 5059 3803 5116 venisse

2222 5155 2510 5210 videamini
2541 5173 2552 5208 :
2577 5171 2739 5224 quem
2766 5153 2958 5208 melius
2995 5167 3155 5223 prece
3183 5165 3348 5222 quam
3382 5149 3534 5208 furto
3559 5148 3802 5221 quaesisse

2223 5256 2572 5316 convenerat.
2605 5243 2848 5304 Traduut
2875 5245 2940 5304 de
2965 5260 3031 5298 eo
3057 5243 3220 5298 etiam
3251 5239 3380 5296 illud
3407 5239 3623 5298 factum
3649 5241 3798 5296 mira-

2223 5341 2329 5400 bile
2347 5361 2359 5394 :
2375 5341 2565 5411 Filiam
2579 5342 2767 5398 balmit
2789 5339 3055 5412 llyrenem
3079 5335 3318 5402 nomine,
3333 5335 3518 5407 quael
3535 5353 3664 5402 mm
3682 5337 3799 5393 bene

2225 5433 2606 5498 ministrasset,
2644 5431 2796 5500 virgo
2841 5428 3091 5494 defuncta
3121 5436 3238 5493 ,est.
3272 5425 3402 5492 Post
3447 5425 3574 5496 ejus
3613 5425 3798 5494 olm

2221 5524 2371 5578 venit
2391 5522 2611 5594 quidam
2635 5521 2824 5583 dicens
2861 5536 2919 5578 se
2941 5520 2994 5575 ei
3027 5519 3300 5590 quoddam
3323 5518 3638 5590 deposimm
3671 5532 3798 5589 non.

2223 5614 2528 5678 mendasse,
2567 5627 2683 5668 rem
2707 5621 2915 5682 gestam
2942 5609 3287 5680 ignoraverint
3313 5617 3475 5678 pater
3500 5627 3516 5664 :

2221 5711 2335 5756 tum
2362 5702 2414 5756 in
2443 5709 2556 5760 tota
2585 5701 2744 5756 domo
2767 5715 3042 5768 nunquam
3071 5699 3214 5768 quod
3241 5695 3598 5768 poscebatur,
3629 5697 3794 5754 iurea-

2221 5801 2335 5848 tum
2366 5801 2467 5848 est.
2498 5792 2828 5855 Persistebat
2859 5789 2949 5849 ille
2976 5789 3068 5862 qui
3095 5787 3578 5844 wntmendaverat
3605 5797 3662 5842 et
3683 5783 3792 5840 dell

2222 5900 2287 5938 ac
2313 5879 2564 5954 lacrymis
2593 5881 2948 5952 perurgebat,
2984 5881 3106 5937 vitae
3143 5894 3360 5954 quoque
3389 5895 3505 5948 sua;
3533 5871 3792 5934 illatum
