3998 6450
328 413 469 476 1197

1415 407 1827 472 CHRONIGON.
1865 443 1938 464 -τη-
1967 411 2136 470 'l'OMl
2171 411 2216 468 ll
2252 413 2378 468 LIB.
2415 411 2505 469 Ill.

321 546 382 588 se
412 544 533 587 esse
566 529 814 594 exitium,
856 526 962 586 nisi
1008 527 1382 584 commendata
1410 527 1704 596 reciperet,
1741 531 1904 580 testa-
1929 535 1982 595 Α
2005 525 2191 580 tudine
2233 523 2534 580 confectam
2575 524 2899 580 seminecem
2921 523 3125 594 jacere.
3163 525 3468 586 Macharius
3491 548 3588 603 per

325 624 506 678 batur.
533 621 817 678 Permotus
846 621 1100 695 iacrymis
1146 619 1262 689 ejus
1304 635 1468 676 senex
1498 620 1565 674 ad
1600 619 1903 704 sepulcrm

323 713 449 770 ﬁlim
477 723 750 784 properat,
777 723 938 782 atque
966 727 1087 768 eam
1115 712 1332 767 nomine
1355 711 1614 766 clamitat.
1639 709 1790 764 Tunc
1815 707 1903 763 illa

324 805 393 860 de
425 805 692 874 sepulcro.
737 803 873 871 Quid
919 805 1032 871 vis,
1077 804 1183 870 ait,
1227 804 1412 874 pater?
1461 801 1902 858 Commendatum

324 897 518 970 inquit,
545 897 688 953 illius
717 899 807 952 ubi
836 898 1097 969 posuisti?
1129 897 1200 953 At
1227 898 1316 952 illa
1343 897 1518 952 locum
1555 897 1846 968 designans
1887 914 1899 949 :

321 989 456 1054 illic,
472 989 548 1044 ait
563 989 803 1044 invenies
815 987 1106 1045 defossum.
1123 989 1420 1061 Regressus
1432 988 1501 1043 ad
1512 989 1748 1053 domum,
1765 1002 1902 1053 rem,

322 1081 464 1136 sicut
489 1081 598 1136 ﬁlia
618 1082 683 1135 de
709 1081 956 1150 sepulcro
985 1083 1355 1159 responderat,
1381 1090 1654 1152 repertam
1683 1079 1905 1135 tradidit

323 1173 648 1242 reposcenti.
682 1171 789 1228 Sed
817 1180 872 1229 et
915 1173 1080 1228 multa
1111 1175 1214 1229 alia
1263 1173 1380 1242 ejus
1406 1180 1554 1244 gesta
1595 1171 1906 1228 referuntur

323 1264 613 1332 mirabilia,
645 1281 764 1336 qua:
799 1267 1096 1322 recentium
1127 1276 1256 1322 tunc
1278 1283 1373 1322 ore
1399 1267 1638 1322 omnium
1661 1266 1903 1334 celebra-

320 1363 540 1418 bantur.
558 1364 705 1418 Talis
727 1364 890 1434 igitur
909 1365 960 1419 in
985 1365 1090 1430 illis
1107 1366 1282 1420 adhuc
1302 1365 1632 1435 temporibus
1648 1362 1902 1440 permulti

319 1455 421 1508 viri
465 1456 520 1509 in
550 1441 806 1511 Ecclesiis
837 1457 1047 1511 Domini
1078 1456 1444 1528 refulgebant,
1471 1471 1537 1512 ex
1567 1455 1762 1526 quibus
1785 1455 1903 1526 plu-

320 1546 444 1600 rimi
465 1547 521 1600 in
542 1546 632 1601 illo
653 1548 882 1604 concilio
905 1547 1142 1613 fuerunt,
1171 1549 1277 1604 Sed
1297 1558 1351 1607 et
1365 1549 1694 1604 Athanasius
1712 1549 1902 1616 eodem

323 1651 565 1712 tempore
617 1642 910 1708 Alexandri
958 1644 1215 1699 diaconus
1260 1643 1614 1700 Alexandrini
1665 1642 1902 1724 episcopi

318 1737 507 1790 aderat
549 1737 790 1792 consiliis
827 1753 1010 1804 senem
1055 1753 1216 1808 quam
1257 1737 1506 1806 plurimis
1549 1735 1764 1805 juvans.
1810 1735 1901 1794 In-

318 1825 508 1888 terfuit
520 1827 683 1894 etiam
701 1843 927 1898 magnus
944 1827 1286 1896 Eustachius,
1307 1827 1658 1882 Antiocheam
1675 1827 1902 1882 sortitus

2005 613 2146 669 idem
2173 622 2382 686 tempus
2410 615 2554 670 illius
2577 615 2862 686 episcopus
2883 623 3016 670 erat.
3040 615 3090 672 Is
3113 617 3202 672 ubi
3236 628 3586 680 cunctantem

2006 705 2247 774 reginam
2269 709 2296 772 ,'
2335 715 2498 778 atque
2519 722 2709 762 omnes
2737 708 2942 779 pariter
2967 708 3060 780 qui
3090 710 3316 766 aderant
3337 753 3353 779 ,
3391 713 3541 771 videt
3569 733 3587 773 :

2003 795 2208 851 Aﬁ‘erte
2231 797 2354 863 huc,
2382 797 2592 871 inquit,
2615 813 2804 854 omnes
2833 814 2951 870 quae
2976 811 3202 870 reperta:
3222 811 3348 858 sunt
3377 815 3588 874 cruces,

2005 897 2056 943 et
2081 905 2200 959 qua:
2236 890 2308 944 sit
2335 905 2454 958 qum
2487 890 2786 960 portaverit.
2814 890 3098 945 Dominum
3122 890 3418 962 Christum,
3445 911 3592 954 nunc

2009 982 2166 1037 nobis
2187 982 2465 1052 adaperiet
2485 981 2648 1037 Deus.
2673 983 2737 1038 Et
2754 984 3028 1056 ingressus
3042 1001 3163 1040 cum
3179 987 3365 1058 regina
3383 989 3592 1059 pariter

2008 1081 2058 1128 et
2085 1074 2296 1150 populis
2325 1075 2392 1129 ad
2433 1088 2551 1128 eam
2573 1091 2692 1144 quae
2719 1076 3100 1142 decumbebat,
3148 1077 3338 1134 deﬁxis
3363 1081 3590 1150 genibus

1961 1174 1968 1179 '
2007 1166 2375 1236 hujuscemodi
2403 1169 2469 1222 ad
2499 1167 2666 1222 Deum
2687 1163 2901 1239 precem
2926 1170 3202 1240 profudit:
3231 1171 3312 1227 Tu
3336 1173 3586 1242 Domine,

2005 1277 2103 1332 per
2133 1262 2466 1332 unigenitum
2500 1261 2693 1319 Filium
2716 1273 2864 1343 tuum
2891 1266 3116 1322 salutem
3141 1270 3326 1343 generi
3351 1271 3587 1328 humano

2005 1369 2103 1424 per
2128 1355 2433 1424 passionem
2455 1355 2632 1411 crucis
2645 1339 2892 1413 conferre
2913 1339 3168 1439 dignatus
3187 1377 3275 1428 es;
3295 1371 3349 1416 et
3367 1379 3511 1426 nunc
3533 1365 3589 1419 in

2008 1447 2314 1504 novissimis
2341 1450 2676 1526 temporibus
2708 1453 2958 1536 aspirasti
2985 1454 3038 1515 in
3063 1458 3228 1512 corde
3253 1459 3458 1514 ancilLe
3481 1467 3587 1527 tua:

2006 1541 2320 1610 perquirere
2349 1541 2550 1624 lignum
2581 1543 2821 1609 beatum,
2853 1544 2906 1600 in
2934 1562 3040 1615 quo
3081 1547 3228 1603 salus
3255 1557 3440 1616 nostra
3490 1566 3588 1626 pe-

2006 1630 2220 1698 pendit;
2274 1619 2498 1686 ostende
2550 1632 2828 1688 evidenter
2859 1638 2926 1690 ex
2971 1635 3056 1690 his
3089 1637 3262 1704 tribus
3301 1654 3420 1720 qua;
3449 1619 3585 1702 crux

1965 1721 1972 1723 ’
2005 1721 2172 1779 fuerit
2191 1725 2259 1779 ad
2288 1725 2623 1780 Dominicam
2653 1726 2900 1798 gloriam,
2932 1729 3016 1782 vel
3045 1745 3165 1799 qua:
3185 1733 3494 1800 exstiterint
3517 1735 3589 1791 ad

2007 1813 2204 1875 servile
2228 1813 2578 1886 supplicium,
2605 1823 2666 1870 ut
2696 1817 2813 1872 bzec
2845 1817 3040 1886 mulier
3061 1835 3180 1890 quze
3209 1823 3468 1890 semiviva
3496 1825 3591 1890 de-

317 1917 559 1972 ecclesiae
603 1896 950 1990 praesulatum
997 1919 1206 1976 meritis
1233 1935 1296 1973 ac
1328 1917 1620 1973 virtutibus
1649 1916 1904 1996 insignis:
1929 1896 1978 1955 Β
2006 1903 2235 2000 cumuli
2265 1907 2448 2000 “alim
2473 1916 2530 1962 ιη
2560 1923 2681 1962 eam
2705 1907 2905 1982 "3"“!!!
2938 1910 3508 2000 salutareconligerit.
3557 1931 3592 1974 ἃ

315 2006 638 2090 Pariterque
681 2009 946 2070 Eusebius
991 2011 1254 2094 Pamphili
1285 2011 1636 2070 Caesariensis
1661 2009 1902 2066 ecclesia:

312 2099 558 2178 pontifex
581 2141 597 2166 ,
621 2102 712 2178 qui
739 2112 982 2172 tempore
1009 2104 1397 2178 persecutionis
1427 2103 1680 2158 nobiliter
1706 2104 1758 2158 in
1799 2101 1904 2162 fide

312 2171 664 2257 perduravit,
719 2199 774 2246 et
821 2171 1112 2256 multorum
1167 2193 1462 2260 illustrium
1518 2195 1902 2272 opusculorum

314 2279 550 2349 scriptor
572 2281 671 2336 fuit
693 2283 1093 2352 sagacissimis.
1118 2283 1390 2340 Praeterea
1405 2296 1462 2344 et
1484 2287 1572 2348 alii
1596 2286 1778 2355 plures
1800 2287 1902 2340 viri

316 2372 686 2440 probatissimi
730 2374 802 2428 ibi
829 2374 1100 2434 affuerunt
1125 2393 1352 2448 quorum
1384 2379 1596 2454 ingenia
1625 2379 1904 2456 sapientia:

315 2468 369 2514 et
390 2461 696 2516 animorum
723 2464 986 2530 virtutes,
1017 2473 1124 2520 tam
1157 2475 1211 2522 et
1236 2467 1467 2540 principi
1499 2486 1658 2538 quam
1691 2470 1744 2523 in
1777 2470 1903 2524 reli-

313 2551 438 2622 quis
481 2553 836 2624 dignitatibus
885 2555 1213 2614 claruerunt.
1249 2558 1390 2635 Ergo
1429 2559 1519 2630 qui
1569 2575 1666 2636 per
1690 2560 1900 2631 singula

314 2641 454 2695 scire
489 2642 717 2697 voluerit
745 2659 866 2714 quae
893 2645 946 2700 in
983 2646 1088 2700 hoc
1122 2654 1272 2717 gesta
1296 2657 1420 2711 sunt
1448 2649 1695 2714 concilio,
1737 2651 1902 2706 omis-

315 2731 392 2786 sis
417 2731 650 2788 aliorum
695 2734 971 2804 epuseulis
1017 2737 1372 2804 ecclesiastici
1422 2753 1640 2800 causam
1683 2739 1900 2794 Eusebii

313 2823 663 2880 Ctesariensis
716 2825 1010 2890 Historiam
1058 2829 1326 2912 perlegat,
1379 2845 1499 2903 quae
1527 2848 1556 2884 ει
1600 2829 1794 2893 Ruﬁno
1843 2831 1899 2884 in

312 2925 558 2974 nostrum
601 2919 958 2992 interpretata
1004 2931 1088 2992 est
1110 2922 1416 2991 eloquium,
1453 2937 1555 2978 nec
1589 2937 1696 2976 non
1734 2922 1900 2977 trium

314 3007 555 3064 virorum
588 3010 881 3076 illustrium
919 3011 1186 3068 Historias
1217 3013 1533 3090 Sozomeni,
1567 3011 1808 3084 socratis
1845 3021 1900 3068 et

313 3097 659 3168 Theodorici.
711 3102 882 3159 Actus
930 3119 1060 3174 vero
1111 3106 1376 3173 civitam
1423 3103 1582 3186 hujus
1641 3104 1900 3188 principis

313 3191 652 3262 Constantini
679 3196 770 3278 qui
800 3196 938 3262 scire
958 3197 1169 3276 plenius
1190 3181 1728 3288 desitie‘rat,—Eusebii
1754 3181 1894 3269 pra:-

2002 1997 2193 2050 mortis
2213 1995 2398 2072 januis
2430 2007 2713 2054 revocetur
2735 1999 2801 2055 ad
2825 2000 3013 2059 vitam.
3039 2001 3106 2072 Et
3129 2018 3251 2070 cum
3283 1995 3397 2074 inec
3421 2006 3590 2074 (lixis—

2001 2093 2102 2151 set,
2133 2085 2379 2142 adhibuit
2405 2089 2582 2158 primo
2609 2106 2770 2145 unam
2799 2106 2866 2146 ex
2895 2093 3098 2162 tribus,
3123 2102 3178 2150 et
3207 2095 3342 2162 nihil
3364 2095 3587 2168 profuit,

2002 2175 2246 2232 adhibuit
2276 2180 2590 2246 secundam,
2613 2188 2668 2235 et
2694 2197 2793 2250 nec
2824 2182 2903 2238 sic
2931 2183 3151 2266 quidem
3179 2185 3380 2268 aliquid
3397 2181 3590 2266 'aetnm

2001 2273 2102 2320 est.
2135 2265 2204 2322 Ut
2235 2284 2366 2324 vero
2395 2271 2606 2324 tertiam
2629 2271 2888 2340 admovit,
2917 2265 3138 2346 repente
3161 2265 3432 2357 adapertis
3460 2294 3589 2355 ggn-

2003 2355 2070 2412 lis
2095 2357 2288 2414 mulier
2309 2363 2673 2432 consurrexit,
2705 2371 2759 2419 et
2789 2366 3088 2430 stabilitate
3114 2355 3309 2439 virium
3345 2381 3587 2451 recepta,

2003 2446 2236 2503 alacrior
2257 2449 2427 2504 multo
2453 2468 2614 2522 quam
2645 2469 2768 2507 cum
2795 2469 2925 2514 sana
2955 2465 3120 2530 esset,
3154 2464 3266 2523 tota
3291 2458 3450 2528 domn

2002 2552 2224 2594 currere
2247 2549 2303 2594 et
2340 2543 2688 2618 magniﬁcare
2716 2543 2928 2600 Domini
2960 2549 3254 2616 potentiam
3284 2551 3466 2633 erepit,
3497 2551 3591 2612 Sic

2001 2631 2237 2694 evidenti
2263 2633 2463 2688 indicio
2495 2636 2680 2709 regina
2705 2637 2818 2706 voti
2842 2653 3064 2712 compos
3087 2639 3298 2708 eﬁ‘ecta,
3333 2631 3592 2718 templum

2003 2723 2291 2780 miriﬁcum
2321 2726 2376 2780 in
2400 2743 2466 2782 eo
2499 2727 2639 2795 loco,
2665 2730 2718 2784 in
2745 2747 2854 2802 quo
2881 2747 3101 2800 crucem
3139 2747 3417 2811 repererat
3440 2739 3592 2818 regia

1967 2815 1970 2818 ’
2001 2817 2299 2876 ambitione
2341 2823 2664 2913 construxit.
2696 2822 2890 2892 Claros
2920 2841 3136 2913 quoque
3169 2831 3366 2904 quibus
3395 2815 3591 2908 cprpus

2000 2909 2340 3003 Dominicum
2371 2911 2549 2976 fuerat
2578 2914 2814 2984 allixum,
2844 2909 3024 3003 portat
3050 2921 3119 2986 ad
3147 2920 3448 3000 liliumpex
3468 2923 3586 3000 qni-

2001 3000 2102 3056 bus
2131 3003 2219 3057 ille
2246 3002 2430 3070 frenos
2449 3009 2772 3078 composuit,
2796 3000 2992 3089 quibus
3010 3020 3255 3079 uteretur
3280 3014 3347 3084 ad
3363 3012 3585 3091 belliin);

1971 3100 2058 3183 ‘et
2085 3108 2152 3148 ex
2198 3095 2318 3150 aliis
2348 3097 2555 3172 galeam
2605 3098 2960 3171 nihilominus
3001 3102 3124 3173 belli
3175 3103 3362 3183 usibus
3403 3114 3583 3180 aptam

2001 3181 2175 3252 fertur
2212 3200 2474 3256 armasse,
2517 3187 2674 3262 Ligui
2703 3205 2830 3256 vero
2871 3191 3041 3272 ipsius
3083 3181 3338 3270 salptaris
3372 3205 3588 3268 partem

313 3256 443 3339 dicti
470 3251 727 3354 opusculi:
763 3251 1207 3351 dehoevtantum
1236 3251 1900 3373 negotio'periegathds
1925 3251 1970 3313 Ο
2001 3277 2191 3373 detulit
2231 3251 2370 3373 lilio;
2398 3251 2615 3352 partem
2633 3251 2762 3340 vero
2803 3251 3273 3368 thecis’argenieis
3310 3251 3583 3362 conditam

312 3389 443 3430 vero
479 3377 548 3431 ad
580 3392 716 3447 opus
761 3379 1068 3462 compendii
1111 3387 1345 3464 ereptum
1374 3379 1576 3466 stylum
1609 3380 1896 3450 scribendo

315 3485 650 3536 revocemus,

876 3586 1104 3654 CAPUT
1141 3586 1326 3654 Χγιιι.

312 3673 391 3742 De
416 3673 616 3744 Helene
641 3675 982 3760 Commmini.
1000 3689 1164 3760 matre
1191 3679 1532 3762 :etgualiter
1553 3697 1762 3749 erucem
1780 3679 1910 3753 Ποῖ

855 3750 1100 3816 υιὶιιίσιιηι
1129 3750 1342 3820 inuenit.

390 3834 489 3896 Per
508 3837 648 3891 idem
677 3847 888 3912 tempus
903 3839 1104 3894 Helena
1125 3839 1671 3912 Constantininmier,
1696 3844 1896 3914 femina

313 3925 750 3998 incomparabilis
778 3931 900 3998 ﬁde,
928 3932 1185 4004 religione
1215 3935 1378 4004 animi
1405 3953 1470 4001 ac
1497 3918 1897 4008 magniﬁcentia

313 4021 602 4091 singulari,
649 4021 803 4098 cujus
833 4041 964 4080 vero
994 4023 1382 4092 Constantinus
1407 4037 1463 4098 et
1499 4038 1645 4094 esset
1675 4031 1816 4098 ﬁlius
1841 4037 1897 4094 et

311 4112 644 4180 crederetur,
661 4114 854 4182 divinis
865 4116 1140 4180 admonita
1153 4118 1448 4190 visionibus
1465 4121 1892 4194 Hierosolymam

311 4203 465 4286 petit,
491 4211 653 4274 atque
689 4206 762 4272 ibi
791 4205 990 4274 locum,
1024 4209 1080 4276 in
1121 4225 1230 4294 quo
1260 4222 1664 4280 sacrosanctum
1696 4230 1895 4286 corpus

311 4290 515 4360 Christi
555 4294 797 4370 patibulo
823 4297 1038 4352 aﬁixum
1067 4290 1417 4373 pependerat,
1447 4304 1516 4361 ab
1539 4303 1731 4369 incolis
1774 4320 1895 4378 per-

311 4384 496 4460 quirit.
692 4387 893 4450 idcirco
937 4390 1003 4444 ad
1035 4389 1416 4456 inveniendum
1464 4393 1695 4456 difﬁcilis
1733 4404 1891 4462 erat,

313 4475 452 4558 quod
485 4475 554 4531 ab
585 4479 822 4552 antiquis
843 4483 1284 4552 persecutoribus
1326 4485 1676 4557 simulacrum
1723 4488 1776 4547 ir
1828 4503 1896 4550 ΒΟ

2001 3369 2286 3440 dereliquit
2329 3373 2384 3426 in
2433 3372 2553 3428 loco
2585 3391 2598 3427 :
2643 3389 2764 3444 qnze
2787 3375 2952 3442 etiam
2979 3393 3125 3432 nunc
3166 3379 3234 3434 ad
3265 3380 3584 3436 memoriam

1998 3461 2232 3517 sollicita
2286 3465 2632 3520 veneratione
2693 3475 2959 3522 servetur.
3024 3468 3195 3524 Filius
3260 3484 3390 3526 vero
3461 3469 3582 3554 ejus

1999 3555 2386 3623 Constantinus
2416 3556 2470 3624 in
2499 3558 2755 3616 honorem
2785 3559 2975 3630 matris
3003 3561 3278 3625 civitatem
3305 3558 3548 3632 condidit

1999 3664 2162 3718 quam
2192 3663 2256 3702 ex
2281 3649 2498 3705 nomine
2524 3650 2666 3706 illius
2692 3650 3064 3722 Helenopolim
3083 3655 3436 3728 nuncupavit.

2575 3760 2802 3821 CAPUT
2848 3763 2990 3826 XIX.

2000 3849 2356 3924 Onagempqre
2391 3851 2569 3922 populi
2610 3810 2940 3922 Hyberoruvin
2973 3810 3032 3919 tet

2400 3924 2535 3983 versi
2558 3923 2660 3986 sint
2689 3928 2756 3989 nd
2787 3923 2945 3998 ﬁdem
2973 3923 3196 4006 ςΙιΓὶδιει,

2069 4010 2184 4079 Qua
2221 4020 2540 4084 tempestate
2569 4005 2787 4086 quidam
2811 4013 3171 4098 Phiipsophns
3191 4015 3462 4086 Merootus
3482 4035 3578 4088 no-

1997 4103 2142 4172 mine
2181 4105 2506 4160 exteriorem
2535 4105 2741 4172 Indiam
2781 4108 2907 4170 dum
2953 4108 3234 4190 luslraudo
3261 4122 3580 4190 peragraret

1997 4194 2142 4270 (quae
2169 4197 2326 4270 longo
2374 4207 2554 4266 tractu
2581 4200 2649 4270 ab
2681 4201 2938 4266 interiore
2964 4203 3154 4284 distai,
3203 4221 3324 4287 qua),
3351 4207 3580 4274 diversis

1996 4287 2194 4360 linguis
2219 4299 2274 4346 et
2319 4291 2631 4356 nationibus
2663 4292 2903 4356 habitata
2928 4303 3028 4363 est,
3070 4311 3232 4372 quam
3253 4297 3402 4368 velut
3422 4298 3580 4368 longe

1997 4391 2261 4452 remotam
2282 4383 2460 4440 nullus
2501 4385 2810 4456 apOStolica:
2833 4389 3234 4458 [medicaminis
3259 4407 3446 4458 vomer
3473 4393 3576 4458 int-
3621 4434 3628 4459 .

1997 4473 2318 4552 presserat),
2339 4491 2368 4534 a
2399 4475 2653 4542 Barbaris
2691 4485 2879 4558 capitis
2901 4487 3062 4552 atque
3085 4479 3440 4554 interemptus
3468 4491 3575 4550 est.
3622 4475 3632 4502 ³

314 4565 541 4630 Veneris
573 4568 749 4624 fuerat
773 4570 1030 4640 deﬁxum,
1073 4581 1132 4640 ut
1159 4574 1203 4630 si
1233 4576 1352 4644 quis
1375 4575 1806 4644 Christianorum
1837 4580 1892 4646 in
1919 4565 2114 4666 ΒΕ).υο
2142 4567 2378 4666 quidam“
2413 4567 2588 4666 pueri.
2625 4584 2759 4640 quos
2811 4571 2864 4638 in
2909 4570 3218 4640 liberalibus
3265 4573 3578 4644 instituerat

313 4654 431 4710 loco
461 4655 734 4713 Christum
763 4659 992 4716 adorare
1024 4661 1301 4732 voluisset,
1329 4662 1594 4734 Venerem
1617 4654 1966 4738 videmur"
1997 4658 2311 4726 όίεοῖριίηίε,
2341 4658 2703 4731 Barbarorunt
2739 4662 3082 4728 miseratione
3119 4667 3380 4734 FQSel'Vilii.
3420 4676 3474 4735 Q!
3497 4673 3571 4731 .ad

311 4745 538 4801 adorare
563 4766 575 4800 :
601 4757 656 4802 et
675 4749 742 4809 ob
767 4751 870 4804 hoc
891 4749 1202 4824 infrequens
1218 4761 1269 4807 et
1291 4769 1428 4823 pene
1447 4756 1702 4822 oblivioni
1729 4737 1916 4823 datus.

311 4832 488 4888 fuerat
532 4835 700 4908 locus.
735 4837 839 4894 Sed
879 4856 1032 4906 cum,
1064 4851 1123 4896 ut
1149 4857 1308 4918 supra
1341 4843 1596 4910 diximus,
1633 4845 1884 4916 religiosa

311 4923 510 4979 femina
552 4938 897 5003 properasset
933 4930 999 4984 ad
1034 4915 1459 5000 lOClilanmleSll
1497 4934 1704 5004 judicio
1745 4932 1889 4996 desi—

311 5025 559 5086 gnatum,
579 5027 772 5073 cuncta
793 5035 860 5074 ex
884 5037 948 5076 eo
967 5023 1191 5092 profana
1217 5033 1269 5079 et
1293 5025 1492 5096 polluta
1516 5027 1809 5100 deturbans
1831 5027 1887 5084 in

311 5105 479 5179 altum
508 5111 748 5180 purgatis
773 5113 1074 5182 ruderibus,
1103 5125 1212 5172 tres
1234 5117 1458 5184 confuso
1478 5120 1666 5174 ordine
1688 5121 1890 5191 reperit

313 5213 524 5254 cruces.
579 5199 682 5254 Sed
738 5203 1059 5260 obturbabat
1109 5209 1304 5278 reperti
1359 5212 1596 5266 muneris
1646 5211 1888 5266 laetitiam

311 5287 734 5360 uniuscujusque
768 5294 943 5348 crucis
995 5296 1286 5368 indiscreta
1315 5299 1638 5370 proprietas.
1689 5300 1889 5354 Aderat

313 5378 530 5460 quidem
577 5387 630 5432 et
665 5379 848 5436 titulus
892 5383 979 5437 ille
1011 5387 1102 5456 qui
1145 5387 1350 5456 Graecis
1391 5397 1446 5443 et
1488 5387 1696 5458 Latinis
1725 5398 1886 5460 alque

223 5545 226 5548 ῃ
313 5453 808 5539 ιἸριιτίιὶοἱεἸίιῑειυὶε
834 5489 863 5526 a
893 5453 1066 5529 Pilato
1089 5453 1266 5534 fuerat
1291 5453 1658 5552 conscriptus;
1693 5453 1886 5542 sed-ne

315 5559 428 5644 ipse
463 5561 678 5630 quidem
706 5563 838 5618 satis
856 5564 1130 5637 evidenter
1156 5567 1418 5624 Dominici
1443 5571 1700 5642 prodebat
1729 5571 1884 5646 signa

312 5651 555 5735 patibuli.
583 5652 719 5726 llinc
740 5651 856 5725 jam
893 5656 942 5710 in
972 5657 1218 5714 humana:
1250 5661 1614 5742 ambiguitatis
1653 5665 1883 5731 incerto,

313 5739 552 5796 divinum
608 5741 812 5814 ﬂagitat
855 5747 1242 5817 testimonium.
1293 5739 1504 5806 Accidit
1558 5752 1608 5822 in
1655 5769 1716 5809 ea
1753 5756 1884 5827 urbe

313 5829 567 5901 primaria
597 5835 888 5906 quamdam
933 5837 1034 5894 loci
1078 5837 1218 5895 illius
1250 5837 1505 5895 feminam
1549 5846 1698 5913 gravi
1727 5832 1882 5916 aegri-

1998 4765 2180 4819 regem
2209 4751 2476 4822 perducti,
2523 4767 2657 4824 quos
2687 4761 2744 4814 ut
2771 4755 3034 4826 comperit
3053 4755 3446 4826 industrios“
3471 4775 3574 4824 no-

1995 4841 2148 4912 biles,
2196 4842 2349 4900 valde
2397 4843 2604 4912 dilexit,
2650 4861 2718 4915 e;
2767 4847 2963 4920 quibus
3021 4846 3358 4918 Frumentio,
3403 4865 3566 4920 quem

1993 4933 2446 5012 perspicaciorem
2471 4936 2910 5006 deprehenderat,
2939 4937 3184 5012 rationes
3203 4955 3326 5008 suas
3347 4941 3573 5001 scrinia-

1994 5040 2096 5104 que
2127 5025 2398 5096 commisit
2429 5045 2441 5080 :
2468 5027 2718 5084 Edesium
2747 5043 2876 5086 vero
2907 5028 3007 5094 sibi
3061 5028 3378 5104 pinsernam
3420 5031 3567 5091 fecit.

1993 5116 2093 5184 Qui
2122 5118 2460 5186 postmodum
2485 5118 2536 5180 in
2561 5119 2968 5192 magnolton‘ore
2991 5113 3568 5204 liabiti,§uitt,'vivente

1993 5225 2146 5280 rese;
2177 5219 2232 5272 et
2267 5211 2319 5264 in
2358 5209 2563 5280 maiore
2588 5218 2706 5278 pust
2736 5210 2878 5280 illius
2907 5210 3112 5280 abitum
3135 5227 3261 5280 cum
3282 5211 3564 5284 otiosius

1991 5317 2150 5377 quem
2195 5301 2462 5370 iizereiiem
2513 5299 2802 5372 reliquerat
2853 5301 3023 5372 regni.
3075 5301 3132 5372 in
3185 5311 3391 5374 tantum
3441 5319 3568 5376 vero

1991 5395 2270 5460 sublimati.
2301 5403 2444 5464 sunt,
2484 5404 2544 5447 ut
2593 5393 2850 5448 ecclesias
2877 5393 3208 5452 fabricarent
3246 5395 3316 5462 ibi
3346 5405 3404 5463 et
3436 5413 3568 5461 ροη-

1991 5485 2258 5552 venticula
2297 5483 2725 5548 Christianorum
2756 5499 2852 5554 per
2900 5484 3017 5548 loca
3063 5485 3274 5552 diversa
3327 5485 3566 5550 celebra-

1993 5585 2130 5643 rent.
2179 5575 2280 5642 Qui
2308 5589 2429 5642 cum
2477 5575 2544 5629 ad
2595 5573 2891 5630 Romanum
2937 5574 3121 5630 orbem
3163 5583 3564 5648 reverterempr

1990 5675 2045 5722 et
2092 5681 2216 5725 suos
2261 5665 2542 5720 visitarent
2585 5665 2935 5741 propinquos,
2991 5676 3046 5734 et
3090 5681 3209 5738 quae
3255 5667 3566 5740 acciderant

1991 5756 2257 5828 episcopis
2315 5765 2598 5812 narrarent
2643 5757 2776 5822 suis,
2835 5765 2960 5814 tunc
3002 5757 3331 5830 Athanasius
3391 5773 3566 5831 nuper

1990 5849 2328 5902 Alexandriae
2375 5849 2656 5919 episcopus
2691 5851 3034 5919 constitutus,
3067 5851 3440 5908 Frumentium
3485 5851 3560 5907 ad

3450 419 3585 476 H98
3681 445 3686 452 ·
