3998 6472
467 377 608 437 1205

1463 371 1850 430 FRECULPHI
1889 355 2348 432 LEXOVlENSIS
2383 369 2690 432 EPISCOPI

3595 375 3738 444 teut

460 499 776 562 peratorum
797 491 1318 563 potentissimorum,
1346 498 1402 542 et
1427 497 1572 544 retro
1587 486 1799 543 saeculis
1824 485 2045 542 fortium
2070 492 2124 555 Α
2141 499 2282 558 pene
2305 502 2402 558 per
2425 503 2642 543 omnem
2671 488 2878 558 orbem,
2901 499 2958 546 et
2981 491 3048 548 ad
3071 492 3302 549 nihilum
3337 505 3468 550 sunt
3490 498 3734 555 redacta.

461 599 528 640 ac
543 581 846 652 sapientum
884 581 1146 638 industria
1183 577 1307 636 fana
1331 596 1395 636 ac
1429 576 1750 634 mirabiliter
1772 578 2038 634 idolorum

462 655 728 732 fabricata
773 673 988 746 templa,
1036 669 1218 731 clausa
1276 674 1423 730 nullo
1483 669 1772 730 resistente
1829 673 2036 729 cultore

2143 565 2238 636 llis
2269 579 2449 652 itaque
2471 569 2637 650 gestis
2650 598 2910 654 prospere
2932 586 3094 642 tertio
3128 585 3294 644 ﬁnem
3318 583 3539 646 decrevi
3563 590 3736 664 impo-

2141 686 2272 728 nere
2299 671 2460 728 libro.
3790 675 3800 682 ‘

517 824 523 830 .
738 817 752 850 ί
1243 823 1251 830 ,

2128 820 3284 852 -ι-ι--ᾑ--ἠ-ῌ-εί

1639 979 1938 1056 LIBER
2011 939 2518 1072 QUARTUS.

973 1211 1201 1284 CAPUT
1239 1213 1527 1286 PRIMUM.

456 1339 698 1408 Quomod
759 1349 874 1411 post
918 1351 1134 1397 mortem
1171 1340 1501 1396 Constantini
1527 1343 1596 1396 ad
1631 1353 1734 1397 tres
1756 1344 1870 1413 ejus
1893 1343 2034 1414 ﬁlios

525 1411 664 1465 orbis
682 1359 948 1465 ﬁomanus
965 1412 1268 1465 pervenerit.
1285 1423 1332 1465 et
1349 1430 1478 1465 anas
1494 1424 1665 1465 partes
1680 1417 2034 1465 unusauisaue

525 1411 664 1487 orbis
682 1411 948 1487 Romanus
961 1412 1268 1482 pervenerit,
1285 1423 1332 1466 et
1349 1430 1478 1483 quas
1493 1424 1665 1482 partes
1680 1411 2035 1487 unusquisque

523 1483 825 1536 obtinuerit.

520 1581 730 1650 interea
750 1585 1052 1666 respublica
1077 1583 1313 1652 fortuitis
1343 1597 1562 1653 casibus
1586 1600 1899 1670 urgebatur.
1919 1601 2033 1658 Un-

449 1687 515 1741 de
545 1685 790 1758 quazdam
822 1685 1130 1742 summatim
1156 1703 1218 1742 ac
1245 1689 1480 1744 breviter
1510 1693 1892 1762 perstringere,
1921 1709 2029 1749 non

447 1794 570 1834 esse
595 1776 1319 1852 incongruum.arbitramur.
1353 1773 1520 1851 igitur
1543 1785 1666 1852 quia
1699 1785 2030 1840 mdiﬁcatore

449 1855 1062 1940 Constantinopolitanae
1091 1872 1326 1927 civitatis
1352 1875 1636 1939 moriente,
1669 1886 1777 1929 tres
1801 1875 1917 1944 ejus
1936 1877 2028 1930 ﬁlii

446 1961 734 2031 imperium
771 1961 1146 2031 susceperunt,
1205 1963 1257 2017 in
1289 1966 1718 2034 praecedentibus
1757 1977 1838 2024 est
1877 1985 2036 2024 enar-

445 2065 644 2132 ratum.
696 2051 986 2110 Sciendum
1020 2067 1198 2110 autem
1254 2059 1377 2127 quia
1411 2075 1532 2113 cum
1574 2059 1692 2116 istis
1747 2061 2036 2132 imperavit

444 2131 804 2201 consobrinus
843 2163 1030 2202 eorum
1077 2150 1296 2210 nomine
1333 2151 1650 2209 Dalmatius.
1702 2155 2027 2210 vocabulum

441 2235 615 2306 patris
663 2219 890 2302 habens,
950 2237 1042 2306 qui
1091 2225 1216 2291 dum
1277 2229 1555 2307 paululum
1607 2242 1944 2312 imperasset,
2000 2261 2032 2299 a

442 2317 704 2386 militibus
753 2331 1109 2400 interemptus
1153 2342 1255 2399 est,
1305 2350 1410 2390 non
1443 2335 1665 2406 jubente
1713 2336 2032 2396 Constantio

439 2429 499 2476 ut
516 2411 878 2488 occideretur,
901 2439 1000 2502 nec
1025 2432 1205 2480 tamen
1233 2426 1574 2496 prohibente.
1598 2429 1676 2484 Ita
1698 2431 1750 2484 in
1772 2439 1880 2486 tres
1903 2447 2030 2502 par-

438 2517 523 2566 tes
545 2509 692 2566 orbis
723 2501 951 2567 Romani
990 2502 1208 2572 redacta
1248 2517 1548 2574 dominatio
1576 2528 1682 2585 est,
1713 2501 2029 2578 Constanti-

436 2617 567 2656 nmn
611 2612 668 2657 et
707 2591 1083 2660 Constantium
1114 2622 1178 2662 ac
1207 2606 1554 2665 Constantem
1581 2612 1722 2667 ﬁlios
1769 2614 2030 2670 Constan-

439 2689 564 2747 tini.
615 2684 682 2747 Hi
739 2690 933 2764 singuli
987 2693 1086 2751 has
1118 2707 1304 2767 partes
1360 2688 1626 2769 regendas
1671 2703 2023 2760 habuerunt:

437 2785 833 2844 Constantinus
849 2788 1034 2860 junior
1057 2800 1251 2847 cuncta
1279 2801 1432 2848 trans
1455 2794 1639 2866 Alpes,
1679 2795 2028 2856 Constantius

437 2895 467 2934 a
489 2879 629 2936 freto
651 2881 999 2953 Propontidis
1016 2884 1202 2939 Asiam
1241 2894 1404 2956 atque
1426 2887 1724 2956 Orientem,
1757 2889 2026 2950 Constans

433 2972 704 3045 Illyricum
758 2976 1076 3048 Italiamque
1103 2985 1160 3032 et
1183 2978 1497 3048 Aphricain,
1531 2979 1829 3038 Dalmatius
1859 2983 2024 3038 Thra-

434 3065 572 3120 ciam
606 3065 1084 3136 Macedoniamque
1109 3077 1164 3122 ct
1200 3068 1481 3124 Achaiam.
1509 3071 1730 3126 Interim
1757 3075 1826 3128 ob
1857 3072 2025 3128 Italiae

431 3153 786 3227 Aphricaeque
797 3141 887 3224 us
901 3157 1205 3225 dissentire,
1224 3161 1407 3216 statim
1423 3159 1806 3218 Constantinus
1827 3164 2028 3220 etCou-

2139 1233 2450 1302 episcopum
2480 1247 2637 1286 suum
2669 1245 2786 1286 rem
2825 1230 3162 1287 contentiose
3199 1232 3542 1303 exagitasse,
3577 1251 3745 1290 rema-

2137 1322 2353 1380 lationis
2392 1321 2608 1378 stimulo
2645 1323 2916 1379 conﬁxum
2935 1365 2949 1389 ,
2979 1323 3122 1394 quod
3151 1323 3316 1379 Arius
3345 1327 3490 1397 apud
3523 1325 3740 1396 plebem

2136 1413 2268 1468 satis
2297 1413 2496 1467 Charus
2525 1404 2836 1467 haberetur.
2873 1409 2997 1466 Huic
3025 1420 3184 1480 atque
3212 1401 3600 1484 hujuscemodi
3643 1415 3740 1470 alia

2137 1505 2474 1574 frequentius
2502 1519 2817 1574 suggerens,
2844 1505 3054 1558 animos
3082 1501 3414 1558 Constantia:
3442 1522 3579 1560 suos
3613 1505 3741 1560 clie-

2139 1595 2230 1649 cit.
2273 1594 2402 1662 Qua:
2433 1611 2558 1648 cum
2599 1595 2740 1650 diem
2769 1583 2981 1649 obitura
3012 1594 3327 1649 visitaretur
3355 1613 3383 1649 a
3415 1595 3743 1652 Constantio

2139 1691 2338 1754 fratre,
2371 1697 2532 1759 atque
2561 1687 2629 1742 ab
2667 1703 2731 1742 eo
2759 1688 2952 1742 blande
2987 1675 3344 1758 religioseque
3376 1689 3740 1758 compellare-

2139 1790 2252 1844 tur,
2277 1779 2804 1837 extremamdicitur
2845 1779 2912 1833 ab
2950 1795 3016 1834 eo
3054 1779 3283 1849 gratiam
3321 1767 3650 1849 poposcisse
3687 1791 3743 1834 ut

2136 1871 2512 1944 presbyterum
2543 1873 2595 1926 in
2627 1870 3050 1926 familiaritatem
3075 1872 3343 1942 reciperet
3360 1914 3376 1938 ,
3405 1881 3463 1926 et
3488 1890 3617 1944 quae
3642 1877 3740 1930 sibi

2139 1963 2298 2018 abeo
2329 1980 2428 2034 pro
2469 1979 2562 2034 spe
2599 1975 2652 2019 et
2695 1963 2868 2020 salute
2913 1975 3332 2036 suggererentur
3375 1968 3622 2024 audiret.
3673 1968 3742 2023 Se

2137 2056 2351 2125 quidem
2379 2055 2491 2126 jam
2531 2071 2598 2110 ex
2637 2055 2757 2110 luce
2791 2055 3154 2110 discedentem
3189 2057 3326 2111 nihil
3367 2073 3603 2122 curare,
3647 2074 3741 2129 pro

2135 2147 2326 2202 fratris
2352 2163 2482 2202 vero
2513 2156 2654 2202 statu
2684 2163 2803 2202 esse
2833 2135 3140 2214 sollicitam,
3178 2165 3246 2204 ne
3274 2145 3415 2205 forte
3444 2168 3550 2222 pro
3577 2152 3739 2206 inno-

2134 2250 2350 2298 centum
2375 2241 2551 2310 pmnis
2582 2241 2736 2310 regni
2766 2241 2848 2296 sui
2877 2247 3158 2311 pateretur
3185 2243 3486 2298 excidium.
3525 2244 3742 2310 Quibus

2133 2319 2225 2388 ille
2251 2331 2476 2388 monitis
2513 2348 2542 2387 a
2579 2347 2768 2389 sorore
2797 2333 3093 2404 susceptis,
3127 2320 3340 2389 ﬁdelem
3375 2350 3480 2405 pro
3517 2351 3582 2391 se
3611 2351 3742 2407 ger-

2132 2438 2308 2478 mana:
2333 2411 2756 2480 sollicitudinem
2786 2423 3015 2479 credens
3035 2464 3050 2489 ,
3079 2426 3513 2480 accommodavit
3545 2441 3740 2481 aurem

2131 2517 2468 2586 presbytero.
2499 2499 2819 2570 Constantio
2853 2528 2982 2569 vero
3009 2505 3078 2570 de
3107 2515 3208 2569 hac
3245 2499 3366 2571 luce
3396 2517 3740 2584 discedente,

2131 2598 2316 2662 liberis
2335 2609 2401 2663 de
2426 2597 2768 2663 successione
2789 2591 3020 2663 Romani
3045 2607 3195 2662 orbis
3219 2617 3615 2663 testamentum
3630 2610 3744 2664 ha:-

2131 2699 2352 2754 redibus
2387 2698 2646 2767 scriptum
2684 2687 2810 2752 dum
2850 2713 2955 2753 non
2983 2694 3253 2765 adessent,
3289 2699 3495 2753 dicitur
3520 2711 3740 2755 secreto

2128 2789 2537 2860 presbyterum,
2588 2803 2750 2858 quem
2788 2803 2819 2842 a
2856 2803 3044 2843 sorore
3084 2789 3530 2844 commendatum
3571 2806 3739 2860 supra

2131 2881 2386 2947 diximus,
2418 2897 2694 2946 evocasse,
2725 2891 2888 2950 atque
2922 2883 3021 2936 sub
3051 2890 3400 2937 sacramento
3427 2883 3733 2938 tradidisse

2130 2974 2273 3044 quod
2303 2974 2618 3044 scripserat,
2649 2974 2776 3030 dum
2806 2988 2872 3028 ex
2899 2975 3183 3030 occasione
3211 2975 3474 3044 praedicta
3506 2975 3631 3044 ejus
3661 2975 3739 3029 fa-

2128 3065 2442 3120 miliaritate
2479 3067 2769 3137 potiretur,
2804 3075 3116 3121 contestans
3155 3082 3222 3121 ne
3257 3065 3386 3133 ulli,
3429 3067 3540 3121 ni~i
3591 3067 3738 3122 Con-

2129 3157 2333 3216 stantio
2358 3173 2478 3212 cum
2515 3145 2782 3222 venisset,
2818 3157 2872 3212 in
2912 3174 3106 3214 manus
3131 3157 3389 3244 traderet.
3423 3145 3528 3213 Cui
3565 3159 3734 3213 etiam

433 3223 587 3300 stans
611 3223 913 3316 coeperunt.
971 3223 1357 3308 Constantinus
1379 3254 1650 3309 latrocinii
1679 3257 1856 3326 specie
1893 3258 2021 3313 dum
2053 3223 2098 3285 ο
2129 3251 2272 3319 quod
2301 3241 2533 3306 eunuchi
2561 3251 2653 3322 qui
2683 3259 2840 3307 erant
2865 3251 2920 3304 in
2949 3251 3149 3321 palatio
3184 3235 3464 3318 favebant.
3498 3263 3621 3308 arte
3655 3253 3734 3307 in-

433 3334 686 3391 incautus
709 3335 960 3408 fmdeque
991 3341 1317 3398 temulentus
1359 3345 1412 3398 in
1436 3345 1610 3400 aliena
1642 3349 1823 3414 irruit,
1863 3366 1894 3403 a
1921 3351 2019 3405 du-

433 3431 590 3486 cibus
633 3431 947 3498 Constantis
987 3433 1342 3490 obtruncatus
1376 3445 1478 3502 est,
1533 3429 1910 3512 projectusque
1963 3445 2020 3498 in

431 3518 690 3589 ﬂuvium,
753 3524 842 3580 cui
909 3540 1107 3580 nomen
1185 3525 1314 3584 Alsa
1373 3537 1486 3596 est,
1563 3545 1671 3586 non
1738 3532 1893 3606 longe
1954 3535 2022 3589 ab

429 3606 702 3685 Aquileia.

1057 3713 1286 3770 CAPUT
1318 3713 1384 3770 II.

435 3789 678 3878 Qualiter
696 3804 1083 3878 perguemdam
1095 3810 1470 3878 presbyterum
1483 3810 1716 3865 Ita'retici
1743 3811 1930 3868 Ariani
1949 3813 2020 3868 ad

647 3867 1059 3940 fu'nu'lioritatem
1086 3867 1417 3932 Constantini
1449 3893 1806 3950 pervenerunt.

501 3975 709 4060 Interea
757 3987 990 4059 maligna
1036 4004 1250 4060 semper
1289 3991 1575 4048 adversum
1622 3993 1792 4048 Deum
1831 4010 2019 4051 verum

431 4058 630 4128 diaboli
667 4058 981 4146 insectatio,
1014 4096 1133 4150 quae
1153 4058 1237 4135 ab
1268 4083 1422 4137 initio
1460 4087 1642 4139 mundi
1677 4101 1847 4155 usque
1877 4102 2022 4140 nunc

431 4179 466 4217 a
513 4163 723 4218 sincero
765 4167 888 4220 ﬁdei
930 4170 1309 4241 religionisque
1351 4177 1596 4240 tramite,
1638 4176 1824 4232 effusis
1867 4193 2021 4233 erro-

435 4269 556 4310 rum
587 4254 814 4324 nebulis,
844 4258 1048 4314 lubrica
1071 4263 1348 4345 hominum
1372 4268 1532 4320 corda
1554 4271 1851 4335 perturbat,
1877 4281 2021 4341 post-

434 4359 620 4416 quam,
651 4346 973 4404 Christianis
1000 4351 1417 4422 imperatoribus
1442 4372 1708 4412 summam
1738 4362 1897 4430 regiae
1927 4379 2021 4431 po-

429 4443 644 4498 testatis
693 4443 746 4497 in
797 4445 1019 4502 meliora
1062 4449 1394 4505 vertentibus
1419 4491 1435 4516 ,
1477 4451 1774 4508 Ecelesiam
1815 4455 2017 4514 Christi

2123 3333 2264 3399 dicio
2291 3344 2356 3398 de
2386 3344 2730 3413 imperatoris
2781 3353 2956 3398 morte
2989 3343 3250 3414 impresso
3275 3361 3451 3415 usque
3485 3345 3556 3401 ad
3583 3344 3732 3400 Con-

2124 3421 2312 3491 stantii
2337 3436 2681 3506 prmsentiam
2703 3477 2717 3501 ,
2747 3435 2932 3490 multis
2956 3451 3094 3490 nova
3129 3436 3475 3492 tentautibus
3502 3452 3732 3507 oppres-

2124 3525 2230 3590 sis,
2257 3511 2521 3580 restitutae
2559 3526 2890 3596 integraque
2927 3530 3196 3580 mansere.
3231 3513 3367 3580 Cum
3409 3541 3546 3582 vero
3586 3526 3732 3582 Con-

2126 3617 2358 3670 stantius
2387 3616 2669 3682 adfuisset,
2701 3605 3002 3686 depositum
3038 3617 3324 3688 presbyter
3354 3617 3428 3672 illi
3463 3620 3727 3674 restitui...

2125 3706 2290 3776 Cujus
2317 3707 2567 3762 beneﬁcii
2596 3707 2772 3778 gratia
2803 3708 3101 3779 imperator
3129 3709 3283 3777 regni
3313 3709 3555 3779 cupidus
3580 3711 3660 3766 ita
3679 3712 3728 3764 ei

2125 3797 2407 3876 devinctus
2433 3806 2516 3852 est
2534 3839 2548 3863 ,
2575 3806 2634 3876 ut
2663 3799 2755 3867 qui
2793 3798 3065 3868 imperare
3095 3800 3306 3855 cunctis
3329 3801 3598 3856 ambierit
3617 3843 3636 3868 ,
3661 3803 3728 3856 ab

2121 3885 2213 3942 illo
2241 3873 2340 3942 sibi
2372 3873 2626 3958 imperari
2655 3890 3032 3959 aequanimiter
3057 3892 3356 3961 pateretur.
3387 3891 3472 3946 Ex
3493 3909 3610 3963 quo
3637 3894 3728 3948 de-

2123 3979 2304 4033 vincto
2349 3972 2451 4032 sibi
2494 3979 2853 4050 imperatore,
2899 3980 3064 4051 cmpit
3106 3981 3172 4036 de
3216 3979 3332 4036 Arii
3376 3983 3728 4038 restitutione

2123 4055 2430 4141 suggerere,
2465 4078 2520 4125 et
2547 4070 2792 4126 nolentes
2821 4072 3165 4141 acquiescere
3189 4072 3512 4128 sacerdotes
3539 4081 3602 4128 ut
3637 4088 3727 4128 co-

2123 4171 2274 4232 geret
2311 4163 2656 4231 persuadere.
2698 4162 2848 4216 Tunc
2893 4161 3186 4218 Eusebium
3225 4162 3568 4220 Nicomedia
3605 4166 3721 4234 epi-

2121 4267 2343 4322 seupum
2370 4253 2617 4322 partibus
2637 4252 2752 4308 Arii
2785 4252 3055 4309 faventem
3072 4295 3087 4318 ,
3117 4264 3458 4328 caeterosque
3488 4254 3613 4325 ejus
3639 4272 3727 4311 so-

2122 4349 2235 4401 cios
2263 4347 2574 4416 imperatori
2607 4346 3056 4402 familiarissimos
3091 4331 3300 4412 effecit,
3341 4349 3724 4404 annitentibus

2121 4441 2223 4495 sibi
2267 4439 2540 4493 Eunuchis
2582 4437 2865 4508 palatinis,
2910 4453 3142 4508 quorum
3189 4439 3402 4495 animos
3447 4441 3722 4496 diabolica

428 4531 548 4589 zelo
568 4534 884 4592 idololatria:
910 4541 1157 4610 persequi
1187 4541 1413 4608 destitit,
1440 4543 1584 4598 aliud
1613 4547 2016 4605 machinamen-

2128 4533 2308 4588 frande
2349 4535 2450 4589 sibi
2487 4534 2822 4589 devinxerat.
2863 4533 3218 4589 Athanasium
3260 4549 3396 4589 vero
3435 4535 3726 4590 catholici:

429 4633 576 4690 tum,
619 4640 726 4696 quo
765 4643 862 4697 per
897 4631 1113 4686 eosdem
1150 4631 1488 4692 Christianos
1524 4636 1878 4708 imperatores
1909 4641 2012 4698 Ec-

427 4717 650 4775 clesiant
673 4731 916 4786 vexaret,
947 4723 1168 4778 invenit.
1199 4723 1288 4780 Fit
1315 4727 1477 4798 igitur
1505 4727 1638 4783 Ario
1664 4732 1792 4785 novi
1813 4734 2015 4788 erroris

429 4816 635 4868 auctori
659 4815 974 4885 ueterisque
1001 4816 1278 4886 discipulis
1305 4819 1474 4888 ipsius
1503 4820 1567 4874 ad
1593 4819 2012 4880 familiaritatem

426 4903 730 4962 Constantii
759 4907 1107 4976 imperatoris
1127 4919 1408 4978 promptus
1425 4911 1601 4967 aditus
1621 4920 1676 4967 et
1705 4913 1873 4968 facilis
1904 4915 2010 4982 via,

426 5003 483 5051 et
519 4997 620 5052 hoe
663 4998 736 5052 ita
783 5000 1028 5054 evenisse
1075 5002 1318 5073 contigit:
1371 5003 1728 5074 Posteaquam
1772 5007 2009 5078 religiosi

425 5088 687 5160 principis
716 5099 888 5146 mater
915 5089 1152 5159 Helena,
1183 5095 1406 5150 summis
1439 5095 1666 5151 Romani
1713 5099 1860 5167 regni
1907 5101 2006 5154 ho-

425 5180 652 5236 nOribus
689 5180 912 5247 affecta,
954 5199 1018 5239 ex
1069 5185 1170 5240 hac
1211 5185 1326 5241 luce
1365 5187 1642 5253 discessit,
1694 5190 2003 5246 Constantia

427 5278 558 5327 tunc
590 5273 780 5328 Licinii
808 5275 1068 5331 derelicta
1095 5277 1279 5332 fratris
1311 5278 1539 5350 Augusti
1579 5279 1782 5334 solatii-5
1813 5283 2002 5336 uteba-

427 5368 535 5416 tur.
576 5363 711 5420 Huie
736 5368 933 5422 accidit
971 5369 1354 5439 presbyterum
1399 5370 1684 5439 quemdam
1719 5371 1901 5426 venire
1947 5373 2001 5427 in

427 5452 705 5520 notitiam,
741 5456 972 5513 latenter
1005 5459 1244 5529 partibus
1277 5459 1464 5514 Ariani
1506 5459 1806 5527 faventem,
1835 5463 1930 5518 sed
1958 5463 2004 5518 is

423 5543 606 5618 primo
637 5549 769 5604 nihil
795 5553 1014 5606 omnino
1051 5553 1118 5608 de
1155 5553 1241 5608 his
1283 5554 1425 5623 apud
1471 5568 1710 5610 sororem
1746 5555 2003 5626 principis

426 5636 689 5708 aperiret.
719 5639 820 5697 Ubi
848 5658 976 5698 vero
1001 5645 1168 5699 multa
1199 5645 1536 5703 familiaritas
1559 5649 1766 5719 copiam
1793 5649 2001 5716 tribuit,

427 5727 684 5799 paulatim
725 5733 890 5800 coepit
927 5748 1228 5791 sermonem
1271 5751 1586 5812 aSpergere,
1626 5741 1879 5797 invidiam
1917 5743 2002 5798 di-

425 5833 562 5880 ceu
588 5821 721 5882 Atio
754 5837 1064 5910 generatam
1085 5853 1104 5896 ι
1128 5841 1184 5886 et
1217 5842 1316 5901 pro
1359 5825 1718 5891 simultatibus
1754 5835 2002 5905 privatis,

2121 4624 2377 4679 Ecclesiic
2405 4625 2743 4680 defensorem
2773 4625 2923 4680 falsis
2945 4625 3419 4682 criminationibus
3447 4627 3724 4690 insectan-

2116 4725 2222 4781 tes,
2253 4716 2386 4772 adeo
2416 4725 2475 4770 ut
2509 4718 2762 4786 princeps
2787 4716 3138 4772 Constantius
3167 4715 3329 4772 vellet
3358 4733 3492 4772 eum
3521 4717 3724 4787 saepius

2116 4807 2466 4873 interimere,
2502 4797 2605 4864 nisi
2638 4809 2725 4880 pia
2752 4807 2846 4862 Dei
2872 4807 3217 4863 Providentia
3255 4808 3324 4862 ad
3351 4811 3723 4864 restauratio-

2115 4914 2238 4954 nem
2265 4899 2519 4954 Erclesiae
2547 4914 2657 4954 sua:
2679 4899 2931 4954 eumdem
2955 4907 3261 4969 protegeret
3286 4915 3352 4954 ac
3379 4911 3721 4955 reservaret.

2114 4989 2283 5060 Igitur
2305 4991 2500 5060 quibus
2525 4990 2844 5046 mirabiliter
2873 4991 3048 5045 modis
3071 4991 3266 5060 smpius
3294 4979 3369 5045 sit
3397 5001 3627 5064 ereptus
3653 4992 3724 5045 de

2117 5081 2367 5136 inanibus
2386 5083 2620 5136 animam
2642 5081 2783 5136 illius
2796 5081 3175 5150 quaerentium,
3190 5079 3585 5138 Ecclesiastiea
3596 5097 3722 5151 qua:

2115 5173 2313 5227 dicitur
2359 5172 2651 5242 Tripartita
2695 5181 2884 5226 narrat
2925 5171 3177 5226 historia.
3229 5171 3350 5241 Ipse
3401 5172 3576 5227 etiam
3619 5178 3716 5242 qui

2111 5279 2322 5335 passus,
2338 5262 2628 5316 ordinatim
2653 5262 2708 5316 in
2739 5262 2850 5316 suis
2876 5259 3042 5316 refert
3070 5261 3368 5331 opusculis,
3399 5277 3503 5318 nec
3529 5279 3638 5317 non
3662 5273 3718 5317 et

2111 5355 2342 5410 Ruﬁnus
2392 5353 2637 5424 prmdicti
2700 5354 2957 5423 temporis
3015 5349 3412 5411 Ecclesiastlcae
3454 5355 3714 5411 Historiae

2110 5446 2359 5516 scriptor.

2724 5536 2953 5594 CAPUT
2990 5525 3075 5594 Ill.

2107 5647 2188 5703 De
2217 5647 2435 5702 diversis
2462 5647 2676 5717 tynodis
2701 5649 2755 5702 in
2784 5648 2970 5718 quibus
2995 5646 3249 5718 catholico
3277 5646 3496 5702 Nitenti
3520 5649 3702 5703 conci-

2335 5718 2393 5771 lii
2419 5719 2626 5773 decreta
2651 5717 2840 5773 Ariani
2865 5719 3155 5773 subvertere
3179 5717 3278 5772 nisi
3314 5729 3463 5772 sum.

2178 5831 2366 5902 Itaque
2391 5833 2632 5901 perversi
2661 5832 2929 5903 damnatis
2949 5832 3208 5896 fautores.
3240 5831 3510 5889 Eusebius
3537 5829 3688 5887 Nim-
