3998 6442
202 364 350 420 1213
410 358 413 361 '
1292 336 1703 407 CHRONICON.
1746 376 1814 386 —
1846 333 2016 401 'r‘OMI
2052 342 2096 399 ιι
2132 336 2261 398 LIB.
2301 338 2390 397 Iv.
3334 333 3471 389 tau
3518 348 3539 383 ιι

200 491 365 534 mnos
408 472 681 546 gratiﬁcos
722 469 1048 526 obtulerunt.
1098 466 1290 520 Postea
1338 479 1467 518 vero
1513 479 1542 516 a
1578 460 1780 516 nuntiis
1808 460 1860 519 A
1884 459 2021 514 sium
2045 444 2292 527 requirit,
2318 457 2386 511 ab
2415 440 2534 525 ipso
2577 453 2808 509 lbrmam
2839 451 3059 506 fidei'et
3108 448 3537 504 Ecclesiarumw

201 572 293 625 est
318 538 652 637 compertum
682 562 926 618 eumdem
956 560 1121 614 fuisse
1156 556 1295 611 diem
1321 555 1479 611 simul
1514 558 1569 608 et
1598 552 1786 607 horam
1891 551 2341 633 disponendarum
2371 547 2606 637 Suscepit
2651 545 2889 601 modum.
2921 538 3249 597 Athanasius
3294 546 3535 596 autem»:

203 662 359 718 necis
394 626 612 724 Iuliani,
647 661 805 727 quam
839 643 926 711 ille
949 652 1346 709 sacratissimus
1385 648 1565 704 senior
1591 658 1788 716 cogno-
1888 642 2180 713 perfectam
2204 628 2504 695 divinorum
2533 626 2841 725 (logmatttm
2882 628 3221 705 disciplinain
3265 631 3480 687 remisit
3510 628 3535 675 δ

203 738 287 806 vit
315 754 475 820 atque
505 748 772 820 pr.edixit.

841 850 1065 915 CAPUT
1096 856 1184 911 XI.

208 954 452 1024 Qualiter
472 953 728 1011 Iovianus
755 972 786 1007 a
810 942 1059 1024 militibus
1080 952 1362 1024 imperator
1390 956 1594 1002 creatus
1638 961 1790 999 exer-

642 1024 800 1078 citum
834 1022 1036 1077 reduxit
1066 1041 1096 1075 a
1127 1020 1363 1075 Perside.

285 1106 480 1173 Milites
510 1102 674 1185 igitur
699 1115 753 1169 in
782 1115 1070 1169 maximam
1096 1102 1469 1167 :estuationem
1494 1109 1791 1174 venientes,

206 1211 412 1269 omissa
443 1211 590 1266 omni
640 1195 915 1274 dilatione,
966 1208 1131 1262 altera
1182 1207 1269 1261 die
1313 1203 1541 1259 Joviano
1598 1200 1794 1258 infulas

206 1302 555 1376 imperatoris
584 1290 885 1371 imponunt.
938 1300 1069 1354 Erat
1110 1294 1252 1353 enim
1299 1299 1380 1351 vir
1430 1296 1582 1349 fortis
1612 1303 1666 1348 et
1694 1311 1791 1348 no-

205 1394 356 1458 bilis,
384 1382 440 1449 ἐι
464 1380 553 1445 illo
577 1387 817 1462 tempore
866 1380 1223 1452 millenarius,
1255 1404 1361 1459 quo
1404 1378 1645 1442 Julianus
1688 1386 1797 1439 ele—

207 1487 443 1542 ctionem
478 1474 734 1540 militibus
786 1485 899 1555 lege
948 1484 1245 1553 proposuit,
1298 1484 1356 1535 ut
1409 1480 1793 1544 sacrificarent,

206 1586 307 1632 aut
356 1568 543 1631 militia
593 1568 864 1632 cederent.
931 1566 1030 1642 Qui
1082 1559 1584 1644 cingulunrmagis
1636 1570 1799 1639 elegit

210 1670 486 1736 amittere,
525 1685 684 1741 quam
741 1668 1079 1740 imperatoris
1114 1664 1564 1737 prmecptionibus
1618 1662 1798 1732 impiis

209 1760 454 1816 obedire.
488 1752 642 1817 Hunc
665 1778 793 1834 ergo
844 1771 968 1815 tunc
997 1756 1238 1812 Julianus
1281 1752 1500 1826 propter
1528 1744 1651 1809 belli
1700 1767 1797 1806 ne-

210 1852 525 1909 Cessitatem
556 1854 697 1909 inter
728 1822 885 1909 ‘viros
936 1842 1191 1907 militares
1237 1822 1489 1904 habebat.
1533 1845 1633 1912 Qui
1674 1848 1793 1899 cum
1824 1822 1871 1882 Β

207 1934 478 2002 violenter
505 1963 535 2001 a
577 1934 836 2002 militibus
874 1932 939 1999 ad
985 1944 1268 2013 imperimn
1323 1941 1652 2004 traheretur,
1690 1936 1797 1991 cla-

211 2030 397 2093 litabat
425 2037 606 2093 dicens
638 2054 744 2091 non
788 2053 845 2091 se
870 2036 1005 2089 velle
1042 2028 1262 2105 paganis
1292 2020 1601 2086 hominibus
1631 2015 1798 2096 impe-

211 2144 360 2193 rare,
406 2145 529 2184 cum
561 2120 673 2200 ipse
700 2127 1042 2183 Christianus
1085 2116 1359 2179 existeret.
1403 2116 1649 2190 Ctimque
1693 2134 1797 2173 vox

211 2212 457 2279 omnium
479 2222 837 2277 emumuniter
856 2210 1241 2291 proclamaSSet
1270 2215 1565 2269 dic‘entium
1600 2227 1657 2267 se
1674 2227 1801 2280 quo-

213 2316 325 2386 due
354 2331 472 2370 esse
500 2306 856 2379 Christianos,
901 2312 1137 2381 suSCcpit
1181 2298 1803 2387 imperium..Cogitabat

214 2409 400 2479 itaque
455 2407 710 2463 Jovianus
756 2407 821 2462 de
865 2406 1139 2461 communi
1192 2402 1381 2469 salute,
1433 2408 1485 2455 et
1534 2397 1804 2479 quomodo

211 2508 401 2572 posset
423 2500 487 2553 de
511 2488 687 2553 medio
717 2498 955 2553 hostium
981 2492 1205 2550 illatsum
1225 2482 1521 2548 escrcitum
1546 2478 1802 2554 liberare,

212 2607 319 2647 nec
347 2591 574 2660 imliguit
601 2578 791 2660 grandi
844 2578 1089 2654 consilio,
1122 2587 1216 2643 sed
1262 2585 1556 2641 seminibus
1589 2582 1805 2654 pietatis

214 2682 564 2737 utilissimum
595 2670 945 2735 vindemiavit
990 2678 1244 2733 fructmn.
1284 2672 1524 2746 Repente
1570 2689 1804 2743 namque

217 2789 374 2828 Suam
406 2761 799 2844 providentiam
833 2758 975 2825 Deus
1012 2756 1265 2835 ostendit,
1301 2774 1353 2822 et
1399 2758 1803 2820 fluctuationem

218 2866 336 2935 ejus
365 2865 430 2921 ad
476 2863 687 2936 portum
728 2850 1132 2934 tranquillitatis
1182 2861 1423 2916 adduxit.
1480 2848 1616 2913 Dum
1660 2857 1806 2911 enim

217 2957 381 3027 hujus
425 2948 724 3030 angustiam
768 2950 1057 3012 Persarum
1100 2958 1194 3008 rex
1242 2950 1585 3023 agnovisset,
1643 2949 1807 3003 missa

218 3044 492 3129 legatione
544 3053 734 3124 petivit
780 3068 988 3121 pacem.
1047 3036 1247 3104 Deinde
1292 3048 1495 3103 cibaria
1547 3036 1808 3100 militibus

1890 735 2211 806 expositam,
2236 722 2542 801 apostolicis
2566 718 2902 802 dogmatibus
2923 728 3333 797 congruentem,
3358 724 3480 797 qui—
3532 772 3535 773 ,

1889 831 1992 886 bus
2017 816 2625 900 imperatorinslructus
2666 825 3042 880 haereticorum
3073 818 3303 876 evitaret
3351 835 3481 892 pra-

1890 920 2141 977 vissimas
2175 906 2495 976 calliditates
2523 961 2537 985 ,
2601 926 2655 973 et
2691 904 2946 972 Ecelesiis
2996 904 3247 968 redderet
3290 922 3480 982 pacem

1893 998 2191 1069 catholicis.
2231 1010 2399 1081 Igitur
2432 1016 2553 1080 post
2592 1024 2819 1079 parvum
2867 992 3206 1060 intervallum
3254 1008 3482 1071 magnus

1891 1105 2219 1162 Athanasius
2248 1098 2359 1158 Deo
2388 1101 2674 1155 amabilem
2707 1098 3087 1169 imperatorem
3122 1094 3305 1148 videre
3338 1088 3481 1147 desi-

1895 1199 2109 1261 derans,
2139 1195 2281 1250 venit
2333 1192 2673 1247 Antiochiam
2724 1198 2777 1245 et
2826 1180 3119 1260 principem
3172 1185 3237 1239 de
3285 1184 3481 1253 quibus
3520 1228 3521 1233 η

1894 1286 2176 1360 oportebat
2195 1286 2426 1342 edocuit.
2454 1283 2680 1350 Quldam
2721 1282 2870 1334 alun‘t
2901 1278 3042 1349 quod
3068 1292 3193 1331 cum
3222 1275 3335 1344 ipse
3364 1288 3482 1327 ma-

1896 1382 1977 1452 gis
1999 1379 2302 1434 evocaverit
2330 1378 2621 1445 imperator
2649 1380 2709 1426 ut
2749 1376 2867 1441 qua:
2915 1368 3221 1423 Necessaria
3259 1382 3357 1435 pro
3395 1372 3505 1418 re-‘

1896 1462 2092 1543 ligione
2119 1464 2171 1523 et
2194 1476 2343 1522 recta
2376 1467 2479 1520 fide
2504 1460 2822 1519 videbantur
2844 1460 3488 1532 exponeret,rlisponens~

1900 1566 2003 1632 que
2034 1556 2085 1614 ut
2119 1548 2346 1614 decebat
2383 1564 2577 1612 Causas
2608 1554 2858 1609 Ecclesiae
2900 1554 2964 1607 de
3009 1551 3315 1607 reversione
3344 1549 3490 1615 cogi-
3538 1580 3545 1591 ρ

1898 1656 2069 1713 taba‘l.
2099 1655 2266 1711 Perro
2292 1652 2643 1710 Athanasium
2676 1652 2908 1706 anticum
2955 1644 3056 1702 sibi
3084 1646 3377 1700 maximum
3402 1640 3487 1695 fa-
3538 1664 3543 1671 ’

1904 1758 2048 1807 ctum
2075 1746 2361 1804 destinavit
2407 1748 2459 1801 in
2496 1745 2819 1817 Egyptum,
2862 1749 2920 1796 ut
2962 1742 3100 1795 sicut
3128 1738 3176 1791 oi
3218 1737 3492 1791 videretur
3540 1768 3545 1775 μ

1900 1852 2061 1900 causa
2105 1832 2467 1897 Ecclesiarum
2524 1836 2854 1909 populosque
2893 1833 3220 1902 diSponcret,
3257 1824 3499 1881 interm--

1898 1952 2034 1991 nans
2062 1932 2469 2005 derogatoribus
2490 1918 2679 2001 dignas
2705 1920 3365 1995 correptiones,quoniam
3398 1933 3493 1971 no-

1898 2030 2051 2085 verat
2087 2027 2358 2082 immerito
2392 2041 2485 2095 per
2534 2023 2747 2091 iniquas
2775 2016 3075 2074 calumnias
3123 2008 3288 2067 multa
3320 2009 3490 2063 Atha-

1902 2122 2112 2178 nasium
2147 2116 2485 2174 incommoda
2532 2118 2770 2186 passum.
2802 2108 3001 2165 Verum
3039 2104 3333 2177 imperator
3363 2114 3491 2171 pro;
3546 2132 3551 2143 ι

1900 2212 2134 2289 positum
2165 2213 2269 2269 hoc
2312 2209 2566 2274 habebat,
2596 2215 2657 2261 ut
2703 2200 3087 2260 blandimentis
3134 2204 3187 2254 et
3240 2193 3511 2251 sttasione'
3546 2222 3549 2229 -

1902 2300 2191 2366 verborum
2222 2304 2648 2361 discordantium
2697 2294 3075 2356 contentiones
3115 2286 3491 2356 abscinderet,

1904 2392 2088 2465 dicens
2132 2392 2262 2460 nulli
2312 2392 2527 2474 quidem
2557 2416 2614 2456 se
2638 2396 3122 2469 quomodocunque
3159 2376 3493 2445 credentium
3547 2402 3557 2417 ε

1905 2504 2022 2558 fore
2045 2500 2354 2562 molestum,
2382 2512 2474 2551 eos
2504 2503 2683 2549 tamen
2713 2488 2937 2559 diligere
2961 2526 2976 2552 ,
3028 2481 3082 2540 et
3131 2474 3292 2538 nimis
3322 2480 3493 2534 hono-
3520 2470 3553 2513 ’ί

1907 2610 2053 2660 rare,
2080 2593 2169 2663 qui
2198 2578 2398 2645 Niemni
2454 2584 2665 2643 concilii
2704 2581 2921 2638 decreta
2964 2564 3351 2659 ec'clesiasticai
3376 2570 3498 2623 imi-

1911 2686 2007 2740 tati
2032 2690 2333 2747 servarent,
2369 2681 2421 2735 in
2452 2678 2647 2750 quibus
2677 2674 2859 2731 unitas
2888 2671 3194 2727 continetur
3240 2652 3500 2721 ecclesia-
3534 2674 3557 2687 "

1909 2778 2065 2833 stica.
2101 2776 2204 2829 Sed
2242 2775 2355 2828 inec
2391 2748 2502 2826 tam
2545 2762 2652 2840 pia,
2696 2775 2804 2821 tam
2853 2764 2976 2818 laeta
3042 2759 3306 2830 principia
3355 2748 3502 2809 mors
3532 2754 3557 2789 ἐ

1909 2869 2196 2924 imruatura
2231 2864 2511 2934 corripuit.
2557 2860 2657 2927 Qui
2699 2858 2826 2913 dum
2868 2846 2934 2909 ad
2965 2842 3252 2923 [Illyricum
3283 2845 3500 2934 rediens
3550 2852 3557 2895 ἱ

1908 2977 2006 3031 per
2035 2959 2300 3014 Galatiam
2321 2930 2425 3010 iter
2449 2952 2576 3023 agit,
2614 2943 3136 3013 Constantinopolim
3160 2930 3465 2994 accelerans
3483 2974 3519 3025 ,χ
3554 2942 3559 2967 ε

1910 3053 2228 3107 Dadastenze
2276 3046 2543 3108 moritur,
2593 3052 2785 3097 octavo
2837 3036 3046 3092 decim‘o
3102 3044 3288 3086 mense
3336 3040 3500 3097 quam
3554 3032 3559 3039 ‘

220 3134 530 3209 destinavit,
568 3152 623 3199 et
665 3141 842 3199 forum
888 3130 1156 3195 venalium
1190 3130 1270 3195 eis
1319 3138 1611 3209 prteparari
1639 3139 1690 3191 in
1718 3136 1808 3191 de-
1834 3180 1880 3243 Ο
1914 3145 2181 3216 imperare
2211 3147 2470 3209 cmperat,
2515 3135 2689 3191 (elatis
2719 3146 2861 3187 anno
2888 3124 3163 3183 tricesimo
3194 3128 3410 3177 octavo.
3466 3136 3467 3143 ‘

609 3239 620 3243 _
798 3232 811 3243 .
850 3236 863 3243 -
958 3235 987 3243 ..
1180 3226 1199 3243 .-
1268 3233 1283 3243 .
1351 3223 1381 3243 ιδ
1585 3234 1591 3238 .
1673 3232 1705 3243 ..

220 3247 369 3294 serto
397 3239 683 3308 prtecepit:
734 3232 1128 3304 celebratisque
1176 3223 1469 3288 ftederibus
1506 3232 1805 3285 exercitum

221 3329 438 3384 reduxit
466 3316 807 3383 incolumem.
849 3316 978 3394 Quae
1004 3332 1160 3395 pacta
1188 3332 1449 3394 quantum
1492 3318 1558 3377 ad
1584 3321 1810 3392 gloriam

223 3416 593 3475 Romanorum
644 3419 844 3489 turpia,
904 3414 999 3471 sed
1054 3416 1283 3486 tempori
1323 3404 1632 3469 necessario
1680 3428 1812 3467 con-

224 3510 509 3580 gruebant.
548 3507 757 3563 Amissa
804 3523 1035 3577 namque
1087 3496 1241 3579 Syria
1291 3510 1344 3561 et
1394 3506 1589 3560 tradita
1632 3490 1811 3558 Persis

222 3588 438 3654 I‘iisibin
475 3586 874 3671 Mesopotamiae
895 3597 1135 3664 civitate,
1168 3588 1431 3651 discessit.
1478 3583 1601 3650 llaec
1632 3584 1812 3663 itaque

226 3690 417 3745 nuntia
445 3680 778 3745 Christianos
826 3688 1288 3752 confortavcrunt,
1348 3676 1576 3758 l‘aganis
1618 3676 1814 3740 intule-

228 3788 357 3837 runt
387 3781 607 3835 luctum.
646 3768 817 3834 porro
856 3772 1052 3834 milites
1091 3780 1362 3834 incautum
1406 3770 1603 3833 .luliani
1633 3776 1814 3831 fervo-

229 3874 345 3925 rem
372 3862 526 3925 valde
558 3864 865 3940 culpabant,
918 3887 1242 3940 causamque
1272 3869 1451 3925 damni
1484 3869 1670 3923 finium
1701 3868 1811 3923 Ro-

228 3962 513 4017 manorum
551 3963 599 4016 ei
627 3963 808 4031 potius
855 3958 1180 4027 inferebant,
1213 3956 1354 4030 qubd
1398 3976 1426 4013 a
1458 3954 1621 4014 Persa
1660 3958 1815 4031 quasi

228 4055 507 4125 proditore
531 4052 801 4119 seductus,
832 4070 996 4110 naves
1032 4072 1150 4125 quae
1176 4072 1271 4126 per
1301 4046 1515 4109 ﬂuvium
1546 4054 1815 4109 frmnenta

230 4134 581 4210 deveherent,
610 4145 866 4210 incendit,
897 4156 952 4200 et
1000 4142 1198 4201 famem
1245 4136 1505 4201 militibus
1536 4146 1812 4217 irrogavit.

230 4228 593 4291 Fefelliteum
645 4228 822 4306 itaque
862 4224 1132 4307 superbia,
1174 4224 1458 4308 jactantia,
1508 4228 1818 4306 sophisticis

230 4322 476 4382 inflatum
501 4319 823 4396 disciplinis?
850 4327 1043 4398 quibus
1064 4320 1818 4398 gloriabatursuperstitiosds

234 4416 501 4475 idolorum
540 4420 732 4483 cultor,
765 4418 987 4476 dicendo
1026 4408 1200 4475 felicia
1234 4416 1346 4476 fore
1398 4426 1661 4491 tempora,
1696 4407 1816 4490 qui-

2506 3248 2733 3306 CAPUT
2774 3244 2909 3300 XIII.

1911 3352 1988 3407 De
2020 3346 2392 3404 Valentiniano
2451 3362 2482 3398 a
2528 3341 2793 3405 militibus,
2838 3341 3148 3409 imperatore
3206 3312 3385 3409 factor}
3431 3310 3527 3409 Et“

2028 3369 2392 3404 vatemmmnu
2451 3369 2482 3398 α
2528 3369 2793 3405 uuuuuua,
2839 3369 3147 3409 ιηψιςιιιιυιο
3206 3369 3345 3401 ,κν-ν
3431 3369 3527 3409 μ...

2006 3420 2145 3492 quod
2176 3416 2265 3471 illo
2299 3423 2547 3485 regnante
2588 3413 2803 3482 (lignum
2836 3408 3088 3463 memoria
3112 3369 3405 3492 contigerit.
3464 3412 3467 3417 ‘
3544 3406 3559 3413 ’

1978 3478 2274 3578 Postquam
2302 3478 2712 3560 Valentinianus
2758 3498 2896 3570 apud
2962 3496 3195 3550 Niczcam
3237 3478 3504 3545 consensu
3556 3498 3563 3501 ‘

1911 3575 2143 3657 militum
2175 3600 2467 3666 imperator
2488 3600 2703 3648 creatus
2723 3598 2824 3653 est,
2844 3586 3044 3642 mansit
3068 3580 3122 3637 in
3148 3597 3213 3637 eo
3234 3578 3391 3634 annis
3415 3575 3502 3666 Ini.

1913 3693 2013 3763 Qui
2045 3674 2533 3745 cum'Christianus
2559 3672 2768 3750 integra
2799 3667 2900 3732 fide
2931 3666 3329 3763 sacramentum
3360 3656 3517 3721 mili!
3556 3666 3561 3685 ⁵

1912 3753 2000 3840 tia:
2027 3786 2255 3852 gereret,
2287 3785 2339 3830 et
2383 3775 2481 3829 sub
2509 3768 2722 3827 Juliauo
2748 3764 2991 3838 Augusto
3022 3753 3271 3818 tribunus
3320 3758 3502 3812 scuta—

1914 3878 2149 3937 riorum,
2191 3869 2375 3938 jussus
2404 3865 2470 3919 ab
2500 3853 3135 3933 imperatore‘sacritego,
3168 3859 3263 3907 aut
3300 3844 3499 3904 immo—
3544 3870 3557 3877 ί

1913 3968 2027 4021 lare
2056 3954 2210 4017 idolis
2251 3968 2344 4013 aut
2380 3952 2573 4012 militia
2615 3950 2826 4018 cedere,
2858 3942 3084 4004 fideliter
3114 3942 3290 4001 sciens
3312 3940 3365 3995 et
3388 3955 3509 4011 gra~

1915 4050 2052 4116 tiora
2076 4062 2195 4112 esse
2224 4054 2315 4108 Dei
2361 4048 2563 4122 judicia
2600 4055 2654 4103 et
2700 4034 2925 4101 meliora
2969 4040 3235 4122 promissa
3259 4080 3274 4102 ,
3318 4040 3525 4105 sponte

1917 4140 2182 4208 discessit.
2221 4146 2296 4200 Ita
2329 4120 2491 4213 parva
2535 4134 2815 4206 interiecta
2845 4142 3016 4199 mora,
3044 4120 3256 4185 Iuliano
3279 4120 3506 4213 interfit-:-
3546 4158 3549 4163 -

1918 4251 2024 4303 cto,
2057 4256 2120 4293 ac
2148 4252 2272 4291 mox
2300 4234 2525 4289 Joviano
2553 4238 2778 4289 mortuo,
2813 4214 2903 4296 qui
2930 4238 3027 4294 pro
3064 4218 3279 4275 nomine
3308 4204 3519 4269 Cllristl-
3558 4236 3563 4247 ι

1919 4333 2175 4388 amiserat
2208 4327 2571 4388 tribunatum,
2619 4320 2952 4374 retribttente
2978 4313 3219 4375 Christo,
3250 4310 3301 4361 in
3331 4304 3529 4360 locum’
3562 4330 3567 4337 -

1919 4416 2283 4497 persecutoris
2342 4414 2423 4473 sui
2469 4408 2675 4485 accepti
2738 4406 3145 4481 imperium.‘ls‘
3198 4394 3342 4457 enim
3384 4404 3505 4453 non
3538 4412 3565 4455 -ε

234 4512 340 4568 bus
368 4512 482 4580 ipse
506 4528 687 4566 l‘el‘lllll
715 4512 976 4581 Ροῑίΐυιυῖ
1002 4512 1246 4581 ἰιηρενίοο
1290 4508 1396 4565 Sed
1421 4490 1519 4565 “liii
1539 4510 1815 4576 JOViaI‘IiIS,
1843 4533 1897 4593 Ι)
1920 4490 2082 4581 modo
2122 4506 2451 4575 fortitudine,
2486 4509 2579 4563 sed
2607 4504 2771 4562 etiam
2817 4498 3120 4577 prudentia,
3156 4490 3505 4563 temperantia

236 4609 295 4663 in
325 4625 494 4663 annos
514 4609 582 4665 29
603 4625 735 4679 pace
760 4609 1073 4678 composita,
1101 4608 1167 4664 ad
1211 4600 1510 4664 Romanum
1542 4626 1822 4680 regressus

235 4700 326 4759 est
356 4702 545 4766 solum,
579 4696 879 4772 clariorque
911 4702 999 4756 lux
1034 4712 1217 4756 nostro
1249 4718 1307 4758 se
1341 4703 1458 4757 orbi
1494 4719 1557 4757 ex
1584 4702 1822 4758 Orientis

236 4791 488 4864 partibus
534 4792 720 4846 aborta
765 4791 993 4855 diffudit,
1052 4792 1435 4862 rempublicam
1492 4793 1649 4862 quasi
1700 4802 1823 4862 post

244 4885 440 4942 nimias
467 4886 728 4955 procellas
756 4886 899 4939 omni
931 4886 1297 4940 moderatione
1337 4888 1646 4955 aggreditur
1677 4900 1826 4953 repa.

244 4994 388 5041 rare,
416 4967 775 5032 Ecclesiarum
808 4982 935 5031 vero
981 4992 1166 5032 curam
1216 4993 1324 5031 non
1355 4977 1407 5030 in
1453 4966 1702 5031 secundis
1734 4972 1826 5029 ba-

242 5062 375 5125 bere
402 5088 413 5119 :
443 5076 540 5123 nec
571 5068 746 5123 tamen
775 5070 1006 5132 incaute,
1044 5079 1101 5123 ut
1124 5062 1471 5123 Constantius
1492 5077 1696 5139 egerat,
1732 5058 1827 5121 sed

246 5148 402 5230 lapsu
432 5148 844 5231 prmdecessoris
886 5160 1210 5214 admonitus.
1260 5152 1499 5237 Primum
1554 5158 1653 5211 hoc
1697 5174 1827 5213 con-

248 5242 489 5321 scripsit,
522 5252 579 5305 ut
610 5244 843 5321 episcopi
886 5253 951 5306 de
977 5244 1166 5306 exsilio
1208 5256 1534 5315 remearent,
1569 5258 1621 5303 et
1648 5249 1830 5303 Eccle-

250 5340 363 5404 sias
387 5340 465 5402 eis
492 5346 788 5403 reddendas
826 5363 943 5401 esse
984 5344 1259 5417 professus
1290 5358 1370 5402 est
1399 5349 1490 5417 qui
1523 5348 1825 5418 expositam

248 5438 311 5499 in
338 5432 514 5497 Nicaea
547 5438 705 5497 ﬁdem
737 5436 1115 5503 inviolabiliter
1138 5449 1505 5496 servaverunt.

856 5552 1081 5608 CAPUT
1120 5553 1231 5608 XII.

253 5648 336 5719 De
362 5649 685 5704 revocatione
710 5647 980 5702 Athanasii
999 5684 1015 5710 ,
1067 5654 1114 5719 et
1147 5645 1372 5719 qualiter
1397 5642 1561 5719 jllins
1589 5641 1827 5696 consiliis

352 5738 478 5776 usus
512 5718 859 5775 θυωέδιιιδιίειι
887 5708 1123 5770 tractavit
1152 5708 1354 5786 negotia
1381 5708 1715 5768 Iovinianus.

329 5804 465 5871 Hine
492 5794 801 5870 honoriﬁcis
826 5818 880 5865 et
915 5794 1318 5863 olﬁciosissimis
1343 5795 1539 5862 litteris
1580 5794 1830 5880 Athana:

1928 4600 2315 4682 atquejustitia
2344 4612 2397 4657 et
2442 4599 2685 4670 corporis
2721 4592 3107 4665 magnitudine,
3136 4578 3505 4658 praefulgebat.

1930 4706 2019 4759 Sic
2046 4690 2187 4755 enim
2223 4698 2321 4751 fuit
2358 4694 2553 4766 regalis
2596 4684 2798 4762 pariter
2834 4698 2888 4745 et
2929 4684 3166 4739 urbanus
3198 4721 3211 4745 ,
3275 4686 3333 4731 ut
3383 4672 3509 4729 dum
3548 4688 3549 4691 ‘

1929 4792 2200 4850 exercitus
2226 4793 2481 4842 tentasset
2509 4784 2559 4839 ei
2588 4778 2750 4837 alium
2796 4770 3005 4834 sociare
3031 4768 3335 4829 consortem
3359 4809 3373 4832 ,
3420 4764 3511 4819 illc

1931 4883 2308 4955 responderit:
2351 4870 2628 4943 Vestrum,
2653 4874 2845 4947 inquit,
2879 4866 2999 4933 fuit,
3033 4884 3064 4921 o
3090 4856 3311 4955 milites,
3342 4860 3512 4955 impe-

1933 4987 2114 5034 ratore
2140 4990 2244 5027 non
2279 4962 2579 5032 existente,
2632 4954 2760 5021 mihi
2790 4954 2919 5015 dare
2963 4957 3199 5027 regimen
3261 4940 3508 5019 imperii;

1931 5082 2118 5123 verum
2148 5062 2234 5118 ubi
2269 5062 2368 5117 hoc
2399 5076 2499 5132 ego
2542 5042 2773 5124 suscepi,
2810 5066 2987 5105 meum
3029 5048 3139 5118 jam
3173 5044 3227 5099 et
3273 5044 3377 5096 non
3423 5044 3512 5093 've-

1932 5168 2103 5214 strum
2131 5163 2232 5219 est,
2259 5154 2322 5208 de
2354 5153 2515 5207 rebus
2540 5147 2774 5214 cogitare
2799 5139 3189 5197 communibus.
3209 5128 3372 5202 Cujus
3392 5145 3510 5185 ver-

1930 5254 1997 5309 ba
2029 5246 2209 5305 mirati
2239 5246 2457 5306 milites,
2491 5240 2608 5309 ejus
2656 5237 2826 5292 secuti
2878 5240 3003 5288 stmt
3053 5229 3402 5305 'volu'ntatcm.
3434 5219 3513 5274 ‘At
3553 5224 3559 5255 τ

1933 5342 2019 5398 ille
2044 5350 2229 5413 postea
2266 5338 2485 5391 fratrem
2519 5345 2675 5386 suurn
2718 5322 2990 5382 Valentem
3040 5319 3355 5407 participem
3388 5312 3512 5367 fecit
3550 5316 3557 5325 '

1938 5404 2170 5505 imperii,
2204 5426 2517 5496 I’rocOpium
2552 5426 2837 5493 tyranuum
2883 5404 3177 5485 pluresque
3209 5404 3510 5505 postealsa-

1940 5486 2131 5579 teliites
2160 5486 2276 5591 ejus
2305 5486 2519 5572 occidit.
2560 5486 2924 5567 'i‘e'rrrem‘otus
2963 5512 3059 5576 per
3108 5502 3277 5557 totum
3325 5486 3507 5591 orbem
3552 5492 3557 5529 ῖ

1936 5617 2130 5678 factus,
2168 5584 2238 5665 ita
2271 5622 2481 5680 quoque
2532 5605 2805 5659 turbatum
2863 5592 3080 5671 pelagus
3127 5584 3404 5680 cXcuSsit,
3454 5584 3555 5643 tit"

1935 5723 2033 5777 per
2081 5704 2286 5756 vicinas
2338 5698 2603 5753 terrarum
2666 5681 3045 5765 campestrium
3102 5676 3511 5777 partcsArei'uso‘

1938 5797 2074 5856 mari
2110 5794 2353 5868 plurimae
2374 5791 2668 5849 insularum
2697 5778 2860 5847 urbes
2878 5784 3151 5844 Concussae
3170 5782 3223 5839 et
3238 5766 3517 5848 satrapa
