3998 6464
516 441 654 500 1519

1301 429 1688 490 CHRISTIANI
1723 425 2134 486 DRUTHMARI
2173 425 2625 484 CORBEIENSIS
2663 423 2968 484 MONACHI

3643 399 3774 485 tam

515 569 726 624 nostra,
757 565 1044 626 antequam
1072 558 1321 622 petamus
1347 551 1471 605 eum
1517 566 1530 602 :
1558 549 1700 616 quod
1725 555 1780 601 et
1817 545 2088 616 sequitur:
2119 542 2172 602 A
2193 541 2453 608 ptatibus.
2497 537 2713 596 Neutris
2755 554 2883 610 ergo
2923 539 3368 595 committendum
3411 547 3502 596 est
3537 541 3778 616 Evange-

519 651 750 720 Quwrite
775 649 1000 719 primum
1028 658 1241 714 regnum
1261 641 1360 696 Dei
1387 649 1434 694 et
1456 638 1716 709 justitiam
1739 637 1871 706 ejus,
1900 643 1948 690 et
1975 635 2086 690 haec

515 741 694 796 omnia
743 735 1057 806 adﬁcientur
1091 731 1248 786 vobis.
1291 728 1404 785 Hoc
1441 735 1524 782 cst
1559 726 1717 781 facite
1753 726 2088 780 voluntatem

513 831 612 886 Dei
642 831 696 886 in
723 828 808 883 his
831 840 951 896 quae
991 823 1146 878 vobis
1189 820 1474 892 praeepit,
1501 829 1548 873 et
1587 819 1700 872 haec
1724 858 1738 884 ,
1773 815 2089 872 subauditur

513 933 856 982 necessum,
877 915 1214 985 adjiciantur,
1249 912 1303 968 id
1328 919 1412 990 est
1430 952 1444 976 ,
1485 909 1891 980 adaugebuntur
1911 905 2082 962 vobis.

511 1009 593 1063 Ad
623 1005 1024 1068 necessitatem,
1053 1018 1160 1058 non
1187 1002 1254 1056 ad
1280 999 1704 1070 superﬂuitatem
1723 1037 1738 1062 ,
1760 996 1888 1068 quia
1909 994 2088 1050 nullus

511 1097 854 1154 Christianus
881 1094 949 1150 ad
975 1093 1118 1149 aliud
1147 1093 1307 1148 debet
1342 1105 1583 1162 quzerere
1613 1089 1910 1144 subsidium
1947 1096 2086 1142 tem-

508 1187 714 1260 poralis
761 1185 920 1252 vitae,
959 1184 1066 1240 nisi
1108 1183 1177 1238 ad
1222 1182 1617 1238 necessitatem.
1651 1179 1830 1234 Nolite
1875 1177 2087 1232 solliciti

508 1294 620 1332 esse
645 1277 702 1330 in
725 1277 1014 1330 crastinum
1033 1314 1048 1341 ,
1069 1275 1166 1328 hoc
1191 1282 1266 1328 est
1297 1273 1350 1327 in
1381 1273 1579 1342 futuro.
1606 1270 1651 1324 A
1677 1287 1794 1324 cras
1824 1270 1970 1324 enim
1994 1269 2088 1323 ad-

506 1368 717 1434 verbio,
750 1367 1027 1422 derivatur
1045 1365 1315 1421 crastinus
1345 1377 1558 1418 nomen.
1582 1361 1780 1433 Suﬁ‘icit
1809 1361 1913 1415 diei
1939 1359 2086 1415 mali-

505 1456 582 1511 tia
610 1471 726 1509 sua.
755 1455 1012 1510 Malitiam
1039 1455 1170 1510 dicit
1199 1453 1438 1508 laborem
1465 1452 1748 1521 praesentis
1777 1451 1903 1516 diei,
1933 1451 2088 1520 quasi

507 1545 747 1612 diceret,
771 1545 966 1602 sullicit
1007 1546 1163 1601 nobis
1195 1543 1477 1616 praesentis
1507 1543 1769 1614 temporis
1803 1543 2084 1614 COgitatio,

503 1637 810 1694 futurorum
836 1653 1024 1694 curam
1038 1655 1158 1709 qua:
1173 1639 1380 1694 incerta
1399 1645 1484 1692 est
1507 1635 1892 1706 relinquamus.
1910 1635 2089 1692 Nolite

415 1791 418 1794 ,
501 1730 767 1799 judicare,
799 1739 982 1783 utnon
998 1727 1332 1799 judicemini.
1351 1727 1429 1783 De
1449 1727 1670 1782 incertis
1691 1735 1745 1782 et
1765 1727 1944 1782 dubiis
1968 1743 2090 1782 cau-

502 1819 580 1876 sis
601 1818 1132 1892 prohibetjudicare,
1159 1827 1218 1874 ut
1239 1827 1366 1874 ante
1394 1819 1563 1873 simus
1582 1817 1886 1888 cognitores
1923 1831 2084 1886 quam

2187 627 2340 694 lium,
2375 631 2546 684 donec
2587 645 2878 686 conversos
2905 629 3086 685 animo
3109 639 3164 685 et
3187 645 3419 700 corpore
3447 647 3548 686 eos
3577 636 3780 704 pes-spi-

2187 721 2416 776 ciamus.
2449 722 2584 792 Nam
2609 723 2675 776 de
2705 722 2894 792 primis
2924 722 3056 777 dicit
3083 722 3378 792 Apostolus
3405 739 3420 776 :
3455 723 3778 780 Hirretirurn

2184 814 2445 867 hominem
2487 789 2598 884 post
2634 789 2860 882 primam
2889 820 2936 867 et
2963 789 3246 867 secundum
3277 812 3672 882 surreptionem
3699 815 3784 869 de»

2187 902 2310 956 vita.
2343 901 2526 970 Quare
2565 910 2748 957 autem
2789 917 2896 958 nou
2943 903 3016 958 sit
3045 903 3500 958 committendum
3529 905 3620 958 eis
3653 904 3786 959 divi-

2185 1009 2317 1050 num
2349 993 2643 1064 eloquium,
2667 993 2946 1064 subiungit
2962 993 3149 1050 dicens
3173 1013 3186 1048 :
3211 993 3295 1050 Ne
3313 995 3454 1064 forte
3477 995 3784 1050 concaleat

2186 1101 2275 1141 eas
2300 1086 2516 1156 pedibus
2541 1087 2651 1141 suis
2692 1096 2740 1141 ct
2769 1087 3001 1142 conversi
3045 1087 3376 1157 disrumpunt
3405 1105 3526 1143 eos.
3551 1087 3674 1144 Hoc
3707 1099 3788 1145 est

2188 1177 2456 1232 irrideant
2487 1179 2714 1235 verbum
2739 1178 3044 1248 Evangelii,
3071 1187 3130 1236 et
3165 1180 3504 1237 interﬁciant
3527 1197 3668 1246 vos,
3695 1183 3784 1251 qui

2187 1269 2364 1323 adhuc
2391 1269 2511 1324 aliis
2537 1268 2801 1340 poteratis
2829 1283 2952 1325 esse
2974 1269 3220 1325 salvatio.
3245 1268 3383 1336 Quia
3413 1278 3614 1326 autem
3645 1287 3784 1326 mar-

2189 1359 2376 1430 garitae
2411 1359 2592 1414 divina
2634 1359 2846 1430 eloquia
2877 1369 3136 1416 vocentur
3163 1369 3218 1416 et
3257 1361 3315 1416 in
3345 1362 3452 1417 hoc
3481 1361 3784 1432 Evangelia

2188 1459 2243 1508 et
2268 1453 2324 1508 in
2362 1453 2549 1508 multis
2581 1453 2712 1508 locis
2747 1453 2993 1523 exempla
3023 1453 3276 1524 perplura
3305 1465 3436 1510 sunt
3467 1463 3532 1509 ut
3557 1455 3698 1510 illud
3721 1455 3784 1510 de

2189 1546 2523 1616 negotiatore
2569 1546 2833 1616 qumrenti
2883 1547 3054 1602 bonas
3097 1546 3446 1617 margaritas.
3515 1545 3782 1617 largas-i-

2192 1643 2308 1692 tum
2335 1637 2501 1702 enim,
2533 1645 2618 1692 est
2645 1635 2872 1692 verbum
2899 1637 3015 1702 Dei,
3044 1645 3099 1692 et
3121 1651 3188 1692 ex
3215 1636 3365 1693 omni
3399 1645 3572 1708 parte
3605 1643 3784 1705 potest

2187 1729 2475 1800 perforari.
2509 1729 2701 1796 Petite,
2725 1728 3048 1784 subauditur
3075 1743 3208 1783 suns
3225 1767 3242 1794 ,
3269 1735 3318 1782 et
3357 1727 3588 1782 dabitur
3619 1726 3780 1782 nobis.

2189 1823 2367 1879 Pctite
2395 1823 2596 1888 animo,
2627 1821 2858 1891 quaerite
2885 1819 3097 1886 verbis,
3124 1819 3337 1890 pulsate
3367 1821 3664 1890 operibus.
3685 1819 3784 1874 Pe~

501 1913 955 1968 condemnatores
973 1951 988 1976 ,
1015 1919 1076 1964 ut
1101 1909 1202 1965 Job
1231 1910 1362 1965 dicit
1388 1927 1400 1963 :
1430 1907 1660 1963 Causam
1692 1925 1850 1979 quant
1889 1908 2082 1963 nescie-
2109 1901 2156 1959 B
2184 1915 2282 1984 tite
2305 1913 2492 1979 verba,
2517 1913 2744 1984 quau-ite
2766 1911 3022 1981 operibus
3055 1911 3214 1967 bonis
3233 1951 3250 1977 ,
3281 1909 3500 1981 pulsate
3521 1923 3782 1980 perseve-

501 2001 622 2056 bam
645 1999 1040 2072 diligentissime
1065 2000 1460 2070 inuestigabam.
1483 2000 1774 2054 Enimvero
1792 2000 1846 2053 in
1862 1997 2082 2068 judiciis

503 2091 686 2146 nullus
714 2091 872 2148 debet
899 2107 1073 2164 neque
1105 2093 1363 2148 clericum
1388 2106 1566 2162 neque
1593 2091 1788 2147 laicum
1809 2089 2078 2160 judicare,

499 2182 676 2239 donec
721 2183 1114 2240 confessionem
1161 2185 1330 2255 ipsius
1364 2183 1550 2237 audiat
1577 2183 1642 2236 de
1669 2191 1893 2253 peccato
1939 2184 2082 2240 unde

497 2273 693 2345 agitur.
719 2275 960 2346 Denique
989 2276 1056 2332 de
1097 2273 1399 2329 manifestis
1439 2273 1676 2343 peccatis
1708 2273 1904 2329 Paulus
1927 2272 2082 2342 jubet

492 2361 758 2431 judicare,
785 2373 847 2418 ut
870 2373 998 2420 sunt
1019 2373 1226 2434 stupra,
1257 2363 1550 2420 homicidia
1571 2405 1586 2430 ,
1613 2363 1776 2420 furta.
1813 2365 1905 2420 Sic
1933 2367 2080 2422 enim

501 2453 636 2508 dicit
662 2473 675 2507 :
714 2451 1070 2524 Congregatus
1099 2454 1358 2510 vobiscum
1397 2473 1508 2512 meo
1537 2457 1727 2528 spiritu
1753 2495 1768 2521 ,
1793 2456 1913 2526 jam
1929 2457 2080 2526 judi-

499 2543 616 2596 cavi
643 2559 761 2596 eum
783 2545 873 2615 qui
896 2546 972 2600 sic
1002 2557 1244 2617 operatus
1269 2557 1346 2604 est
1372 2550 1578 2605 tradere
1601 2549 1814 2606 Satame
1845 2551 1900 2605 in
1922 2551 2081 2605 inter-

495 2627 628 2686 itum
648 2635 844 2688 carnis.

565 2723 634 2778 In
675 2741 776 2796 quo
817 2727 957 2780 enim
981 2727 1190 2797 judicio
1227 2728 1619 2800 judicaveritis,
1643 2731 1966 2786 subauditur
1999 2749 2080 2787 1n-

491 2831 673 2881 ws'rs,
687 2816 1062 2886 judicabimini
1085 2820 1262 2890 juste,
1285 2821 1410 2890 quia
1446 2819 1646 2888 injuste
1676 2821 1980 2892 judicastis.
2007 2821 2078 2877 Et

491 2921 595 2977 qua
615 2923 862 2962 mensura
889 2909 1054 2964 mensi
1078 2908 1286 2978 fueritis
1313 2911 1610 2965 remetiatur
1634 2911 1793 2965 vobis.
1821 2909 1878 2966 Si
1903 2912 2077 2968 soler-

493 3005 594 3064 ter,
610 2999 804 3070 inquit,
824 3001 1004 3056 omnia
1025 3017 1143 3071 qua:
1163 3002 1358 3058 valetis
1377 3004 1516 3058 bona
1533 3003 1713 3059 facere
1734 3020 1796 3060 ac
1817 3005 2078 3076 proximis

491 3087 750 3144 intimare
777 3091 1030 3156 studetis,
1061 3093 1237 3147 aderit
1255 3093 1438 3148 divina
1478 3093 1674 3164 pietas,
1705 3109 1826 3164 qua:
1853 3095 2005 3150 vobis
2023 3103 2080 3150 et

489 3179 546 3233 in
573 3181 828 3250 praesenti
855 3195 1074 3236 sensum
1095 3182 1290 3238 altiora
1315 3183 1596 3253 capiendi,
1631 3199 1696 3240 ac
1729 3185 1953 3240 fortiora
1983 3203 2076 3258 εδει

2181 2005 2380 2061 rantis.
2403 2005 2578 2060 Petite
2597 2003 2780 2068 ﬁdem,
2806 2003 3033 2072 quaerite
3061 2017 3212 2072 spem
3231 2042 3246 2066 ,
3279 2001 3501 2072 pulsate
3535 2001 3784 2056 citat-ita-

2183 2105 2312 2152 tem.
2347 2095 2530 2150 Omnis
2559 2095 2696 2148 enim
2720 2095 2809 2164 qui
2836 2093 2960 2163 petit
2982 2132 2996 2158 ,
3016 2091 3340 2148 subauditur
3357 2107 3532 2154 usus,
3561 2089 3778 2159 accipit,

2180 2195 2228 2241 et
2254 2187 2344 2258 qui
2372 2187 2560 2256 quierit
2581 2199 2680 2254 per
2707 2185 2848 2239 bona
2880 2199 3044 2254 opera
3074 2184 3298 2237 inveniet
3317 2221 3335 2248 ,
3369 2189 3418 2237 et
3443 2181 3696 2252 pulsanti
3727 2180 3780 2234 in

2179 2275 2606 2347 perseverantia,
2627 2274 2910 2344 aperietur.
2931 2273 3062 2339 Quis
3083 2282 3158 2327 est
3179 2289 3244 2327 e1:
3263 2273 3404 2328 vobis
3417 2271 3608 2336 Itonia,
3625 2287 3782 2342 quem

2179 2365 2224 2420 si
2251 2366 2458 2435 petierit
2490 2363 2634 2434 filius
2659 2380 2785 2418 suus
2813 2379 3034 2434 panem,
3065 2362 3303 2433 nunquid
3345 2361 3586 2432 lapideus
3633 2360 3782 2414 dabit

2178 2455 2298 2510 illi?
2323 2455 2486 2510 Juxta
2521 2455 2821 2526 simplicem
2859 2455 3272 2526 intelligentiam
3307 2453 3490 2510 nullus
3531 2453 3658 2508 ﬁlio
3683 2467 3782 2509 suo

2177 2547 2316 2603 bona
2333 2549 2536 2618 petenti
2556 2548 2698 2602 mala
2721 2549 2841 2614 dat;
2863 2555 3069 2616 quanto
3091 2547 3264 2617 magis
3285 2548 3450 2612 Deus,
3463 2547 3562 2616 qui
3583 2561 3778 2602 essen-

2179 2638 2380 2693 tialiter
2401 2639 2576 2692 bonus
2603 2639 2720 2692 est!
2751 2637 2918 2692 etiam
2951 2637 2998 2691 si
3041 2637 3184 2691 mala
3218 2643 3474 2707 petamus
3509 2636 3782 2708 ignoran-

2179 2739 2284 2796 ter,
2309 2731 2450 2785 bona
2473 2730 2621 2784 dabit
2645 2729 3035 2800 spiritualiter?
3057 2729 3116 2784 Si
3143 2737 3396 2800 petamus
3425 2729 3604 2785 ﬁdem
3621 2771 3642 2794 ,
3669 2745 3780 2784 non

2178 2824 2444 2878 retribuet
2467 2822 2870 2889 inﬁdelitatem;
2904 2831 2960 2878 et
2988 2823 3034 2878 si
3063 2838 3236 2892 spem,
3264 2839 3374 2878 non
3397 2822 3556 2878 dabit
3585 2822 3782 2892 despe»

2178 2913 2476 2980 rationem,
2505 2915 2630 2983 quia
2661 2914 2802 2970 sicut
2837 2915 3004 2986 piscis
3043 2915 3176 2968 latet
3215 2915 3271 2969 in
3303 2929 3486 2984 aqua,
3519 2914 3782 2969 similiter

2179 3019 2304 3074 spes
2331 3012 2520 3060 nostra
2549 3005 2684 3060 latet
2713 3005 2769 3060 in
2802 3005 3058 3076 praesenti
3090 3005 3288 3061 saeculo
3305 3046 3322 3071 ,
3355 3005 3454 3060 sed
3480 3005 3778 3075 apparebit

2177 3097 2234 3152 in
2260 3097 2466 3163 futuro,
2491 3099 2708 3168 quando
2739 3099 3060 3154 satiabimur
3090 3099 3146 3152 in
3174 3097 3330 3152 bouis
3379 3097 3502 3152 Dei.
3547 3096 3614 3152 Si
3655 3115 3778 3168 ergo

2181 3205 2293 3254 vos,
2326 3205 2445 3242 cum
2465 3189 2582 3243 sitis
2605 3188 2752 3244 mali.
2782 3187 3088 3244 Notandum
3121 3188 3264 3259 quod
3291 3179 3576 3257 apostolos
3605 3188 3778 3243 malos

491 3269 644 3324 reudi
685 3269 936 3326 effectum
979 3271 1258 3340 conferet,
1287 3284 1342 3329 et
1385 3274 1442 3328 in
1482 3273 1662 3330 futuro
1708 3291 1870 3345 supra
1914 3255 2076 3347 quam
2104 3255 2148 3318 C
2183 3277 2338 3342 dicit,
2365 3278 2491 3348 quia
2515 3279 2582 3332 ad
2612 3278 3074 3347 comparationem
3097 3255 3218 3343 Dei,
3245 3255 3408 3332 nemo
3431 3277 3644 3340 bonus,
3683 3293 3780 3347 per

491 3372 712 3426 sperare
759 3361 1012 3430 possitis,
1054 3370 1273 3417 aeternae
1322 3365 1474 3420 vobis
1519 3366 1658 3420 dona
1707 3367 2076 3423 retributionis

491 3449 752 3507 conferet.
791 3451 932 3518 Quid
963 3463 1138 3508 autem
1167 3455 1306 3510 vides
1340 3455 1593 3524 festucam
1625 3457 1680 3510 in
1717 3457 1868 3512 oculo
1893 3459 2076 3527 fratris

490 3542 608 3596 tui?
634 3542 716 3598 Ad
740 3544 844 3600 hoc
873 3545 1016 3614 quod
1043 3547 1383 3616 praemiserat
1425 3547 1647 3616 respicit
1681 3548 1846 3614 istud,
1873 3563 1981 3603 non
2008 3549 2078 3606 ad

487 3633 846 3705 iudicandum
875 3643 1081 3691 temere
1105 3635 1354 3692 fratrem.
1373 3637 1553 3705 Quare
1579 3637 1804 3694 alterius
1831 3639 2078 3696 conside-

491 3743 618 3794 ras,
665 3735 720 3782 et
766 3737 856 3783 tua
904 3728 1282 3784 Oblivisceris?
1326 3727 1462 3785 Cum
1505 3729 1658 3784 vides
1696 3730 1861 3786 alium
1891 3731 2078 3788 leviter

488 3833 720 3890 peccare
741 3859 756 3885 ,
802 3820 1169 3886 condemnas,
1194 3826 1250 3875 et
1267 3817 1479 3888 judicas
1506 3822 1722 3891 gravia,
1751 3830 1806 3878 et
1836 3831 1928 3877 tua
1933 3839 2078 3916 gra-

489 3911 642 3967 viora
682 3911 924 3978 restituas
959 3912 1118 3968 levia.
1159 3911 1264 3968 Per
1296 3912 1559 3968 festucam
1607 3913 1724 3970 leve
1761 3911 2074 3986 peccat—um,

491 4005 726 4059 subitam
773 4006 946 4075 iram,
989 4015 1085 4064 aut
1129 4007 1356 4062 verbum
1408 4007 1686 4076 otiosum;
1729 4023 1826 4080 per
1871 4011 2078 4067 trabem

490 4097 672 4150 odium
699 4098 1083 4166 inveteratum,
1115 4109 1210 4154 aut
1239 4100 1497 4156 invidiam
1516 4141 1532 4166 ,
1567 4101 1652 4156 vel
1677 4102 1926 4171 graviora
1954 4117 2080 4172 pec-

498 4195 640 4241 cata.
685 4187 970 4243 Festucam
1005 4205 1104 4260 per
1133 4208 1191 4256 e,
1222 4192 1404 4247 dicere
1441 4192 1700 4248 debemus
1719 4235 1734 4259 ,
1764 4209 1874 4248 non
1903 4195 2072 4265 peri,

493 4279 635 4334 sicut
666 4278 808 4334 Beda
840 4281 1104 4350 praecipit.
1144 4281 1351 4338 Trabes
1391 4285 1610 4353 proprie
1645 4286 1900 4341 dicuntur
1933 4287 2078 4358 ligna

492 4373 712 4428 navium
736 4373 790 4428 in
817 4381 1144 4438 transverso,
1172 4374 1262 4428 ubi
1283 4374 1628 4445 navigatores
1652 4377 1856 4442 sedent,
1881 4387 1935 4432 et
1957 4379 2080 4435 inde

493 4464 656 4519 etiam
683 4465 862 4520 trabes
890 4465 1146 4520 dicuntur
1175 4465 1230 4520 in
1259 4465 1528 4532 domibus,
1559 4482 1679 4537 quae
1721 4475 1924 4522 tectum
1961 4483 2080 4524 sus-

497 4554 688 4618 tinent,
730 4561 786 4610 et
828 4562 912 4610 est
946 4554 1206 4625 allegoria
1231 4556 1286 4612 in
1309 4556 1412 4612 hoc
1438 4555 1590 4623 loco,
1622 4559 1954 4628 comparatio
1981 4573 2079 4628 per

495 4649 726 4716 speciem
759 4647 1034 4718 parabolae
1055 4689 1070 4714 ,
1101 4648 1169 4705 de
1201 4665 1260 4705 re
1291 4649 1570 4706 inanimali
1596 4650 1664 4706 ad
1702 4650 1956 4716 animale,
2009 4652 2076 4707 de

493 4738 700 4795 festuca
715 4741 780 4796 ad
797 4750 1100 4811 peccatum.
1127 4741 1432 4812 Hypocrita,
1461 4744 1591 4814 ejice
1619 4744 1847 4814 primum
1877 4743 2076 4798 trabem

495 4831 558 4886 de
585 4831 732 4886 oculo
764 4842 873 4900 tuo,
901 4843 950 4888 et
977 4845 1099 4888 tunc
1123 4835 1317 4890 videbis
1348 4837 1535 4906 ejicere
1562 4836 1816 4906 festucam
1838 4837 1900 4891 ds
1926 4837 2076 4892 oculo

497 4921 680 4991 fratris
709 4924 805 4977 tui.
835 4921 948 4979 Hoc
975 4932 1060 4980 est
1092 4941 1263 4997 purga
1297 4925 1528 4995 teipsum
1573 4941 1604 4980 a
1649 4927 1917 4982 criminali
1951 4941 2077 4998 pec-

498 5019 637 5077 cato,
671 5019 725 5066 et
753 5021 882 5068 tunc
900 5015 1107 5084 poteris
1133 5030 1366 5085 purgare
1397 5015 1620 5070 fratrem
1641 5031 1674 5069 a
1699 5016 1802 5071 levi
1827 5025 2072 5086 peccato.

499 5103 635 5172 Quia
665 5119 826 5160 nemo
867 5105 1105 5160 sordidis
1147 5107 1394 5161 manibus
1437 5114 1616 5176 potest
1661 5121 1759 5162 vas
1797 5109 2075 5162 sordidum

499 5197 792 5263 mundare,
824 5197 928 5252 nisi
961 5205 1088 5252 ante
1125 5197 1316 5252 laverit
1350 5214 1564 5254 manus.
1599 5197 1894 5270 Hypocrita
1930 5199 2078 5256 Grae-

501 5301 622 5341 cum
649 5295 734 5343 est
757 5287 947 5342 Latine
978 5287 1274 5352 simulatio,
1298 5288 1378 5342 vel
1408 5287 1692 5343 simulator
1721 5288 1937 5343 dicitur.
1963 5289 2080 5343 Νο-

501 5378 588 5432 lite
614 5391 851 5434 sanctum
877 5381 1004 5435 dare
1029 5380 1266 5446 canibus,
1297 5397 1456 5450 neque
1487 5381 1702 5434 mittatis
1741 5391 1862 5434 ante
1897 5397 2080 5452 porcos

502 5473 814 5539 margaritas
853 5482 1066 5526 vestras.
1127 5471 1302 5527 Canes
1349 5472 1437 5526 hic
1477 5473 1721 5526 haeretici
1767 5471 2107 5543 intelligun-.

505 5566 614 5621 tur,
645 5558 729 5612 vel
759 5569 1013 5630 apostata:
1034 5560 1324 5616 Christiani
1343 5603 1356 5628 ,
1381 5561 1473 5631 qui
1503 5570 1621 5632 post
1650 5564 1888 5633 agnitam
1915 5563 2080 5618 ﬁdem

503 5657 846 5704 revertuntur
875 5653 944 5706 ad
971 5651 1197 5721 pristina
1218 5661 1457 5723 peccata.
1483 5653 1642 5708 Porci
1669 5663 1852 5708 autem
1882 5653 2080 5708 intelli-

503 5749 703 5816 guntur
743 5742 956 5812 pagani.
1005 5743 1142 5810 Quia
1187 5745 1325 5798 sicut
1362 5745 1510 5814 porci
1543 5743 1728 5812 jacent
1777 5760 1989 5814 semper
2021 5745 2077 5801 in

501 5833 636 5899 luto,
663 5831 916 5888 similiter
942 5839 999 5888 et
1027 5832 1114 5888 isti
1154 5847 1369 5903 semper
1398 5833 1583 5904 jacent
1617 5835 1668 5888 in
1703 5837 1886 5906 pravis
1919 5835 2074 5891 volu-

2175 3379 2236 3422 se
2257 3375 2440 3422 autem
2467 3368 2648 3423 omnis
2673 3376 2930 3423 creatura
2954 3367 3116 3423 bona.
3142 3365 3334 3422 Omnia
3365 3384 3495 3437 ergo
3519 3384 3780 3436 quaecu-

2172 3475 2274 3530 que
2293 3457 2450 3513 vultis
2475 3469 2532 3512 ut
2561 3458 2762 3526 faciant
2787 3459 2929 3514 vobis
2954 3460 3186 3514 homines
3207 3469 3256 3513 et
3273 3475 3360 3512 vos
3387 3457 3556 3526 facite
3579 3461 3684 3514 eis.
3705 3459 3778 3515 De

2175 3556 2278 3612 hoc
2305 3556 2472 3610 verbo
2497 3563 2678 3626 potest
2715 3556 2974 3627 intelligi,
3007 3556 3150 3626 quod
3189 3555 3452 3625 propheta
3483 3556 3570 3609 ait
3595 3573 3608 3608 :
3639 3555 3778 3621 Qui:

2175 3648 2386 3703 verbum
2409 3647 2699 3702 breviatum
2727 3648 2888 3718 faciet
2914 3647 3172 3702 Dominus
3197 3663 3354 3716 super
3383 3657 3618 3702 terram.
3647 3645 3774 3702 Hac

2173 3738 2278 3794 fuit
2301 3739 2387 3793 lex
2416 3739 2701 3804 naturalis,
2733 3754 2896 3809 quam
2922 3739 3094 3794 Adam
3121 3739 3352 3810 accepit.
3367 3737 3508 3792 Herc
3527 3749 3606 3792 est
3637 3739 3774 3792 enim

2175 3829 2260 3884 lea:
2287 3839 2335 3884 et
2373 3830 2654 3901 prophetae.
2687 3829 2824 3896 Quia
2861 3843 3195 3900 quaecunque
3231 3828 3288 3883 in
3327 3827 3610 3884 latissimo
3643 3827 3774 3899 legis

2179 3921 2320 3977 libro
2343 3931 2398 3977 et
2421 3923 2814 3993 prophetarum
2845 3922 3062 3992 scriptis
3095 3921 3408 3986 mandavit,
3435 3921 3488 3976 si
3519 3921 3772 3976 dilectio-

2178 4027 2302 4068 nem
2349 4025 2478 4083 erga
2529 4011 2834 4081 proximum
2883 4010 3187 4075 habueris,
3237 4019 3415 4064 totum
3467 4010 3766 4065 custodias.

2179 4103 2370 4160 Omnia
2403 4103 2548 4158 enim
2581 4105 2724 4158 bona
2761 4103 2842 4157 vis
2876 4102 2974 4157 tibi
3009 4099 3166 4168 ﬁeri,
3195 4108 3252 4156 et
3289 4109 3346 4155 tu
3391 4099 3540 4156 facis
3577 4100 3766 4165 alteri;

2177 4194 2379 4250 malum
2421 4193 2516 4248 ulli
2563 4209 2674 4248 non
2717 4191 2904 4257 facies,
2945 4192 3198 4262 quoniam
3233 4205 3343 4246 non
3377 4189 3468 4246 vis
3501 4191 3602 4245 tibi
3635 4190 3768 4246 ﬁeri.

2179 4285 2384 4341 Intrate
2403 4303 2494 4356 per
2517 4293 2794 4356 angustam
2831 4293 3055 4355 portam.
3087 4283 3360 4353 Allegoria
3387 4289 3478 4338 est
3519 4283 3614 4338 hic
3641 4283 3766 4354 quia

2179 4391 2278 4447 per
2323 4385 2534 4446 portam
2583 4377 2670 4430 via
2727 4375 3105 4430 mandatorum
3156 4371 3360 4428 Christi
3407 4372 3770 4445 intelligitur?

2181 4467 2316 4522 Lata
2339 4469 2422 4522 via
2446 4475 2520 4522 est
2557 4477 2604 4521 et
2629 4467 2895 4537 spatiosa,
2941 4481 3058 4536 qua:
3094 4464 3236 4519 ducit
3269 4463 3340 4517 ad
3393 4465 3766 4534 perditionem,

2182 4557 2286 4612 hoc
2311 4565 2394 4612 est
2432 4557 2680 4626 voluptas
2713 4555 2894 4612 saeculi
2933 4571 3054 4626 quae
3091 4571 3150 4612 se
3176 4563 3371 4625 sponte
3407 4553 3612 4622 oﬂ‘ert;
3645 4555 3770 4627 quia

2183 4665 2380 4719 corpus
2415 4651 2518 4704 hoc
2565 4649 2827 4714 delectat,
2863 4664 2970 4704 non
3011 4657 3094 4704 est
3123 4662 3348 4704 necesse
3379 4663 3638 4719 quaerere
3675 4663 3770 4704 nec

2182 4743 2423 4808 discere,
2467 4749 2522 4796 et
2566 4749 2851 4811 propterea
2897 4741 3049 4797 multi
3096 4749 3259 4807 sunt,
3298 4740 3395 4810 qui
3425 4741 3642 4796 intrant
3679 4755 3770 4811 per

2181 4847 2321 4889 eam.
2356 4831 2528 4898 Quam
2553 4841 2779 4902 angusta
2807 4841 2979 4902 porta,
3011 4841 3060 4885 et
3085 4841 3231 4886 arcta
3253 4831 3338 4884 sia
3367 4847 3489 4902 qua
3519 4829 3670 4884 ducit
3701 4830 3768 4884 ad

2182 4924 2359 4978 vitam.
2385 4921 2444 4975 ld
2468 4931 2553 4978 est
2577 4922 2736 4976 valde
2760 4931 3008 4994 angusta,
3041 4935 3137 4992 per
3153 4919 3358 4990 jejunis
3375 4961 3394 4986 ,
3425 4936 3532 4990 per
3557 4921 3766 4991 patien-

2183 5015 2336 5082 tiam,
2368 5029 2468 5085 per
2498 5014 2838 5070 dilectionem
2879 5015 3218 5070 inimicorum
3239 5053 3254 5079 ,
3281 5013 3548 5068 saxulum
3589 5021 3768 5068 trans-

2179 5109 2292 5174 ire,
2327 5119 2383 5162 et
2421 5107 2489 5162 ad
2523 5109 2688 5163 vitam
2724 5117 2980 5163 aeternam
3017 5107 3321 5177 pervenire.
3357 5105 3528 5160 Arata
3555 5108 3640 5162 sia
3673 5113 3768 5162 est.

2183 5199 2334 5255 Unde
2367 5205 2424 5253 et
2455 5197 2702 5254 Psalmus
2737 5197 2868 5252 dicit
2901 5215 2914 5252 :
2950 5197 3062 5268 Ego
3087 5196 3342 5251 custodiri
3367 5196 3480 5250 vias
3507 5196 3702 5250 duras.

2253 5287 2322 5344 Et
2347 5291 2504 5360 pauci
2528 5299 2650 5344 sunt
2679 5290 2768 5361 qui
2791 5291 3054 5344 inveniunt
3091 5305 3228 5343 eam.
3265 5287 3478 5344 Paucos
3519 5289 3658 5344 dicit
3691 5289 3772 5342 iu-

2183 5381 2401 5446 venire;
2445 5395 2546 5435 nec
2587 5391 2767 5434 tamen
2807 5393 2996 5434 omnes
3029 5379 3122 5448 qui
3161 5378 3448 5432 inveniunt
3499 5393 3604 5446 per
3649 5391 3770 5432 eam

2185 5470 2526 5541 gradiuntur,
2575 5469 2828 5538 quoniam
2879 5469 3030 5522 multi
3077 5475 3203 5522 sunt
3251 5469 3342 5537 qui
3393 5469 3580 5524 sciunt
3623 5467 3770 5538 quod

2185 5577 2349 5616 unum
2375 5563 2544 5616 Deum
2567 5559 2862 5616 Christiani
2887 5559 3086 5624 colant,
3117 5567 3172 5614 et
3197 5567 3376 5614 tamen
3405 5559 3512 5630 ipsi
3547 5575 3660 5614 non
3681 5573 3770 5614 co-

2183 5653 2319 5708 lunt.
2373 5655 2438 5708 Et
2485 5653 2636 5709 multi
2693 5660 2818 5707 sunt
2859 5652 2950 5722 qui
3000 5667 3060 5706 se
3105 5651 3284 5706 verbis
3317 5651 3568 5706 fatentur
3599 5653 3768 5706 Deum

2181 5759 2369 5812 nosse,
2403 5755 2458 5802 et
2487 5745 2824 5800 Christianos
2855 5757 2913 5798 sc
2954 5757 3076 5798 esse
3110 5741 3470 5812 proﬁtentur:
3503 5751 3566 5797 et
3611 5739 3770 5794 factis

2180 5843 2412 5908 negant,
2441 5844 2496 5891 et
2537 5836 2658 5891 ideo
2699 5843 2906 5891 arctam
2953 5833 3094 5889 viam
3143 5847 3250 5890 non
3289 5832 3608 5898 ambulant,
3639 5829 3764 5900 quin

3361 6453 3370 6456 -
3465 6453 3498 6460 ἠ
3560 6453 3594 6460 ~—
3644 6453 3780 6464 ~—_‘
3833 6453 3848 6456 —
