3998 6446
271 341 408 398 1521

1414 345 1772 407 EXPOSITIO
1805 349 1876 406 IN
1912 351 2220 410 ΜΑΤΤΗιΕ
2229 354 2349 413 UM.

3369 364 3507 421 i522

266 452 529 510 similiter
559 453 614 510 in
644 454 748 512 alio
773 455 892 513 loco
927 455 1186 513 Dominus
1226 457 1354 515 dicit
1381 477 1395 514 :
1428 459 1587 516 Multi
1630 463 1800 517 vocati
1815 505 1830 529 ,
1860 469 1908 528 Α
1938 463 2092 522 Sicut
2120 470 2262 525 enim
2288 485 2625 544 unaquaeque
2655 476 2818 532 arbor
2846 489 2914 531 ex
2938 477 3118 532 fructu
3141 481 3500 551 cognoscitur,

263 546 421 616 pauci
437 545 604 602 electi.
630 549 1140 613 Vocati,Cltristiani
1169 550 1318 607 facti.
1337 550 1507 607 Pauci
1524 553 1691 624 electi,
1706 557 1833 626 quia

263 648 429 706 opere
455 644 652 707 negant
672 638 860 693 Deum.

849 729 1077 787 CAPUT
1114 731 1252 788 xw.
1525 803 1532 808 _

579 817 659 872 De
680 820 905 874 cavendo
932 838 966 876 a
1003 820 1153 891 falsis
1181 819 1516 878 Christianis.

331 906 594 962 Attendite
621 927 654 962 a
676 909 826 980 falsis
845 913 1125 982 prophetis.
1146 911 1425 970 Attendite
1445 955 1460 982 ,
1484 924 1670 972 cavete
1685 957 1701 984 ,
1736 918 1832 973 oh-

259 1004 492 1053 servate.
519 998 576 1052 ln
597 999 772 1054 tribus
792 999 926 1056 locis
948 1003 1003 1056 in
1026 1003 1127 1059 hoc
1153 1003 1288 1060 libro
1309 1005 1454 1060 istud
1477 1007 1699 1061 verbum
1727 1016 1829 1073 est,

257 1098 315 1143 et
343 1105 556 1160 semper
594 1091 843 1147 eumdem
890 1109 1105 1149 sensum
1145 1094 1324 1151 habet.
1361 1095 1512 1150 Multi
1556 1099 1832 1168 propheta:

258 1180 379 1236 falsi
407 1195 773 1252 apparuerunt
797 1185 850 1239 in
886 1185 974 1240 illa
1001 1195 1160 1266 gente
1197 1187 1360 1242 etiam
1386 1195 1508 1258 post
1540 1189 1829 1246 adventum

256 1269 490 1336 Domini,
518 1271 658 1327 sicut
681 1272 784 1328 fuit
804 1272 1072 1342 Theodas,
1104 1285 1160 1331 et
1185 1276 1353 1333 Judas
1377 1277 1630 1334 Galilaans
1646 1321 1661 1346 ,
1691 1281 1830 1336 sicut

255 1360 313 1415 in
345 1361 570 1419 Actibus
594 1364 958 1435 apostolorum
984 1366 1231 1439 legimus.
1257 1368 1326 1424 Et
1365 1369 1432 1425 de
1458 1370 1542 1426 his
1576 1374 1830 1442 praecepit

255 1455 542 1524 apostolis,
584 1471 652 1512 ne
679 1467 1037 1528 sequerentur
1064 1476 1158 1516 eos
1186 1469 1242 1517 et
1276 1463 1550 1532 perirent,
1581 1465 1722 1520 sicut
1749 1465 1826 1520 illi

253 1548 348 1616 qui
375 1563 470 1604 eos
495 1549 667 1605 secuti
684 1559 826 1615 sunt.
841 1551 970 1607 Post
988 1568 1120 1608 vero
1143 1554 1210 1609 de
1229 1556 1480 1612 omnibus
1501 1555 1652 1612 falsis
1671 1557 1828 1613 Chri-

251 1639 444 1694 stianis
467 1648 646 1708 potest
669 1641 863 1710 accipi,
879 1643 970 1711 qui
990 1643 1132 1698 aliud
1151 1658 1266 1710 ore,
1291 1645 1434 1700 aliud
1452 1661 1618 1716 opere
1637 1659 1822 1719 agunt.

251 1728 388 1784 Nam
440 1727 659 1784 fuerunt
699 1733 896 1802 pagani
938 1733 1030 1802 qui
1083 1734 1336 1790 dixerunt
1380 1752 1438 1791 se
1489 1736 1824 1795 Christianos

1936 568 1993 616 et
2016 561 2098 616 vel
2140 562 2390 619 laudatur
2427 580 2495 621 ex
2533 567 2682 638 ipso,
2726 568 2806 624 sic
2831 569 3008 624 omnis
3048 571 3208 625 homo
3239 586 3306 626 ex
3341 587 3508 644 opere

1936 664 2036 706 suo
2056 692 2072 718 ,
2101 653 2244 721 quod
2271 665 2354 709 est
2395 653 2604 714 fructus
2629 657 2776 726 ejus,
2809 667 2903 714 aut
2933 661 3382 729 remunerabitur,
3412 672 3508 719 aut

1885 757 1893 767 ·
1935 742 2402 799 condemnabitur.
2430 747 2498 802 Et
2517 755 2602 803 est
2628 747 2881 819 allegoria
2923 737 3196 820 parabolae
3225 766 3507 824 compara-

1935 832 2014 888 tio
2034 833 2100 888 de
2125 832 2367 891 inferiori
2390 839 2457 893 ad
2483 841 2817 908 superiorem
2841 831 3126 898 hortantis.
3155 841 3300 900 Uvas
3319 844 3506 900 debuit

1933 922 2113 980 facere
2142 926 2330 994 Israel,
2362 935 2417 982 et
2443 928 2572 985 fecit
2611 930 2927 998 labrus'cas;
2953 941 3010 989 et
3042 932 3230 990 'debuit
3260 934 3506 1006 proferre

1933 1013 2070 1072 ﬁcus
2111 1016 2440 1085 dulcedinis,
2486 1028 2541 1076 et
2587 1022 2714 1077 fecit
2749 1022 2884 1081 licus
2929 1026 3327 1084 amaritudinis.
3367 1029 3506 1084 Vitis

1933 1106 2076 1162 dicta
2105 1109 2246 1178 quod
2262 1109 2369 1163 vim
2393 1109 2592 1166 habeat
2608 1114 2906 1170 radicandi.
2930 1113 3093 1172 Ficus
3113 1130 3144 1170 a
3172 1115 3503 1173 fecunditate

1932 1199 2147 1266 dicitur,
2166 1215 2231 1255 eo
2251 1201 2394 1272 quod
2416 1209 2501 1256 ter
2525 1203 2580 1256 in
2601 1219 2740 1259 anno
2758 1204 2993 1261 fructum
3013 1205 3171 1262 ferat.
3198 1207 3322 1278 Non
3341 1217 3506 1276 potest

1930 1291 2090 1345 arbor
2125 1293 2257 1346 bona
2298 1293 2501 1363 fructus
2535 1295 2704 1350 malos
2734 1297 2939 1367 facere,
2968 1315 3128 1370 neque
3168 1299 3325 1353 arbor
3362 1298 3504 1353 mala

1930 1381 2134 1451 fructus
2166 1382 2325 1437 bonos
2356 1383 2553 1453 facere.
2587 1383 2645 1440 Si
2674 1386 2835 1441 arbor
2864 1387 3003 1443 bona
3044 1403 3152 1449 non
3189 1395 3368 1459 potest
3394 1386 3507 1440 fru-

1929 1481 2051 1530 ctus
2074 1474 2246 1530 malos
2271 1473 2484 1542 facere,
2514 1476 2786 1546 quomodo
2812 1477 3022 1549 Moyses
3062 1479 3225 1534 arbor
3260 1478 3399 1533 bona
3437 1477 3505 1532 ad

1929 1577 2128 1634 aquam
2152 1565 2598 1621 contradictionis
2625 1569 2888 1637 peccavit,
2915 1578 2970 1624 et
2995 1569 3164 1624 David
3184 1568 3503 1633 adulterium

1926 1659 1984 1706 et
2015 1651 2366 1708 homicidium
2392 1654 2684 1722 commisit,
2716 1664 2769 1711 et
2795 1656 2988 1713 Petrus
3018 1658 3305 1713 Dominum
3339 1673 3504 1729 nega-

1927 1740 2042 1795 vit?
2061 1740 2146 1796 vel
2175 1743 2446 1812 quomodo
2474 1742 2660 1800 Jethro
2702 1754 2760 1800 et
2795 1746 3017 1814 Achior,
3059 1749 3280 1804 arbores
3311 1749 3497 1806 malai.

251 1836 374 1876 esse
397 1859 413 1886 ,
448 1829 510 1875 ut
537 1832 757 1892 possent
785 1837 972 1878 eorum
1007 1825 1250 1881 habitum
1277 1827 1556 1898 explorare
1575 1870 1588 1894 ,
1617 1837 1673 1884 et
1708 1839 1822 1884 tra-
1852 1828 1900 1887 B
1928 1831 2214 1886 consilium
2257 1832 2387 1888 utile
2431 1834 2716 1890 dederunt.
2760 1833 2869 1891 Sed
2909 1827 3185 1891 sciendum
3216 1838 3359 1907 quod
3391 1846 3501 1892 tam

252 1912 382 1967 dere
412 1913 480 1967 ad
506 1922 772 1980 mortem,
797 1923 860 1970 ut
903 1923 1175 1987 torqueat.
1209 1917 1316 1974 Sed
1354 1929 1410 1975 et
1449 1921 1514 1976 de
1559 1922 1828 1979 hmretic-is

247 2008 430 2071 potest
449 2002 640 2072 accipi.
659 2001 761 2069 Qui
783 2005 991 2061 veniunt
1016 2006 1088 2061 ad
1109 2024 1196 2062 vos
1217 2008 1272 2062 in
1290 2010 1603 2066 vestimentis
1625 2013 1822 2068 ovium.

250 2087 412 2156 Oves,
443 2090 604 2146 molle
631 2107 815 2162 pecus,
845 2108 1044 2164 corpus
1067 2097 1296 2164 inerme,
1319 2113 1500 2154 animo
1529 2099 1822 2170 placidum.

251 2177 344 2234 Sic
366 2178 528 2246 jussit
553 2180 802 2239 Christus
834 2199 954 2240 esse
981 2200 1130 2252 suos,
1157 2187 1348 2255 mites,
1375 2203 1483 2246 non
1510 2191 1827 2247 resistentes

248 2269 427 2334 malo,
456 2286 581 2326 cum
613 2274 861 2330 omnibus
903 2275 1212 2332 hominibus
1243 2293 1434 2348 pacem
1480 2280 1713 2348 habere,
1761 2284 1829 2338 de

248 2363 586 2419 vestimentis
631 2366 746 2421 suis
792 2373 848 2420 et
897 2367 1035 2423 cibis
1087 2368 1223 2424 alios
1265 2369 1431 2425 alere.
1485 2371 1674 2427 Omnia
1724 2373 1826 2428 ista

248 2451 679 2512 Christianitatis
703 2465 831 2512 sunt
853 2472 1018 2527 opera
1046 2468 1102 2514 et
1134 2461 1460 2517 vestimenta
1489 2463 1692 2518 ovium.
1724 2464 1824 2531 Qui

248 2541 354 2596 ista
379 2559 486 2598 non
510 2543 660 2613 facit,
688 2546 846 2618 lupus
890 2557 993 2604 est.
1027 2549 1211 2620 Lupus
1237 2551 1423 2608 Graece
1449 2552 1618 2620 lucos,
1653 2555 1824 2622 λύκος,

249 2631 466 2699 dicitur,
489 2645 544 2689 et
563 2636 728 2692 habet
755 2651 787 2691 a
809 2638 1051 2694 moribus
1077 2640 1460 2711 etymologiam
1483 2657 1548 2698 eo
1575 2644 1718 2712 quod
1744 2658 1827 2698 ra-

247 2723 474 2791 pacitati
520 2725 592 2780 sit
628 2741 844 2798 semper
871 2730 1083 2785 deditus
1129 2742 1184 2785 et
1228 2733 1430 2787 cruori.
1457 2731 1674 2788 Similes
1701 2742 1827 2788 sunt

247 2813 339 2882 qui
369 2827 582 2883 semper
604 2814 738 2870 alios
764 2816 1100 2876 Christianos
1123 2823 1348 2890 cupiunt
1375 2824 1706 2894 depraedare,
1732 2833 1826 2880 aut

246 2918 344 2973 per
374 2904 684 2960 violentiam
725 2917 817 2962 aut
854 2909 1018 2964 etiam
1049 2913 1204 2980 quasi
1248 2928 1345 2983 per
1385 2913 1556 2985 legem
1604 2916 1826 2971 munda-

248 3008 394 3048 nam.
433 2993 491 3050 Si
516 3004 643 3051 sunt
664 2997 731 3052 de
753 3000 869 3066 ejus
886 2999 1150 3058 beneﬁcio
1171 3012 1264 3058 aut
1285 3005 1452 3059 etiam
1475 3007 1640 3071 servi,
1668 3006 1751 3061 vel
1778 3007 1824 3062 si

248 3086 829 3146 habenuministerium
855 3108 1016 3162 super
1045 3095 1182 3160 illos,
1215 3106 1466 3166 quaerunt
1510 3098 1824 3155 occasiones

1928 1921 2020 1975 diu
2040 1922 2201 1976 arbor
2224 1921 2363 1976 bona
2389 1923 2689 1994 appellatur
2715 1925 2897 1990 homo,
2915 1927 3150 1996 quandiu
3173 1939 3338 1997 opera
3362 1927 3501 1981 bona

1926 2011 2077 2066 facit.
2108 2011 2164 2066 Si
2187 2027 2318 2068 vero
2345 2013 2486 2068 mala
2531 2016 2760 2086 ceperit
2787 2016 3004 2083 facere,
3034 2017 3176 2072 mala
3212 2019 3376 2073 arbor
3408 2033 3502 2087 ap-

1925 2105 2173 2176 pellatur.
2206 2104 2297 2161 Sic
2323 2107 2595 2164 Manasses
2626 2108 2759 2164 mala
2787 2112 2949 2166 arbor
2973 2110 3213 2178 exstitit;
3243 2113 3370 2168 dum
3405 2125 3504 2182 per

1925 2195 2093 2249 multa
2119 2196 2325 2252 scelera
2350 2197 2548 2252 oblitus
2581 2199 2866 2254 Dominum
2911 2199 3032 2254 fuit.
3078 2199 3186 2256 Sed
3226 2200 3350 2256 dum
3393 2200 3504 2269 egit

1924 2286 2301 2357 paenitentiam
2341 2288 2409 2344 de
2439 2290 2583 2346 malo
2623 2291 2676 2347 in
2712 2291 2912 2348 bonum
2945 2293 3000 2348 in
3028 2291 3224 2348 bonam
3252 2293 3502 2349 arborem

1926 2392 2225 2434 conversus
2254 2389 2357 2435 est.
2384 2382 2528 2438 Deus
2574 2384 2638 2438 de
2666 2384 3024 2456 praesentibus
3067 2399 3501 2456 unumquemque

1920 2466 2214 2537 judicabit;
2239 2479 2294 2524 et
2317 2470 2360 2525 si
2392 2471 2446 2524 in
2476 2471 2618 2527 bono
2647 2488 2810 2542 opere
2844 2473 3093 2530 inventus
3130 2473 3294 2529 fuerit
3329 2474 3382 2527 in
3415 2473 3512 2528 die
3558 2503 3564 2510 -

1919 2562 2108 2632 judicii
2128 2602 2143 2629 ,
2173 2564 2258 2620 de
2293 2565 2436 2620 bono
2464 2563 2816 2634 iudicabitur.
2846 2568 2904 2624 Si
2941 2577 3120 2624 autem
3151 2569 3204 2624 in
3230 2567 3499 2624 criminali

1923 2661 2152 2723 peccato
2176 2655 2428 2710 inventus
2454 2654 2638 2723 fuerit,
2662 2657 2715 2712 in
2739 2659 2879 2713 malo
2907 2657 3176 2726 judicatus
3197 2659 3324 2714 erit.
3349 2657 3502 2712 Sicut

1929 2741 1984 2796 in
2032 2743 2283 2799 Ezechiel
2327 2744 2539 2815 plenius
2595 2747 2843 2802 habetur.
2900 2747 2968 2802 Et
3019 2747 3273 2804 Salomon
3325 2748 3498 2802 dicit:

1923 2828 2146 2900 Lignum
2181 2833 2237 2886 in
2265 2849 2421 2903 quam
2462 2843 2663 2904 partem
2703 2837 2978 2903 ceciderit,
3007 2837 3089 2891 ibi
3105 2837 3329 2891 manebit
3350 2877 3364 2901 ,
3396 2837 3500 2890 hoc

1923 2933 2008 2979 est
2031 2966 2046 2991 ,
2073 2934 2325 2996 peccator
2365 2927 2414 2986 si
2444 2927 2499 2982 in
2526 2928 2671 3005 malo
2710 2931 3052 2995 accubuerit,
3088 2929 3155 2984 de
3192 2929 3334 2984 malo
3373 2943 3499 2983 con-

1923 3011 2284 3080 demnabitur,
2315 3024 2370 3069 et
2393 3029 2517 3070 cum
2546 3016 2664 3085 ipso
2689 3017 2963 3086 punietur.
2997 3018 3055 3073 Si
3087 3025 3267 3072 autem
3289 3025 3498 3074 averte-

1924 3112 1998 3166 rit
2029 3127 2088 3168 se
2115 3127 2146 3166 a
2174 3113 2334 3180 malo,
2365 3121 2420 3169 et
2449 3114 2502 3168 in
2533 3115 2674 3171 bono
2695 3115 2862 3170 fuerit
2887 3117 3164 3182 inventus,
3192 3124 3318 3170 ante
3353 3116 3494 3170 diem

246 3186 307 3233 ut
325 3180 479 3249 quasi
509 3194 608 3251 per
634 3180 807 3252 legem
847 3183 1057 3251 possint
1091 3199 1187 3240 eos
1211 3187 1550 3255 exspoliare;
1587 3203 1694 3242 non
1726 3204 1816 3244 co-

1922 3205 2269 3274 inllrmitatis,
2291 3171 2412 3263 cum
2438 3209 2530 3264 illo
2546 3211 2691 3266 bono
2716 3211 3049 3268 liberabitur.
3068 3171 3244 3268 De'his
3263 3227 3497 3284 namque

246 3271 421 3340 gitant
448 3274 588 3340 quod
614 3274 680 3328 de
703 3287 806 3328 una
845 3274 1100 3344 progenie
1130 3283 1287 3342 sunt,
1313 3284 1370 3331 et
1402 3276 1469 3332 de
1495 3293 1603 3332 uno
1629 3287 1811 3348 patre,

244 3361 338 3415 sed
368 3361 521 3432 pejus
545 3377 708 3432 quam
731 3378 858 3420 suos
887 3379 1051 3420 canes
1087 3379 1182 3422 eos
1207 3373 1471 3433 tractant;
1501 3382 1606 3422 non
1637 3368 1816 3424 consi-

243 3451 437 3507 derant
479 3456 621 3524 quod
658 3471 767 3512 uno
794 3459 953 3513 modo
978 3457 1122 3514 Deus
1149 3459 1270 3516 illos
1318 3459 1590 3527 condidit,
1626 3469 1681 3516 et
1708 3475 1816 3520 uno

242 3545 501 3610 sanguine
515 3545 761 3602 redemit.
776 3545 929 3614 Quod
954 3549 1070 3618 ipse
1087 3549 1236 3604 dedit
1259 3551 1569 3620 imperatori
1592 3553 1815 3608 intranti

242 3634 299 3688 in
325 3635 606 3701 mundum,
636 3639 785 3692 dedit
803 3648 860 3694 et
881 3640 1131 3696 mendico
1174 3641 1426 3698 similiter
1450 3644 1687 3698 exeunti.
1718 3645 1810 3698 Ni-

241 3725 319 3780 hil
347 3725 400 3778 in
427 3727 568 3782 hunc
590 3728 850 3783 mundum
876 3729 1178 3796 intulimus,
1200 3733 1295 3786 sed
1318 3748 1420 3788 nec
1447 3734 1662 3790 auferre
1687 3736 1816 3804 quid

238 3830 554 3885 possumus,
581 3817 688 3872 nisi
729 3831 894 3888 opera
921 3829 1124 3875 nostra.
1160 3820 1277 3877 Non
1321 3823 1429 3878 erit
1466 3824 1523 3878 in
1563 3825 1667 3881 alia
1703 3827 1812 3882 vita

238 3907 496 3963 discretio
541 3909 742 3964 domini
785 3917 841 3966 et
887 3911 1070 3977 servi,
1113 3913 1216 3969 nisi
1260 3929 1360 3984 per
1395 3915 1609 3970 merita.
1662 3917 1814 3974 Multi

240 3995 534 4051 Christiani
560 3998 811 4054 dicuntur
834 4019 846 4054 :
873 4002 968 4056 sed
987 4003 1202 4059 actione
1218 4003 1331 4074 lupt
1354 4014 1479 4061 sunt
1509 4008 1682 4072 multi,
1703 4023 1812 4065 non

238 4086 411 4140 solum
442 4085 584 4152 laici,
617 4087 714 4142 sed
734 4097 790 4142 et
814 4090 997 4147 clerici
1021 4091 1131 4162 lupi
1165 4094 1409 4149 moribus
1446 4104 1601 4161 sunt,
1631 4098 1724 4167 qui
1755 4098 1812 4153 in

237 4175 364 4230 ovili
395 4175 606 4231 Domini
635 4177 779 4232 inter
804 4191 934 4234 oves
956 4177 1226 4248 videntur,
1251 4185 1345 4237 sed
1371 4184 1479 4253 lupi
1506 4195 1630 4240 sunt
1645 4187 1808 4242 etiam

236 4276 294 4322 et
321 4282 564 4337 rapaces.

309 4357 627 4430 Quicunque
667 4374 789 4416 cum
814 4375 1009 4432 rapace
1045 4365 1380 4420 consortium
1417 4366 1581 4422 habet
1617 4367 1808 4424 similis

236 4457 320 4502 est
349 4449 445 4504 illi.
483 4450 618 4517 Quia
645 4450 843 4506 Paulus
868 4453 1035 4509 dicit:
1068 4454 1265 4526 Siquis
1287 4456 1455 4526 frater
1479 4460 1802 4530 nominatur,

236 4546 286 4591 ct
315 4546 392 4590 est
415 4553 604 4592 avarus
628 4549 720 4593 aut
748 4558 935 4610 rapax,
966 4551 1100 4610 etc.,
1125 4520 1247 4600 cum
1272 4520 1577 4614 hujusmodi
1604 4567 1706 4606 nec
1729 4520 1807 4607 ci:-
1826 4520 1884 4586 Β

233 4627 364 4681 hum
379 4643 616 4685 sumere.
630 4628 731 4696 Qui
751 4645 1047 4701 pauperum
1061 4648 1326 4702 annonas,
1341 4639 1618 4706 pecunias,
1639 4655 1808 4709 prave

236 4719 528 4786 devorant,
565 4719 676 4790 lupi
718 4736 941 4792 rapaces
969 4732 1114 4779 sunt.
1151 4724 1444 4796 Sequitur:
1476 4728 1522 4781 A
1550 4729 1804 4798 fructibus

235 4827 415 4866 eorum
435 4815 750 4882 cognoscetis
778 4830 884 4868 eos.
908 4815 1103 4872 Dicunt
1127 4835 1139 4872 :
1163 4817 1222 4872 In
1242 4819 1504 4876 beneﬁcio
1529 4821 1636 4875 mei
1658 4830 1806 4888 sunt,

237 4901 534 4956 secundum
567 4901 741 4973 legem
775 4904 980 4975 accipio
1009 4908 1154 4976 quod
1197 4909 1424 4977 accipio.
1454 4909 1596 4965 Deus
1629 4910 1802 4966 dixit:

233 4992 493 5065 Recogita
523 4994 571 5050 si
595 4994 671 5050 ita
699 4995 867 5052 velles
893 4998 992 5053 tibi
1016 4997 1133 5053 ﬁeri
1155 5040 1170 5065 ,
1201 5009 1327 5055 tunc
1354 5000 1488 5057 facis
1520 5004 1674 5058 bene.
1707 5001 1804 5057 Sin

231 5085 410 5142 aliter.
438 5087 619 5142 veniet
645 5094 856 5157 tempus
895 5091 1109 5160 quando
1154 5092 1269 5162 ipse
1304 5094 1414 5148 erit
1438 5095 1491 5147 in
1515 5091 1716 5164 gloria,
1744 5103 1800 5149 tu

232 5172 289 5226 in
320 5171 553 5230 inferno.
589 5174 822 5234 Fructus
855 5178 1136 5234 hominum
1174 5188 1301 5235 sunt
1329 5197 1494 5252 opera
1533 5190 1626 5237 aut
1660 5186 1801 5238 bona

231 5273 328 5319 aut
351 5265 514 5319 mala.
545 5267 604 5320 Si
632 5269 770 5323 bona
798 5281 950 5338 sunt,
974 5273 1092 5328 ovis
1109 5313 1124 5338 ,
1152 5273 1199 5326 si
1234 5273 1405 5339 mala,
1435 5274 1610 5344 lupus.
1649 5272 1803 5329 Nun-

231 5355 357 5425 quid
384 5371 488 5410 non
507 5355 755 5426 colligunt
774 5358 838 5412 de
857 5363 1021 5429 spinis
1046 5380 1191 5427 uvas,
1208 5374 1298 5417 aut
1316 5363 1380 5418 de
1404 5365 1611 5418 tribulis
1631 5365 1803 5433 ﬁcus?

231 5443 338 5500 Per
361 5446 576 5516 spinas,
605 5446 682 5501 illi
724 5448 817 5517 qui
862 5452 1108 5520 superius
1143 5453 1254 5523 lupi
1295 5455 1470 5509 vocati
1515 5463 1668 5520 sunt;
1705 5469 1802 5524 per

231 5537 460 5594 tribulos
479 5553 712 5610 quoque,
732 5555 852 5610 qua;
872 5542 1122 5598 similiter
1143 5547 1359 5614 spinosa
1379 5556 1462 5603 est
1485 5549 1664 5615 arbor,
1679 5565 1800 5619 quae

231 5635 316 5685 est
345 5630 532 5698 rubus,
566 5631 666 5701 ipsi
697 5632 1064 5702 designantur.
1085 5634 1189 5691 Per
1217 5655 1347 5694 uvas
1368 5647 1424 5694 et
1457 5639 1614 5705 licus,
1637 5641 1797 5710 digna

231 5720 344 5779 Deo
369 5737 554 5792 opera.
584 5724 672 5780 Sic
692 5728 860 5780 omnis
881 5726 1038 5780 arbor
1066 5728 1199 5783 bona
1225 5731 1426 5800 fructus
1457 5735 1618 5788 bonos
1649 5735 1794 5804 facit.

712 5822 988 5883 Ps'mOL.
1040 5821 1202 5886 CVI.

1920 3297 2012 3366 qui
2039 3298 2093 3352 in
2126 3297 2443 3355 inﬁrmitate
2469 3308 2880 3368 convertuntur,
2905 3301 3038 3357 dicit
3078 3301 3269 3358 beatus
3306 3301 3495 3357 Hiero-

1917 3405 2112 3463 nymus
2151 3392 2203 3446 in
2234 3407 2394 3448 versu
2423 3392 2614 3463 psalmi
2642 3412 2654 3447 :
2690 3394 2952 3459 Quoniam
2979 3411 3082 3450 non
3123 3403 3200 3449 est
3239 3395 3296 3448 in
3331 3404 3495 3449 morte

1917 3486 2008 3560 qui
2031 3502 2229 3542 memor
2250 3487 2317 3540 sit
2348 3487 2458 3552 tui;
2485 3493 2540 3544 et
2565 3487 2619 3543 in
2659 3494 2834 3544 morte
2861 3495 2913 3543 et
2937 3487 2992 3543 in
3026 3487 3259 3554 inferno,
3285 3493 3497 3543 utrum-

1917 3592 2022 3648 que
2059 3578 2322 3647 agendam
2354 3579 2730 3647 pmnitentiam
2767 3579 3072 3650 denegavit.
3115 3578 3296 3634 Omnis
3337 3577 3496 3631 arbor

1914 3681 2032 3737 qua:
2082 3682 2187 3720 non
2234 3667 2362 3735 facit
2413 3668 2643 3736 fructum
2704 3669 2926 3734 bonum,
2973 3669 3260 3723 excidetur.
3303 3667 3492 3728 Omnis

1914 3757 2076 3812 homo
2099 3756 2474 3824 Christianus,
2525 3759 2638 3813 sive
2669 3772 2938 3829 paganus,
2992 3758 3036 3813 si
3092 3773 3199 3812 non
3252 3756 3488 3812 fructum

1913 3847 2047 3902 facit
2072 3848 2237 3903 etiam
2264 3849 2496 3914 bonum,
2545 3848 2849 3914 excidatur,
2897 3849 3260 3904 eradicabitur
3304 3848 3485 3902 anima

1913 3936 2030 4006 ejus
2085 3953 2116 3991 a
2171 3950 2429 4007 corpore;
2480 3952 2588 3993 non
2637 3952 2697 3993 se
2742 3937 2994 3993 liberabit
3040 3938 3108 3992 de
3148 3937 3485 4008 ignorantia,

1912 4030 2040 4100 quia
2095 4043 2200 4084 non
2263 4029 2389 4084 licet
2435 4030 2703 4098 ignorare.
2758 4029 2826 4083 In
2872 4031 3044 4100 ignem
3085 4029 3338 4083 mittetur.
3383 4028 3484 4096 Qui

1912 4119 1970 4174 in
1994 4120 2380 4189 sempiternum
2421 4135 2526 4175 non
2557 4121 2948 4191 exstinguetur.
2985 4121 3152 4191 Igitur
3192 4135 3259 4174 ex
3296 4119 3488 4176 fructi-

1910 4208 2014 4264 bus
2042 4223 2230 4264 eorum
2262 4210 2600 4281 cognoscetis
2647 4225 2760 4266 eos.
2798 4211 2933 4277 Quia
2973 4210 3315 4281 cognoscetis
3357 4224 3485 4277 eos,

1911 4299 2036 4356 ideo
2078 4300 2200 4356 dico
2227 4319 2240 4354 :
2266 4301 2525 4357 Attendite
2566 4304 2630 4358 ab
2675 4302 2803 4358 illis.
2855 4301 2977 4357 Non
3014 4304 3182 4358 omnis
3223 4304 3314 4374 qui
3357 4305 3485 4359 dicit

1909 4390 2058 4455 mihi,
2085 4391 2338 4458 Domine,
2371 4392 2622 4461 Domine,
2649 4395 2864 4450 intrabit
2893 4396 2948 4450 in
2975 4412 3188 4466 regnum
3213 4395 3480 4450 calorum.

1909 4480 2029 4538 Non
2058 4497 2118 4538 se
2142 4483 2595 4556 conﬁdataliquis
2622 4487 2766 4554 quod
2795 4486 3134 4541 Christianus
3166 4495 3280 4551 est,
3304 4487 3349 4541 si
3376 4502 3481 4541 non

1909 4570 2038 4628 facit
2085 4587 2249 4642 opera
2299 4574 2760 4642 Christianitatis,
2803 4593 2907 4632 non
2958 4577 3179 4632 intrabit
3228 4578 3281 4631 in
3317 4577 3480 4632 vitam

1907 4669 2187 4716 aeternam.
2225 4661 2362 4728 Quia
2389 4663 2492 4727 Qui
2532 4665 2658 4717 dicit
2681 4682 2737 4720 se
2763 4682 2915 4719 nosse
2946 4665 3112 4718 Deum
3142 4675 3189 4719 et
3231 4665 3483 4719 mandata

1907 4750 2022 4820 ejus
2049 4767 2154 4804 non
2181 4752 2441 4816 custodit,
2471 4753 2698 4809 mendax
2723 4765 2817 4810 est.
2859 4754 3070 4809 Etenim
3099 4762 3155 4810 et
3182 4753 3312 4809 illud
3338 4755 3481 4824 quod

1907 4837 2108 4893 Paulus
2155 4839 2325 4895 dicit:
2358 4839 2526 4897 Nemo
2571 4852 2735 4913 potest
2786 4844 2958 4897 dicere
3007 4843 3261 4899 Dominus
3300 4845 3478 4910 Jesus,

1911 4927 2012 4981 nisi
2033 4928 2090 4981 in
2113 4927 2317 4999 Spiritu
2339 4941 2542 4999 sancto,
2561 4933 2762 4987 dictum
2784 4932 2875 4986 hic
2899 4933 3145 5002 profecto
3163 4934 3473 5004 accipimus,

1908 5024 1964 5070 et
1984 5017 2040 5071 in
2067 5019 2388 5075 credulitate
2403 5029 2686 5077 cantamus
2708 5039 2720 5074 :
2740 5020 2809 5074 Et
2827 5022 2917 5092 qui
2939 5022 3072 5076 bona
3094 5032 3306 5093 egerunt
3330 5023 3476 5076 ibunt

1905 5108 1962 5161 in
1993 5108 2150 5162 vitam
2180 5119 2450 5178 aeternam,
2471 5113 2561 5182 qui
2589 5127 2706 5166 vero
2727 5111 2868 5165 mala
2885 5153 2899 5177 ,
2929 5113 2985 5166 in
3009 5114 3180 5183 ignem
3201 5121 3474 5167 teternum.

1906 5199 1973 5254 Et
1992 5208 2226 5257 aeternus
2247 5203 2352 5257 erit
2377 5203 2464 5256 ille
2492 5202 2631 5272 ignis
2647 5200 2958 5272 unicuique,
2982 5203 3122 5257 sicut
3144 5201 3286 5258 Deus
3309 5204 3474 5260 dixit:

1904 5292 1988 5347 Ite
2011 5293 2066 5347 in
2089 5294 2259 5364 ignem
2289 5303 2536 5346 wternum
2557 5333 2570 5356 ,
2603 5292 2729 5361 quia
2761 5293 2854 5363 qui
2894 5292 3060 5348 semel
3091 5293 3358 5348 infernum
3397 5295 3478 5348 in-

1905 5382 2135 5444 troierit,
2170 5381 2398 5435 ulterius
2432 5395 2538 5434 non
2577 5382 2766 5436 exibit.
2793 5381 2946 5438 Licet
2979 5383 3204 5451 recipiat
3243 5399 3472 5454 corpus,

1907 5472 2109 5540 absque
2131 5468 2336 5538 judicio
2357 5480 2414 5523 et
2435 5485 2587 5524 mora
2624 5479 2925 5526 revertetur
2957 5472 3046 5525 ubi
3085 5481 3204 5526 erat
3244 5475 3472 5544 deputa-

1903 5567 2009 5614 tus.
2040 5559 2195 5613 Multi
2228 5560 2398 5612 dicent
2434 5560 2561 5614 mihi
2585 5561 2641 5614 in
2671 5560 2765 5614 illa
2791 5561 2906 5627 die,
2937 5561 3187 5629 Domine,
3213 5563 3433 5620 Domine
3455 5607 3472 5631 ,

1902 5665 2072 5703 nonne
2097 5650 2152 5702 in
2187 5650 2393 5703 nomine
2417 5659 2506 5704 tuo
2539 5652 2954 5721 prophetavimus
2988 5660 3037 5706 et
3064 5652 3119 5704 in
3147 5661 3236 5708 tuo
3267 5656 3473 5708 nomine

1901 5738 2159 5792 damonia
2196 5739 2460 5806 ejecimus.
2493 5740 2824 5810 Prophetare
2848 5750 2902 5795 et
2935 5741 3162 5796 virtutes
3205 5742 3383 5799 facere
3417 5751 3470 5797 et

2957 5831 3034 5890 Ιιὲ
