3998 6466
528 357 665 414 1527

1295 361 1679 420 CHRISTIANI
1718 361 2124 418 BRUTI-{MAN
2162 361 2612 420 CORBEIENSIS
2651 363 2956 421 MONACHI

3627 365 3762 425 1⁸528

503 451 651 536 iant.
675 481 743 535 Et
771 480 990 536 addidit.
1017 479 1084 534 Et
1113 479 1244 534 male
1267 489 1552 551 torquetur.
1583 478 1649 531 Et
1675 479 1746 530 ait
1773 475 1880 530 illis
1901 469 2078 542 ,ἴέεήιῆ
2109 469 2308 541 Ᾱινυιιη
2337 471 2593 550 populum
2617 480 2854 550 gentium
2874 479 3120 552 designat
3137 481 3468 537 crediturum
3495 481 3552 536 in

517 573 788 627 videlicet
807 572 1144 642 missisejus,
1181 571 1296 640 Ego
1313 571 1520 626 ueniam
1555 579 1603 624 et
1627 568 1820 624 curabo
1847 583 1988 624 eum.
2013 568 2082 624 Et
2103 591 2136 640 ιε¹
2181 579 2237 632 et
2264 568 2402 626 ﬁlios
2427 569 2659 642 Abrahae
2681 570 3330 652 perjidepsl'uturourret
3343 572 3772 634 denuntiandi-

518 661 660 716 sicut
701 659 836 716 alius
875 661 1197 731 evangelista
1227 659 1418 725 refert,
1447 659 1624 716 statim
1663 659 1808 730 erepit
1850 660 1944 724 ire,
1975 674 2081 716 non

501 755 748 825 .proullo
781 758 940 820 dono,
971 759 1066 812 sed
1091 771 1194 828 pro
1217 757 1322 812 ﬁde
1349 766 1406 812 et
1436 757 1738 812 humilitate
1769 767 1826 812 et
1851 756 2083 826 pruden-

511 845 587 900 tia
631 845 981 900 centurionis.
1033 843 1200 911 Fide,
1243 845 1368 914 quia
1413 845 1642 902 credidit
1676 845 2091 918 paralyticumfa

512 934 796 989 Salvatorc
848 950 1004 1006 posse
1041 935 1252 1001 sanari;
1301 935 1637 1000 humilitate,
1690 938 1814 1006 quia
1857 937 2095 1008 seipsum

511 1028 729 1098 dignum
763 1043 869 1082 non
914 1028 1200 1084 aestimavit
1227 1029 1298 1084 ad
1341 1043 1466 1082 eum
1513 1028 1728 1094 venire;
1776 1029 2094 1106 prudentia,

509 1115 638 1188 quia
667 1118 866 1190 ubique
901 1119 1074 1174 Deum
1111 1135 1268 1191 posse
1323 1121 1544 1190 operari
1569 1137 1688 1192 quae
1707 1121 1870 1177 vellet
1903 1123 2090 1179 verbo.

499 1209 582 1263 -Εε
613 1210 926 1278 respondens
951 1213 1190 1265 centurio
1213 1212 1287 1266 ait
1315 1212 1612 1276 :‘Domine,
1641 1227 1740 1268 non
1763 1231 1880 1268 sum
1901 1215 2093 1286 dignus

501 1309 567 1354 'rut
583 1303 750 1356 intres
765 1303 861 1356 sub
883 1311 1080 1357 extum.
1099 1319 1288 1357 meum.
1325 1303 1512 1358 Refert
1535 1305 1708 1366 Lums
1733 1307 1860 1375 quia
1883 1307 2094 1366 miserit

501 1392 678 1448 invia
710 1393 908 1449 missos
934 1395 1118 1452 dicens
1147 1409 1214 1448 ne
1241 1409 1301 1449 sc
1343 1395 1628 1465 fatigaret,
1647 1396 1771 1466 quia
1795 1409 1914 1452 non
1947 1407 2092 1453 esset

493 1484 703 1556 dignus
729 1493 788 1540 ut
816 1486 916 1540 sub
941 1493 1140 1542 tectum
1172 1485 1288 1555 citis
1317 1487 1562 1543 intraret.
1609 1489 1716 1543 Sed
1761 1497 1968 1543 tantum
2007 1491 2094 1545 dic

511 1566 696 1625 verbo,
723 1571 780 1618 et
801 1566 1081 1624 sanabitur
1120 1583 1254 1636 puer
1289 1584 1463 1626 meus.
1509 1569 1804 1636 Credebat,
1836 1573 2079 1641 quamvis

501 1649 740 1717 gentilis.
790 1655 930 1722 quod
977 1655 1084 1725 ipse
1113 1667 1242 1712 esset
1287 1658 1381 1728 qui
1426 1658 1592 1726 dixit,
1637 1667 1686 1716 et
1721 1660 1862 1730 facta
1903 1671 2022 1716 sunt
2056 1675 2076 1714 :

508 1741 794 1806 mtmdavit,
827 1752 876 1796 et
905 1755 1078 1800 creata
1106 1756 1245 1802 sunt.

2185 667 2359 720 tarum
2383 659 2699 729 adepturum
2727 661 2784 726 in
2810 677 2978 734 regno
2998 662 3116 718 Dei.
3147 661 3648 740 Senusrenutpm
3671 679 3774 738 quo

2181 747 2522 816 deprecatur,
2554 747 2714 810 illius,
2736 749 2930 819 populi,
2943 759 3164 820 partem
3179 797 3188 802 .
3201 751 3454 821 designat.
3469 795 3472 810 ε
3486 751 3590 821 qui
3607 795 3610 798 -
3625 751 3774 806 unde

2163 847 2566 896 convertuntur
2591 839 2670 900 ad-
2687 840 2879 906 Deum,
2897 847 2974 898 .et:
2989 841 3148 910 quasi
3163 841 3772 912 seruasse-1km.

2177 928 2272 998 qui
2307 927 2514 984 diutius
2537 929 2595 986 in
2620 929 2844 993 servitio
2887 929 3624 1004 [idolorum-dematur;
3641 932 3772 1000 quia

2165 1017 2386 1076 similes
2407 1015 2560 1081 tium,
2600 1017 2956 1086 quiiaeiunt,
2983 1021 3157 1090 atqui
3185 1021 3472 1084 confidunt
3499 1021 3774 1085 insciens!

2171 1107 2270 1175 qui
2301 1115 2578 1176 peccatum
2601 1109 2774 1174 facit,
2805 1125 2994 1174 servus
3015 1120 3104 1168 est
3130 1110 3770 1183 peccatu-Stasime!!!-

2179 1215 2268 1254 su-s
2309 1201 2596 1256 centurioni
2637 1217 2656 1256 :
2707 1201 2968 1269 Vade,‘el
3011 1206 3146 1260 sicut
3189 1207 3770 1275 «Mutiliae-455.

2177 1287 2514 1358 Frequenter.
2547 1291 2654 1348 hoc
2692 1293 2834 1350 Deus
2875 1295 3222 1364 omnipotens.
3257 1297 3326 1354 ad
3347 1296 3582 1352 multo:
3609 1295 3768 1352 dixit.

2179 1376 2332 1434 Unde
2367 1381 2672 1438 osmnditur
2707 1384 2998 1450 secundum
3039 1384 3768 1456 amnium-eidem“:

2171 1467 2288 1524 .Deo
2313 1483 2436 1526 esse
2455 1480 2814 1541 accepturum
2829 1482 2895 1530 .et
2927 1475 3500 1547 impetratur-umque
3527 1478 3768 1548 petierit.

2177 1558 2224 1612 si
2257 1558 2494 1628 perfecte
2525 1563 2945 1630 crediderit,.-'et
2969 1567 3034 1622 :in
3079 1569 3770 1642 nouli-mSivntoﬁsape-

2177 1649 2342 1717 tierit,
2379 1659 2432 1706 et
2457 1653 2511 1708 in
2537 1657 2902 1724 petendo-non
2939 1658 3288 1716 haesitaverit.
3335 1662 3404 1716 Et
3441 1677 3673 1718 senatus
3697 1677 3769 1718 est

2175 1755 2304 1809 puer
2335 1742 2389 1795 in
2417 1741 2513 1796 illa
2547 1745 2698 1800 liora.
2733 1745 2812 1802 Ex
2849 1749 2952 1804 hoc
2987 1750 3599 1824 colligere~posmuius,
3629 1755 3768 1825 quod

580 1829 718 1882 Nam
745 1841 794 1886 et
819 1849 910 1903 ego
937 1834 1089 1890 homo
1113 1853 1228 1891 sum
1249 1838 1342 1892 sub
1365 1849 1631 1909 potestate,
1658 1841 1850 1897 habens
1878 1845 1971 1897 sub
1995 1861 2074 1898 me
2101 1835 2148 1894 Β
2177 1831 2402 1888 aliorum
2427 1849 2615 1904 Preces
2641 1837 2776 1894 alios
2799 1839 3072 1909 adimam,
3103 1851 3158 1898 θι
3185 1844 3320 1899 ﬁdes
3345 1845 3620 1915 Ρθΐῖθεῑδο
3645 1847 3770 1900 Ῐωί⁹

504 1919 712 1974 milites.
746 1923 845 1978 Dat
867 1925 1167 1995 exemplum
1195 1929 1344 1996 quasi
1369 1929 1512 1985 dicat
1539 1949 1552 1984 :
1582 1930 1640 1986 Si
1665 1947 1763 2004 ego
1792 1934 1882 2002 qui
1909 1949 2074 2004 purus

503 2012 666 2068 homo
693 2029 812 2070 sum
841 2017 1166 2074 constitutus
1193 2021 1290 2076 sub
1317 2020 1540 2078 alterius
1569 2032 1860 2094 potestate,
1887 2025 2076 2080 videli-

503 2115 590 2160 cet
617 2106 820 2161 Tiberii
847 2108 1209 2179 imperatoris,
1241 2113 1362 2168 dico
1387 2115 1644 2170 militibus
1685 2117 1818 2171 meis
1844 2117 2075 2187 juniori-

501 2200 602 2252 bus
626 2207 684 2254 nt
711 2200 906 2256 faciant
951 2202 1041 2256 illa
1083 2202 1167 2257 vel
1211 2203 1324 2270 illa,
1351 2213 1408 2260 et
1433 2203 1526 2270 fit;
1568 2215 1769 2276 quamo
1795 2209 1963 2276 magis
1993 2217 2070 2274 tu,

500 2288 590 2356 qui
637 2288 799 2346 habes
843 2291 1062 2363 angelos
1102 2293 1156 2347 in
1187 2301 1470 2363 potestate,
1518 2296 1564 2350 si
1607 2299 1927 2368 praeceperis
1967 2299 2074 2354 Ba-

499 2380 674 2448 pbaeli
699 2382 782 2436 vel
807 2383 924 2451 ejus
947 2383 1148 2450 ordini,
1172 2387 1348 2440 statim
1375 2385 1492 2442 ﬂet!
1519 2388 1648 2443 Dico
1675 2391 1797 2444 huic
1821 2390 2074 2447 subaudi-

501 2477 590 2522 tur
611 2469 786 2524 militi.
817 2471 968 2527 Miles
1001 2473 1174 2529 dictus
1201 2489 1232 2528 a
1263 2476 1428 2542 mille,
1455 2479 1581 2548 quia
1609 2480 1756 2534 mille
1780 2482 2012 2550 primum
2040 2497 2072 2536 a

495 2561 726 2614 Romqu
753 2561 807 2616 in
835 2577 1060 2618 numero
1087 2567 1316 2622 ordinati
1345 2577 1490 2635 sunt,
1535 2585 1632 2626 seu
1661 2573 1785 2641 quia
1825 2573 1890 2628 de
1923 2573 2071 2629 mille

495 2667 636 2707 unus
659 2651 978 2722 eligebatur,
1009 2657 1222 2724 quando
1257 2661 1611 2730 eligebantur.
1657 2662 1738 2716 Et
1769 2677 1918 2718 servo
1955 2681 2070 2720 meo

495 2741 582 2811 fac
609 2743 724 2796 hoc.
767 2743 825 2800 Id
867 2754 949 2800 est
983 2762 1134 2816 opus.
1183 2749 1252 2801 Et
1285 2750 1430 2818 facit.
1480 2751 1680 2808 Servus
1721 2755 1916 2821 dictus,
1945 2755 2071 2826 quia

493 2833 727 2901 primum
773 2843 1018 2890 servatus
1047 2844 1130 2892 est
1174 2837 1230 2890 in
1275 2838 1432 2894 bello.
1483 2839 1670 2896 Omnis
1695 2853 1946 2900 creatura
1975 2845 2070 2900 tibi

491 2924 672 2979 obedit
711 2933 773 2979 ut
817 2927 1062 2992 Domino,
1101 2929 1304 2986 idcirco
1329 2938 1484 3001 potes
1535 2932 1714 2991 facere
1740 2951 2070 3007 quaecunque

491 3013 746 3069 volueris.
769 3016 998 3072 Audiens
1021 3027 1192 3073 autem
1212 3019 1388 3086 Iesus,
1411 3024 1634 3079 miratus
1655 3035 1748 3079 est.
1773 3025 2070 3084 Mirandam

491 3109 546 3156 et
589 3102 906 3158 imitandam
951 3104 1112 3159 ﬁdem
1149 3107 1455 3164 videntibus
1497 3120 1553 3165 et
1597 3113 1935 3170 audientibus
1977 3117 2070 3172 de-

2174 1932 2371 1991 temur,
2393 1941 2580 1982 omnes
2608 1927 2918 1998 Christiani,
2949 1931 3108 1988 istum
3141 1935 3518 1991 centurionem
3549 1937 3608 1990 in
3639 1951 3770 2006 pm-

2175 2015 2376 2082 dentia,
2409 2017 2466 2071 in
2495 2018 2600 2074 [ide
2631 2029 2684 2074 et
2711 2021 3034 2079 humilitate.
3077 2023 3404 2081 Studeamus
3461 2029 3766 2082 semiudum

2173 2108 2344 2164 Deum
2375 2111 2666 2180 prudentes
2695 2111 2830 2178 fore,
2869 2115 2996 2184 quia
3023 2116 3164 2171 Deus
3201 2115 3326 2171 inde
3367 2117 3550 2172 dixit:
3587 2117 3772 2170 Estote

2174 2199 2452 2276 prudentes
2474 2211 2532 2254 ut
2555 2213 2835 2272 serpentes.
2871 2203 2978 2261 Pro
2998 2203 3208 2273 iustitia
3237 2221 3410 2277 usque
3431 2207 3504 2262 ad
3529 2217 3772 2262 mortem

2171 2303 2496 2359 pugnemus,
2537 2293 2712 2360 parati
2741 2294 2906 2348 etiam
2933 2297 3080 2350 omni
3112 2298 3358 2367 poscenti
3386 2311 3490 2353 nos
3529 2299 3604 2352 ad
3647 2301 3772 2352 ηε-

2173 2377 2402 2434 dendam
2431 2383 2693 2438 rationem
2719 2383 2784 2440 de
2813 2401 2876 2439 ea
2903 2401 3023 2455 qua:
3051 2387 3106 2442 in
3129 2388 3286 2443 nobis
3307 2398 3397 2444 est
3425 2403 3544 2458 spe.
3575 2388 3768 2443 Fida:

2173 2479 2396 2540 quoque
2427 2480 2630 2528 certam
2675 2482 2730 2530 et
2777 2485 2980 2532 rectam
3027 2477 3320 2534 habeamus
3367 2479 3422 2534 in
3467 2478 3672 2540 Donni,
3711 2488 3768 2533 et

2173 2562 2424 2618 omnibus
2461 2565 2869 2636 quibuscunque
2909 2569 3420 2638 promisimus,-‘-nisi
3453 2579 3674 2626 tantum
3715 2572 3766 2624 in

2173 2663 2436 2723 quantum
2457 2657 2674 2712 deviant
2709 2673 2740 2712 a
2769 2659 2866 2714 Dei
2891 2659 3185 2715 voluntate.
3213 2661 3594 2718 Humilitatem
3624 2669 3686 2716 et
3713 2663 3768 2714 in

2171 2746 2354 2802 animo
2387 2755 2443 2803 et
2473 2748 2530 2804 in
2549 2739 2780 2820 corpore
2817 2752 3134 2818 habeamus,
3161 2755 3292 2822 quia
3331 2753 3484 2809 Deus
3507 2753 3768 2808 omniins

2171 2835 2496 2895 Christianis
2524 2857 2556 2894 a
2579 2857 2640 2896 se
2665 2844 2924 2914 pracepit
2949 2845 3082 2900 disci
3111 2845 3480 2900 humilitatem
3509 2855 3570 2900 et
3611 2859 3768 2900 Inal-

2163 2929 2529 2986 suetudinem.
3577 2949 3580 2952 ’

2753 3023 2982 3082 CAPUT
3019 3025 3178 3081 XVII.

2711 3113 2788 3170 De
2831 3132 2984 3170 socru
3045 3115 3208 3172 Petri.

485 3195 828 3248 monstravit.
860 3195 992 3250 Nam
1016 3197 1130 3266 ipse
1157 3207 1284 3254 ante
1311 3199 1430 3268 ejus
1455 3202 1615 3260 ﬁdem
1641 3218 1954 3276 agnoverat,
1975 3210 2068 3281 qui

2241 3202 2312 3258 Et
2349 3221 2467 3260 cum
2499 3206 2715 3260 uenisset
2753 3205 2906 3260 Iesus
2940 3208 2996 3261 in
3027 3208 3238 3262 domum
3273 3205 3442 3274 Petri,
3497 3210 3632 3264 uidit
3671 3225 3761 3264 u-

489 3293 790 3340 creaverat.
811 3285 879 3340 Et
897 3290 1242 3356 sequentibus
1263 3306 1322 3347 se
1339 3293 1491 3348 dixit.
1521 3294 1646 3350 Non
1671 3297 1846 3352 inueni
1865 3309 2066 3356 tantum

489 3377 644 3446 fidem
665 3377 722 3430 in
749 3376 940 3432 Israel.
967 3380 1043 3434 De
1075 3381 1238 3436 Israel
1269 3384 1472 3438 carnali
1499 3387 1658 3454 dicit,
1693 3389 1786 3458 qui
1817 3389 1987 3461 legem
2015 3402 2064 3448 et

487 3468 780 3538 prophetas
804 3470 1091 3534 habebant,
1128 3479 1181 3526 et
1221 3481 1402 3528 tamen
1431 3475 1550 3546 ejus
1579 3478 1911 3535 divinitatem
1957 3499 2064 3539 non

485 3559 570 3614 sic
601 3557 987 3629 intelligebant.
1028 3559 1161 3615 Nam
1202 3562 1482 3620 invenerat
1521 3565 1576 3620 in
1618 3569 1874 3638 apostolis
1915 3581 1970 3626 et
2011 3573 2065 3628 in

483 3647 818 3704 Nathanaele
847 3648 1146 3718 perfectam
1171 3651 1328 3708 ﬁdem
1347 3694 1362 3720 ,
1395 3655 1490 3710 sed
1518 3657 1584 3712 de
1609 3656 1812 3714 Iudaeis
1833 3663 2068 3717 carnali-

485 3739 588 3794 bus
617 3737 777 3804 dixit,
809 3740 933 3812 quia
963 3740 1128 3798 Israel
1155 3744 1396 3813 generali
1435 3747 1650 3803 nomine
1683 3757 1794 3804 tota
1829 3767 1960 3821 gens
1985 3755 2064 3810 sic

483 3828 814 3896 vocabatur;
841 3832 996 3900 quasi
1019 3832 1244 3889 dixisset
1267 3852 1280 3887 :
1307 3843 1452 3891 totus
1471 3835 1634 3894 Israel
1657 3839 1864 3897 habens
1889 3843 2061 3914 legem

483 3924 539 3969 et
559 3917 850 3986 prophetas
877 3921 1133 3976 debuerat
1156 3922 1228 3976 ita
1255 3939 1342 3978 me
1363 3937 1710 3995 cognoscere,
1739 3939 1800 3984 ut
1817 3931 1938 3997 iste,
1967 3933 2062 3988 sed

485 4021 594 4058 nou
615 4006 774 4074 facit;
801 4017 858 4062 et
881 4025 910 4064 a
939 4017 1052 4066 toto
1069 4027 1194 4082 pars
1215 4013 1532 4086 intelligitur
1551 4032 1648 4086 per
1665 4024 2055 4090 synecdochen,

483 4093 626 4146 sicut
654 4095 708 4148 in
741 4097 848 4152 alio
873 4099 992 4154 loco
1023 4120 1036 4154 :
1069 4101 1266 4156 Μονιαὶ
1300 4113 1444 4170 sunt,
1486 4121 1610 4160 cum
1648 4109 1793 4164 solus
1821 4110 2062 4169 Herodes

485 4191 733 4240 mortuus
783 4186 962 4242 fuerit.
1017 4190 1146 4244 Dico
1197 4205 1372 4248 autem
1421 4197 1560 4250 vobis
1606 4199 1745 4268 quod
1791 4201 1946 4256 multi
1994 4204 2060 4258 ab

487 4269 697 4328 Oriente
733 4285 784 4329 et
829 4273 1104 4330 Occidente
1139 4283 1358 4336 venient.
1403 4283 1506 4338 Per
1535 4287 1668 4342 istas
1707 4291 1839 4345 duas
1879 4303 2062 4360 partes

483 4364 604 4420 alia:
647 4365 811 4422 etiam
853 4366 1237 4438 intelliguntur,
1285 4372 1494 4428 scilicet
1525 4383 1668 4432 totus
1700 4381 1950 4436 mundus.
1994 4383 2063 4438 Et

483 4455 747 4512 accedunt
775 4455 880 4512 fide
907 4457 974 4512 ad
1010 4457 1208 4526 Deum,
1239 4471 1296 4518 et
1329 4465 1656 4534 recipientur
1691 4469 1746 4522 in
1785 4469 1931 4526 illum
1967 4487 2060 4542 pa-

2167 3311 2314 3350 crum
2343 3293 2492 3350 Petri
2507 3296 2768 3364 jecentem
2793 3307 2840 3351 et
2873 3298 3282 3368 febricitantem.
3301 3297 3516 3356 Socrus
3557 3302 3766 3356 dicitur

2166 3384 2314 3440 Petri
2365 3385 2580 3452 mulier,
2617 3389 2772 3458 cujus
2807 3388 2973 3444 ﬁliam
3002 3389 3236 3446 habebat
3289 3393 3488 3447 beatus
3535 3391 3760 3447 Petrus.

2163 3473 2319 3533 Alius
2345 3477 2686 3549 Evangelista
2709 3479 2840 3536 dicit
2865 3482 3004 3552 quod
3031 3491 3342 3552 rogaverunt
3371 3481 3530 3537 illum
3553 3499 3656 3554 pro
3675 3501 3758 3537 es.

2166 3568 2237 3624 Et
2265 3579 2412 3624 stans
2447 3585 2604 3640 super
2621 3569 2772 3626 illum
2795 3571 3064 3642 imperauit
3106 3571 3260 3642 febri,
3295 3581 3344 3626 et
3381 3573 3590 3628 dimisit
3615 3589 3756 3626 eam.

2163 3657 2468 3729 Aliquando
2524 3667 2806 3729 exspectat
2855 3661 3114 3718 Dominus
3167 3675 3358 3730 prem
3411 3663 3754 3732 rogantium.

2163 3750 2463 3818 Aliquando
2483 3749 2626 3806 ultro
2647 3761 2803 3807 curat
2825 3759 3026 3822 εει-οῑο
3047 3749 3254 3818 volens,
3275 3751 3610 3820 utmajores
3633 3768 3758 3822 gn-

2163 3840 2267 3896 tias
2293 3839 2405 3896 Deo
2433 3841 2687 3908 referant,
2711 3857 2812 3912 pro
2841 3857 3072 3912 quorum
3109 3843 3362 3911 precibus
3391 3841 3551 3906 facit,
3581 3853 3642 3896 et
3669 3843 3758 3896 ad-

2163 3927 2270 3984 huc
2307 3929 2467 3984 hodie
2489 3945 2551 3984 ea
2587 3945 2708 3999 qua:
2729 3929 2894 3985 nobis
2921 3929 3086 3985 habet
3113 3931 3374 4000 disposita
3419 3945 3506 3996 re,
3549 3931 3672 3984 vult
3693 3945 3756 3986 κ

2162 4035 2262 4091 pro
2281 4021 2368 4078 his
2393 4020 2574 4090 rogari
2601 4036 2636 4074 a
2658 4019 2833 4075 nobis.
2870 4019 2942 4074 Et
2971 4021 3134 4091 tetigit
3167 4037 3390 4074 manum.
3407 4021 3556 4088 ejus,
3587 4029 3644 4073 et
3673 4021 3754 4074 di-

2163 4111 2304 4164 misit
2329 4127 2445 4164 eam
2471 4109 2650 4178 febris.
2691 4110 2826 4175 Quia
2856 4109 2962 4165 duo
2993 4109 3240 4180 discipuli
3293 4110 3381 4164 sui
3415 4110 3610 4165 dilecti
3649 4127 3750 4182 pro

2163 4215 2227 4258 ea
2261 4201 2560 4270 rogabant,
2612 4207 2668 4254 et
2711 4199 2878 4253 verbo
2909 4197 3118 4254 febrem
3161 4197 3368 4270 fugavit
3417 4209 3478 4252 et
3521 4215 3748 4254 manum

2163 4290 2402 4359 surgenti
2431 4287 2690 4357 porrexit.
2723 4287 2789 4342 Et
2813 4289 3038 4344 surrexit
3069 4297 3120 4342 et
3149 4289 3490 4343 ministrabat
3509 4291 3604 4344 eis.
3633 4291 3746 4344 Naa-

2165 4381 2336 4436 turale
2379 4387 2462 4434 est
2493 4379 2742 4433 omnibus
2769 4379 3202 4436 febricitantibus
3235 4397 3360 4436 cum
3397 4383 3592 4438 omissi
3631 4383 3748 4439 fue-

2161 4472 2272 4525 rint
2299 4487 2326 4524 a
2351 4469 2520 4534 febre,
2547 4467 2806 4538 majorem
2843 4469 3146 4526 molestiam
3181 4471 3522 4529 inﬁrmitatis
3559 4483 3616 4529 et
3643 4475 3750 4530 las-

485 4544 720 4600 radisum
763 4546 857 4602 ubi
897 4545 1170 4604 Abraham
1215 4561 1317 4617 est,
1363 4564 1419 4610 et
1459 4554 1624 4620 Isaac,
1669 4566 1724 4612 et
1768 4557 1954 4628 Jacob,
2003 4573 2057 4618 et
2082 4553 2135 4612 D
2162 4560 2409 4616 situdinis
2457 4559 2679 4624 sentire,
2725 4568 2782 4614 et
2831 4561 2986 4629 quasi
3019 4563 3261 4616 semivivi
3296 4562 3510 4633 jacere.
3545 4565 3658 4620 Sed
3687 4575 3748 4618 ut

483 4635 640 4692 beata
664 4637 774 4692 vita
801 4636 1066 4694 fruentur.
1097 4639 1225 4694 Filii
1243 4653 1416 4696 autem
1441 4648 1582 4715 regni
1601 4647 1760 4719 hujus
1783 4651 2058 4720 ejicientur

483 4725 536 4778 in
561 4726 795 4782 tenebras
817 4729 1118 4796 exteriores,
1147 4729 1204 4784 id
1223 4739 1310 4785 est
1335 4731 1523 4798 Judaei,
1563 4736 1656 4803 qui
1700 4737 1770 4792 ibi
1807 4741 1920 4794 nati
1949 4739 2058 4797 fue-

483 4823 605 4870 ram
631 4823 686 4870 et
711 4815 880 4886 legem
905 4827 1246 4887 acceperunt,
1290 4827 1344 4874 et
1383 4821 1450 4876 de
1477 4825 1908 4892 patriarcharum
1937 4846 2058 4900 pro-

481 4906 637 4973 genie
659 4915 802 4971 sunt,
839 4907 1120 4964 mittentur
1145 4912 1198 4964 in
1229 4913 1480 4966 tenebras
1503 4916 1818 4984 exteriores,
1851 4921 1952 4976 hoc
1975 4929 2058 4978 est

481 4997 536 5050 in
567 4999 870 5066 infernum,
909 5001 997 5056 ubi
1036 5011 1306 5072 perpetuae
1343 5004 1574 5060 tenebrae
1597 5017 1741 5060 sunt.
1771 5009 2058 5066 Interiores

483 5093 626 5154 enim
675 5095 928 5158 tenebrat,
973 5095 1188 5148 caecitas
1227 5097 1446 5159 mentis,
1489 5111 1594 5164 qua
1641 5099 1834 5154 melius
1873 5102 2054 5158 videre

483 5183 756 5238 debemus.
803 5182 908 5238 Sed
935 5183 1026 5251 qui
1061 5184 1231 5238 Deum
1267 5200 1374 5238 non
1397 5186 1704 5256 cognoscit,
1735 5187 1897 5242 habet
1925 5189 2056 5246 istas

483 5273 732 5328 tenebras
761 5273 816 5327 in
849 5274 1100 5342 praesenti
1129 5291 1142 5324 :
1175 5276 1420 5330 mittetur
1455 5293 1556 5346 pro
1583 5278 1700 5332 istis
1735 5279 1790 5334 in
1827 5282 2055 5338 exterio-

487 5373 592 5424 res,
617 5361 706 5416 ubi
753 5363 1084 5418 cruciabitur
1107 5364 1270 5418 simul
1313 5381 1434 5422 cum
1477 5381 1702 5437 corpore
1749 5377 1804 5424 et
1847 5373 2049 5428 anima.

485 5449 570 5504 Ibi
595 5453 690 5506 erit
719 5457 868 5523 fletus
891 5465 940 5510 et
964 5455 1159 5510 stridor
1177 5457 1431 5510 dentium.
1465 5459 1520 5512 In
1547 5457 1672 5512 ﬂetu
1699 5459 1975 5516 oculorum
1999 5471 2055 5518 et

485 5541 724 5598 dentium
749 5546 998 5612 stridore,
1031 5547 1210 5602 carnis
1243 5555 1296 5602 et
1324 5549 1524 5604 ossium
1563 5553 1888 5607 resurrectio
1917 5555 2055 5610 desi-

483 5643 700 5708 gnatur,
731 5645 784 5690 et
809 5651 934 5690 vera
965 5640 1080 5692 haec
1109 5639 1494 5696 cruciabuntur
1519 5655 1702 5711 poena,
1727 5659 1836 5698 non
1863 5645 2054 5716 imagi-

485 5727 636 5780 naria
655 5765 669 5789 ,
705 5731 762 5779 et
795 5727 946 5791 quasi
975 5741 1072 5794 per
1095 5729 1378 5782 somnium.
1415 5729 1521 5786 Iste
1549 5733 1794 5788 centurio
1822 5735 2052 5803 primiti-

2157 4651 2550 4715 osteuderetur,
2583 4650 2710 4718 quia
2753 4649 2912 4706 aliter
2951 4649 3040 4706 ille
3083 4653 3328 4718 sanabat,
3357 4653 3522 4709 aliter
3545 4657 3742 4712 medici

2159 4742 2377 4808 terreni,
2405 4757 2594 4798 omnes
2611 4757 2957 4812 quoscunque
2977 4743 3206 4798 sanabat
3229 4743 3286 4798 in
3298 4757 3584 4801 momento
3605 4755 3744 4802 ten-

2155 4833 2304 4902 poris
2323 4831 2569 4894 sanabat,
2601 4832 2674 4886 ita
2709 4841 2768 4886 ut
2805 4847 2908 4886 nec
2935 4832 3216 4902 vestigium
3255 4835 3556 4902 praeterita
3585 4835 3740 4890 inﬁr-

2155 4921 2362 4977 mitatis
2405 4930 2732 4978 remaneret.
2759 4921 2912 4978 Unde
2943 4931 3000 4978 et
3033 4924 3134 4978 ista
3161 4939 3286 4978 cum
3313 4927 3580 4990 surrexit,
3631 4937 3742 4980 sta-

2157 5008 2254 5062 tim
2285 5009 2452 5078 cmpit
2501 5009 2810 5064 ministrare
2845 5009 3091 5073 Domino,
3144 5009 3416 5079 signiﬁcat
3454 5011 3738 5066 homines:

2158 5111 2472 5167 oppressum
2507 5099 2576 5152 ab
2603 5098 2782 5166 aliquo
2803 5107 3048 5167 peccato,
3073 5098 3304 5160 luxuria,
3327 5115 3426 5156 seu
3457 5102 3694 5156 avaritia
3719 5121 3734 5154 :

2157 5201 2256 5258 pro
2283 5203 2388 5256 quo
2417 5188 2462 5243 si
2489 5189 2764 5244 oraverint
2823 5188 2946 5242 boni
2985 5188 3166 5252 amici,
3212 5189 3498 5244 sanabitur
3521 5189 3594 5244 ab
3613 5191 3736 5256 ipa

2157 5288 2326 5350 febre,
2357 5287 2410 5340 in
2437 5293 2644 5339 tantum
2673 5291 2734 5337 ut
2755 5285 2982 5339 Domino
3017 5285 3305 5348 ministret,
3336 5285 3432 5352 qui
3459 5291 3592 5338 ante
3617 5283 3738 5338 dia-

2155 5377 2282 5433 bolo
2309 5377 2655 5430 ministrabat
2691 5374 2938 5429 faciendo
2963 5373 3294 5428 voluntatem
3323 5373 3464 5444 ejus.
3511 5373 3736 5444 Vespa:

2155 5479 2328 5522 autem
2357 5468 2498 5537 facto
2541 5467 2839 5520 obtulerunt
2861 5467 2912 5521 ei
2933 5465 3126 5520 multos
3167 5465 3430 5520 dmin
3453 5469 3728 5522 ﬂuentes.

2153 5557 2288 5626 Quia
2331 5559 2616 5613 sabbatum
2665 5558 2784 5626 ipsa
2820 5558 2906 5611 die
2953 5555 3147 5621 fuerat,
3173 5569 3280 5610 non
3337 5555 3564 5610 fuerunt
3609 5559 3728 5611 ausi

2151 5657 2276 5703 ante
2301 5663 2580 5718 vesperam
2611 5656 2830 5718 propter
2853 5647 3138 5702 sabbatum
3165 5647 3432 5702 adducere
3457 5647 3726 5712 inﬁnitus,

2149 5739 2384 5795 maxime
2407 5741 2766 5794 demoniacos
2796 5757 2810 5793 :
2841 5753 2978 5808 quos
3016 5753 3122 5792 non
3155 5745 3410 5808 poterant
3443 5737 3606 5792 aliter
3625 5738 3716 5790 ad-
