3998 6448
246 405 426 475 1557';-

1103 437 1130 464 .-
1307 410 1833 480 ι-,ΕΧΡθΒῑΤιΟΙΝ

1935 411 2316 489 tumuit,
2520 475 2522 478 ,
2599 477 2601 480 ,
2739 473 2744 480 ,
3343 410 3516 505 esseE

243 520 494 590 discipuli
525 522 754 593 ρανίβαί
773 531 984 592 erant,
1017 523 1130 596 qui
1169 524 1451 581 audierant
1495 524 1816 596 magistrum
1831 533 1902 607 Α
1911 535 2098 607 postea
2145 542 2367 593 cruces,
2399 535 2455 583 et
2493 533 2803 612 tormenta”
2826 526 3051 588 verbera
3086 523 3483 594 sustinuerunt,

3343 406 3480 471 1538

3504 467 3515 494 ε

243 612 702 677 ευυιῃ,.ιιιυόδδεθ
740 615 1014 672 Christum
1037 613 1368 684 frequenter
1401 623 1457 670 et
1489 615 1842 686 vituperasse,
1917 618 2012 691 qui
2035 627 2162 675 ante
2187 633 2372 675 vocem
2396 618 2586 692 duram
2609 634 2716 674 non
2753 613 3000 687 poterant
3026 617 3312 675 sustinere.

242 701 548 764 Pharisaeos
564 707 752 768 dicens
765 709 1032 778 genimina
1050 707 1348 778 viperarum
1364 725 1382 774 ,-
1406 716 1463 762 et
1484 716 1662 766 tamen
1685 722 1819 770 con-

235 789 603 864 jungebantur
627 811 750 859 cum
779 795 885 856 illis
907 796 963 852 in
991 796 1375 866 discipulorum
1405 796 1618 858 Domini
1641 811 1841 867 παρτε-ι

244 884 546 946 Ιιθιιβίωιεμ
575 885 641 944 Si.
681 895 876 950 autem
910 887 1173 948 ΡΜτίεωί
1222 888 1498 953 vidissent.
1533 879 1840 946 Dominum.

241 977 362 1046 i750
389 985 629 1050 tempore
663 980 1030 1042 comedentem
1050 1019 1065 1046 ,
1108 979 1377 1058 quomodo
1427 977 1676 1049 discipuli
1705 977 1842 1049 ejus.-

241 1067 435 1136 utique
467 1069 939 1137 reprehendissent
980 1085 1103 1126 eum
1127 1107 1142 1136 ,
1196 1069 1322 1138 quia
1349 1068 1518 1124 etiam
1544 1067 1824 1128 sanitates

235 1156 522 1229 hominum
547 1158 823 1214 inmalam
849 1166 1059 1229 partem
1095 1158 1428 1214 conabantur
1472 1156 1822 1214 convertere?

240 1243 362 1310 Non
389 1255 547 1302 erant
591 1256 772 1303 autem
801 1248 913 1317 ipsa
933 1245 1138 1316 jejunia
1163 1255 1432 1317 praecepta
1463 1246 1520 1302 in
1538 1245 1655 1318 lege
1676 1286 1692 1312 ,
1723 1245 1820 1301 sed

241 1334 350 1404 ipsi
373 1336 633 1394 Pharisaei
659 1339 1068 1405 adinvenerant,
1097 1338 1190 1409 qui
1228 1345 1280 1394 et
1309 1337 1443 1391 alias
1483 1337 1822 1408 superstitio—

240 1442 341 1493 nes
368 1427 708 1486 invenerunt.
733 1428 994 1485 Similiter
1023 1428 1287 1496 Saducaei,
1325 1436 1385 1484 ut
1402 1427 1667 1498 Josephus
1698 1441 1822 1480 nar-

241 1527 348 1572 rat.
378 1517 446 1574 Et
471 1519 544 1576 ait
584 1518 688 1580 illis
723 1519 917 1574 Iesus:
951 1519 1206 1591 Nunquid
1243 1529 1456 1590 possunt
1508 1518 1607 1588 ﬁlii
1646 1517 1824 1589 sponsi

239 1609 439 1678 lugere,
486 1611 723 1679 quandiu
770 1628 889 1666 cum
925 1611 1032 1666 illis
1077 1622 1153 1668 est
1189 1613 1453 1682 sponsus?
1475 1611 1685 1682 Lugere
1723 1598 1821 1681 pro

234 1695 485 1766 jejunare
513 1700 752 1768 ponitur,
780 1701 907 1772 quia
928 1700 1194 1770 jejunium
1221 1701 1291 1756 ad
1323 1701 1525 1756 luctum
1561 1701 1819 1772 pertinet.

241 1789 346 1842 Dat
369 1789 774 1845 similitudinem
799 1789 865 1844 de
893 1805 1090 1862 sponso
1120 1799 1174 1846 et
1197 1806 1415 1861 sponsa,
1445 1790 1587 1861 quod
1610 1790 1821 1860 quando

2473 695 2700 765 CAPUT
2744 707 2929 763 xxur.
2996 749 3000 753 .

1951 853 1954 856 _
2333 796 2546 874 Derﬁlia
2567 798 2708 884 .lairi
2736 800 3062 884 resuscituttt.
3125 865 3128 872 η
3385 846 3436 888 ἢ

1987 888 2121 958 Herc
2160 889 2252 964 illp
2276 965 2277 968 η
2298 888 2532 962 loquente
2558 891 2773 960 adneos,
2806 883 2924 946 ecce
2963 883 3199 968 princeps
3227 887 3374 960 unus
3387 883 3490 968 iac-

1918 981 2088 1040 ⁶⁶⁶³ί⁸⁴
2120 965 2399 1052 ιοίιυεηιε
2434 981 2658 1048 Domino
2687 981 2860 1036 turbis
2897 965 3125 1037 salutem
3163 965 3497 1056 animarum:

1919 1069 2067 1124 venit
2093 1069 2307 1140 quidam
2331 1069 2580 1146 princeps
2605 1069 2930 1126 Judaeorum.
2981 1057 3082 1148 Qui
3107 1067 3233 1139 quia
3271 1053 3519 1148 sapiens?

1919 1170 2038 1217 erat
2079 1161 2135 1216 in
2164 1161 2280 1234 lege
2305 1171 2359 1217 et
2388 1143 2876 1235 archisynagogus,
2908 1162 2962 1218 id
2998 1145 3082 1217 εει
3107 1143 3357 1234 princeps

1919 1267 2161 1334 nagogae,
2207 1252 2530 1318 vocabatur,
2557 1254 2685 1324 quia
2731 1255 2788 1309 in
2831 1267 3019 1310 eorum
3061 1241 3514 1336 congregationi;

1920 1345 2022 1402 bus
2062 1331 2280 1414 propter
2327 1344 2574 1414 peritiam
2616 1361 2770 1402 suam
2817 1346 3075 1418 magister
3102 1353 3240 1409 erat,
3279 1351 3334 1399 et
3367 1331 3512 1415 quia:

1921 1434 2118 1490 nobilis
2141 1441 2260 1489 erat
2291 1452 2304 1490 :
2335 1436 2499 1489 etiam
2542 1449 2738 1488 nomen
2780 1435 3047 1490 indicatur
3082 1435 3150 1491 ab
3179 1431 3300 1489 aliis
3330 1429 3515 1506 evan-'5

1922 1525 2129 1597 gelistis
2156 1525 2396 1582 dicentes
2426 1543 2438 1582 :
2474 1524 2572 1581 Cui
2601 1511 2785 1581 nomen
2807 1537 2914 1580 erat
2938 1527 3141 1581 Jairus.
3241 1517 3244 1520 ’
3427 1601 3430 1604 Α

1992 1617 2064 1672 Et
2088 1617 2325 1674 adoravit
2353 1636 2471 1688 eum
2493 1617 2668 1673 dicens
2690 1636 2709 1675 :
2731 1614 2875 1672 Filia
2898 1635 3011 1673 mea
3052 1615 3207 1672 modo
3248 1611 3509 1694 defuncta:

1923 1719 2018 1764 est.
2065 1708 2186 1766 Non
2218 1719 2338 1765 erat
2365 1711 2539 1767 adhuc
2577 1719 2790 1766 mortua
2818 1712 3033 1781 quando
3060 1719 3215 1783 pater
3244 1701 3502 1779 accessit,

1924 1803 2021 1860 sed
2048 1803 2104 1858 in
2128 1803 2216 1858 via
2245 1805 2348 1860 hoc
2375 1807 2425 1862 ei
2461 1806 2768 1862 nuntiatum
2797 1814 2898 1862 est.
2930 1803 3036 1863 Sed
3065 1805 3348 1861 Matthaeus
3376 1805 3502 1860 bre-

3504 956 3518 988 ἶ

240 1879 657 1968 coniungantur.
711 1888 876 1952 agunt
917 1880 1032 1936 dies
1077 1881 1296 1946 Ῑὶθιίῐίδέν
1349 1890 1403 1935 ei
1432 1880 1547 1934 νυιῐ
1584 1881 1820 1950 Sicili-“ium
1848 1876 1898 1938 Β
1922 1893 2076 1948 vitati
2105 1893 2346 1961 studens,
2377 1894 2454 1949 ita
2478 1904 2684 1951 narrat.
2715 1895 2972 1964 Quamvis
3014 1911 3143 1968 ergo
3167 1895 3385 1950 Judzeus
3412 1908 3500 1950 es-

240 1967 464 2040 intelligi
495 1969 845 2038 spiritu-aliter
867 1984 1146 2039 sponsum,
1171 1978 1227 2024 et
1250 1969 1546 2024 Ecclesium
1569 1983 1822 2039 Sponsam

240 2073 415 2113 suam.
448 2057 738 2112 Thalamus
774 2057 933 2126 hujus
973 2059 1156 2129 sponsi
1184 2069 1371 2114 uterus
1411 2067 1613 2115 sanctae
1641 2058 1822 2112 Maria:

239 2149 486 2215 exstitit,
538 2149 592 2204 in
645 2164 752 2218 quo
806 2149 946 2205 Deus
1013 2151 1174 2205 homo
1234 2149 1352 2204 ﬁeri
1410 2150 1656 2220 dignatus
1700 2157 1784 2203 est
1807 2188 1823 2216 ,

241 2242 456 2311 quando
485 2241 587 2298 ista
614 2241 959 2311 loquebatur,
1001 2250 1126 2297 tunc
1147 2243 1275 2316 ,ipsa
1309 2242 1470 2298 ﬁebat
1515 2240 1823 2310 conjunctio

244 2331 503 2399 quoniam
539 2347 636 2402 per
669 2346 822 2385 suam
871 2331 1310 2402 praedicationem
1349 2331 1636 2402 colligebat
1675 2345 1825 2384 eam-

239 2416 363 2472 dem
389 2433 639 2488 sponsam
657 2434 831 2474 suam.
860 2419 1066 2475 ldcirco
1095 2420 1244 2485 dicit,
1271 2437 1374 2474 non
1403 2428 1618 2490 possunt
1649 2418 1825 2489 lugere

240 2509 342 2579 ﬁlii
367 2513 565 2580 sponsi,
615 2511 864 2566 videlicet
904 2513 1153 2584 apostoli,
1205 2513 1331 2583 quia
1355 2527 1452 2583 per
1474 2511 1824 2583 Evangelium

244 2599 315 2654 ab
343 2599 460 2668 ipso
489 2609 646 2656 erant
681 2601 867 2670 geniti.
913 2599 1124 2656 Venient
1158 2611 1332 2656 autem
1371 2604 1480 2656 dies
1523 2619 1642 2656 cum
1676 2601 1827 2670 aufe-

243 2700 391 2744 retur
415 2691 479 2745 ab
507 2693 580 2746 eis
602 2708 841 2762 sponsus,
871 2701 919 2747 et
939 2701 1060 2747 tunc
1082 2693 1421 2764 jejunabunt.
1449 2694 1581 2750 Illud
1617 2703 1826 2764 tempus

242 2783 499 2850 ostendit,
529 2800 636 2854 quo
663 2785 778 2855 ipse
805 2786 862 2841 in
889 2785 1086 2842 omium
1129 2787 1396 2853 ascendit,
1426 2786 1554 2856 quia
1577 2786 1825 2856 quamvis

242 2888 458 2945 semper
481 2889 605 2930 cum
658 2875 762 2930 illis
787 2882 933 2930 esset
967 2874 1349 2945 spiritualiter,
1406 2882 1584 2930 tamen
1629 2888 1824 2944 corpo-

245 2962 345 3017 rali
383 2964 667 3034 przesentia
717 2965 786 3020 ab
834 2965 913 3020 eis
957 2965 1203 3020 recessit.
1243 2963 1413 3019 Nemo
1463 2974 1636 3019 autem
1691 2980 1828 3018 com-

244 3054 524 3110 missuram
539 3056 699 3126 panni
729 3055 875 3110 rudis
898 3055 1053 3111 mittit
1074 3056 1129 3108 in
1153 3054 1511 3110 uestimentum
1531 3063 1692 3108 vetus.
1717 3051 1826 3108 Per

244 3130 473 3208 omnem,
491 3151 697 3200 textum
721 3145 997 3216 Evangelii
1025 3143 1210 3213 ﬁgurae
1235 3142 1532 3198 dictionum
1557 3149 1700 3206 sunt,
1732 3139 1827 3194 sed

1923 1993 2026 2052 set,
2053 2002 2160 2042 non
2182 1985 2315 2042 dixit
2337 1995 2398 2042 ut
2428 1988 2674 2044 centurio
2694 1988 2850 2054 dixit,
2880 1988 2980 2042 Dic
3007 1996 3056 2042 et
3085 1986 3176 2057 ﬁet
3199 2001 3219 2039 :
3247 1988 3340 2042 sed
3360 1985 3502 2051 veni,

1923 2075 2151 2131 credens
2175 2091 2298 2131 eum
2330 2077 2504 2132 solum
2546 2079 2686 2133 sicut
2712 2079 3030 2148 prophetam
3077 2077 3214 2144 fore,
3241 2077 3368 2131 licet
3393 2090 3503 2130 non

1922 2169 2187 2226 crederet.
2213 2169 2465 2224 Attamen
2494 2177 2613 2225 erat
2641 2170 2801 2224 nimis
2823 2169 3013 2234 malus,
3039 2167 3106 2223 ad
3132 2166 3285 2238 cujus
3311 2179 3505 2238 preces

1925 2259 2113 2314 annuit
2157 2259 2418 2314 Dominus
2461 2275 2624 2331 agere
2651 2267 2713 2314 ut
2739 2261 3040 2330 petebatur.
3089 2257 3194 2314 Sed
3225 2259 3356 2323 veni,
3402 2257 3506 2311 im-

1922 2365 2054 2420 pone
2080 2365 2294 2404 manum
2325 2357 2468 2404 tuam
2492 2359 2540 2404 et
2570 2351 2716 2405 vivet.
2758 2350 2894 2418 Quia
2930 2349 3076 2405 enim
3116 2364 3224 2404 non
3265 2347 3506 2403 habebat

1925 2439 2084 2494 aliam
2122 2439 2286 2496 ﬁliam
2331 2440 2414 2497 vel
2453 2433 2644 2508 ﬁlium,
2683 2449 2969 2512 propterea
3005 2447 3188 2495 tenere
3221 2437 3503 2509 diligebat,

1925 2537 1982 2584 et
2004 2530 2205 2586 idcirco
2234 2539 2291 2586 et
2323 2531 2438 2602 ipse
2461 2531 2612 2586 venit
2645 2539 2699 2586 et
2723 2531 2792 2586 ad
2837 2531 3001 2602 pedes
3032 2529 3251 2594 "orruit,
3294 2537 3350 2583 et
3381 2543 3506 2584 cum

1927 2622 2188 2691 magistro
2217 2622 2285 2678 ad
2310 2636 2430 2678 eam
2461 2623 2661 2678 reverti
2687 2621 2920 2686 volebat,
2943 2621 3084 2675 sicut
3113 2619 3307 2675 mulier
3333 2617 3510 2674 Suna—

1926 2713 2075 2768 mitis
2102 2727 2222 2782 qua:
2247 2728 2356 2768 non
2393 2713 2597 2768 dimisit
2621 2711 2871 2767 Elisaaum
2913 2724 3194 2782 quousque
3235 2708 3301 2763 ad
3331 2707 3503 2762 ﬁlium

1927 2811 2199 2860 mortuum
2247 2802 2573 2872 perveniret.
2614 2800 2679 2856 Et
2723 2817 2940 2871 surgens
2982 2798 3140 2854 Iesus
3191 2796 3504 2868 sequebatur

1927 2912 2066 2962 eum,
2111 2904 2159 2949 et
2199 2894 2440 2964 discipuli
2468 2894 2602 2964 ejus.
2636 2893 2938 2948 Notandum
2987 2891 3128 2962 quod
3173 2888 3420 2958 discipuli
3451 2888 3508 2942 in

1927 2985 2177 3042 omnibus
2200 2984 2415 3040 Domini
2437 2983 2596 3040 factis
2625 2991 2994 3040 memorantur
3017 2982 3208 3040 adesse
3227 2980 3408 3036 electi.
3437 2979 3510 3034 Et

1929 3077 2090 3148 digne
2127 3075 2264 3130 tales
2309 3074 2486 3133 effecti
2541 3082 2686 3142 sunt,
2718 3075 2845 3146 quia
2889 3073 3162 3145 inspector
3203 3071 3382 3127 cordis
3428 3069 3516 3127 in-

1933 3166 2110 3237 spexit
2138 3180 2355 3221 arcana.

245 3243 468 3306 propter
515 3235 792 3293 fastidium
833 3243 890 3290 et
931 3234 1295 3325 prolixitatem
1341 3232 1468 3288 libri
1494 3230 1828 3325 frequenter
1853 3217 1901 3281 C
1933 3217 1989 3237 Ἴ
2004 3217 2578 3312 ἑξέυςῶίξπθιὼωί
2606 3261 2835 3321 textum,
2865 3262 3068 3325 septem
3097 3252 3358 3308 miracula
3388 3267 3512 3308 ηπ,

245 3325 567 3382 omittimus.
600 3326 706 3381 Per
744 3327 1115 3396 metaphoram
1139 3334 1193 3379 et
1214 3323 1332 3394 ejus
1361 3324 1599 3395 speciem
1627 3323 1830 3395 allego-

245 3416 344 3471 riae
387 3424 442 3472 et
483 3417 911 3486 parabolat'facit
940 3417 1418 3488 comparationem,
1467 3417 1533 3472 de
1579 3415 1828 3472 inferiori

247 3509 318 3564 ad
340 3510 692 3578 superiorem,
740 3508 809 3564 de
832 3509 1110 3564 inanimali
1133 3509 1203 3564 ad
1236 3508 1484 3573 animale,
1519 3509 1664 3579 quod
1695 3509 1834 3563 sicut

249 3598 306 3654 in
347 3600 683 3654 vestimentis
738 3599 1094 3655 resarciendis
1141 3599 1188 3655 si
1225 3601 1488 3670 petatium
1531 3613 1728 3653 novum
1778 3598 1832 3652 in

247 3691 574 3746 vestimento
601 3691 770 3746 veteri
812 3701 1126 3757 consuatur,
1171 3691 1300 3748 illud
1331 3689 1477 3762 quod
1507 3705 1707 3745 novum
1749 3698 1834 3744 est

248 3778 430 3836 aufert
455 3780 522 3834 de
557 3780 725 3834 veteri
749 3780 1010 3850 quidquid
1040 3781 1144 3836 sibi
1167 3779 1412 3850 junctum
1445 3780 1625 3844 fuerit,
1658 3787 1712 3835 et
1741 3795 1838 3849 pe-

243 3869 338 3940 jus
360 3871 738 3926 vestimentum
763 3872 841 3927 ﬁt.
869 3874 948 3928 Ita
972 3873 1102 3928 dicit
1136 3873 1399 3928 Dominus
1420 3873 1538 3928 ﬁeri
1559 3871 1835 3943 discipulis

251 3966 368 4020 suis
393 3966 515 4034 quia
545 3967 718 4023 adhuc
738 3953 896 4023 erant
907 3977 1119 4024 veteres
1141 3982 1241 4037 pro
1266 3968 1512 4023 doctrina
1529 3968 1834 4024 Pharisaao-

253 4071 374 4110 rum
404 4071 508 4125 qua
532 4056 723 4114 imbuti
746 4058 984 4126 fuerant,
1022 4059 1069 4114 si
1097 4059 1472 4115 austeritatem
1499 4074 1609 4114 suae
1638 4058 1836 4130 pradi-

254 4148 485 4204 cationis
511 4150 691 4206 subito
732 4151 1064 4222 imponeret,
1099 4151 1264 4207 etiam
1299 4151 1502 4222 aliquid
1547 4150 1666 4206 ﬁeri
1693 4150 1838 4221 quod

254 4238 460 4294 habere
485 4241 806 4298 videbantur
828 4244 1161 4310 amitterent,
1193 4244 1337 4301 sicut
1360 4245 1702 4316 septuaginta
1729 4244 1838 4300 dis-

255 4327 420 4398 cipuli
459 4328 704 4385 fecerunt
730 4347 830 4402 pro
858 4349 923 4389 eo
951 4334 1096 4404 quod
1135 4334 1311 4405 ipsum
1347 4335 1572 4389 verbum
1619 4350 1726 4391 non
1757 4334 1839 4389 in-

257 4418 599 4488 tellexerunt,
623 4423 874 4479 abierunt
901 4433 1219 4492 retrorsum,
1251 4435 1306 4482 et
1326 4427 1439 4498 jam
1465 4442 1588 4481 cum
1611 4426 1704 4480 illo
1728 4441 1836 4481 non

1935 3356 2128 3403 rantur
2151 3360 2271 3403 esse
2298 3360 2330 3401 a
2360 3345 2589 3401 Domino
2615 3353 2835 3416 peracta
2861 3359 3024 3399 nunc.
3054 3343 3115 3399 In
3141 3351 3333 3399 octavo
3381 3343 3514 3399 sub-

1936 3439 2142 3496 intrare
2165 3439 2339 3496 voluit
2357 3438 2466 3493 ﬁlia
2495 3436 2928 3509 archisynagogi,
2978 3434 3074 3492 sed
3101 3431 3364 3503 surripuit
3388 3447 3514 3487 mu-

1935 3529 2037 3586 ﬁer
2078 3538 2338 3586 ematosa.
2390 3528 2591 3599 Typice
2649 3527 3108 3598 archisynagogus
3157 3523 3260 3576 iste
3307 3519 3518 3592 Moyses

1936 3621 2271 3690 intelligitur,
2316 3619 2442 3688 quia
2481 3617 2678 3673 dicitur
2707 3613 2909 3681 Jairus,
2957 3613 3011 3668 id
3048 3622 3132 3668 est
3161 3612 3515 3677 illuminatus,

1936 3711 2062 3782 quia
2092 3725 2124 3764 a
2169 3708 2280 3764 Deo
2307 3707 2640 3762 illuminatus
2681 3714 2764 3762 est
2807 3704 3010 3759 lumine
3038 3701 3162 3758 ﬁdei
3202 3708 3258 3756 et
3288 3699 3516 3756 scientia

1933 3801 2088 3873 legis.
2119 3799 2222 3868 Qui
2259 3798 2423 3854 habet
2459 3797 2674 3854 unicam
2720 3796 2906 3862 ﬁliam,
2959 3796 3013 3850 id
3053 3803 3137 3850 est
3161 3808 3513 3864 synagogam,

1936 3906 2099 3962 quam
2119 3890 2279 3944 unico
2300 3903 2484 3944 amore
2506 3888 2715 3953 dilexit,
2739 3895 2793 3941 et
2817 3900 2917 3957 pro
2932 3900 2996 3941 ea
3015 3884 3184 3939 Deum
3205 3881 3519 3951 frequenter

1935 3981 2200 4039 exoravit.
2235 3982 2299 4036 Et
2321 3981 2390 4035 ad
2415 3979 2580 4051 pedes
2601 3977 2719 4048 ejus
2739 3978 2956 4042 cadere,
2985 3984 3068 4032 est
3093 3973 3520 4029 incarnationem

1936 4074 2054 4145 ejus
2081 4071 2352 4128 venerari.
2383 4069 2519 4138 Quia
2549 4069 2694 4124 enim
2740 4075 2903 4140 caput
2935 4065 3139 4122 Christi
3168 4065 3330 4128 Deus,
3357 4062 3523 4132 pedes

1937 4165 2054 4235 ejus
2100 4163 2402 4219 incarnatio
2444 4161 2561 4231 ejus
2599 4176 2708 4216 non
2749 4157 3194 4215 inconvenienter
3238 4155 3522 4224 accipitur.

1938 4257 2006 4312 Et
2046 4256 2152 4324 hoc
2173 4262 2259 4310 est
2303 4254 2371 4307 ad
2398 4253 2561 4322 pedes
2585 4253 2801 4316 cadere,
2848 4265 2972 4304 eum
3000 4263 3162 4318 super
3190 4261 3380 4302 omnes
3404 4245 3523 4300 sin-

1937 4349 2199 4422 gulariter
2237 4361 2491 4419 magnum
2531 4343 2712 4398 fateri.
2751 4341 2898 4396 Filia
2934 4358 3049 4395 mea
3086 4339 3238 4394 modo
3273 4337 3523 4406 defuncta

1935 4450 2032 4497 est.
2059 4439 2195 4506 Quia
2218 4437 2498 4510 paululum
2527 4445 2654 4492 ante
2679 4435 2968 4491 adventum
2994 4428 3372 4500 Redemptoris
3409 4439 3528 4484 orn-2

257 4513 625 4569 ambulabant.
675 4515 857 4586 Neque
895 4518 1106 4572 mittunt
1151 4519 1325 4571 vinum
1363 4535 1552 4573 novum
1593 4519 1649 4572 in
1691 4528 1832 4572 utres

1938 4545 2060 4586 nem
2087 4530 2354 4600 justitiam
2389 4528 2523 4596 legis
2558 4527 2759 4581 amisit.
2789 4523 3016 4594 Surgens
3039 4521 3358 4592 sequebatur
3381 4534 3521 4572 eum.

257 4611 466 4657 ueteres.
522 4602 716 4659 Vinum
760 4620 958 4660 novum
986 4607 1296 4675 praedicatio
1342 4607 1643 4679 Evangelii,
1685 4618 1836 4663 utres

259 4702 490 4761 veteres,
523 4697 814 4765 apostolos.
845 4696 960 4752 Non
985 4697 1156 4752 solum
1180 4706 1328 4754 utres
1356 4706 1567 4754 veteres
1596 4708 1836 4754 mustum

261 4785 566 4856 disrumpit,
607 4788 702 4842 sed
743 4796 799 4842 et
821 4803 1016 4857 magna
1044 4797 1102 4843 et
1144 4788 1306 4845 fortia
1345 4790 1561 4845 vascula
1591 4791 1656 4846 de
1679 4791 1840 4861 lignis

261 4885 499 4932 mustum
527 4877 830 4949 disrumpit.
853 4877 922 4933 Et
951 4878 1202 4934 similiter
1226 4880 1538 4949 praedicatio
1564 4879 1838 4950 Evangeli'

262 4980 375 5020 non
407 4965 546 5022 bene
586 4967 857 5023 intellecta
897 4969 1053 5025 ruina
1081 4967 1224 5024 facta
1247 4978 1333 5025 est
1355 4970 1559 5024 multis.
1591 4969 1841 5042 Alioquin

267 5068 570 5126 rumpentur
606 5069 766 5126 utres,
815 5070 865 5115 et
906 5061 1082 5115 vinum
1115 5061 1447 5130 simuletur,
1492 5070 1540 5115 et
1584 5070 1723 5115 utres
1753 5077 1844 5132 pe-

268 5157 438 5213 reunt,
467 5148 522 5203 id
561 5158 663 5216 est,
704 5151 1109 5222 dissipabuntur
1141 5151 1304 5208 corda
1351 5165 1562 5218 eorum,
1610 5158 1666 5207 et
1694 5165 1843 5207 rece-

270 5237 399 5292 dent
435 5256 466 5292 a
496 5239 621 5305 ﬁde,
662 5251 720 5295 et
753 5252 911 5298 erunt
946 5244 1164 5315 perditi.
1214 5241 1317 5298 Sed
1356 5244 1532 5298 vinum
1569 5261 1753 5299 novum
1788 5245 1844 5300 in

271 5336 412 5382 utres
465 5345 619 5383 novos
668 5331 898 5386 mittunt.
965 5331 1100 5389 Cum
1155 5331 1355 5386 fuerint
1402 5333 1526 5389 novi
1573 5333 1701 5389 facti
1748 5349 1847 5404 per

273 5434 448 5472 meam
481 5419 802 5485 doctrinam,
838 5422 1138 5478 conﬁrmati
1163 5439 1260 5494 per
1286 5423 1624 5492 passionem,
1674 5441 1850 5482 resur-

274 5512 567 5567 rectionem
615 5521 670 5567 et
715 5515 1103 5582 ascensionem,
1155 5531 1251 5585 per
1295 5518 1580 5572 adventum
1616 5518 1850 5588 Spiritus

277 5606 470 5671 sancti,
507 5615 631 5662 tunc
659 5609 1020 5663 observabunt
1067 5611 1244 5664 omnia
1276 5613 1407 5666 dura
1436 5620 1490 5666 et
1527 5628 1746 5682 aspera,
1800 5620 1853 5667 et

277 5696 437 5750 ambo
485 5699 967 5765 conservabuntur,
1017 5707 1071 5753 et
1117 5700 1362 5770 discipuli
1414 5710 1467 5756 et
1517 5703 1849 5772 prmdicatio,

281 5801 400 5856 qua:
439 5786 494 5844 in
538 5787 618 5843 eis
668 5789 934 5845 seminata
975 5796 1078 5845 est.
1117 5789 1185 5845 Et
1226 5791 1305 5848 sic
1326 5790 1528 5849 factum
1575 5801 1680 5862 est,
1725 5793 1853 5864 quia

1937 4622 2075 4690 Quia
2106 4635 2230 4674 cum
2271 4618 2409 4672 vidit
2436 4617 2581 4671 Deus
2609 4617 2883 4687 deperisse
2928 4612 3143 4669 Iudaeos
3176 4627 3207 4665 a
3233 4626 3362 4665 vera
3388 4609 3523 4674 vita,

1937 4711 2086 4767 venit
2129 4710 2385 4763 reducere
2406 4721 2519 4762 eos.
2560 4703 2882 4777 Sequeoatur
2918 4719 3036 4756 eum
3077 4699 3331 4770 quoniam
3377 4697 3520 4754 sicut

1939 4803 2149 4873 Moyses
2174 4799 2426 4869 praedixit
2454 4799 2520 4854 de
2544 4799 2656 4866 illo,
2704 4799 2781 4855 sic
2823 4812 2920 4871 per
2954 4795 3135 4850 omnia
3182 4792 3310 4848 fecit
3335 4787 3523 4846 Domi-

1940 4906 2063 4946 nus.
2090 4889 2159 4943 Et
2181 4905 2298 4943 ecce
2323 4887 2515 4943 mulier
2539 4905 2656 4960 qua:
2684 4884 2956 4956 sanguinis
2976 4884 3178 4953 ﬂuxum
3207 4880 3524 4953 patiebatur.

1947 4979 2138 5035 Mulier
2167 4979 2270 5033 ista
2296 4978 2564 5048 signiﬁcat
2602 4974 2900 5031 Ecclesium
2925 4988 2994 5028 ex
3023 4971 3272 5043 gentibus
3300 4982 3528 5038 congre-

1948 5077 2149 5142 gatam;
2178 5076 2232 5123 et
2252 5069 2394 5123 sicut
2419 5069 2522 5123 ista
2541 5065 2756 5121 exclusa
2781 5073 2899 5118 erat
2921 5077 2951 5117 a
2969 5061 3216 5116 domibus
3234 5067 3332 5114 eta
3354 5055 3528 5112 turbis

1951 5158 2240 5216 duodecim
2293 5157 2452 5213 annis
2496 5162 2722 5226 propter
2761 5152 3038 5224 sanguinis
3093 5146 3529 5212 immunditiam,

1950 5250 2092 5306 unde
2134 5257 2190 5304 et
2229 5257 2517 5319 propterea
2565 5247 2618 5300 in
2664 5245 2750 5299 via
2789 5245 2936 5299 venit
2981 5243 3048 5298 ad
3096 5240 3418 5304 Dominum,
3452 5235 3534 5292 sic

1951 5340 2167 5412 gentilis
2201 5338 2426 5408 populus
2458 5335 2708 5391 exclusus
2741 5343 2859 5390 erat
2888 5350 2918 5389 a
2947 5340 3090 5388 cmtu
3121 5328 3378 5394 ﬁdelium,
3412 5325 3532 5398 pol-

1949 5430 2096 5485 lutus
2133 5427 2368 5499 ingenito
2413 5424 2712 5480 carnalium
2741 5423 2906 5478 ﬂuxu.
2943 5421 3049 5477 Sed
3086 5435 3210 5475 cum
3234 5416 3402 5473 verbo
3434 5413 3532 5470 Dei

1955 5529 2199 5579 cerneret
2248 5519 2458 5574 salvare
2503 5516 2762 5579 Iudaeam,
2814 5515 2994 5585 rapuit
3034 5512 3135 5567 sibi
3177 5509 3422 5566 salutem.
3462 5505 3532 5561 Et

1957 5609 2362 5680 archisynagogi
2392 5608 2496 5662 lilia
2521 5609 2801 5662 duodecim
2825 5606 2980 5661 anuis
3006 5612 3122 5660 erat
3149 5623 3161 5657 :
3195 5611 3250 5658 et
3273 5602 3374 5657 ista
3398 5599 3534 5652 duo-

1956 5700 2128 5756 decim
2174 5714 2342 5752 annos
2385 5699 2617 5752 habebat
2667 5699 2717 5750 in
2775 5698 3106 5762 inﬁrmitate,
3156 5694 3280 5766 quia
3319 5689 3534 5762 quando

1954 5789 2046 5846 illa
2076 5787 2242 5858 cmpit
2289 5789 2582 5848 secundum
2607 5788 2777 5846 Deum
2803 5790 2948 5846 nasci
2977 5789 3032 5846 in
3060 5782 3405 5861 patriarchis,
3429 5780 3535 5836 ista
