3998 6518
306 451 446 522 1555

1719 409 1724 418 ι
1807 403 2110 456 ξιιμ-κῆρι
2157 405 2166 438 ί
2211 409 2262 448 τ;

1277 437 1370 560 ,
1411 403 2432 562 ,ᾟΧιδρειτιᾶ

2461 411 2466 438 :
2539 405 2700 449 ἒιὶεξι
3348 393 3470 443 ΐ-ῗξ

3289 501 3296 552 λ
3425 470 3565 530 ιδδι

2495 513 2606 566 'j'llt.
2657 521 2688 557 ἱ(
2747 505 2972 557 .lllllllt‘Iﬂ
3014 503 3203 566 ιὶίιλι-ιίιῖ
3252 503 3296 552 (1]

228 567 236 600 έ
302 555 609 635 mercedem
636 575 702 633 de
725 558 986 656 propheta
1013 551 1110 656 vel
1142 551 1420 650 de'justoi
1437 543 1552 634 sed.
1569 537 1882 654 mercedem
3494 587 3565 632 ne

302 659 665 746 prophetmet
682 657 834 740 justi.
882 666 1065 744 Talem
1097 665 1348 752 videlicet
1384 657 1880 752 mercedem,qua-
1915 725 1932 733 _
1961 657 2196 745 ,μεθεξει
2222 661 2665 752 manemus;
2681 662 3366 739 ﬁiﬁinummﬂhms
3401 664 3569 730 Joan-

225 757 404 817 ‘-"leni
431 761 690 834 prepheta
719 768 773 842 et
791 760 970 830 justus
997 747 1449 842 accepturi‘sunt,
1470 747 1632 836 etiam
1654 747 1882 842 homo
1911 817 1925 824 _

220 853 240 921 ’ξ
299 866 406 907 ιιοη
435 859 518 906 est
544 839 802 921 propheta
837 866 1012 924 neque
1044 839 1245 932 justus,
1281 860 1336 934 et
1369 851 1530 932 venit:
1565 852 1620 908 in
1668 839 1884 922 nomine
1908 889 1960 929 δν,

225 937 258 963 “
299 943 512 999 Domini
562 939 637 999 ‘ad
685 959 784 998 nos
813 984 828 1008 ,
869 951 923 1000 et
968 927 1552 1020 nes'credimus'quod
1576 943 1662 998 ita
1700 944 1802 1020 sit,
1831 950 1886 997 et

223 1035 240 1114 ξ
300 1035 491 1090 damus
540 1033 590 1089 ei
639 1029 943 1092 neceSSaria
990 1043 1210 1106 propter
1233 1017 1451 1114 I'nomen
1484 1017 1767 1099 Domini;-
1793 1017 1924 1107 ille;

299 1126 564 1182 mendacii
587 1117 776 1198 poenas
802 1127 1067 1204 exsolvet,
1101 1143 1197 1200 nos
1221 1117 1349 1182 vero
1374 1142 1476 1200 non
1506 1125 1887 1204 frustrabimur
1918 1173 1934 1185 κ

229 1221 252 1287 ξ’
297 1215 568 1283 mercede,
626 1201 806 1294 quam”
833 1215 908 1292 iu'
936 1215 1152 1292 nomine
1199 1207 1411 1282 Demini
1450 1207 1628 1294 largiti
1676 1201 1882 1284 sumus,
1917 1260 1940 1290 ε,

291 1301 421 1377 'quia
459 1305 764 1381 quicunque
801 1307 994 1388 Judam
1049 1295 1369 1388 traditore";
1414 1308 1468 1364 in
1498 1310 1732 1388 nomine
1775 1309 1882 1386 Do-
1919 1355 1940 1380 ,1

295 1395 426 1454 mini
471 1405 823 1470 susceperunt
861 1385 926 1455 eo
959 1385 1198 1480 tempore
1227 1385 1651 1480 quotDominlum
1690 1385 1884 1476 seque-
1919 1427 1945 1474 ἦ,

222 1477 477 1576 libatur,
520 1485 779 1576 eamdem.
812 1477 1115 1574 ηιθΐίέεδεὲίη
1147 1477 1480 1576 habuerunt.
1500 1479 1646 1566 aPud
1667 1557 1669 1560 -
1690 1495 1883 1561 Deum’

223 1571 458 1666 f'quam
497 1594 553 1642 et
581 1586 654 1656 illi
699 1571 790 1658 qui
833 1571 1054 1666 Petrum
1103 1571 1157 1642 et
1199 1573 1463 1664 Joannem
1499 1594 1880 1666 susceperunt,
1923 1622 1964 1650 .3

293 1676 418 1746 quia
449 1691 586 1731 unus
609 1685 728 1731 erat
755 1663 1076 1756 tuncJudas
1107 1671 1327 1758 deillis,
1351 1663 1887 1756 ,ξιᾴὶςιιὸεηὴεορο-

223 1769 258 1794 ’“
295 1770 472 1824 minus
496 1763 838 1842 loquebatur.
887 1767 1004 1825 Non
1035 1769 1179 1824 enim
1208 1768 1378 1840 debet.
1402 1769 1734 1830 considerari
1763 1784 1887 1838 per-

294 1876 427 1916 sona
456 1862 638 1927 missi,
666 1861 759 1916 sed
785 1861 1053 1916 mittentis
1089 1861 1322 1916 Domini.
1376 1860 1444 1915 Et
1475 1863 1767 1934 quicunque
1792 1871 1884 1932 po;
1915 1915 1926 1934 ί

226 1101 236 1144 ί
250 1123 254 1136 ς

225 1283 235 1330 i

221 1656 234 1696 ι

1943 767 2082 832 “pnes
2101 807 2105 814 ,
2121 762 2316 835 autem.
2341 751 2760 832 comprehensus
2787 764 2885 830 est
3036 754 3565 829 ῌςῐᾳιεμὲωβροιιει

1985 829 2097 934 lilio
2120 827 2397 922 ,llerodis,‘
2409 854 2477 921 et-
2492 827 2696 934 missus
2711 895 2718 922 ι
2731 827 3200 922 pauentem
3211 853 3276 917 at
3294 827 3567 918 immacu-

1985 931 2052 1012 lis
2077 952 2090 988 :
2117 935 2264 1011 quia,
2278 936 2532 1008 Herodes.
2551 931 2834 1010 acceperat
2864 940 3298 1008 uxoremiratsis
3312 941 3433 1006 sui,
3456 953 3567 1007 sou

1981 1034 2170 1094 tamen
2185 1028 2650 1102 ei,_ipse.ﬂemdes
2669 1031 2886 1099 aderat,
2907 1033 3002 1094 sed
3015 1067 3020 1082 ς
3033 1043 3196 1102 pater
3211 1034 3414 1092 anseris
3427 1034 3570 1110 tule-

1947 1171 1952 1178 .
1983 1128 2077 1196 rat
2119 1135 2239 1196 eam
2278 1137 2330 1198 ea
2383 1120 2638 1193 Philippo,
2673 1138 2782 1193 pro
2831 1124 3570 1198 (inmundam-amabas

1986 1213 2191 1284 exortis
2228 1195 2370 1286 inter
2394 1229 2518 1285 eos,
2548 1223 2606 1270 et
2638 1216 2862 1280 dederat
2894 1231 3014 1281 eam
3047 1195 3569 1286 Heroditiquianipse

1987 1303 2227 1384 Herodes
2273 1306 2506 1375 majoris
2537 1329 2542 1372 ς
2556 1307 2840 1377 potestatis
2863 1324 2869 1334 '
2890 1315 3028 1374 erat,
3043 1331 3054 1364 τ
3067 1307 3311 1369 Joanne!
3322 1339 3325 1342 -
3338 1347 3344 1360 ι
3359 1317 3564 1374 autem,

1985 1387 2233 1468 Quamvis
2269 1398 2777 1470 Ηβτοόθῦιθμηιωιι
2813 1399 2985 1476 paulo.
3019 1398 3568 1474 ωαοιμυειωιιηω

1987 1483 2250 1554 altanus,
2276 1491 2787 1558 esset;.erat._enim
2816 1507 2898 1562 es.
2928 1499 3216 1562 una-parte
3235 1491 3571 1548 dou-Simonis

1987 1592 2216 1650 genere,
2259 1587 2318 1648 et
2361 1579 2586 1648 Joannis
2616 1581 3572 1663 ﬁliiﬁjusyquiatdristobolimacer-

1987 1665 2144 1738 dotis,
2171 1667 2292 1730 lilia.
2313 1668 2508 1746 fuerat
2541 1671 3007 1750 Marianmnuxar
3031 1699 3038 1724 ε
3058 1675 3566 1744 ﬂammarum-is,

1945 1775 2152 1832 -quam
2189 1761 2306 1831 ipse
2353 1764 2594 1822 occidit..
2633 1765 2760 1822 Fuit
2805 1774 2986 1822 autem
3024 1768 3572 1840 Aristobolas-uepos

1986 1848 2208 1905 Joannis
2237 1851 2334 1906 lilii
2357 1851 2614 1922 Simonis,
2650 1857 2742 1926 qui
2779 1857 2833 1912 in
2867 1857 3007 1913 libro
3035 1858 3470 1914 Machabazorum'
3496 1859 3571 1914 le-

291 1957 402 2004 tum
433 1923 632 2004 dederit
661 1951 753 2004 uni
787 1967 851 2005 ea;
883 1950 1111 2005 minimis
1147 1950 1284 2017 istis,
1329 1923 1543 2005 calicem
1589 1923 1740 2022 aqua:
1790 1923 1888 2019 '[ri-
1913 1923 1961 1986 Β
1990 1939 2153 2011 siluro
2205 1942 2374 2012 Igitur
2424 1961 2532 2001 non
2587 1923 2819 2002 cessavit
2869 1946 3103 2004 Joannes
3151 1951 3476 2004 annuntiare
3521 1950 3572 2005 ei

291 2041 429 2112 gidaa
450 2051 652 2096 tantum
679 2042 734 2096 in
757 2043 962 2096 nomine
985 2041 1249 2112 discipuli,
1279 2058 1432 2096 amen
1459 2042 1576 2096 dico
1595 2042 1758 2110 vobis,
1783 2058 1887 2096 non

290 2133 471 2202 perdet
502 2132 790 2188 mercedem
824 2148 996 2186 suam.
1039 2131 1146 2187 Pro
1183 2139 1333 2186 certo
1371 2132 1630 2187 debemus
1664 2132 1886 2186 credere

290 2223 436 2291 quod
461 2223 721 2292 quidquid
748 2222 871 2276 boni
900 2221 1127 2276 facimus
1160 2221 1214 2276 in
1241 2222 1457 2276 nomine
1483 2221 1717 2288 Domini,
1750 2221 1886 2277 rcci—

289 2314 502 2384 plemus
525 2322 611 2367 aut
642 2313 697 2368 in
722 2313 825 2369 hoc
848 2313 1062 2378 saeculo,
1083 2320 1177 2367 aut
1199 2312 1252 2366 in
1273 2311 1474 2378 futuro,
1492 2313 1605 2368 sive
1620 2313 1674 2367 in
1697 2315 1881 2380 verbo,

291 2404 409 2459 sive
444 2405 498 2459 in
535 2403 678 2459 facto
712 2405 1040 2460 mercedem.
1089 2403 1473 2460 Verumtamen
1509 2406 1555 2460 si
1595 2420 1695 2461 nos
1736 2406 1886 2460 illum

289 2497 627 2551 contrarium
655 2496 754 2550 via:
781 2495 994 2550 Domini
1042 2510 1149 2549 non
1192 2495 1587 2565 cognoscimus,
1629 2505 1885 2551 caeterum

290 2587 340 2642 si
363 2588 416 2641 in
445 2587 625 2656 aliquo
652 2587 881 2642 crimine
912 2587 1124 2641 mortali
1150 2589 1426 2642 detentum
1452 2587 1600 2642 illum
1617 2589 1882 2651 novimus,

291 2686 350 2734 et
373 2679 584 2749 publice
615 2678 718 2733 hoc
745 2680 1076 2748 exsequitur,
1118 2687 1171 2734 et
1204 2695 1310 2734 non
1344 2680 1458 2734 vult
1492 2681 1770 2736 emendari
1798 2697 1889 2736 ca-

291 2770 674 2842 stigationibus
695 2770 960 2824 bonorum
997 2771 1294 2834 hominum,
1323 2770 1602 2826 habendus
1622 2779 1706 2826 est
1735 2787 1766 2824 a
1792 2786 1889 2826 no—

288 2861 380 2918 bis
425 2862 564 2917 sicut
601 2861 850 2916 etlmicus
878 2871 933 2917 et
961 2861 1300 2932 publicanus,
1338 2863 1464 2932 quia
1511 2862 1592 2918 sic
1633 2863 1890 2933 prmcepit

289 2949 579 3018 Dominus,
613 2961 667 3008 et
691 2952 891 3008 Paulus
915 2953 1102 3008 dicens
1126 2970 1138 3005 :
1165 2951 1225 3007 Si
1251 2957 1369 3024 quis
1391 2953 1560 3022 frater
1589 2956 1890 3008 nominatur

291 3061 510 3111 avarus,
552 3055 641 3099 aut
663 3063 847 3115 rapax,
871 3055 961 3100 aut
989 3045 1190 3117 aliquid
1223 3046 1549 3116 hujusmodi,
1579 3057 1626 3101 et
1649 3057 1744 3114 est,
1771 3064 1890 3102 cum

293 3133 601 3200 huiusmodi
629 3151 718 3188 nec
740 3135 912 3188 cibum
933 3151 1155 3189 sumere.
1192 3136 1589 3190 Attendendum
1616 3137 1761 3206 quod
1783 3153 1890 3191 non

292 3224 434 3280 dixit
475 3225 646 3280 solum
687 3226 734 3280 si
780 3225 1110 3292 nominatur,
1153 3225 1247 3280 sed
1281 3225 1518 3292 addidit,
1549 3224 1594 3279 si
1621 3234 1732 3292 est;
1761 3226 1889 3296 quia

1988 2030 2116 2099 quia
2141 2030 2339 2100 injuste
2365 2034 2572 2093 fecerat
2595 2036 2868 2108 (quamvis
2893 2047 3050 2108 pater
3075 2040 3128 2095 ei
3147 2040 3403 2111 dedisset)
3429 2041 3575 2111 quod

1987 2135 2214 2178 uxorem
2245 2125 2427 2184 fratris
2450 2129 2533 2183 sui
2563 2131 2838 2187 retineret.
2882 2130 3072 2188 Mulier
3103 2149 3234 2189 vero
3271 2149 3396 2190 cum
3426 2149 3576 2188 ama-

1988 2221 2073 2268 ret
2095 2216 2391 2272 secundum
2417 2221 2673 2278 maritum
2708 2224 2882 2294 magis
2903 2239 3064 2293 quam
3102 2226 3358 2294 primum,
3406 2227 3578 2281 suasit

1987 2303 2039 2357 ei
2069 2302 2127 2359 ut
2151 2306 2389 2364 mitteret
2413 2325 2537 2366 eum
2562 2311 2616 2368 in
2641 2327 2938 2369 carcerem.
2975 2314 3034 2368 In
3065 2316 3166 2370 hoc
3191 2331 3323 2388 ergo
3355 2321 3576 2372 ‘carcere

1987 2401 2044 2449 et
2085 2395 2142 2450 in
2182 2397 2268 2452 his
2298 2399 2530 2458 vinculis
2563 2417 2688 2457 cum
2713 2414 2878 2469 esset,
2911 2405 3118 2460 audivit
3139 2405 3306 2476 opera
3350 2407 3575 2463 Christi.

1988 2484 2119 2552 Qua:
2149 2487 2288 2556 :sunt
2323 2505 2487 2560 opera
2509 2493 2710 2551 Christi
2738 2509 2858 2565 qua:
2884 2497 3133 2552 audivit?
3167 2497 3297 2565 Qum
3325 2499 3578 2569 superius

1988 2579 2188 2634 auditis
2215 2580 2377 2649 facta,
2418 2585 2562 2654 quod
2585 2586 2836 2643 videlicet
2875 2598 3093 2645 sanaret
3127 2605 3316 2646 omnes
3350 2590 3580 2646 infirmi-

1989 2678 2130 2728 tates
2156 2672 2212 2727 in
2242 2675 2457 2744 populo.
2499 2676 2714 2734 Mittens
2751 2681 2884 2736 duos
2920 2682 2985 2737 de
3019 2682 3290 2752 discipulis
3331 2685 3462 2750 suis,
3504 2685 3580 2739 ait

1987 2762 2088 2817 illi.
2143 2763 2364 2821 Sciebat
2397 2767 2634 2826 Joannes
2666 2772 2786 2840 quia
2835 2772 2950 2842 ipse
2983 2783 3098 2828 erat
3126 2787 3287 2829 verus
3312 2775 3494 2840 homo,
3525 2782 3582 2829 et

1987 2866 2151 2908 verus
2178 2869 2274 2909 rex
2295 2855 2479 2926 gloria:
2508 2857 2626 2925 Dei,
2647 2868 2704 2914 et
2717 2860 2848 2930 quia
2878 2860 2998 2916 ideo
3027 2861 3576 2930 incamatus‘fuerat,

1989 2952 2051 2999 ut
2077 2960 2174 3014 per
2204 2962 2360 3002 suam
2400 2959 2632 3005 mortem
2668 2951 2959 3007 redimeret
2983 2954 3262 3007 mundum.
3319 2951 3454 3008 Cum
3487 2969 3581 3008 au-

1990 3036 2126 3089 divit
2155 3045 2336 3092 autem
2367 3039 2517 3093 illum
2546 3049 2724 3096 tantas
2753 3043 2983 3099 virtutes
3016 3044 3218 3110 facere,
3257 3053 3387 3101 tunc
3413 3048 3583 3116 cmpit

1989 3127 2228 3197 cogitare
2263 3130 2452 3187 dicens
2485 3146 2500 3185 :
2533 3133 2591 3188 Si
2628 3133 2742 3203 ipse
2775 3141 2954 3190 tantas
2987 3135 3219 3192 virtutes
3257 3136 3432 3204 facit,
3459 3139 3582 3208 quis

1994 3221 2205 3276 occidet
2234 3222 2430 3278 illum?
2481 3225 2638 3281 Modo
2666 3227 2967 3283 innotescet
2995 3232 3198 3284 mundo
3227 3248 3241 3283 :
3267 3231 3428 3286 modo
3464 3231 3584 3285 nul-

294 3315 450 3370 multi
480 3317 752 3380 dicuntur,
783 3325 840 3370 et
869 3331 976 3371 non
1014 3323 1168 3381 sunt;
1200 3316 1294 3370 sed
1319 3317 1385 3370 de
1416 3316 1500 3370 his
1524 3316 1673 3380 dixit,
1704 3281 1797 3388 qui
1835 3328 1892 3374 et
1917 3281 1962 3345 Ο
1995 3309 2079 3366 lus
2114 3311 2333 3368 andebil
2359 3328 2484 3368 eum
2520 3316 2788 3380 occldere.
2830 3318 2925 3372 sed
2959 3333 3150 3374 omnes
3177 3321 3584 3376 venerabantur

295 3405 554 3462 dicuntur
575 3406 808 3476 publice,
841 3415 893 3462 et
923 3415 1067 3461 sunt.
1114 3405 1511 3461 Attendendum
1549 3408 1693 3477 quod
1732 3408 1883 3474 dixit,

293 3513 363 3552 ex
392 3498 621 3552 minimis
650 3498 788 3563 istis,
825 3498 927 3552 hoc
953 3504 1036 3551 est
1068 3497 1224 3563 meis,
1257 3496 1349 3566 qui
1375 3497 1584 3551 minimi
1611 3508 1756 3563 sunt,
1793 3499 1888 3569 qui

294 3597 426 3645 sunt
461 3589 693 3644 humiles
726 3588 936 3657 spiritu.
983 3586 1118 3641 Nam
1162 3585 1374 3640 Marcus
1401 3586 1553 3652 dicit,
1583 3585 1652 3640 In
1683 3588 1891 3642 nomine

294 3703 414 3742 meo
456 3687 581 3758 quia
626 3685 823 3739 Christi
866 3685 1008 3738 estis.
1060 3683 1130 3737 Et
1172 3682 1371 3751 factum
1397 3691 1473 3736 est
1503 3697 1622 3734 cum
1653 3698 1891 3736 consum-

295 3789 488 3834 masset
526 3778 718 3842 Iesus,
757 3776 1063 3847 prwcipiens
1113 3774 1389 3828 duodecim
1435 3773 1706 3844 discipulis
1757 3775 1886 3829 suis.

295 3872 436 3928 Cum
482 3877 950 3935 consummasset,
999 3868 1066 3923 ad
1105 3866 1488 3937 perfectionem
1527 3866 1886 3938 perduxisset,

299 3962 449 4016 aliud
486 3961 717 4031 denique
759 3968 842 4015 est
879 3957 1093 4028 quando
1119 3957 1350 4013 dicimus
1370 3965 1777 4012 consummatus
1809 3964 1893 4012 est

299 4053 441 4125 ignis
466 4053 551 4108 vel
579 4053 752 4117 cibus,
787 4053 933 4106 aliud
963 4066 1086 4105 cum
1112 4050 1341 4104 dicimus
1367 4057 1777 4105 consummatus
1809 4057 1893 4104 est

298 4160 483 4201 sermo
510 4144 772 4201 docentis.
823 4143 901 4199 lbi
924 4143 1047 4198 linis
1079 4141 1364 4210 accipitur,
1387 4142 1476 4196 hic
1505 4139 1767 4212 perfectio
1791 4141 1889 4196 de-

299 4247 655 4294 monstratur.
724 4235 1049 4306 Prcecipiens
1082 4234 1357 4288 duodecim
1383 4233 1568 4288 :aliud
1601 4233 1891 4304 separatim

299 4331 557 4400 prmeepit
581 4329 882 4394 duodecim,
915 4335 970 4382 et
998 4325 1140 4381 aliud
1167 4325 1450 4382 duodecim
1471 4335 1527 4382 et
1553 4324 1892 4394 septuaginta

301 4422 511 4476 duobus
563 4419 721 4475 simul
768 4438 780 4472 :
829 4418 1110 4474 duodecim
1159 4418 1454 4474 secretiora
1477 4457 1492 4484 ,
1550 4415 1892 4485 septuaginta

302 4514 514 4570 duobus
542 4511 867 4569 communia.
913 4511 1042 4565 Cum
1076 4511 1256 4564 habuit
1281 4511 1566 4580 perfectam
1606 4509 1892 4562 ordinatio-

303 4620 425 4658 nem
451 4613 496 4657 et
523 4602 818 4656 doctrinam
846 4600 1144 4665 duodecim,
1180 4600 1387 4654 transiit
1413 4600 1553 4664 inde,
1594 4607 1650 4652 ut
1685 4598 1891 4652 doceret
1918 4602 1959 4665 ,ς

1918 4645 1972 4704 D

301 4695 363 4749 in
387 4693 680 4748 civitatibus
701 4707 900 4746 eorum.
948 4689 1077 4744 Inde
1104 4689 1247 4758 quod
1275 4689 1427 4754 dicit,
1451 4689 1518 4743 de
1542 4696 1724 4742 monte
1749 4687 1894 4742 Tha-

302 4786 409 4841 bor
435 4783 548 4838 vult
586 4782 830 4853 intelligi,
870 4781 923 4834 in
964 4795 1070 4851 quo
1110 4780 1389 4850 superiora
1425 4780 1626 4836 docuit.
1686 4779 1899 4848 Perspi-

307 4875 560 4932 ciendum
586 4889 715 4927 vero
730 4882 907 4928 mente
929 4872 1132 4938 sedula,
1149 4871 1291 4942 quod
1314 4871 1592 4937 Dominus,
1614 4879 1896 4941 postquam

307 4969 608 5042 praedicare
631 4967 818 5038 coepit,
854 4981 960 5020 non
999 4966 1227 5021 cessavit
1258 4980 1354 5037 per
1388 4973 1500 5020 tres
1533 4980 1706 5020 annos
1741 4973 1798 5020 et
1820 4965 1902 5020 di-

310 5061 571 5124 midium,
621 5059 724 5114 nisi
770 5058 985 5129 quando
1025 5072 1274 5111 somnum
1318 5057 1498 5125 cepit:
1540 5057 1674 5110 dans
1717 5071 1902 5111 exem-

310 5150 483 5222 plum,
514 5159 574 5205 ut
609 5150 916 5220 quicunque
958 5149 1158 5203 bonum
1202 5162 1337 5218 opus
1385 5147 1593 5216 incipit,
1632 5147 1898 5202 instanter

313 5241 446 5298 illud
469 5249 740 5296 exerceat.
791 5240 926 5306 Quia
964 5241 1058 5310 qui
1108 5238 1369 5295 remissus
1407 5246 1463 5292 et
1503 5238 1794 5294 dissolutus
1816 5247 1900 5296 est

314 5333 375 5389 in
401 5347 564 5403 opere
591 5346 689 5386 suo
714 5329 883 5386 frater
914 5340 1000 5386 est
1036 5346 1134 5386 sua
1173 5345 1338 5402 opera
1386 5330 1716 5399 dissipantis,
1762 5341 1810 5386 et
1853 5333 1900 5386 si

315 5425 521 5495 tepidus
546 5424 728 5495 fuerit,
751 5439 913 5493 neque
942 5422 1166 5495 frigidus
1200 5440 1363 5498 neque
1388 5423 1613 5492 calidus,
1638 5434 1900 5481 euomctur

317 5531 384 5572 ea:
415 5531 504 5573 ore
532 5515 652 5572 Dei.

877 5606 1102 5664 CAPUT
1145 5607 1336 5664 XXIX.

396 5698 547 5767 Quod
587 5699 820 5754 Joannes
859 5698 924 5752 de
974 5715 1178 5752 carcere
1215 5699 1371 5753 mittit
1413 5699 1482 5754 ad
1525 5697 1828 5754 Dominum.

392 5791 623 5846 Joannes
644 5799 819 5844 autem
841 5805 957 5844 cum
983 5788 1214 5842 audisset
1238 5789 1295 5843 in
1322 5790 1540 5844 vinculis
1568 5806 1724 5861 opera
1749 5787 1904 5843 Chri-

321 5881 416 5943 sti.
463 5882 659 5939 Parum
704 5888 991 5949 antequam
1023 5877 1265 5938 Joannes
1293 5882 1717 5952 comprehensus
1759 5888 1930 5949 esset

687 5971 963 6034 Ρηιοι..
1009 5968 1168 6034 ενι.

1993 3416 2138 3457 eum.
2193 3403 2310 3474 Ego
2348 3406 2637 3462 credebam
2686 3407 2829 3477 quod
2873 3409 2990 3479 ipse
3031 3411 3252 3466 deberet
3299 3412 3436 3466 mori
3483 3427 3584 3483 pro

1992 3493 2170 3559 nobis,
2211 3496 2306 3550 sed
2354 3498 2516 3552 modo
2558 3513 2722 3552 unum
2761 3507 2845 3553 est
2879 3515 2910 3554 e
2945 3501 3154 3555 duobus
3200 3509 3294 3556 aut
3325 3502 3440 3570 ipse
3475 3518 3585 3556 non
3691 3493 3700 3504 ’

1992 3583 2125 3640 facit
2155 3593 2333 3642 tantas
2362 3589 2594 3645 virtutes
2618 3599 2850 3659 quantas
2875 3592 3064 3656 audio;
3095 3604 3187 3646 aut
3216 3593 3262 3647 si
3286 3593 3432 3654 facit,
3463 3593 3583 3648 nul-

1992 3676 2079 3732 lus
2107 3694 2232 3734 eum
2258 3679 2490 3744 occidet,
2530 3681 2626 3736 sed
2672 3680 2893 3751 diligent
2932 3690 2988 3735 et
3032 3681 3290 3737 extollent
3332 3698 3484 3750 eum;
3531 3693 3588 3740 et

1991 3782 2092 3837 pro
2119 3769 2213 3823 tali
2241 3770 2577 3826 dubitatione
2601 3773 2749 3827 misit
2778 3773 2912 3828 duos
2960 3772 3026 3828 de
3066 3774 3362 3844 discipulis,
3409 3784 3465 3830 et
3508 3776 3587 3831 ait

1993 3854 2068 3909 illi
2097 3870 2110 3908 :
2140 3855 2218 3910 Tu
2236 3874 2289 3914 es
2309 3860 2401 3928 qui
2417 3869 2664 3916 venturus
2694 3877 2767 3926 es,
2800 3879 2868 3915 an
2897 3861 3058 3916 alium
3087 3866 3482 3933 exspectamus?
3504 3866 3586 3920 Tu

1993 3959 2054 4000 es
2083 3947 2174 4016 qui
2201 3958 2459 4006 venturus
2486 3965 2565 4017 es,
2595 3952 2736 4007 sicut
2756 3955 3040 4009 credebam
3063 3969 3161 4024 per
3177 3965 3409 4010 mortem
3435 3965 3586 4012 tuam

1994 4039 2060 4095 ad
2091 4039 2470 4098 liberationem
2512 4045 2790 4100 hominum
2825 4047 2917 4114 qui
2948 4055 3094 4101 tanta
3133 4046 3287 4114 facis,
3318 4064 3385 4103 an
3417 4048 3584 4103 alium

1995 4130 2163 4186 debes
2192 4132 2406 4188 mittere
2435 4135 2528 4204 qui
2563 4135 2758 4191 debeat
2797 4137 2933 4191 mori
2970 4149 3070 4206 pro
3116 4136 3312 4193 nobis?
3364 4137 3476 4192 Iste
3503 4146 3587 4194 est

1992 4224 2176 4278 verior
2194 4238 2410 4291 sensus,
2437 4225 2582 4282 sicut
2609 4227 2875 4297 wnjicere
2895 4242 3179 4298 possumus
3209 4242 3277 4283 ex
3301 4226 3461 4284 factis
3483 4229 3587 4286 Do-

1993 4313 2126 4368 mini
2154 4323 2210 4370 et
2235 4315 2414 4383 dictis,
2451 4331 2572 4387 quae
2603 4317 2658 4371 in
2687 4319 3036 4388 sequentibus
3073 4319 3400 4388 aperiemus.
3449 4318 3585 4372 Nam

1993 4419 2102 4460 non
2131 4406 2443 4477 ignoramus
2478 4408 2620 4478 quod
2657 4408 2747 4463 alii
2799 4410 2964 4464 etiam
3011 4411 3067 4465 in
3108 4409 3210 4463 hoc
3249 4410 3366 4463 loco
3399 4421 3589 4464 sense-

1995 4505 2143 4564 runt,
2183 4500 2327 4568 quod
2353 4496 2592 4553 Joannes
2616 4499 2820 4555 idcirco
2848 4501 2996 4554 misit
3033 4498 3325 4566 discipulos
3367 4497 3435 4551 ad
3481 4498 3586 4552 Do-

1997 4591 2227 4656 minum,
2273 4598 2334 4644 ut
2374 4591 2633 4646 invitaret
2669 4606 2764 4647 eos
2809 4593 2874 4647 ad
2910 4588 3285 4659 discipulatum
3323 4589 3536 4644 Domini
3567 4607 3582 4644 :

2000 4679 2142 4734 sicut
2162 4677 2276 4746 jam
2303 4678 2471 4749 aliqui
2499 4689 2656 4735 erant
2698 4682 2788 4750 qui
2839 4680 3084 4745 odibant,
3138 4688 3196 4733 et
3231 4679 3588 4734 detrahebant

2001 4767 2162 4824 factis
2209 4769 2377 4839 ipsius
2421 4785 2545 4825 cum
2582 4771 2881 4839 pharisaeis.
2941 4768 3010 4822 Et
3047 4768 3359 4839 respondens
3404 4767 3583 4835 Jesus,

2002 4861 2076 4913 ait
2111 4859 2236 4913 illis.
2285 4859 2440 4916 Alius
2471 4862 2799 4933 evangelista
2840 4860 3006 4916 refert
3045 4860 3189 4929 quod
3228 4861 3454 4930 jusserit
3487 4875 3584 4916 ve-

2003 4950 2122 5004 nire
2147 4965 2330 5005 coram
2355 4966 2414 5006 se
2436 4967 2608 5008 caecos
2636 4961 2690 5008 et
2723 4952 2944 5006 claudos
2973 4959 3028 5006 et
3052 4949 3312 5020 leprosos,
3344 4961 3401 5006 et
3427 4966 3588 5012 cura-

2003 5041 2083 5097 vit
2109 5058 2221 5107 eos,
2253 5052 2308 5098 et
2339 5043 2463 5106 inde
2492 5043 2628 5100 dixit
2655 5062 2668 5096 :
2696 5043 3010 5096 Renuntiate
3036 5041 3234 5096 Ioanni
3276 5058 3394 5113 qum
3433 5043 3588 5097 audi-

2002 5133 2094 5188 stis
2118 5142 2165 5187 et
2191 5133 2408 5189 vidistis.
2460 5135 2700 5190 Virtutes
2734 5147 2871 5200 quas
2895 5131 3104 5187 vidistis
3124 5133 3191 5186 de
3216 5148 3301 5186 me
3335 5132 3473 5197 ﬁeri,
3523 5149 3588 5188 ac

2005 5227 2051 5280 si
2083 5226 2383 5292 mandaret,
2417 5236 2477 5281 ut
2509 5225 2597 5280 ille
2627 5224 2765 5280 sciat
2796 5224 2920 5293 quia
2955 5224 3035 5278 sic
3056 5231 3141 5278 est
3179 5224 3320 5278 sicut
3359 5224 3564 5278 audivit

2003 5317 2145 5375 facio
2167 5335 2350 5376 coram
2385 5320 2558 5384 vobis,
2587 5327 2648 5372 ut
2671 5334 2740 5374 ex
2763 5319 2881 5372 visu
2911 5326 3092 5372 vestro
3127 5317 3437 5371 renuntiare
3468 5331 3590 5384 pos~

2006 5410 2128 5466 sitis
2154 5420 2209 5466 et
2226 5425 2293 5466 ex
2323 5410 2538 5476 auditu;
2563 5417 2619 5464 et
2653 5409 2899 5464 miranda
2940 5407 3106 5474 facio,
3146 5416 3201 5461 et
3229 5415 3410 5461 tamen
3450 5405 3590 5461 sicut

2005 5504 2125 5575 ipse
2165 5504 2396 5560 credidit
2443 5502 2666 5567 moriar,
2713 5503 2838 5572 quia
2880 5500 3029 5555 venit
3056 5499 3189 5554 hora
3215 5496 3431 5568 quando
3456 5497 3589 5551 satis

2002 5595 2196 5654 beams
2221 5604 2277 5652 et
2310 5609 2467 5649 rarus
2492 5593 2616 5657 erit,
2648 5592 2739 5662 qui
2775 5606 2880 5647 non
2919 5591 3081 5646 habet
3107 5587 3419 5644 scandalum
3460 5602 3590 5655 erga

2003 5706 2110 5747 me.
2138 5688 2276 5746 Caici
2298 5686 2490 5752 uident,
2517 5683 2694 5738 claudi
2721 5681 3013 5748 ambulant,
3039 5679 3228 5751 leprosi
3246 5677 3588 5740 mandantur,

2003 5783 2153 5837 surdi
2179 5781 2423 5844 audiunt,
2464 5778 2656 5831 mortui
2699 5784 2995 5845 resurgunt,
3035 5787 3288 5843 pauperes
3333 5767 3593 5837 evangelia

2005 5885 2213 5932 suntut.
2269 5870 2492 5940 Quoties
2539 5870 2672 5932 istas
2719 5869 2944 5928 virtutes
2996 5865 3243 5936 superius
3286 5860 3593 5919 audivimus

2263 6038 2350 6066 ιν,
