3998 6470
484 405 623 470 1556

1261 399 1651 459 cumsuam
1689 365 2120 472 euertit-mnf
2147 365 2600 470 donnEtENSIS
2633 363 2942 458 nomen!

3631 370 3782 464 istis

472 527 648 584 factas
676 537 708 580 a
733 521 964 582 Domino
1007 529 1063 576 et
1109 519 1273 581 filiam
1325 485 1736 589 arcliisynagogi
1781 514 2071 582 resuscitaz
2093 496 2146 582 Α
2171 513 2314 585 quod
2342 511 2580 588 Joannes
2607 505 2732 577 non
2756 501 3007 575 molh'bus
3027 485 3370 584 vestimentis
3385 481 3625 583 vestitus
3653 537 3784 577 esse

471 627 605 684 tan).
665 615 844 685 Quare
887 623 1068 678 autem
1115 609 1247 668 dicit
1297 627 1547 682 pauperes
1594 605 2070 680 euangelizantur?

471 711 610 781 Quia
640 709 744 774 hoc
771 705 1076 780 specialiter
1106 705 1274 764 Isaias
1301 704 1367 762 de
1401 704 1492 764 illo
1527 703 1943 776 prophetaverat
1979 700 2063 757 fa-

471 814 688 862 cturum
711 841 726 866 ,
783 799 1036 870 inquiens
1086 817 1100 854 :
1158 797 1240 854 Ad
1299 795 1721 854 annuntiandum
1777 794 2064 850 mansuetis

471 909 628 954 terra!
653 895 792 952 misit
820 910 919 950 me.
970 888 1038 950 Et
1068 891 1136 949 de
1169 891 1300 965 ipsis
1338 891 1550 948 dixerat
1589 887 1847 946 Dominus
1875 905 1888 942 :
1916 885 2065 950 Beati

475 999 729 1060 pauperes
749 985 957 1055 spiritu.

543 1077 612 1134 Et
641 1077 822 1135 beatus
842 1071 846 1078 ’
867 1087 942 1131 est
985 1077 1075 1148 qui
1121 1091 1227 1132 non
1255 1073 1414 1145 fuerit
1453 1069 1844 1130 scandalizatus
1875 1072 1931 1126 in
1959 1073 2060 1127 me;

469 1171 551 1227 Ac
581 1169 628 1228 si
665 1177 855 1241 aperte
888 1168 1070 1226 dicat:
1100 1165 1224 1226 Jam
1271 1174 1400 1224 sunt
1427 1165 1583 1222 electi
1611 1173 1666 1222 et
1693 1155 1947 1236 perpauci
1970 1161 2064 1233 qui

469 1275 579 1318 non
604 1259 838 1318 debeant
861 1259 1179 1318 scandalum
1200 1259 1488 1316 adversum
1511 1273 1597 1314 me
1623 1270 1863 1321 sumere,
1891 1265 1947 1312 et
1971 1255 2064 1324 qui
2085 1258 2090 1269 '

470 1353 645 1411 nolint
677 1353 1010 1412 mortificata
1038 1367 1144 1410 me.
1176 1352 1337 1412 Ponit
1374 1362 1552 1410 autem
1583 1367 1822 1423 praesens
1853 1359 2066 1424 temms

467 1461 571 1517 pro
620 1443 824 1512 futuro,
851 1444 1044 1508 beatus
1073 1445 1197 1510 erit,
1229 1444 1485 1514 quoniam
1530 1443 1585 1502 in
1631 1450 1921 1511 conspectu
1965 1440 2063 1496 Dei

469 1539 655 1596 omnia
681 1536 862 1596 futura
891 1537 1176 1608 praesentia
1205 1544 1349 1592 sunt.
1382 1533 1499 1591 Illis
1525 1544 1699 1592 autem
1729 1531 2060 1598 abeuntibus,

469 1632 618 1702 crepit
640 1628 798 1686 Iesus
819 1631 991 1688 dicere
1011 1630 1081 1684 ad
1104 1629 1282 1686 turbas
1303 1629 1368 1683 de
1391 1627 1620 1683 Joanne.
1648 1629 1789 1683 Deus
1813 1625 2063 1680 conscius

468 1720 721 1776 humanae
745 1719 1074 1792 fragilitatis,
1105 1719 1229 1788 quia
1255 1717 1492 1780 Joannes
1521 1719 1682 1778 homo
1719 1724 1856 1780 erat,
1889 1725 1943 1770 et
1966 1729 2064 1785 po-

470 1820 612 1867 terat
637 1811 688 1866 ei
714 1811 994 1880 subripere
1024 1809 1208 1874 elatio,
1239 1811 1309 1868 ob
1349 1811 1453 1868 hoc
1489 1808 1664 1866 noluit
1686 1821 1872 1862 coram
1898 1805 2061 1862 disci-

2169 605 2383 689 dicitur,
2409 609 2534 680 quia
2567 609 2734 666 vitam
2755 607 3102 680 peccantium
3141 624 3248 674 non
3275 592 3676 684 blandimentis
3709 609 3776 670 fo

2166 700 2263 765 vit,
2289 699 2384 772 sed
2415 717 2608 774 aspera
2652 701 2957 779 invectione
2997 701 3297 783 increpavit
3327 704 3516 767 dicens
3545 722 3564 762 :
3607 701 3783 760 Ceni-

2166 789 2317 875 mina
2353 793 2668 864 viperarum.
2699 790 2792 854 Sic
2829 794 3030 875 etenim
3078 794 3404 875 sapientium
3443 795 3619 869 verba
3655 811 3786 875 esse

2167 873 2363 954 debent
2390 881 2746 950 malis,‘sicut
2777 869 3068 967 stimulis}
3093 869 3234 967 clavi
3372 886 3553 964 altum
3583 869 3782 962 deﬁxi,

2167 981 2224 1032 ut
2265 973 2568 1048 intelligant
2589 978 2646 1033 et
2673 962 3330 1057 meminerint‘pejccatum
3357 962 3550 1046 suum,
3582 989 3647 1034 ut
3679 975 3782 1042 Sa-

2166 1066 2346 1139 lomon
2366 1071 2443 1131 ait
2471 1087 2484 1122 :
2518 1066 2791 1153 Responde
2811 1068 2972 1140 stulto
2993 1069 3155 1155 justo
3184 1069 3468 1145 stultitiam,
3496 1089 3692 1137 suam,
3718 1088 3784 1130 ne

2164 1159 2263 1228 sibi
2282 1164 2489 1236 sapiens
2511 1163 2767 1226 videatur.
2796 1163 3094 1235 Attendere
3118 1161 3298 1232 tamen
3323 1155 3604 1242 debemus
3631 1165 3783 1236 quod

2165 1253 2442 1312 Dominus.
2465 1251 2729 1310 Joannem
2759 1255 2825 1316 de
2867 1253 3178 1328 vestimenti
3208 1255 3289 1315 sui
3328 1259 3643 1330 asperitate
3672 1253 3784 1313 eol—

2165 1344 2369 1402 laudat.
2399 1344 2456 1404 Si
2485 1347 2658 1413 virtus
2682 1362 2791 1414 non
2816 1357 2962 1429 esset
2987 1333 3184 1428 illibus
3216 1347 3568 1412 vestimentis
3601 1346 3800 1429 incinit,

2165 1451 2508 1512 nequaquam
2563 1420 3132 1515 Dominus'illuni'de
3182 1437 3284 1501 hac
3311 1452 3397 1519 re

2165 1511 2507 1600 nequaquam
2535 1526 2700 1596 etiam
2726 1527 2918 1598 beatus
2945 1511 3162 1598 Petrus,
3193 1527 3240 1593 si
3262 1511 3585 1612 cuipa‘n'on;
3604 1539 3783 1601 esst.

2165 1617 2489 1688 vestimenta
2518 1615 2759 1688 pretiosa
2784 1632 3026 1687 quaerere
3059 1615 3292 1682 feminas
3318 1617 3673 1688 prohiberet,
3698 1617 3786 1678 di-

2165 1725 2296 1766 cens
2321 1727 2333 1762 :
2374 1707 2492 1772 Non
2516 1709 2570 1770 in
2606 1717 2756 1780 veste
2778 1711 3034 1782 pretiosa.
3066 1710 3174 1773 Sed
3193 1711 3322 1784 quid
3345 1711 3532 1768 existis
3561 1711 3788 1768 uitiae!

2162 1799 2505 1871 prophetam?
2525 1799 2705 1866 Etiam
2726 1802 2843 1859 dico
2865 1803 3027 1868 vobis,
3047 1812 3096 1864 et
3114 1802 3232 1874 plus
3252 1819 3411 1874 quam
3431 1804 3784 1874 prophetali.

469 1901 610 1972 pulis
638 1901 752 1960 suis
776 1901 926 1962 illum
947 1901 1186 1964 laudare,
1222 1901 1318 1960 sed
1343 1899 1666 1956 abeuntibus
1702 1898 1812 1955 illis
1839 1906 2063 1968 propter
2089 1907 2138 1968 Β
2163 1892 2356 1947 Adhuc
2376 1902 2691 1964 perseverat
2726 1894 2986 1958 Dominus
3011 1895 3064 1958 in
3086 1894 3338 1957 laudibus
3359 1893 3629 1962 Joannis,
3654 1895 3786 1954 dicit

467 1993 773 2064 exemplum
815 1993 1045 2054 aliorum
1081 2000 1137 2050 et
1180 1993 1614 2057 aediﬁcationem,
1665 1991 1804 2046 dixit
1849 1993 1914 2050 de
1968 1990 2062 2053 illo

465 2101 586 2156 qua:
615 2085 873 2148 imitanda
915 2085 1108 2144 forent.
1153 2085 1417 2157 Exemplo
1467 2085 1638 2156 ipsius
1677 2085 1856 2140 nullus
1901 2084 2064 2140 debet

464 2175 688 2242 laudare
731 2176 1038 2252 quempiam
1083 2177 1137 2232 in
1180 2176 1354 2244 oculis
1381 2177 1521 2248 ejus,
1543 2174 1700 2245 juxta
1729 2186 2062 2246 praeceptum

465 2266 724 2338 sapientis
749 2285 762 2316 τ
793 2265 874 2322 Ne
901 2265 1208 2326 laudaveris
1236 2267 1514 2324 hominem
1543 2267 1600 2321 in
1626 2267 1738 2322 vita
1769 2282 1888 2323 sua.
1919 2264 2064 2332 Quid

465 2359 644 2416 existis
667 2359 842 2416 videre
863 2359 920 2414 in
948 2360 1210 2417 desertum
1227 2359 1253 2413 i‘
1272 2357 1586 2414 arundinem
1609 2368 1758 2414 vento
1783 2359 2060 2430 agitatam.

465 2449 688 2506 Arundo
708 2450 852 2506 dicta
883 2450 1027 2521 quod
1062 2449 1172 2510 cito
1195 2459 1428 2509 arescat.
1459 2449 1586 2506 Haec
1619 2459 1676 2506 et
1701 2466 1874 2508 canna
1902 2467 2063 2508 voca-

467 2552 554 2598 tur
583 2540 847 2605 llebraice
869 2548 926 2600 et
951 2540 1166 2609 Latine,
1193 2552 1252 2600 et
1275 2543 1516 2600 abundat
1540 2544 1596 2599 in
1625 2541 1718 2612 illa
1753 2545 1931 2615 patria
1959 2545 2066 2602 sie-

468 2642 600 2690 utet
631 2633 686 2690 in
713 2631 886 2700 Italia,
928 2633 1006 2694 ita
1046 2643 1108 2692 ut
1149 2649 1306 2705 sepes
1330 2650 1399 2691 ex
1423 2635 1503 2691 eis
1533 2635 1697 2700 ﬁant,
1746 2645 1800 2700 et
1839 2637 1942 2692 alia
1970 2653 2066 2694 ne-

466 2724 725 2790 cessaria,
753 2731 809 2780 et
831 2733 1086 2782 crescunt
1123 2725 1182 2782 in
1225 2725 1515 2796 paludibus
1563 2726 1884 2802 [paludosis]
1929 2729 2065 2785 locis

467 2817 523 2871 in
553 2816 774 2872 modum
815 2816 1015 2881 herbae,
1063 2831 1185 2887 qua:
1232 2817 1379 2888 apud
1405 2834 1506 2876 nos
1551 2833 1642 2874 ros
1682 2827 1929 2876 vocatur.
1971 2822 2068 2877 Est

465 2917 644 2966 autem
668 2907 926 2980 allegoria
959 2911 1018 2966 in
1043 2910 1148 2966 hoc
1168 2908 1289 2966 loco
1314 2909 1460 2966 aliud
1485 2910 1688 2975 dicens,
1716 2918 1772 2966 et
1795 2910 1943 2967 aliud
1970 2929 2068 2970 vo-

466 2998 583 3056 lens
609 2997 856 3070 intelligi.
886 2998 992 3056 Per
1021 3000 1344 3061 arundinem
1373 3000 1658 3058 instabiles
1694 3002 1946 3059 homines
1971 3020 2067 3060 vo-

465 3089 580 3146 lens
601 3089 845 3162 intelligi.
866 3089 948 3148 Ac
966 3091 1012 3147 si
1031 3099 1220 3163 aperte
1242 3091 1388 3150 dicat
1403 3111 1420 3152 :
1437 3093 1666 3162 Quando
1683 3092 1864 3151 fuistis
1884 3096 1952 3152 ad
1969 3111 2068 3153 au-

466 3182 716 3247 diendam
745 3183 1186 3253 praedicationem
1208 3182 1434 3242 Joannis
1461 3185 1520 3241 in
1549 3186 1788 3255 deserto,
1823 3188 2067 3258 nunquid

2165 1985 2310 2054 quod
2347 1983 2584 2048 Joannes
2633 2000 2741 2050 non
2783 1985 2958 2061 solum
3005 1985 3108 2048 fuit
3133 1987 3424 2057 propheta,
3465 1986 3576 2044 sed
3615 1986 3788 2044 etiam

2165 2075 2287 2147 plus
2315 2093 2478 2147 quam
2505 2077 2789 2148 propheta.
2821 2077 3108 2148 Propheta:
3137 2093 3370 2148 namque
3397 2076 3786 2135 ministerium

2167 2177 2252 2234 est
2275 2177 2504 2232 ventura
2522 2170 2836 2238 praedicere,
2859 2184 2966 2230 non
2987 2171 3154 2230 etiam
3179 2171 3594 2230 demonstrare.
3618 2169 3788 2226 Joan-

2166 2274 2264 2316 nes
2293 2275 2428 2320 vero
2454 2275 2564 2318 non
2593 2261 2765 2318 solum
2804 2261 3055 2331 praedixit
3084 2261 3444 2327 Salvatorem,
3476 2262 3586 2318 sed
3617 2263 3786 2320 etiam

2167 2351 2335 2422 digito
2371 2353 2765 2412 demonstravit
2795 2354 3018 2410 dicens:
3052 2353 3194 2410 Ecce
3233 2355 3414 2424 Agnus
3455 2355 3590 2412 Dei.
3647 2354 3788 2422 Quid

2165 2441 2403 2498 Joannes
2429 2442 2534 2498 dici
2567 2444 2819 2512 debebat,
2860 2445 3054 2502 merito
3084 2445 3482 2516 suinequenter
3505 2447 3780 2503 ostendit.

2169 2533 2430 2606 Sequitur
2459 2538 2606 2594 enim
2651 2555 2664 2594 :
2713 2537 2818 2592 llic
2856 2547 2930 2592 est
2967 2537 3032 2592 de
3067 2555 3172 2611 quo
3210 2541 3467 2610 scriptum
3500 2551 3626 2603 est:
3651 2540 3786 2594 Ecce

2169 2629 2316 2696 mitto
2339 2631 2586 2701 angelum
2610 2646 2783 2688 meum
2811 2638 2932 2686 ante
2965 2629 3153 2700 faciem
3178 2640 3344 2695 tuam,
3373 2629 3468 2701 qui
3495 2648 3784 2702 μητροιὼ

2169 2722 2241 2776 bit
2277 2724 2412 2782 viam
2453 2734 2606 2780 tuam
2640 2734 2762 2780 ante
2801 2733 2870 2778 te.
2903 2721 3004 2790 Qui
3031 2737 3254 2778 causam
3280 2721 3445 2778 debet
3479 2723 3706 2789 dicere,
3729 2731 3790 2778 et

2169 2814 2410 2886 aliquem
2438 2816 2688 2872 laudibus
2713 2815 2992 2880 extollere,
3018 2815 3124 2872 hoc
3145 2815 3305 2870 modo
3329 2815 3494 2874 debet
3522 2830 3702 2884 agere
3729 2823 3786 2872 κ

2168 2908 2324 2978 prius
2347 2907 2556 2980 repleat
2581 2907 2728 2979 quod
2752 2922 2860 2962 non
2885 2914 2987 2972 est,
3011 2915 3068 2961 et
3095 2914 3218 2977 post
3245 2916 3670 2976 consequenter
3691 2907 3786 2961 ex;

2168 3011 2340 3071 ponat
2389 3002 2536 3072 quod
2575 3010 2678 3058 est.
2728 3001 2870 3056 Ecce
2911 3001 3090 3070 primo
3128 2999 3392 3059 Dominus
3438 3000 3594 3056 dixit
3643 2999 3786 3070 quod

2169 3091 2406 3150 Joannes
2435 3093 2644 3148 arundo
2676 3100 2842 3149 vento
2881 3093 3082 3164 agitata
3111 3108 3222 3148 non
3250 3101 3387 3157 erat,
3429 3107 3628 3163 neque
3655 3091 3785 3146 rnol-

2169 3183 2314 3244 libus
2355 3185 2616 3252 vestitus;
2655 3195 2780 3257 post
2821 3185 3101 3257 paulatim,
3141 3183 3267 3255 quia
3294 3200 3404 3238 non
3437 3183 3631 3240 solum
3660 3199 3784 3256 pro-

468 3271 679 3328 vidistis
701 3270 854 3329 illum
871 3273 1181 3334 instabilem
1199 3281 1255 3330 et
1268 3275 1607 3343 mutabilem,
1629 3287 1690 3333 ut
1708 3278 1918 3336 arundo
1937 3295 2070 3335 con-
2093 3284 2140 3347 ο
2172 3277 2359 3348 pheta,
2406 3276 2502 3333 sed
2537 3277 2706 3332 etiam
2741 3275 2864 3348 plus
2903 3293 3066 3348 quam
3093 3281 3390 3347 propheta;
3425 3275 3499 3330 ad
3527 3276 3780 3331 ultimum

471 3371 554 3420 tra
577 3363 837 3420 ventum?
855 3361 928 3422 Ut
943 3364 1088 3420 enim
1108 3365 1318 3422 arundo
1342 3367 1576 3422 vertitur
1601 3368 1656 3422 in
1673 3369 1834 3432 aliam
1849 3379 2063 3441 partem

375 3457 388 3472 '
469 3473 596 3516 cum
624 3465 820 3521 ventus
841 3472 963 3514 eam
988 3457 1247 3531 tetigerit,
1277 3458 1352 3514 ita
1373 3460 1610 3516 carnalis
1636 3462 1799 3517 homo
1821 3461 1938 3518 sive
1964 3474 2066 3532 pro

467 3551 787 3621 cupiditate,
819 3553 934 3608 sive
957 3567 1056 3623 pro
1085 3553 1281 3609 timore
1307 3551 1544 3610 flectitur
1568 3555 1623 3610 in
1645 3554 1804 3610 aliam
1829 3566 2062 3627 partem.

469 3642 576 3699 Sed
614 3642 850 3698 Joannes
873 3645 1084 3700 arundo
1112 3660 1221 3700 non
1251 3654 1392 3711 erat,
1417 3647 1512 3702 sed
1539 3647 1758 3714 cedrus,
1787 3657 1845 3702 et
1877 3648 1945 3703 de
1973 3647 2066 3704 illo

468 3731 698 3801 aliisque
723 3731 914 3789 electis
938 3731 1140 3790 dicitur
1159 3750 1174 3788 :
1192 3733 1382 3790 Justus
1406 3744 1464 3789 ut
1485 3734 1666 3808 palma
1698 3737 1922 3806 florebit,
1953 3744 2062 3794 etc.

469 3820 642 3878 Malus
666 3823 870 3878 etenim
899 3823 992 3881 ille
1028 3823 1194 3881 homo
1217 3833 1302 3882 est
1333 3826 1427 3897 qui
1448 3834 1670 3898 propter
1702 3827 1920 3893 donum,
1951 3828 2067 3883 sive

469 3922 691 3984 propter
731 3914 965 3985 aliquem
999 3917 1250 3974 timorem
1285 3918 1404 3986 Dei,
1453 3927 1786 3990 praeceptum
1817 3919 2065 3987 dimittit,

470 4005 558 4062 vel
585 4005 724 4062 alius
751 4013 837 4064 est
867 4007 922 4063 in
962 4009 1344 4080 prosperitate,
1384 4018 1438 4065 et
1472 4009 1614 4066 alius
1633 4019 1718 4067 est
1747 4011 1802 4066 in
1828 4011 2069 4067 adversi-

472 4103 584 4150 tate
610 4111 739 4164 erga
774 4098 1083 4165 Dominum,
1118 4101 1204 4156 vel
1242 4117 1372 4172 erga
1398 4103 1724 4173 proximum.
1760 4102 1888 4158 inde
1932 4102 2069 4158 dicit

473 4183 757 4252 Scriptura
783 4199 798 4238 :
822 4185 1029 4242 Stultus
1057 4200 1116 4244 ut
1158 4191 1288 4247 Luna
1329 4203 1584 4250 mutatur.
1616 4193 1855 4252 Joannes
1883 4203 2072 4251 autem

473 4275 615 4332 ﬁxus
640 4273 742 4331 fuit
769 4275 826 4330 in
853 4280 1138 4347 praeceptis
1169 4282 1295 4346 Dei,
1331 4293 1389 4337 et
1421 4286 1796 4352 peccatoribus
1835 4301 1942 4342 non
1984 4292 2070 4342 est

474 4366 746 4433 adulatus,
773 4367 869 4422 sed
893 4367 1052 4423 llnno
1080 4372 1245 4426 corde
1271 4372 1408 4428 dixit
1431 4373 1758 4430 Pharisteis:
1791 4375 2068 4431 Genimina

472 4459 794 4530 viperarum.
851 4461 919 4516 Et
962 4460 1165 4518 Herodi
1211 4464 1324 4536 regi
1363 4481 1377 4516 :
1421 4463 1546 4520 Non
1588 4463 1708 4520 licet
1747 4466 1842 4520 tibi
1878 4465 2072 4521 [rabere

473 4565 691 4605 uxorem
743 4549 930 4620 fratris
977 4551 1077 4606 tui.
1125 4551 1195 4607 Et
1242 4569 1412 4624 usque
1449 4554 1519 4609 ad
1557 4566 1788 4610 mortem
1829 4571 1929 4612 nec
1965 4569 2069 4626 pro

2170 3365 2421 3441 angelum
2449 3365 2604 3422 illum
2641 3367 2794 3422 dicit.
2845 3366 3086 3439 Angelus
3111 3367 3256 3422 enim
3298 3368 3526 3422 nuntius
3561 3367 3778 3423 dicitur.

2170 3457 2239 3512 Et
2277 3465 2424 3513 recte
2468 3457 2696 3530 angelus
2727 3470 3072 3530 nuncupatur
3099 3458 3214 3530 qui,
3251 3467 3438 3514 certus
3469 3462 3702 3514 nuntius
3730 3466 3784 3513 et

2171 3566 2352 3622 praeco
2377 3549 2680 3608 Salvatoris
2705 3551 2914 3618 factus,
2952 3551 3237 3608 manifeste
3267 3553 3336 3612 ab
3371 3554 3496 3623 ipso
3523 3554 3708 3608 oculis
3729 3560 3782 3608 et

2173 3643 2344 3712 digito
2371 3643 2775 3700 demonstratus
2807 3653 2910 3706 est,
2955 3651 3012 3700 et
3049 3643 3424 3713 unusquisque
3469 3645 3654 3702 ﬁdelis
3691 3643 3782 3714 qui

2171 3734 2472 3792 sacerdotis
2509 3736 2730 3791 nomine
2779 3743 3055 3802 censetur,
3085 3735 3348 3795 Zacharia
3381 3745 3708 3800 attestante,
3733 3735 3780 3790 si

2172 3829 2462 3886 ministerii
2484 3829 2566 3896 sui
2585 3830 2711 3900 jura
2733 3830 3070 3900 exsequitur,
3087 3829 3264 3901 angeli
3284 3829 3513 3884 nomine
3533 3838 3776 3884 voratur.

2171 3919 2265 3976 Ait
2302 3922 2447 3976 enim
2481 3941 2496 3976 :
2527 3921 2696 3976 Labia
2735 3922 3022 3976 sacerdotis
3069 3921 3360 3984 custodierat
3399 3923 3710 3986 scientiam,
3732 3926 3780 3974 tt

2173 4013 2338 4086 legem
2363 4015 2634 4085 requirunt
2659 4031 2724 4068 ea:
2753 4031 2842 4068 ore
2866 4015 3003 4085 ejus,
3026 4015 3152 4085 quia
3177 4012 3398 4084 angelus
3431 4011 3657 4068 Domini
3686 4020 3775 4066 est.

2175 4106 2404 4162 Studeat
2432 4123 2562 4179 ergo
2589 4107 2836 4178 quisquis
2867 4105 2964 4162 illo
2996 4106 3216 4161 nomine
3243 4106 3566 4172 docentur,
3597 4107 3706 4159 vita
3727 4114 3780 4159 et

2173 4199 2432 4268 operibus
2449 4199 2672 4269 angelus
2690 4213 2834 4264 esse,
2847 4207 2908 4253 ut
2922 4207 2978 4254 et
3001 4199 3056 4253 in
3071 4213 3236 4269 opere
3256 4208 3311 4254 et
3332 4214 3600 4254 sermone
3619 4199 3778 4254 Deum

2173 4289 2483 4345 videntibus
2517 4298 2572 4345 et
2612 4290 2956 4346 audientibus
3001 4291 3303 4346 annuntiet.
3334 4289 3652 4361 Sequitur:
3683 4286 3780 4354 Qui

2172 4380 2495 4450 prmpa‘rabit
2535 4380 2672 4434 viam
2713 4389 2861 4433 tuam
2905 4388 3026 4434 ante
3059 4390 3128 4434 te.
3156 4373 3396 4436 Joannes
3441 4382 3598 4436 enim
3644 4379 3778 4434 viam

2175 4469 2406 4525 Domino
2440 4470 2788 4540 praiparavit,
2820 4470 2947 4541 quia
2993 4471 3177 4526 multis
3222 4486 3332 4526 non
3373 4471 3564 4526 solum
3593 4470 3778 4543 praedi-

2174 4561 2342 4625 cavit,
2387 4562 2484 4617 sed
2509 4569 2564 4616 et
2593 4569 2654 4615 ut
2681 4561 2738 4616 in
2766 4577 2892 4616 eum
2921 4561 3208 4616 crederent
3231 4560 3421 4632 (etiam
3451 4567 3516 4616 in
3545 4562 3778 4617 testimo-

409 4665 417 4676 -
475 4641 790 4698 muneribus
816 4659 918 4698 nec
939 4658 1040 4714 pro
1061 4645 1365 4702 terroribus
1388 4655 1475 4702 est
1499 4647 1841 4713 immutatus,
1871 4658 1928 4703 et
1953 4648 2074 4704 ideo
2097 4645 2152 4706 D
2180 4649 2355 4721 nium)
2386 4651 2655 4722 baptismo
2684 4650 3000 4721 baptizavit.
3034 4649 3104 4705 Et
3131 4650 3514 4720 unusquisque
3542 4660 3778 4706 nostrum

475 4750 506 4788 a
538 4732 768 4788 Domino
809 4734 1076 4791 laudatus.
1121 4733 1224 4791 Sed
1261 4737 1387 4808 quid
1437 4739 1620 4794 existis
1662 4740 1834 4795 uidere
1878 4741 1934 4794 in
1979 4741 2072 4796 de-

475 4834 671 4878 sertum
694 4825 720 4878 2
743 4825 1008 4881 hominem
1035 4827 1279 4884 mollibus
1317 4830 1598 4885 vestitum?
1627 4832 1826 4887 lterum
1855 4835 1922 4889 de
1964 4835 2069 4892 bac

477 4928 537 4970 re
561 4913 822 4970 Dominus
863 4913 1129 4971 Joannem
1163 4917 1369 4985 laudat,
1405 4920 1550 4988 quod
1586 4930 1859 4977 austeram
1897 4923 2066 4977 vitam

477 5014 590 5060 tam
617 5005 670 5060 in
693 5004 814 5060 cibo
835 5023 1000 5076 quam
1030 5009 1084 5063 in
1113 5019 1240 5080 potu
1277 5012 1532 5066 tenuerit.
1563 5011 1714 5069 Licet
1741 5014 1884 5069 enim
1913 5016 2072 5070 nobi-

477 5094 603 5151 liter
624 5103 804 5162 natus,
835 5098 1061 5155 delicate
1099 5103 1352 5168 nutritus,
1385 5111 1567 5158 tamen
1599 5101 1656 5158 in
1685 5104 1818 5174 ipsis
1847 5103 2074 5162 fervidis

472 5185 776 5256 iuventutis
798 5205 907 5245 suae
935 5193 1092 5246 annis
1109 5192 1166 5246 in
1185 5209 1430 5250 eremum
1468 5195 1768 5267 ingressus,
1801 5195 1942 5251 sicut
1967 5212 2070 5251 au-

480 5279 655 5348 distis,
687 5291 742 5339 et
771 5293 992 5341 austere
1027 5285 1186 5353 vixit,
1222 5297 1279 5342 et
1305 5289 1698 5345 austerioribus
1733 5291 2074 5349 vestimentis

483 5382 762 5433 contectus
785 5385 886 5443 est,
919 5378 1046 5448 quia
1075 5381 1142 5435 de
1171 5379 1294 5451 pilis
1325 5381 1659 5438 camelorum
1687 5384 2072 5439 vestimentum

483 5461 690 5532 habuit,
719 5468 786 5523 de
819 5485 926 5540 qua
973 5485 1034 5526 re
1077 5487 1222 5526 nunc
1255 5471 1457 5528 dicitur
1491 5490 1522 5528 a
1553 5475 1781 5531 Domino
1805 5493 1818 5530 :
1844 5475 2072 5544 Quando

483 5552 664 5611 fuistis
705 5561 773 5614 ad
817 5564 1206 5620 consulendum
1251 5563 1539 5633 Joannem,
1579 5569 1824 5638 nunquid
1862 5569 2078 5624 vidistis

485 5660 610 5703 eum
645 5648 894 5706 mollibus
916 5655 1259 5712 vestimentis
1285 5657 1573 5712 vestitum!
1599 5657 1680 5714 Ac
1714 5659 1759 5714 si
1787 5668 1972 5730 aperte
1993 5660 2076 5716 di-

483 5748 600 5794 cat:
615 5739 733 5795 Non
753 5741 978 5809 caelesti,
1001 5748 1100 5802 sed
1117 5753 1335 5805 terreno
1353 5749 1469 5822 regi
1490 5749 1745 5817 militant,
1766 5753 1860 5823 qui
1879 5767 2074 5824 aspera

485 5843 586 5900 pro
627 5829 740 5888 Deo
784 5835 992 5903 perpeti
1034 5835 1323 5910 refugiunt.
1365 5839 1551 5898 Potest
1593 5851 1650 5900 et
1691 5843 1851 5900 aliter
1899 5843 2074 5916 accipi
2105 5925 2113 5928 _

2177 4741 2323 4798 viam
2355 4741 2582 4796 Domino
2610 4750 2897 4812 prteparat,
2934 4741 2979 4797 si
3005 4740 3244 4810 expulsis
3276 4741 3344 4798 de
3379 4743 3558 4798 corde
3583 4759 3683 4797 suo
3707 4741 3780 4795 vi-

2179 4834 2382 4889 tiorum
2423 4834 2612 4904 spinis,
2653 4834 2880 4890 virtutes
2909 4834 2984 4890 ibi
3021 4835 3231 4890 mserit.
3263 4836 3432 4889 Amen
3463 4835 3589 4890 dico
3619 4835 3775 4898 vobis,

2179 4941 2288 4979 non
2310 4926 2540 4979 surrexit
2581 4925 2718 4980 inter
2748 4933 2900 4989 natas
2925 4925 3210 4980 mulierum
3235 4927 3411 4996 major
3436 4925 3658 4981 Joanne
3679 4925 3778 4979 Ba-

2182 5019 2362 5089 ptista.
2387 5017 2562 5089 Digno
2582 5018 2912 5074 laudationis
2928 5019 3201 5090 praeconio
3227 5019 3493 5076 Dominus
3520 5020 3778 5076 Joannem

2181 5109 2408 5176 extulit,
2440 5109 2660 5180 quando
2705 5111 2915 5176 meritis
2959 5109 3225 5179 aqualem
3279 5111 3542 5168 carnibus
3583 5109 3780 5166 sanctis

2181 5219 2304 5260 esse
2327 5205 2484 5259 dixit.
2516 5203 2636 5258 Non
2666 5213 2754 5259 est
2778 5203 3080 5275 putandum
3119 5203 3350 5260 Domino
3392 5203 3526 5258 Jesu
3569 5203 3780 5259 Christo

2183 5296 2334 5353 illum
2355 5309 2478 5353 esse
2503 5303 2898 5366 comparatum,
2927 5295 3055 5365 quia
3081 5293 3344 5350 Donninus
3367 5302 3562 5349 noster
3582 5309 3696 5349 non
3722 5293 3781 5345 de

2183 5388 2432 5454 muliere,
2459 5387 2556 5446 sed
2579 5385 2648 5443 de
2671 5387 2884 5459 virgine
2910 5393 3071 5452 natus
3097 5395 3202 5443 est.
3236 5385 3518 5455 Sequitur.
3547 5385 3662 5452 Qui
3687 5401 3780 5438 uo

2179 5491 2283 5536 tem
2309 5482 2482 5536 minor
2519 5488 2596 5534 est
2620 5480 2688 5549 in
2725 5494 2881 5550 regno
2911 5476 3180 5542 calorum,
3219 5494 3396 5548 major
3419 5488 3500 5532 est
3543 5477 3660 5531 illo.
3684 5475 3784 5529 Re-

2181 5587 2347 5642 gnum
2393 5569 2655 5626 caelorum
2703 5569 2810 5624 hic'
2843 5567 3086 5624 Ecclesia
3139 5567 3458 5640 intelligitur
3507 5583 3526 5623 :
3577 5569 3637 5623 in
3683 5575 3782 5635 qua

2181 5662 2440 5718 Christus
2469 5671 2596 5718 tunc
2642 5660 2872 5716 minoris
2915 5659 3076 5715 fama:
3113 5659 3437 5725 habebatur,
3474 5661 3578 5715 sed
3615 5657 3783 5724 major

2182 5760 2305 5806 erat
2327 5751 2418 5806 illo
2441 5752 2744 5814 divinitate,
2773 5750 2860 5805 vel
2885 5751 2994 5804 alio
3018 5749 3200 5805 modo.
3222 5747 3418 5804 Omnis
3443 5757 3678 5804 sanctus
3695 5738 3781 5812 qd

2179 5843 2296 5914 jam
2339 5844 2685 5915 corruptione
2713 5845 2896 5902 carnis
2937 5843 3247 5908 transierat.
3295 5840 3478 5912 maior
3501 5849 3630 5898 erat
3669 5837 3782 5908 ἰὴ
