3998 6526
286 402 427 499 ἔξξῖ

1404 402 1909 495 ,ξξΡοὸξἨρᾸΝι
1932 398 2366 499 Ψίλτίΐβιβιῖιίτ
2436 478 2443 485 .

3408 409 3547 471 1558

282 523 407 605 quia
450 521 635 601 adhuc.
657 519 955 609 impr:er
993 521 1191 601 stagni,
1227 529 1282 601 ei
1323 522 1659 599 corruptibili
1694 520 2106 623 carnebona
2136 538 2300 597 qpera
2330 519 2601 599 faceretis,
2628 526 2685 593 et
2711 519 2985 601 saltalretis
3014 521 3085 577 ad
3111 529 3352 593 nostram
3381 526 3548 582 melo-

283 613 502 693 indutus
528 620 643 687 erat
675 630 686 665 :
718 608 1005 695 prepterea
1027 620 1206 685 potest
1232 621 1379 691 recte
1417 610 1643 699 intelligi
1675 608 1862 699 (1914ζο
1920 608 2129 693 “diam,
2161 615 2299 681 sicut
2321 613 2538 683 saltavit
2565 612 2735 685 David
2759 622 2885 673 ante
2909 629 3093 687 arcam
3116 614 3347 695 Domini,
3372 624 3427 673 et
3452 634 3545 674 no-

280 690 392 789 qui,
424 698 671 799 quamvis
708 690 918 783 meritis
944 719 1141 777 parvus
1170 690 1341 779 esset,
1376 703 1500 777 inde
1533 690 1862 779 tamenquia

270 780 385 875 jam
414 780 821 881 ’corruptipnem
848 796 1029 877 cumis
1055 804 1427 869 transcensam
1455 795 1711 881 habebat,
1750 812 1885 877 ntaf

228 934 236 939 .
275 889 360 960 jor
388 888 593 971 Joanne
616 898 755 967 erat,
783 889 895 973 qui,
926 889 981 961 in
1012 904 1174 961 carne
1198 888 1428 969 positus,
1460 904 1686 967 peccare
1715 901 1867 969 pote-

279 988 439 1065 rattet
463 978 713 1051 amittere
738 970 971 1060 grptiatn.
999 977 1115 1065 Dei1
1149 987 1430 1061 pt'opierea
1458 979 1630 1061 maior
1659 977 1747 1057 ille
1775 978 1885 1059 illo.

276 1048 411 1123 erui.
460 1071 500 1139 Α
551 1048 951 1147 ᾷὶεζψρδῃὶιιειῃ
998 1048 1234 1141 Joannis.
1268 1087 1428 1141 usque
1469 1048 1606 1137 nunc
1649 1086 1863 1140 regnum

277 1148 522 1215 caelorum
560 1162 658 1215 vim
698 1160 916 1243 patitur.
967 1161 1101 1227 Quia
1144 1150 1259 1235 ipse
1305 1160 1511 1237 primus
1554 1146 1865 1239 praedicavit

241 1245 245 1249 ’
276 1251 403 1337 quia
433 1242 883 1335 appmpinquabit
905 1266 1128 1335 iegnum
1158 1246 1441 1333 cmloruin,
1468 1252 1639 1337 (ξι.ᾳυὶ
1667 1252 1866 1325 vellent

271 1342 649 1429 pmnitientiam
675 1357 859 1429 ageret,
890 1350 1098 1423 paieret
1122 1342 1200 1397 cis
1229 1344 1424 1398 aditus.
1451 1342 1657 1427 Exinde
1686 1357 1887 1425 cmpos
1934 1372 1949 1383 -

277 1418 416 1518 runt
436 1418 705 1510 publicani
738 1442 789 1484 et
818 1418 1153 1511 peccatores,
1185 1434 1275 1503 qni
1320 1418 1482 1513 digni!
1510 1418 1664 1511 erant
1694 1422 1865 1511 morte

272 1537 375 1599 pro
392 1510 513 1606 suis
544 1510 842 1605 fraudibus,
872 1540 1031 1595 agere
1061 1510 1433 1605 pmxiitctttiatii
1463 1535 1517 1581 et
1543 1526 1785 1606 aspirare
1808 1510 1864 1599 in

272 1596 579 1711 regitoilei}
610 1598 1161 1701 (:{tqiol‘entiﬂrqpiunt
1178 1596 1340 1697 illud:
1367 1617 1468 1675 Per
1488 1596 1861 1697 ρωίξίῑρξῃξξλῳ

272 1686 595 1795 εὶῐῗέίᾳῃιυῗιξ
615 1686 765 1789 digni
787 1696 946 1789 coelo,
966 1710 1067 1789 lqui
1095 1698 1308 1783 fuerant
1338 1694 1485 1787 digni
1511 1709 1744 1773 inferno.
1766 1707 1863 1781 Yel

270 1802 437 1856 etiam
463 1801 679 1879 grandis
715 1800 967 1879 violentia
997 1808 1079 1854 est
1106 1808 1161 1879 ut
1190 1801 1375 1883 homo,
1395 1800 1490 1889 qui
1511 1800 1569 1873 in
1597 1809 1743 1883 terra
1770 1815 1863 1869 na—

273 1898 359 1945 tus
385 1898 487 1955 est,
531 1890 729 1965 coelum
764 1889 891 1965 velit
926 1889 1223 1965 possidere.
1267 1888 1372 1945 Sed
1416 1894 1595 1963 lumen
1628 1890 1743 1945 hzec
1781 1897 1866 1946 est
1892 1897 1939 1957 B

269 1968 643 2035 misericordia
691 1964 819 2059 Dei;
847 1979 1048 2035 Omnes
1077 1980 1218 2033 enim
1269 1980 1545 2071 prophetae
1570 1988 1626 2057 et
1658 1980 1741 2059 lex
1772 1997 1863 2047 us-

269 2088 385 2144 que.
402 2073 468 2127 ad
500 2071 765 2149 Joannem
796 2069 1282 2153 prophetaverunt.
1312 2071 1448 2145 Quia
1474 2070 1737 2153 quidquid
1775 2069 1863 2125 lex

202 2186 209 2196 -
268 2172 325 2239 et
352 2164 626 2241 propheta;
666 2163 732 2217 de
772 2162 989 2239 Christo
1036 2163 1530 2255 prophetaverunt,
1577 2172 1864 2234 postquam

268 2254 385 2333 ipse
418 2254 564 2331 venit
588 2253 854 2324 completa
886 2253 1051 2308 sunti
1084 2264 1371 2333 propterea
1401 2271 1510 2333 non
1556 2254 1865 2327 habuerunt

268 2271 287 2308 ι
329 2271 385 2308 se
418 2271 564 2331 venit
588 2271 854 2324 completa
886 2271 1051 2308 sunt:
1084 2271 1371 2338 propterea
1401 2271 1510 2333 non
1556 2271 1864 2327 nanuerunt

268 2271 411 2423 ditia
450 2345 701 2400 otlicium.
740 2345 877 2425 Quia
913 2334 1199 2425 postquam
1250 2362 1345 2407 rex
1395 2346 1562 2423 venit,
1586 2362 1864 2418 prmcottes

268 2433 453 2490 silent.
491 2436 779 2509 Sequitur:
804 2436 871 2490 Et
914 2436 960 2490 si
1006 2435 1159 2490 vultis
1196 2439 1441 2519 recipere,
1472 2448 1547 2515 est
1589 2437 1740 2517 (ﬁlias
1772 2438 1863 2508 qui

268 2541 516 2603 uenturus
538 2540 634 2584 est.
664 2530 722 2585 In
752 2530 858 2603 alio
880 2530 998 2586 loco
1028 2530 1394 2607 interrogatus
1418 2528 1654 2609 Joannes
1680 2531 1727 2601 si
1750 2533 1863 2602 ipse

267 2630 411 2677 esset
442 2622 607 2688 Elias,
639 2624 918 2713 respondit
944 2638 1003 2691 se
1032 2639 1139 2677 non
1168 2636 1317 2699 esse,
1350 2631 1405 2695 et
1429 2639 1571 2687 nunc
1602 2623 1863 2714 Domipus

267 2715 399 2770 dicit
427 2716 555 2784 quia
585 2715 695 2785 ipse
728 2724 831 2770 est.
862 2714 1119 2791 Nunquid
1141 2714 1243 2785 sibi
1267 2715 1529 2785 contrarii
1556 2717 1717 2791 sunt?
1744 2715 1863 2771 Non

264 2803 502 2861 Joannes
529 2792 701 2883 turbis
727 2806 936 2861 stolidis
960 2796 1031 2875 de
1053 2792 1277 2887 Corpore
1305 2822 1403 2861 suo
1427 2807 1561 2883 diuit
1581 2807 1726 2889 quod
1753 2823 1862 2869 non

267 2907 413 2967 esset
458 2898 601 2954 Elias
636 2917 649 2952 :
685 2897 945 2973 Dominus
991 2908 1174 2955 autem
1223 2909 1412 2955 noster
1457 2898 1525 2963 de
1570 2898 1763 2979 spiritu
1808 2907 1864 2954 et

266 2989 622 3069 similitudine
648 2988 871 3046 Joannis
900 2991 1179 3065 discipulis
1206 2992 1317 3063 suis
1349 2991 1680 3063 spiritalibus
1707 2991 1863 3063 spiri—

269 3087 453 3161 taliter
482 3087 692 3161 locutus
735 3096 841 3165 est,
869 3088 1015 3169 quod
1057 3086 1294 3145 Joannes
1325 3088 1379 3151 in
1419 3088 1613 3166 spiriiu
1644 3095 1699 3142 et
1735 3101 1863 3161 ope-

267 3178 479 3259 i‘atione
520 3178 671 3253 Elius
712 3188 877 3255 esset,
919 3181 1046 3259 quia
1075 3181 1216 3251 sicut
1250 3179 1395 3253 Elias
1426 3179 1723 3257 secundum
1752 3178 1864 3233 Do-

268 3269 399 3333 inini
429 3270 716 3349 adventum
745 3260 1054 3349 prmveniet,
1080 3270 1155 3325 ita
1183 3270 1284 3337 iste
1301 3271 1563 3349 praevenit
1585 3270 1854 3340 primum;
1885 3260 1931 3325 Ο

268 3361 408 3417 sicut
439 3344 527 3416 ille
557 3344 830 3425 austeram
856 3361 1024 3419 vitam
1048 3362 1250 3431 ducens
1272 3370 1329 3437 ei
1348 3361 1404 3416 in
1438 3344 1585 3439 victu
1613 3370 1669 3418 et
1700 3363 1757 3427 in
1782 3371 1861 3418 te-

239 3452 556 3541 gumentis,
588 3454 1019 3533 persecutionem
1068 3468 1261 3531 passus
1296 3460 1381 3511 est
1410 3453 1478 3527 ab
1512 3453 1701 3531 Achab
1733 3468 1861 3531 rege

268 3552 325 3598 et
366 3540 581 3619 Jeeabel
627 3544 811 3617 regina
859 3560 958 3615 pro
1002 3546 1116 3600 zelo
1164 3544 1341 3601 cultus
1379 3545 1498 3613 Dei,
1544 3545 1622 3623 ita
1656 3545 1759 3601 iste
1794 3559 1861 3613 eo

270 3652 423 3693 more
470 3638 660 3695 vivens
730 3638 992 3717 sustinuit
1046 3638 1479 3713 persecutionem
1531 3637 1763 3709 Herodis
1806 3645 1864 3696 et

269 3729 590 3788 Herodiadis
615 3732 731 3788 zelo
757 3732 891 3805 legis
917 3733 1111 3788 divinze
1140 3750 1310 3805 usque
1335 3733 1429 3817 [ad
1454 3734 1731 3807 mortem].
1757 3735 1862 3804 Qui

268 3820 423 3876 habet
477 3839 631 3895 aures
671 3824 942 3891 audiendi,
984 3825 1188 3878 audiat.
1236 3823 1557 3896 Ubicunque
1603 3828 1864 3885 Dominus

269 3913 414 3969 hanc
462 3914 753 3968 clausulam
807 3914 1111 3986 subjungit,
1170 3916 1409 3972 intentos
1453 3918 1729 3973 auditores
1794 3917 1864 3974 ad

270 4002 569 4077 spiritalem
613 4005 944 4060 intellectum
994 4017 1271 4076 provocat.
1320 4008 1519 4069 Omnes
1573 4009 1718 4065 enim
1760 4025 1860 4067 au-

272 4110 361 4150 res
389 4096 653 4164 corporis,
682 4096 776 4171 qui
816 4114 939 4153 eum
978 4099 1289 4165 audiebant,
1317 4101 1606 4171 habebant,
1635 4102 1729 4161 sed
1759 4118 1859 4158 au-

272 4201 361 4240 res
391 4186 568 4241 cordis
605 4188 933 4258 requirebat,
967 4188 1164 4258 quibus
1203 4190 1323 4247 ista~
1347 4192 1580 4259 dicebat,
1626 4202 1687 4267 ut
1713 4193 1862 4259 vide-

271 4277 401 4337 licet
432 4286 485 4333 et
515 4278 792 4347 superiora
832 4289 887 4335 et
931 4283 1208 4353 sequentia
1243 4283 1558 4353 spiritaliter
1592 4285 1859 4357 intellige-

272 4379 414 4423 rent.
442 4369 695 4439 Sequitur
718 4391 730 4425 :
756 4368 853 4429 Cui
884 4383 1060 4428 autem
1087 4375 1311 4429 similem
1345 4378 1613 4434 wstimabo
1640 4396 1859 4449 genera—

272 4458 466 4512 tionem
515 4461 710 4521 istam?
734 4460 925 4517 Adhuc
974 4463 1029 4517 in
1065 4463 1291 4521 Joannis
1334 4466 1493 4522 laude
1528 4479 1858 4537 perseverat.

272 4549 522 4605 Ostendit
560 4552 702 4606 enim
735 4552 878 4620 quod
911 4553 1215 4624 exemplum
1261 4553 1486 4613 Joannis
1528 4559 1859 4626 generationi

273 4643 350 4698 illi
377 4643 697 4715 prtetulerit,
725 4643 769 4698 si
795 4643 995 4715 imitari
1018 4644 1331 4701 voluissent.
1359 4645 1562 4701 Similis
1588 4657 1665 4705 est
1684 4651 1861 4719 pueris

272 4735 569 4791 sedentibus
613 4736 666 4788 in
715 4733 853 4804 foro,
896 4735 985 4807 qui
1032 4734 1318 4793 clamantes
1359 4737 1717 4811 cowqualibus
1752 4742 1862 4795 suis

274 4828 481 4880 dicunt.
514 4824 704 4881 Pueris
728 4826 1099 4891 assimilantur
1122 4826 1292 4909 Judaei
1320 4838 1542 4900 propter
1575 4845 1702 4891 suas
1729 4830 1863 4893 insi—

274 4922 512 4997 pientias
540 4930 596 4979 et
615 4923 933 4994 pravitates,
964 4924 1092 4992 quia
1112 4924 1252 4997 sicut
1274 4940 1411 4996 puer
1429 4934 1650 4995 propter
1670 4923 1867 4994 juveni-

277 5021 451 5071 tatem
494 5014 806 5095 frequenter
853 5031 1139 5086 perperam
1192 5017 1327 5088 agit,
1374 5017 1626 5074 similiter
1671 5018 1863 5085 Judmi,

277 5108 407 5179 quia
433 5110 586 5179 pueri
608 5118 765 5171 erant
791 5111 1058 5179 sensibus,
1085 5126 1212 5181 erga
1234 5109 1405 5182 legem
1430 5111 1525 5166 Dei
1554 5110 1867 5182 frequenter

277 5200 626 5259 oberrabant.
653 5199 946 5261 Cecinimus
966 5202 1108 5261 vobis
1133 5210 1181 5256 et
1203 5219 1307 5257 non
1326 5202 1557 5257 saltastis
1570 5220 1590 5268 ;
1612 5203 1867 5258 lamenta-

278 5291 448 5346 vimus
496 5301 543 5344 et
591 5308 694 5345 non
731 5292 1025 5362 planxistis.
1080 5293 1172 5348 isti
1221 5310 1355 5365 ergo
1395 5294 1550 5364 pueri
1591 5296 1869 5366 prophetae

279 5394 430 5450 sunt,
464 5385 530 5443 de
565 5384 763 5455 quibus
798 5402 937 5443 unus
970 5388 1105 5443 dicit
1134 5406 1147 5443 :
1181 5386 1323 5443 Ecce
1364 5404 1457 5458 ego
1497 5397 1547 5455 et
1581 5388 1739 5459 pueri;
1768 5389 1870 5442 mei

278 5492 410 5548 quos
432 5476 559 5532 mihi
581 5476 724 5533 dedit
743 5475 905 5531 Deus.
934 5478 1003 5533 Et
1038 5479 1318 5549 psalmus:
1345 5478 1432 5533 Ea:
1460 5496 1548 5534 ore
1582 5478 1868 5548 infamiam

278 5579 331 5627 et
364 5570 667 5627 lactentium
697 5569 959 5641 perfecisti
996 5569 1226 5627 tandem.
1259 5571 1642 5628 Clamaverunt
1668 5569 1870 5633 Judaeis

282 5666 602 5723 sedentibus
627 5666 681 5721 in
712 5665 852 5734 loro,
879 5665 1005 5735 quia
1033 5666 1124 5721 ubi
1156 5666 1258 5738 ipsi
1284 5677 1441 5723 erant
1466 5676 1688 5739 propter
1727 5682 1869 5723 mer-

282 5757 551 5815 cimonias
580 5759 814 5826 illorum,
846 5758 1023 5815 forum
1051 5767 1231 5830 potest
1266 5760 1544 5830 appellari.
1573 5759 1869 5816 Cecinimus

283 5851 451 5918 vobis,
473 5853 529 5908 id
552 5860 656 5922 est,
686 5852 1099 5925 provocavitnus
1134 5859 1193 5905 ut
1220 5851 1288 5906 ad
1321 5862 1566 5909 nostrum
1598 5854 1869 5910 canticum

1962 690 2158 763 luistis.
2208 702 2360 758 Unde
2407 718 2545 771 unus
2585 717 2652 769 ex
2684 701 2764 767 eis
2792 702 3048 763 dicebat:
3087 688 3323 781 Cantabo
3359 704 3547 760 dilecto

1964 811 2075 848 meo
2097 794 2354 865 canticum
2377 794 2630 873 patruelis
2658 792 2758 847 mei
2783 793 2945 849 vinea:
2965 810 3096 849 suae.
3214 780 3215 785 “

1994 936 1999 941 η
2035 904 2461 979 [ιαηιεηιανὶηιιιρ
2498 907 2673 974 nobis,
2704 914 2767 967 ut
2801 922 2899 967 vos
2923 907 2992 971 ad
3017 907 3395 979 pmniwntiam
3420 924 3549 981 pro—

1962 1011 2302 1062 vocaremus,
2332 1005 2386 1050 et
2422 1012 2521 1053 nec
2552 998 2655 1055 hoc
2694 995 2875 1055 facere
2906 998 3187 1066 voluistis,
3231 1009 3550 1070 spernentes

1964 1096 2353 1161 uti-mnque,et
2379 1089 2833 1169 exhortationem,
2860 1096 2913 1147 et
2935 1089 3313 1159 paenitentiam
3336 1091 3405 1148 de
3424 1076 3550 1162 pec-

1963 1182 2101 1245 catis
2139 1180 2350 1251 vestris.
2401 1178 2555 1251 Unde
2600 1187 2658 1237 et
2700 1179 2967 1251 Ieremias
3003 1182 3247 1249 dicebat:
3274 1182 3554 1249 Dedueant

1964 1272 2241 1341 oculimei
2285 1271 2553 1345 lacrymas
2583 1285 2681 1343 per
2708 1273 2851 1333 diem
2882 1280 2937 1331 et
2971 1281 3210 1343 noctem,
3241 1281 3296 1341 et
3328 1288 3436 1337 non
3469 1283 3552 1337 ta-

1964 1375 2143 1433 ceant,
2169 1365 2426 1437 quoniam
2454 1365 2780 1425 contritione
2799 1380 2990 1437 magna
3020 1368 3256 1430 contrita
3285 1374 3372 1431 est
3399 1368 3552 1440 virgo

1964 1459 2076 1529 ﬁlia
2121 1460 2301 1529 populi
2345 1459 2476 1525 mei,
2498 1458 2658 1529 plaga
2700 1461 2939 1531 pessima
2968 1462 3337 1525 vehementer.
3375 1460 3553 1521 Simili

1964 1553 2129 1613 modo
2149 1567 2311 1619 nunc.
2339 1549 2489 1607 Venit
2508 1553 2646 1611 enim
2664 1552 2898 1611 Joannes
2927 1571 3088 1624 neque
3110 1555 3439 1617 mandamus
3457 1572 3551 1625 ne-

1964 1658 2063 1714 que
2105 1642 2297 1708 bibens,
2331 1651 2380 1697 et
2413 1643 2595 1697 dicunt
2622 1655 2641 1695 :
2675 1642 3005 1699 Dwmonium
3031 1634 3204 1713 hdbet,
3248 1646 3555 1719 exemplum

1963 1735 2116 1795 vobis
2137 1735 2383 1803 praebens
2413 1734 2774 1799 abstinentiae,
2803 1749 2905 1793 nec
2945 1735 3098 1795 illum
3140 1736 3357 1803 imitare
3381 1737 3555 1799 volni-

1966 1825 2087 1879 stis.
2114 1825 2249 1880 Veni
2272 1841 2402 1895 ergo
2443 1826 2776 1883 manducans
2810 1832 2869 1882 et
2908 1825 3098 1893 bibens
3132 1828 3449 1899 vobiscum,
3493 1834 3555 1887 ut

1967 1917 2102 1972 lucri
2140 1932 2237 1973 vos
2277 1916 2546 1987 iacerem;
2583 1933 2691 1975 non
2726 1917 2901 1975 solum
2945 1935 3057 1979 non
3105 1935 3193 1991 me
3231 1921 3551 1991 ahaudistis,

1966 2011 2062 2071 sed
2090 2011 2257 2071 etiam
2299 2011 2614 2070 detraxistis
2650 2011 2893 2068 dicentes
2924 2030 2938 2067 :
2971 2011 3109 2067 Ecce
3142 2013 3299 2070 hama
3323 2028 3485 2071 uorax
3503 2020 3554 2067 et

1964 2109 2177 2172 potator
2217 2101 2360 2166 vini,
2411 2100 2815 2171 publicanorum
2859 2112 2907 2157 et
2949 2111 3285 2173 peccatorum
3330 2102 3552 2161 amicus.

1965 2189 2103 2257 Quia
2141 2205 2240 2261 ego
2278 2205 2405 2249 cum
2436 2189 2743 2260 publicanis
2771 2198 2829 2248 et
2851 2191 3231 2262 peccatoribus
3258 2191 3380 2251 ideo
3403 2206 3557 2253 utan.

1965 2282 2254 2347 ducabam,
2302 2289 2363 2339 ut
2404 2281 2534 2343 dum
2576 2284 2645 2339 ab
2682 2282 2763 2339 eis
2800 2282 3102 2354 acciperem
3130 2298 3451 2353 corporeum
3479 2282 3557 2339 ci-

1964 2375 2114 2438 bum,
2143 2374 2243 2444 ipsi
2272 2389 2302 2427 a
2330 2388 2419 2431 me
2449 2373 2762 2444 acciperent
2793 2373 3114 2444 spiritalem.
3147 2372 3334 2431 Graece
3364 2374 3557 2433 melius

1964 2474 2123 2525 sonat
2152 2464 2470 2536 ,oinOpotlos
2501 2467 2824 2527 οὶνωπὼτλος
2872 2463 3207 2539 [οἰνοπότης]
3254 2481 3420 2535 quam
3450 2465 3557 2527 La-

1966 2558 2108 2623 tine,
2151 2557 2278 2626 quia
2306 2555 2505 2623 Graec.
2539 2556 2650 2615 vini
2693 2564 2886 2626 potens
2930 2569 3107 2621 sonat,
3137 2556 3329 2615 Latine
3356 2556 3558 2615 bibitor

1964 2648 2096 2702 vini.
2144 2646 2255 2703 Nec
2298 2647 2740 2718 improperabant
2787 2647 2838 2703 ei
2891 2645 3034 2717 quod
3081 2646 3264 2706 vinum
3315 2643 3557 2714 biberet,

1964 2740 2105 2810 quod
2128 2754 2238 2793 non
2257 2746 2342 2794 est
2365 2738 2555 2792 vitium
2585 2738 2633 2793 si
2658 2736 2940 2797 moderate
2963 2743 3209 2806 potetur;
3234 2736 3326 2791 sed
3357 2736 3559 2806 impro-

1963 2831 2228 2902 perabant
2254 2830 2306 2884 ei
2343 2830 2489 2900 quod
2529 2837 2725 2900 potens
2760 2836 2906 2885 esset
2935 2829 3004 2887 ad
3029 2827 3323 2887 bibendum
3348 2825 3554 2887 vinum.

1964 2920 2121 2989 Quod
2150 2929 2335 2977 tamen
2374 2920 2429 2975 in
2455 2920 2688 2977 Domino
2715 2918 3057 2975 mendaciter
3094 2916 3561 2986 reprehendebant

1963 3024 2020 3075 et
2044 3014 2504 3086 improperabant,
2548 3014 2692 3070 sicut
2728 3020 2785 3068 et
2807 3012 3033 3081 reliqua,
3068 3010 3198 3079 quia
3226 3011 3432 3077 absque
3459 3008 3560 3081 du-

1963 3108 2054 3169 bio
2082 3115 2137 3163 et
2161 3107 2219 3165 in
2262 3106 2385 3165 cibo
2427 3113 2483 3162 et
2522 3105 2579 3161 in
2620 3114 2777 3175 potu,
2807 3119 2872 3163 ac
2900 3104 2953 3167 in
2982 3101 3206 3172 reliquis
3231 3101 3556 3161 necessariis

1966 3201 2219 3261 humana:
2258 3198 2443 3259 carnis
2472 3197 2692 3257 modum
2721 3211 2829 3253 non
2864 3194 3117 3255 excessit.
3149 3192 3221 3249 Et
3251 3190 3556 3263 iustiﬁcata

1961 3300 2038 3349 est
2064 3292 2319 3362 sapientia
2346 3308 2381 3344 a
2402 3289 2531 3363 ﬁliis
2559 3290 2692 3344 suis.
2716 3286 2777 3345 id
2803 3294 2907 3352 est,
2938 3285 3052 3356 Ego
3079 3284 3172 3356 qui
3198 3298 3321 3340 sum
3344 3282 3558 3354 sapien—

1963 3383 2040 3443 tia
2068 3382 2165 3438 Dei
2201 3381 2383 3438 Patris
2430 3379 2489 3439 in
2533 3380 2639 3441 hoc
2679 3377 3009 3450 justiﬁcatus
3034 3392 3152 3433 sunt
3181 3391 3212 3435 a
3247 3373 3374 3439 filiis
3399 3371 3555 3439 meis,

1963 3473 2019 3530 id
2040 3481 2125 3530 est
2152 3473 2221 3529 ab
2245 3471 2505 3543 apostolis
2528 3469 2811 3542 discipulis
2835 3470 2994 3534 meis,
3022 3466 3166 3539 quod
3193 3481 3355 3521 omne
3387 3478 3557 3533 genus

1962 3565 2260 3624 curationis
2288 3573 2344 3621 et
2370 3563 2742 3621 conversionis
2770 3562 2926 3619 vobis
2964 3560 3327 3623 adhibuerim,
3360 3566 3417 3613 et
3438 3572 3556 3615 om-

1964 3658 2056 3712 nia
2094 3654 2431 3727 repuleritis.

2039 3748 2185 3801 Iunt:
2214 3747 2364 3817 erepit
2402 3744 2722 3816 exprobrare
2755 3743 3052 3798 ciuitatibus
3090 3741 3146 3795 in
3179 3740 3368 3811 quibus
3399 3740 3557 3808 facta

1963 3849 2085 3896 sunt
2124 3838 2365 3910 plurima:
2410 3839 2621 3892 virtutes
2657 3836 2794 3905 ejus,
2825 3834 2964 3906 quod
2999 3850 3104 3888 non
3138 3834 3360 3903 egissent
3386 3832 3553 3902 pleni-

1964 3933 2201 3987 tentiam.
2248 3930 2556 4002 Exprobrat
2592 3928 2852 3983 Dominus
2899 3926 3211 3983 civitatibus
3244 3940 3363 3995 quae
3401 3932 3559 3978 erant

1963 4021 2022 4077 in
2056 4019 2298 4087 Galilaaa,
2330 4035 2428 4091 per
2475 4019 2727 4073 civitates
2775 4018 3023 4073 homines
3072 4017 3167 4087 qui
3215 4015 3464 4071 habitant
3500 4015 3556 4069 in

1963 4112 2098 4183 ipsis
2140 4112 2455 4169 civitatibus
2497 4110 2686 4167 volens
2710 4109 2958 4181 intelligi,
2986 4110 3114 4180 quia
3157 4108 3258 4179 ipsi
3289 4108 3381 4177 qui
3408 4107 3558 4162 vide-

1964 4214 2092 4259 rant
2127 4219 2254 4265 eum
2289 4204 2356 4258 ab
2400 4202 2632 4258 infantia
2670 4202 2816 4273 juste
2855 4208 3239 4256 conversatum
3274 4199 3417 4253 inter
3440 4214 3553 4264 eos,

1962 4313 2073 4354 non
2120 4305 2249 4354 sunt
2299 4296 2519 4362 imitati,
2565 4312 2742 4364 neque
2778 4294 3085 4364 exemplum
3130 4290 3558 4349 conversationis

1962 4387 2102 4459 ejus,
2134 4402 2312 4459 neque
2334 4389 2502 4444 verba
2527 4386 2930 4457 praedicationis
2958 4385 3097 4456 ejus,
3125 4401 3246 4440 cum
3283 4383 3375 4437 alii
3404 4381 3557 4436 multi

1963 4481 2235 4537 statimut
2263 4496 2386 4535 eum
2414 4480 2699 4535 audierunt
2720 4478 3121 4547 praedicantem,
3154 4472 3401 4529 conversi
3431 4484 3559 4526 sunt

1966 4588 1999 4626 a
2039 4572 2196 4627 malis
2240 4572 2373 4626 suis.
2411 4569 2502 4624 Vw
2535 4570 2648 4633 tibi,
2675 4567 2968 4633 Corozain;
2996 4581 3071 4621 ra:
3096 4567 3208 4629 tibi,
3247 4564 3555 4629 Bethsaida,

1966 4665 2090 4734 quia
2113 4666 2158 4717 si
2184 4665 2239 4716 in
2264 4662 2400 4732 Tyro
2428 4670 2477 4715 et
2508 4660 2701 4715 Sidone
2746 4660 2903 4729 [actm
2944 4658 3165 4727 fuissent
3198 4655 3409 4709 virtutes
3440 4671 3557 4726 qua:
3612 4698 3616 4703 .

1966 4754 2021 4807 in
2046 4763 2093 4806 te
2115 4753 2270 4823 factae
2295 4761 2438 4816 sunt,
2481 4751 2604 4805 olim
2642 4752 2699 4804 in
2738 4752 2910 4804 cinere
2933 4756 2982 4802 et
3009 4747 3180 4803 cilicio
3203 4744 3559 4816 paenitentiam
3608 4734 3621 4791 ’.

1968 4846 2210 4914 egissent.
2262 4842 2630 4897 Praeferuntur
2672 4856 2802 4912 ergo
2833 4840 3006 4909 Tyrus
3044 4846 3099 4893 et
3136 4836 3305 4891 Sidon
3334 4834 3559 4890 urbibus
3620 4840 3625 4885 ζ

1970 4934 2224 5000 Galilaete,
2256 4935 2381 5005 quia
2413 4936 2527 5004 ipse
2557 4934 2732 5006 Tyrus
2763 4942 2818 4987 et
2848 4931 3013 4985 Sidon
3053 4928 3355 4985 naturalem
3386 4927 3559 4997 legem

1971 5028 2338 5086 calcaverunt.
2389 5029 2508 5083 Istae
2553 5037 2732 5083 autem
2766 5033 2821 5079 et
2852 5024 3022 5095 legem
3060 5022 3363 5079 naturalem
3401 5030 3455 5075 et
3483 5018 3560 5072 le-

1970 5134 2090 5189 gem
2118 5117 2309 5174 littera:
2345 5125 2691 5189 transgressae
2726 5123 2870 5180 sunt,
2901 5121 2955 5168 et
2988 5112 3427 5182 praedicationem
3463 5110 3563 5164 Do-

1970 5212 2102 5267 mini
2130 5210 2406 5282 despectui
2434 5211 2754 5264 babuerunt.
2779 5192 3033 5277 Legimus
3054 5204 3199 5260 enim
3227 5218 3389 5273 supra
3415 5202 3561 5272 quod

1970 5302 2304 5358 circumierit
2329 5300 2589 5356 Dominus
2609 5311 2798 5353 omnes
2820 5296 3067 5351 civitates
3096 5303 3150 5349 et
3170 5295 3337 5356 vicos,
3362 5306 3560 5348 curans

1970 5409 2187 5450 omnem
2246 5390 2636 5453 inﬁrmitatem,
2681 5388 2845 5443 etiam
2899 5396 2954 5441 et
3002 5387 3143 5441 inter
3182 5399 3277 5441 eos
3324 5384 3561 5439 nutritus

1978 5495 2081 5543 est.
2108 5484 2373 5542 Corozain
2415 5482 2518 5537 fuit
2559 5482 2815 5551 oppidum
2852 5479 3103 5543 Galilaeze,
3138 5479 3192 5533 in
3223 5478 3459 5534 secundo
3484 5476 3560 5530 la-

1978 5581 2107 5652 pide'
2127 5579 2524 5647 Capharnaum.
2553 5574 2649 5629 Est
2673 5588 2805 5660 vero
2826 5586 2968 5627 nunc
2996 5573 3289 5635 desertum,
3316 5577 3371 5624 et
3395 5569 3561 5624 inter-

1976 5679 2223 5743 pretatur
2260 5668 2608 5723 ministerium
2651 5682 2841 5720 meum.
2887 5663 3223 5720 Conveniens
3251 5663 3432 5733 itaque
3480 5660 3562 5714 in-

1980 5762 2297 5832 terpretatio
2336 5760 2565 5815 Domino
2602 5758 2839 5822 Christo,
2876 5756 3019 5825 quod
3057 5755 3416 5810 ministerium
3444 5747 3560 5816 eius

1981 5852 2143 5908 fuerit
2170 5866 2201 5905 a
2227 5849 2389 5906 Patre
2429 5849 2533 5906 sibi
2575 5849 2943 5914 commissum,
2993 5846 3154 5903 etiam
3179 5844 3298 5902 illos
3336 5852 3560 5898 conver-
