3998 6474
275 428 415 513 Nil

1072 422 1131 473 1‘2
1164 428 1211 473 η
1236 436 1287 471 ηε
1308 428 1371 475 Ηυξ
1810 432 1883 504 1N
1904 428 2451 506 w‘ymmyr
2476 388 2738 481 [Liuilla

3378 439 3519 519 θείη

266 534 1033 645 itasm'llaaiia'na’r‘*,;e¥ta¥t
1060 534 1843 645 sententiissententiis

1948 542 2002 616 si
2029 558 2152 618 uel)
2170 542 3518 645 eamnamiléréttailema‘tt{imman

266 640 1311 726 ³ἑῆῘῶἴῆνίῑῠέᾞῗᾲιὲιῖέλΕὲὲἅέιπδρὃὃὲί,
1336 648 1442 710 nisi
1466 636 1842 731 seminantis“!

275 742 585 829 propterea,
608 736 781 829 tollite
794 733 991 829 juguin'
1008 734 1177 829 usus
1201 728 1486 829 Superbos,
1512 740 1635 814 quia

268 812 1850 921 aremus;extenuatnausea(«eaea

265 898 873 999 sequi'z"sv‘ettettéj*s
900 898 980 980 ἐπέ
1028 898 1846 999 ὂδνά·’-επίιίὲί’ἕέῐιιμπεέὴίάἡέέιέὲ

264 988 665 1084 retinuissem
694 988 995 1087 εειεῑίίειιηι
1036 988 1177 1088 quae
1216 1012 1380 1088 super
1406 1012 1505 1073 nos
1537 1010 1724 1074 tonus
1755 1000 1848 1075 ac:

259 1088 504 1171 “hamis?
520 1098 573 1159 et
600 1092 797 1160 callum
813 1085 1144 1162 submittere
1154 1094 1187 1173 ‘,"
1203 1096 1265 1162 at
1284 1085 1448 1163 sines
1470 1094 1642 1164 simul;
1656 1090 1845 1165 'e't'liti5

277 1196 434 1252 miles
456 1197 638 1253 corde.
684 1197 836 1253 Mites
863 1206 918 1266 et
944 1200 1210 1254 mansueti
1241 1208 1362 1253 cum
1390 1182 1641 1254 omnibus
1669 1180 1844 1266 bonis,

264 1282 403 1371 'qnia'
428 1278 624 1377 ét’ipsa
657 1262 1283 1377 simpliciias'es‘t'quam_
1305 1289 1358 1343 in
1390 1286 1648 1377 columba:
1670 1262 1849 1360 specie

260 1364 771 1451 ‘inntan‘jubem‘m’.
790 1378 951 1448 Quia,
966 1364 1237 1457 quantum
1260 1364 1332 1434 ex
1356 1370 1519 1457 nobis“
1535 1370 1635 1445 est;
1658 1372 1846 1449 pacem

260 1462 762 1553 'tlebelnus'h‘abere
792 1464 919 1553 cum
944 1454 1195 1553 omnibus
1212 1454 1540 1553 hominibus.
1573 1467 1701 1535 Quae

258 1540 688 1632 ‘iiriutesl‘quas
731 1546 991 1618 Dominus
1019 1540 1450 1635 di‘seéudas‘ye’s's'é
1484 1540 1849 1629 prmmon‘uiti?

258 1642 397 1707 "Non
422 1640 578 1719 dixit,
602 1648 800 1708 Discite
822 1662 851 1707 a
882 1642 1239 1707 me‘mortuas'
1264 1636 1544 1721 suscilar'e,‘
1576 1636 1848 1705 emeritas

234 1724 545 1817 gellu‘gare',
566 1718 569 1719 7
587 1733 748 1817 super
774 1729 927 1801 mare
952 1726 1115 1800 siccis
1142 1736 1367 1815 pedibus
1396 1718 1714 1810 ambulare",
1752 1728 1848 1801 sed

1948 646 2512 737 mammarum
2545 634 3519 734 ίάᾱίόέίίιυῖιξςίηπέάεὲετέιήίέιιίιιειέῆθθ

1947 730 2441 835 bimarem-epulas!
2458 736 2825 835 praeparatas;
2852 746 2950 831 sed
2985 730 3361 835 uiuendum
3382 752 3519 835 eos;

1946 830 2082 888 rem:
2099 824 2339 889 essent.“
2369 824 2855 894 Phaii'siéi‘iiu't'eni‘
2870 838 3117 897 saeuas
3134 832 3385 901 unum
3403 834 3475 902 ιέίε
3487 826 3516 900 ιὲ

1948 917 2085 984 sua
2100 905 2361 1015 etiam;
2375 922 2683 1015 serviens;
2704 910 3313 1015 άίλδιιλθιοῆιτιῖέέέτάέωιε
3330 916 3517 994 sessui

1947 1006 2943 1097 tisl’Hid'fappaief'qudd‘ob‘iidllaiii
2970 1006 3520 1097 tetigittetegme

1946 1090 2261 1181 silebimus
2272 1090 2617 1181 υῡὸὺιίῖιὲιάίτς
2642 1110 2771 1171 “nisi
2786 1096 3245 1187 remaneamus
3269 1102 3514 1174 abeam!

1946 1192 2100 1269 alios
2120 1186 2651 1259 vmmﬂuumir
2678 1186 2997 1261 uernarum
3012 1194 3019 1235 ε
3037 1200 3261 1262 artesae
3298 1206 3515 1274 messis:

1948 1292 2052 1350 nisi
2079 1286 2815 1352 summumsummum
2845 1288 3083 1363 sabbati,”
3094 1302 3204 1367 ’βω
3224 1296 3321 1352 illa
3352 1298 3518 1356 causa

1948 1372 2711 1455 uimhwnt‘rquamsupenus
2736 1370 3517 1466 «insuam/eummissum!

1948 1464 2193 1555 causam
2218 1474 2413 1550 {regem
2438 1460 3135 1555 aestuosissimum,
3183 1477 3241 1537 er
3260 1478 3521 1553 pluuias

1944 1546 2423 1655 aliaz‘lg‘eiilesii'ut
2444 1546 2919 1655 "qtiaddoialii—lliis’
3026 1546 3421 1653 meaemeae
3444 1570 3519 1627 ’Μ

1947 1646 3520 1739 meammeam:{manassetlqushtumlioieemwrou

1949 1730 3020 1827 eslne'emr.'uasmutversasse
3044 1734 3517 1813 iri-etmaneat!

276 1842 379 1897 hac
408 1838 553 1910 quod
571 1833 858 1910 possumus
882 1838 1105 1905 imitari,
1129 1838 1357 1903 Scilicet,
1388 1847 1447 1892 ut
1485 1838 1643 1893 mites
1676 1837 1843 1892 simus
1874 1908 1912 1919 Α
1948 1844 2086 1898 utin
2115 1842 2202 1898 die
2245 1830 2697 1901 ante'sahbatum
2736 1850 2993 1917 pararent
3020 1847 3143 1904 sibi
3185 1846 3337 1904 cibos
3383 1848 3520 1919 quos

274 1942 329 1988 et
358 1908 588 1987 humiles
629 1932 809 1986 corde.
848 1931 907 1984 ln
952 1929 1057 1984 alio
1086 1929 1249 1984 etiam
1294 1930 1412 1983 loco
1458 1927 1629 1982 dicit:
1657 1925 1725 1981 In
1752 1928 1849 1981 hac
1874 1908 1924 1975 Β
1951 1934 2297 1991 εοωεςιει-θηι
2334 1936 2390 1991 in
2418 1935 2693 2002 crastino,
2724 1908 2778 1991 έι
2816 1932 2943 1991 inde
2986 1946 3211 1993 vocatur
3250 1938 3365 2008 ipse
3400 1908 3523 1994 ξιίεε

275 2031 581 2093 cognoscent
603 2036 777 2075 omnes
810 2022 933 2092 quia
964 2022 1063 2074 mei
1090 2021 1214 2073 estis
1237 2016 1502 2089 discipuli,
1533 2017 1579 2071 si
1612 2014 1850 2070 dilectio-

274 2130 391 2167 nem
428 2112 715 2166 habueritis
747 2112 1056 2166 adinvicem.
1112 2112 1217 2166 Ista
1251 2120 1383 2166 sunt
1421 2112 1521 2165 tria
1552 2109 1704 2181 signa
1748 2122 1851 2178 per

274 2220 394 2275 quae
421 2204 622 2259 Christi
646 2203 892 2273 discipuli
915 2202 1320 2275 dignoscuntur.
1358 2201 1460 2270 Qui
1482 2202 1586 2257 ista
1610 2202 1717 2256 tria
1740 2216 1846 2256 non

273 2294 474 2348 habere
499 2290 926 2363 deprehenditur
950 2331 965 2359 ,
1019 2307 1126 2348 non
1162 2305 1283 2349 esse
1320 2291 1524 2347 Christi
1551 2290 1848 2363 discipulus

272 2381 631 2449 convincitur,
653 2383 901 2454 quamvis
930 2384 1150 2439 nomine
1171 2392 1328 2439 tenus
1354 2384 1566 2438 dicatur
1588 2382 1851 2439 Christia-

266 2480 397 2529 nus.
432 2472 549 2530 Non
584 2483 667 2529 est
689 2474 754 2531 de
785 2475 871 2530 his
897 2475 964 2530 de
993 2476 1190 2545 quibus
1216 2475 1481 2546 sequitur.
1522 2476 1594 2529 Et
1621 2474 1850 2530 inuenie-

150 2594 163 2601 -
275 2566 341 2620 tis
366 2566 591 2636 requiem
613 2562 890 2621 animabus
918 2567 1120 2622 uestris.
1143 2566 1259 2623 Non
1283 2567 1553 2637 promittit
1573 2575 1848 2637 tempora-
1880 2556 1883 2559 ’

275 2659 367 2725 lia,
401 2659 494 2713 sed
525 2652 843 2729 spiritualia,
875 2660 1001 2731 quia
1024 2648 1144 2732 qua:
1170 2658 1445 2725 videntur,
1475 2658 1848 2730 carruptibilia

276 2753 401 2825 sunt
430 2756 483 2803 et
509 2749 616 2804 cita
641 2754 962 2816 transeunt,
992 2766 1114 2822 quae
1142 2759 1321 2806 autem
1350 2758 1474 2822 post
1501 2760 1730 2806 mortem
1755 2751 1847 2821 ju-

276 2844 376 2899 stis
405 2842 618 2911 dantur,
651 2848 854 2900 aiterna
879 2854 935 2901 et
970 2846 1437 2904 immarcescibilia
1460 2856 1603 2904 sunt.
1649 2847 1848 2919 Iugum

276 2934 412 2987 enim
442 2940 614 2989 meum
638 2951 795 2990 suave
813 2945 921 3004 est,
957 2946 1006 2992 et
1039 2954 1169 2993 onus
1194 2955 1365 2993 meum
1395 2938 1517 2994 leve.
1570 2937 1851 3006 Quomodo

276 3032 453 3093 potest
491 3039 609 3081 esse
654 3027 759 3082 hoc
800 3028 941 3098 quod
981 3028 1241 3084 Dominus
1283 3026 1434 3096 dicit,
1465 3029 1651 3101 iugum
1694 3045 1849 3085 suum

277 3130 399 3170 esse
426 3116 598 3173 levius
625 3133 786 3188 quam
811 3118 998 3190 iugum
1030 3119 1163 3192 legis
1189 3119 1327 3175 fuit?
1370 3118 1478 3175 Sed
1508 3123 1553 3176 si
1582 3120 1851 3176 subtiliter

1950 2034 2102 2081 sexta
2126 2024 2257 2080 feria
2283 2038 2600 2096 parasceve,
2620 2027 2725 2082 hoc
2752 2035 2837 2082 est
2848 2028 3190 2098 praeparatio,
3214 2030 3272 2083 in
3297 2030 3523 2085 sabbato

1946 2134 2078 2174 vero
2106 2132 2283 2189 neque
2310 2120 2460 2175 cibos
2493 2126 2779 2190 pararent,
2833 2133 3010 2190 neque
3040 2120 3218 2191 ignem
3265 2120 3524 2175 accende-

1946 2200 2088 2266 rent.
2130 2211 2242 2267 Hac
2265 2210 2332 2267 de
2357 2222 2520 2267 causa
2556 2212 3022 2281 reprehendebant
3053 2210 3255 2266 Christi
3290 2210 3525 2281 discipu‘

1948 2294 2050 2372 las,
2077 2318 2247 2376 quare
2270 2305 2368 2376 ipsi
2397 2307 2500 2361 hoc
2530 2304 2791 2361 facerent.
2834 2304 3094 2362 Dominus
3132 2307 3370 2361 ostendit
3397 2305 3522 2375 quia

1949 2397 2267 2468 spiritaliter
2314 2398 2712 2454 observandum
2764 2406 2848 2454 est
2894 2398 3178 2454 sabbatum
3202 2440 3217 2465 ,
3267 2404 3322 2454 et
3358 2398 3521 2453 etiam

1950 2488 2074 2559 quia
2106 2491 2218 2559 ipse
2239 2498 2384 2544 esset
2411 2488 2669 2544 Dominus
2692 2489 2901 2543 sabbati
2929 2496 2984 2543 et
3023 2489 3147 2557 quia
3174 2495 3398 2559 propter
3418 2487 3523 2542 ha-

1948 2581 2147 2636 minem
2180 2579 2373 2636 fuisset
2417 2590 2745 2651 praeceptum
2784 2581 3089 2635 sabbatum.
3130 2579 3277 2634 Dixit
3318 2581 3395 2634 eis
3432 2577 3524 2632 Ie-

1948 2684 2040 2723 sus
2065 2682 2084 2720 :
2122 2668 2246 2722 Non
2280 2666 2476 2739 legistis
2509 2668 2635 2740 quid
2667 2667 2847 2738 fecerit
2884 2667 3051 2722 David
3078 2668 3289 2739 quando
3317 2666 3524 2731 esui-iit,

1948 2769 1996 2812 et
2014 2759 2104 2829 qui
2127 2775 2246 2813 cum
2273 2775 2332 2814 eo
2361 2769 2532 2825 erant,
2555 2758 2815 2830 quomodo
2840 2759 3053 2814 intrauit
3083 2760 3139 2813 in
3169 2759 3381 2814 domum
3417 2758 3527 2813 Da-

1948 2850 2098 2915 mini,
2126 2856 2174 2904 et
2200 2865 2361 2920 panes
2396 2850 2767 2921 propositionis
2789 2850 3029 2915 comedit,
3055 2866 3187 2921 quos
3213 2866 3316 2905 non
3338 2849 3525 2904 licebat

1949 2942 1997 2994 ei
2024 2940 2173 2994 edere
2199 2956 2361 3012 neque
2385 2928 2595 3013 his'qui
2639 2957 2759 2995 cum
2800 2958 2859 2996 eo
2884 2950 3055 3007 erant,
3085 2941 3187 2995 nisi
3207 2940 3332 2995 satis
3353 2955 3529 2994 sacer-

1950 3028 2204 3083 dotibus?
2243 3030 2325 3085 Ad
2368 3020 2750 3085 confutandam
2795 3027 3100 3085 Iudaeorum
3146 3028 3527 3100 reprehensio-

1949 3133 2075 3174 nem
2100 3121 2302 3175 veteris
2329 3121 2646 3176 recordatur
2672 3121 2914 3176 historiaa
2942 3135 3062 3190 quae
3078 3121 3134 3176 in
3152 3121 3295 3177 libro
3315 3119 3525 3190 Regum

276 3209 660 3277 perpendimus
685 3251 700 3274 ,
769 3211 1101 3265 inveniemus
1154 3211 1358 3267 leviora
1411 3225 1530 3267 esse
1576 3219 1846 3282 praecepta
1877 3208 2207 3284 “refertur,
2239 3212 2443 3267 scilicet
2471 3211 2611 3281 quod
2641 3211 2828 3276 David,
2868 3211 3078 3284 fugiens
3102 3228 3133 3268 a
3158 3211 3341 3278 Saule,
3368 3212 3520 3268 venit

1872 3258 1920 3326 C

277 3299 551 3370 Evangelii
583 3315 746 3371 quam
773 3298 928 3373 legis.
976 3302 1033 3357 In
1062 3302 1177 3371 lege
1204 3302 1348 3358 enim
1380 3302 1546 3357 multa
1576 3311 1845 3374 praecepta
1873 3298 1920 3326 υ
1952 3301 2018 3356 ad
2048 3301 2395 3358 Achimelech
2424 3303 2758 3358 sacerdotem
2776 3343 2793 3370 ,
2823 3311 2881 3358 et
2907 3302 3044 3357 dixit
3072 3302 3121 3359 ei
3142 3342 3158 3369 ,
3186 3303 3327 3358 sicut
3351 3302 3523 3368 scitis,

278 3399 402 3445 sunt
450 3406 569 3460 quae
621 3392 846 3465 apostoli
896 3401 1163 3448 testantur
1209 3408 1317 3449 non
1356 3409 1516 3465 posse
1565 3394 1844 3465 compleri,

278 3481 402 3551 quia
431 3480 484 3535 in
516 3481 632 3553 lege
672 3496 837 3553 opera
873 3484 1239 3553 requiruntur,
1270 3499 1391 3554 qua:
1426 3484 1520 3553 qui
1555 3483 1744 3539 fecerit
1766 3484 1847 3539 vi-

276 3579 364 3627 vet
388 3574 443 3627 in
467 3573 565 3629 eis.
622 3574 683 3630 In
712 3574 1001 3647 Evangelia
1043 3576 1289 3631 voluntas
1332 3576 1609 3646 quaeritur,
1641 3590 1762 3646 quae
1799 3576 1847 3632 si

278 3658 439 3721 etiam
467 3663 719 3722 eﬂ'ectum
745 3683 851 3724 non
872 3669 1158 3734 habuerit,
1196 3670 1478 3738 praemium
1522 3677 1701 3724 tamen
1738 3678 1847 3723 non

1951 3395 2093 3465 quod
2117 3410 2211 3450 rex
2238 3411 2360 3451 eum
2388 3394 2657 3461 mitteret,
2697 3403 2753 3451 et
2787 3394 3140 3464 postulaverit
3169 3395 3237 3450 ab
3262 3409 3333 3450 eo
3354 3407 3525 3465 panes

1949 3486 2016 3541 ad
2038 3485 2490 3551 manducandum,
2521 3484 2607 3539 vel
2634 3482 2769 3539 alios
2789 3484 2970 3550 cibos;
3002 3492 3056 3539 et
3076 3484 3165 3539 ille
3187 3497 3293 3538 non
3321 3484 3530 3538 habens

1948 3577 2085 3633 alios
2102 3592 2293 3648 panes,
2323 3576 2532 3632 dederit
2551 3578 2600 3631 ei
2631 3575 2753 3631 illos
2779 3577 2873 3647 qui
2913 3583 3069 3630 erant
3107 3575 3164 3629 in
3188 3589 3374 3629 mensa
3400 3587 3526 3646 pro—

1926 3668 2257 3740 positionis,
2314 3667 2509 3737 quibus
2533 3681 2642 3722 non
2669 3666 2865 3722 licebat
2889 3665 3036 3721 vesci
3072 3664 3177 3720 nisi
3204 3679 3237 3719 a
3265 3665 3517 3721 sacerdo-

278 3758 511 3824 amittit;
563 3767 619 3814 et
668 3773 731 3815 ea
776 3759 932 3815 nobis
976 3759 1361 3830 pracipiuntur
1394 3774 1515 3829 qua:
1561 3773 1848 3830 possumus
1956 3757 2101 3812 tibus
2145 3764 2239 3812 aut
2281 3755 2484 3811 Levitis
2508 3796 2522 3822 ,
2555 3763 2609 3811 et
2634 3755 2772 3810 nihil
2806 3754 2951 3810 aliud
2980 3753 3394 3826 interrogaverit
3420 3754 3528 3810 nisi

282 3851 572 3906 observare
595 3891 610 3916 ,
663 3850 917 3906 videlicet
958 3865 1028 3905 ne
1070 3852 1538 3921 concupiscamus.
1580 3849 1637 3904 In
1677 3849 1849 3905 veteri
1953 3847 1999 3902 si
2026 3847 2209 3903 mundi
2238 3855 2472 3903 essenta
2502 3846 2837 3903 mulieribus.
2875 3845 3145 3903 lnteliexit
3166 3844 3258 3901 ille
3278 3859 3527 3901 summus

280 3939 397 4011 lege
429 3940 473 3994 si
502 3955 636 4010 opus
676 3939 911 3996 adfuerit
931 3936 959 4007 ,'
978 3950 1033 3996 et
1060 3940 1306 3997 voluntas
1337 3939 1598 4007 defuerit,
1627 3942 1851 4013 punitur
1954 3940 2206 3991 sacerdos
2250 3936 2414 3991 etiam
2458 3936 2602 4007 quod
2646 3934 2942 3991 secundum
2980 3934 3280 4006 prophetia:
3316 3933 3522 3990 dictum

282 4029 373 4099 qui
396 4028 616 4094 fecerit;
664 4029 716 4082 in
765 4027 1049 4098 Evangelia
1094 4043 1158 4083 ex
1207 4028 1483 4083 voluntate
1523 4027 1849 4100 quilibetju-
1954 4028 2128 4100 magis
2148 4028 2386 4099 placeret
2413 4028 2664 4094 Domino,
2688 4025 2868 4083 facere
2895 4026 3319 4082 misericordiam
3348 4026 3404 4081 in
3430 4025 3529 4080 ali-

283 4120 512 4174 dicatur.
554 4116 713 4174 Verbi
761 4121 956 4191 gratia,
1003 4120 1048 4174 si
1090 4119 1281 4174 mulier
1309 4134 1566 4191 appressa
1609 4118 1775 4178 fuerit
1795 4132 1851 4180 et
1950 4133 2059 4189 quo
2087 4134 2184 4175 sua
2210 4119 2489 4188 proxima,
2522 4133 2686 4189 quam
2714 4116 2909 4174 oﬂ'erre
2935 4116 3326 4173 holocaustum.
3390 4114 3528 4182 Quia

282 4210 645 4265 contaminata
673 4224 773 4279 per
802 4210 930 4275 vim,
957 4211 1200 4280 quamvis
1228 4209 1476 4267 voluntas
1498 4211 1762 4280 defuerit,
1795 4213 1850 4270 in
1951 4208 2213 4267 Dominus
2249 4225 2356 4265 non
2387 4211 2458 4266 ob
2495 4209 2658 4264 aliam
2688 4223 2907 4264 causam
2934 4206 3191 4278 praecepit
3220 4204 3322 4261 sibi
3348 4204 3532 4261 offerri

279 4301 444 4356 veteri
464 4301 577 4371 lege
599 4311 817 4370 propter
839 4315 975 4372 opus
997 4302 1235 4372 punitur.
1273 4300 1329 4355 In
1360 4300 1649 4373 Evangelia
1670 4313 1851 4359 autem
1950 4300 2159 4358 bestias
2179 4301 2287 4357 nisi
2313 4315 2380 4356 ne
2416 4300 2575 4356 idolis
2608 4299 3043 4365 immolarentur,
3072 4297 3213 4354 sicut
3252 4297 3368 4368 ipse
3393 4296 3528 4352 dicit

280 4391 404 4459 quia
434 4390 682 4444 voluntas
706 4389 894 4456 defuit,
910 4398 966 4445 et
984 4390 1294 4446 violentiam
1309 4402 1561 4461 perpessa
1584 4398 1686 4458 est,
1708 4391 1852 4462 apud

280 4483 450 4537 Deum
474 4482 626 4551 virgo
651 4479 945 4550 judicatur.

848 4567 1075 4625 CAPUT
1113 4568 1307 4625 XXXI.
1858 4610 1865 4615 ι

542 4663 621 4719 De
646 4680 704 4718 eo
730 4662 870 4735 quod
892 4661 1135 4732 discipuli
1164 4662 1336 4731 spicas
1357 4661 1570 4716 vellunt.

351 4753 421 4811 In
458 4754 549 4809 illo
586 4764 809 4829 tempore
856 4754 983 4807 abiit
1018 4753 1174 4808 Iesus
1210 4753 1425 4808 sabbato
1465 4770 1558 4825 per
1579 4763 1732 4820 sata;
1770 4754 1852 4809 di-

281 4848 467 4921 scipuli
502 4856 676 4901 autem
712 4847 826 4916 ejus
866 4845 1149 4900 esurientes
1190 4853 1451 4915 coeperunt
1475 4843 1660 4899 vellere
1682 4844 1852 4915 spicas

283 4950 332 4995 et
358 4940 698 4995 manducare.
739 4937 870 4993 Sata
906 4938 1171 5017 dicuntur
1199 4939 1483 4993 seminata.
1547 4936 1678 4992 Erat
1726 4951 1855 4993 con-

285 5035 510 5090 suetudo
535 5033 588 5087 in
617 5031 704 5088 illa
740 5041 900 5105 gente
944 5039 999 5085 et
1040 5030 1125 5085 lex
1152 5038 1211 5084 ut
1247 5030 1339 5100 qui
1379 5028 1541 5084 vellet
1568 5029 1774 5100 ingredi
1797 5031 1852 5084 in

285 5137 515 5179 messem
540 5121 771 5193 proximi
800 5122 904 5189 sui,
941 5127 997 5176 et
1020 5119 1302 5175 comedere
1327 5118 1395 5175 de
1419 5119 1620 5189 granis,
1650 5117 1854 5176 faceret

283 5225 544 5288 quantum
574 5216 753 5281 vellet,
797 5217 1165 5271 tantummodo
1209 5213 1346 5269 falce
1376 5229 1443 5268 ne
1479 5220 1723 5269 meteret.
1768 5209 1854 5267 Si-

284 5310 482 5366 militer
521 5309 577 5363 in
615 5308 828 5364 vineam
868 5309 1175 5381 ingrediens
1200 5349 1214 5375 ,
1263 5307 1569 5364 comederet
1608 5317 1855 5360 racemos

283 5410 544 5483 quantum
576 5399 873 5467 subiceret,
915 5401 1060 5458 foras
1088 5417 1154 5458 ne
1188 5398 1423 5457 efferret.
1463 5398 1570 5453 Pro
1597 5395 1700 5451 hac
1728 5409 1856 5465 ergo

285 5499 418 5570 lege,
440 5494 702 5568 discipuli
730 5494 1051 5559 esurientes,
1094 5511 1211 5548 cum
1249 5491 1538 5548 ambularet
1577 5486 1732 5544 Iesus
1760 5502 1852 5558 per

286 5590 444 5657 viam,
473 5587 717 5661 discipuli
747 5588 1244 5659 prwgrediebantur,
1283 5595 1331 5640 et
1369 5582 1625 5639 vellebant
1646 5582 1849 5652 spicas;

285 5689 335 5735 et
360 5680 616 5735 lricubant
645 5680 886 5735 manibus
915 5689 962 5733 et
986 5677 1392 5733 manducabant.
1425 5676 1679 5749 Legimus
1705 5674 1852 5730 enim

285 5768 344 5830 in
370 5770 472 5826 hac
490 5770 774 5847 Evangelia
807 5772 947 5842 quod
976 5779 1133 5826 erant
1156 5768 1247 5839 qui
1276 5769 1561 5825 veniebant
1590 5776 1646 5823 et
1668 5766 1854 5823 crede-

285 5857 420 5918 bent
447 5856 599 5915 multi
623 5896 638 5925 ,
687 5860 887 5918 et‘non
921 5859 1192 5917 habebant
1214 5859 1445 5928 spatium
1469 5856 1850 5920 manducandi,

1952 4395 2008 4450 in
2040 4394 2289 4467 psalmo:
2332 4391 2588 4464 Nunquid
2626 4391 2955 4446 manducabo
2996 4406 3180 4445 carnes
3224 4399 3523 4454 taurorum,

1951 4496 2045 4543 aut
2067 4488 2373 4558 sanguinem
2385 4487 2649 4540 hircorum
2660 4483 2847 4555 potabo
2864 4484 2891 4537 l’
2930 4482 3010 4537 Ac
3030 4481 3075 4537 si
3098 4481 3241 4536 dicat
3268 4477 3530 4534 Dominus

1872 4604 1928 4669 Β
1952 4583 2019 4637 ad
2043 4580 2350 4636 Pharisaios
2369 4596 2382 4632 :
2402 4577 2472 4669 iSi
2498 4576 2588 4632 ille
2613 4579 2801 4633 beatus
2812 4574 3062 4669 sacerdos
3091 4588 3197 4627 non
3234 4560 3529 4669 reprehenQ

1954 4670 2119 4733 ditur,
2152 4669 2260 4723 ima
2290 4668 2556 4734 laudatur,
2597 4669 2688 4737 qui
2725 4665 3151 4724 misericordiam
3176 4661 3412 4734 praetulit
3437 4677 3526 4718 sa-

1953 4759 2181 4826 criﬁcia,
2208 4773 2379 4829 quare
2409 4774 2517 4814 non
2557 4758 2801 4814 eamdem
2838 4768 3055 4813 causam
3082 4751 3440 4808 consideratis
3466 4751 3525 4806 in

1957 4850 2234 4921 discipulis
2258 4849 2428 4905 meis?
2461 4832 2768 4921 quanquam
2806 4846 2950 4903 inter
2974 4846 3108 4901 istos
3132 4852 3187 4900 et
3220 4843 3387 4898 David
3413 4855 3528 4897 ma-

1956 4959 2059 5014 gna
2091 4941 2389 4999 differentia
2429 4945 2530 5009 sit,
2576 4943 2701 5014 quia
2751 4949 2805 4996 et
2854 4939 2944 4995 ille
2983 4936 3219 5009 fugiebat
3255 4936 3311 4992 in
3341 4934 3532 4991 diebus

1956 5030 2396 5099 Neomeniarum,
2422 5033 2619 5105 quibus
2646 5045 2751 5086 non
2780 5028 2977 5084 licebat
3005 5027 3254 5083 incedere
3280 5023 3387 5080 nisi
3418 5034 3530 5079 uno

1954 5121 2225 5186 milliaria,
2257 5129 2311 5176 et
2337 5123 2500 5177 etiam
2528 5134 2694 5191 panes
2731 5123 3080 5174 consecratos
3107 5125 3243 5185 quas
3272 5112 3378 5169 non
3406 5112 3532 5167 lice-

1954 5216 2048 5269 bat
2071 5215 2239 5270 laicos
2272 5215 2520 5270 homines
2552 5212 2712 5267 edere
2740 5210 2993 5267 comedit.
3032 5209 3183 5277 Quod
3215 5220 3346 5261 vero
3373 5204 3528 5272 dicit,

1955 5305 2035 5358 his
2055 5305 2145 5374 qui
2176 5320 2294 5358 cum
2316 5319 2374 5358 eo
2407 5310 2595 5366 erant,
2637 5316 2745 5356 non
2773 5300 3002 5373 legimus
3041 5298 3185 5369 quod
3216 5298 3291 5353 ibi
3334 5293 3529 5365 aliquis

1957 5408 2079 5450 cum
2102 5394 2193 5450 illo
2214 5393 2418 5458 fuerit,
2466 5393 2558 5448 sed
2585 5406 2652 5447 ex
2684 5406 2749 5448 eo
2777 5393 2921 5463 quod
2944 5389 3151 5467 dixerit
3182 5387 3249 5443 ad
3271 5386 3528 5443 sacerdo-

1958 5496 2101 5544 tem:
2138 5487 2326 5542 Pueris
2351 5486 2564 5541 condixi
2608 5486 2664 5541 in
2707 5485 2857 5541 illum
2905 5494 2953 5540 et
2994 5482 3145 5538 illum
3173 5482 3368 5547 locum,
3411 5493 3530 5536 cre-

1959 5580 2134 5636 dimus
2159 5577 2301 5647 quod
2331 5584 2425 5633 aut
2458 5576 2630 5633 secuti
2654 5593 2798 5655 eum
2837 5574 3074 5641 fuerint,
3114 5581 3207 5628 aut
3233 5587 3330 5645 per
3366 5568 3529 5625 aliam

1958 5673 2100 5725 viam
2125 5668 2339 5724 obviam
2368 5670 2418 5725 ei
2443 5668 2712 5724 venerint.
2754 5662 2834 5723 Ex
2871 5666 2962 5722 illa
3006 5663 3389 5721 consuetudine
3418 5672 3525 5729 qua

1959 5762 2151 5817 beatus
2178 5760 2267 5817 ille
2301 5760 2380 5815 vir
2420 5759 2773 5831 interrogavit
2813 5759 2858 5815 si
2886 5756 3073 5814 mundi
3099 5761 3283 5810 essent
3307 5748 3458 5822 pueri
3489 5759 3521 5800 a

1961 5850 2274 5908 mulieribus
2297 5893 2312 5921 ,
2346 5860 2672 5923 praeceptum
2706 5857 2791 5907 est
2824 5851 2877 5905 in
2922 5846 3216 5905 canonibus
3250 5838 3413 5895 etiam
3438 5834 3529 5892 his
