3988 6538
328 431 564 500 ἐπρίω.

1181 401 1572 489 cunismut
1607 381 2508 483 nuurmnni‘coueemusis
2547 417 2854 479 MONAGHI

3497 364 3594 387 ’.ν

333 560 358 582 ⁸·
377 543 762 626 qul'iegitiine
790 547 1043 620 coniuges
1083 545 1316 626 habent,
1349 553 1404 596 et
1429 535 1830 597 communicare
1859 509 1979 590 cor:
2088 536 2392 603 comedere,
2418 543 2505 591 est
2525 541 2752 590 ctutum
2792 543 3060 604 quemque
3417 518 3711 577 Ecclesia

332 664 365 674 η
397 619 923 718 ῥυθεείεαηςυίηθω
947 631 1162 692 Domitii
1188 619 1404 698 debent,
1439 639 1494 688 et
1522 638 1674 686 sexta
1697 627 1832 684 feria
1862 627 1983 682 abs-

336 768 344 776 ~
381 715 642 794 'tinentes
677 733 884 797 abei's,
911 729 1096 785 ablato
1139 741 1366 797 corpore
1409 733 1466 780 et
1503 719 1840 779 vestimentis
1863 762 1877 787 ,
1926 721 1981 774 in
2036 715 2046 720 ’

337 855 348 866 ~
401 827 490 882 die
537 823 697 880 tertia
740 817 1168 876 reorumunicent.
1238 815 1343 870 Aut
1392 826 1494 869 non
1545 813 1740 884 legistis
1782 813 1836 866 in
1875 810 1985 882 iege
2037 884 2043 893 ‘

343 931 352 940 ‘
400 919 545 990 quod
569 913 800 971 sabbatis
839 909 1136 966 sacerdotes
1161 909 1220 962 in
1243 905 1433 978 tempto
1469 903 1743 959 sabbatum
1767 898 1983 965 violant,

341 1020 347 1030 '
401 1022 450 1066 et
476 1011 592 1066 sine
613 1007 834 1062 crimine
857 1015 977 1060 sunt
995 1003 1020 1057 Ρ
1039 1003 1282 1057 Sabbato
1308 1001 1448 1055 enim
1485 998 1795 1054 sacerdotes
1829 993 1987 1048 victi-

336 1133 346 1138 -
401 1107 522 1150 mas
566 1091 944 1155 immolabant,
985 1087 1300 1159 iugulantes
1338 1085 1535 1139 arietes
1583 1091 1639 1137 et
1681 1089 1902 1145 tauros,
1932 1086 1988 1134 et
2039 1064 2045 1077 ’

396 1191 708 1242 cremantes
763 1195 930 1253 super
971 1189 1180 1236 struem
1229 1178 1522 1250 lignorum.
1585 1173 1652 1229 Et
1692 1171 1984 1228 secundum

398 1275 569 1330 alium
596 1272 1021 1342 evangelistam;
1070 1271 1176 1325 hoc
1203 1268 1410 1323 addidit
1441 1266 1587 1336 quod
1616 1263 1834 1334 quando
1861 1277 1985 1318 eve-

399 1365 482 1420 nit
503 1374 565 1420 ut
585 1363 768 1420 infans
793 1363 882 1418 die
917 1363 1147 1417 sabbato
1176 1370 1456 1425 nascatur,
1505 1356 1612 1412 alio
1639 1356 1724 1412 die
1748 1354 1983 1420 sabbati,

343 1475 348 1489 ·
399 1465 462 1518 ut
493 1456 580 1512 lex
607 1454 902 1526 impleatur
937 1467 1060 1522 quae
1102 1452 1349 1524 pimcipit
1389 1449 1742 1516 circumcidi,
1792 1457 1985 1504 octava

341 1576 348 1581 ·
399 1551 490 1607 die
512 1549 941 1606 circumciditur.
1005 1548 1076 1602 Et
1117 1545 1282 1602 dosue
1306 1561 1491 1602 muros
1531 1543 1750 1600 Jericho
1779 1553 1985 1613 septem

400 1645 592 1700 diebus
631 1656 756 1698 cum
779 1642 1018 1698 exercitu
1046 1641 1386 1706 circumivit;
1418 1637 1563 1710 quod
1593 1635 1870 1694 Machabei
1904 1638 1987 1693 in-

345 1729 352 1737 ’
399 1740 709 1812 telligentes
737 1747 794 1793 et
822 1737 1255 1802 considerantes,
1282 1740 1591 1790 statuerunt
1610 1741 1824 1804 postea,
1848 1739 1908 1786 ut
1938 1731 1983 1786 si

399 1832 524 1900 quis
547 1831 630 1886 eis
662 1845 898 1900 pugnam
935 1825 1162 1881 inferret
1201 1825 1461 1889 sabbato,
1499 1825 1766 1879 bellarent
1793 1824 1986 1878 adver-

2086 625 2454 699 incorporari;
2488 634 2542 684 et
2569 623 2818 695 discipuli
2857 629 2984 678 ante
3031 617 3322 674 Dominum
3365 611 3712 673 incedentes

2085 724 2188 780 hoc
2211 721 2438 788 faciunt,
2479 721 2607 792 quia
2666 727 2792 776 ante
2847 719 3096 773 doctores
3140 713 3463 792 praxiicant,
3514 715 3579 765 et
3623 707 3716 763 sic

2087 816 2257 887 tangit
2283 788 2548 872 Dominus
2577 825 2673 870 cer
2691 821 2751 868 ut
2777 807 3024 874 credant;
3342 862 3348 879 ,
3401 788 3404 800 ’

2391 908 2398 914 ’
2509 994 2540 1002 _
2577 902 2628 1002 ξ’
2657 902 3142 1002 CAPpT'xxXIi,

2502 994 2578 1054 De
2605 992 2800 1053 sanata
2823 993 2983 1050 manu
3009 989 3182 1048 arida.

2157 1076 2225 1146 Ei
2256 1107 2372 1145 cum
2394 1084 2514 1145 inde
2545 1085 2808 1152 transiret,
2853 1080 2986 1140 venit
3027 1080 3082 1138 iri
3112 1060 3438 1156 synagogam
3487 1093 3714 1139 eorum,

2157 1099 2225 1146 Et
2256 1107 2372 1145 cum
2394 1099 2514 1145 inde
2545 1099 2808 1152 transiret,
2853 1099 2986 1140 t‘t’ilti
3027 1099 3082 1138 tn
3112 1099 3240 1156 syna
3279 1099 3438 1154 agam
3487 1099 3714 1139 eorum,

2085 1193 2132 1237 et
2158 1196 2273 1236 ecce
2294 1183 2446 1238 homo
2474 1186 2686 1234 manum
2708 1165 2904 1231 habens
2953 1161 3180 1229 aridam.
3237 1099 3376 1226 ἕυω
3432 1169 3572 1240 ergo
3595 1155 3718 1220 Do-

2085 1279 2265 1333 minus
2315 1277 2430 1346 ipsa
2481 1261 2567 1329 'die
2607 1268 2946 1344 pervenisset
2990 1268 3044 1323 in
3095 1273 3425 1339 synagogam
3483 1277 3714 1324 eorum,

2059 1363 2234 1422 'veni't
2268 1342 2431 1420 nemo
2458 1374 2584 1419 ante
2610 1342 2807 1434 ipsum
2859 1369 2911 1416 et
2958 1357 3284 1432 precabatur
3329 1342 3570 1409 dicebs:
3601 1348 3719 1405 Do-

2084 1463 2260 1527 mine,
2280 1451 2469 1530 adjuva
2498 1454 2604 1522 ine,
2639 1457 2762 1528 quia
2788 1444 2950 1526 opere
2979 1465 3236 1508 manuum
3268 1441 3525 1504 'mearuru
3557 1447 3720 1498 vive-

2083 1545 2233 1620 bani,
2265 1549 2500 1609 etni'odo
2525 1545 2864 1614 mendicabo,
2920 1545 3024 1602 nisi
3059 1536 3463 1620 tu'adjuv'eris,
3499 1537 3722 1594 Fuerat

2087 1617 2231 1704 enim
2254 1627 2650 1702 cminoniaribs.
2681 1639 2751 1696 Et
2777 1629 3057 1702 Pharisaei,
3087 1629 3382 1706 antequam
3603 1628 3718 1683 ali-

2085 1737 2213 1810 qui’d
2277 1739 2510 1801 diceret,
2573 1721 2978 1803 interi-o'gabani
3035 1735 3158 1784 eum
3215 1723 3518 1781 dicentes:
3558 1721 3716 1775 Licet

2087 1831 2317 1890 sabbatis
2339 1831 2564 1886 curare?
2587 1829 2658 1884 Ut
2681 1823 3002 1883 accusarent
3032 1823 3178 1886 eum,
3205 1817 3261 1876 id
3282 1825 3386 1880 est,
3405 1810 3450 1873 si
3476 1812 3721 1879 faceret,

403 1939 524 1980 sum
555 1899 690 1977 ensi:
741 1899 796 1974 et
831 1918 1112 1983 fecerunt,
1143 1927 1198 1971 et
1241 1917 1548 1972 habuerunt
1595 1912 1884 1980 victorias,
1933 1921 1988 1969 ct

2113 1926 2244 1998 μωςί
2277 1933 2754 1996 transgressorem,
2781 1927 2834 1973 et
2856 1919 2900 1974 si
2921 1933 3026 1973 non
3054 1913 3280 1977 faceret,
3310 1910 3595 1984 potuisset
3622 1908 3724 1962 ad-

398 2017 773 2089 probaverunt
823 2011 964 2080 quod
1007 2025 1115 2064 non
1161 2009 1470 2078 displiceret
1501 2009 1629 2064 Deo.
1667 2007 1774 2063 Sed
1802 2007 1992 2062 simili-

403 2115 487 2162 ter
511 2104 788 2161 convincit
829 2115 924 2157 eos
954 2101 1058 2155 alia
1085 2101 1204 2155 vice
1228 2141 1242 2164 ,
1279 2100 1496 2169 quando
1522 2099 1993 2169 reprehendebant

403 2215 526 2256 eum
553 2199 620 2252 de
642 2196 868 2251 muliere
903 2202 1114 2258 sanata,
1148 2193 1290 2263 quod
1315 2193 1414 2263 ipsi
1437 2207 1629 2262 pecora
1663 2191 1836 2247 suain
1862 2191 1992 2246 sab-

402 2291 530 2346 bato
565 2289 924 2358 adaquarent,
952 2286 1071 2340 etsi
1104 2285 1416 2358 deciderent
1441 2285 1499 2338 in
1527 2294 1771 2354 puteum,
1805 2296 1995 2338 eruere

403 2383 747 2439 festinarent.
793 2379 922 2434 Dico
950 2388 1124 2433 autem
1149 2377 1290 2432 vobis
1323 2377 1464 2449 quod
1491 2375 1680 2449 templo
1710 2375 1884 2446 major
1920 2384 1996 2430 est

402 2476 508 2530 hic.
547 2473 666 2528 Non
698 2479 785 2526 est
827 2471 883 2524 in
913 2469 1021 2525 isto
1046 2469 1168 2524 loco
1195 2468 1280 2522 hic
1317 2479 1616 2540 pronomen
1639 2509 1654 2535 ,
1686 2467 1780 2523 sed
1806 2466 1998 2522 adver-

412 2568 563 2622 bium
591 2573 675 2620 est
697 2563 825 2628 loci;
853 2563 980 2632 quia
1013 2563 1269 2618 videlicet
1299 2563 1391 2632 qui
1427 2562 1500 2616 ibi
1538 2557 1866 2631 loquebatur
1899 2557 2000 2613 Do—

421 2657 600 2712 minus
628 2661 746 2709 erat
772 2652 1010 2717 sabbati,
1062 2654 1186 2722 quia
1232 2652 1348 2722 ipse
1389 2660 1510 2706 erat
1542 2651 1634 2720 qui
1669 2656 2002 2721 praeceperat

405 2747 688 2804 observari
713 2744 1034 2808 sabbatum;
1067 2758 1130 2797 ac
1165 2744 1210 2799 si
1234 2743 1478 2798 diceret:
1519 2741 1578 2796 Si
1604 2741 1774 2796 David
1803 2753 2000 2810 panem

405 2837 658 2894 illicitum
711 2835 880 2890 edens
925 2841 984 2888 et
1027 2832 1338 2888 sacerdotes
1393 2831 1599 2886 hostis
1649 2840 1749 2901 pro
1805 2829 2003 2899 populo

401 2927 754 2986 immolantes
783 2925 900 2980 sine
925 2923 1154 2979 crimine
1179 2929 1308 2978 sunt
1325 2929 1380 2976 et
1410 2923 1550 2992 apud
1587 2920 1757 2976 Deum
1782 2929 1838 2976 et
1863 2920 2005 2990 apud

402 3034 520 3085 vos,
545 3025 748 3090 quanto
788 3015 962 3087 magis
1007 3028 1108 3085 ego
1155 3013 1246 3084 qui
1299 3027 1394 3068 rex
1435 3015 1492 3067 ει
1541 3010 1794 3067 sacerdos
1844 3025 2006 3066 verus

405 3127 551 3178 sum,
576 3119 632 3166 et
658 3107 844 3178 templi
873 3105 1132 3162 Dominus
1158 3111 1214 3158 et
1233 3104 1464 3169 sabbati,
1505 3117 1611 3158 non
1663 3103 1863 3173 possim
1887 3103 2010 3158 abs-

405 3217 512 3274 que
552 3201 709 3271 culpa
747 3197 1040 3268 discipulos
1075 3209 1226 3252 meos
1265 3195 1512 3258 reddere,
1554 3209 1676 3249 cum
1705 3209 1804 3264 pro
1827 3191 2007 3249 homi-

407 3307 540 3348 num
567 3290 742 3346 salute
767 3304 872 3342 non
899 3287 1112 3342 licuerit
1141 3295 1266 3340 ante
1293 3285 1372 3340 eis
1397 3285 1578 3340 edere.
1623 3283 1683 3339 Si
1707 3293 1881 3337 autem
1904 3284 2006 3336 sci-

410 3383 538 3438 retis
563 3379 690 3452 quid
722 3387 818 3442 est,
849 3376 1266 3431 Misericordia»:
1290 3375 1409 3430 volo
1436 3384 1484 3429 et
1531 3391 1634 3428 non
1663 3374 2006 3442 sacriﬁcium,

413 3487 683 3546 nunquam
711 3468 1149 3525 condemnassetis
1179 3467 1494 3520 innocentes.
1536 3464 1724 3520 Melius
1751 3464 2012 3518 intellexit

409 3565 727 3623 Abimcleeb
755 3561 886 3618 illud
914 3561 1138 3615 verbum
1167 3573 1331 3630 quam
1359 3573 1456 3612 vos
1485 3576 1498 3612 :
1528 3559 1618 3628 qui
1642 3573 1748 3611 non
1779 3557 2013 3612 habebat

411 3657 715 3728 exemplum
735 3663 861 3710 ante
882 3653 1106 3717 factum,
1129 3661 1186 3706 et
1201 3659 1379 3705 tamen
1403 3663 1508 3704 non
1525 3648 1790 3704 dubitavit
1812 3647 2009 3711 facere,

412 3750 644 3806 ﬁrmiter
671 3748 849 3804 sciens
877 3742 1022 3816 quod
1049 3757 1169 3814 qua?
1196 3743 1250 3796 in
1281 3742 1486 3797 mundo
1523 3749 1648 3795 sunt
1690 3737 1857 3803 facta,
1909 3739 2012 3794 nisi

413 3843 482 3898 de
507 3839 784 3896 adoranda
797 3841 854 3894 ct
881 3835 1150 3893 laudando
1171 3834 1302 3898 Deo,
1324 3839 1545 3904 propter
1565 3833 1836 3888 hominem
1864 3843 2017 3887 orca-

415 3945 470 3993 ta
507 3945 563 3992 et
596 3943 864 4008 pnecepta
893 3940 1036 3988 sunt.
1069 3929 1216 3986 Talis
1245 3937 1330 3985 est
1349 3927 1716 3984 consideratio
1757 3926 2018 3980 aditibeu~

419 4029 488 4084 da
524 4027 580 4082 in
609 4026 864 4080 omnibus
895 4023 1215 4079 necessariis
1253 4023 1502 4076 humanae
1552 4017 1884 4088 fragilitatis,
1928 4018 2019 4070 snt

419 4119 478 4174 in
501 4115 722 4184 ieiuniis
751 4115 970 4170 indictis
1002 4116 1146 4169 circa
1172 4111 1438 4176 inﬁrmos,
1462 4111 1576 4166 sive
1598 4110 1652 4164 in
1677 4106 2020 4164 abstinentiis

421 4228 454 4267 a
477 4209 637 4274 cibis,
667 4208 793 4276 quia
819 4206 1000 4260 carnis
1027 4221 1157 4260 cura
1189 4206 1240 4260 in
1266 4202 1548 4258 desideriis
1601 4201 1718 4255 fieri
1769 4199 2022 4270 prohibe-

423 4313 540 4368 tur,
571 4313 678 4356 non
724 4299 778 4354 in
817 4297 1256 4352 necessitatibus.
1313 4295 1515 4349 Omnes
1559 4293 1856 4364 pricpositi,
1904 4293 2020 4362 epi-

424 4393 600 4464 scopi,
618 4392 839 4446 abhates
860 4393 949 4442 aut
975 4386 1190 4455 reliqui,
1217 4385 1424 4439 discere
1453 4384 1648 4438 debent
1673 4385 1830 4439 istum
1860 4385 2026 4438 versi-

423 4485 606 4544 culum
626 4480 874 4538 Domini:
901 4477 1322 4533 Misericordiam
1350 4475 1492 4541 volo,
1523 4484 1578 4530 et
1599 4475 1879 4530 scientiam
1903 4475 2020 4540 Dei,

2029 3253 2076 3315 Ο

2085 2020 2276 2092 juvar'e
2307 2026 2361 2073 et
2387 2017 2572 2079 nollet.
2615 2015 2876 2069 Dominus
2932 2021 3104 2064 autem
3155 2010 3230 2062 sic
3276 2005 3557 2076 respondit
3615 2003 3720 2056 eis.

2093 2114 2166 2171 Ut
2193 2113 2356 2168 etiam
2386 2119 2608 2182 propter
2639 2103 2926 2163 avaritiam
2967 2118 3156 2159 eorum
3195 2100 3521 2156 ostenderet
3567 2097 3725 2168 ipsos

2092 2205 2298 2262 violare
2325 2205 2632 2266 sabbatum,
2665 2183 2808 2268 'quod
2839 2191 2894 2251 iii
2915 2203 3038 2249 eum
3070 2187 3582 2264 reprehendebant,
3625 2185 3724 2254 qui

2096 2315 2196 2371 pro
2224 2293 2594 2352 misericordia
2622 2289 2826 2345 fac‘e'r'et
2853 2289 3028 2371 totum
3071 2283 3215 2356 quod
3243 2276 3478 2338 taceret.
3520 2274 3698 2371 Phari

2097 2389 2188 2448 snsi
2217 2387 2360 2444 enim
2389 2383 2535 2442 omni
2563 2373 2650 2439 die
2670 2381 2862 2438 inaniis
2893 2369 2960 2434 ad
2991 2387 3051 2434 'os
3072 2375 3438 2431 extendebant
3458 2361 3535 2427 sd
3562 2387 3724 2426 man-

2097 2481 2406 2541 ducandum
2435 2488 2490 2534 et
2511 2469 2830 2535 bibendum.
2860 2471 3034 2528 iiomo
3089 2471 3193 2526 iste
3235 2455 3571 2539 spiritalitér
3627 2481 3726 2535 ge-

2100 2592 2200 2632 nus
2227 2567 2524 2630 humanum
2547 2559 2813 2640 'd'efsignat,
2861 2565 2953 2635 qui
3000 2547 3291 2636 'p‘t-si'qua'm
3334 2553 3576 2640 manuni
3627 2571 3726 2610 ex-

2102 2661 2273 2722 tendit
2299 2661 2368 2720 ad
2391 2657 2572 2736 cibum
2591 2639 2839 2726 i'etiiu'm,
2881 2655 3297 2713 condemnatum
3335 2639 3540 2708 habuit
3591 2649 3725 2706 bra-

2103 2752 2508 2822 ciiidm,douec
2549 2745 2700 2807 vehit
2752 2740 3118 2806 Christust'et
3147 2743 3398 2802 extendit
3453 2743 3510 2798 in
3557 2755 3727 2796 cruce

2105 2847 2482 2906 imtua‘culatas
2507 2847 2700 2902 manus
2729 2847 2829 2916 'pro
2881 2843 3132 2898 manibus
3174 2839 3598 2895 incontinenter
3633 2852 3729 2891 ex-

2106 2939 2301 3005 tensis,
2345 2947 2402 2993 et
2445 2938 2524 2993 sic
2568 2943 2755 3007 postea
2820 2933 2989 3006 'g'enus
3052 2924 3349 3007 iidiiian'uin
3431 2927 3630 2984 docuit
3676 2933 3732 2981 et

2109 3001 2358 3103 exemplo
2402 3027 2544 3084 illius
2568 3001 2642 3082 ad
2690 3001 3091 3097 eleemosyiiai'u
3138 3009 3194 3078 ἓὶ
3233 3001 3304 3076 ad
3351 3019 3505 3076 bona
3561 3033 3728 3089 opera

2111 3142 2304 3182 manus
2333 3121 2643 3180 extendere.

2652 3191 2880 3268 canor
2918 3185 3154 3262 xxxui.

2109 3311 2188 3368 De
2213 3309 2294 3364 ira
2319 3289 2714 3362 Pharisa’orum
2729 3297 2852 3373 erga
2871 3296 3171 3366 Dominum,
3187 3294 3234 3349 et
3248 3291 3532 3366 prophetia
3549 3287 3730 3346 Isaia.

2181 3401 2445 3458 Exeuntes
2481 3407 2656 3451 autem
2708 3381 2969 3447 Ῑηιανίδίιιὶ
3005 3382 3287 3458 consilium
3335 3385 3585 3455 fecerunt
3637 3380 3731 3432 ad-

2111 3491 2286 3550 versus
2336 3487 2454 3544 euin
2496 3483 2758 3559 quomodo
2783 3479 3058 3554 perderent
3099 3475 3237 3531 cuni.
3271 3455 3438 3531 Unde
3470 3460 3727 3526 meliores

2114 3585 2416 3641 debuerunt
2444 3555 2582 3644 lic-ri,
2600 3577 2724 3632 inde
2753 3573 3049 3630 deteriores
3075 3565 3249 3625 effecti
3278 3557 3432 3622 sntit.
3459 3559 3569 3636 ιι)ὲί
3587 3555 3726 3620 cnim

2066 3697 2074 3704 '
2115 3677 2321 3735 counties
2361 3679 2414 3730 in
2445 3674 2533 3728 die
2565 3670 2758 3727 manus
2786 3649 3146 3723 cxtendebant
3175 3655 3241 3716 ad
3269 3667 3334 3715 os
3355 3653 3541 3721 suum,
3578 3651 3634 3711 ei
3659 3653 3731 3710 iit-

2114 3767 2258 3826 vidia
2283 3766 2610 3828 stimulante,
2627 3779 2724 3834 pro
2741 3778 2842 3816 una
2859 3750 3220 3815 extendebant
3243 3745 3549 3832 [eiténsa]
3582 3745 3728 3802 iniit-

2115 3861 2188 3917 ιιιῑ
2236 3852 2494 3920 hominis,
2552 3851 2739 3909 necem
2783 3847 3054 3920 Saivatqri
3121 3831 3610 3901 machinabantur.
3635 3831 3728 3892 Hic

2117 3947 2294 4006 auteiii
2351 3947 2540 4011 Sciens,
2571 3941 2779 3998 recessit
2829 3938 2970 3995 inde.
2996 3918 3241 3992 Recessii
3293 3929 3355 3986 iit
3399 3928 3727 3998 b'di'no,quia

2119 4035 2363 4098 nuiitlum
2395 4029 2617 4093 venerat
2635 4032 2769 4090 liora
2791 4048 2896 4104 qua
2922 4027 3061 4087 mori
3093 4022 3270 4086 vellet,
3293 4039 3395 4078 nec
3423 4031 3551 4078 erat
3576 4021 3721 4075 locus

2033 4172 2048 4186 .
2121 4128 2274 4189 eiiira
2301 4126 2638 4186 Hierusalem
2667 4125 2757 4182 ubi
2785 4124 2894 4195 pati
2921 4115 3232 4177 deberel.Et
3257 4116 3423 4171 secuti
3445 4123 3574 4167 sunt
3595 4129 3727 4177 eam,

2122 4217 2168 4280 et
2193 4223 2392 4277 curavit
2417 4238 2503 4275 eos
2533 4235 2728 4273 omnes.
2754 4209 2854 4282 Qui
2887 4213 2972 4285 pia
3006 4211 3108 4266 ille
3129 4208 3382 4281 quaerunt
3412 4201 3727 4270 Doininnm,

2125 4309 2405 4372 inveniunt
2426 4328 2548 4367 eum
2571 4307 2749 4380 :quia,
2767 4305 2925 4378 juxta
2953 4295 3500 4372 Psairiiistain,prepe
3527 4307 3603 4352 est
3627 4293 3729 4348 Do—

2126 4401 2296 4461 minus
2325 4402 2561 4458 omnibus
2593 4397 2950 4456 inchoantibus
2971 4413 3086 4452 eum
3108 4389 3162 4448 in
3195 4387 3429 4448 veritate.

2198 4496 2266 4550 Et
2300 4493 2502 4548 curavit
2529 4509 2617 4547 eos
2648 4507 2848 4556 omnes,
2865 4491 3056 4552 bonos,
3081 4470 3146 4540 ab
3169 4477 3596 4538 inﬁrmitatibus
3617 4480 3729 4534 ani-

422 4581 553 4672 P19?
591 4578 751 4672 'iui‘lm
779 4573 1176 4672 hoi‘fcaiisﬂ'm'
1201 4569 1456 4672 D‘omim‘s
1483 4575 1558 4672 έδξ
1585 4567 1886 4672 εξίίητ-Μίαδ
1930 4567 2022 4624 λθ·
2047 4595 2102 4672 η
2126 4605 2229 4645 mre
2256 4595 2311 4643 et
2338 4585 2600 4656 corporis.
2617 4581 2688 4667 'Et
2732 4572 2974 4654 prtecepit
3004 4582 3179 4644 eis,ne
3211 4575 3565 4646 manifestam
3597 4574 3731 4643 [ace-

421 4670 581 4727 minis
603 4669 762 4722 etiam
791 4664 1014 4720 sabbati.
1046 4662 1392 4734 Hyperbaton
1425 4669 1510 4716 est
1537 4661 1590 4716 in
1613 4661 1717 4716 hoc
1733 4661 1870 4725 loco,
1900 4677 2023 4716 vcr-

420 4763 616 4819 borum
643 4758 778 4813 crdo
807 4756 1074 4810 turbatus.
1109 4753 1206 4807 Est
1253 4758 1431 4805 autem
1473 4752 1608 4806 ordo
1656 4751 1803 4810 talis.
1849 4748 2022 4804 Filius

422 4852 650 4910 hominis
679 4859 754 4906 est
787 4849 1042 4904 Dominus
1065 4847 1221 4902 etiam
1257 4843 1481 4908 sabbati,
1513 4843 1638 4912 quia
1675 4849 1890 4897 creator
1909 4855 2028 4896 ont-

422 4946 578 5004 nium
605 4947 726 4998 erat
749 4941 841 5011 qui
865 4953 989 4996 cum
1031 4939 1111 4993 eis
1147 4937 1470 5008 loquebatur
1498 4941 1552 4990 et
1577 4943 1879 5006 praeceptor
1903 4937 2026 4991 sab-

422 5036 562 5094 bati.
601 5031 824 5107 Mystice
852 5030 1102 5101 discipuli
1145 5031 1241 5101 per
1291 5033 1409 5083 sata
1458 5036 1759 5092 transeunt,
1796 5029 2024 5098 apostoli

425 5131 512 5186 vel
542 5131 795 5185 doctores
817 5142 940 5182 cum
971 5124 1318 5180 cbnsiderant
1350 5120 1622 5192 quomodo
1667 5132 2024 5189 unumquem-

431 5237 537 5294 que
573 5221 782 5294 possint
806 5221 872 5276 ad
897 5210 1122 5274 salutent
1153 5214 1512 5288 [adducere],
1535 5221 1590 5270 et
1632 5212 1778 5268 illam
1827 5211 2024 5268 famem

431 5315 714 5386 patiuntur
729 5309 885 5380 juxta
913 5307 1216 5378 exemplum
1244 5307 1455 5360 Domini
1494 5305 1585 5375 qui
1615 5304 1746 5360 dixit
1777 5321 1789 5359 :
1819 5303 1932 5375 Ego
1956 5304 2029 5359 ci-

437 5403 557 5458 bum
584 5397 746 5458 habeo
797 5401 1139 5464 nianducare,
1165 5405 1210 5452 rt
1242 5413 1386 5451 meus
1433 5396 1579 5452 cibus
1623 5404 1700 5452 est
1738 5407 1794 5451 ut
1834 5386 2029 5468 faciam

2122 4690 2256 4738 rent.
2276 4675 2585 4734 Secundum
2611 4663 2894 4730 historiam
2921 4671 3046 4726 fecit
3069 4670 3208 4724 sicut
3235 4667 3425 4731 homo,
3442 4663 3732 4720 Occidui-it

2123 4790 2181 4830 se
2209 4773 2275 4828 ab
2308 4770 2391 4826 bis
2418 4768 2508 4839 qui
2547 4767 2686 4822 male
2713 4750 3030 4838 quaerebant
3065 4770 3126 4816 ut
3159 4775 3281 4815 eum
3311 4757 3634 4828 perderent.
3670 4752 3731 4807 l't

2123 4843 2500 4936 adimpieretur
2538 4860 2677 4932 quod
2714 4845 2911 4914 dictum
2953 4867 3026 4912 est
3065 4872 3158 4928 per
3196 4852 3401 4908 Isaiam
3433 4845 3728 4922 praphetam

2125 4944 2576 5024 dicentemduod
2603 4953 2752 5019 dicit,
2799 4963 2854 5008 ut
2904 4947 3226 5022 impleretur,
3250 4944 3327 5006 ad
3360 4945 3471 4999 hoc
3525 4939 3730 5011 respicit

2126 5054 2270 5125 quod
2305 5049 2453 5116 diuit,
2489 5059 2536 5103 et
2561 5047 2759 5104 curavit
2792 5063 2878 5100 eos
2903 5061 3098 5106 omnes,
3116 5033 3240 5114 quia
3281 5038 3388 5092 hoc
3415 5033 3596 5090 fuerat
3625 5049 3731 5104 pro-

2125 5137 2406 5218 phetatum
2433 5149 2489 5218 et
2528 5155 2624 5211 per
2657 5137 2844 5218 Isaiam
2869 5144 2923 5191 et
2950 5151 3046 5206 per
3084 5127 3402 5199 alios,quod
3433 5127 3550 5196 ipse
3581 5140 3729 5178 cura-

2127 5245 2285 5291 turus
2313 5215 2458 5289 essei
2477 5213 2818 5286 iniirmitaics
2842 5227 3146 5280 animarum
3182 5229 3239 5276 et
3266 5233 3584 5288 corporum.
3611 5211 3731 5268 Em.

2129 5343 2260 5396 puer
2283 5341 2448 5378 meus.
2477 5323 2554 5377 Ex
2585 5335 2814 5392 persona
2841 5315 2933 5372 Dei
2963 5311 3144 5370 Patris
3171 5313 3271 5368 hoc
3297 5309 3429 5366 dicit
3454 5304 3727 5379 propheta.

2133 5415 2293 5469 Pueri
2322 5422 2556 5482 quatuor
2572 5403 2747 5464 modis
2777 5407 3050 5462 dicuntur.
3091 5401 3231 5458 Puer
3255 5398 3322 5456 aii
3351 5399 3518 5454 {etate
3545 5399 3600 5454 et
3621 5412 3730 5467 pro-

436 5493 754 5552 uoiuntatem
796 5490 976 5548 Patris
1004 5491 1122 5548 mei.
1161 5491 1294 5546 Cum
1343 5499 1524 5544 autem
1572 5493 1854 5546 transeunt
1879 5531 1892 5550 ,
1924 5489 2007 5543 vel

2136 5495 2258 5575 pter
2283 5503 2586 5566 infantiam,
2612 5499 2746 5572 puer
2773 5505 2978 5568 septem
3019 5489 3459 5561 annorum,p'ner
3481 5505 3585 5558 pro
3611 5487 3728 5540 obe-

437 5587 562 5644 lunt
609 5587 806 5655 spicas,
833 5587 959 5656 quia
989 5583 1192 5639 vellunt
1218 5598 1314 5638 eos
1341 5601 1372 5637 a
1403 5585 1635 5639 terrenis
1663 5581 2037 5641 delectationi-

438 5679 544 5738 bus
572 5677 624 5733 in
647 5675 842 5746 quibus
871 5677 1069 5731 conﬁxi
1103 5683 1278 5731 erant.
1317 5675 1540 5731 Fricare
1591 5689 1720 5731 vero
1763 5678 2036 5744 manibus,

442 5779 531 5828 est
575 5784 672 5840 per
713 5767 956 5837 exempla
984 5773 1294 5824 sanctarum
1347 5767 1755 5840 Scripturarum
1781 5789 1809 5825 a
1839 5787 2038 5829 concu-

369 5863 374 5867 ’
443 5861 712 5936 piscentia
736 5859 918 5918 carnis
939 5862 1094 5933 quasi
1124 5878 1154 5917 a
1177 5858 1425 5917 folliculis
1447 5873 1665 5918 exuere.
1698 5861 1880 5920 Grana
1908 5881 2039 5922 vero

2141 5574 2364 5662 tiientia,
2379 5605 2458 5661 ut,
2481 5598 2628 5667 pueri
2651 5591 2840 5656 David;
2857 5606 2992 5661 puer
3007 5605 3104 5660 pro
3120 5586 3455 5648 stuititia,ul,
3468 5574 3613 5636 Puer
3633 5595 3731 5632 cen-

2143 5701 2253 5744 tum
2305 5687 2562 5743 annoium
2614 5681 2890 5743 morietur;
2908 5696 3044 5752 puer
3082 5696 3179 5750 per
3228 5668 3604 5730 innocentiam
3633 5666 3728 5730 iiic,

2143 5779 2279 5834 Ecce
2311 5794 2440 5850 puer
2478 5793 2644 5830 meus.
2675 5759 2816 5828 i’uer
2843 5772 2988 5826 enim
3033 5786 3062 5824 a
3089 5765 3328 5850 puritate
3359 5763 3586 5824 dicitur.
3619 5757 3727 5832 quia

2143 5869 2258 5937 ipse
2271 5837 2436 5934 pinus
2450 5865 2550 5920 fuit
2561 5881 2591 5918 a
2605 5865 2848 5932 peccato.
2865 5859 3031 5928 Quem
3043 5837 3194 5930 elegi.
3213 5837 3296 5914 Ad
3313 5851 3727 5931 redemptionem

3306 6417 3394 6426 —-_
3440 6415 3526 6428 --.
3570 6407 3862 6426 -ι““-“-Ἣ*-
