3988 6478
331 420 341 433 Ι

331 420 341 433 Ι

294 419 477 509 ,ψ

294 492 379 509 ι¹“

290 502 295 511 ι

334 602 747 707 ιιιιξέὸιιῇιιιεηή
770 638 883 697 quo,
903 620 1218 693 complacuit
1248 623 1439 677 animm
1484 620 1775 693 mem,quia
1808 620 1923 691 ipse

331 696 497 777 faciet
514 696 842 791 voluntatem
871 730 1049 772 meam
1078 712 1641 788 irreprehensihfliter.
1660 714 1782 768 llaec
1806 726 1923 769 om-

333 810 425 867 nia
453 808 747 866 secundum
775 807 1167 863 humanitatem
1203 802 1517 877 accipierida
1547 815 1673 862 sunt
1693 820 1797 877 qua
1828 802 1925 859 ho-

333 916 424 959 mo
447 902 565 958 ﬁeri
588 901 841 973 dignatus
869 904 971 955 est.
988 896 1254 955 Caeterum
1282 898 1335 953 in
1366 888 1649 954 divinitate
1675 900 1815 952 unus
1841 904 1925 951 est

333 993 482 1050 Deus
517 1004 640 1048 cum
670 994 789 1063 ipso
810 988 1047 1062 qtii‘liatc
1077 982 1314 1062 loquitur
1340 992 1392 1045 in
1417 990 1694 1061 propheta.
1719 987 1925 1045 Ponam

332 1086 573 1160 spiritum
601 1100 771 1140 meum
815 1082 972 1156 super
998 1080 1136 1140 eum.
1161 1084 1275 1140 Non
1325 1085 1390 1139 ad
1428 1082 1928 1148 'mensuram,sicut

334 1166 551 1237 sanctos
608 1192 777 1242 meos,
808 1176 903 1231 sed
934 1180 1194 1249 quantum
1243 1168 1436 1246 corpus
1493 1192 1685 1247 capere
1730 1162 1922 1246 potuit.

332 1270 603 1325 Iudicium
626 1268 863 1342 gentibus
895 1272 1175 1326 nuntiabit.
1205 1270 1321 1340 Quo
1346 1268 1623 1341 judicandi
1659 1256 1783 1326 sunt
1828 1260 1925 1326 bo-

308 1370 390 1445 rnl
419 1348 620 1424 et'maii
648 1367 1237 1433 etdis’cetnendi,sicut
1282 1366 1394 1438 ipSe
1435 1372 1621 1438 postea
1658 1350 1925 1422 facturum

332 1476 392 1516 se
413 1475 534 1516 esse
564 1450 799 1515 testatur
823 1459 1010 1514 dicens
1032 1458 1197 1514 :Cum
1224 1456 1425 1514 sederit
1450 1458 1589 1514 filius
1614 1448 1845 1513 hominis
1870 1457 1926 1514 in

333 1550 461 1605 sede
475 1551 775 1621 majestatis
797 1566 927 1615 suas,
956 1542 1059 1606 etc.
1090 1550 1213 1605 Nan
1238 1551 1706 1616 contendet,ueque
1732 1544 1927 1604 clama-

333 1640 423 1695 bit.
442 1640 555 1695 Non
574 1641 860 1697 contendet
874 1644 996 1696 cum
1024 1641 1225 1711 aliquo,
1239 1641 1361 1712 quia
1383 1636 1568 1712 pacem
1586 1632 1928 1709 portabitore

332 1738 390 1786 et
432 1718 614 1803 opere.
661 1731 845 1803 Neque
871 1732 1136 1786 clainabit.
1172 1732 1389 1787 Clamor
1440 1731 1528 1787 hic
1575 1730 1640 1786 ad
1685 1722 1928 1787 contem—

352 419 477 509 nos
1146 470 1151 493 ε
1192 480 1199 507 ,
1482 400 2475 497 mosmoumrrusnm
2608 470 2609 473 γ

332 530 533 617 mundi,
573 528 869 617 lacunari.
893 526 1131 586 Dilectus
1179 534 1345 586 meus.
1368 528 1489 588 Prae
1540 531 1751 587 caeteris
1785 528 1927 603 sicut
1951 529 2005 591 Α
2028 534 2207 590 ceret;
2239 527 2333 583 sed
2362 525 2498 598 quia
2551 534 2738 600 aperte
2784 526 3015 588 virtutes
3062 528 3288 601 ﬂebant,
3333 542 3388 591 et
3414 553 3614 609 negare

3478 425 3615 500 isse

2025 634 2129 676 non
2154 627 2424 691 poterant,
2456 620 2512 676 in
2549 618 2745 676 malam
2784 634 2993 692 partem
3025 636 3343 683 convertere
3371 625 3617 687 niteban-

2024 718 2131 777 tur,
2160 700 2434 795 quasiper
2465 712 2863 768 incantationes
2882 756 2898 781 ,
2930 714 3073 771 sicut
3099 702 3239 790 magi
3269 718 3323 774 in
3354 706 3615 799 ᾼΞςγρὶο,

2023 800 2229 859 faceret
2281 805 2527 861 virtutes.
2578 803 2685 861 Sed
2729 802 2804 859 illi
2837 804 3042 875 majora
3086 795 3237 881 signa
3283 795 3466 867 facere
3507 828 3617 869 non

2022 905 2290 969 poterant,
2333 899 2427 955 sed
2455 906 2676 969 propter
2702 908 2988 970 peccatum
3014 900 3314 959 Pharaonis
3342 898 3613 975 permissa

2025 999 2149 1049 sunt
2178 993 2257 1048 eis
2286 991 2469 1062 aliqua
2502 991 2701 1049 facere.
2746 988 2850 1049 Hic
2888 1002 2993 1052 non
3033 995 3177 1066 ejicit
3215 996 3477 1054 dcemones‘
3513 999 3617 1053 nisi

2026 1083 2080 1137 in
2108 1080 2400 1138 Beelzebub
2433 1082 2667 1154 principe
2692 1080 3092 1140 daemoniorum.
3126 1084 3447 1153 Beelzebub,
3479 1088 3621 1144 sicut

2026 1174 2197 1240 scitis,
2229 1174 2329 1228 fuit
2351 1173 2550 1228 idolum
2570 1166 2839 1242 Accaro'n,
2867 1174 2958 1247 qui
2981 1177 3369 1248 interpretatur
3395 1180 3475 1233 vir
3495 1180 3615 1233 inu-

2026 1278 2254 1322 scarum.
2294 1266 2477 1321 Zebub
2517 1267 2661 1321 enim
2696 1264 2880 1323 niitsca
2915 1269 3131 1326 dicitur.
3163 1269 3336 1326 Judaei
3368 1271 3514 1327 enim
3539 1273 3612 1328 O'b

2027 1362 2214 1418 sordes
2242 1359 2567 1417 immolatitii
2604 1356 2834 1430 cruoris,
2870 1379 2965 1421 seu
2992 1380 3090 1435 pro
3115 1362 3479 1429 immunditia,
3508 1362 3613 1421 iioc

2027 1452 2247 1507 nomine
2271 1451 2518 1507 Accaron
2534 1450 2824 1518 vocabant,
2848 1460 2903 1509 et
2930 1453 3103 1524 ipsum
3136 1453 3296 1508 etiam
3323 1454 3622 1525 principem

2029 1534 2442 1598 daemoniorum.
2488 1542 2556 1598 Et
2586 1542 2728 1599 sicut
2766 1542 2956 1600 iieat'us
3006 1542 3149 1600 Beda
3196 1544 3347 1611 dicit,
3381 1552 3489 1602 non
3528 1542 3623 1602 de—

2028 1633 2218 1690 bemus
2246 1634 2302 1689 in
2329 1634 2436 1691 ﬁne
2458 1636 2694 1691 nominis
2716 1635 2877 1692 aliam
2906 1637 3143 1693 litteram
3166 1637 3345 1709 legere
3375 1650 3538 1709 quam
3572 1638 3619 1693 b.

2062 1724 2380 1780 -D;em0nes
2414 1732 2593 1780 autem
2645 1726 2775 1781 dicti
2817 1725 3025 1793 Graece,
3073 1727 3231 1799 quasi
3277 1728 3516 1793 damnas,
3572 1727 3625 1782 id

333 1826 570 1899 ptionem
621 1824 875 1896 pertinet.
894 1820 1155 1896 Sequitur
1209 1825 1385 1880 enim:
1418 1823 1601 1897 Neque
1630 1823 1823 1896 aliquis
1871 1827 1927 1879 in
1958 1876 1999 1899 μ
2029 1821 2112 1869 est
2138 1816 2311 1885 periti.
2354 1815 2501 1872 Inest
2527 1817 2674 1872 enim
2697 1816 2802 1873 illis
2832 1817 3070 1889 cognitio
3096 1833 3280 1873 rerum
3311 1818 3430 1889 plus
3461 1835 3623 1889 quam

332 1876 518 1991 pluteis
540 1876 737 1971 aitdiet.
756 1916 867 1971 iloc
895 1876 1056 1972 estlin
1086 1917 1193 1972 lata
1223 1917 1310 1971 via
1346 1920 1466 1987 ‘qum
1501 1876 1648 1971 ducit
1676 1876 1742 1971 ad
1785 1932 1929 1971 mor-
1957 1876 2005 1951 Β
2034 1911 2364 1978 hominibus,
2404 1912 2604 1982 partim
2636 1911 2933 1967 subtilioris
2963 1926 3158 1968 sensus
3188 1913 3470 1978 acumine,
3502 1929 3627 1984 par-

334 2018 442 2063 tem
474 2009 526 2063 in
559 2023 664 2077 qua
702 2008 855 2062 multi
886 2006 1257 2075 inveniuntur,
1289 2010 1414 2079 quia
1446 2025 1553 2063 non
1584 2009 1810 2064 audiunt
1834 2018 1930 2065 Vo-
2033 2004 2131 2059 tiln
2161 2006 2493 2074 experientia
2527 2004 2699 2077 longae
2728 2004 2877 2071 vita},
2909 2005 3034 2075 quia
3068 2004 3244 2074 angeli
3273 2005 3400 2060 boni
3436 2005 3628 2072 creati,

335 2116 452 2156 cem
500 2098 1121 2156 Salvatnris.Calamum
1176 2110 1482 2173 quassatum
1530 2116 1632 2156 non
1680 2102 1925 2159 conteret.

333 2190 897 2261 Calamus'quassatus
921 2200 1003 2246 est
1023 2201 1275 2262 peccator
1291 2190 1479 2261 jacens
1500 2193 1602 2247 sub
1622 2192 1785 2248 onere
1799 2209 1928 2266 pce-

333 2291 601 2348 catorum,
618 2283 883 2338 contritus
908 2298 937 2337 a
965 2283 1180 2338 diabolo
1208 2292 1265 2337 ut
1288 2292 1394 2339 non
1416 2286 1587 2355 possit
1612 2285 1819 2355 erigere
1843 2302 1933 2340 ca-

332 2384 461 2444 put;
490 2388 651 2443 quem
694 2374 955 2429 Dominus
993 2389 1099 2428 non
1144 2374 1317 2428 solum
1368 2368 1474 2429 no'n
1539 2366 1812 2441 centrivit,
1838 2376 1931 2432 sed

332 2466 496 2520 etiam
522 2475 741 2520 manum
764 2465 949 2522 auxilii
967 2466 1048 2522 sui
1072 2467 1333 2537 porrexit,
1346 2466 1529 2523 dicens
1546 2483 1558 2521 :
1577 2466 1813 2537 Con/ide,
1828 2466 1930 2538 ﬁli,

334 2560 674 2613 remittuntur
698 2559 793 2612 tibi
813 2569 1027 2630 peccata
1056 2569 1166 2613 tua.

410 2647 476 2701 Et
507 2648 671 2702 linum
706 2649 973 2719 fumigans
1011 2665 1115 2703 non
1142 2650 1450 2720 exstinguet.
1480 2649 1745 2721 Allegoria
1768 2646 1849 2705 est
1878 2660 1933 2706 et

333 2739 392 2798 in‘
424 2741 630 2797 calamo
657 2750 713 2798 et
742 2744 796 2797 in
823 2742 953 2798 liud.
971 2743 1074 2798 Per
1114 2744 1279 2799 linum
1306 2752 1504 2814 corpus
1554 2746 1808 2810 hominis,
1839 2752 1935 2816 per

334 2830 543 2888 fumum
596 2835 819 2904 parvula
868 2837 1055 2890 notitia
1088 2835 1233 2891 ﬁdei.
1260 2830 1453 2891 izinum
1508 2836 1777 2908 fhmigaus
1827 2852 1933 2891 non

334 2924 617 2991 exsduxit,
643 2926 739 2982 sed
771 2936 827 2982 et
859 2927 1099 2998 perfecte
1125 2928 1378 2995 erudivit;
1403 2928 1621 2985 dicens:
1649 2928 1726 2984 Tu
1768 2926 1935 2984 credis

336 3016 393 3069 in
421 3014 619 3071 Filium
657 3017 797 3073 Dei?
822 3019 893 3073 Et
920 3020 1009 3074 ille
1032 3020 1191 3087 dixit,
1218 3019 1348 3087 Quis
1381 3028 1476 3087 est;
1536 3028 1594 3075 ut
1635 3021 1843 3074 credam
1880 3021 1936 3075 in

334 3118 453 3162 eum
476 3110 503 3162 Ρ
533 3108 601 3164 Ει
626 3112 703 3165 ait
734 3128 747 3165 ε
780 3109 849 3165 Et
878 3110 1054 3166 vidisti
1096 3128 1237 3177 eum;
1293 3118 1343 3165 et
1368 3112 1457 3182 qui
1501 3110 1732 3183 loquitur
1768 3111 1936 3164 tecum

334 3203 451 3274 ipse
476 3213 571 3259 est.
595 3204 666 3258 Et
688 3205 963 3275 prouidens
993 3205 1231 3267 adoravit
1256 3216 1396 3258 eum.

2030 2110 2129 2168 per
2158 2096 2467 2166 superbiam
2504 2096 2632 2151 mali
2662 2096 2836 2152 effecti
2869 2104 3011 2152 sunt.
3040 2097 3199 2153 Iesus
3238 2098 3432 2163 autem,
3462 2098 3628 2152 sciens

2034 2190 2372 2259 cogitationes
2394 2206 2596 2254 eorum,
2623 2189 2754 2244 dixit
2776 2186 3007 2259 eis.:Non
3024 2189 3129 2260 ipsi
3150 2186 3332 2245 verbis
3353 2188 3630 2252 dixerunt,

2034 2282 2129 2336 sed
2150 2282 2205 2335 in
2241 2282 2495 2337 cordibus
2519 2276 2651 2348 suis,
2687 2280 2753 2337 ad
2786 2274 3145 2354 cogitationes
3177 2284 3367 2339 eorum”
3400 2280 3627 2352 respon-

2034 2368 2114 2427 dit
2153 2379 2214 2427 ut
2255 2372 2334 2429 sic
2388 2373 2840 2444 compellerentur
2894 2376 3146 2440 Credere,
3211 2368 3478 2442 scientes,
3538 2389 3626 2430 se-

2034 2464 2271 2520 cundum
2298 2465 2503 2521 dictum
2540 2458 2877 2534 Salomonis,
2920 2460 3129 2523 nullum
3166 2467 3334 2523 alium
3371 2467 3513 2523 scire
3539 2482 3631 2523 co-

2036 2559 2326 2632 gitationes
2340 2558 2641 2627 hominum,
2665 2560 2770 2616 nisi
2799 2562 2974 2616 solum
2996 2554 3190 2617 Deum.
3221 2560 3388 2619 Omne
3416 2578 3630 2634 regnum

2035 2651 2090 2705 in
2124 2652 2349 2723 seipsum
2388 2651 2615 2707 divisum
2658 2646 3001 2719 desoldbitur,
3046 2660 3095 2707 et
3127 2654 3297 2708 omnis
3330 2653 3512 2708 civitas
3548 2649 3633 2707 uel

2037 2744 2225 2800 domus
2264 2745 2439 2800 divisa
2481 2753 2665 2800 contra
2697 2754 2751 2799 se
2778 2744 2882 2799 non
2935 2744 3113 2799 stabit.
3156 2743 3310 2800 Sicut
3339 2742 3562 2816 regnum
3586 2743 3632 2819 si

2037 2836 2181 2891 intra
2213 2849 2276 2891 se
2317 2832 2550 2893 divisum
2592 2835 2784 2902 fuerit,
2831 2836 2940 2891 'cito
2982 2835 3282 2891 d'estruitur
3312 2841 3368 2892 et
3399 2832 3630 2906 deperit,

2038 2925 2117 2982 sic
2143 2927 2308 2981 etiam
2333 2926 2561 2999 regnum
2587 2927 2805 2992 diaboli,
2846 2926 2890 2981 si
2931 2925 3163 2981 divisum
3193 2932 3309 2991 est,
3346 2927 3457 2980 cito
3485 2923 3631 2981 deci-

2034 3015 2149 3097 det,
2167 3018 2293 3087 quia
2318 3016 2589 3074 discordia
2611 3016 2780 3072 multa
2806 3030 2972 3089 regna
2988 3016 3181 3087 dejecit
3202 3021 3259 3071 et
3277 3014 3628 3071 annihilavit:

2039 3106 2330 3163 concordia
2374 3122 2504 3164 vero
2547 3108 2612 3163 de
2639 3109 2825 3177 parvis
2854 3110 3048 3179 magna
3089 3106 3218 3163 fecit
3257 3110 3312 3161 et
3349 3105 3630 3175 exultavit,

2042 3198 2179 3253 sicut
2216 3198 2393 3257 adhuc
2431 3200 2591 3256 hodie
2613 3198 2878 3256 videmus;
2921 3199 2965 3256 Ο
3004 3194 3196 3267 Judaei,
3225 3200 3377 3256 scitis
3403 3202 3627 3273 regnum

407 3295 584 3348 Donec
603 3273 777 3364 ejiciat
802 3293 871 3348 ad
886 3294 1153 3349 victoriam
1165 3294 1451 3365 judicium;
1478 3292 1629 3348 Sicut
1650 3292 1780 3348 fecit
1803 3298 1925 3347 cum
1953 3273 1999 3350 δ
2031 3273 2279 3346 divisum.
2306 3288 2525 3358 diaboli,
2561 3305 2730 3361 quare
2755 3305 2852 3347 vos
2898 3288 2952 3345 in
2983 3298 3149 3363 regno
3182 3289 3299 3360 ejus
3322 3290 3487 3347 vultis
3511 3306 3634 3347 esse

334 3385 465 3440 vicit
511 3384 782 3440 diabolum
827 3387 1157 3458 resurgendo
1187 3393 1241 3440 et
1263 3374 1621 3441 ascendendo.
1640 3384 1710 3439 Et
1751 3386 1807 3440 in
1834 3401 1927 3439 no-

334 3478 476 3532 mine
521 3478 636 3548 eius
678 3480 853 3550 gentes
895 3479 1195 3550 Sperabam.
1226 3478 1338 3533 Hoc
1371 3480 1492 3534 ilice
1520 3476 1719 3535 Clarius
1759 3486 1929 3550 patet,

338 3569 462 3638 quia
516 3579 577 3625 ut
613 3586 802 3627 omnes
850 3576 1017 3643 prope
1057 3572 1345 3626 crederent
1372 3570 1425 3625 in
1449 3572 1724 3636 eum,hmc
1764 3571 1931 3625 verba

338 3660 491 3716 lsaite
517 3662 631 3732 ipse
663 3662 792 3732 legit
820 3664 873 3717 id
900 3676 1171 3734 synagoga
1197 3660 1506 3718 Iudaeorum
1537 3666 1660 3718 enin
1696 3663 1932 3718 surrexit

340 3754 407 3807 ad
446 3753 816 3825 legendum,et
852 3753 1038 3810 fideles
1064 3763 1119 3809 et
1145 3754 1389 3810 infideles
1418 3754 1471 3809 in
1499 3750 1613 3823 ipsa
1663 3769 1932 3826 synagoga

338 3844 708 3912 cognoverunt
730 3842 874 3915 quod
896 3845 962 3899 de
990 3859 1055 3899 eo
1081 3843 1294 3899 fuerant
1322 3840 1421 3899 ista
1446 3845 1785 3915 prophetata.

876 3930 1103 4012 CAPU’l‘
1147 3930 1389 4012 xkxw.

587 4024 665 4081 De
696 4027 1024 4082 da’moniaco
1058 4038 1242 4082 curato
1273 4042 1410 4083 cwco
1431 4034 1481 4081 et
1503 4034 1668 4082 muto.

418 4117 565 4173 Tunc
601 4119 808 4175 oblatus
835 4129 912 4174 est
936 4131 1073 4175 unus
1112 4120 1429 4175 dwm0nium
1464 4121 1660 4176 habent
1680 4130 1729 4176 et
1765 4124 1932 4176 circus

2031 3380 2277 3438 faciendo
2304 3383 2639 3439 voluntatem
2661 3376 2817 3455 ejus?
2844 3383 2914 3439 Et
2940 3383 2986 3439 si
3009 3401 3100 3455 ego
3129 3385 3185 3438 in
3210 3380 3503 3438 Beelzebub
3533 3382 3604 3453 eji

2031 3478 2110 3532 cio
2146 3477 2429 3543 dwnzonid,
2470 3468 2567 3546 [itii
2594 3479 2750 3532 vestri
2797 3468 2849 3531 in
2898 3484 3001 3548 quo
3037 3477 3295 3546 ejiciunt?
3326 3464 3494 3532 Filios
3531 3473 3628 3530 Ju-

2033 3569 2278 3625 dzeorum
2313 3569 2521 3624 duobus
2558 3564 2733 3623 modis
2776 3572 3067 3638 possumus
3105 3564 3406 3637 intelligere
3445 3585 3458 3620 :
3500 3576 3629 3636 apo-

2033 3660 2221 3727 stolos,
2254 3661 2345 3730 qui
2369 3656 2660 3733 ejiciebant
2688 3660 2958 3715 daemones
2984 3650 3082 3730 per
3109 3662 3436 3730 peteslatem
3466 3675 3497 3713 a
3528 3656 3629 3715 Do-

2034 3752 2183 3807 mino
2212 3753 2316 3808 sibi
2355 3748 2559 3819 datam,
2610 3754 2751 3808 sicut
2802 3738 3031 3823 legiiiius
3076 3750 3129 3804 lit
3168 3751 3272 3806 hoc
3315 3748 3629 3821 Evangelio,

2038 3844 2161 3915 quia
2215 3834 2422 3900 reveisi
2462 3843 2690 3914 apostoli
2745 3843 2999 3899 dixerunt
3052 3828 3281 3898 Domino
3327 3861 3339 3896 :
3380 3840 3629 3909 Doinine,

2030 3933 2087 3992 “in
2130 3931 2337 3989 admitte
2368 3930 2456 3987 tuo
2496 3930 2655 3989 etiam
2698 3930 2959 3989 dmmotti‘d
3008 3934 3153 3988 nobis
3196 3922 3430 4001 subjecta
3468 3934 3641 3998 sunt;

2035 4023 2118 4081 Vel
2166 4024 2306 4082 ﬁlios
2336 4016 2645 4082 Iudaeorum
2690 4022 3026 4093 adiuratb’res
3075 4025 3254 4097 gentis
3294 4012 3438 4080 illius
3474 4020 3626 4079 dicit.

2036 4118 2307 4174 Docuerat
2340 4114 2485 4172 enim
2524 4117 2643 4173 illos
2684 4116 2939 4173 Salomon
2978 4112 3075 4173 rei
3122 4116 3382 4188 quasdam
3409 4104 3629 4187 adiura-

346 4221 395 4269 et
428 4210 636 4280 mutus,
668 4212 717 4269 et
748 4216 949 4270 curauit
978 4216 1097 4269 eunt
1123 4216 1197 4268 ita
1223 4202 1281 4268 ui
1312 4214 1611 4287 loqueretur
1637 4224 1686 4270 et
1714 4214 1929 4271 videret;
1960 4201 1967 4207 ’
2036 4212 2215 4268 tiones
2249 4212 2349 4283 per
2376 4218 2576 4267 nomen
2612 4205 2704 4267 Dei
2751 4219 2807 4268 et
2835 4218 2902 4267 eo
2926 4200 3088 4279 mtith
3119 4202 3409 4279 ejiciebaot
3436 4196 3636 4265 (nemo.

340 4302 585 4360 Audistis
619 4300 869 4376 superius
898 4296 966 4362 de
998 4305 1089 4361 illo
1115 4306 1207 4377 qut
1239 4313 1421 4362 mutus
1446 4301 1620 4362 fuerat
1653 4315 1709 4364 et
1738 4307 1933 4365 surdus
2035 4321 2151 4363 nes.
2196 4302 2310 4361 Hoc
2339 4303 2609 4376 JoSephus
2658 4300 2865 4370 narrat,
2911 4292 3055 4375 quod
3089 4318 3275 4360 coram
3301 4303 3635 4372 Vespasiano

342 4396 397 4449 et
418 4396 804 4463 dasmoniacus,
844 4398 987 4468 quod
1017 4403 1241 4454 curatus
1272 4398 1431 4454 fuerit
1466 4414 1498 4453 a
1526 4384 1670 4467 Ded;
1704 4396 1807 4457 iste
1833 4400 1936 4457 fuit
2037 4400 2142 4456 hoc
2169 4396 2416 4456 fecerint;
2454 4399 2511 4455 Si
2541 4392 2913 4471 eipulsio‘berti
2941 4388 2994 4455 lii
3023 4392 3148 4455 filiis
3179 4398 3378 4454 vestris
3399 4388 3510 4453 Deo
3541 4396 3637 4453 tri-

343 4500 537 4554 catcus,
578 4489 631 4543 in
663 4490 887 4561 reliquis
931 4491 1121 4546 similis
1172 4492 1267 4547 illi.
1308 4492 1435 4548 Tria
1475 4493 1749 4564 generalia
1778 4495 1929 4566 signa
2035 4490 2226 4558 buitis,
2254 4506 2424 4562 quare
2454 4488 2629 4563 ipsum
2656 4488 2857 4547 factum
2887 4478 2939 4545 in
2976 4492 3062 4545 ine
3091 4504 3199 4544 non
3233 4486 3481 4545 eamdcn'i
3520 4488 3635 4544 lau-

344 4581 399 4637 in
423 4581 527 4636 isto
557 4581 698 4637 facta
727 4591 852 4637 sunt
886 4599 899 4636 :
933 4597 964 4636 a
1000 4576 1266 4638 dwmoiiid
1310 4584 1572 4642 liberatus
1611 4597 1725 4653 est,
1753 4588 1929 4643 visum
1956 4632 2007 4653 δέ
2036 4584 2155 4637 dem
2188 4583 2387 4638 habet?
2415 4576 2483 4637 Et
2514 4582 2557 4637 si
2594 4572 2963 4652 expulsib'neiii
2993 4582 3295 4635 daemoniim
3326 4580 3437 4636 Deo
3467 4596 3627 4652 repu-

345 4679 401 4727 et
424 4672 690 4742 loquelam
715 4670 937 4742 recepit.
963 4670 1116 4727 Tunc
1135 4670 1211 4727 ita
1237 4673 1393 4744 juxta
1421 4632 1931 4732 historianiiactum
1956 4632 2010 4705 1)
2046 4674 2196 4739 tatis,
2220 4686 2510 4742 corporum
2536 4632 2796 4729 sanitrates‘
2819 4675 2905 4729 cui
2934 4667 3241 4742 deputatis?
3280 4668 3408 4727 Ideo
3425 4632 3657 4744 judices

345 4768 430 4816 est
480 4774 494 4814 :
544 4770 598 4815 et
644 4754 993 4831 spiritualiter
1048 4750 1217 4834 genus
1280 4752 1576 4821 humanum
1644 4756 1932 4839 Significat,
2046 4767 2202 4823 vestri
2231 4764 2332 4837 ipsi
2361 4760 2533 4821 erunt.
2577 4762 2633 4822 Si
2658 4768 2723 4822 ad
2746 4760 3137 4823 ex'o‘icistdruni
3170 4760 3635 4836 comparationem

345 4850 489 4924 quod
511 4864 713 4907 caecum
735 4860 852 4908 erat
874 4854 939 4908 de
959 4852 1129 4910 oculis
1155 4854 1525 4926 s‘p’iritualibus
1548 4854 1602 4913 et
1627 4862 1733 4913 non
1756 4856 1937 4930 loqne-
2044 4860 2192 4927 dicit,
2227 4876 2333 4916 non
2371 4858 2714 4932 potestatem,
2749 4863 2795 4916 si
2835 4862 2900 4916 ad
2934 4860 3206 4931 ap‘o‘stolos
3246 4860 3483 4931 refertis,
3506 4860 3635 4934 quia

346 4938 509 4999 batur
536 4956 656 5014 qua:
704 4945 800 5001 Dei
850 4954 1026 5012 erant,
1072 4947 1199 5015 quia
1234 4946 1505 5003 daemones
1534 4948 1684 5004 illiilli
1717 4950 1934 5006 obside-
2045 4946 2148 5024 ipsi
2195 4946 2458 5010 s’etlebunt
2499 4950 2663 5026 super
2689 4953 2847 5009 sedes
2885 4954 3190 5022 duodecim,
3228 4962 3284 5011 et
3316 4938 3637 5027 judicabiuii

345 5036 499 5093 bant.
554 5030 818 5129 Similiter
859 5045 985 5093 su‘nt
1025 5046 1212 5093 omnes
1247 5040 1480 5111 pagani,
1513 5049 1569 5096 et
1596 5038 1810 5112 duandd
1847 5058 1938 5099 ve-
2046 5042 2329 5101 duodecim
2371 5046 2544 5102 tribus
2575 5044 2760 5101 lsraei.
2793 5041 2853 5100 Si
2893 5040 3069 5101 autem
3105 5064 3197 5119 ego
3229 5049 3282 5100 in
3314 5044 3500 5116 spiritu
3524 5028 3635 5129 ﬂei

347 5131 507 5187 nium
541 5132 609 5187 ad
639 5122 1035 5199 credulitatem,
1066 5130 1407 5205 eXpeliuntur
1435 5134 1500 5188 de
1532 5130 1610 5189 eis
1647 5132 1930 5203 daemonia,
2038 5141 2192 5211 ejicio
2232 5141 2528 5205 dwmonia,
2561 5136 2722 5210 igitur
2764 5140 2995 5210 pervenit
3034 5140 3088 5193 in
3132 5157 3219 5194 vos
3256 5136 3469 5211 regnarit
3511 5122 3627 5194 Dei.

351 5222 670 5293 aperiuntur
713 5223 855 5278 oculi
901 5223 1081 5281 cordis
1121 5230 1309 5278 eorum
1330 5230 1388 5278 ut
1410 5227 1619 5295 possint
1657 5225 1827 5282 Deum
1855 5229 1933 5283 vi-
2036 5228 2281 5292 l'ronicus
2308 5236 2471 5292 estin
2505 5228 2605 5289 lioc
2640 5234 2759 5288 loco
2791 5240 2995 5305 tmpus,
3033 5226 3123 5305 qui
3163 5226 3259 5305 per
3290 5222 3625 5287 mmrariuui

351 5313 499 5381 dere,
533 5312 586 5368 id
616 5322 700 5370 est
730 5314 1029 5388 intelligere
1054 5324 1110 5371 et
1129 5315 1371 5383 laudare,
1398 5316 1542 5388 quod
1563 5322 1645 5374 est
1668 5312 1928 5389 loquelam

2038 5326 2377 5401 intelligitur,
2417 5322 2557 5381 sicut
2584 5333 2669 5381 est
2697 5322 2751 5380 in
2785 5325 2991 5397 psalmo
3024 5340 3037 5378 :
3071 5318 3128 5380 Si
3151 5324 3273 5380 intr;
3299 5326 3439 5377 ibunt
3471 5326 3523 5377 In
3554 5322 3631 5375 re;

351 5409 614 5479 recipere.
660 5407 730 5461 Et
766 5410 1039 5479 stupebant
1067 5408 1232 5466 tuibaz
1267 5420 1317 5466 et
1346 5410 1585 5467 dicebant
1621 5427 1640 5465 :
1684 5406 1938 5487 Nunquid
2041 5422 2215 5495 quiem
2253 5422 2443 5485 meum,
2491 5418 2594 5473 hoc
2624 5422 2726 5485 est,
2776 5420 2883 5474 no‘n
2931 5406 3251 5473 introibunt.
3287 5412 3547 5470 δξιιιηςιϊφ
3576 5419 3625 5469 tu

332 5508 426 5556 est
447 5500 591 5570 ﬁlius
613 5500 1036 5560 DavidiTurbte
1055 5502 1412 5571 mirabantur,
1439 5508 1493 5561 et
1514 5504 1763 5562 volebant
1790 5508 1935 5564 illum
2043 5512 2148 5567 hoc
2186 5498 2304 5565 loco
2336 5509 2459 5564 talis
2499 5510 2582 5565 est
2611 5516 2801 5563 s‘ensus
2834 5522 2848 5561 :
2879 5496 3015 5574 Quia
3057 5523 3187 5581 ergo
3233 5498 3286 5561 in
3319 5506 3487 5579 digito
3538 5504 3630 5558 De}

354 5593 535 5650 dicere
583 5591 651 5650 de
696 5595 952 5665 progenie
993 5595 1161 5651 David
1201 5614 1321 5655 esse
1372 5602 1427 5654 et
1475 5590 1541 5654 de
1590 5598 1939 5669 Bethlehem,
2043 5616 2144 5676 ego
2176 5599 2336 5672 ejicio
2378 5600 2664 5665 daemonia,
2692 5616 2792 5671 pro
2830 5590 2984 5675 céitd
3024 5594 3131 5655 non
3169 5602 3415 5671 pervenit
3448 5594 3500 5654 in
3540 5592 3634 5651 vos

353 5685 498 5742 unde
523 5683 765 5743 sciebant
796 5686 1074 5743 Christum
1111 5688 1304 5747 debere
1332 5693 1481 5748 nasci
1516 5707 1529 5745 :
1561 5693 1653 5748 sed
1680 5692 1939 5750 Pharisaai
2044 5708 2270 5764 regnum
2299 5687 2414 5750 Dei.
2445 5682 2580 5761 Quia
2613 5690 2894 5749 scientiam
2928 5684 3023 5749 Dei
3056 5690 3267 5751 habetis
3293 5710 3400 5767 qua
3431 5694 3633 5747 bonum

355 5779 818 5859 Contradicebant,
850 5780 1002 5851 quasi
1029 5796 1203 5851 neque
1241 5783 1307 5838 de
1337 5780 1505 5839 David
1535 5787 1807 5857 progenie,
1846 5780 1939 5841 ite-
2043 5780 2373 5859 c'o’gnoscere
2414 5784 2641 5859 potestis
2669 5788 2723 5843 et
2754 5805 2782 5843 a
2827 5782 2971 5844 malo
3018 5789 3348 5854 discernere,
3395 5786 3487 5841 sed
3537 5772 3635 5855 per

356 5874 464 5957 que
501 5875 568 5933 de
601 5856 914 5937 Bethlehetu
942 5880 1119 5949 δέεαι,
1148 5872 1325 5954 neque
1352 5878 1577 5940 virtiites
1608 5856 1677 5939 es
1705 5880 1817 5941 Deo
1854 5870 1936 5938 f‘a-
2040 5856 2302 5942 iuiidiatii
2329 5856 2703 5941 Contradicitis
2727 5862 2869 5942 liquo
2890 5876 3012 5941 ineo
3028 5876 3200 5957 operi,
3229 5880 3353 5938 ideo
3379 5893 3485 5935 non
3511 5886 3633 5955 phr-
