3988 6444
204 391 442 462 αδδιδι

1113 401 1250 450 ιξλζῖτβ
1275 407 1300 432 -’
1321 389 2351 452 ίῃῃοεωῐιειηίωωηωυιπε
2397 387 2494 438 17.!
2517 383 2780 438 ET/lilll’l

3325 386 3464 455 tari)
3479 389 3546 432 ί

201 505 750 586 Μανέθως-ΜΨ
773 525 827 570 2a.
836 509 1121 584 insignum
1133 510 1340 566 uidere.
1351 523 1368 548 ν’
1379 510 1544 565 Alius
1555 509 1785 578 assurge»

1894 507 2078 565 limi"
2098 507 2266 564 αδκεις
2277 507 2562 580 similest
2593 505 2787 566 terrain
2801 521 2830 576 ,2
2845 497 3292 580 summumsi
3331 512 3490 580 ηιιεναι-
3520 531 3526 542 ι
3548 521 3556 532 -

198 597 340 670 lista
357 599 612 669 apertius;
637 600 1001 670 dicit-qualia.
1015 601 1783 673 signasposmlareutwvidelis
1827 631 1830 636 -

197 700 328 756 cet,
354 691 437 752 vel
457 692 747 762 iuniorem
779 693 910 750 Elite
931 693 1110 764 ignem
1129 695 1206 748 de.
1227 693 1445 749 sublimi
1467 693 1780 748 venue-cu-

194 781 478 862 piebanty
502 792 560 840 ut
605 783 820 853 aliquos
859 785 1202 850 incenderet,
1260 785 1406 842 sicut-
1445 783 1821 854 fecit‘Elias,'-.

195 873 419 944 quando
441 873 575 938 ᾀυρε
595 875 1086 945 quinquagenarius
1109 884 1232 932 cum
1251 876 1646 946 quinquagenis
1671 875 1810 930 suis

188 961 520 1030 junioribus,
551 963 778 1030 occidit;
808 965 892 1022 vel
922 966 978 1020 in
1012 979 1233 1023 morem
1267 965 1560 1030 Samuelis,
1589 973 1782 1020 contra
1807 991 1812 998 ·

196 1069 412 1112 morem
433 1057 722 1124 provincia
737 1066 977 1127 tempore
987 1060 1178 1114 aestivo
1201 1068 1389 1120 tonare
1411 1058 1792 1129 etfulgnraret.

193 1145 357 1216 Apud
388 1162 490 1202 nos
520 1149 806 1212 enimideo
840 1157 990 1206 tonat
1015 1159 1226 1214 astate,
1257 1151 1384 1220 quia
1407 1149 1783 1208 .in-Occidente

195 1253 390 1292 sumus
425 1248 484 1304 et
516 1239 782 1302 alleviatte
826 1250 954 1297 sunt
997 1242 1186 1305 nubes,
1227 1250 1515 1313 propterea
1558 1250 1784 1312 possunt

195 1345 443 1398 currere.
486 1331 642 1402 Apud
667 1332 970 1394 Orientales
1014 1345 1198 1389 autem
1241 1335 1296 1389 in
1337 1335 1563 1390 hiberno
1607 1337 1794 1401 tonat,

183 1509 344 1568 'unde
365 1514 564 1582 pluant.
582 1535 606 1574 ε,
626 1517 755 1586 quia
781 1518 866 1573 sol
887 1535 1050 1588 super
1073 1535 1168 1575 eos
1194 1533 1302 1574 non
1325 1520 1590 1590 permittit
1612 1521 1784 1574 nubes

195 1608 680 1676 tantumimbrem,
698 1611 952 1682 colligere
973 1613 1116 1667 mide
1141 1613 1439 1672 tonitruum
1471 1611 1682 1680 possint
1699 1611 1802 1666 ωε·

191 1711 347 1752 cere.
382 1696 500 1758 Non
521 1707 609 1754 .est
635 1701 782 1755 enim
822 1716 1031 1767 verum,
1062 1706 1206 1771 quod
1241 1703 1488 1758 homines
1528 1704 1780 1770 eredsmt,

194 1788 350 1856 quod
395 1789 574 1846 nullus
599 1791 734 1846 sciat
761 1793 886 1860 quid
915 1794 990 1848 sit
1012 1795 1331 1860 tonitruum,
1355 1795 1447 1849 sed
1475 1794 1606 1849 illud
1640 1793 1782 1849 unde

1846 641 1847 644 η
1865 641 1871 662 .,
1885 606 2050 652 terra:
2064 598 2261 654 habuit
2282 595 2522 670 corpus,“
2539 635 2541 639 ι
2555 590 2817 656 internus
2833 595 3120 656 [clamatur
3133 599 3294 666 Quod
3309 609 3312 614 '
3335 615 3468 659 vero
3499 623 3502 632 ·
3537 615 3562 632 ·’

1880 690 2264 757 quamidies
2293 691 2744 760 postumum-cum
2759 699 2865 746 non
2889 701 3000 762 "per
3023 691 3205 746 enini:
3232 693 3329 747 tuti
3351 687 3465 750 tres
3520 705 3524 712 '
3559 711 3564 720 '

1867 781 2106 844 iuerint,
2143 783 2272 850 iper:
2295 783 2668 853 synecdochen
2707 799 2748 837 a-
2781 791 2904 838 toto
2935 795 3062 853 pars
3099 781 3415 854 'mtelligitur
3449 804 3461 840 :

1877 871 2008 941 quia
2062 871 2175 941 ipse
2222 871 2354 926 hora
2402 875 2684 930 undecima
2719 873 3178 932 sexta/feriam
3203 877 3463 946 sepulcro
3539 877 3548 882 “

1861 961 2196 1027 collocat-ns,
2225 963 2660 1036 viginti-septem
2685 967 2842 1024 boris
2884 965 3185 1036 lbi‘jacnit.
3227 966 3476 1024 Et'sicut-'

1883 1050 2050 1108 Jonas
2073 1053 2310 1111 nolebat.
2331 1059 2914 1120 anteabsorbitionem
2941 1057 3024 1113 ire
3053 1056 3117 1114 ad
3141 1066 3332 1130 gen-tes
3351 1098 3366 1124 ,
3394 1060 3468 1114 si-
3561 1069 3568 1112 '.

1853 1181 1856 1186 -
1883 1143 2087 1204 aniliter
2111 1146 2240 1203 dicit
2261 1147 2342 1202 ad
2363 1148 2636 1216 apostolos
2665 1168 2678 1202 :
2706 1150 2760 1204 ln
2787 1150 2944 1212 viam,
2962 1151 3204 1220 gentium
3230 1164 3297 1204 ne
3321 1151 3468 1206 abie-
3561 1159 3569 1168 '

1883 1236 2036 1302 ritis;
2079 1240 2174 1296 sed
2206 1248 2331 1308 post
2355 1241 2810 1296 resurrectionem
2837 1241 3096 1313 prmeepit
3124 1242 3214 1298 eis
3235 1241 3421 1298 dicens
3450 1258 3467 1299 :

1855 1355 1858 1360 -
1883 1326 2084 1384 Euntes
2117 1330 2297 1386 docete
2313 1343 2704 1402 omnesgentcs.

192 1425 329 1492 quia
357 1424 420 1486 in
449 1428 747 1490 testate/ita
781 1443 929 1496 pura:
957 1435 1087 1486 sunt
1107 1431 1297 1495 nubes,
1328 1437 1523 1484 utnon
1548 1430 1784 1486 habeant
1833 1451 1854 1462 --
1890 1447 1892 1450 ·

1306 1507 1590 1586 pel-mini;
1612 1521 1784 1574 nubes
1835 1539 1858 1550 ι-
1881 1509 2004 1573 ista,
2035 1519 2084 1564 et
2109 1511 2694 1574 condemnabam-eam.
2735 1515 2848 1571 Non
2875 1526 3167 1586 potestate,
3204 1519 3297 1573 sed
3323 1532 3470 1574 com-
3575 1531 3578 1536 '

1820 1631 1840 1650 -.
1879 1600 2164 1670 paratione
2203 1617 2218 1656 :
2264 1603 2391 1670 quia
2426 1604 2606 1688 «nulli;
2634 1605 2944 1663 videntibus
2981 1609 3152 1679 signis
3190 1608 3259 1662 ab
3305 1607 3467 1675 luna,

1970 1417 2078 1476 Viri
2112 1419 2626 1494 Niniuiue-surgeiu
2653 1424 2711 1478 in
2747 1425 2956 1495 judicio
2995 1441 3114 1480 cum
3140 1427 3472 1496 generatione

1883 1695 1985 1746 nec
2033 1691 3022 1776 multotemponezprtndicatuest,
3075 1701 3178 1760 nisi
3215 1716 3313 1771 per
3357 1710 3472 1757 tres

1886 1781 2022 1846 dies,
2056 1791 2112 1837 et
2139 1781 2212 1838 illi
2238 1785 2525 1854 peregrino
2553 1787 2904 1842 crediderunt
2947 1798 3152 1860 gentes.
3196 1791 3351 1847 Nunc
3378 1806 3473 1845 ex-

189 1875 438 1933 Joannes
464 1878 596 1933 dicit
622 1880 767 1949 quod
779 1858 1030 1950 Spiritus
1059 1893 1278 1939 sanctus
1303 1858 1358 1938 in
1391 1884 1646 1940 cordibus
1665 1899 1785 1939 ere-
1810 1858 1860 1922 Β
1888 1871 2084 1928 εειείον
2110 1876 2322 1929 cuneus
2360 1891 2458 1945 880
2492 1880 2905 1935 commendatus
2931 1858 2998 1934 δῖ)
3027 1879 3256 1947 Joanne:
3298 1892 3353 1937 θῐ
3377 1882 3470 1952 qui

194 1968 482 2034 dentium;
535 1971 660 2039 quia
716 1972 856 2027 sicut
907 1989 1005 2042 per
1049 1973 1189 2030 istud
1239 1975 1537 2031 tonitruum
1590 1992 1789 2033 concu-

193 2049 412 2113 tiuntur
465 2062 744 2128 mortales,
795 2064 869 2118 ita
917 2079 1016 2134 per
1068 2065 1199 2122 illud
1258 2075 1533 2123 terrentur
1576 2078 1788 2126 mentes

191 2151 535 2219 mortalium,
565 2162 620 2208 et
655 2155 909 2210 decidunt
937 2172 967 2210 a
1007 2158 1426 2226 cogitationibus
1453 2168 1506 2213 et
1535 2161 1788 2228 operibus

193 2247 336 2300 suis.
362 2246 496 2302 Nam
519 2247 650 2302 illud
670 2249 812 2319 quod
841 2257 1001 2306 sonat
1023 2251 1075 2304 in
1099 2250 1354 2317 nubibus,
1386 2252 1560 2308 nubes
1579 2251 1788 2308 faciunt

192 2335 329 2391 illud
359 2351 479 2391 cum
505 2338 794 2394 habuerint
815 2355 1010 2409 aquam
1032 2350 1088 2396 et
1114 2341 1308 2410 aliqua:
1331 2355 1438 2396 non
1463 2342 1784 2409 habuerint;

192 2425 306 2481 illa:
336 2443 455 2497 quae
487 2427 776 2485 habuerint
795 2439 1044 2497 currunt,
1091 2440 1146 2486 et
1176 2439 1302 2487 tunc
1335 2443 1495 2488 sonat
1519 2433 1659 2488 sicut
1687 2448 1787 2488 au-

193 2516 354 2582 ditis,
390 2526 444 2571 et
485 2519 727 2574 excitant
761 2521 938 2590 ipsum
978 2521 1156 2591 ignem
1201 2537 1360 2590 quem
1406 2522 1621 2589 videtis,
1659 2523 1786 2592 quia

194 2609 381 2662 omnis
415 2609 624 2664 collisio
670 2611 847 2680 ignem
893 2620 1068 2678 creat,
1122 2621 1179 2666 ut
1227 2614 1378 2668 vides
1414 2614 1469 2668 in
1507 2613 1788 2672 collisione

200 2697 320 2750 ﬁeri
351 2715 470 2752 cum
508 2700 612 2755 alio
644 2701 811 2766 ferro,
850 2702 930 2756 vel
959 2711 1108 2772 petra
1137 2719 1258 2758 cum
1299 2703 1400 2758 alia
1435 2713 1610 2774 petra.
1648 2703 1789 2770 Quo-

199 2788 364 2842 modo
400 2789 543 2843 euim
582 2798 764 2859 potest
791 2806 911 2846 esse
941 2792 1007 2847 de
1033 2793 1140 2846 isto
1171 2793 1410 2848 tonitruo
1441 2795 1583 2864 quod
1624 2793 1789 2850 Joan-

201 2891 301 2931 nes
330 2877 460 2932 dicit
497 2899 509 2932 :
542 2879 740 2934 Locuta
768 2892 886 2936 sunt
923 2894 1115 2954 septem
1151 2887 1382 2939 tonitrua
1421 2903 1538 2940 voce
1564 2903 1682 2940 sua.
1720 2887 1792 2943 Et

202 2967 398 3022 iterum
424 2986 436 3021 :
458 2968 532 3022 De
559 2971 745 3024 throno
767 2973 1052 3042 procedunt
1080 2974 1294 3045 fulgura
1321 2986 1368 3030 et
1396 2977 1650 3032 tonitrua.
1679 2976 1787 3032 Sed

202 3057 272 3112 de
301 3057 540 3112 tonitruo
564 3059 800 3130 Spiritus
824 3064 1018 3128 sancti,
1049 3064 1139 3132 qui
1165 3063 1553 3134 septiformiter
1579 3065 1642 3118 ﬁt
1661 3067 1787 3121 inde

203 3149 340 3203 dicit
370 3147 618 3216 Joannes,
661 3169 768 3207 non
806 3155 871 3207 de
901 3154 1038 3219 alio,
1072 3155 1197 3224 quia
1235 3154 1366 3208 illud
1395 3163 1479 3210 est
1507 3156 1787 3210 inenarra-

203 3242 312 3298 bile
375 3246 644 3314 quomodo
689 3255 743 3302 et
792 3247 989 3317 quibus
1039 3247 1215 3303 modis
1269 3249 1431 3303 corda
1479 3248 1788 3304 mortalium
1818 3224 1863 3290 Ο

203 3336 502 3390 concutiat.

762 3428 988 3486 CAPUT
1016 3429 1233 3486 XXXV.

657 3518 736 3575 De
754 3522 998 3592 petitione
1029 3523 1320 3594 signorum.

276 3607 554 3664 Generatio
593 3611 738 3665 mala
781 3621 829 3665 et
875 3611 1117 3666 adultera
1158 3614 1365 3683 signum
1398 3613 1607 3686 quwrit.
1651 3613 1792 3670 Mala

205 3704 484 3775 generatio
507 3703 705 3759 dicitur
727 3745 742 3770 ,
771 3719 879 3759 non
906 3707 1244 3772 conditione,
1278 3708 1371 3764 sed
1401 3723 1588 3778 opere.
1624 3707 1794 3764 Adul-

202 3809 339 3864 tera,
392 3800 510 3854 ideo
548 3801 674 3870 quia
724 3800 1037 3872 frequenter
1083 3802 1254 3856 Deum
1303 3803 1523 3872 reliquit
1563 3811 1620 3858 et
1650 3803 1793 3858 idola

203 3892 471 3956 adoravit,
511 3903 568 3945 ut
598 3907 696 3962 per
721 3892 1060 3949 Ezechielem
1091 3893 1349 3951 Dominus
1368 3894 1418 3950 ei
1437 3895 1792 3964 improperat,

205 3985 290 4039 vel
320 3985 484 4040 etiam
512 3993 640 4039 tunc
655 4001 779 4040 cum
800 3986 934 4042 alias
951 3997 1232 4043 creaturas
1247 3987 1367 4058 plus
1394 3989 1630 4043 amabat.
1655 3988 1795 4042 Nam

207 4075 340 4131 dicit
375 4077 564 4132 beatus
604 4077 955 4146 Augustinus,
989 4093 1271 4134 assumens
1307 4078 1695 4134 auctoritatem
1724 4093 1793 4134 ex

208 4167 303 4223 illo
333 4166 449 4222 loco
474 4167 876 4238 Apostolorum,
909 4177 956 4222 et
986 4169 1235 4234 avaritia,
1270 4186 1389 4240 qua:
1429 4178 1504 4223 est
1536 4167 1795 4224 idolorum

208 4259 453 4324 servitus,
495 4260 636 4329 quod
678 4261 857 4314 omnis
898 4260 1060 4315 homo
1100 4261 1190 4330 qui
1235 4261 1494 4331 relinquit
1526 4260 1795 4329 justitiam

210 4350 306 4403 Dei
335 4360 556 4420 propter
586 4366 776 4404 aurum
802 4359 896 4406 aut
918 4367 1016 4421 pro
1043 4351 1452 4417 aliacreatura,
1481 4359 1608 4405 tunc
1632 4349 1796 4406 forni-

210 4447 366 4494 catur
398 4441 578 4496 anima
615 4440 732 4508 ejus
757 4454 786 4492 a
819 4441 948 4505 Deo,
986 4448 1040 4494 et
1068 4441 1224 4510 quasi
1247 4441 1438 4496 adorat
1462 4449 1590 4494 tunc
1618 4440 1795 4509 ipsum

211 4545 408 4585 aurum
450 4540 504 4586 et
541 4539 850 4594 veneratur,
894 4545 993 4599 pro
1020 4546 1126 4599 quo
1163 4533 1476 4585 mandatum
1505 4531 1599 4585 Dei
1641 4531 1796 4585 dere-

211 4623 427 4692 linquit.
469 4620 535 4676 Et
571 4623 779 4692 signum
823 4637 926 4674 non
951 4621 1165 4674 dabitur
1199 4623 1245 4675 ei
1270 4623 1371 4676 nisi
1410 4623 1614 4691 signum
1643 4621 1797 4676 Jonat

209 4715 495 4784 prophetat.
524 4712 902 4769 Recordamini
931 4713 1217 4768 historiam
1240 4711 1410 4778 Jonm,
1429 4713 1570 4781 quod
1583 4713 1799 4780 quando

211 4806 413 4860 missus
431 4812 513 4859 est
541 4805 610 4859 ad
657 4804 923 4859 Ninivitas
963 4805 1366 4873 praedicandum
1410 4805 1642 4860 voluerit
1668 4805 1801 4860 eﬁ‘u-

211 4909 340 4966 gere
375 4895 468 4948 Dei
500 4903 860 4964 praeceptum;
913 4901 966 4948 et
995 4901 1202 4962 postea,
1245 4895 1386 4950 sicut
1431 4895 1604 4959 scitis,
1653 4903 1799 4949 sorte

210 4987 580 5057 deprehensus
625 4987 768 5057 quod
809 5001 960 5042 mare
1003 4986 1153 5041 illum
1184 4996 1475 5056 quaereret,
1517 4989 1571 5042 iu
1622 4988 1798 5058 ipsum

209 5078 480 5151 projectus
522 5089 642 5135 ceto
690 5079 978 5150 absorptus
1024 5079 1204 5134 triduo
1250 5079 1322 5134 ibi
1367 5080 1559 5150 jacuit.
1619 5079 1796 5134 Simili

209 5171 373 5226 modo
397 5171 528 5227 dicit
559 5171 814 5228 Dominus
841 5173 907 5227 de
935 5171 1135 5226 ludatis
1163 5170 1374 5240 signum
1406 5171 1676 5225 daturum.
1706 5169 1797 5226 Jo—

211 5279 311 5318 nas
347 5262 573 5332 ﬁguram
613 5263 823 5318 Domini
856 5265 1114 5335 praetulit,
1152 5264 1294 5318 sicut
1325 5262 1440 5333 ipse
1466 5265 1534 5318 ad
1568 5279 1796 5319 conver-

210 5354 405 5409 tendos
434 5352 700 5408 Ninivitas
729 5354 945 5420 missus,
978 5354 1070 5425 qui
1099 5354 1163 5409 de
1198 5353 1450 5425 gentibus
1490 5361 1644 5407 erant
1675 5370 1687 5406 :
1717 5353 1797 5408 sic

211 5451 473 5505 Dominus
500 5449 660 5504 Jesus
705 5449 758 5503 in
805 5449 948 5502 hunc
991 5449 1250 5503 mundum
1294 5448 1361 5503 ad
1393 5445 1792 5517 pnndicandum

210 5551 402 5614 gentes
442 5543 657 5598 missus.
711 5541 858 5595 Mare
905 5540 1174 5610 signiﬁcat
1221 5539 1363 5595 istud
1408 5539 1696 5604 saeculum,
1740 5548 1796 5596 et

211 5636 343 5691 illud
371 5636 642 5692 turbatum
679 5643 764 5690 est
792 5641 1011 5704 prepter
1049 5632 1276 5700 Jonam;
1312 5635 1388 5690 ita
1418 5641 1473 5688 et
1507 5633 1652 5688 istud
1680 5641 1795 5688 tur-

211 5731 398 5784 batum
427 5736 510 5782 est
544 5736 765 5798 propter
805 5723 1245 5797 medicationem
1293 5727 1484 5797 ipsius,
1525 5726 1652 5797 quia
1679 5727 1795 5798 ipse

211 5819 348 5875 dicit
380 5834 396 5873 :
433 5815 561 5874 Non
588 5820 706 5874 seni
730 5832 912 5888 pacem
936 5817 1172 5883 mittere,
1197 5817 1286 5871 sed
1316 5815 1552 5888 gladium
1581 5831 1794 5886 separa-

1821 4579 1874 4640 D

1888 1966 2088 2022 multas
2122 1967 2350 2023 virtutes
2380 1970 2437 2024 in
2469 1970 2624 2025 vobis
2665 1970 2768 2025 feci
2805 1979 2863 2027 et
2898 1988 3003 2027 non
3037 1972 3207 2027 solum
3247 1988 3355 2029 non
3385 1989 3474 2028 au-

1890 2064 2054 2127 ditus,
2079 2063 2171 2136 sed
2200 2063 2500 2120 Beelzebub
2531 2073 2774 2120 vocatus.
2788 2066 2864 2141 Et
2887 2083 3000 2121 ecce
3019 2067 3137 2138 plus
3151 2085 3310 2136 quam
3331 2068 3473 2122 Jona

1889 2154 1994 2206 hic.
2026 2153 2162 2219 Quia
2185 2162 2400 2209 creator
2424 2170 2524 2226 ego
2545 2154 2718 2210 Jonaa.
2749 2155 2851 2210 Hic
2876 2158 2982 2212 isto
3010 2157 3129 2212 loco
3159 2158 3474 2232 adverbium

1889 2254 1972 2302 est
1992 2245 2095 2300 loci
2115 2287 2128 2310 ,
2158 2262 2263 2302 non
2287 2261 2607 2316 pronomen.
2637 2247 2775 2303 Jona
2799 2248 3038 2304 columba
3069 2251 3362 2324 veldolens
3392 2251 3476 2304 iu-

1891 2343 2246 2406 terpretatur,
2286 2336 2681 2408 Dominumque
2720 2327 2988 2410 ﬁguravit.
3031 2339 3223 2396 Ninive
3256 2343 3471 2410 civitas,

1892 2439 2058 2495 quam
2098 2426 2389 2482 aediﬁcavit
2422 2427 2595 2482 Assur
2625 2428 2768 2483 ﬁlius
2809 2427 2933 2484 Scm
2962 2438 3018 2484 et
3058 2431 3333 2486 decoravit
3355 2447 3474 2486 eam

1888 2517 2097 2586 primus
2149 2531 2246 2571 rex
2276 2518 2643 2588 Assyriorum,
2680 2527 2735 2573 et
2759 2520 2972 2576 vocavit
2998 2533 3116 2575 eam
3145 2519 3371 2576 Niniven
3407 2537 3476 2576 ex

1888 2607 2108 2663 nomine
2144 2623 2264 2674 suo,
2311 2609 2364 2664 id
2392 2617 2476 2664 est
2505 2610 2828 2679 speciosam,
2875 2610 3084 2682 fuitque
3132 2613 3292 2668 sedes
3318 2613 3478 2684 Assy-

1889 2699 2097 2754 riorum
2131 2714 2367 2770 semper.
2399 2698 2597 2770 Regina
2623 2701 2806 2756 Austri
2835 2713 3011 2773 surget
3037 2703 3090 2756 in
3117 2703 3326 2773 judicio
3359 2719 3478 2757 cum

1888 2790 2223 2860 generatione
2253 2789 2378 2856 ista,
2408 2798 2457 2844 et
2491 2791 2854 2848 condemnabit
2888 2810 3022 2848 eam.
3059 2793 3261 2865 Regina
3291 2794 3479 2851 Austri

1890 2893 1996 2933 non
2021 2879 2228 2934 audivit
2257 2881 2322 2934 de
2350 2879 2640 2937 Salomone
2662 2885 2805 2951 quod
2829 2885 3059 2940 virtutes
3081 2884 3305 2948 faceret,
3334 2901 3479 2940 mor-

1891 2977 2014 3024 tuos
2059 2970 2350 3025 suscitaret
2395 2979 2495 3026 aut
2542 2987 2767 3042 regnum
2817 2974 3081 3030 caelorum
3134 2974 3474 3044 praedicaret,

1889 3063 2099 3120 litteras
2158 3067 2276 3120 sine
2326 3067 2547 3132 doctore
2608 3068 2790 3134 sciret,
2853 3079 2907 3123 et
2963 3078 3146 3124 tamen
3201 3070 3350 3124 venit
3411 3057 3481 3126 de

1893 3152 2116 3210 Oriente
2141 3157 2330 3212 audire
2355 3158 2721 3215 Salomonem.
2748 3160 2956 3216 Idcirco
2984 3160 3342 3216 condemnata
3369 3163 3478 3218 erit

1893 3248 1997 3303 ista
2031 3249 2309 3319 generatio
2344 3249 2466 3319 plus
2489 3267 2654 3321 quam
2683 3252 2794 3318 illa,
2824 3254 2950 3322 quia
2977 3254 3184 3309 habens
3219 3254 3368 3309 illum
3398 3271 3480 3311 se-

1895 3355 2017 3395 cum
2045 3341 2137 3410 qui
2162 3342 2481 3411 sapientiam
2517 3344 2696 3408 dedit,
2727 3344 2900 3399 noluit
2934 3345 3083 3400 illum
3123 3347 3325 3401 audire.
3363 3346 3484 3418 Spi-

1893 3432 2124 3488 ritaliter
2149 3431 2406 3489 Salomon
2425 3433 2698 3505 signiﬁcat
2722 3435 3008 3492 Dominum
3032 3435 3327 3499 Christum,
3350 3438 3480 3506 quia

1894 3519 2150 3580 Salomon
2177 3526 2430 3595 paciﬁcus
2473 3526 2689 3582 dicitur.
2722 3526 2792 3582 Et
2835 3527 2938 3582 ista
2981 3526 3166 3596 regina
3210 3525 3482 3596 signiﬁcat

1892 3616 2196 3672 Ecclesium
2220 3617 2288 3672 de
2317 3617 2568 3687 gentibus
2605 3616 2674 3672 ad
2700 3631 2889 3672 verum
2919 3616 3209 3672 Paciﬁcum
3235 3624 3481 3672 nostrum

1891 3707 2336 3763 convcrtendam.
2368 3706 2439 3760 Et
2459 3723 2575 3760 ecce
2601 3706 2718 3777 plus
2747 3723 2905 3778 quam
2929 3705 3181 3762 Salomon
3207 3707 3310 3760 hic.
3343 3705 3481 3773 Quia

1894 3798 1982 3852 ille
2013 3798 2336 3868 loquebatur
2375 3798 2441 3854 de
2472 3813 2579 3868 quo
2618 3797 2876 3854 Salomon
2929 3797 3144 3852 dixerat
3179 3815 3194 3852 :
3223 3796 3481 3854 Dominus

1893 3891 2120 3963 possedit
2150 3907 2230 3946 me
2253 3893 2308 3946 in
2335 3892 2484 3945 initio
2515 3891 2715 3945 viarum
2753 3907 2992 3956 «tarum,
3017 3900 3297 3961 antequam
3323 3891 3480 3962 quid-

1893 3999 2052 4054 quam
2079 3983 2274 4052 faceret
2305 4000 2337 4038 a
2362 3983 2641 4052 principio.

1967 4069 2100 4127 Cum
2141 4072 2444 4127 immundus
2470 4073 2686 4143 spiritus
2715 4072 2899 4126 exierit
2936 4073 3001 4126 de
3035 4072 3266 4139 homine,
3299 4074 3485 4129 ambu-

1896 4162 1971 4218 lat
1999 4181 2091 4234 per
2118 4163 2235 4218 loca
2256 4164 2429 4218 arida.
2466 4165 2534 4218 Et
2565 4164 2633 4219 de
2657 4164 2878 4219 homine
2906 4163 3134 4220 liberato
3158 4180 3187 4218 a
3218 4164 3485 4222 daemonio

1895 4262 2075 4326 potest
2115 4254 2360 4325 intelligi,
2414 4255 2542 4326 quia
2582 4255 2626 4311 si
2673 4270 2732 4310 se
2771 4271 2878 4310 non
2919 4256 3216 4312 custodiret
3255 4272 3286 4311 a
3329 4257 3485 4316 malis

1896 4348 2176 4418 operibus,
2223 4347 2420 4402 iterum
2462 4345 2770 4402 traderetur
2794 4346 2881 4400 cui
2924 4345 3102 4401 fuerat
3129 4347 3388 4413 traditus;
3429 4355 3488 4403 et

1898 4435 1964 4495 de
2005 4437 2204 4494 Iudaeis
2229 4438 2324 4508 qui
2361 4437 2441 4494 sic
2465 4453 2722 4508 perverse
2756 4437 2984 4492 Domino
3015 4437 3480 4504 contradicebant,

1899 4531 1990 4600 qui
2041 4531 2252 4602 pejores
2303 4530 2466 4585 futuri
2504 4536 2662 4584 erant
2709 4537 2835 4598 post
2880 4536 3248 4597 contemptam
3309 4529 3484 4598 legem

1901 4605 2096 4676 littera;
2124 4631 2177 4675 et
2219 4619 2658 4691 praedicationem
2699 4618 2936 4684 Domini,
2976 4634 3138 4688 quam
3181 4627 3308 4674 ante
3335 4635 3486 4676 acce-

1899 4723 2047 4785 ptam
2088 4712 2258 4782 legem
2295 4710 2544 4766 fuissent.
2586 4710 2719 4766 Cum
2752 4711 2896 4766 enim
2927 4709 3099 4778 legem
3134 4718 3480 4778 acceperunt,

1899 4804 2032 4858 exiit
2070 4803 2138 4857 ab
2178 4803 2258 4856 eis
2305 4801 2550 4856 diabolus
2585 4811 2642 4857 et
2692 4801 2988 4856 ambulavit
3031 4800 3100 4854 ad
3137 4809 3344 4872 gentes,
3387 4803 3484 4858 sed

1902 4896 2060 4951 modo
2084 4897 2248 4952 habet
2259 4896 2511 4952 dimissas
2524 4905 2711 4969 gentes
2724 4905 2777 4950 et
2797 4908 2880 4950 est
2895 4910 3141 4951 reversus
3163 4897 3229 4951 ad
3240 4896 3477 4954 Judzeos.

1900 4987 2006 5042 Per
2036 5001 2230 5056 scopas
2266 4989 2409 5044 unde
2450 4987 2642 5042 domus
2683 4987 2973 5042 mundatur
3002 4987 3247 5043 doctrina
3272 4986 3482 5043 Judaao-

1906 5097 2025 5136 rum
2070 5080 2390 5152 intelligitur
2430 5095 2651 5143 vacans,
2693 5079 2817 5148 quia
2868 5079 3036 5134 Deum
3078 5095 3187 5136 non
3226 5080 3478 5147 habebat,

1903 5175 1994 5244 qui
2037 5175 2192 5238 dixit,
2241 5173 2590 5226 Transeamus
2637 5188 2702 5226 es:
2741 5171 2822 5225 his
2861 5173 3089 5238 sedibus,
3134 5182 3193 5228 ut
3217 5171 3484 5244 Iosephus

1903 5265 2070 5322 refert
2123 5273 2314 5336 septem
2371 5264 2585 5332 spiritus
2610 5303 2626 5329 ,
2691 5273 2897 5333 septem
2949 5265 3080 5319 vitia
3135 5264 3471 5336 principalia.

1901 5358 2085 5413 Adhuc
2112 5375 2171 5411 eo
2214 5355 2470 5426 loquente,
2519 5371 2634 5408 ecce
2678 5366 2846 5410 mater
2882 5357 2997 5428 ejus
3028 5366 3074 5411 et
3117 5358 3311 5426 fratres
3337 5358 3477 5428 ejus.

1900 5450 2122 5506 Fratres
2150 5447 2266 5516 ejus
2293 5461 2397 5500 non
2421 5455 2626 5501 sanctae
2665 5446 2866 5513 Mariaz,
2908 5449 3001 5502 sed
3031 5457 3252 5518 nepotes
3278 5449 3360 5504 vel
3387 5451 3482 5508 alii

1896 5539 2227 5603 consobrini,
2279 5537 2372 5607 qui
2409 5536 2462 5591 in
2507 5535 2786 5608 Scriptura
2827 5547 3015 5593 sancta
3062 5539 3258 5595 fratres
3297 5540 3482 5611 appel-

1896 5633 2102 5696 lantur,
2135 5638 2196 5684 ut
2220 5628 2323 5682 Lot
2349 5628 2526 5684 dictus
2563 5636 2646 5683 est
2683 5627 2853 5683 frater
2874 5629 3148 5685 Abraham
3175 5647 3298 5688 cum
3337 5639 3481 5687 esset

1896 5739 2066 5794 nepos
2096 5719 2232 5790 ejus.
2277 5719 2382 5775 Iste
2429 5720 2524 5790 qui
2551 5720 2602 5776 ei
2631 5721 2736 5776 hoc
2776 5722 3048 5778 nuntiavit
3099 5723 3355 5778 tentando
3397 5719 3478 5775 fa-

1897 5815 2096 5881 ciebat,
2123 5819 2186 5869 ut
2203 5810 2412 5871 videret
2439 5812 2489 5870 si
2517 5811 2746 5871 terrenis
2780 5812 3022 5880 coelestia
3051 5819 3392 5886 praeponeret
3419 5818 3478 5870 et
