3988 6442
552 379 694 438 I385

1331 373 1725 464 cutusruuu
1759 345 2178 432 onurnnsttt
2215 345 2666 432 donummer
2703 371 3014 432 MONACHI

3683 361 3836 432 ω

545 485 638 566 qui
667 493 724 550 in
751 487 886 549 cibis
905 479 1200 562 pascantur
1223 473 1461 574 sicuti-in
1497 481 1785 574 Evangelio
1827 489 1931 544 alio
1963 489 2126 546 refer-
2151 483 2206 558 Α
2229 481 2424 558 cutem,
2447 501 2495 546 et
2517 483 2954 563 prme'edére'e'um
2993 465 3362 559 trans-Ticini;
3393 485 3836 547 donum

693 579 1074 636 Discubuerunt
1101 565 1452 650 quinquageni
1473 565 1564 634 seu
1591 571 1810 634 centeni.
1835 579 1970 648 Quia
1999 581 2124 637 licet

547 675 657 730 sint
685 673 972 730 Christiani
985 687 1094 742 per
1119 665 1332 730 omnem
1361 671 1641 740 mundum,
1675 684 1728 728 et
1763 689 1860 744 per
1884 673 2125 731 diversas

549 765 816 834 regiones,
843 777 949 832 uno
981 755 1162 842 tamen
1193 775 1333 838 pane
1365 753 1788 842 al‘untur’iquia
1815 777 1978 818 unum
2008 781 2126 819 om-

550 851 644 911 nes
675 839 1166 925 antpléé’ti'tlbbenl
1207 839 1558 932 Evangeliuin
1583 853 1658 918 et
1693 851 1882 917 omnes
1929 851 2126 918 fratres

549 953 668 1002 esse
715 947 930 1014 debent,
979 953 1033 1002 ‘et
1064 939 1247 1004 amare
1275 965 1333 1004 se
1381 949 1630 1006 invicem.
1665 937 1722 1005 Si
1761 937 1873 1007 hoc
1913 969 2018 1006 non
2047 939 2128 1010 fa-

547 1037 697 1094 ciunt
743 1053 850 1094 non
880 1049 1004 1094 sunt
1033 1041 1284 1096 catholici
1315 1082 1329 1106 ,
1359 1051 1412 1116 et
1442 1057 1547 1116 non
1578 1051 1701 1096 sunt
1728 1045 1796 1096 de
1837 1041 2076 1098 Ecclesia
2110 1061 2122 1096 :

549 1127 674 1200 quia
699 1129 754 1186 in
787 1131 968 1185 nostra
998 1121 1102 1186 ﬁde
1125 1115 1454 1204 proﬁtemur
1475 1117 2127 1192 noséathblicamEccle-

551 1217 686 1275 siam
709 1217 956 1287 credere,
989 1219 1042 1277 id
1089 1231 1174 1277 est
1201 1219 1579 1278 univcrsalem.
1603 1213 1720 1278 ‘Per'
1743 1211 2129 1294 quinquagesi-

551 1309 698 1366 mum
725 1321 779 1366 et
805 1305 1174 1366 centesimum
1199 1329 1481 1367 numerum
1513 1315 1726 1384 requies
1751 1313 1874 1392 vitae
1911 1311 2128 1369 aeternae

541 1393 833 1473 iliguratur,
853 1393 984 1472 qum
1015 1403 1096 1458 his
1133 1401 1352 1457 dabitur
1380 1405 1471 1472 qui
1489 1395 1700 1460 Christi
1723 1397 1787 1459 in
1820 1405 1921 1460 boc
1941 1403 2128 1460 saeculi

539 1483 766 1549 itieserto
815 1494 1014 1548 fuerint
1041 1504 1095 1549 et
1127 1495 1257 1566 'ejus
1285 1495 1423 1576 'cibo
1458 1497 1684 1565 spiritali
1723 1489 1882 1576 pasci
1908 1497 2129 1552 studue-

553 1589 680 1640 i'int.
699 1585 933 1657 Acceptis
947 1583 1171 1658 quinque
1188 1573 1407 1657 panibus
1429 1595 1476 1640 et
1501 1589 1701 1642 duobus
1723 1573 1968 1658 piscibus.
1995 1585 2130 1654 Quia

531 1665 810 1732 EDor‘ninus
835 1693 944 1733 non
972 1677 1036 1734 de
1063 1679 1214 1733 novis
1236 1680 1394 1742 escis,
1419 1679 1512 1734 sed
1550 1680 1614 1734 de
1639 1665 1723 1734 his
1752 1695 1880 1750 quas
1901 1679 2128 1750 apostoli

533 1753 821 1823 'habcbant
851 1769 1033 1824 turbas
1057 1771 1235 1834 satiat,
1268 1769 1500 1825 ostendit
1537 1771 1661 1840 quia
1689 1773 1801 1842 ipse
1831 1781 1912 1828 est
1937 1773 2029 1844 qui
2055 1773 2131 1828 le-

2223 585 2528 653 ret_turbas.
2558 583 2738 651 Quale
2771 581 3066 651 discipulos
3085 579 3310 651 jusserit
3329 581 3418 635 ire
3443 577 3604 662 irent.

2221 671 2344 746 post
2371 665 2758 731 saturatiouem
2787 667 3010 744 panum,
3039 661 3676 744 tostnnes'muge’nm'
3709 661 3834 727 tiar-

2223 773 2352 830 rat,’
2379 763 2504 834 quia
2527 747 2801 820 'videlicet
2827 763 3248 818 venturi‘erant'
3267 761 3450 832 populi
3467 767 3506 827 δ’
3537 759 3840 818 «autem

2223 851 2356 913 eum
2377 839 2562 930 regem
2577 847 3110 926 'lliceret‘propterea'
3131 853 3258 909 tulit
3285 869 3344 909 se
3357 851 3442 910 us

2223 943 2554 1012 invenirent,
2581 939 2714 1018 'quia
2751 943 2884 1018 ipse
2903 939 3560 1020 sesumam-mum
3581 945 3840 1002 ’ὠκεῖαι

2226 1027 2535 1093 s‘mcularem
2581 1037 2880 1108 putentia!!!
2925 1033 2941 1090 ἐ
2977 1033 3188 1107 quia'bi
3223 1035 3662 1107 qui'babébant;
3695 1037 3836 1107 ipso

2227 1121 2906 1199 dahte'veli'promittc'ute
2941 1127 3240 1184 habebant.
3267 1125 3392 1200 ipse
3413 1123 3678 1199 namque
3707 1135 3828 1184 erat

2227 1215 2292 1276 tte
2320 1211 2426 1290 quo
2471 1215 2723 1276 Salomon
2755 1223 2830 1277 ait
2855 1241 2870 1275 :
2891 1217 3016 1276 'Per
3039 1237 3120 1276 me
3141 1215 3292 1291 reges
3319 1231 3574 1292 regnant.
3609 1221 3832 1278 Fretum

2223 1311 2516 1368 Genesar:
2546 1329 2574 1366 a
2603 1305 3082 1369 ferven'do"iretum
3109 1311 3738 1382 nominatur-tvm
3763 1331 3836 1368 ω-

2229 1401 2309 1461 lus
2336 1405 2448 1460 erat
2475 1405 2565 1460 ibi.
2595 1403 2716 1476 Ipse
2737 1405 3125 1460 asce'nditsolus
3141 1401 3384 1459 uerticem
3411 1399 3624 1460 montis”
3645 1393 3832 1460 cierei-

2230 1495 2280 1551 et
2324 1495 2568 1567 discipuli
2613 1483 2988 1551 laboraverunt
3017 1496 3072 1549 in
3103 1489 3330 1549 θῆαι-ε’ίή
3355 1487 3834 1566 ηπῆῥαπάϋτσίε

2223 1577 2398 1642 nocte.
2429 1585 2545 1642 Non
2577 1587 2721 1641 enim
2751 1593 2906 1640 erant
2937 1583 3186 1655 discipuli
3215 1585 3410 1640 adhuc
3439 1583 3836 1654 perfectiir'ril-

2231 1677 2378 1734 éirco
2407 1677 2670 1747 permisit
2696 1677 2776 1732 eis
2804 1675 3096 1747 agnascere
3113 1677 3256 1746 quiti
3283 1677 3520 1748 possent

2230 1759 2292 1824 ut
2339 1765 2568 1838 amplius
2613 1783 2736 1823 eum
2767 1757 3178 1837 diligerent,"et
3199 1759 3374 1822 Deum
3429 1765 3830 1822 elementorum

552 1873 670 1926 gem
698 1863 845 1917 dedit
869 1871 921 1916 et
949 1863 1001 1917 in
1053 1863 1329 1932 prophetis
1355 1837 1570 1920 locutus
1616 1837 1725 1930 est,
1755 1876 1810 1922 et
1843 1837 2123 1938 propterea

2230 1873 2328 1930 pro
2356 1837 2508 1914 certo
2531 1859 2832 1914 crederent.
2865 1857 3020 1926 Quod
3047 1859 3238 1922 oravit,
3279 1858 3522 1914 formam
3565 1859 3730 1914 nobis
3757 1861 3830 1914 de.-

550 1953 741 2007 eadcm
779 1963 834 2008 et
880 1955 1057 2022 docet,
1087 1963 1141 2009 et
1169 1971 1328 2024 quam
1359 1957 1466 2010 sint
1495 1957 1718 2026 gravida
1750 1957 2026 2028 mysteriis
2051 1959 2131 2014 in-

552 2043 750 2106 sinuat,
783 2052 836 2098 et
865 2061 982 2114 qure
1007 2046 1226 2100 deerant
1250 2045 1524 2114 adimplet.
1550 2047 1821 2116 Aspiciens
1841 2048 1896 2101 in
1921 2047 2125 2101 castum.

548 2133 605 2186 ln
629 2133 822 2188 omium
854 2136 1061 2206 aspicit,
1093 2143 1151 2189 ut
1177 2139 1358 2192 animo
1385 2137 1578 2192 caelum
1603 2137 1884 2194 intendere
1909 2155 2008 2194 nos
2043 2141 2131 2194 do—

548 2232 688 2288 ceat,
714 2233 767 2278 et
797 2225 1038 2280 scientias
1067 2226 1240 2280 lucem
1271 2227 1382 2282 illic
1411 2243 1529 2282 esse
1556 2229 1922 2298 quaerendam.
1965 2229 2130 2284 Bene-

547 2313 701 2366 dixit.
733 2313 877 2400 ‘Quia
909 2315 1087 2369 omnis
1115 2323 1268 2370 vetus
1324 2315 1604 2388 Scriptura
1650 2320 1716 2373 ab
1763 2317 1878 2388 ipso
1909 2319 2130 2374 benedi—

547 2411 632 2456 cta
659 2411 712 2456 et
741 2405 1046 2460 hominibus
1067 2407 1210 2460 data.
1241 2405 1443 2478 Fregit.
1469 2407 1582 2464 Hoc
1629 2419 1712 2466 est
1758 2411 1969 2481 aperuit
2004 2427 2131 2481 apo-

547 2493 699 2547 stolis
720 2509 935 2548 sensum
967 2503 1024 2550 ut
1051 2497 1409 2568 intelligerent
1441 2497 1773 2572 Scripturas.
1825 2503 1929 2558 Seu
1959 2519 2128 2574 expo-

549 2581 658 2636 suit
679 2585 948 2652 quomodo
979 2586 1358 2658 intelligerent.
1387 2587 1588 2660 Fregit.
1613 2591 1748 2658 Quia
1775 2591 1838 2646 de
1857 2608 1963 2646 uno
1991 2609 2131 2663 prte-

547 2677 702 2743 'ccpto
729 2675 833 2730 duo
850 2677 1003 2731 nobis
1029 2677 1170 2741 fecit,
1191 2695 1313 2732 cum
1329 2679 1464 2734 dixit
1483 2699 1495 2732 τ
1516 2681 1750 2735 Audistis
1778 2683 1899 2752 quia
1927 2683 2124 2738 dictum

546 2771 620 2815 est
640 2764 866 2833 antiquis
890 2779 906 2818 :
943 2765 1064 2821 Non
1092 2767 1314 2822 occides.
1347 2767 1458 2840 Ego
1484 2779 1659 2823 autem
1685 2771 1805 2825 dico
1833 2772 1972 2825 vobis
2003 2787 2020 2824 :
2046 2771 2128 2826 Ne

545 2857 866 2914 irascamini.
917 2859 1182 2918 Similiter
1206 2863 1272 2918 de
1302 2862 1445 2917 aliis.
1492 2863 1650 2918 Dedit
1697 2863 1970 2935 discipulis
2018 2865 2126 2920 suis

544 2967 703 3020 panes
732 2969 750 3005 .·
780 2951 1023 3024 discipuli
1040 2949 1218 3009 autem
1249 2955 1435 3010 turbis.
1467 2955 1602 3023 Quia
1651 2957 1766 3026 ipse
1809 2974 1906 3027 per
1930 2973 1987 3013 se
2034 2973 2128 3014 eos

544 3044 776 3097 erudivit
801 3053 856 3100 et
881 3061 977 3116 per
1024 3047 1294 3117 apostolos
1321 3057 1529 3118 gentes.
1581 3051 1646 3102 At
1677 3050 2126 3104 manducaverunt

545 3144 590 3186 et
621 3137 846 3190 saturati
878 3145 1019 3190 sunt.
1047 3135 1295 3194 Ostendit
1335 3140 1711 3195 assiduitatem
1760 3141 2128 3210 apostolorum

2231 1947 2309 2000 dit
2339 1946 2467 2016 quid
2496 1945 2788 2001 debeamus
2809 1945 3007 2012 facere,
3039 1948 3130 2016 qui
3173 1946 3296 2016 puri
3333 1947 3606 2002 homines
3655 1963 3830 2002 sum

2230 2053 2354 2093 cum
2377 2037 2615 2107 peccatis
2630 2055 2645 2104 ;
2659 2030 2705 2092 si
2721 2039 2838 2108 ipse
2859 2037 3062 2107 absque
3075 2045 3302 2108 peccato
3323 2037 3664 2108 frequenter
3683 2055 3830 2094 var:-

2227 2127 2322 2182 bat
2346 2129 2598 2195 orationi,
2631 2129 2798 2184 etiam
2826 2129 3043 2198 quando
3071 2127 3276 2197 aliquid
3327 2129 3462 2184 boni
3509 2131 3648 2201 quis
3677 2129 3826 2192 facit,

2234 2227 2328 2272 aut
2361 2219 2650 2286 excellens,
2701 2219 2930 2274 Domino
2959 2219 3120 2275 debet
3163 2218 3376 2275 referre
3403 2223 3632 2291 gratias
3659 2237 3690 2276 a
3737 2237 3830 2292 quo

2230 2325 2293 2364 ea
2317 2311 2458 2380 cepit
2489 2317 2547 2364 ut
2577 2307 2809 2376 faceret;
2840 2321 2894 2367 et
2922 2325 3083 2367 orare
3125 2327 3192 2366 ne
3223 2311 3408 2384 aliqua
3441 2313 3620 2368 elatio
3647 2313 3724 2368 dli
3747 2331 3829 2384 pro

2227 2399 2334 2456 hoc
2371 2399 2513 2456 facto
2542 2401 2824 2472 subripiat.
2871 2401 3024 2469 Quod
3061 2402 3258 2474 refugit
3295 2404 3512 2459 habere
3559 2413 3827 2460 terrenam

2227 2502 2570 2566 potestatem,
2604 2497 2732 2565 quid
2759 2495 2916 2551 electi
2943 2495 3058 2566 ejus
3091 2495 3272 2552 facere
3297 2495 3546 2553 debeant
3579 2499 3826 2564 ostendit,

2229 2588 2355 2656 quia
2409 2587 2588 2642 nullus
2632 2595 2811 2658 potest
2857 2587 3058 2644 habere
3103 2599 3432 2660 potestatem
3483 2594 3618 2648 sine
3663 2593 3826 2647 multis

2229 2679 2487 2749 peccatis.
2515 2677 2808 2747 Pmpterea
2839 2679 2930 2750 qui
2960 2679 3073 2734 vult
3103 2679 3406 2738 sublimiter
3450 2699 3591 2738 cum
3623 2683 3826 2740 Christo

2229 2783 2477 2840 regnare,
2511 2783 2618 2823 non
2662 2777 2815 2824 curet
2861 2771 3061 2825 habere
3105 2781 3438 2842 potestatem
3495 2773 3556 2827 in
3593 2775 3702 2828 hoc
3741 2789 3824 2827 SI-

2229 2859 2349 2914 culo
2384 2878 2394 2911 :
2430 2859 2580 2929 quia,
2607 2859 2652 2914 si
2683 2867 2827 2915 esset
2855 2859 3173 2931 appetenda,
3221 2871 3314 2916 aut
3343 2863 3468 2932 ipse
3501 2863 3784 2918 habuisset
3809 2903 3822 2922 ς

2229 2957 2322 3004 aut
2349 2950 2508 3004 matri
2539 2951 2806 3015 dedisset,
2856 2959 2948 3004 aut
2987 2952 3244 3020 apostolis
3271 2953 3408 3008 suis.
3459 2953 3666 3024 Neque
3691 2969 3824 3023 reges

2229 3043 2294 3097 de
2325 3059 2490 3114 regno
2521 3051 2734 3098 certare
2783 3043 2998 3097 debent.
3047 3043 3180 3110 Quia
3219 3059 3318 3113 pro
3361 3055 3530 3100 certo
3581 3045 3824 3100 Dominus

2229 3133 2392 3188 habet
2415 3134 2722 3188 ordinatum
2748 3133 3056 3204 quicunque
3081 3149 3236 3206 reges
3259 3151 3384 3190 esse
3409 3137 3630 3192 debent
3655 3138 3708 3190 in
3737 3137 3822 3190 hoc

545 3231 599 3276 et
623 3226 1004 3292 perfectionem
1034 3229 1088 3282 in
1128 3229 1370 3285 doctrina
1403 3247 1520 3285 sua.
1554 3231 1621 3285 Et
1649 3231 1971 3287 sustulerunt
2004 3233 2123 3287 reli-

2229 3223 2445 3288 saaculo,
2479 3223 2619 3277 sicut
2651 3223 2720 3279 de
2765 3223 2870 3278 illis
2896 3229 3015 3278 erat
3059 3239 3194 3293 quos
3245 3225 3496 3280 ostendit
3547 3227 3700 3282 Deus
3741 3227 3826 3286 Da-

545 3315 717 3384 quius,
751 3315 1024 3369 duodecim
1073 3319 1337 3388 cophinos.
1373 3319 1479 3374 Per
1507 3322 1766 3391 reliquias
1792 3321 2124 3392 fragmento-

550 3419 691 3470 rum,
738 3407 1030 3461 sacratiora
1062 3409 1316 3479 mysteria
1342 3427 1462 3480 quae
1492 3412 1662 3466 turbae
1689 3412 1988 3483 intelligere
2032 3429 2127 3470 ne—

544 3495 798 3564 quibant;
839 3497 963 3566 quia
997 3499 1134 3553 sicut
1182 3515 1415 3555 canones
1457 3503 1795 3572 praecipiunt,
1845 3504 2126 3574 profundae

544 3587 872 3653 quaestiones
902 3603 1007 3642 non
1043 3599 1170 3643 sunt
1209 3591 1486 3645 movenda:
1515 3593 1568 3645 in
1600 3593 1796 3656 turbis,
1831 3609 1932 3648 nec
1954 3610 1984 3646 a
2007 3609 2126 3663 per-

543 3677 698 3733 fectis
739 3681 1088 3750 negligendze,
1126 3681 1219 3736 sed
1267 3683 1601 3751 inquirenda:
1635 3697 1666 3736 a
1697 3683 1969 3752 perfectis.
2021 3683 2125 3740 Per

544 3768 827 3824 duodecim
856 3773 1133 3839 cophinos,
1175 3787 1402 3842 corpora
1443 3772 1724 3827 duodecim
1757 3773 2124 3841 apostolorum

543 3875 660 3930 qua:
689 3861 814 3916 vilia
841 3877 872 3915 a
915 3861 1044 3918 foris
1071 3862 1321 3930 fuerunt;
1372 3865 1464 3918 sed
1521 3863 1666 3918 intus
1695 3865 1905 3936 magnis
1936 3879 2122 3920 sacra-

541 3951 736 4005 mentis
769 3951 970 4022 repleta
1001 3952 1235 4008 fuerunt.
1269 3953 1545 4024 Cophinus
1571 3955 1853 4010 vasculum
1885 3957 2120 4012 rustico-

541 4053 661 4093 rum
688 4049 770 4095 cst
790 4042 853 4096 de
875 4043 1095 4114 virgulis
1125 4041 1348 4110 factum,
1381 4045 1448 4099 ad
1479 4054 1678 4100 terram
1705 4047 2115 4118 deportandum.

541 4127 698 4185 Unde
739 4131 794 4184 in
824 4133 1029 4200 psalmo
1055 4135 1122 4188 de
1150 4133 1346 4204 Joseph
1375 4153 1387 4188 :
1433 4133 1626 4190 Manus
1655 4137 1769 4207 ejus
1815 4137 1871 4190 in
1900 4137 2119 4208 cophino

540 4221 844 4274 servierunt.
897 4221 1210 4291 Requiritur
1245 4226 1387 4279 unde
1439 4225 1492 4279 in
1547 4233 1658 4280 tam
1707 4235 1864 4282 vasto
1911 4241 2118 4294 eremo,

539 4327 661 4369 cum
692 4327 860 4382 panes
889 4327 998 4366 non
1026 4313 1225 4366 fuerint
1255 4315 1457 4370 inventi
1490 4317 1595 4370 nisi
1639 4318 1878 4386 quinque
1917 4327 1970 4372 et
2015 4319 2122 4373 duo

537 4407 735 4478 pisces,
767 4407 906 4461 unde
933 4405 1066 4460 tanti
1099 4407 1352 4478 c0phini?
1379 4406 1486 4463 Sed
1521 4407 1796 4464 sciendum
1823 4410 1966 4480 quod
2001 4425 2124 4464 cum

535 4497 767 4551 infirmis
796 4505 1057 4552 venerunt
1082 4503 1136 4552 et
1161 4498 1384 4552 sanatis.
1415 4497 1670 4564 lniirmis,
1699 4499 1842 4554 sicut
1873 4489 2010 4555 dixit
2032 4517 2122 4556 su-

533 4587 735 4658 perius,
772 4589 968 4641 curavit
1015 4571 1290 4657 languidos
1321 4605 1524 4654 eorum,
1570 4589 1786 4659 cophini
1815 4591 1985 4664 _vacui
2030 4605 2119 4645 re-

533 4688 868 4732 manserunt.
904 4677 1337 4732 Manducantium
1373 4689 1546 4733 autem
1573 4681 1674 4749 fuit
1699 4699 1948 4737 numerus
1967 4683 2119 4753 quin-

532 4783 632 4837 que
675 4767 842 4820 millia
870 4769 1123 4835 virorum,
1166 4771 1389 4839 exceptis
1435 4771 1667 4839 parvulis
1709 4783 1756 4826 et
1789 4771 2114 4826 mulieribus.

531 4855 638 4912 Per
670 4859 904 4927 quinque
935 4859 1098 4912 millia
1135 4859 1209 4913 illi
1245 4857 1568 4930 ﬁgurantur,
1597 4863 1690 4931 qui
1722 4863 1962 4935 quinque
1987 4878 2114 4918 sen-

532 4945 684 5002 sibus
710 4947 953 5017 corporis
981 4947 1119 5003 bene
1154 4951 1232 5004 uti
1277 4959 1559 5012 noverunt,
1607 4953 1784 5008 adhuc
1826 4953 2116 5010 exteriori-

531 5035 636 5091 bus
664 5037 921 5106 operibus
949 5037 1232 5109 implicati.
1272 5039 1374 5108 Qui
1403 5051 1553 5097 recte
1604 5043 1845 5114 quinque
1885 5046 2116 5114 panibus

533 5129 770 5196 aluntur,
797 5129 922 5199 quia
953 5145 1172 5187 necesse
1200 5141 1283 5188 est
1321 5149 1416 5189 eos
1445 5133 1716 5204 regalibus
1745 5135 1950 5190 institui
1979 5151 2116 5206 prae-

531 5223 723 5292 ceptis.
774 5221 910 5277 Nam
938 5237 1044 5279 non
1077 5231 1260 5278 tenent
1307 5227 1482 5281 adhuc
1529 5226 1675 5280 illam
1705 5225 2110 5294 perfectionem,

533 5327 694 5380 quam
727 5321 912 5370 tenent
949 5315 1040 5386 qui
1063 5325 1295 5386 quatuor
1321 5323 1376 5370 et
1413 5317 1481 5370 de
1522 5327 1728 5387 septem
1756 5317 1986 5386 panibus
2027 5333 2113 5374 sa-

533 5403 652 5458 tiati
679 5415 823 5460 sunt.
857 5405 1109 5462 Mulieres
1135 5419 1316 5462 autem
1340 5417 1394 5462 et
1425 5409 1632 5480 parvuli
1665 5425 1772 5464 non
1801 5417 1927 5464 sunt
1963 5409 2109 5479 digni

533 5503 780 5558 numero,
806 5495 932 5565 quia
955 5497 1220 5553 instabilis
1241 5511 1399 5552 sexus
1427 5507 1482 5553 et
1501 5497 1777 5554 mutabilis
1803 5507 1904 5554 est.
1934 5497 2110 5553 Infan-

535 5585 620 5634 tes
661 5595 788 5637 vero
835 5585 892 5639 in
937 5585 1254 5657 imperfecta
1287 5596 1450 5644 aetate
1491 5598 1637 5656 sunt,
1679 5597 1966 5660 propterea
2007 5605 2110 5646 nec

535 5687 762 5726 numero
789 5674 956 5742 digni.

2226 3316 2353 3369 nieli
2387 3333 2398 3368 :
2435 3315 2539 3381 Qui
2567 3315 2690 3371 bene
2720 3317 2828 3370 vult
2857 3333 3092 3388 regnare,
3134 3325 3396 3388 exspectet
3431 3329 3490 3373 ut
3531 3337 3572 3374 α
3615 3319 3820 3374 Domino

2225 3407 2482 3476 accipiat;
2525 3407 2664 3462 sicut
2702 3407 2872 3464 David
2923 3407 3068 3464 fecit.
3119 3409 3254 3464 Cum
3305 3413 3482 3467 sciret
3533 3415 3688 3482 quod
3739 3429 3816 3468 rex

2224 3497 2476 3554 inuuctus
2507 3507 2671 3566 esset,
2703 3515 2810 3556 non
2841 3499 3088 3570 quaesivit
3121 3501 3252 3555 illud
3295 3517 3424 3556 cum
3459 3505 3753 3574 sanguine,
3773 3515 3822 3556 ut

2224 3589 2498 3645 occideret
2539 3605 2743 3659 regem,
2791 3605 2914 3646 cum
2961 3591 3138 3646 locum
3191 3593 3426 3648 haberet
3477 3593 3814 3666 frequenter;

2225 3695 2400 3752 neque
2447 3680 2614 3736 tilium
2645 3681 2760 3752 ejus
2791 3689 2914 3752 post
2942 3691 3172 3738 mortem
3199 3683 3352 3754 ejus;
3387 3699 3582 3754 neque
3635 3687 3814 3741 bellum

2225 3769 2405 3824 intulit
2432 3785 2540 3826 suae
2569 3771 2755 3840 genti:
2805 3771 2898 3826 sed
2935 3771 3072 3844 fugit
3119 3787 3218 3842 per
3265 3773 3482 3829 alienas
3527 3785 3730 3840 terras,
3771 3785 3816 3830 ct

2223 3870 2432 3931 patrem
2478 3871 2534 3916 et
2571 3871 2800 3918 matrem
2847 3873 3068 3920 coactus
3106 3873 3190 3919 est
3235 3866 3479 3922 educere
3525 3869 3586 3924 in
3631 3879 3812 3925 term

2224 3951 2489 4019 alienam;
2517 3961 2834 4009 extraneam
2882 3955 2984 4009 sibi
3030 3954 3402 4012 haereditatem
3443 3967 3502 4012 et
3531 3971 3812 4030 parentum

2221 4059 2443 4098 suorum
2482 4045 2826 4114 praestolatus
2871 4053 2955 4100 est
2999 4061 3279 4116 quousque
3323 4047 3440 4102 Deo
3483 4049 3718 4119 placuit.
3759 4051 3814 4104 Et

2222 4133 2425 4190 idcirco
2456 4149 2564 4189 non
2603 4133 2776 4189 solum
2803 4133 2979 4204 ipsum
3023 4149 3248 4205 regnum
3289 4138 3530 4206 adeptus
3571 4151 3698 4202 est,
3735 4139 3810 4194 sed

2222 4235 2276 4283 et
2305 4225 2408 4280 alia
2447 4225 2634 4280 multa.
2681 4223 2786 4294 Qui
2819 4233 2998 4282 autem
3043 4227 3200 4282 aliter
3227 4227 3480 4282 introivit
3511 4231 3572 4284 in
3603 4247 3812 4302 reg-nun

2224 4317 2328 4372 nisi
2357 4333 2454 4388 per
2481 4317 2816 4372 voluntatem
2858 4317 2977 4386 Dei,
3007 4320 3252 4388 permisit
3291 4321 3340 4376 ei
3391 4321 3548 4377 Deus
3573 4325 3666 4378 vel
3707 4339 3812 4394 pro-

2225 4420 2348 4478 pter
2389 4407 2557 4476 ipsius
2587 4417 2868 4478 peccatum
2913 4409 3000 4464 vel
3041 4417 3260 4478 propter
3301 4411 3690 4481 subjecton
3735 4413 3812 4467 ila-

2227 4497 2422 4568 gellum
2461 4505 2520 4552 ut
2568 4498 2940 4553 dominaretur
2985 4513 3240 4567 perverse
3283 4499 3430 4554 sicut
3479 4501 3708 4558 Zambri
3737 4505 3808 4576 qui

2223 4589 2422 4642 occidit
2471 4587 2645 4653 Elam,
2691 4595 2745 4643 et
2793 4589 2999 4658 accepit
3037 4604 3263 4659 regnum
3305 4589 3428 4660 ejus
3475 4599 3533 4646 et
3583 4595 3808 4664 regnavit

2221 4687 2438 4749 septem'
2459 4677 2685 4733 diebus:
2719 4679 2970 4734 similiter
2993 4677 3218 4734 Phocea:
3249 4679 3456 4735 occidit
3491 4681 3806 4746 Phaceim,

2219 4779 2274 4824 et
2305 4771 2512 4839 accepit
2542 4785 2800 4840 regnum;
2835 4771 2930 4826 sed
2957 4772 3070 4840 ipse
3097 4771 3308 4828 occisus
3337 4781 3426 4828 est
3467 4777 3540 4832 ab
3575 4775 3742 4843 Osca,
3765 4785 3806 4830 et

2218 4859 2321 4916 iste
2347 4869 2536 4931 captus
2571 4875 2694 4916 cum
2737 4869 2850 4916 toto
2889 4861 3054 4918 Israel
3099 4865 3166 4918 ab
3205 4863 3470 4936 Assyriis.

2293 5033 2556 5089 Similiter
2598 5035 2664 5089 de
2695 5035 2966 5106 episcopis
3003 5037 3165 5092 credo
3191 5037 3334 5106 quod
3365 5038 3515 5095 Deus
3539 5043 3808 5097 ordinatos

2219 5123 2440 5188 habeat,
2470 5125 2560 5194 qui
2587 5139 2708 5180 esse
2753 5127 2984 5182 debeant
3029 5128 3084 5182 in
3119 5129 3229 5183 hoc
3279 5129 3481 5184 saeculo
3531 5133 3802 5203 episcopi;

2219 5214 2314 5270 sed
2351 5229 2460 5268 non
2505 5223 2726 5283 propter
2765 5215 2913 5284 ipsos
2938 5255 2952 5280 ,
2999 5229 3186 5270 verum
3239 5227 3466 5288 propter
3503 5223 3804 5291 subjectos,

2217 5306 2272 5360 in
2297 5305 2492 5376 quibus
2528 5306 2680 5361 multi
2705 5308 2881 5362 sancti
2925 5308 3209 5364 habentur.
3243 5309 3546 5381 Propterea
3569 5329 3684 5368 non
3709 5317 3802 5370 erit

2211 5411 2435 5453 necesse
2479 5397 2730 5468 cuiquam
2767 5399 3016 5455 laborare
3063 5401 3298 5457 inaniter
3345 5417 3448 5472 pro
3491 5407 3804 5478 episcopatu

2211 5502 2268 5548 et
2303 5509 2424 5548 cum
2469 5503 2692 5563 peccato
2727 5493 2954 5550 introire
3003 5509 3018 5549 :
3055 5497 3179 5565 quia
3229 5497 3277 5551 si
3315 5497 3612 5554 ordinatus
3658 5513 3740 5556 est
3777 5517 3802 5554 ι

2211 5585 2344 5652 Deo,
2384 5587 2520 5651 erit;
2561 5587 2606 5641 si
2645 5593 2826 5641 autem
2865 5587 2984 5642 sine
3025 5587 3302 5644 voluntate
3349 5589 3446 5644 Dei
3493 5591 3800 5652 intmierit.

2213 5679 2317 5734 cito
2345 5677 2586 5742 decidet;
2621 5687 2676 5732 et
2699 5677 2744 5732 si
2775 5693 2919 5733 mors
2972 5695 3094 5733 eum
3124 5679 3196 5733 ibi
3225 5679 3520 5746 invenerit,
3551 5683 3678 5738 sine
3705 5685 3800 5738 ﬁne

605 5761 676 5816 Et
703 5760 880 5818 statim
897 5761 1060 5831 jussit
1093 5765 1380 5840 discipulos
1409 5785 1546 5838 suos_
1575 5770 1850 5828 ascendere
1880 5771 1936 5828 in
1957 5771 2104 5827 navi-
2163 5823 2168 5828 .
2207 5769 2266 5838 in
2312 5768 2528 5830 inferno
2555 5769 2678 5838 erit,
2719 5769 2846 5841 quia
2875 5769 2932 5827 in
2979 5769 3170 5842 rapina
3197 5769 3367 5830 vitam
3405 5770 3612 5830 ﬁnivit.
3651 5773 3796 5832 Una
