  <div class='ocr_page' id='page_1' title='image "/cluster/home/n/w/nwhite01/storage/ocr_20150623/106/hvd.32044015565179/700.png"; bbox 0 0 3988 6448; ppageno 0'>
   <div class='ocr_carea' id='block_1_1' title="bbox 268 368 404 430">
    <p class='ocr_par' dir='ltr' id='par_1_1' title="bbox 268 368 404 430">
     <span class='ocr_line' id='line_1_1' title="bbox 268 368 404 430; baseline 0 -1"><span class='ocrx_word' id='word_1_1' title='bbox 268 368 404 430; x_wconf 70' lang='lat' dir='ltr'><strong>M01</strong></span> 
     </span>
    </p>
   </div>
   <div class='ocr_carea' id='block_1_2' title="bbox 1251 364 2342 456">
    <p class='ocr_par' dir='ltr' id='par_1_2' title="bbox 1251 364 2342 456">
     <span class='ocr_line' id='line_1_2' title="bbox 1251 364 2342 456; baseline -0.007 -22"><span class='ocrx_word' id='word_1_2' title='bbox 1251 427 1258 434; x_wconf 88' lang='lat'><strong>.</strong></span> <span class='ocrx_word' id='word_1_3' title='bbox 1335 364 1760 448; x_wconf 73' lang='lat' dir='ltr'><strong>..EXPO$1TIO</strong></span> <span class='ocrx_word' id='word_1_4' title='bbox 1795 366 1866 450; x_wconf 73' lang='lat' dir='ltr'><strong>1N</strong></span> <span class='ocrx_word' id='word_1_5' title='bbox 1905 367 2342 456; x_wconf 22' lang='lat' dir='ltr'><strong>MAT&#39;THJEUM.</strong></span> 
     </span>
    </p>
   </div>
   <div class='ocr_carea' id='block_1_3' title="bbox 3383 371 3528 431">
    <p class='ocr_par' dir='ltr' id='par_1_3' title="bbox 3383 371 3528 431">
     <span class='ocr_line' id='line_1_3' title="bbox 3383 371 3528 431; baseline 0.021 -3"><span class='ocrx_word' id='word_1_6' title='bbox 3383 371 3528 431; x_wconf 71' lang='grc'><strong>1402</strong></span> 
     </span>
    </p>
   </div>
   <div class='ocr_carea' id='block_1_4' title="bbox 266 465 3524 574">
    <p class='ocr_par' dir='ltr' id='par_1_4' title="bbox 266 465 3524 574">
     <span class='ocr_line' id='line_1_4' title="bbox 266 465 3524 574; baseline 0.003 -31"><span class='ocrx_word' id='word_1_7' title='bbox 266 488 470 554; x_wconf 76' lang='lat' dir='ltr'><strong>dictum</strong></span> <span class='ocrx_word' id='word_1_8' title='bbox 511 491 596 542; x_wconf 87' lang='lat' dir='ltr'><strong>est</strong></span> <span class='ocrx_word' id='word_1_9' title='bbox 613 545 616 548; x_wconf 93' lang='lat'><strong><em>_</em></strong></span> <span class='ocrx_word' id='word_1_10' title='bbox 631 483 846 564; x_wconf 77' lang='lat' dir='ltr'><strong>qpando</strong></span> <span class='ocrx_word' id='word_1_11' title='bbox 871 485 1144 554; x_wconf 78' lang='lat' dir='ltr'><strong>ascendit,</strong></span> <span class='ocrx_word' id='word_1_12' title='bbox 1173 485 1253 543; x_wconf 91' lang='lat' dir='ltr'><strong>sic</strong></span> <span class='ocrx_word' id='word_1_13' title='bbox 1275 487 1458 543; x_wconf 77' lang='lat' dir='ltr'><strong>veniet</strong></span> <span class='ocrx_word' id='word_1_14' title='bbox 1495 465 2071 574; x_wconf 18' lang='lat' dir='ltr'><strong>quemadmo-l‘A-quia</strong></span> <span class='ocrx_word' id='word_1_15' title='bbox 2093 469 2199 549; x_wconf 83' lang='lat' dir='ltr'><strong>non</strong></span> <span class='ocrx_word' id='word_1_16' title='bbox 2214 467 2572 553; x_wconf 80' lang='lat' dir='ltr'><strong>substantiam</strong></span> <span class='ocrx_word' id='word_1_17' title='bbox 2592 497 2913 564; x_wconf 88' lang='lat' dir='ltr'><strong>amiserunt,</strong></span> <span class='ocrx_word' id='word_1_18' title='bbox 2927 481 3524 568; x_wconf 76' lang='lat' dir='ltr'><strong>sedclaritatedeSuper</strong></span> 
     </span>
    </p>
   </div>
   <div class='ocr_carea' id='block_1_5' title="bbox 263 577 1882 652">
    <p class='ocr_par' dir='ltr' id='par_1_5' title="bbox 263 577 1882 652">
     <span class='ocr_line' id='line_1_5' title="bbox 263 577 1882 652; baseline 0 -18"><span class='ocrx_word' id='word_1_19' title='bbox 263 578 392 634; x_wconf 89' lang='lat' dir='ltr'><strong>dum</strong></span> <span class='ocrx_word' id='word_1_20' title='bbox 422 578 633 633; x_wconf 75' lang='lat' dir='ltr'><strong>vidistis</strong></span> <span class='ocrx_word' id='word_1_21' title='bbox 653 592 776 633; x_wconf 91' lang='lat' dir='ltr'><strong>eum</strong></span> <span class='ocrx_word' id='word_1_22' title='bbox 806 587 1043 643; x_wconf 91' lang='lat' dir='ltr'><strong>euntem,</strong></span> <span class='ocrx_word' id='word_1_23' title='bbox 1074 587 1133 634; x_wconf 90' lang='lat' dir='ltr'><strong>ut</strong></span> <span class='ocrx_word' id='word_1_24' title='bbox 1158 579 1375 634; x_wconf 81' lang='lat' dir='ltr'><strong>videant</strong></span> <span class='ocrx_word' id='word_1_25' title='bbox 1401 596 1523 634; x_wconf 91' lang='lat' dir='ltr'><strong>eum</strong></span> <span class='ocrx_word' id='word_1_26' title='bbox 1555 588 1609 634; x_wconf 88' lang='lat' dir='ltr'><strong>et</strong></span> <span class='ocrx_word' id='word_1_27' title='bbox 1635 579 1764 652; x_wconf 89' lang='lat' dir='ltr'><strong>boni</strong></span> <span class='ocrx_word' id='word_1_28' title='bbox 1790 587 1844 634; x_wconf 89' lang='lat' dir='ltr'><strong>et</strong></span> <span class='ocrx_word' id='word_1_29' title='bbox 1869 577 1882 600; x_wconf 79' lang='lat'>&quot;</span> 
     </span>
    </p>
   </div>
   <div class='ocr_carea' id='block_1_6' title="bbox 268 668 1844 746">
    <p class='ocr_par' dir='ltr' id='par_1_6' title="bbox 268 668 1844 746">
     <span class='ocr_line' id='line_1_6' title="bbox 268 668 1844 746; baseline 0 -20"><span class='ocrx_word' id='word_1_30' title='bbox 268 669 390 734; x_wconf 83' lang='lat' dir='ltr'><strong>mali</strong></span> <span class='ocrx_word' id='word_1_31' title='bbox 421 685 580 744; x_wconf 84' lang='lat' dir='ltr'><strong>quem</strong></span> <span class='ocrx_word' id='word_1_32' title='bbox 604 677 1066 746; x_wconf 85' lang='lat' dir='ltr'><strong>contempserunt,</strong></span> <span class='ocrx_word' id='word_1_33' title='bbox 1096 671 1236 740; x_wconf 88' lang='lat' dir='ltr'><strong>sicut</strong></span> <span class='ocrx_word' id='word_1_34' title='bbox 1271 671 1530 744; x_wconf 90' lang='lat' dir='ltr'><strong>scriptum</strong></span> <span class='ocrx_word' id='word_1_35' title='bbox 1583 677 1666 728; x_wconf 91' lang='lat' dir='ltr'><strong>est</strong></span> <span class='ocrx_word' id='word_1_36' title='bbox 1693 690 1703 724; x_wconf 89' lang='lat'><strong>:</strong></span> <span class='ocrx_word' id='word_1_37' title='bbox 1752 668 1844 726; x_wconf 85' lang='lat' dir='ltr'><strong>Vi-</strong></span> 
     </span>
    </p>
   </div>
   <div class='ocr_carea' id='block_1_7' title="bbox 262 761 1843 843">
    <p class='ocr_par' dir='ltr' id='par_1_7' title="bbox 262 761 1843 843">
     <span class='ocr_line' id='line_1_7' title="bbox 262 761 1843 843; baseline -0.013 -18"><span class='ocrx_word' id='word_1_38' title='bbox 262 762 399 832; x_wconf 58' lang='grc' dir='ltr'><em>αβὺρι</em></span> <span class='ocrx_word' id='word_1_39' title='bbox 431 779 548 822; x_wconf 77' lang='lat' dir='ltr'><strong>eum</strong></span> <span class='ocrx_word' id='word_1_40' title='bbox 572 763 740 838; x_wconf 79' lang='lat' dir='ltr'><strong>omnis</strong></span> <span class='ocrx_word' id='word_1_41' title='bbox 762 763 965 840; x_wconf 75' lang='lat' dir='ltr'><strong>oculus,</strong></span> <span class='ocrx_word' id='word_1_42' title='bbox 992 773 1039 822; x_wconf 82' lang='lat' dir='ltr'><strong>et</strong></span> <span class='ocrx_word' id='word_1_43' title='bbox 1064 763 1153 836; x_wconf 88' lang='lat' dir='ltr'><strong>qui</strong></span> <span class='ocrx_word' id='word_1_44' title='bbox 1169 780 1287 817; x_wconf 83' lang='lat' dir='ltr'><strong>eum</strong></span> <span class='ocrx_word' id='word_1_45' title='bbox 1309 774 1662 843; x_wconf 74' lang='lat' dir='ltr'><strong>pupugerum,</strong></span> <span class='ocrx_word' id='word_1_46' title='bbox 1684 761 1843 819; x_wconf 68' lang='lat' dir='ltr'><strong>Vide-</strong></span> 
     </span>
    </p>
   </div>
   <div class='ocr_carea' id='block_1_8' title="bbox 261 852 1843 937">
    <p class='ocr_par' dir='ltr' id='par_1_8' title="bbox 261 852 1843 937">
     <span class='ocr_line' id='line_1_8' title="bbox 261 852 1843 937; baseline 0.003 -29"><span class='ocrx_word' id='word_1_47' title='bbox 261 852 598 928; x_wconf 61' lang='lat' dir='ltr'><strong>buntautem</strong></span> <span class='ocrx_word' id='word_1_48' title='bbox 624 871 746 920; x_wconf 81' lang='lat' dir='ltr'><strong>eum</strong></span> <span class='ocrx_word' id='word_1_49' title='bbox 785 855 968 937; x_wconf 76' lang='lat' dir='ltr'><strong>iniusti</strong></span> <span class='ocrx_word' id='word_1_50' title='bbox 995 856 1327 930; x_wconf 76' lang='lat' dir='ltr'><strong>terribilem,</strong></span> <span class='ocrx_word' id='word_1_51' title='bbox 1347 855 1484 926; x_wconf 81' lang='lat' dir='ltr'><strong>justi</strong></span> <span class='ocrx_word' id='word_1_52' title='bbox 1519 855 1706 912; x_wconf 85' lang='lat' dir='ltr'><strong>mitem</strong></span> <span class='ocrx_word' id='word_1_53' title='bbox 1736 873 1843 912; x_wconf 86' lang='lat' dir='ltr'><strong>una</strong></span> 
     </span>
    </p>
   </div>
   <div class='ocr_carea' id='block_1_9' title="bbox 261 947 1842 1020">
    <p class='ocr_par' dir='ltr' id='par_1_9' title="bbox 261 947 1842 1020">
     <span class='ocr_line' id='line_1_9' title="bbox 261 947 1842 1020; baseline 0 -16"><span class='ocrx_word' id='word_1_54' title='bbox 261 947 558 1020; x_wconf 69' lang='lat' dir='ltr'><strong>eademque</strong></span> <span class='ocrx_word' id='word_1_55' title='bbox 584 949 776 1006; x_wconf 84' lang='lat' dir='ltr'><strong>forma.</strong></span> <span class='ocrx_word' id='word_1_56' title='bbox 811 947 903 1004; x_wconf 81' lang='lat' dir='ltr'><strong>Vel</strong></span> <span class='ocrx_word' id='word_1_57' title='bbox 927 964 1152 1020; x_wconf 78' lang='lat' dir='ltr'><strong>regnum</strong></span> <span class='ocrx_word' id='word_1_58' title='bbox 1178 949 1296 1019; x_wconf 86' lang='lat' dir='ltr'><strong>ejus</strong></span> <span class='ocrx_word' id='word_1_59' title='bbox 1328 963 1569 1019; x_wconf 59' lang='lat' dir='ltr'><strong>praesens</strong></span> <span class='ocrx_word' id='word_1_60' title='bbox 1600 947 1842 1018; x_wconf 77' lang='lat' dir='ltr'><strong>Ecclesia</strong></span> 
     </span>
    </p>
   </div>
   <div class='ocr_carea' id='block_1_10' title="bbox 251 1039 1842 1116">
    <p class='ocr_par' dir='ltr' id='par_1_10' title="bbox 251 1039 1842 1116">
     <span class='ocr_line' id='line_1_10' title="bbox 251 1039 1842 1116; baseline -0.003 -14"><span class='ocrx_word' id='word_1_61' title='bbox 251 1039 603 1111; x_wconf 71' lang='lat' dir='ltr'><strong>intelligitur.</strong></span> <span class='ocrx_word' id='word_1_62' title='bbox 636 1055 795 1112; x_wconf 85' lang='lat' dir='ltr'><strong>quam</strong></span> <span class='ocrx_word' id='word_1_63' title='bbox 831 1041 988 1114; x_wconf 78' lang='lat' dir='ltr'><strong>multi</strong></span> <span class='ocrx_word' id='word_1_64' title='bbox 1009 1041 1263 1114; x_wconf 79' lang='lat' dir='ltr'><strong>viderunt</strong></span> <span class='ocrx_word' id='word_1_65' title='bbox 1289 1039 1570 1116; x_wconf 79' lang='lat' dir='ltr'><strong>fundatam</strong></span> <span class='ocrx_word' id='word_1_66' title='bbox 1597 1041 1651 1096; x_wconf 92' lang='lat' dir='ltr'><strong>in</strong></span> <span class='ocrx_word' id='word_1_67' title='bbox 1677 1057 1842 1097; x_wconf 90' lang='lat' dir='ltr'><strong>carne</strong></span> 
     </span>
    </p>
   </div>
   <div class='ocr_carea' id='block_1_11' title="bbox 253 1127 1842 1206">
    <p class='ocr_par' dir='ltr' id='par_1_11' title="bbox 253 1127 1842 1206">
     <span class='ocr_line' id='line_1_11' title="bbox 253 1127 1842 1206; baseline 0.003 -22"><span class='ocrx_word' id='word_1_68' title='bbox 253 1139 551 1200; x_wconf 80' lang='lat' dir='ltr'><strong>antequam</strong></span> <span class='ocrx_word' id='word_1_69' title='bbox 580 1139 811 1188; x_wconf 87' lang='lat' dir='ltr'><strong>mortem</strong></span> <span class='ocrx_word' id='word_1_70' title='bbox 828 1139 1178 1204; x_wconf 70' lang='lat' dir='ltr'><strong>gustassent,</strong></span> <span class='ocrx_word' id='word_1_71' title='bbox 1197 1132 1349 1206; x_wconf 90' lang='lat' dir='ltr'><strong>_sicut</strong></span> <span class='ocrx_word' id='word_1_72' title='bbox 1379 1127 1614 1202; x_wconf 83' lang='lat' dir='ltr'><strong>Joannes</strong></span> <span class='ocrx_word' id='word_1_73' title='bbox 1651 1131 1744 1204; x_wconf 89' lang='lat' dir='ltr'><strong>qui</strong></span> <span class='ocrx_word' id='word_1_74' title='bbox 1773 1133 1842 1188; x_wconf 89' lang='lat' dir='ltr'><strong>ad</strong></span> 
     </span>
    </p>
   </div>
   <div class='ocr_carea' id='block_1_12' title="bbox 255 1222 1842 1298">
    <p class='ocr_par' dir='ltr' id='par_1_12' title="bbox 255 1222 1842 1298">
     <span class='ocr_line' id='line_1_12' title="bbox 255 1222 1842 1298; baseline 0.003 -20"><span class='ocrx_word' id='word_1_75' title='bbox 255 1230 466 1292; x_wconf 70' lang='lat' dir='ltr'><strong>septem</strong></span> <span class='ocrx_word' id='word_1_76' title='bbox 494 1222 765 1290; x_wconf 72' lang='lat' dir='ltr'><strong>Ecclesias</strong></span> <span class='ocrx_word' id='word_1_77' title='bbox 794 1222 1015 1298; x_wconf 81' lang='lat' dir='ltr'><strong>scribit,</strong></span> <span class='ocrx_word' id='word_1_78' title='bbox 1057 1231 1117 1282; x_wconf 89' lang='lat' dir='ltr'><strong>ut</strong></span> <span class='ocrx_word' id='word_1_79' title='bbox 1141 1230 1288 1294; x_wconf 83' lang='lat' dir='ltr'><strong>esset</strong></span> <span class='ocrx_word' id='word_1_80' title='bbox 1335 1223 1413 1278; x_wconf 91' lang='lat' dir='ltr'><strong>eis</strong></span> <span class='ocrx_word' id='word_1_81' title='bbox 1439 1223 1736 1279; x_wconf 81' lang='lat' dir='ltr'><strong>consolatio</strong></span> <span class='ocrx_word' id='word_1_82' title='bbox 1763 1225 1842 1282; x_wconf 80' lang='lat' dir='ltr'><strong>vi-</strong></span> 
     </span>
    </p>
   </div>
   <div class='ocr_carea' id='block_1_13' title="bbox 249 1314 1836 1390">
    <p class='ocr_par' dir='ltr' id='par_1_13' title="bbox 249 1314 1836 1390">
     <span class='ocr_line' id='line_1_13' title="bbox 249 1314 1836 1390; baseline -0.002 -18"><span class='ocrx_word' id='word_1_83' title='bbox 249 1314 526 1383; x_wconf 69' lang='lat' dir='ltr'><strong>dore-jam</strong></span> <span class='ocrx_word' id='word_1_84' title='bbox 571 1331 640 1380; x_wconf 70' lang='lat' dir='ltr'><strong>ex</strong></span> <span class='ocrx_word' id='word_1_85' title='bbox 680 1325 876 1388; x_wconf 80' lang='lat' dir='ltr'><strong>parte,</strong></span> <span class='ocrx_word' id='word_1_86' title='bbox 926 1316 982 1380; x_wconf 83' lang='lat' dir='ltr'><strong>in</strong></span> <span class='ocrx_word' id='word_1_87' title='bbox 1010 1332 1132 1390; x_wconf 85' lang='lat' dir='ltr'><strong>eum</strong></span> <span class='ocrx_word' id='word_1_88' title='bbox 1172 1316 1433 1376; x_wconf 83' lang='lat' dir='ltr'><strong>mundum</strong></span> <span class='ocrx_word' id='word_1_89' title='bbox 1483 1317 1836 1384; x_wconf 82' lang='lat' dir='ltr'><strong>crediturum.</strong></span> 
     </span>
    </p>
   </div>
   <div class='ocr_carea' id='block_1_14' title="bbox 245 1407 1841 1482">
    <p class='ocr_par' dir='ltr' id='par_1_14' title="bbox 245 1407 1841 1482">
     <span class='ocr_line' id='line_1_14' title="bbox 245 1407 1841 1482; baseline -0.001 -20"><span class='ocrx_word' id='word_1_90' title='bbox 245 1407 440 1472; x_wconf 52' lang='lat' dir='ltr'><strong>iliades</strong></span> <span class='ocrx_word' id='word_1_91' title='bbox 459 1407 620 1468; x_wconf 42' lang='lat' dir='ltr'><strong>enim.</strong></span> <span class='ocrx_word' id='word_1_92' title='bbox 654 1417 812 1464; x_wconf 87' lang='lat' dir='ltr'><strong>erant</strong></span> <span class='ocrx_word' id='word_1_93' title='bbox 839 1407 1088 1482; x_wconf 79' lang='lat' dir='ltr'><strong>discipuli</strong></span> <span class='ocrx_word' id='word_1_94' title='bbox 1127 1409 1336 1482; x_wconf 81' lang='lat' dir='ltr'><strong>adhuc,</strong></span> <span class='ocrx_word' id='word_1_95' title='bbox 1381 1417 1436 1466; x_wconf 89' lang='lat' dir='ltr'><strong>et</strong></span> <span class='ocrx_word' id='word_1_96' title='bbox 1474 1407 1841 1478; x_wconf 84' lang='lat' dir='ltr'><strong>necessarium</strong></span> 
     </span>
    </p>
   </div>
   <div class='ocr_carea' id='block_1_15' title="bbox 247 1497 1839 1574">
    <p class='ocr_par' dir='ltr' id='par_1_15' title="bbox 247 1497 1839 1574">
     <span class='ocr_line' id='line_1_15' title="bbox 247 1497 1839 1574; baseline -0.002 -18"><span class='ocrx_word' id='word_1_97' title='bbox 247 1504 373 1558; x_wconf 70' lang='lat' dir='ltr'><strong>erat</strong></span> <span class='ocrx_word' id='word_1_98' title='bbox 395 1497 460 1564; x_wconf 79' lang='lat' dir='ltr'><strong>.in</strong></span> <span class='ocrx_word' id='word_1_99' title='bbox 486 1499 1290 1574; x_wconf 54' lang='lat' dir='ltr'><strong>presenti,aliqua,promittere</strong></span> <span class='ocrx_word' id='word_1_100' title='bbox 1306 1542 1321 1566; x_wconf 95' lang='lat'><strong>,</strong></span> <span class='ocrx_word' id='word_1_101' title='bbox 1345 1502 1486 1558; x_wconf 88' lang='lat' dir='ltr'><strong>unde</strong></span> <span class='ocrx_word' id='word_1_102' title='bbox 1506 1501 1560 1556; x_wconf 90' lang='lat' dir='ltr'><strong>in</strong></span> <span class='ocrx_word' id='word_1_103' title='bbox 1586 1500 1839 1570; x_wconf 66' lang='lat' dir='ltr'><strong>praesenti</strong></span> 
     </span>
    </p>
   </div>
   <div class='ocr_carea' id='block_1_16' title="bbox 240 1586 1835 1666">
    <p class='ocr_par' dir='ltr' id='par_1_16' title="bbox 240 1586 1835 1666">
     <span class='ocr_line' id='line_1_16' title="bbox 240 1586 1835 1666; baseline 0.001 -24"><span class='ocrx_word' id='word_1_104' title='bbox 240 1586 671 1660; x_wconf 67' lang='lat' dir='ltr'><strong>roboranentur,</strong></span> <span class='ocrx_word' id='word_1_105' title='bbox 718 1597 772 1644; x_wconf 90' lang='lat' dir='ltr'><strong>et</strong></span> <span class='ocrx_word' id='word_1_106' title='bbox 799 1590 852 1644; x_wconf 91' lang='lat' dir='ltr'><strong>in</strong></span> <span class='ocrx_word' id='word_1_107' title='bbox 882 1588 1063 1666; x_wconf 80' lang='lat' dir='ltr'><strong>futuro</strong></span> <span class='ocrx_word' id='word_1_108' title='bbox 1093 1587 1368 1648; x_wconf 82' lang='lat' dir='ltr'><strong>robustius</strong></span> <span class='ocrx_word' id='word_1_109' title='bbox 1403 1590 1835 1660; x_wconf 80' lang='lat' dir='ltr'><strong>consolarentur.</strong></span> 
     </span>
    </p>
   </div>
   <div class='ocr_carea' id='block_1_17' title="bbox 239 1665 1838 1754">
    <p class='ocr_par' dir='ltr' id='par_1_17' title="bbox 239 1665 1838 1754">
     <span class='ocr_line' id='line_1_17' title="bbox 239 1665 1838 1754; baseline 0.001 -20"><span class='ocrx_word' id='word_1_110' title='bbox 239 1677 954 1754; x_wconf 69' lang='lat' dir='ltr'><strong>.Yeldetranstiguratione</strong></span> <span class='ocrx_word' id='word_1_111' title='bbox 976 1680 1092 1750; x_wconf 85' lang='lat' dir='ltr'><strong>ejus</strong></span> <span class='ocrx_word' id='word_1_112' title='bbox 1117 1688 1295 1754; x_wconf 70' lang='lat' dir='ltr'><strong>potest</strong></span> <span class='ocrx_word' id='word_1_113' title='bbox 1327 1665 1585 1752; x_wconf 80' lang='lat' dir='ltr'><strong>intelligi,</strong></span> <span class='ocrx_word' id='word_1_114' title='bbox 1637 1679 1691 1734; x_wconf 92' lang='lat' dir='ltr'><strong>in</strong></span> <span class='ocrx_word' id='word_1_115' title='bbox 1731 1696 1838 1751; x_wconf 88' lang='lat' dir='ltr'><strong>qua</strong></span> 
     </span>
    </p>
   </div>
   <div class='ocr_carea' id='block_1_18' title="bbox 252 1769 1835 1843">
    <p class='ocr_par' dir='ltr' id='par_1_18' title="bbox 252 1769 1835 1843">
     <span class='ocr_line' id='line_1_18' title="bbox 252 1769 1835 1843; baseline 0 -19"><span class='ocrx_word' id='word_1_116' title='bbox 252 1784 377 1824; x_wconf 86' lang='lat' dir='ltr'><strong>eum</strong></span> <span class='ocrx_word' id='word_1_117' title='bbox 403 1769 480 1826; x_wconf 84' lang='lat' dir='ltr'><strong>illi</strong></span> <span class='ocrx_word' id='word_1_118' title='bbox 511 1778 624 1826; x_wconf 90' lang='lat' dir='ltr'><strong>tres</strong></span> <span class='ocrx_word' id='word_1_119' title='bbox 646 1771 899 1826; x_wconf 91' lang='lat' dir='ltr'><strong>viderunt</strong></span> <span class='ocrx_word' id='word_1_120' title='bbox 924 1772 1078 1841; x_wconf 88' lang='lat' dir='ltr'><strong>quasi</strong></span> <span class='ocrx_word' id='word_1_121' title='bbox 1105 1771 1160 1826; x_wconf 92' lang='lat' dir='ltr'><strong>in</strong></span> <span class='ocrx_word' id='word_1_122' title='bbox 1186 1786 1352 1843; x_wconf 89' lang='lat' dir='ltr'><strong>regno</strong></span> <span class='ocrx_word' id='word_1_123' title='bbox 1381 1787 1512 1836; x_wconf 92' lang='lat' dir='ltr'><strong>suo,</strong></span> <span class='ocrx_word' id='word_1_124' title='bbox 1539 1771 1642 1827; x_wconf 90' lang='lat' dir='ltr'><strong>hoc</strong></span> <span class='ocrx_word' id='word_1_125' title='bbox 1669 1779 1753 1826; x_wconf 90' lang='lat' dir='ltr'><strong>est</strong></span> <span class='ocrx_word' id='word_1_126' title='bbox 1777 1770 1835 1827; x_wconf 92' lang='lat' dir='ltr'><strong>in</strong></span> 
     </span>
    </p>
   </div>
   <div class='ocr_carea' id='block_1_19' title="bbox 253 1858 1550 1932">
    <p class='ocr_par' dir='ltr' id='par_1_19' title="bbox 253 1858 1550 1932">
     <span class='ocr_line' id='line_1_19' title="bbox 253 1858 1550 1932; baseline 0.002 -20"><span class='ocrx_word' id='word_1_127' title='bbox 253 1858 402 1930; x_wconf 87' lang='lat' dir='ltr'><strong>regia</strong></span> <span class='ocrx_word' id='word_1_128' title='bbox 439 1860 704 1929; x_wconf 83' lang='lat' dir='ltr'><strong>dignitate</strong></span> <span class='ocrx_word' id='word_1_129' title='bbox 731 1877 840 1931; x_wconf 90' lang='lat' dir='ltr'><strong>qua</strong></span> <span class='ocrx_word' id='word_1_130' title='bbox 869 1861 938 1916; x_wconf 90' lang='lat' dir='ltr'><strong>ad</strong></span> <span class='ocrx_word' id='word_1_131' title='bbox 967 1861 1231 1932; x_wconf 88' lang='lat' dir='ltr'><strong>judicium</strong></span> <span class='ocrx_word' id='word_1_132' title='bbox 1265 1861 1550 1918; x_wconf 71' lang='lat' dir='ltr'><strong>videbitur.</strong></span> 
     </span>
    </p>
   </div>
   <div class='ocr_carea' id='block_1_20' title="bbox 785 1971 1292 2029">
    <p class='ocr_par' dir='ltr' id='par_1_20' title="bbox 785 1971 1292 2029">
     <span class='ocr_line' id='line_1_20' title="bbox 785 1971 1292 2029; baseline 0 -1"><span class='ocrx_word' id='word_1_133' title='bbox 785 1971 1014 2029; x_wconf 84' lang='lat' dir='ltr'><strong>CAPUT</strong></span> <span class='ocrx_word' id='word_1_134' title='bbox 1054 1973 1292 2028; x_wconf 77' lang='lat' dir='ltr'><strong>XXXVI.</strong></span> 
     </span>
    </p>
   </div>
   <div class='ocr_carea' id='block_1_21' title="bbox 623 2041 1454 2115">
    <p class='ocr_par' dir='ltr' id='par_1_21' title="bbox 623 2041 1454 2115">
     <span class='ocr_line' id='line_1_21' title="bbox 623 2041 1454 2115; baseline -0.002 -17"><span class='ocrx_word' id='word_1_135' title='bbox 623 2041 702 2098; x_wconf 91' lang='lat' dir='ltr'><strong>De</strong></span> <span class='ocrx_word' id='word_1_136' title='bbox 729 2045 1194 2115; x_wconf 76' lang='lat' dir='ltr'><strong>transﬁguratione</strong></span> <span class='ocrx_word' id='word_1_137' title='bbox 1220 2043 1454 2100; x_wconf 78' lang='lat' dir='ltr'><strong>Domini.</strong></span> 
     </span>
    </p>
   </div>
   <div class='ocr_carea' id='block_1_22' title="bbox 319 2132 1834 2207">
    <p class='ocr_par' dir='ltr' id='par_1_22' title="bbox 319 2132 1834 2207">
     <span class='ocr_line' id='line_1_22' title="bbox 319 2132 1834 2207; baseline 0.004 -19"><span class='ocrx_word' id='word_1_138' title='bbox 319 2132 390 2188; x_wconf 86' lang='lat' dir='ltr'><strong>Et</strong></span> <span class='ocrx_word' id='word_1_139' title='bbox 410 2144 526 2205; x_wconf 87' lang='lat' dir='ltr'><strong>post</strong></span> <span class='ocrx_word' id='word_1_140' title='bbox 546 2135 656 2189; x_wconf 83' lang='lat' dir='ltr'><strong>dies</strong></span> <span class='ocrx_word' id='word_1_141' title='bbox 677 2152 767 2190; x_wconf 76' lang='lat' dir='ltr'><strong>sea:</strong></span> <span class='ocrx_word' id='word_1_142' title='bbox 788 2137 1067 2207; x_wconf 73' lang='lat' dir='ltr'><strong>assumpsit</strong></span> <span class='ocrx_word' id='word_1_143' title='bbox 1091 2135 1126 2190; x_wconf 74' lang='grc' dir='ltr'><em>Ι</em></span> <span class='ocrx_word' id='word_1_144' title='bbox 1129 2154 1248 2192; x_wconf 86' lang='lat' dir='ltr'><strong>esus</strong></span> <span class='ocrx_word' id='word_1_145' title='bbox 1278 2136 1488 2192; x_wconf 88' lang='lat' dir='ltr'><strong>Petrum</strong></span> <span class='ocrx_word' id='word_1_146' title='bbox 1509 2147 1556 2192; x_wconf 91' lang='lat' dir='ltr'><strong>et</strong></span> <span class='ocrx_word' id='word_1_147' title='bbox 1575 2135 1834 2194; x_wconf 77' lang='lat' dir='ltr'><strong>Iacobum</strong></span> 
     </span>
    </p>
   </div>
   <div class='ocr_carea' id='block_1_23' title="bbox 247 2223 1838 2298">
    <p class='ocr_par' dir='ltr' id='par_1_23' title="bbox 247 2223 1838 2298">
     <span class='ocr_line' id='line_1_23' title="bbox 247 2223 1838 2298; baseline 0.004 -20"><span class='ocrx_word' id='word_1_148' title='bbox 247 2233 294 2278; x_wconf 78' lang='lat' dir='ltr'><strong>et</strong></span> <span class='ocrx_word' id='word_1_149' title='bbox 327 2223 592 2282; x_wconf 78' lang='lat' dir='ltr'><strong>Joannem</strong></span> <span class='ocrx_word' id='word_1_150' title='bbox 637 2225 857 2296; x_wconf 78' lang='lat' dir='ltr'><strong>fratrem</strong></span> <span class='ocrx_word' id='word_1_151' title='bbox 886 2229 1021 2298; x_wconf 87' lang='lat' dir='ltr'><strong>ejus.</strong></span> <span class='ocrx_word' id='word_1_152' title='bbox 1064 2229 1192 2284; x_wconf 89' lang='lat' dir='ltr'><strong>Post</strong></span> <span class='ocrx_word' id='word_1_153' title='bbox 1220 2227 1338 2284; x_wconf 88' lang='lat' dir='ltr'><strong>dies</strong></span> <span class='ocrx_word' id='word_1_154' title='bbox 1386 2244 1477 2285; x_wconf 81' lang='lat' dir='ltr'><strong>sex</strong></span> <span class='ocrx_word' id='word_1_155' title='bbox 1509 2269 1524 2295; x_wconf 93' lang='lat'><strong>,</strong></span> <span class='ocrx_word' id='word_1_156' title='bbox 1584 2229 1838 2285; x_wconf 84' lang='lat' dir='ltr'><strong>videlicet</strong></span> 
     </span>
    </p>
   </div>
   <div class='ocr_carea' id='block_1_24' title="bbox 246 2315 1835 2390">
    <p class='ocr_par' dir='ltr' id='par_1_24' title="bbox 246 2315 1835 2390">
     <span class='ocr_line' id='line_1_24' title="bbox 246 2315 1835 2390; baseline 0.004 -21"><span class='ocrx_word' id='word_1_157' title='bbox 246 2324 532 2384; x_wconf 85' lang='lat' dir='ltr'><strong>postquam</strong></span> <span class='ocrx_word' id='word_1_158' title='bbox 552 2315 655 2371; x_wconf 89' lang='lat' dir='ltr'><strong>ista</strong></span> <span class='ocrx_word' id='word_1_159' title='bbox 676 2333 796 2388; x_wconf 69' lang='lat' dir='ltr'><strong>qua:</strong></span> <span class='ocrx_word' id='word_1_160' title='bbox 816 2318 1066 2388; x_wconf 88' lang='lat' dir='ltr'><strong>superius</strong></span> <span class='ocrx_word' id='word_1_161' title='bbox 1080 2319 1307 2374; x_wconf 86' lang='lat' dir='ltr'><strong>audistis</strong></span> <span class='ocrx_word' id='word_1_162' title='bbox 1328 2319 1540 2376; x_wconf 91' lang='lat' dir='ltr'><strong>locutus</strong></span> <span class='ocrx_word' id='word_1_163' title='bbox 1560 2328 1665 2386; x_wconf 90' lang='lat' dir='ltr'><strong>est,</strong></span> <span class='ocrx_word' id='word_1_164' title='bbox 1690 2321 1835 2390; x_wconf 87' lang='lat' dir='ltr'><strong>quod</strong></span> 
     </span>
    </p>
   </div>
   <div class='ocr_carea' id='block_1_25' title="bbox 246 2408 1835 2482">
    <p class='ocr_par' dir='ltr' id='par_1_25' title="bbox 246 2408 1835 2482">
     <span class='ocr_line' id='line_1_25' title="bbox 246 2408 1835 2482; baseline 0.006 -21"><span class='ocrx_word' id='word_1_165' title='bbox 246 2416 433 2462; x_wconf 89' lang='lat' dir='ltr'><strong>essent</strong></span> <span class='ocrx_word' id='word_1_166' title='bbox 457 2408 552 2477; x_wconf 83' lang='lat' dir='ltr'><strong>qui</strong></span> <span class='ocrx_word' id='word_1_167' title='bbox 577 2424 684 2464; x_wconf 89' lang='lat' dir='ltr'><strong>non</strong></span> <span class='ocrx_word' id='word_1_168' title='bbox 713 2419 898 2465; x_wconf 87' lang='lat' dir='ltr'><strong>essent</strong></span> <span class='ocrx_word' id='word_1_169' title='bbox 919 2413 1188 2482; x_wconf 88' lang='lat' dir='ltr'><strong>gustaturi</strong></span> <span class='ocrx_word' id='word_1_170' title='bbox 1211 2421 1462 2468; x_wconf 89' lang='lat' dir='ltr'><strong>mortem.</strong></span> <span class='ocrx_word' id='word_1_171' title='bbox 1495 2412 1673 2470; x_wconf 90' lang='lat' dir='ltr'><strong>Lucas</strong></span> <span class='ocrx_word' id='word_1_172' title='bbox 1689 2412 1835 2471; x_wconf 72' lang='lat' dir='ltr'><strong>sdicit</strong></span> 
     </span>
    </p>
   </div>
   <div class='ocr_carea' id='block_1_26' title="bbox 229 2501 1833 2573">
    <p class='ocr_par' dir='ltr' id='par_1_26' title="bbox 229 2501 1833 2573">
     <span class='ocr_line' id='line_1_26' title="bbox 229 2501 1833 2573; baseline 0.007 -20"><span class='ocrx_word' id='word_1_173' title='bbox 229 2515 376 2554; x_wconf 86' lang='lat' dir='ltr'><strong>vere</strong></span> <span class='ocrx_word' id='word_1_174' title='bbox 397 2501 519 2556; x_wconf 88' lang='lat' dir='ltr'><strong>dies</strong></span> <span class='ocrx_word' id='word_1_175' title='bbox 543 2509 689 2567; x_wconf 87' lang='lat' dir='ltr'><strong>octo,</strong></span> <span class='ocrx_word' id='word_1_176' title='bbox 719 2503 814 2558; x_wconf 87' lang='lat' dir='ltr'><strong>sed</strong></span> <span class='ocrx_word' id='word_1_177' title='bbox 845 2502 1024 2560; x_wconf 89' lang='lat' dir='ltr'><strong>Lucas</strong></span> <span class='ocrx_word' id='word_1_178' title='bbox 1048 2505 1285 2573; x_wconf 89' lang='lat' dir='ltr'><strong>primum</strong></span> <span class='ocrx_word' id='word_1_179' title='bbox 1312 2514 1368 2561; x_wconf 91' lang='lat' dir='ltr'><strong>et</strong></span> <span class='ocrx_word' id='word_1_180' title='bbox 1388 2505 1638 2562; x_wconf 90' lang='lat' dir='ltr'><strong>ultimum</strong></span> <span class='ocrx_word' id='word_1_181' title='bbox 1683 2523 1833 2565; x_wconf 90' lang='lat' dir='ltr'><strong>com-</strong></span> 
     </span>
    </p>
   </div>
   <div class='ocr_carea' id='block_1_27' title="bbox 242 2589 1829 2665">
    <p class='ocr_par' dir='ltr' id='par_1_27' title="bbox 242 2589 1829 2665">
     <span class='ocr_line' id='line_1_27' title="bbox 242 2589 1829 2665; baseline 0.008 -23"><span class='ocrx_word' id='word_1_182' title='bbox 242 2589 534 2658; x_wconf 82' lang='lat' dir='ltr'><strong>prehendit</strong></span> <span class='ocrx_word' id='word_1_183' title='bbox 557 2591 699 2646; x_wconf 88' lang='lat' dir='ltr'><strong>diem</strong></span> <span class='ocrx_word' id='word_1_184' title='bbox 716 2631 731 2656; x_wconf 91' lang='lat'><strong>,</strong></span> <span class='ocrx_word' id='word_1_185' title='bbox 765 2593 853 2648; x_wconf 88' lang='lat' dir='ltr'><strong>isti</strong></span> <span class='ocrx_word' id='word_1_186' title='bbox 881 2594 987 2648; x_wconf 92' lang='lat' dir='ltr'><strong>duo</strong></span> <span class='ocrx_word' id='word_1_187' title='bbox 1022 2593 1145 2650; x_wconf 89' lang='lat' dir='ltr'><strong>illos</strong></span> <span class='ocrx_word' id='word_1_188' title='bbox 1172 2594 1265 2663; x_wconf 90' lang='lat' dir='ltr'><strong>qui</strong></span> <span class='ocrx_word' id='word_1_189' title='bbox 1285 2594 1342 2648; x_wconf 89' lang='lat' dir='ltr'><strong>in</strong></span> <span class='ocrx_word' id='word_1_190' title='bbox 1369 2595 1552 2650; x_wconf 88' lang='lat' dir='ltr'><strong>medio</strong></span> <span class='ocrx_word' id='word_1_191' title='bbox 1589 2595 1829 2665; x_wconf 89' lang='lat' dir='ltr'><strong>fuerunt,</strong></span> 
     </span>
    </p>
   </div>
   <div class='ocr_carea' id='block_1_28' title="bbox 250 2677 1829 2758">
    <p class='ocr_par' dir='ltr' id='par_1_28' title="bbox 250 2677 1829 2758">
     <span class='ocr_line' id='line_1_28' title="bbox 250 2677 1829 2758; baseline 0.007 -24"><span class='ocrx_word' id='word_1_192' title='bbox 250 2677 324 2734; x_wconf 83' lang='lat' dir='ltr'><strong>Ut</strong></span> <span class='ocrx_word' id='word_1_193' title='bbox 354 2683 504 2738; x_wconf 85' lang='lat' dir='ltr'><strong>enim</strong></span> <span class='ocrx_word' id='word_1_194' title='bbox 529 2683 619 2738; x_wconf 83' lang='lat' dir='ltr'><strong>isti</strong></span> <span class='ocrx_word' id='word_1_195' title='bbox 647 2691 758 2740; x_wconf 86' lang='lat' dir='ltr'><strong>tres</strong></span> <span class='ocrx_word' id='word_1_196' title='bbox 787 2683 920 2742; x_wconf 89' lang='lat' dir='ltr'><strong>alios</strong></span> <span class='ocrx_word' id='word_1_197' title='bbox 946 2685 1322 2742; x_wconf 88' lang='lat' dir='ltr'><strong>confortarent</strong></span> <span class='ocrx_word' id='word_1_198' title='bbox 1353 2695 1597 2757; x_wconf 90' lang='lat' dir='ltr'><strong>tempore</strong></span> <span class='ocrx_word' id='word_1_199' title='bbox 1621 2689 1829 2758; x_wconf 89' lang='lat' dir='ltr'><strong>passio-</strong></span> 
     </span>
    </p>
   </div>
   <div class='ocr_carea' id='block_1_29' title="bbox 243 2771 1833 2844">
    <p class='ocr_par' dir='ltr' id='par_1_29' title="bbox 243 2771 1833 2844">
     <span class='ocr_line' id='line_1_29' title="bbox 243 2771 1833 2844; baseline 0.007 -16"><span class='ocrx_word' id='word_1_200' title='bbox 243 2772 331 2828; x_wconf 87' lang='lat' dir='ltr'><strong>nis</strong></span> <span class='ocrx_word' id='word_1_201' title='bbox 352 2771 490 2840; x_wconf 89' lang='lat' dir='ltr'><strong>ejus,</strong></span> <span class='ocrx_word' id='word_1_202' title='bbox 513 2774 788 2844; x_wconf 89' lang='lat' dir='ltr'><strong>eliguntur</strong></span> <span class='ocrx_word' id='word_1_203' title='bbox 805 2792 839 2831; x_wconf 86' lang='lat' dir='ltr'><strong>a</strong></span> <span class='ocrx_word' id='word_1_204' title='bbox 859 2776 1110 2833; x_wconf 91' lang='lat' dir='ltr'><strong>Domino.</strong></span> <span class='ocrx_word' id='word_1_205' title='bbox 1135 2776 1254 2834; x_wconf 86' lang='lat' dir='ltr'><strong>Non</strong></span> <span class='ocrx_word' id='word_1_206' title='bbox 1273 2778 1420 2834; x_wconf 89' lang='lat' dir='ltr'><strong>enim</strong></span> <span class='ocrx_word' id='word_1_207' title='bbox 1441 2779 1517 2834; x_wconf 91' lang='lat' dir='ltr'><strong>illi</strong></span> <span class='ocrx_word' id='word_1_208' title='bbox 1542 2780 1632 2834; x_wconf 88' lang='lat' dir='ltr'><strong>alii</strong></span> <span class='ocrx_word' id='word_1_209' title='bbox 1656 2781 1833 2840; x_wconf 89' lang='lat' dir='ltr'><strong>adhuc</strong></span> 
     </span>
    </p>
   </div>
   <div class='ocr_carea' id='block_1_30' title="bbox 244 2865 1830 2937">
    <p class='ocr_par' dir='ltr' id='par_1_30' title="bbox 244 2865 1830 2937">
     <span class='ocr_line' id='line_1_30' title="bbox 244 2865 1830 2937; baseline 0.004 -17"><span class='ocrx_word' id='word_1_210' title='bbox 244 2865 654 2936; x_wconf 84' lang='lat' dir='ltr'><strong>perfectierant</strong></span> <span class='ocrx_word' id='word_1_211' title='bbox 693 2875 753 2920; x_wconf 91' lang='lat' dir='ltr'><strong>ut</strong></span> <span class='ocrx_word' id='word_1_212' title='bbox 795 2877 1018 2937; x_wconf 84' lang='lat' dir='ltr'><strong>possent</strong></span> <span class='ocrx_word' id='word_1_213' title='bbox 1045 2883 1110 2925; x_wconf 90' lang='lat' dir='ltr'><strong>ea</strong></span> <span class='ocrx_word' id='word_1_214' title='bbox 1135 2868 1341 2925; x_wconf 89' lang='lat' dir='ltr'><strong>videre.</strong></span> <span class='ocrx_word' id='word_1_215' title='bbox 1372 2867 1508 2923; x_wconf 84' lang='lat' dir='ltr'><strong>Nam</strong></span> <span class='ocrx_word' id='word_1_216' title='bbox 1533 2871 1697 2926; x_wconf 91' lang='lat' dir='ltr'><strong>etiam</strong></span> <span class='ocrx_word' id='word_1_217' title='bbox 1739 2869 1830 2926; x_wconf 90' lang='lat' dir='ltr'><strong>isti</strong></span> 
     </span>
    </p>
   </div>
   <div class='ocr_carea' id='block_1_31' title="bbox 243 2959 1830 3018">
    <p class='ocr_par' dir='ltr' id='par_1_31' title="bbox 243 2959 1830 3018">
     <span class='ocr_line' id='line_1_31' title="bbox 243 2959 1830 3018; baseline 0 -2"><span class='ocrx_word' id='word_1_218' title='bbox 243 2959 562 3016; x_wconf 80' lang='lat' dir='ltr'><strong>ceciderunt</strong></span> <span class='ocrx_word' id='word_1_219' title='bbox 597 2967 653 3014; x_wconf 87' lang='lat' dir='ltr'><strong>et</strong></span> <span class='ocrx_word' id='word_1_220' title='bbox 683 2959 984 3016; x_wconf 85' lang='lat' dir='ltr'><strong>timuerunt</strong></span> <span class='ocrx_word' id='word_1_221' title='bbox 1030 2960 1206 3016; x_wconf 82' lang='lat' dir='ltr'><strong>valde.</strong></span> <span class='ocrx_word' id='word_1_222' title='bbox 1253 2961 1625 3018; x_wconf 88' lang='lat' dir='ltr'><strong>Secemuntur</strong></span> <span class='ocrx_word' id='word_1_223' title='bbox 1647 2970 1830 3018; x_wconf 89' lang='lat' dir='ltr'><strong>autem</strong></span> 
     </span>
    </p>
   </div>
   <div class='ocr_carea' id='block_1_32' title="bbox 242 3051 1829 3124">
    <p class='ocr_par' dir='ltr' id='par_1_32' title="bbox 242 3051 1829 3124">
     <span class='ocr_line' id='line_1_32' title="bbox 242 3051 1829 3124; baseline -0.001 -16"><span class='ocrx_word' id='word_1_224' title='bbox 242 3051 334 3108; x_wconf 84' lang='lat' dir='ltr'><strong>isti</strong></span> <span class='ocrx_word' id='word_1_225' title='bbox 366 3059 480 3106; x_wconf 85' lang='lat' dir='ltr'><strong>tres</strong></span> <span class='ocrx_word' id='word_1_226' title='bbox 520 3067 552 3106; x_wconf 91' lang='lat' dir='ltr'><strong>a</strong></span> <span class='ocrx_word' id='word_1_227' title='bbox 585 3053 819 3118; x_wconf 66' lang='lat' dir='ltr'><strong>caeteris,</strong></span> <span class='ocrx_word' id='word_1_228' title='bbox 853 3054 1020 3110; x_wconf 88' lang='lat' dir='ltr'><strong>certis</strong></span> <span class='ocrx_word' id='word_1_229' title='bbox 1059 3069 1158 3122; x_wconf 91' lang='lat' dir='ltr'><strong>pro</strong></span> <span class='ocrx_word' id='word_1_230' title='bbox 1181 3053 1382 3109; x_wconf 84' lang='lat' dir='ltr'><strong>causis.</strong></span> <span class='ocrx_word' id='word_1_231' title='bbox 1429 3053 1652 3120; x_wconf 84' lang='lat' dir='ltr'><strong>Petrus,</strong></span> <span class='ocrx_word' id='word_1_232' title='bbox 1702 3053 1829 3124; x_wconf 87' lang='lat' dir='ltr'><strong>quia</strong></span> 
     </span>
    </p>
   </div>
   <div class='ocr_carea' id='block_1_33' title="bbox 241 3143 1830 3215">
    <p class='ocr_par' dir='ltr' id='par_1_33' title="bbox 241 3143 1830 3215">
     <span class='ocr_line' id='line_1_33' title="bbox 241 3143 1830 3215; baseline -0.001 -16"><span class='ocrx_word' id='word_1_233' title='bbox 241 3143 458 3200; x_wconf 88' lang='lat' dir='ltr'><strong>futurus</strong></span> <span class='ocrx_word' id='word_1_234' title='bbox 475 3153 597 3201; x_wconf 88' lang='lat' dir='ltr'><strong>erat</strong></span> <span class='ocrx_word' id='word_1_235' title='bbox 619 3155 810 3215; x_wconf 83' lang='lat' dir='ltr'><strong>pastor</strong></span> <span class='ocrx_word' id='word_1_236' title='bbox 837 3146 1098 3202; x_wconf 76' lang='lat' dir='ltr'><strong>Ecclesia:</strong></span> <span class='ocrx_word' id='word_1_237' title='bbox 1122 3154 1179 3201; x_wconf 91' lang='lat' dir='ltr'><strong>et</strong></span> <span class='ocrx_word' id='word_1_238' title='bbox 1203 3145 1274 3199; x_wconf 90' lang='lat' dir='ltr'><strong>ad</strong></span> <span class='ocrx_word' id='word_1_239' title='bbox 1299 3145 1576 3201; x_wconf 85' lang='lat' dir='ltr'><strong>Romanos</strong></span> <span class='ocrx_word' id='word_1_240' title='bbox 1607 3147 1830 3201; x_wconf 89' lang='lat' dir='ltr'><strong>mitten-</strong></span> 
     </span>
    </p>
   </div>
   <div class='ocr_carea' id='block_1_34' title="bbox 242 3232 1829 3304">
    <p class='ocr_par' dir='ltr' id='par_1_34' title="bbox 242 3232 1829 3304">
     <span class='ocr_line' id='line_1_34' title="bbox 242 3232 1829 3304; baseline 0.001 -15"><span class='ocrx_word' id='word_1_241' title='bbox 242 3233 364 3300; x_wconf 88' lang='lat' dir='ltr'><strong>dus,</strong></span> <span class='ocrx_word' id='word_1_242' title='bbox 407 3234 504 3304; x_wconf 91' lang='lat' dir='ltr'><strong>qui</strong></span> <span class='ocrx_word' id='word_1_243' title='bbox 551 3242 796 3290; x_wconf 84' lang='lat' dir='ltr'><strong>rectores</strong></span> <span class='ocrx_word' id='word_1_244' title='bbox 819 3234 971 3290; x_wconf 85' lang='lat' dir='ltr'><strong>orbis</strong></span> <span class='ocrx_word' id='word_1_245' title='bbox 1007 3242 1184 3289; x_wconf 88' lang='lat' dir='ltr'><strong>erant.</strong></span> <span class='ocrx_word' id='word_1_246' title='bbox 1216 3232 1483 3300; x_wconf 84' lang='lat' dir='ltr'><strong>Joannes,</strong></span> <span class='ocrx_word' id='word_1_247' title='bbox 1513 3233 1641 3304; x_wconf 87' lang='lat' dir='ltr'><strong>quia</strong></span> <span class='ocrx_word' id='word_1_248' title='bbox 1667 3233 1829 3291; x_wconf 90' lang='lat' dir='ltr'><strong>altius</strong></span> 
     </span>
    </p>
   </div>
   <div class='ocr_carea' id='block_1_35' title="bbox 241 3326 1831 3398">
    <p class='ocr_par' dir='ltr' id='par_1_35' title="bbox 241 3326 1831 3398">
     <span class='ocr_line' id='line_1_35' title="bbox 241 3326 1831 3398; baseline 0.001 -17"><span class='ocrx_word' id='word_1_249' title='bbox 241 3335 361 3382; x_wconf 82' lang='lat' dir='ltr'><strong>erat</strong></span> <span class='ocrx_word' id='word_1_250' title='bbox 388 3326 668 3383; x_wconf 88' lang='lat' dir='ltr'><strong>locuturus</strong></span> <span class='ocrx_word' id='word_1_251' title='bbox 689 3327 892 3384; x_wconf 90' lang='lat' dir='ltr'><strong>mundo</strong></span> <span class='ocrx_word' id='word_1_252' title='bbox 919 3328 1262 3384; x_wconf 84' lang='lat' dir='ltr'><strong>divinitatem</strong></span> <span class='ocrx_word' id='word_1_253' title='bbox 1282 3327 1422 3397; x_wconf 88' lang='lat' dir='ltr'><strong>ejus,</strong></span> <span class='ocrx_word' id='word_1_254' title='bbox 1445 3337 1501 3384; x_wconf 93' lang='lat' dir='ltr'><strong>et</strong></span> <span class='ocrx_word' id='word_1_255' title='bbox 1521 3330 1662 3398; x_wconf 92' lang='lat' dir='ltr'><strong>apud</strong></span> <span class='ocrx_word' id='word_1_256' title='bbox 1681 3326 1831 3384; x_wconf 64' lang='lat' dir='ltr'><strong>Grae-</strong></span> 
     </span>
    </p>
   </div>
   <div class='ocr_carea' id='block_1_36' title="bbox 241 3418 1825 3491">
    <p class='ocr_par' dir='ltr' id='par_1_36' title="bbox 241 3418 1825 3491">
     <span class='ocr_line' id='line_1_36' title="bbox 241 3418 1825 3491; baseline 0.001 -19"><span class='ocrx_word' id='word_1_257' title='bbox 241 3431 336 3473; x_wconf 89' lang='lat' dir='ltr'><strong>cos</strong></span> <span class='ocrx_word' id='word_1_258' title='bbox 365 3418 727 3488; x_wconf 88' lang='lat' dir='ltr'><strong>sapientiores</strong></span> <span class='ocrx_word' id='word_1_259' title='bbox 767 3420 1022 3476; x_wconf 89' lang='lat' dir='ltr'><strong>omnibus</strong></span> <span class='ocrx_word' id='word_1_260' title='bbox 1052 3419 1305 3491; x_wconf 76' lang='lat' dir='ltr'><strong>gentibus</strong></span> <span class='ocrx_word' id='word_1_261' title='bbox 1330 3428 1450 3474; x_wconf 90' lang='lat' dir='ltr'><strong>erat</strong></span> <span class='ocrx_word' id='word_1_262' title='bbox 1499 3420 1825 3476; x_wconf 90' lang='lat' dir='ltr'><strong>directurus.</strong></span> 
     </span>
    </p>
   </div>
   <div class='ocr_carea' id='block_1_37' title="bbox 241 3506 1826 3582">
    <p class='ocr_par' dir='ltr' id='par_1_37' title="bbox 241 3506 1826 3582">
     <span class='ocr_line' id='line_1_37' title="bbox 241 3506 1826 3582; baseline 0.003 -20"><span class='ocrx_word' id='word_1_263' title='bbox 241 3506 506 3574; x_wconf 68' lang='lat' dir='ltr'><strong>Iacobus,</strong></span> <span class='ocrx_word' id='word_1_264' title='bbox 536 3509 664 3580; x_wconf 86' lang='lat' dir='ltr'><strong>quia</strong></span> <span class='ocrx_word' id='word_1_265' title='bbox 699 3510 814 3580; x_wconf 90' lang='lat' dir='ltr'><strong>ipse</strong></span> <span class='ocrx_word' id='word_1_266' title='bbox 857 3511 1068 3581; x_wconf 90' lang='lat' dir='ltr'><strong>primus</strong></span> <span class='ocrx_word' id='word_1_267' title='bbox 1096 3512 1164 3567; x_wconf 90' lang='lat' dir='ltr'><strong>de</strong></span> <span class='ocrx_word' id='word_1_268' title='bbox 1203 3511 1462 3582; x_wconf 85' lang='lat' dir='ltr'><strong>apostolis</strong></span> <span class='ocrx_word' id='word_1_269' title='bbox 1499 3512 1826 3582; x_wconf 84' lang='lat' dir='ltr'><strong>martyrium</strong></span> 
     </span>
    </p>
   </div>
   <div class='ocr_carea' id='block_1_38' title="bbox 240 3599 1830 3668">
    <p class='ocr_par' dir='ltr' id='par_1_38' title="bbox 240 3599 1830 3668">
     <span class='ocr_line' id='line_1_38' title="bbox 240 3599 1830 3668; baseline 0.002 -16"><span class='ocrx_word' id='word_1_270' title='bbox 240 3605 362 3652; x_wconf 87' lang='lat' dir='ltr'><strong>erat</strong></span> <span class='ocrx_word' id='word_1_271' title='bbox 387 3612 488 3666; x_wconf 91' lang='lat' dir='ltr'><strong>pro</strong></span> <span class='ocrx_word' id='word_1_272' title='bbox 530 3599 648 3668; x_wconf 91' lang='lat' dir='ltr'><strong>ipso</strong></span> <span class='ocrx_word' id='word_1_273' title='bbox 675 3600 989 3667; x_wconf 88' lang='lat' dir='ltr'><strong>subiturus,</strong></span> <span class='ocrx_word' id='word_1_274' title='bbox 1027 3609 1084 3656; x_wconf 93' lang='lat' dir='ltr'><strong>et</strong></span> <span class='ocrx_word' id='word_1_275' title='bbox 1109 3601 1178 3658; x_wconf 88' lang='lat' dir='ltr'><strong>ob</strong></span> <span class='ocrx_word' id='word_1_276' title='bbox 1216 3603 1324 3657; x_wconf 90' lang='lat' dir='ltr'><strong>hoc</strong></span> <span class='ocrx_word' id='word_1_277' title='bbox 1350 3601 1529 3656; x_wconf 86' lang='lat' dir='ltr'><strong>vocati</strong></span> <span class='ocrx_word' id='word_1_278' title='bbox 1572 3609 1697 3655; x_wconf 90' lang='lat' dir='ltr'><strong>sunt</strong></span> <span class='ocrx_word' id='word_1_279' title='bbox 1734 3599 1830 3656; x_wconf 71' lang='lat' dir='ltr'><strong>iiii</strong></span> 
     </span>
    </p>
   </div>
   <div class='ocr_carea' id='block_1_39' title="bbox 241 3689 1830 3763">
    <p class='ocr_par' dir='ltr' id='par_1_39' title="bbox 241 3689 1830 3763">
     <span class='ocr_line' id='line_1_39' title="bbox 241 3689 1830 3763; baseline 0.004 -20"><span class='ocrx_word' id='word_1_280' title='bbox 241 3689 466 3744; x_wconf 90' lang='lat' dir='ltr'><strong>tonitrui</strong></span> <span class='ocrx_word' id='word_1_281' title='bbox 500 3707 516 3744; x_wconf 90' lang='lat'><strong>:</strong></span> <span class='ocrx_word' id='word_1_282' title='bbox 550 3691 677 3759; x_wconf 87' lang='lat' dir='ltr'><strong>quia</strong></span> <span class='ocrx_word' id='word_1_283' title='bbox 725 3691 829 3763; x_wconf 90' lang='lat' dir='ltr'><strong>ipsi</strong></span> <span class='ocrx_word' id='word_1_284' title='bbox 876 3694 1020 3749; x_wconf 90' lang='lat' dir='ltr'><strong>hanc</strong></span> <span class='ocrx_word' id='word_1_285' title='bbox 1067 3707 1258 3749; x_wconf 90' lang='lat' dir='ltr'><strong>vocem</strong></span> <span class='ocrx_word' id='word_1_286' title='bbox 1291 3702 1452 3749; x_wconf 90' lang='lat' dir='ltr'><strong>erant</strong></span> <span class='ocrx_word' id='word_1_287' title='bbox 1477 3694 1714 3749; x_wconf 91' lang='lat' dir='ltr'><strong>audituri</strong></span> <span class='ocrx_word' id='word_1_288' title='bbox 1763 3695 1830 3749; x_wconf 91' lang='lat' dir='ltr'><strong>de</strong></span> 
     </span>
    </p>
   </div>
   <div class='ocr_carea' id='block_1_40' title="bbox 239 3781 1826 3856">
    <p class='ocr_par' dir='ltr' id='par_1_40' title="bbox 239 3781 1826 3856">
     <span class='ocr_line' id='line_1_40' title="bbox 239 3781 1826 3856; baseline 0.003 -23"><span class='ocrx_word' id='word_1_289' title='bbox 239 3794 348 3848; x_wconf 87' lang='lat' dir='ltr'><strong>qua</strong></span> <span class='ocrx_word' id='word_1_290' title='bbox 373 3795 518 3836; x_wconf 89' lang='lat' dir='ltr'><strong>nunc</strong></span> <span class='ocrx_word' id='word_1_291' title='bbox 541 3781 693 3837; x_wconf 90' lang='lat' dir='ltr'><strong>dicit.</strong></span> <span class='ocrx_word' id='word_1_292' title='bbox 719 3782 921 3853; x_wconf 82' lang='lat' dir='ltr'><strong>Typice</strong></span> <span class='ocrx_word' id='word_1_293' title='bbox 945 3783 1251 3839; x_wconf 88' lang='lat' dir='ltr'><strong>ostenditur</strong></span> <span class='ocrx_word' id='word_1_294' title='bbox 1277 3783 1417 3856; x_wconf 85' lang='lat' dir='ltr'><strong>quod</strong></span> <span class='ocrx_word' id='word_1_295' title='bbox 1451 3783 1599 3838; x_wconf 88' lang='lat' dir='ltr'><strong>multi</strong></span> <span class='ocrx_word' id='word_1_296' title='bbox 1625 3786 1826 3852; x_wconf 88' lang='lat' dir='ltr'><strong>vocati,</strong></span> 
     </span>
    </p>
   </div>
   <div class='ocr_carea' id='block_1_41' title="bbox 238 3869 1830 3941">
    <p class='ocr_par' dir='ltr' id='par_1_41' title="bbox 238 3869 1830 3941">
     <span class='ocr_line' id='line_1_41' title="bbox 238 3869 1830 3941; baseline 0.006 -19"><span class='ocrx_word' id='word_1_297' title='bbox 238 3870 396 3939; x_wconf 82' lang='lat' dir='ltr'><strong>pauci</strong></span> <span class='ocrx_word' id='word_1_298' title='bbox 420 3869 588 3925; x_wconf 84' lang='lat' dir='ltr'><strong>electi.</strong></span> <span class='ocrx_word' id='word_1_299' title='bbox 622 3870 882 3941; x_wconf 87' lang='lat' dir='ltr'><strong>Sequitur</strong></span> <span class='ocrx_word' id='word_1_300' title='bbox 913 3892 927 3927; x_wconf 89' lang='lat'><strong>:</strong></span> <span class='ocrx_word' id='word_1_301' title='bbox 960 3873 1116 3928; x_wconf 88' lang='lat' dir='ltr'><strong>Ducit</strong></span> <span class='ocrx_word' id='word_1_302' title='bbox 1145 3873 1263 3929; x_wconf 89' lang='lat' dir='ltr'><strong>illos</strong></span> <span class='ocrx_word' id='word_1_303' title='bbox 1287 3874 1344 3928; x_wconf 86' lang='lat' dir='ltr'><strong>in</strong></span> <span class='ocrx_word' id='word_1_304' title='bbox 1368 3884 1615 3929; x_wconf 86' lang='lat' dir='ltr'><strong>montem.</strong></span> <span class='ocrx_word' id='word_1_305' title='bbox 1652 3874 1709 3930; x_wconf 88' lang='lat' dir='ltr'><strong>Id</strong></span> <span class='ocrx_word' id='word_1_306' title='bbox 1745 3883 1830 3931; x_wconf 86' lang='lat' dir='ltr'><strong>est</strong></span> 
     </span>
    </p>
   </div>
   <div class='ocr_carea' id='block_1_42' title="bbox 241 3959 1824 4035">
    <p class='ocr_par' dir='ltr' id='par_1_42' title="bbox 241 3959 1824 4035">
     <span class='ocr_line' id='line_1_42' title="bbox 241 3959 1824 4035; baseline 0.004 -21"><span class='ocrx_word' id='word_1_307' title='bbox 241 3959 464 4015; x_wconf 83' lang='lat' dir='ltr'><strong>Thabor</strong></span> <span class='ocrx_word' id='word_1_308' title='bbox 494 3961 548 4016; x_wconf 90' lang='lat' dir='ltr'><strong>in</strong></span> <span class='ocrx_word' id='word_1_309' title='bbox 575 3961 814 4030; x_wconf 69' lang='lat' dir='ltr'><strong>Galilata,</strong></span> <span class='ocrx_word' id='word_1_310' title='bbox 852 3964 946 4034; x_wconf 89' lang='lat' dir='ltr'><strong>qui</strong></span> <span class='ocrx_word' id='word_1_311' title='bbox 971 3965 1366 4035; x_wconf 89' lang='lat' dir='ltr'><strong>interpretatur</strong></span> <span class='ocrx_word' id='word_1_312' title='bbox 1391 3965 1598 4020; x_wconf 84' lang='lat' dir='ltr'><strong>veniens</strong></span> <span class='ocrx_word' id='word_1_313' title='bbox 1626 3965 1824 4020; x_wconf 86' lang='lat' dir='ltr'><strong>lumen.</strong></span> 
     </span>
    </p>
   </div>
   <div class='ocr_carea' id='block_1_43' title="bbox 241 4051 1828 4128">
    <p class='ocr_par' dir='ltr' id='par_1_43' title="bbox 241 4051 1828 4128">
     <span class='ocr_line' id='line_1_43' title="bbox 241 4051 1828 4128; baseline 0.003 -21"><span class='ocrx_word' id='word_1_314' title='bbox 241 4051 582 4111; x_wconf 84' lang='lat' dir='ltr'><strong>Conveniens</strong></span> <span class='ocrx_word' id='word_1_315' title='bbox 606 4055 1000 4127; x_wconf 85' lang='lat' dir='ltr'><strong>interpretatio,</strong></span> <span class='ocrx_word' id='word_1_316' title='bbox 1027 4057 1151 4128; x_wconf 85' lang='lat' dir='ltr'><strong>quia</strong></span> <span class='ocrx_word' id='word_1_317' title='bbox 1177 4058 1250 4113; x_wconf 86' lang='lat' dir='ltr'><strong>ibi</strong></span> <span class='ocrx_word' id='word_1_318' title='bbox 1272 4057 1584 4127; x_wconf 85' lang='lat' dir='ltr'><strong>frequenter</strong></span> <span class='ocrx_word' id='word_1_319' title='bbox 1605 4057 1672 4112; x_wconf 90' lang='lat' dir='ltr'><strong>de</strong></span> <span class='ocrx_word' id='word_1_320' title='bbox 1698 4071 1828 4113; x_wconf 91' lang='lat' dir='ltr'><strong>vero</strong></span> 
     </span>
    </p>
   </div>
   <div class='ocr_carea' id='block_1_44' title="bbox 242 4142 1824 4212">
    <p class='ocr_par' dir='ltr' id='par_1_44' title="bbox 242 4142 1824 4212">
     <span class='ocr_line' id='line_1_44' title="bbox 242 4142 1824 4212; baseline 0.003 -16"><span class='ocrx_word' id='word_1_321' title='bbox 242 4142 448 4200; x_wconf 85' lang='lat' dir='ltr'><strong>lumine</strong></span> <span class='ocrx_word' id='word_1_322' title='bbox 485 4145 778 4200; x_wconf 89' lang='lat' dir='ltr'><strong>illuminati</strong></span> <span class='ocrx_word' id='word_1_323' title='bbox 823 4154 984 4212; x_wconf 88' lang='lat' dir='ltr'><strong>sunt,</strong></span> <span class='ocrx_word' id='word_1_324' title='bbox 1028 4156 1092 4202; x_wconf 90' lang='lat' dir='ltr'><strong>ut</strong></span> <span class='ocrx_word' id='word_1_325' title='bbox 1132 4148 1296 4204; x_wconf 89' lang='lat' dir='ltr'><strong>etiam</strong></span> <span class='ocrx_word' id='word_1_326' title='bbox 1330 4163 1493 4202; x_wconf 89' lang='lat' dir='ltr'><strong>nunc.</strong></span> <span class='ocrx_word' id='word_1_327' title='bbox 1527 4145 1824 4201; x_wconf 76' lang='lat' dir='ltr'><strong>Excelsum.</strong></span> 
     </span>
    </p>
   </div>
   <div class='ocr_carea' id='block_1_45' title="bbox 243 4232 1830 4311">
    <p class='ocr_par' dir='ltr' id='par_1_45' title="bbox 243 4232 1830 4311">
     <span class='ocr_line' id='line_1_45' title="bbox 243 4232 1830 4311; baseline 0.003 -24"><span class='ocrx_word' id='word_1_328' title='bbox 243 4232 349 4290; x_wconf 90' lang='lat' dir='ltr'><strong>Pro</strong></span> <span class='ocrx_word' id='word_1_329' title='bbox 377 4235 536 4291; x_wconf 85' lang='lat' dir='ltr'><strong>valde</strong></span> <span class='ocrx_word' id='word_1_330' title='bbox 558 4236 763 4292; x_wconf 91' lang='lat' dir='ltr'><strong>celsum</strong></span> <span class='ocrx_word' id='word_1_331' title='bbox 793 4238 933 4293; x_wconf 91' lang='lat' dir='ltr'><strong>sicut</strong></span> <span class='ocrx_word' id='word_1_332' title='bbox 959 4239 1131 4295; x_wconf 90' lang='lat' dir='ltr'><strong>nostri</strong></span> <span class='ocrx_word' id='word_1_333' title='bbox 1157 4238 1317 4309; x_wconf 85' lang='lat' dir='ltr'><strong>Alpes</strong></span> <span class='ocrx_word' id='word_1_334' title='bbox 1345 4246 1472 4294; x_wconf 91' lang='lat' dir='ltr'><strong>sunt</strong></span> <span class='ocrx_word' id='word_1_335' title='bbox 1497 4238 1551 4293; x_wconf 95' lang='lat' dir='ltr'><strong>in</strong></span> <span class='ocrx_word' id='word_1_336' title='bbox 1577 4238 1830 4311; x_wconf 80' lang='lat' dir='ltr'><strong>Burgun-</strong></span> 
     </span>
    </p>
   </div>
   <div class='ocr_carea' id='block_1_46' title="bbox 243 4324 1828 4400">
    <p class='ocr_par' dir='ltr' id='par_1_46' title="bbox 243 4324 1828 4400">
     <span class='ocr_line' id='line_1_46' title="bbox 243 4324 1828 4400; baseline 0.004 -20"><span class='ocrx_word' id='word_1_337' title='bbox 243 4324 352 4390; x_wconf 91' lang='lat' dir='ltr'><strong>dia,</strong></span> <span class='ocrx_word' id='word_1_338' title='bbox 384 4324 439 4378; x_wconf 92' lang='lat' dir='ltr'><strong>in</strong></span> <span class='ocrx_word' id='word_1_339' title='bbox 462 4326 657 4394; x_wconf 88' lang='lat' dir='ltr'><strong>quibus</strong></span> <span class='ocrx_word' id='word_1_340' title='bbox 679 4327 828 4383; x_wconf 89' lang='lat' dir='ltr'><strong>calor</strong></span> <span class='ocrx_word' id='word_1_341' title='bbox 851 4344 961 4384; x_wconf 91' lang='lat' dir='ltr'><strong>non</strong></span> <span class='ocrx_word' id='word_1_342' title='bbox 985 4329 1214 4384; x_wconf 89' lang='lat' dir='ltr'><strong>multum</strong></span> <span class='ocrx_word' id='word_1_343' title='bbox 1239 4338 1420 4400; x_wconf 88' lang='lat' dir='ltr'><strong>potest</strong></span> <span class='ocrx_word' id='word_1_344' title='bbox 1440 4345 1637 4386; x_wconf 91' lang='lat' dir='ltr'><strong>nocere</strong></span> <span class='ocrx_word' id='word_1_345' title='bbox 1663 4333 1828 4387; x_wconf 88' lang='lat' dir='ltr'><strong>etiam</strong></span> 
     </span>
    </p>
   </div>
   <div class='ocr_carea' id='block_1_47' title="bbox 243 4415 1824 4490">
    <p class='ocr_par' dir='ltr' id='par_1_47' title="bbox 243 4415 1824 4490">
     <span class='ocr_line' id='line_1_47' title="bbox 243 4415 1824 4490; baseline 0.005 -20"><span class='ocrx_word' id='word_1_346' title='bbox 243 4415 300 4471; x_wconf 91' lang='lat' dir='ltr'><strong>in</strong></span> <span class='ocrx_word' id='word_1_347' title='bbox 327 4424 546 4483; x_wconf 82' lang='lat' dir='ltr'><strong>aestate,</strong></span> <span class='ocrx_word' id='word_1_348' title='bbox 575 4418 790 4488; x_wconf 88' lang='lat' dir='ltr'><strong>quando</strong></span> <span class='ocrx_word' id='word_1_349' title='bbox 831 4421 1234 4490; x_wconf 81' lang='lat' dir='ltr'><strong>transfiguratio</strong></span> <span class='ocrx_word' id='word_1_350' title='bbox 1269 4423 1372 4478; x_wconf 88' lang='lat' dir='ltr'><strong>ista</strong></span> <span class='ocrx_word' id='word_1_351' title='bbox 1415 4423 1686 4479; x_wconf 88' lang='lat' dir='ltr'><strong>celebrata</strong></span> <span class='ocrx_word' id='word_1_352' title='bbox 1721 4432 1824 4480; x_wconf 88' lang='lat' dir='ltr'><strong>est.</strong></span> 
     </span>
    </p>
   </div>
   <div class='ocr_carea' id='block_1_48' title="bbox 1859 1842 1910 1904">
    <p class='ocr_par' dir='ltr' id='par_1_48' title="bbox 1859 1842 1910 1904">
     <span class='ocr_line' id='line_1_48' title="bbox 1859 1842 1910 1904; baseline 0 -2"><span class='ocrx_word' id='word_1_353' title='bbox 1859 1842 1910 1904; x_wconf 90' lang='lat' dir='ltr'><strong>B</strong></span> 
     </span>
    </p>
   </div>
   <div class='ocr_carea' id='block_1_49' title="bbox 1945 582 3524 662">
    <p class='ocr_par' dir='ltr' id='par_1_49' title="bbox 1945 582 3524 662">
     <span class='ocr_line' id='line_1_49' title="bbox 1945 582 3524 662; baseline 0.005 -26"><span class='ocrx_word' id='word_1_354' title='bbox 1945 582 2176 642; x_wconf 77' lang='lat' dir='ltr'><strong>inducta:</strong></span> <span class='ocrx_word' id='word_1_355' title='bbox 2206 595 2349 642; x_wconf 90' lang='lat' dir='ltr'><strong>sunt.</strong></span> <span class='ocrx_word' id='word_1_356' title='bbox 2381 585 2715 644; x_wconf 81' lang='lat' dir='ltr'><strong>Vestimenta</strong></span> <span class='ocrx_word' id='word_1_357' title='bbox 2749 589 2970 654; x_wconf 86' lang='lat' dir='ltr'><strong>Christi,</strong></span> <span class='ocrx_word' id='word_1_358' title='bbox 2994 589 3174 662; x_wconf 85' lang='lat' dir='ltr'><strong>typice</strong></span> <span class='ocrx_word' id='word_1_359' title='bbox 3201 589 3378 644; x_wconf 82' lang='lat' dir='ltr'><strong>sancti</strong></span> <span class='ocrx_word' id='word_1_360' title='bbox 3405 587 3524 658; x_wconf 76' lang='lat' dir='ltr'><strong>ejus</strong></span> 
     </span>
    </p>
   </div>
   <div class='ocr_carea' id='block_1_50' title="bbox 1945 675 3525 748">
    <p class='ocr_par' dir='ltr' id='par_1_50' title="bbox 1945 675 3525 748">
     <span class='ocr_line' id='line_1_50' title="bbox 1945 675 3525 748; baseline 0.002 -18"><span class='ocrx_word' id='word_1_361' title='bbox 1945 685 2071 730; x_wconf 88' lang='lat' dir='ltr'><strong>sunt</strong></span> <span class='ocrx_word' id='word_1_362' title='bbox 2108 677 2175 731; x_wconf 91' lang='lat' dir='ltr'><strong>de</strong></span> <span class='ocrx_word' id='word_1_363' title='bbox 2205 679 2398 748; x_wconf 90' lang='lat' dir='ltr'><strong>quibus</strong></span> <span class='ocrx_word' id='word_1_364' title='bbox 2425 678 2625 735; x_wconf 89' lang='lat' dir='ltr'><strong>Paulus</strong></span> <span class='ocrx_word' id='word_1_365' title='bbox 2652 681 2730 736; x_wconf 88' lang='lat' dir='ltr'><strong>ait</strong></span> <span class='ocrx_word' id='word_1_366' title='bbox 2757 679 2915 747; x_wconf 77' lang='lat' dir='ltr'><strong>:‘Qui</strong></span> <span class='ocrx_word' id='word_1_367' title='bbox 2940 680 3076 736; x_wconf 78' lang='lat' dir='ltr'><strong>enim</strong></span> <span class='ocrx_word' id='word_1_368' title='bbox 3099 680 3157 733; x_wconf 87' lang='lat' dir='ltr'><strong>in</strong></span> <span class='ocrx_word' id='word_1_369' title='bbox 3189 675 3400 734; x_wconf 69' lang='lat' dir='ltr'><strong>Christo</strong></span> <span class='ocrx_word' id='word_1_370' title='bbox 3427 679 3525 733; x_wconf 47' lang='lat' dir='ltr'><strong>bas</strong></span> 
     </span>
    </p>
   </div>
   <div class='ocr_carea' id='block_1_51' title="bbox 1941 768 3523 843">
    <p class='ocr_par' dir='ltr' id='par_1_51' title="bbox 1941 768 3523 843">
     <span class='ocr_line' id='line_1_51' title="bbox 1941 768 3523 843; baseline 0.003 -22"><span class='ocrx_word' id='word_1_371' title='bbox 1941 768 2126 842; x_wconf 79' lang='lat' dir='ltr'><strong>ptizati</strong></span> <span class='ocrx_word' id='word_1_372' title='bbox 2162 771 2304 836; x_wconf 85' lang='lat' dir='ltr'><strong>estis,</strong></span> <span class='ocrx_word' id='word_1_373' title='bbox 2336 768 2601 827; x_wconf 79' lang='lat' dir='ltr'><strong>Christum</strong></span> <span class='ocrx_word' id='word_1_374' title='bbox 2622 773 2885 827; x_wconf 83' lang='lat' dir='ltr'><strong>induistis.</strong></span> <span class='ocrx_word' id='word_1_375' title='bbox 2912 769 3016 839; x_wconf 82' lang='lat' dir='ltr'><strong>Qui</strong></span> <span class='ocrx_word' id='word_1_376' title='bbox 3048 769 3269 843; x_wconf 76' lang='lat' dir='ltr'><strong>litigent</strong></span> <span class='ocrx_word' id='word_1_377' title='bbox 3296 771 3523 826; x_wconf 69' lang='lat' dir='ltr'><strong>nunc-in</strong></span> 
     </span>
    </p>
   </div>
   <div class='ocr_carea' id='block_1_52' title="bbox 1941 855 3526 934">
    <p class='ocr_par' dir='ltr' id='par_1_52' title="bbox 1941 855 3526 934">
     <span class='ocr_line' id='line_1_52' title="bbox 1941 855 3526 934; baseline 0.003 -21"><span class='ocrx_word' id='word_1_378' title='bbox 1941 861 2219 932; x_wconf 64' lang='lat' dir='ltr'><strong>praesenti,</strong></span> <span class='ocrx_word' id='word_1_379' title='bbox 2255 864 2350 918; x_wconf 83' lang='lat' dir='ltr'><strong>sed</strong></span> <span class='ocrx_word' id='word_1_380' title='bbox 2387 861 2439 918; x_wconf 88' lang='lat' dir='ltr'><strong>in</strong></span> <span class='ocrx_word' id='word_1_381' title='bbox 2465 855 2646 919; x_wconf 83' lang='lat' dir='ltr'><strong>futuro</strong></span> <span class='ocrx_word' id='word_1_382' title='bbox 2672 863 2895 931; x_wconf 81' lang='lat' dir='ltr'><strong>clarius,</strong></span> <span class='ocrx_word' id='word_1_383' title='bbox 2926 863 3053 934; x_wconf 85' lang='lat' dir='ltr'><strong>quia</strong></span> <span class='ocrx_word' id='word_1_384' title='bbox 3081 861 3526 934; x_wconf 63' lang='lat' dir='ltr'><strong>curn&#39;appara-cm</strong></span> 
     </span>
    </p>
   </div>
   <div class='ocr_carea' id='block_1_53' title="bbox 1941 951 3508 1009">
    <p class='ocr_par' dir='ltr' id='par_1_53' title="bbox 1941 951 3508 1009">
     <span class='ocr_line' id='line_1_53' title="bbox 1941 951 3508 1009; baseline -0.01 -4"><span class='ocrx_word' id='word_1_385' title='bbox 1941 951 2137 1006; x_wconf 87' lang='lat' dir='ltr'><strong>similes</strong></span> <span class='ocrx_word' id='word_1_386' title='bbox 2165 953 2213 1007; x_wconf 87' lang='lat' dir='ltr'><strong>ei</strong></span> <span class='ocrx_word' id='word_1_387' title='bbox 2249 956 2460 1009; x_wconf 79' lang='lat' dir='ltr'><strong>erimus.</strong></span> <span class='ocrx_word' id='word_1_388' title='bbox 2651 969 2654 972; x_wconf 92' lang='grc'><strong>·</strong></span> <span class='ocrx_word' id='word_1_389' title='bbox 2779 955 2782 958; x_wconf 88' lang='grc'><strong>’</strong></span> <span class='ocrx_word' id='word_1_390' title='bbox 3075 979 3078 982; x_wconf 90' lang='lat'><strong><em>-</em></strong></span> <span class='ocrx_word' id='word_1_391' title='bbox 3141 967 3144 974; x_wconf 89' lang='lat'><strong><em>-</em></strong></span> <span class='ocrx_word' id='word_1_392' title='bbox 3177 959 3196 970; x_wconf 88' lang='grc'>·</span> <span class='ocrx_word' id='word_1_393' title='bbox 3327 981 3336 992; x_wconf 82' lang='grc'><strong>.</strong></span> <span class='ocrx_word' id='word_1_394' title='bbox 3465 981 3468 984; x_wconf 95' lang='grc'>.</span> <span class='ocrx_word' id='word_1_395' title='bbox 3501 975 3508 982; x_wconf 88' lang='grc'><em>.</em></span> 
     </span>
    </p>
   </div>
   <div class='ocr_carea' id='block_1_54' title="bbox 2011 1041 3520 1116">
    <p class='ocr_par' dir='ltr' id='par_1_54' title="bbox 2011 1041 3520 1116">
     <span class='ocr_line' id='line_1_54' title="bbox 2011 1041 3520 1116; baseline 0.003 -21"><span class='ocrx_word' id='word_1_396' title='bbox 2011 1041 2089 1096; x_wconf 89' lang='lat' dir='ltr'><strong>De</strong></span> <span class='ocrx_word' id='word_1_397' title='bbox 2117 1041 2302 1114; x_wconf 86' lang='lat' dir='ltr'><strong>quibus</strong></span> <span class='ocrx_word' id='word_1_398' title='bbox 2329 1041 2538 1110; x_wconf 81' lang='lat' dir='ltr'><strong>dicitur,</strong></span> <span class='ocrx_word' id='word_1_399' title='bbox 2582 1043 2764 1116; x_wconf 78' lang='lat' dir='ltr'><strong>qualia</strong></span> <span class='ocrx_word' id='word_1_400' title='bbox 2807 1044 2946 1115; x_wconf 82' lang='lat' dir='ltr'><strong>fullo</strong></span> <span class='ocrx_word' id='word_1_401' title='bbox 2988 1060 3093 1100; x_wconf 83' lang='lat' dir='ltr'><strong>non</strong></span> <span class='ocrx_word' id='word_1_402' title='bbox 3121 1051 3306 1116; x_wconf 75' lang='lat' dir='ltr'><strong>&quot;potest</strong></span> <span class='ocrx_word' id='word_1_403' title='bbox 3332 1053 3520 1114; x_wconf 79' lang='lat' dir='ltr'><strong>parare</strong></span> 
     </span>
    </p>
   </div>
   <div class='ocr_carea' id='block_1_55' title="bbox 1939 1125 3521 1205">
    <p class='ocr_par' dir='ltr' id='par_1_55' title="bbox 1939 1125 3521 1205">
     <span class='ocr_line' id='line_1_55' title="bbox 1939 1125 3521 1205; baseline -0.001 -15"><span class='ocrx_word' id='word_1_404' title='bbox 1939 1149 2097 1204; x_wconf 85' lang='lat' dir='ltr'><strong>super</strong></span> <span class='ocrx_word' id='word_1_405' title='bbox 2124 1141 2337 1188; x_wconf 87' lang='lat' dir='ltr'><strong>terram.</strong></span> <span class='ocrx_word' id='word_1_406' title='bbox 2363 1125 2515 1204; x_wconf 91' lang='lat' dir='ltr'><strong>ullo</strong></span> <span class='ocrx_word' id='word_1_407' title='bbox 2550 1133 2673 1201; x_wconf 87' lang='lat' dir='ltr'><strong>ille,</strong></span> <span class='ocrx_word' id='word_1_408' title='bbox 2706 1135 2772 1190; x_wconf 90' lang='lat' dir='ltr'><strong>de</strong></span> <span class='ocrx_word' id='word_1_409' title='bbox 2801 1149 2906 1205; x_wconf 88' lang='lat' dir='ltr'><strong>quo</strong></span> <span class='ocrx_word' id='word_1_410' title='bbox 2939 1134 3225 1190; x_wconf 83' lang='lat' dir='ltr'><strong>PSalmista&#39;</strong></span> <span class='ocrx_word' id='word_1_411' title='bbox 3255 1147 3270 1188; x_wconf 73' lang='grc' dir='ltr'><strong><em>ξ</em></strong></span> <span class='ocrx_word' id='word_1_412' title='bbox 3300 1133 3521 1190; x_wconf 71' lang='lat' dir='ltr'><strong>Lavabis</strong></span> 
     </span>
    </p>
   </div>
   <div class='ocr_carea' id='block_1_56' title="bbox 1941 1225 3522 1297">
    <p class='ocr_par' dir='ltr' id='par_1_56' title="bbox 1941 1225 3522 1297">
     <span class='ocr_line' id='line_1_56' title="bbox 1941 1225 3522 1297; baseline 0.003 -19"><span class='ocrx_word' id='word_1_413' title='bbox 1941 1241 2020 1278; x_wconf 88' lang='lat' dir='ltr'><strong>me</strong></span> <span class='ocrx_word' id='word_1_414' title='bbox 2045 1233 2093 1279; x_wconf 88' lang='lat' dir='ltr'><strong>et</strong></span> <span class='ocrx_word' id='word_1_415' title='bbox 2115 1240 2269 1296; x_wconf 83' lang='lat' dir='ltr'><strong>super</strong></span> <span class='ocrx_word' id='word_1_416' title='bbox 2298 1225 2463 1280; x_wconf 87' lang='lat' dir='ltr'><strong>nivem</strong></span> <span class='ocrx_word' id='word_1_417' title='bbox 2488 1225 2788 1293; x_wconf 82' lang='lat' dir='ltr'><strong>dealbabor,</strong></span> <span class='ocrx_word' id='word_1_418' title='bbox 2817 1227 2943 1297; x_wconf 89' lang='lat' dir='ltr'><strong>quia</strong></span> <span class='ocrx_word' id='word_1_419' title='bbox 2972 1241 3082 1282; x_wconf 90' lang='lat' dir='ltr'><strong>non</strong></span> <span class='ocrx_word' id='word_1_420' title='bbox 3100 1233 3277 1297; x_wconf 85' lang='lat' dir='ltr'><strong>potest</strong></span> <span class='ocrx_word' id='word_1_421' title='bbox 3299 1227 3436 1282; x_wconf 84' lang='lat' dir='ltr'><strong>dare</strong></span> <span class='ocrx_word' id='word_1_422' title='bbox 3461 1226 3522 1282; x_wconf 90' lang='lat' dir='ltr'><strong>in</strong></span> 
     </span>
    </p>
   </div>
   <div class='ocr_carea' id='block_1_57' title="bbox 1942 1315 3525 1386">
    <p class='ocr_par' dir='ltr' id='par_1_57' title="bbox 1942 1315 3525 1386">
     <span class='ocr_line' id='line_1_57' title="bbox 1942 1315 3525 1386; baseline 0 -16"><span class='ocrx_word' id='word_1_423' title='bbox 1942 1317 2166 1382; x_wconf 88' lang='lat' dir='ltr'><strong>sanctis,</strong></span> <span class='ocrx_word' id='word_1_424' title='bbox 2195 1317 2338 1385; x_wconf 88' lang='lat' dir='ltr'><strong>quod</strong></span> <span class='ocrx_word' id='word_1_425' title='bbox 2365 1316 2602 1371; x_wconf 88' lang='lat' dir='ltr'><strong>dandum</strong></span> <span class='ocrx_word' id='word_1_426' title='bbox 2626 1317 2875 1386; x_wconf 89' lang='lat' dir='ltr'><strong>promisit</strong></span> <span class='ocrx_word' id='word_1_427' title='bbox 2912 1317 2966 1372; x_wconf 89' lang='lat' dir='ltr'><strong>in</strong></span> <span class='ocrx_word' id='word_1_428' title='bbox 2997 1316 3168 1374; x_wconf 70' lang='lat' dir='ltr'><strong>omits.</strong></span> <span class='ocrx_word' id='word_1_429' title='bbox 3200 1315 3336 1371; x_wconf 84' lang='lat' dir='ltr'><strong>Ecce</strong></span> <span class='ocrx_word' id='word_1_430' title='bbox 3359 1331 3525 1386; x_wconf 79' lang='lat' dir='ltr'><strong>appa-</strong></span> 
     </span>
    </p>
   </div>
   <div class='ocr_carea' id='block_1_58' title="bbox 1941 1395 3524 1479">
    <p class='ocr_par' dir='ltr' id='par_1_58' title="bbox 1941 1395 3524 1479">
     <span class='ocr_line' id='line_1_58' title="bbox 1941 1395 3524 1479; baseline 0.002 -20"><span class='ocrx_word' id='word_1_431' title='bbox 1941 1407 2045 1460; x_wconf 87' lang='lat' dir='ltr'><strong>ruit</strong></span> <span class='ocrx_word' id='word_1_432' title='bbox 2081 1405 2286 1477; x_wconf 82' lang='lat' dir='ltr'><strong>Moyses</strong></span> <span class='ocrx_word' id='word_1_433' title='bbox 2315 1417 2364 1462; x_wconf 91' lang='lat' dir='ltr'><strong>et</strong></span> <span class='ocrx_word' id='word_1_434' title='bbox 2385 1405 2554 1462; x_wconf 77' lang='lat' dir='ltr'><strong>Elius.</strong></span> <span class='ocrx_word' id='word_1_435' title='bbox 2580 1404 2686 1460; x_wconf 87' lang='lat' dir='ltr'><strong>Per</strong></span> <span class='ocrx_word' id='word_1_436' title='bbox 2718 1406 2940 1479; x_wconf 80' lang='lat' dir='ltr'><strong>Moysen</strong></span> <span class='ocrx_word' id='word_1_437' title='bbox 2968 1395 3221 1463; x_wconf 42' lang='lat' dir='ltr'><strong>etiEliam</strong></span> <span class='ocrx_word' id='word_1_438' title='bbox 3251 1406 3524 1476; x_wconf 60' lang='lat' dir='ltr'><strong>legislatu-</strong></span> 
     </span>
    </p>
   </div>
   <div class='ocr_carea' id='block_1_59' title="bbox 1933 1495 3524 1568">
    <p class='ocr_par' dir='ltr' id='par_1_59' title="bbox 1933 1495 3524 1568">
     <span class='ocr_line' id='line_1_59' title="bbox 1933 1495 3524 1568; baseline 0.001 -18"><span class='ocrx_word' id='word_1_439' title='bbox 1933 1512 2058 1564; x_wconf 92' lang='lat' dir='ltr'><strong>_rem</strong></span> <span class='ocrx_word' id='word_1_440' title='bbox 2087 1505 2142 1551; x_wconf 91' lang='lat' dir='ltr'><strong>et</strong></span> <span class='ocrx_word' id='word_1_441' title='bbox 2182 1497 2440 1551; x_wconf 82' lang='lat' dir='ltr'><strong>eximium</strong></span> <span class='ocrx_word' id='word_1_442' title='bbox 2485 1495 2866 1567; x_wconf 88' lang='lat' dir='ltr'><strong>prophetarum</strong></span> <span class='ocrx_word' id='word_1_443' title='bbox 2899 1497 3155 1563; x_wconf 80' lang='lat' dir='ltr'><strong>ostendit,</strong></span> <span class='ocrx_word' id='word_1_444' title='bbox 3183 1497 3326 1568; x_wconf 77' lang='lat' dir='ltr'><strong>quia</strong></span> <span class='ocrx_word' id='word_1_445' title='bbox 3355 1505 3414 1554; x_wconf 75' lang='lat' dir='ltr'><strong>et</strong></span> <span class='ocrx_word' id='word_1_446' title='bbox 3435 1497 3524 1552; x_wconf 76' lang='lat' dir='ltr'><strong>lex</strong></span> 
     </span>
    </p>
   </div>
   <div class='ocr_carea' id='block_1_60' title="bbox 1938 1585 3525 1659">
    <p class='ocr_par' dir='ltr' id='par_1_60' title="bbox 1938 1585 3525 1659">
     <span class='ocr_line' id='line_1_60' title="bbox 1938 1585 3525 1659; baseline 0.002 -19"><span class='ocrx_word' id='word_1_447' title='bbox 1938 1587 2006 1641; x_wconf 89' lang='lat' dir='ltr'><strong>ab</strong></span> <span class='ocrx_word' id='word_1_448' title='bbox 2035 1585 2150 1657; x_wconf 92' lang='lat' dir='ltr'><strong>ipso</strong></span> <span class='ocrx_word' id='word_1_449' title='bbox 2177 1587 2300 1641; x_wconf 84' lang='lat' dir='ltr'><strong>data</strong></span> <span class='ocrx_word' id='word_1_450' title='bbox 2329 1595 2432 1652; x_wconf 80' lang='lat' dir='ltr'><strong>est,</strong></span> <span class='ocrx_word' id='word_1_451' title='bbox 2462 1595 2517 1642; x_wconf 89' lang='lat' dir='ltr'><strong>et</strong></span> <span class='ocrx_word' id='word_1_452' title='bbox 2547 1589 2719 1659; x_wconf 88' lang='lat' dir='ltr'><strong>ipsum</strong></span> <span class='ocrx_word' id='word_1_453' title='bbox 2743 1586 3138 1658; x_wconf 68' lang='lat' dir='ltr'><strong>praefiguravit;</strong></span> <span class='ocrx_word' id='word_1_454' title='bbox 3166 1594 3226 1642; x_wconf 84' lang='lat' dir='ltr'><strong>et</strong></span> <span class='ocrx_word' id='word_1_455' title='bbox 3245 1588 3525 1657; x_wconf 53' lang='lat' dir='ltr'><strong>propheta</strong></span> 
     </span>
    </p>
   </div>
   <div class='ocr_carea' id='block_1_61' title="bbox 1938 1675 3524 1750">
    <p class='ocr_par' dir='ltr' id='par_1_61' title="bbox 1938 1675 3524 1750">
     <span class='ocr_line' id='line_1_61' title="bbox 1938 1675 3524 1750; baseline 0 -19"><span class='ocrx_word' id='word_1_456' title='bbox 1938 1677 2055 1750; x_wconf 89' lang='lat' dir='ltr'><strong>ipso</strong></span> <span class='ocrx_word' id='word_1_457' title='bbox 2085 1676 2388 1747; x_wconf 85' lang='lat' dir='ltr'><strong>inspirante</strong></span> <span class='ocrx_word' id='word_1_458' title='bbox 2409 1678 2891 1748; x_wconf 85' lang='lat' dir='ltr'><strong>prophetaverunt,</strong></span> <span class='ocrx_word' id='word_1_459' title='bbox 2915 1685 2972 1733; x_wconf 89' lang='lat' dir='ltr'><strong>et</strong></span> <span class='ocrx_word' id='word_1_460' title='bbox 2991 1679 3176 1734; x_wconf 81' lang='lat' dir='ltr'><strong>omnia</strong></span> <span class='ocrx_word' id='word_1_461' title='bbox 3198 1693 3321 1748; x_wconf 70' lang='lat' dir='ltr'><strong>quae</strong></span> <span class='ocrx_word' id='word_1_462' title='bbox 3344 1677 3412 1734; x_wconf 90' lang='lat' dir='ltr'><strong>de</strong></span> <span class='ocrx_word' id='word_1_463' title='bbox 3423 1675 3524 1732; x_wconf 81' lang='lat' dir='ltr'><strong>illo</strong></span> 
     </span>
    </p>
   </div>
   <div class='ocr_carea' id='block_1_62' title="bbox 1937 1767 3522 1842">
    <p class='ocr_par' dir='ltr' id='par_1_62' title="bbox 1937 1767 3522 1842">
     <span class='ocr_line' id='line_1_62' title="bbox 1937 1767 3522 1842; baseline 0.001 -19"><span class='ocrx_word' id='word_1_464' title='bbox 1937 1777 2094 1824; x_wconf 89' lang='lat' dir='ltr'><strong>erant</strong></span> <span class='ocrx_word' id='word_1_465' title='bbox 2132 1767 2311 1824; x_wconf 87' lang='lat' dir='ltr'><strong>futura</strong></span> <span class='ocrx_word' id='word_1_466' title='bbox 2339 1770 2670 1825; x_wconf 85' lang='lat' dir='ltr'><strong>cecinerunt.</strong></span> <span class='ocrx_word' id='word_1_467' title='bbox 2709 1769 2909 1840; x_wconf 88' lang='lat' dir='ltr'><strong>Typice</strong></span> <span class='ocrx_word' id='word_1_468' title='bbox 2945 1781 3046 1840; x_wconf 92' lang='lat' dir='ltr'><strong>per</strong></span> <span class='ocrx_word' id='word_1_469' title='bbox 3077 1771 3300 1842; x_wconf 84' lang='lat' dir='ltr'><strong>Moysen</strong></span> <span class='ocrx_word' id='word_1_470' title='bbox 3347 1769 3522 1826; x_wconf 87' lang='lat' dir='ltr'><strong>sancti</strong></span> 
     </span>
    </p>
   </div>
   <div class='ocr_carea' id='block_1_63' title="bbox 1937 1859 3523 1934">
    <p class='ocr_par' dir='ltr' id='par_1_63' title="bbox 1937 1859 3523 1934">
     <span class='ocr_line' id='line_1_63' title="bbox 1937 1859 3523 1934; baseline 0.003 -20"><span class='ocrx_word' id='word_1_471' title='bbox 1937 1860 2028 1929; x_wconf 92' lang='lat' dir='ltr'><strong>qui</strong></span> <span class='ocrx_word' id='word_1_472' title='bbox 2048 1859 2162 1930; x_wconf 91' lang='lat' dir='ltr'><strong>jam</strong></span> <span class='ocrx_word' id='word_1_473' title='bbox 2193 1868 2404 1931; x_wconf 86' lang='lat' dir='ltr'><strong>gustata</strong></span> <span class='ocrx_word' id='word_1_474' title='bbox 2454 1868 2625 1916; x_wconf 90' lang='lat' dir='ltr'><strong>morte</strong></span> <span class='ocrx_word' id='word_1_475' title='bbox 2652 1875 2775 1916; x_wconf 91' lang='lat' dir='ltr'><strong>cum</strong></span> <span class='ocrx_word' id='word_1_476' title='bbox 2805 1860 3032 1917; x_wconf 90' lang='lat' dir='ltr'><strong>Domino</strong></span> <span class='ocrx_word' id='word_1_477' title='bbox 3066 1863 3384 1934; x_wconf 78' lang='lat' dir='ltr'><strong>regnabant.</strong></span> <span class='ocrx_word' id='word_1_478' title='bbox 3416 1861 3523 1918; x_wconf 82' lang='lat' dir='ltr'><strong>Per</strong></span> 
     </span>
    </p>
   </div>
   <div class='ocr_carea' id='block_1_64' title="bbox 1936 1951 3523 2024">
    <p class='ocr_par' dir='ltr' id='par_1_64' title="bbox 1936 1951 3523 2024">
     <span class='ocr_line' id='line_1_64' title="bbox 1936 1951 3523 2024; baseline 0.001 -18"><span class='ocrx_word' id='word_1_479' title='bbox 1936 1951 2136 2021; x_wconf 91' lang='lat' dir='ltr'><strong>Eliam,</strong></span> <span class='ocrx_word' id='word_1_480' title='bbox 2171 1953 2264 2022; x_wconf 90' lang='lat' dir='ltr'><strong>qui</strong></span> <span class='ocrx_word' id='word_1_481' title='bbox 2307 1953 2483 2008; x_wconf 91' lang='lat' dir='ltr'><strong>adhuc</strong></span> <span class='ocrx_word' id='word_1_482' title='bbox 2511 1953 2695 2008; x_wconf 88' lang='lat' dir='ltr'><strong>vivere</strong></span> <span class='ocrx_word' id='word_1_483' title='bbox 2731 1953 2952 2018; x_wconf 90' lang='lat' dir='ltr'><strong>dicitur,</strong></span> <span class='ocrx_word' id='word_1_484' title='bbox 2985 1953 3059 2008; x_wconf 91' lang='lat' dir='ltr'><strong>illi</strong></span> <span class='ocrx_word' id='word_1_485' title='bbox 3108 1953 3264 2009; x_wconf 91' lang='lat' dir='ltr'><strong>electi</strong></span> <span class='ocrx_word' id='word_1_486' title='bbox 3313 1954 3406 2024; x_wconf 90' lang='lat' dir='ltr'><strong>qui</strong></span> <span class='ocrx_word' id='word_1_487' title='bbox 3464 1951 3523 2008; x_wconf 90' lang='lat' dir='ltr'><strong>in</strong></span> 
     </span>
    </p>
   </div>
   <div class='ocr_carea' id='block_1_65' title="bbox 1936 2042 3523 2113">
    <p class='ocr_par' dir='ltr' id='par_1_65' title="bbox 1936 2042 3523 2113">
     <span class='ocr_line' id='line_1_65' title="bbox 1936 2042 3523 2113; baseline -0.001 -15"><span class='ocrx_word' id='word_1_488' title='bbox 1936 2056 2098 2098; x_wconf 90' lang='lat' dir='ltr'><strong>carne</strong></span> <span class='ocrx_word' id='word_1_489' title='bbox 2151 2043 2452 2112; x_wconf 91' lang='lat' dir='ltr'><strong>reperiendi</strong></span> <span class='ocrx_word' id='word_1_490' title='bbox 2506 2050 2632 2097; x_wconf 91' lang='lat' dir='ltr'><strong>sunt</strong></span> <span class='ocrx_word' id='word_1_491' title='bbox 2678 2042 3016 2113; x_wconf 87' lang='lat' dir='ltr'><strong>ﬁgurantur;</strong></span> <span class='ocrx_word' id='word_1_492' title='bbox 3073 2044 3330 2113; x_wconf 83' lang='lat' dir='ltr'><strong>quoniam</strong></span> <span class='ocrx_word' id='word_1_493' title='bbox 3379 2043 3523 2098; x_wconf 87' lang='lat' dir='ltr'><strong>sicut</strong></span> 
     </span>
    </p>
   </div>
   <div class='ocr_carea' id='block_1_66' title="bbox 1935 2135 3519 2208">
    <p class='ocr_par' dir='ltr' id='par_1_66' title="bbox 1935 2135 3519 2208">
     <span class='ocr_line' id='line_1_66' title="bbox 1935 2135 3519 2208; baseline 0 -18"><span class='ocrx_word' id='word_1_494' title='bbox 1935 2135 2132 2191; x_wconf 86' lang='lat' dir='ltr'><strong>Paulus</strong></span> <span class='ocrx_word' id='word_1_495' title='bbox 2153 2137 2228 2190; x_wconf 89' lang='lat' dir='ltr'><strong>ait</strong></span> <span class='ocrx_word' id='word_1_496' title='bbox 2252 2156 2265 2190; x_wconf 87' lang='lat'><strong>:</strong></span> <span class='ocrx_word' id='word_1_497' title='bbox 2294 2135 2351 2189; x_wconf 82' lang='grc' dir='ltr'><em>Μ</em></span> <span class='ocrx_word' id='word_1_498' title='bbox 2355 2137 2492 2190; x_wconf 86' lang='lat' dir='ltr'><strong>ortui</strong></span> <span class='ocrx_word' id='word_1_499' title='bbox 2507 2137 2596 2207; x_wconf 91' lang='lat' dir='ltr'><strong>qui</strong></span> <span class='ocrx_word' id='word_1_500' title='bbox 2615 2136 2672 2189; x_wconf 88' lang='lat' dir='ltr'><strong>in</strong></span> <span class='ocrx_word' id='word_1_501' title='bbox 2687 2135 2894 2192; x_wconf 87' lang='lat' dir='ltr'><strong>Christo</strong></span> <span class='ocrx_word' id='word_1_502' title='bbox 2911 2146 3033 2192; x_wconf 85' lang='lat' dir='ltr'><strong>sunt</strong></span> <span class='ocrx_word' id='word_1_503' title='bbox 3049 2146 3318 2208; x_wconf 80' lang='lat' dir='ltr'><strong>resurgent</strong></span> <span class='ocrx_word' id='word_1_504' title='bbox 3339 2137 3519 2208; x_wconf 84' lang='lat' dir='ltr'><strong>primi,</strong></span> 
     </span>
    </p>
   </div>
   <div class='ocr_carea' id='block_1_67' title="bbox 1934 2225 3523 2296">
    <p class='ocr_par' dir='ltr' id='par_1_67' title="bbox 1934 2225 3523 2296">
     <span class='ocr_line' id='line_1_67' title="bbox 1934 2225 3523 2296; baseline 0.001 -18"><span class='ocrx_word' id='word_1_505' title='bbox 1934 2225 2121 2280; x_wconf 85' lang='lat' dir='ltr'><strong>deinde</strong></span> <span class='ocrx_word' id='word_1_506' title='bbox 2147 2225 2236 2295; x_wconf 89' lang='lat' dir='ltr'><strong>qui</strong></span> <span class='ocrx_word' id='word_1_507' title='bbox 2262 2226 2363 2280; x_wconf 80' lang='lat' dir='ltr'><strong>vivi</strong></span> <span class='ocrx_word' id='word_1_508' title='bbox 2387 2227 2578 2280; x_wconf 80' lang='lat' dir='ltr'><strong>inventi</strong></span> <span class='ocrx_word' id='word_1_509' title='bbox 2615 2226 2811 2296; x_wconf 79' lang='lat' dir='ltr'><strong>fuerint</strong></span> <span class='ocrx_word' id='word_1_510' title='bbox 2834 2226 2994 2280; x_wconf 83' lang='lat' dir='ltr'><strong>simul</strong></span> <span class='ocrx_word' id='word_1_511' title='bbox 3023 2227 3303 2296; x_wconf 84' lang='lat' dir='ltr'><strong>rapiuntur</strong></span> <span class='ocrx_word' id='word_1_512' title='bbox 3336 2226 3394 2279; x_wconf 86' lang='lat' dir='ltr'><strong>in</strong></span> <span class='ocrx_word' id='word_1_513' title='bbox 3422 2240 3523 2280; x_wconf 87' lang='lat' dir='ltr'><strong>mt-</strong></span> 
     </span>
    </p>
   </div>
   <div class='ocr_carea' id='block_1_68' title="bbox 1933 2314 3518 2387">
    <p class='ocr_par' dir='ltr' id='par_1_68' title="bbox 1933 2314 3518 2387">
     <span class='ocr_line' id='line_1_68' title="bbox 1933 2314 3518 2387; baseline 0 -18"><span class='ocrx_word' id='word_1_514' title='bbox 1933 2314 2081 2370; x_wconf 86' lang='lat' dir='ltr'><strong>bibus</strong></span> <span class='ocrx_word' id='word_1_515' title='bbox 2112 2316 2316 2370; x_wconf 86' lang='lat' dir='ltr'><strong>obviam</strong></span> <span class='ocrx_word' id='word_1_516' title='bbox 2343 2315 2551 2371; x_wconf 82' lang='lat' dir='ltr'><strong>Christo</strong></span> <span class='ocrx_word' id='word_1_517' title='bbox 2576 2317 2632 2370; x_wconf 86' lang='lat' dir='ltr'><strong>in</strong></span> <span class='ocrx_word' id='word_1_518' title='bbox 2655 2332 2811 2383; x_wconf 89' lang='lat' dir='ltr'><strong>aera,</strong></span> <span class='ocrx_word' id='word_1_519' title='bbox 2839 2325 2888 2372; x_wconf 88' lang='lat' dir='ltr'><strong>et</strong></span> <span class='ocrx_word' id='word_1_520' title='bbox 2917 2317 2994 2372; x_wconf 82' lang='lat' dir='ltr'><strong>sic</strong></span> <span class='ocrx_word' id='word_1_521' title='bbox 3019 2331 3222 2387; x_wconf 82' lang='lat' dir='ltr'><strong>semper</strong></span> <span class='ocrx_word' id='word_1_522' title='bbox 3244 2331 3364 2370; x_wconf 79' lang='lat' dir='ltr'><strong>cum</strong></span> <span class='ocrx_word' id='word_1_523' title='bbox 3396 2314 3518 2369; x_wconf 86' lang='lat' dir='ltr'><strong>Do-</strong></span> 
     </span>
    </p>
   </div>
   <div class='ocr_carea' id='block_1_69' title="bbox 1932 2405 2320 2462">
    <p class='ocr_par' dir='ltr' id='par_1_69' title="bbox 1932 2405 2320 2462">
     <span class='ocr_line' id='line_1_69' title="bbox 1932 2405 2320 2462; baseline 0.005 -2"><span class='ocrx_word' id='word_1_524' title='bbox 1932 2408 2074 2460; x_wconf 84' lang='lat' dir='ltr'><strong>mino</strong></span> <span class='ocrx_word' id='word_1_525' title='bbox 2103 2405 2320 2462; x_wconf 88' lang='lat' dir='ltr'><strong>erimus.</strong></span> 
     </span>
    </p>
   </div>
   <div class='ocr_carea' id='block_1_70' title="bbox 2003 2498 3518 2573">
    <p class='ocr_par' dir='ltr' id='par_1_70' title="bbox 2003 2498 3518 2573">
     <span class='ocr_line' id='line_1_70' title="bbox 2003 2498 3518 2573; baseline -0.001 -18"><span class='ocrx_word' id='word_1_526' title='bbox 2003 2498 2136 2555; x_wconf 87' lang='lat' dir='ltr'><strong>Cum</strong></span> <span class='ocrx_word' id='word_1_527' title='bbox 2173 2517 2233 2556; x_wconf 86' lang='lat' dir='ltr'><strong>eo</strong></span> <span class='ocrx_word' id='word_1_528' title='bbox 2273 2499 2560 2573; x_wconf 80' lang='lat' dir='ltr'><strong>loquentes.</strong></span> <span class='ocrx_word' id='word_1_529' title='bbox 2607 2500 2831 2558; x_wconf 86' lang='lat' dir='ltr'><strong>Scilicet</strong></span> <span class='ocrx_word' id='word_1_530' title='bbox 2874 2513 3162 2557; x_wconf 79' lang='lat' dir='ltr'><strong>excessum</strong></span> <span class='ocrx_word' id='word_1_531' title='bbox 3210 2498 3329 2570; x_wconf 86' lang='lat' dir='ltr'><strong>ejus</strong></span> <span class='ocrx_word' id='word_1_532' title='bbox 3354 2513 3518 2569; x_wconf 89' lang='lat' dir='ltr'><strong>quem</strong></span> 
     </span>
    </p>
   </div>
   <div class='ocr_carea' id='block_1_71' title="bbox 1933 2591 3524 2664">
    <p class='ocr_par' dir='ltr' id='par_1_71' title="bbox 1933 2591 3524 2664">
     <span class='ocr_line' id='line_1_71' title="bbox 1933 2591 3524 2664; baseline 0.001 -17"><span class='ocrx_word' id='word_1_533' title='bbox 1933 2603 2154 2648; x_wconf 87' lang='lat' dir='ltr'><strong>acturus</strong></span> <span class='ocrx_word' id='word_1_534' title='bbox 2180 2603 2298 2648; x_wconf 89' lang='lat' dir='ltr'><strong>erat</strong></span> <span class='ocrx_word' id='word_1_535' title='bbox 2329 2594 2385 2648; x_wconf 91' lang='lat' dir='ltr'><strong>in</strong></span> <span class='ocrx_word' id='word_1_536' title='bbox 2414 2593 2749 2650; x_wconf 79' lang='lat' dir='ltr'><strong>Hierusalem</strong></span> <span class='ocrx_word' id='word_1_537' title='bbox 2777 2593 3226 2664; x_wconf 69' lang='lat' dir='ltr'><strong>praenuntiantes.</strong></span> <span class='ocrx_word' id='word_1_538' title='bbox 3258 2591 3524 2663; x_wconf 79' lang='lat' dir='ltr'><strong>Origenes</strong></span> 
     </span>
    </p>
   </div>
   <div class='ocr_carea' id='block_1_72' title="bbox 1933 2682 3522 2754">
    <p class='ocr_par' dir='ltr' id='par_1_72' title="bbox 1933 2682 3522 2754">
     <span class='ocr_line' id='line_1_72' title="bbox 1933 2682 3522 2754; baseline 0 -16"><span class='ocrx_word' id='word_1_539' title='bbox 1933 2683 2063 2738; x_wconf 90' lang='lat' dir='ltr'><strong>dicit</strong></span> <span class='ocrx_word' id='word_1_540' title='bbox 2083 2685 2225 2752; x_wconf 90' lang='lat' dir='ltr'><strong>quod</strong></span> <span class='ocrx_word' id='word_1_541' title='bbox 2251 2682 2464 2754; x_wconf 84' lang='lat' dir='ltr'><strong>Moyses</strong></span> <span class='ocrx_word' id='word_1_542' title='bbox 2503 2699 2627 2739; x_wconf 90' lang='lat' dir='ltr'><strong>cum</strong></span> <span class='ocrx_word' id='word_1_543' title='bbox 2659 2683 2858 2738; x_wconf 89' lang='lat' dir='ltr'><strong>tabulis</strong></span> <span class='ocrx_word' id='word_1_544' title='bbox 2886 2697 3007 2753; x_wconf 61' lang='lat' dir='ltr'><strong>qua</strong></span> <span class='ocrx_word' id='word_1_545' title='bbox 3037 2683 3302 2754; x_wconf 87' lang='lat' dir='ltr'><strong>scriptam</strong></span> <span class='ocrx_word' id='word_1_546' title='bbox 3346 2683 3522 2754; x_wconf 87' lang='lat' dir='ltr'><strong>legem</strong></span> 
     </span>
    </p>
   </div>
   <div class='ocr_carea' id='block_1_73' title="bbox 1931 2773 3522 2847">
    <p class='ocr_par' dir='ltr' id='par_1_73' title="bbox 1931 2773 3522 2847">
     <span class='ocr_line' id='line_1_73' title="bbox 1931 2773 3522 2847; baseline -0.002 -15"><span class='ocrx_word' id='word_1_547' title='bbox 1931 2775 2258 2842; x_wconf 90' lang='lat' dir='ltr'><strong>habuerunt,</strong></span> <span class='ocrx_word' id='word_1_548' title='bbox 2286 2777 2616 2847; x_wconf 89' lang='lat' dir='ltr'><strong>apparuerit,</strong></span> <span class='ocrx_word' id='word_1_549' title='bbox 2647 2785 2703 2831; x_wconf 92' lang='lat' dir='ltr'><strong>et</strong></span> <span class='ocrx_word' id='word_1_550' title='bbox 2724 2773 2871 2830; x_wconf 87' lang='lat' dir='ltr'><strong>Elias</strong></span> <span class='ocrx_word' id='word_1_551' title='bbox 2892 2791 3015 2831; x_wconf 91' lang='lat' dir='ltr'><strong>cum</strong></span> <span class='ocrx_word' id='word_1_552' title='bbox 3044 2789 3208 2831; x_wconf 90' lang='lat' dir='ltr'><strong>curru</strong></span> <span class='ocrx_word' id='word_1_553' title='bbox 3235 2775 3393 2846; x_wconf 89' lang='lat' dir='ltr'><strong>igneo</strong></span> <span class='ocrx_word' id='word_1_554' title='bbox 3425 2774 3522 2829; x_wconf 81' lang='lat' dir='ltr'><strong>ad-</strong></span> 
     </span>
    </p>
   </div>
   <div class='ocr_carea' id='block_1_74' title="bbox 1929 2865 3522 2938">
    <p class='ocr_par' dir='ltr' id='par_1_74' title="bbox 1929 2865 3522 2938">
     <span class='ocr_line' id='line_1_74' title="bbox 1929 2865 3522 2938; baseline -0.003 -16"><span class='ocrx_word' id='word_1_555' title='bbox 1929 2867 2162 2934; x_wconf 89' lang='lat' dir='ltr'><strong>venerit,</strong></span> <span class='ocrx_word' id='word_1_556' title='bbox 2189 2876 2242 2922; x_wconf 90' lang='lat' dir='ltr'><strong>et</strong></span> <span class='ocrx_word' id='word_1_557' title='bbox 2272 2867 2396 2922; x_wconf 92' lang='lat' dir='ltr'><strong>inde</strong></span> <span class='ocrx_word' id='word_1_558' title='bbox 2422 2867 2646 2938; x_wconf 83' lang='lat' dir='ltr'><strong>apostoli</strong></span> <span class='ocrx_word' id='word_1_559' title='bbox 2666 2882 2762 2922; x_wconf 89' lang='lat' dir='ltr'><strong>eos</strong></span> <span class='ocrx_word' id='word_1_560' title='bbox 2783 2873 3182 2938; x_wconf 86' lang='lat' dir='ltr'><strong>cognoverunt,</strong></span> <span class='ocrx_word' id='word_1_561' title='bbox 3212 2873 3270 2920; x_wconf 91' lang='lat' dir='ltr'><strong>et</strong></span> <span class='ocrx_word' id='word_1_562' title='bbox 3302 2865 3522 2935; x_wconf 88' lang='lat' dir='ltr'><strong>dignum</strong></span> 
     </span>
    </p>
   </div>
   <div class='ocr_carea' id='block_1_75' title="bbox 1931 2955 3524 3027">
    <p class='ocr_par' dir='ltr' id='par_1_75' title="bbox 1931 2955 3524 3027">
     <span class='ocr_line' id='line_1_75' title="bbox 1931 2955 3524 3027; baseline -0.003 -14"><span class='ocrx_word' id='word_1_563' title='bbox 1931 2968 2054 3013; x_wconf 91' lang='lat' dir='ltr'><strong>erat</strong></span> <span class='ocrx_word' id='word_1_564' title='bbox 2079 2967 2140 3012; x_wconf 93' lang='lat' dir='ltr'><strong>ut</strong></span> <span class='ocrx_word' id='word_1_565' title='bbox 2177 2959 2234 3014; x_wconf 91' lang='lat' dir='ltr'><strong>in</strong></span> <span class='ocrx_word' id='word_1_566' title='bbox 2271 2959 2541 3014; x_wconf 89' lang='lat' dir='ltr'><strong>cbaritate</strong></span> <span class='ocrx_word' id='word_1_567' title='bbox 2568 2973 2690 3013; x_wconf 91' lang='lat' dir='ltr'><strong>cum</strong></span> <span class='ocrx_word' id='word_1_568' title='bbox 2717 2958 2948 3013; x_wconf 89' lang='lat' dir='ltr'><strong>Domino</strong></span> <span class='ocrx_word' id='word_1_569' title='bbox 2977 2963 3330 3027; x_wconf 88' lang='lat' dir='ltr'><strong>apparentes,</strong></span> <span class='ocrx_word' id='word_1_570' title='bbox 3361 2955 3524 3010; x_wconf 83' lang='lat' dir='ltr'><strong>terri-</strong></span> 
     </span>
    </p>
   </div>
   <div class='ocr_carea' id='block_1_76' title="bbox 1930 3044 3522 3120">
    <p class='ocr_par' dir='ltr' id='par_1_76' title="bbox 1930 3044 3522 3120">
     <span class='ocr_line' id='line_1_76' title="bbox 1930 3044 3522 3120; baseline -0.003 -13"><span class='ocrx_word' id='word_1_571' title='bbox 1930 3051 2068 3107; x_wconf 84' lang='lat' dir='ltr'><strong>biles</strong></span> <span class='ocrx_word' id='word_1_572' title='bbox 2097 3061 2152 3106; x_wconf 91' lang='lat' dir='ltr'><strong>et</strong></span> <span class='ocrx_word' id='word_1_573' title='bbox 2199 3050 2447 3120; x_wconf 86' lang='lat' dir='ltr'><strong>praeclari</strong></span> <span class='ocrx_word' id='word_1_574' title='bbox 2478 3057 2844 3120; x_wconf 89' lang='lat' dir='ltr'><strong>apparerent,</strong></span> <span class='ocrx_word' id='word_1_575' title='bbox 2894 3047 3051 3119; x_wconf 88' lang='lat' dir='ltr'><strong>quasi</strong></span> <span class='ocrx_word' id='word_1_576' title='bbox 3078 3047 3319 3103; x_wconf 88' lang='lat' dir='ltr'><strong>dicerent</strong></span> <span class='ocrx_word' id='word_1_577' title='bbox 3352 3064 3366 3099; x_wconf 90' lang='lat'><strong>:</strong></span> <span class='ocrx_word' id='word_1_578' title='bbox 3403 3044 3522 3102; x_wconf 81' lang='lat' dir='ltr'><strong>Non</strong></span> 
     </span>
    </p>
   </div>
   <div class='ocr_carea' id='block_1_77' title="bbox 1931 3137 3523 3210">
    <p class='ocr_par' dir='ltr' id='par_1_77' title="bbox 1931 3137 3523 3210">
     <span class='ocr_line' id='line_1_77' title="bbox 1931 3137 3523 3210; baseline -0.003 -15"><span class='ocrx_word' id='word_1_579' title='bbox 1931 3141 2182 3196; x_wconf 85' lang='lat' dir='ltr'><strong>videatur</strong></span> <span class='ocrx_word' id='word_1_580' title='bbox 2216 3142 2372 3196; x_wconf 83' lang='lat' dir='ltr'><strong>vobis</strong></span> <span class='ocrx_word' id='word_1_581' title='bbox 2396 3142 2590 3196; x_wconf 92' lang='lat' dir='ltr'><strong>durum</strong></span> <span class='ocrx_word' id='word_1_582' title='bbox 2612 3140 2722 3210; x_wconf 87' lang='lat' dir='ltr'><strong>pati</strong></span> <span class='ocrx_word' id='word_1_583' title='bbox 2747 3155 2848 3210; x_wconf 91' lang='lat' dir='ltr'><strong>pro</strong></span> <span class='ocrx_word' id='word_1_584' title='bbox 2871 3138 3110 3203; x_wconf 82' lang='lat' dir='ltr'><strong>Christo,</strong></span> <span class='ocrx_word' id='word_1_585' title='bbox 3140 3137 3266 3209; x_wconf 90' lang='lat' dir='ltr'><strong>quia</strong></span> <span class='ocrx_word' id='word_1_586' title='bbox 3292 3152 3396 3208; x_wconf 88' lang='lat' dir='ltr'><strong>ego</strong></span> <span class='ocrx_word' id='word_1_587' title='bbox 3422 3151 3523 3208; x_wconf 91' lang='lat' dir='ltr'><strong>per</strong></span> 
     </span>
    </p>
   </div>
   <div class='ocr_carea' id='block_1_78' title="bbox 1934 3230 3520 3303">
    <p class='ocr_par' dir='ltr' id='par_1_78' title="bbox 1934 3230 3520 3303">
     <span class='ocr_line' id='line_1_78' title="bbox 1934 3230 3520 3303; baseline -0.001 -16"><span class='ocrx_word' id='word_1_588' title='bbox 1934 3231 2130 3302; x_wconf 82' lang='lat' dir='ltr'><strong>legem,</strong></span> <span class='ocrx_word' id='word_1_589' title='bbox 2170 3241 2226 3288; x_wconf 92' lang='lat' dir='ltr'><strong>et</strong></span> <span class='ocrx_word' id='word_1_590' title='bbox 2251 3233 2353 3288; x_wconf 91' lang='lat' dir='ltr'><strong>iste</strong></span> <span class='ocrx_word' id='word_1_591' title='bbox 2380 3248 2477 3303; x_wconf 91' lang='lat' dir='ltr'><strong>per</strong></span> <span class='ocrx_word' id='word_1_592' title='bbox 2503 3233 2846 3303; x_wconf 81' lang='lat' dir='ltr'><strong>pmphetiam</strong></span> <span class='ocrx_word' id='word_1_593' title='bbox 2882 3231 2997 3303; x_wconf 90' lang='lat' dir='ltr'><strong>ipso</strong></span> <span class='ocrx_word' id='word_1_594' title='bbox 3017 3230 3242 3301; x_wconf 75' lang='lat' dir='ltr'><strong>iubente</strong></span> <span class='ocrx_word' id='word_1_595' title='bbox 3269 3231 3350 3286; x_wconf 89' lang='lat' dir='ltr'><strong>sic</strong></span> <span class='ocrx_word' id='word_1_596' title='bbox 3375 3245 3520 3301; x_wconf 72' lang='lat' dir='ltr'><strong>prte-</strong></span> 
     </span>
    </p>
   </div>
   <div class='ocr_carea' id='block_1_79' title="bbox 1933 3320 3522 3389">
    <p class='ocr_par' dir='ltr' id='par_1_79' title="bbox 1933 3320 3522 3389">
     <span class='ocr_line' id='line_1_79' title="bbox 1933 3320 3522 3389; baseline -0.002 -10"><span class='ocrx_word' id='word_1_597' title='bbox 1933 3324 2300 3380; x_wconf 87' lang='lat' dir='ltr'><strong>nuntiavimus</strong></span> <span class='ocrx_word' id='word_1_598' title='bbox 2353 3323 2616 3379; x_wconf 86' lang='lat' dir='ltr'><strong>futurum.</strong></span> <span class='ocrx_word' id='word_1_599' title='bbox 2675 3323 2932 3389; x_wconf 82' lang='lat' dir='ltr'><strong>Domine,</strong></span> <span class='ocrx_word' id='word_1_600' title='bbox 2983 3322 3173 3377; x_wconf 85' lang='lat' dir='ltr'><strong>bonum</strong></span> <span class='ocrx_word' id='word_1_601' title='bbox 3201 3331 3277 3376; x_wconf 87' lang='lat' dir='ltr'><strong>est</strong></span> <span class='ocrx_word' id='word_1_602' title='bbox 3317 3337 3414 3376; x_wconf 76' lang='lat' dir='ltr'><strong>nos</strong></span> <span class='ocrx_word' id='word_1_603' title='bbox 3434 3320 3522 3376; x_wconf 79' lang='lat' dir='ltr'><strong>hic</strong></span> 
     </span>
    </p>
   </div>
   <div class='ocr_carea' id='block_1_80' title="bbox 1932 3413 3524 3487">
    <p class='ocr_par' dir='ltr' id='par_1_80' title="bbox 1932 3413 3524 3487">
     <span class='ocr_line' id='line_1_80' title="bbox 1932 3413 3524 3487; baseline -0.004 -13"><span class='ocrx_word' id='word_1_604' title='bbox 1932 3435 2062 3483; x_wconf 86' lang='lat' dir='ltr'><strong>esse;</strong></span> <span class='ocrx_word' id='word_1_605' title='bbox 2083 3417 2129 3472; x_wconf 87' lang='lat' dir='ltr'><strong>si</strong></span> <span class='ocrx_word' id='word_1_606' title='bbox 2151 3419 2248 3482; x_wconf 86' lang='lat' dir='ltr'><strong>vis,</strong></span> <span class='ocrx_word' id='word_1_607' title='bbox 2273 3417 2531 3487; x_wconf 83' lang='lat' dir='ltr'><strong>faciamus</strong></span> <span class='ocrx_word' id='word_1_608' title='bbox 2547 3417 2630 3470; x_wconf 84' lang='lat' dir='ltr'><strong>hic</strong></span> <span class='ocrx_word' id='word_1_609' title='bbox 2644 3417 2747 3470; x_wconf 87' lang='lat' dir='ltr'><strong>tria</strong></span> <span class='ocrx_word' id='word_1_610' title='bbox 2770 3413 3133 3470; x_wconf 81' lang='lat' dir='ltr'><strong>tabernacula.</strong></span> <span class='ocrx_word' id='word_1_611' title='bbox 3153 3413 3291 3480; x_wconf 80' lang='lat' dir='ltr'><strong>Quia</strong></span> <span class='ocrx_word' id='word_1_612' title='bbox 3310 3413 3524 3468; x_wconf 74' lang='lat' dir='ltr'><strong>viderat</strong></span> 
     </span>
    </p>
   </div>
   <div class='ocr_carea' id='block_1_81' title="bbox 1934 3503 3522 3580">
    <p class='ocr_par' dir='ltr' id='par_1_81' title="bbox 1934 3503 3522 3580">
     <span class='ocr_line' id='line_1_81' title="bbox 1934 3503 3522 3580; baseline -0.005 -16"><span class='ocrx_word' id='word_1_613' title='bbox 1934 3511 2000 3565; x_wconf 90' lang='lat' dir='ltr'><strong>ad</strong></span> <span class='ocrx_word' id='word_1_614' title='bbox 2045 3518 2307 3580; x_wconf 92' lang='lat' dir='ltr'><strong>punctum</strong></span> <span class='ocrx_word' id='word_1_615' title='bbox 2332 3507 2674 3564; x_wconf 88' lang='lat' dir='ltr'><strong>delectabilia</strong></span> <span class='ocrx_word' id='word_1_616' title='bbox 2697 3507 2915 3570; x_wconf 87' lang='lat' dir='ltr'><strong>Petms,</strong></span> <span class='ocrx_word' id='word_1_617' title='bbox 2949 3504 3170 3559; x_wconf 89' lang='lat' dir='ltr'><strong>volebat</strong></span> <span class='ocrx_word' id='word_1_618' title='bbox 3195 3503 3271 3559; x_wconf 89' lang='lat' dir='ltr'><strong>ibi</strong></span> <span class='ocrx_word' id='word_1_619' title='bbox 3306 3517 3522 3572; x_wconf 86' lang='lat' dir='ltr'><strong>seper</strong></span> 
     </span>
    </p>
   </div>
   <div class='ocr_carea' id='block_1_82' title="bbox 1932 3593 3521 3664">
    <p class='ocr_par' dir='ltr' id='par_1_82' title="bbox 1932 3593 3521 3664">
     <span class='ocr_line' id='line_1_82' title="bbox 1932 3593 3521 3664; baseline -0.004 -9"><span class='ocrx_word' id='word_1_620' title='bbox 1932 3600 2211 3656; x_wconf 87' lang='lat' dir='ltr'><strong>immorari</strong></span> <span class='ocrx_word' id='word_1_621' title='bbox 2239 3615 2308 3654; x_wconf 89' lang='lat' dir='ltr'><strong>ne</strong></span> <span class='ocrx_word' id='word_1_622' title='bbox 2338 3599 2408 3653; x_wconf 88' lang='lat' dir='ltr'><strong>ad</strong></span> <span class='ocrx_word' id='word_1_623' title='bbox 2435 3607 2636 3654; x_wconf 89' lang='lat' dir='ltr'><strong>terram</strong></span> <span class='ocrx_word' id='word_1_624' title='bbox 2666 3597 3052 3661; x_wconf 85' lang='lat' dir='ltr'><strong>descenderet,</strong></span> <span class='ocrx_word' id='word_1_625' title='bbox 3095 3593 3188 3649; x_wconf 90' lang='lat' dir='ltr'><strong>ubi</strong></span> <span class='ocrx_word' id='word_1_626' title='bbox 3234 3609 3335 3664; x_wconf 83' lang='lat' dir='ltr'><strong>pro</strong></span> <span class='ocrx_word' id='word_1_627' title='bbox 3369 3600 3521 3649; x_wconf 89' lang='lat' dir='ltr'><strong>certo</strong></span> 
     </span>
    </p>
   </div>
   <div class='ocr_carea' id='block_1_83' title="bbox 1931 3683 3523 3764">
    <p class='ocr_par' dir='ltr' id='par_1_83' title="bbox 1931 3683 3523 3764">
     <span class='ocr_line' id='line_1_83' title="bbox 1931 3683 3523 3764; baseline -0.008 -15"><span class='ocrx_word' id='word_1_628' title='bbox 1931 3701 2259 3764; x_wconf 91' lang='lat' dir='ltr'><strong>cognoverat</strong></span> <span class='ocrx_word' id='word_1_629' title='bbox 2297 3706 2422 3747; x_wconf 91' lang='lat' dir='ltr'><strong>eum</strong></span> <span class='ocrx_word' id='word_1_630' title='bbox 2451 3689 2898 3761; x_wconf 86' lang='lat' dir='ltr'><strong>crucifigendum.</strong></span> <span class='ocrx_word' id='word_1_631' title='bbox 2939 3685 3228 3742; x_wconf 82' lang='lat' dir='ltr'><strong>Nesciebat</strong></span> <span class='ocrx_word' id='word_1_632' title='bbox 3274 3684 3405 3755; x_wconf 85' lang='lat' dir='ltr'><strong>quid</strong></span> <span class='ocrx_word' id='word_1_633' title='bbox 3439 3683 3523 3738; x_wconf 88' lang='lat' dir='ltr'><strong>di-</strong></span> 
     </span>
    </p>
   </div>
   <div class='ocr_carea' id='block_1_84' title="bbox 1929 3776 3520 3854">
    <p class='ocr_par' dir='ltr' id='par_1_84' title="bbox 1929 3776 3520 3854">
     <span class='ocr_line' id='line_1_84' title="bbox 1929 3776 3520 3854; baseline -0.006 -12"><span class='ocrx_word' id='word_1_634' title='bbox 1929 3795 2098 3851; x_wconf 90' lang='lat' dir='ltr'><strong>ceret,</strong></span> <span class='ocrx_word' id='word_1_635' title='bbox 2127 3795 2183 3842; x_wconf 91' lang='lat' dir='ltr'><strong>et</strong></span> <span class='ocrx_word' id='word_1_636' title='bbox 2218 3784 2396 3840; x_wconf 82' lang='lat' dir='ltr'><strong>fuerat</strong></span> <span class='ocrx_word' id='word_1_637' title='bbox 2421 3783 2622 3841; x_wconf 89' lang='lat' dir='ltr'><strong>oblitus</strong></span> <span class='ocrx_word' id='word_1_638' title='bbox 2648 3783 2854 3839; x_wconf 86' lang='lat' dir='ltr'><strong>sanctis</strong></span> <span class='ocrx_word' id='word_1_639' title='bbox 2879 3781 3207 3854; x_wconf 87' lang='lat' dir='ltr'><strong>promissum</strong></span> <span class='ocrx_word' id='word_1_640' title='bbox 3234 3794 3266 3832; x_wconf 91' lang='lat' dir='ltr'><strong>a</strong></span> <span class='ocrx_word' id='word_1_641' title='bbox 3291 3776 3520 3835; x_wconf 86' lang='lat' dir='ltr'><strong>Domino</strong></span> 
     </span>
    </p>
   </div>
   <div class='ocr_carea' id='block_1_85' title="bbox 1930 3877 3522 3950">
    <p class='ocr_par' dir='ltr' id='par_1_85' title="bbox 1930 3877 3522 3950">
     <span class='ocr_line' id='line_1_85' title="bbox 1930 3877 3522 3950; baseline -0.004 -17"><span class='ocrx_word' id='word_1_642' title='bbox 1930 3877 1985 3932; x_wconf 92' lang='lat' dir='ltr'><strong>in</strong></span> <span class='ocrx_word' id='word_1_643' title='bbox 2016 3879 2170 3933; x_wconf 74' lang='lat' dir='ltr'><strong>caelis</strong></span> <span class='ocrx_word' id='word_1_644' title='bbox 2215 3893 2439 3950; x_wconf 88' lang='lat' dir='ltr'><strong>regnum</strong></span> <span class='ocrx_word' id='word_1_645' title='bbox 2461 3919 2477 3945; x_wconf 94' lang='lat'><strong>,</strong></span> <span class='ocrx_word' id='word_1_646' title='bbox 2516 3893 2624 3933; x_wconf 92' lang='lat' dir='ltr'><strong>non</strong></span> <span class='ocrx_word' id='word_1_647' title='bbox 2654 3877 2710 3931; x_wconf 89' lang='lat' dir='ltr'><strong>in</strong></span> <span class='ocrx_word' id='word_1_648' title='bbox 2739 3883 2907 3941; x_wconf 88' lang='lat' dir='ltr'><strong>terra,</strong></span> <span class='ocrx_word' id='word_1_649' title='bbox 2937 3887 3115 3944; x_wconf 87' lang='lat' dir='ltr'><strong>neque</strong></span> <span class='ocrx_word' id='word_1_650' title='bbox 3135 3887 3298 3944; x_wconf 87' lang='lat' dir='ltr'><strong>posse</strong></span> <span class='ocrx_word' id='word_1_651' title='bbox 3331 3886 3522 3942; x_wconf 85' lang='lat' dir='ltr'><strong>quem-</strong></span> 
     </span>
    </p>
   </div>
   <div class='ocr_carea' id='block_1_86' title="bbox 1931 3958 3523 4038">
    <p class='ocr_par' dir='ltr' id='par_1_86' title="bbox 1931 3958 3523 4038">
     <span class='ocr_line' id='line_1_86' title="bbox 1931 3958 3523 4038; baseline -0.005 -16"><span class='ocrx_word' id='word_1_652' title='bbox 1931 3981 2094 4038; x_wconf 89' lang='lat' dir='ltr'><strong>quam</strong></span> <span class='ocrx_word' id='word_1_653' title='bbox 2155 3967 2371 4022; x_wconf 89' lang='lat' dir='ltr'><strong>mortali</strong></span> <span class='ocrx_word' id='word_1_654' title='bbox 2430 3964 2826 4021; x_wconf 90' lang='lat' dir='ltr'><strong>circumdatum</strong></span> <span class='ocrx_word' id='word_1_655' title='bbox 2886 3977 3054 4019; x_wconf 86' lang='lat' dir='ltr'><strong>carne</strong></span> <span class='ocrx_word' id='word_1_656' title='bbox 3117 3958 3523 4016; x_wconf 80' lang='lat' dir='ltr'><strong>immortalitate</strong></span> 
     </span>
    </p>
   </div>
   <div class='ocr_carea' id='block_1_87' title="bbox 1931 4051 3523 4128">
    <p class='ocr_par' dir='ltr' id='par_1_87' title="bbox 1931 4051 3523 4128">
     <span class='ocr_line' id='line_1_87' title="bbox 1931 4051 3523 4128; baseline -0.004 -16"><span class='ocrx_word' id='word_1_657' title='bbox 1931 4056 2067 4123; x_wconf 88' lang='lat' dir='ltr'><strong>frui,</strong></span> <span class='ocrx_word' id='word_1_658' title='bbox 2097 4057 2200 4112; x_wconf 91' lang='lat' dir='ltr'><strong>nisi</strong></span> <span class='ocrx_word' id='word_1_659' title='bbox 2229 4057 2381 4128; x_wconf 92' lang='lat' dir='ltr'><strong>prius</strong></span> <span class='ocrx_word' id='word_1_660' title='bbox 2407 4064 2584 4111; x_wconf 89' lang='lat' dir='ltr'><strong>morte</strong></span> <span class='ocrx_word' id='word_1_661' title='bbox 2614 4061 2851 4126; x_wconf 88' lang='lat' dir='ltr'><strong>gustata.</strong></span> <span class='ocrx_word' id='word_1_662' title='bbox 2881 4051 3170 4108; x_wconf 79' lang='lat' dir='ltr'><strong>Faciamus</strong></span> <span class='ocrx_word' id='word_1_663' title='bbox 3199 4053 3284 4106; x_wconf 74' lang='lat' dir='ltr'><strong>hic</strong></span> <span class='ocrx_word' id='word_1_664' title='bbox 3306 4053 3412 4105; x_wconf 84' lang='lat' dir='ltr'><strong>tria</strong></span> <span class='ocrx_word' id='word_1_665' title='bbox 3440 4062 3523 4106; x_wconf 87' lang='lat' dir='ltr'><strong>ta-</strong></span> 
     </span>
    </p>
   </div>
   <div class='ocr_carea' id='block_1_88' title="bbox 1933 4141 3520 4209">
    <p class='ocr_par' dir='ltr' id='par_1_88' title="bbox 1933 4141 3520 4209">
     <span class='ocr_line' id='line_1_88' title="bbox 1933 4141 3520 4209; baseline -0.002 -5"><span class='ocrx_word' id='word_1_666' title='bbox 1933 4150 2232 4206; x_wconf 85' lang='lat' dir='ltr'><strong>bernacula.</strong></span> <span class='ocrx_word' id='word_1_667' title='bbox 2271 4149 2387 4205; x_wconf 86' lang='lat' dir='ltr'><strong>Non</strong></span> <span class='ocrx_word' id='word_1_668' title='bbox 2425 4157 2552 4206; x_wconf 93' lang='lat' dir='ltr'><strong>sunt</strong></span> <span class='ocrx_word' id='word_1_669' title='bbox 2577 4149 2684 4204; x_wconf 88' lang='lat' dir='ltr'><strong>tria</strong></span> <span class='ocrx_word' id='word_1_670' title='bbox 2723 4145 3073 4204; x_wconf 88' lang='lat' dir='ltr'><strong>tabernacula</strong></span> <span class='ocrx_word' id='word_1_671' title='bbox 3099 4143 3372 4209; x_wconf 85' lang='lat' dir='ltr'><strong>facienda,</strong></span> <span class='ocrx_word' id='word_1_672' title='bbox 3422 4141 3520 4201; x_wconf 71' lang='lat' dir='ltr'><strong>sed</strong></span> 
     </span>
    </p>
   </div>
   <div class='ocr_carea' id='block_1_89' title="bbox 1930 4236 3521 4313">
    <p class='ocr_par' dir='ltr' id='par_1_89' title="bbox 1930 4236 3521 4313">
     <span class='ocr_line' id='line_1_89' title="bbox 1930 4236 3521 4313; baseline -0.008 -13"><span class='ocrx_word' id='word_1_673' title='bbox 1930 4259 2096 4300; x_wconf 91' lang='lat' dir='ltr'><strong>unum</strong></span> <span class='ocrx_word' id='word_1_674' title='bbox 2121 4283 2138 4311; x_wconf 92' lang='lat'><strong>,</strong></span> <span class='ocrx_word' id='word_1_675' title='bbox 2171 4243 2297 4313; x_wconf 90' lang='lat' dir='ltr'><strong>quia</strong></span> <span class='ocrx_word' id='word_1_676' title='bbox 2345 4241 2584 4297; x_wconf 89' lang='lat' dir='ltr'><strong>Trinitas</strong></span> <span class='ocrx_word' id='word_1_677' title='bbox 2629 4240 2759 4295; x_wconf 90' lang='lat' dir='ltr'><strong>licet</strong></span> <span class='ocrx_word' id='word_1_678' title='bbox 2801 4236 3070 4295; x_wconf 84' lang='lat' dir='ltr'><strong>credenda</strong></span> <span class='ocrx_word' id='word_1_679' title='bbox 3095 4276 3112 4302; x_wconf 95' lang='lat'><strong>,</strong></span> <span class='ocrx_word' id='word_1_680' title='bbox 3151 4249 3294 4290; x_wconf 87' lang='lat' dir='ltr'><strong>unus</strong></span> <span class='ocrx_word' id='word_1_681' title='bbox 3337 4241 3521 4289; x_wconf 84' lang='lat' dir='ltr'><strong>tamen</strong></span> 
     </span>
    </p>
   </div>
   <div class='ocr_carea' id='block_1_90' title="bbox 1929 4327 3518 4398">
    <p class='ocr_par' dir='ltr' id='par_1_90' title="bbox 1929 4327 3518 4398">
     <span class='ocr_line' id='line_1_90' title="bbox 1929 4327 3518 4398; baseline -0.005 -6"><span class='ocrx_word' id='word_1_682' title='bbox 1929 4336 2074 4393; x_wconf 88' lang='lat' dir='ltr'><strong>Deus</strong></span> <span class='ocrx_word' id='word_1_683' title='bbox 2108 4337 2162 4391; x_wconf 94' lang='lat' dir='ltr'><strong>in</strong></span> <span class='ocrx_word' id='word_1_684' title='bbox 2213 4335 2515 4392; x_wconf 88' lang='lat' dir='ltr'><strong>substantia</strong></span> <span class='ocrx_word' id='word_1_685' title='bbox 2538 4375 2552 4398; x_wconf 91' lang='lat'><strong>,</strong></span> <span class='ocrx_word' id='word_1_686' title='bbox 2597 4342 2654 4388; x_wconf 91' lang='lat' dir='ltr'><strong>et</strong></span> <span class='ocrx_word' id='word_1_687' title='bbox 2679 4345 2846 4387; x_wconf 89' lang='lat' dir='ltr'><strong>unum</strong></span> <span class='ocrx_word' id='word_1_688' title='bbox 2875 4330 3041 4387; x_wconf 88' lang='lat' dir='ltr'><strong>habet</strong></span> <span class='ocrx_word' id='word_1_689' title='bbox 3080 4329 3222 4386; x_wconf 93' lang='lat' dir='ltr'><strong>ovile</strong></span> <span class='ocrx_word' id='word_1_690' title='bbox 3267 4327 3518 4384; x_wconf 84' lang='lat' dir='ltr'><strong>Christus</strong></span> 
     </span>
    </p>
   </div>
   <div class='ocr_carea' id='block_1_91' title="bbox 1931 4417 3519 4498">
    <p class='ocr_par' dir='ltr' id='par_1_91' title="bbox 1931 4417 3519 4498">
     <span class='ocr_line' id='line_1_91' title="bbox 1931 4417 3519 4498; baseline -0.006 -16"><span class='ocrx_word' id='word_1_691' title='bbox 1931 4428 2076 4498; x_wconf 91' lang='lat' dir='ltr'><strong>quod</strong></span> <span class='ocrx_word' id='word_1_692' title='bbox 2103 4435 2188 4483; x_wconf 90' lang='lat' dir='ltr'><strong>est</strong></span> <span class='ocrx_word' id='word_1_693' title='bbox 2210 4442 2314 4481; x_wconf 90' lang='lat' dir='ltr'><strong>una</strong></span> <span class='ocrx_word' id='word_1_694' title='bbox 2341 4425 2582 4480; x_wconf 90' lang='lat' dir='ltr'><strong>Ecclesia</strong></span> <span class='ocrx_word' id='word_1_695' title='bbox 2614 4421 2902 4478; x_wconf 87' lang='lat' dir='ltr'><strong>catholica.</strong></span> <span class='ocrx_word' id='word_1_696' title='bbox 2935 4420 3120 4474; x_wconf 77' lang='lat' dir='ltr'><strong>Adhuc</strong></span> <span class='ocrx_word' id='word_1_697' title='bbox 3147 4435 3208 4473; x_wconf 88' lang='lat' dir='ltr'><strong>eo</strong></span> <span class='ocrx_word' id='word_1_698' title='bbox 3248 4417 3519 4488; x_wconf 73' lang='lat' dir='ltr'><strong>loquente,</strong></span> 
     </span>
    </p>
   </div>
   <div class='ocr_carea' id='block_1_92' title="bbox 245 4506 3522 4610">
    <p class='ocr_par' dir='ltr' id='par_1_92' title="bbox 245 4506 3522 4610">
     <span class='ocr_line' id='line_1_92' title="bbox 245 4506 3522 4610; baseline 0 -46"><span class='ocrx_word' id='word_1_699' title='bbox 245 4506 512 4566; x_wconf 88' lang='lat' dir='ltr'><strong>Seorsum.</strong></span> <span class='ocrx_word' id='word_1_700' title='bbox 548 4509 632 4566; x_wconf 81' lang='lat' dir='ltr'><strong>Ab</strong></span> <span class='ocrx_word' id='word_1_701' title='bbox 681 4510 802 4566; x_wconf 88' lang='lat' dir='ltr'><strong>aliis</strong></span> <span class='ocrx_word' id='word_1_702' title='bbox 843 4511 1142 4581; x_wconf 86' lang='lat' dir='ltr'><strong>discipulis.</strong></span> <span class='ocrx_word' id='word_1_703' title='bbox 1177 4513 1276 4568; x_wconf 90' lang='lat' dir='ltr'><strong>Est</strong></span> <span class='ocrx_word' id='word_1_704' title='bbox 1317 4515 1463 4569; x_wconf 90' lang='lat' dir='ltr'><strong>enim</strong></span> <span class='ocrx_word' id='word_1_705' title='bbox 1514 4515 1827 4570; x_wconf 90' lang='lat' dir='ltr'><strong>adverbium</strong></span> <span class='ocrx_word' id='word_1_706' title='bbox 1854 4550 1908 4610; x_wconf 70' lang='grc' dir='ltr'><strong><em>Β</em></strong></span> <span class='ocrx_word' id='word_1_707' title='bbox 1933 4538 2048 4576; x_wconf 87' lang='lat' dir='ltr'><strong>ecce</strong></span> <span class='ocrx_word' id='word_1_708' title='bbox 2092 4520 2252 4574; x_wconf 85' lang='lat' dir='ltr'><strong>nubes</strong></span> <span class='ocrx_word' id='word_1_709' title='bbox 2291 4518 2470 4571; x_wconf 87' lang='lat' dir='ltr'><strong>lucida</strong></span> <span class='ocrx_word' id='word_1_710' title='bbox 2522 4515 2848 4570; x_wconf 86' lang='lat' dir='ltr'><strong>obumbravit</strong></span> <span class='ocrx_word' id='word_1_711' title='bbox 2879 4528 2988 4566; x_wconf 84' lang='lat' dir='ltr'><strong>eos.</strong></span> <span class='ocrx_word' id='word_1_712' title='bbox 3019 4510 3156 4577; x_wconf 83' lang='lat' dir='ltr'><strong>Quia</strong></span> <span class='ocrx_word' id='word_1_713' title='bbox 3205 4509 3402 4564; x_wconf 89' lang='lat' dir='ltr'><strong>Petrus</strong></span> <span class='ocrx_word' id='word_1_714' title='bbox 3437 4515 3522 4564; x_wconf 82' lang='lat' dir='ltr'><strong>ta—</strong></span> 
     </span>
    </p>
   </div>
   <div class='ocr_carea' id='block_1_93' title="bbox 242 4603 1828 4678">
    <p class='ocr_par' dir='ltr' id='par_1_93' title="bbox 242 4603 1828 4678">
     <span class='ocr_line' id='line_1_93' title="bbox 242 4603 1828 4678; baseline 0.003 -19"><span class='ocrx_word' id='word_1_715' title='bbox 242 4606 553 4675; x_wconf 86' lang='lat' dir='ltr'><strong>separandi.</strong></span> <span class='ocrx_word' id='word_1_716' title='bbox 583 4603 653 4659; x_wconf 88' lang='lat' dir='ltr'><strong>Et</strong></span> <span class='ocrx_word' id='word_1_717' title='bbox 683 4605 1090 4676; x_wconf 76' lang='lat' dir='ltr'><strong>transﬁguratus</strong></span> <span class='ocrx_word' id='word_1_718' title='bbox 1115 4616 1192 4660; x_wconf 89' lang='lat' dir='ltr'><strong>est</strong></span> <span class='ocrx_word' id='word_1_719' title='bbox 1224 4615 1342 4660; x_wconf 88' lang='lat' dir='ltr'><strong>ante</strong></span> <span class='ocrx_word' id='word_1_720' title='bbox 1381 4623 1488 4660; x_wconf 87' lang='lat' dir='ltr'><strong>eos.</strong></span> <span class='ocrx_word' id='word_1_721' title='bbox 1518 4607 1828 4678; x_wconf 83' lang='lat' dir='ltr'><strong>Transfigu-</strong></span> 
     </span>
    </p>
   </div>
   <div class='ocr_carea' id='block_1_94' title="bbox 243 4696 1826 4768">
    <p class='ocr_par' dir='ltr' id='par_1_94' title="bbox 243 4696 1826 4768">
     <span class='ocr_line' id='line_1_94' title="bbox 243 4696 1826 4768; baseline 0.003 -18"><span class='ocrx_word' id='word_1_722' title='bbox 243 4704 400 4751; x_wconf 85' lang='lat' dir='ltr'><strong>ratus</strong></span> <span class='ocrx_word' id='word_1_723' title='bbox 425 4698 479 4752; x_wconf 90' lang='lat' dir='ltr'><strong>in</strong></span> <span class='ocrx_word' id='word_1_724' title='bbox 514 4697 620 4753; x_wconf 83' lang='lat' dir='ltr'><strong>alia</strong></span> <span class='ocrx_word' id='word_1_725' title='bbox 654 4699 850 4768; x_wconf 82' lang='lat' dir='ltr'><strong>ﬁgura.</strong></span> <span class='ocrx_word' id='word_1_726' title='bbox 903 4696 1040 4752; x_wconf 85' lang='lat' dir='ltr'><strong>Nam</strong></span> <span class='ocrx_word' id='word_1_727' title='bbox 1065 4698 1425 4753; x_wconf 84' lang='lat' dir='ltr'><strong>substantiam</strong></span> <span class='ocrx_word' id='word_1_728' title='bbox 1473 4713 1584 4754; x_wconf 91' lang='lat' dir='ltr'><strong>non</strong></span> <span class='ocrx_word' id='word_1_729' title='bbox 1621 4699 1826 4764; x_wconf 89' lang='lat' dir='ltr'><strong>amisit,</strong></span> 
     </span>
    </p>
   </div>
   <div class='ocr_carea' id='block_1_95' title="bbox 243 4788 1830 4860">
    <p class='ocr_par' dir='ltr' id='par_1_95' title="bbox 243 4788 1830 4860">
     <span class='ocr_line' id='line_1_95' title="bbox 243 4788 1830 4860; baseline 0.002 -18"><span class='ocrx_word' id='word_1_730' title='bbox 243 4802 420 4857; x_wconf 87' lang='lat' dir='ltr'><strong>neque</strong></span> <span class='ocrx_word' id='word_1_731' title='bbox 449 4788 784 4858; x_wconf 88' lang='lat' dir='ltr'><strong>spiritualem</strong></span> <span class='ocrx_word' id='word_1_732' title='bbox 812 4797 906 4844; x_wconf 90' lang='lat' dir='ltr'><strong>aut</strong></span> <span class='ocrx_word' id='word_1_733' title='bbox 934 4788 1142 4844; x_wconf 90' lang='lat' dir='ltr'><strong>aerium</strong></span> <span class='ocrx_word' id='word_1_734' title='bbox 1176 4804 1372 4860; x_wconf 89' lang='lat' dir='ltr'><strong>corpus</strong></span> <span class='ocrx_word' id='word_1_735' title='bbox 1393 4789 1708 4860; x_wconf 89' lang='lat' dir='ltr'><strong>assumpsit,</strong></span> <span class='ocrx_word' id='word_1_736' title='bbox 1735 4790 1830 4845; x_wconf 92' lang='lat' dir='ltr'><strong>sed</strong></span> 
     </span>
    </p>
   </div>
   <div class='ocr_carea' id='block_1_96' title="bbox 245 4878 1831 4952">
    <p class='ocr_par' dir='ltr' id='par_1_96' title="bbox 245 4878 1831 4952">
     <span class='ocr_line' id='line_1_96' title="bbox 245 4878 1831 4952; baseline 0.003 -20"><span class='ocrx_word' id='word_1_737' title='bbox 245 4878 421 4948; x_wconf 86' lang='lat' dir='ltr'><strong>ipsam</strong></span> <span class='ocrx_word' id='word_1_738' title='bbox 446 4881 807 4937; x_wconf 86' lang='lat' dir='ltr'><strong>substantiam</strong></span> <span class='ocrx_word' id='word_1_739' title='bbox 839 4881 1128 4952; x_wconf 87' lang='lat' dir='ltr'><strong>gloriosam</strong></span> <span class='ocrx_word' id='word_1_740' title='bbox 1157 4881 1425 4948; x_wconf 90' lang='lat' dir='ltr'><strong>reddidit,</strong></span> <span class='ocrx_word' id='word_1_741' title='bbox 1446 4882 1589 4937; x_wconf 88' lang='lat' dir='ltr'><strong>sicut</strong></span> <span class='ocrx_word' id='word_1_742' title='bbox 1617 4881 1708 4936; x_wconf 91' lang='lat' dir='ltr'><strong>hic</strong></span> <span class='ocrx_word' id='word_1_743' title='bbox 1746 4895 1831 4936; x_wconf 90' lang='lat' dir='ltr'><strong>se-</strong></span> 
     </span>
    </p>
   </div>
   <div class='ocr_carea' id='block_1_97' title="bbox 244 4971 1830 5043">
    <p class='ocr_par' dir='ltr' id='par_1_97' title="bbox 244 4971 1830 5043">
     <span class='ocr_line' id='line_1_97' title="bbox 244 4971 1830 5043; baseline 0.003 -19"><span class='ocrx_word' id='word_1_744' title='bbox 244 4971 453 5041; x_wconf 84' lang='lat' dir='ltr'><strong>quitur.</strong></span> <span class='ocrx_word' id='word_1_745' title='bbox 477 4971 547 5029; x_wconf 85' lang='lat' dir='ltr'><strong>Et</strong></span> <span class='ocrx_word' id='word_1_746' title='bbox 568 4972 886 5043; x_wconf 82' lang='lat' dir='ltr'><strong>resplenduit</strong></span> <span class='ocrx_word' id='word_1_747' title='bbox 902 4972 1063 5042; x_wconf 86' lang='lat' dir='ltr'><strong>facies</strong></span> <span class='ocrx_word' id='word_1_748' title='bbox 1078 4972 1192 5042; x_wconf 87' lang='lat' dir='ltr'><strong>ejus</strong></span> <span class='ocrx_word' id='word_1_749' title='bbox 1212 4973 1347 5026; x_wconf 87' lang='lat' dir='ltr'><strong>sicut</strong></span> <span class='ocrx_word' id='word_1_750' title='bbox 1367 4971 1466 5027; x_wconf 86' lang='lat' dir='ltr'><strong>sol.</strong></span> <span class='ocrx_word' id='word_1_751' title='bbox 1482 4972 1542 5028; x_wconf 91' lang='lat' dir='ltr'><strong>1n</strong></span> <span class='ocrx_word' id='word_1_752' title='bbox 1565 4987 1630 5028; x_wconf 90' lang='lat' dir='ltr'><strong>ea</strong></span> <span class='ocrx_word' id='word_1_753' title='bbox 1654 4972 1830 5028; x_wconf 89' lang='lat' dir='ltr'><strong>forma</strong></span> 
     </span>
    </p>
   </div>
   <div class='ocr_carea' id='block_1_98' title="bbox 251 5064 1832 5136">
    <p class='ocr_par' dir='ltr' id='par_1_98' title="bbox 251 5064 1832 5136">
     <span class='ocr_line' id='line_1_98' title="bbox 251 5064 1832 5136; baseline 0.003 -21"><span class='ocrx_word' id='word_1_754' title='bbox 251 5065 503 5133; x_wconf 84' lang='lat' dir='ltr'><strong>apparuit</strong></span> <span class='ocrx_word' id='word_1_755' title='bbox 530 5065 792 5136; x_wconf 86' lang='lat' dir='ltr'><strong>apostolis</strong></span> <span class='ocrx_word' id='word_1_756' title='bbox 819 5081 982 5136; x_wconf 90' lang='lat' dir='ltr'><strong>quam</strong></span> <span class='ocrx_word' id='word_1_757' title='bbox 1008 5065 1106 5121; x_wconf 91' lang='lat' dir='ltr'><strong>soli</strong></span> <span class='ocrx_word' id='word_1_758' title='bbox 1129 5064 1276 5121; x_wconf 92' lang='lat' dir='ltr'><strong>oculi</strong></span> <span class='ocrx_word' id='word_1_759' title='bbox 1306 5064 1492 5120; x_wconf 90' lang='lat' dir='ltr'><strong>mundi</strong></span> <span class='ocrx_word' id='word_1_760' title='bbox 1519 5073 1832 5122; x_wconf 91' lang='lat' dir='ltr'><strong>sanctorum</strong></span> 
     </span>
    </p>
   </div>
   <div class='ocr_carea' id='block_1_99' title="bbox 245 5151 1833 5225">
    <p class='ocr_par' dir='ltr' id='par_1_99' title="bbox 245 5151 1833 5225">
     <span class='ocr_line' id='line_1_99' title="bbox 245 5151 1833 5225; baseline 0.002 -20"><span class='ocrx_word' id='word_1_761' title='bbox 245 5151 418 5206; x_wconf 79' lang='lat' dir='ltr'><strong>visuri</strong></span> <span class='ocrx_word' id='word_1_762' title='bbox 448 5161 572 5207; x_wconf 88' lang='lat' dir='ltr'><strong>sunt</strong></span> <span class='ocrx_word' id='word_1_763' title='bbox 616 5163 738 5222; x_wconf 88' lang='lat' dir='ltr'><strong>post</strong></span> <span class='ocrx_word' id='word_1_764' title='bbox 778 5152 1044 5222; x_wconf 84' lang='lat' dir='ltr'><strong>judicium</strong></span> <span class='ocrx_word' id='word_1_765' title='bbox 1088 5162 1387 5225; x_wconf 89' lang='lat' dir='ltr'><strong>peractum.</strong></span> <span class='ocrx_word' id='word_1_766' title='bbox 1430 5154 1656 5220; x_wconf 79' lang='lat' dir='ltr'><strong>Quando</strong></span> <span class='ocrx_word' id='word_1_767' title='bbox 1696 5154 1833 5209; x_wconf 81' lang='lat' dir='ltr'><strong>dixit</strong></span> 
     </span>
    </p>
   </div>
   <div class='ocr_carea' id='block_1_100' title="bbox 251 5243 1831 5317">
    <p class='ocr_par' dir='ltr' id='par_1_100' title="bbox 251 5243 1831 5317">
     <span class='ocr_line' id='line_1_100' title="bbox 251 5243 1831 5317; baseline 0.003 -20"><span class='ocrx_word' id='word_1_768' title='bbox 251 5243 392 5299; x_wconf 87' lang='lat' dir='ltr'><strong>sicut</strong></span> <span class='ocrx_word' id='word_1_769' title='bbox 442 5243 523 5300; x_wconf 87' lang='lat' dir='ltr'><strong>sol</strong></span> <span class='ocrx_word' id='word_1_770' title='bbox 565 5259 674 5299; x_wconf 91' lang='lat' dir='ltr'><strong>non</strong></span> <span class='ocrx_word' id='word_1_771' title='bbox 723 5247 900 5314; x_wconf 91' lang='lat' dir='ltr'><strong>potuit</strong></span> <span class='ocrx_word' id='word_1_772' title='bbox 923 5247 1089 5302; x_wconf 88' lang='lat' dir='ltr'><strong>altius</strong></span> <span class='ocrx_word' id='word_1_773' title='bbox 1128 5246 1422 5304; x_wconf 89' lang='lat' dir='ltr'><strong>ascendere</strong></span> <span class='ocrx_word' id='word_1_774' title='bbox 1467 5247 1831 5317; x_wconf 89' lang='lat' dir='ltr'><strong>comparando</strong></span> 
     </span>
    </p>
   </div>
   <div class='ocr_carea' id='block_1_101' title="bbox 251 5337 1832 5409">
    <p class='ocr_par' dir='ltr' id='par_1_101' title="bbox 251 5337 1832 5409">
     <span class='ocr_line' id='line_1_101' title="bbox 251 5337 1832 5409; baseline 0.002 -19"><span class='ocrx_word' id='word_1_775' title='bbox 251 5337 396 5408; x_wconf 86' lang='lat' dir='ltr'><strong>quod</strong></span> <span class='ocrx_word' id='word_1_776' title='bbox 447 5337 610 5391; x_wconf 89' lang='lat' dir='ltr'><strong>homo</strong></span> <span class='ocrx_word' id='word_1_777' title='bbox 652 5337 825 5393; x_wconf 91' lang='lat' dir='ltr'><strong>oculis</strong></span> <span class='ocrx_word' id='word_1_778' title='bbox 866 5341 1238 5409; x_wconf 88' lang='lat' dir='ltr'><strong>corporalibus</strong></span> <span class='ocrx_word' id='word_1_779' title='bbox 1282 5339 1477 5395; x_wconf 87' lang='lat' dir='ltr'><strong>noscit.</strong></span> <span class='ocrx_word' id='word_1_780' title='bbox 1518 5337 1832 5394; x_wconf 86' lang='lat' dir='ltr'><strong>Vestimenta</strong></span> 
     </span>
    </p>
   </div>
   <div class='ocr_carea' id='block_1_102' title="bbox 252 5428 1833 5501">
    <p class='ocr_par' dir='ltr' id='par_1_102' title="bbox 252 5428 1833 5501">
     <span class='ocr_line' id='line_1_102' title="bbox 252 5428 1833 5501; baseline 0.004 -20"><span class='ocrx_word' id='word_1_781' title='bbox 252 5437 426 5482; x_wconf 84' lang='lat' dir='ltr'><strong>autem</strong></span> <span class='ocrx_word' id='word_1_782' title='bbox 450 5428 565 5499; x_wconf 81' lang='lat' dir='ltr'><strong>ejus</strong></span> <span class='ocrx_word' id='word_1_783' title='bbox 588 5428 731 5498; x_wconf 80' lang='lat' dir='ltr'><strong>facta</strong></span> <span class='ocrx_word' id='word_1_784' title='bbox 752 5439 874 5484; x_wconf 86' lang='lat' dir='ltr'><strong>sunt</strong></span> <span class='ocrx_word' id='word_1_785' title='bbox 903 5431 1026 5485; x_wconf 86' lang='lat' dir='ltr'><strong>alba</strong></span> <span class='ocrx_word' id='word_1_786' title='bbox 1049 5433 1184 5487; x_wconf 82' lang='lat' dir='ltr'><strong>sicut</strong></span> <span class='ocrx_word' id='word_1_787' title='bbox 1206 5432 1317 5486; x_wconf 74' lang='lat' dir='ltr'><strong>nix.</strong></span> <span class='ocrx_word' id='word_1_788' title='bbox 1343 5431 1401 5486; x_wconf 88' lang='lat' dir='ltr'><strong>In</strong></span> <span class='ocrx_word' id='word_1_789' title='bbox 1423 5431 1526 5487; x_wconf 92' lang='lat' dir='ltr'><strong>hoc</strong></span> <span class='ocrx_word' id='word_1_790' title='bbox 1546 5446 1833 5501; x_wconf 89' lang='lat' dir='ltr'><strong>possumus</strong></span> 
     </span>
    </p>
   </div>
   <div class='ocr_carea' id='block_1_103' title="bbox 253 5519 1830 5594">
    <p class='ocr_par' dir='ltr' id='par_1_103' title="bbox 253 5519 1830 5594">
     <span class='ocr_line' id='line_1_103' title="bbox 253 5519 1830 5594; baseline 0.002 -19"><span class='ocrx_word' id='word_1_791' title='bbox 253 5519 396 5575; x_wconf 86' lang='lat' dir='ltr'><strong>scire</strong></span> <span class='ocrx_word' id='word_1_792' title='bbox 424 5521 568 5591; x_wconf 88' lang='lat' dir='ltr'><strong>quod</strong></span> <span class='ocrx_word' id='word_1_793' title='bbox 596 5537 796 5592; x_wconf 85' lang='lat' dir='ltr'><strong>corpus</strong></span> <span class='ocrx_word' id='word_1_794' title='bbox 836 5521 978 5576; x_wconf 89' lang='lat' dir='ltr'><strong>idem</strong></span> <span class='ocrx_word' id='word_1_795' title='bbox 1001 5524 1179 5592; x_wconf 89' lang='lat' dir='ltr'><strong>ipsum</strong></span> <span class='ocrx_word' id='word_1_796' title='bbox 1206 5525 1325 5588; x_wconf 91' lang='lat' dir='ltr'><strong>fuit,</strong></span> <span class='ocrx_word' id='word_1_797' title='bbox 1353 5525 1481 5594; x_wconf 89' lang='lat' dir='ltr'><strong>quia</strong></span> <span class='ocrx_word' id='word_1_798' title='bbox 1507 5525 1830 5580; x_wconf 87' lang='lat' dir='ltr'><strong>vestimenta</strong></span> 
     </span>
    </p>
   </div>
   <div class='ocr_carea' id='block_1_104' title="bbox 253 5609 1831 5684">
    <p class='ocr_par' dir='ltr' id='par_1_104' title="bbox 253 5609 1831 5684">
     <span class='ocr_line' id='line_1_104' title="bbox 253 5609 1831 5684; baseline 0.002 -21"><span class='ocrx_word' id='word_1_799' title='bbox 253 5609 443 5664; x_wconf 78' lang='lat' dir='ltr'><strong>eadem</strong></span> <span class='ocrx_word' id='word_1_800' title='bbox 469 5610 704 5667; x_wconf 88' lang='lat' dir='ltr'><strong>fuerunt.</strong></span> <span class='ocrx_word' id='word_1_801' title='bbox 728 5613 805 5666; x_wconf 85' lang='lat' dir='ltr'><strong>De</strong></span> <span class='ocrx_word' id='word_1_802' title='bbox 824 5612 1019 5681; x_wconf 89' lang='lat' dir='ltr'><strong>quibus</strong></span> <span class='ocrx_word' id='word_1_803' title='bbox 1039 5613 1237 5668; x_wconf 85' lang='lat' dir='ltr'><strong>dicitur</strong></span> <span class='ocrx_word' id='word_1_804' title='bbox 1256 5615 1382 5684; x_wconf 88' lang='lat' dir='ltr'><strong>quia</strong></span> <span class='ocrx_word' id='word_1_805' title='bbox 1408 5613 1547 5668; x_wconf 87' lang='lat' dir='ltr'><strong>facta</strong></span> <span class='ocrx_word' id='word_1_806' title='bbox 1570 5622 1696 5669; x_wconf 90' lang='lat' dir='ltr'><strong>sunt</strong></span> <span class='ocrx_word' id='word_1_807' title='bbox 1710 5613 1831 5668; x_wconf 89' lang='lat' dir='ltr'><strong>alba</strong></span> 
     </span>
    </p>
   </div>
   <div class='ocr_carea' id='block_1_105' title="bbox 254 5701 1831 5776">
    <p class='ocr_par' dir='ltr' id='par_1_105' title="bbox 254 5701 1831 5776">
     <span class='ocr_line' id='line_1_105' title="bbox 254 5701 1831 5776; baseline 0.003 -23"><span class='ocrx_word' id='word_1_808' title='bbox 254 5701 398 5755; x_wconf 88' lang='lat' dir='ltr'><strong>sicut</strong></span> <span class='ocrx_word' id='word_1_809' title='bbox 425 5702 543 5767; x_wconf 79' lang='lat' dir='ltr'><strong>nix,</strong></span> <span class='ocrx_word' id='word_1_810' title='bbox 566 5703 650 5758; x_wconf 90' lang='lat' dir='ltr'><strong>vel</strong></span> <span class='ocrx_word' id='word_1_811' title='bbox 673 5705 814 5759; x_wconf 90' lang='lat' dir='ltr'><strong>sicut</strong></span> <span class='ocrx_word' id='word_1_812' title='bbox 835 5705 889 5758; x_wconf 92' lang='lat' dir='ltr'><strong>in</strong></span> <span class='ocrx_word' id='word_1_813' title='bbox 911 5703 1018 5759; x_wconf 88' lang='lat' dir='ltr'><strong>alio</strong></span> <span class='ocrx_word' id='word_1_814' title='bbox 1047 5705 1164 5760; x_wconf 88' lang='lat' dir='ltr'><strong>loco</strong></span> <span class='ocrx_word' id='word_1_815' title='bbox 1214 5708 1474 5776; x_wconf 79' lang='lat' dir='ltr'><strong>scriptum</strong></span> <span class='ocrx_word' id='word_1_816' title='bbox 1497 5714 1581 5760; x_wconf 89' lang='lat' dir='ltr'><strong>est</strong></span> <span class='ocrx_word' id='word_1_817' title='bbox 1603 5747 1619 5770; x_wconf 90' lang='lat'><strong>,</strong></span> <span class='ocrx_word' id='word_1_818' title='bbox 1650 5705 1831 5776; x_wconf 85' lang='lat' dir='ltr'><strong>qualia</strong></span> 
     </span>
    </p>
   </div>
   <div class='ocr_carea' id='block_1_106' title="bbox 256 5789 1836 5870">
    <p class='ocr_par' dir='ltr' id='par_1_106' title="bbox 256 5789 1836 5870">
     <span class='ocr_line' id='line_1_106' title="bbox 256 5789 1836 5870; baseline 0.004 -22"><span class='ocrx_word' id='word_1_819' title='bbox 256 5789 438 5849; x_wconf 82' lang='lat' dir='ltr'><strong>nullus</strong></span> <span class='ocrx_word' id='word_1_820' title='bbox 460 5791 615 5868; x_wconf 34' lang='lat' dir='ltr'><strong>.fullo</strong></span> <span class='ocrx_word' id='word_1_821' title='bbox 637 5845 642 5852; x_wconf 89' lang='lat'><strong>.</strong></span> <span class='ocrx_word' id='word_1_822' title='bbox 662 5804 842 5866; x_wconf 86' lang='lat' dir='ltr'><strong>potest</strong></span> <span class='ocrx_word' id='word_1_823' title='bbox 869 5811 1068 5867; x_wconf 84' lang='lat' dir='ltr'><strong>parare</strong></span> <span class='ocrx_word' id='word_1_824' title='bbox 1114 5812 1276 5870; x_wconf 88' lang='lat' dir='ltr'><strong>super</strong></span> <span class='ocrx_word' id='word_1_825' title='bbox 1323 5807 1543 5855; x_wconf 84' lang='lat' dir='ltr'><strong>terram.</strong></span> <span class='ocrx_word' id='word_1_826' title='bbox 1596 5797 1836 5868; x_wconf 78' lang='lat' dir='ltr'><strong>Apparet</strong></span> 
     </span>
    </p>
   </div>
   <div class='ocr_carea' id='block_1_107' title="bbox 1935 4601 3521 4671">
    <p class='ocr_par' dir='ltr' id='par_1_107' title="bbox 1935 4601 3521 4671">
     <span class='ocr_line' id='line_1_107' title="bbox 1935 4601 3521 4671; baseline -0.006 -4"><span class='ocrx_word' id='word_1_827' title='bbox 1935 4610 2227 4667; x_wconf 86' lang='lat' dir='ltr'><strong>bernacula</strong></span> <span class='ocrx_word' id='word_1_828' title='bbox 2278 4607 2551 4663; x_wconf 75' lang='lat' dir='ltr'><strong>aedificare</strong></span> <span class='ocrx_word' id='word_1_829' title='bbox 2603 4606 2850 4671; x_wconf 88' lang='lat' dir='ltr'><strong>volebat,</strong></span> <span class='ocrx_word' id='word_1_830' title='bbox 2898 4602 3137 4659; x_wconf 89' lang='lat' dir='ltr'><strong>ostendit</strong></span> <span class='ocrx_word' id='word_1_831' title='bbox 3173 4601 3224 4656; x_wconf 90' lang='lat' dir='ltr'><strong>ei</strong></span> <span class='ocrx_word' id='word_1_832' title='bbox 3259 4601 3521 4657; x_wconf 85' lang='lat' dir='ltr'><strong>Dominus</strong></span> 
     </span>
    </p>
   </div>
   <div class='ocr_carea' id='block_1_108' title="bbox 1937 4694 3518 4773">
    <p class='ocr_par' dir='ltr' id='par_1_108' title="bbox 1937 4694 3518 4773">
     <span class='ocr_line' id='line_1_108' title="bbox 1937 4694 3518 4773; baseline -0.004 -17"><span class='ocrx_word' id='word_1_833' title='bbox 1937 4703 2079 4773; x_wconf 90' lang='lat' dir='ltr'><strong>quod</strong></span> <span class='ocrx_word' id='word_1_834' title='bbox 2131 4708 2317 4770; x_wconf 89' lang='lat' dir='ltr'><strong>posset</strong></span> <span class='ocrx_word' id='word_1_835' title='bbox 2365 4699 2613 4754; x_wconf 91' lang='lat' dir='ltr'><strong>eumdem</strong></span> <span class='ocrx_word' id='word_1_836' title='bbox 2665 4695 3039 4754; x_wconf 86' lang='lat' dir='ltr'><strong>umbraculum</strong></span> <span class='ocrx_word' id='word_1_837' title='bbox 3083 4694 3323 4759; x_wconf 88' lang='lat' dir='ltr'><strong>habere,</strong></span> <span class='ocrx_word' id='word_1_838' title='bbox 3355 4707 3518 4765; x_wconf 87' lang='lat' dir='ltr'><strong>quem</strong></span> 
     </span>
    </p>
   </div>
   <div class='ocr_carea' id='block_1_109' title="bbox 1936 4783 3522 4864">
    <p class='ocr_par' dir='ltr' id='par_1_109' title="bbox 1936 4783 3522 4864">
     <span class='ocr_line' id='line_1_109' title="bbox 1936 4783 3522 4864; baseline -0.004 -18"><span class='ocrx_word' id='word_1_839' title='bbox 1936 4791 2167 4864; x_wconf 82' lang='lat' dir='ltr'><strong>praebuit</strong></span> <span class='ocrx_word' id='word_1_840' title='bbox 2192 4789 2362 4860; x_wconf 85' lang='lat' dir='ltr'><strong>Moysi</strong></span> <span class='ocrx_word' id='word_1_841' title='bbox 2397 4804 2519 4844; x_wconf 92' lang='lat' dir='ltr'><strong>cum</strong></span> <span class='ocrx_word' id='word_1_842' title='bbox 2546 4789 2744 4860; x_wconf 91' lang='lat' dir='ltr'><strong>popqu</strong></span> <span class='ocrx_word' id='word_1_843' title='bbox 2773 4801 2869 4842; x_wconf 91' lang='lat' dir='ltr'><strong>suo</strong></span> <span class='ocrx_word' id='word_1_844' title='bbox 2904 4799 3002 4856; x_wconf 91' lang='lat' dir='ltr'><strong>per</strong></span> <span class='ocrx_word' id='word_1_845' title='bbox 3027 4783 3383 4854; x_wconf 88' lang='lat' dir='ltr'><strong>quadraginta</strong></span> <span class='ocrx_word' id='word_1_846' title='bbox 3425 4798 3522 4839; x_wconf 82' lang='lat' dir='ltr'><strong>an-</strong></span> 
     </span>
    </p>
   </div>
   <div class='ocr_carea' id='block_1_110' title="bbox 1937 4873 3518 4948">
    <p class='ocr_par' dir='ltr' id='par_1_110' title="bbox 1937 4873 3518 4948">
     <span class='ocr_line' id='line_1_110' title="bbox 1937 4873 3518 4948; baseline -0.007 -9"><span class='ocrx_word' id='word_1_847' title='bbox 1937 4899 2056 4941; x_wconf 91' lang='lat' dir='ltr'><strong>nos.</strong></span> <span class='ocrx_word' id='word_1_848' title='bbox 2088 4882 2193 4938; x_wconf 91' lang='lat' dir='ltr'><strong>Seu</strong></span> <span class='ocrx_word' id='word_1_849' title='bbox 2239 4881 2403 4937; x_wconf 88' lang='lat' dir='ltr'><strong>etiam</strong></span> <span class='ocrx_word' id='word_1_850' title='bbox 2442 4880 2860 4936; x_wconf 90' lang='lat' dir='ltr'><strong>usitatissimum</strong></span> <span class='ocrx_word' id='word_1_851' title='bbox 2898 4890 3068 4948; x_wconf 87' lang='lat' dir='ltr'><strong>genus</strong></span> <span class='ocrx_word' id='word_1_852' title='bbox 3106 4875 3396 4932; x_wconf 90' lang='lat' dir='ltr'><strong>locutionis</strong></span> <span class='ocrx_word' id='word_1_853' title='bbox 3422 4873 3518 4929; x_wconf 82' lang='lat' dir='ltr'><strong>Dei</strong></span> 
     </span>
    </p>
   </div>
   <div class='ocr_carea' id='block_1_111' title="bbox 1935 4965 3516 5046">
    <p class='ocr_par' dir='ltr' id='par_1_111' title="bbox 1935 4965 3516 5046">
     <span class='ocr_line' id='line_1_111' title="bbox 1935 4965 3516 5046; baseline -0.007 -16"><span class='ocrx_word' id='word_1_854' title='bbox 1935 4991 2035 5046; x_wconf 91' lang='lat' dir='ltr'><strong>per</strong></span> <span class='ocrx_word' id='word_1_855' title='bbox 2075 4973 2271 5030; x_wconf 84' lang='lat' dir='ltr'><strong>nubem</strong></span> <span class='ocrx_word' id='word_1_856' title='bbox 2302 4974 2371 5028; x_wconf 91' lang='lat' dir='ltr'><strong>ad</strong></span> <span class='ocrx_word' id='word_1_857' title='bbox 2399 4972 2601 5028; x_wconf 93' lang='lat' dir='ltr'><strong>electos</strong></span> <span class='ocrx_word' id='word_1_858' title='bbox 2631 4985 2780 5035; x_wconf 92' lang='lat' dir='ltr'><strong>suos,</strong></span> <span class='ocrx_word' id='word_1_859' title='bbox 2811 4975 2873 5022; x_wconf 92' lang='lat' dir='ltr'><strong>ut</strong></span> <span class='ocrx_word' id='word_1_860' title='bbox 2914 4968 2984 5023; x_wconf 89' lang='lat' dir='ltr'><strong>ad</strong></span> <span class='ocrx_word' id='word_1_861' title='bbox 3016 4966 3118 5025; x_wconf 83' lang='lat' dir='ltr'><strong>Job</strong></span> <span class='ocrx_word' id='word_1_862' title='bbox 3145 4974 3201 5022; x_wconf 86' lang='lat' dir='ltr'><strong>et</strong></span> <span class='ocrx_word' id='word_1_863' title='bbox 3245 4965 3314 5020; x_wconf 88' lang='lat' dir='ltr'><strong>ad</strong></span> <span class='ocrx_word' id='word_1_864' title='bbox 3341 4966 3516 5036; x_wconf 86' lang='lat' dir='ltr'><strong>ipsum</strong></span> 
     </span>
    </p>
   </div>
   <div class='ocr_carea' id='block_1_112' title="bbox 1934 5052 3519 5134">
    <p class='ocr_par' dir='ltr' id='par_1_112' title="bbox 1934 5052 3519 5134">
     <span class='ocr_line' id='line_1_112' title="bbox 1934 5052 3519 5134; baseline -0.006 -16"><span class='ocrx_word' id='word_1_865' title='bbox 1934 5063 2153 5134; x_wconf 89' lang='lat' dir='ltr'><strong>Moysen</strong></span> <span class='ocrx_word' id='word_1_866' title='bbox 2174 5103 2190 5130; x_wconf 95' lang='lat'><strong>,</strong></span> <span class='ocrx_word' id='word_1_867' title='bbox 2227 5061 2356 5133; x_wconf 89' lang='lat' dir='ltr'><strong>quia</strong></span> <span class='ocrx_word' id='word_1_868' title='bbox 2404 5075 2504 5131; x_wconf 94' lang='lat' dir='ltr'><strong>per</strong></span> <span class='ocrx_word' id='word_1_869' title='bbox 2549 5058 2746 5111; x_wconf 89' lang='lat' dir='ltr'><strong>nubem</strong></span> <span class='ocrx_word' id='word_1_870' title='bbox 2798 5055 3113 5128; x_wconf 88' lang='lat' dir='ltr'><strong>designatur</strong></span> <span class='ocrx_word' id='word_1_871' title='bbox 3158 5053 3282 5110; x_wconf 84' lang='lat' dir='ltr'><strong>lene</strong></span> <span class='ocrx_word' id='word_1_872' title='bbox 3309 5052 3519 5109; x_wconf 85' lang='lat' dir='ltr'><strong>blandi-</strong></span> 
     </span>
    </p>
   </div>
   <div class='ocr_carea' id='block_1_113' title="bbox 1934 5145 3517 5215">
    <p class='ocr_par' dir='ltr' id='par_1_113' title="bbox 1934 5145 3517 5215">
     <span class='ocr_line' id='line_1_113' title="bbox 1934 5145 3517 5215; baseline -0.005 -5"><span class='ocrx_word' id='word_1_873' title='bbox 1934 5162 2195 5210; x_wconf 89' lang='lat' dir='ltr'><strong>mentum.</strong></span> <span class='ocrx_word' id='word_1_874' title='bbox 2226 5152 2296 5207; x_wconf 85' lang='lat' dir='ltr'><strong>Et</strong></span> <span class='ocrx_word' id='word_1_875' title='bbox 2338 5167 2452 5206; x_wconf 81' lang='lat' dir='ltr'><strong>ecce</strong></span> <span class='ocrx_word' id='word_1_876' title='bbox 2490 5165 2592 5204; x_wconf 76' lang='lat' dir='ltr'><strong>vox</strong></span> <span class='ocrx_word' id='word_1_877' title='bbox 2618 5148 2683 5201; x_wconf 87' lang='lat' dir='ltr'><strong>de</strong></span> <span class='ocrx_word' id='word_1_878' title='bbox 2713 5147 2850 5203; x_wconf 86' lang='lat' dir='ltr'><strong>nube</strong></span> <span class='ocrx_word' id='word_1_879' title='bbox 2891 5149 3088 5203; x_wconf 79' lang='lat' dir='ltr'><strong>dicens.</strong></span> <span class='ocrx_word' id='word_1_880' title='bbox 3133 5147 3270 5215; x_wconf 83' lang='lat' dir='ltr'><strong>Quia</strong></span> <span class='ocrx_word' id='word_1_881' title='bbox 3322 5145 3517 5202; x_wconf 83' lang='lat' dir='ltr'><strong>Petrus</strong></span> 
     </span>
    </p>
   </div>
   <div class='ocr_carea' id='block_1_114' title="bbox 1934 5235 3517 5309">
    <p class='ocr_par' dir='ltr' id='par_1_114' title="bbox 1934 5235 3517 5309">
     <span class='ocr_line' id='line_1_114' title="bbox 1934 5235 3517 5309; baseline -0.007 -7"><span class='ocrx_word' id='word_1_882' title='bbox 1934 5246 2067 5302; x_wconf 88' lang='lat' dir='ltr'><strong>nihil</strong></span> <span class='ocrx_word' id='word_1_883' title='bbox 2089 5245 2314 5302; x_wconf 89' lang='lat' dir='ltr'><strong>rationis</strong></span> <span class='ocrx_word' id='word_1_884' title='bbox 2329 5243 2562 5307; x_wconf 81' lang='lat' dir='ltr'><strong>dixerat,</strong></span> <span class='ocrx_word' id='word_1_885' title='bbox 2580 5255 2689 5296; x_wconf 90' lang='lat' dir='ltr'><strong>non</strong></span> <span class='ocrx_word' id='word_1_886' title='bbox 2707 5248 2946 5296; x_wconf 88' lang='lat' dir='ltr'><strong>meretur</strong></span> <span class='ocrx_word' id='word_1_887' title='bbox 2969 5238 3398 5309; x_wconf 87' lang='lat' dir='ltr'><strong>responsionem,</strong></span> <span class='ocrx_word' id='word_1_888' title='bbox 3420 5235 3517 5292; x_wconf 90' lang='lat' dir='ltr'><strong>sed</strong></span> 
     </span>
    </p>
   </div>
   <div class='ocr_carea' id='block_1_115' title="bbox 1934 5325 3518 5405">
    <p class='ocr_par' dir='ltr' id='par_1_115' title="bbox 1934 5325 3518 5405">
     <span class='ocr_line' id='line_1_115' title="bbox 1934 5325 3518 5405; baseline -0.007 -13"><span class='ocrx_word' id='word_1_889' title='bbox 1934 5337 2096 5392; x_wconf 88' lang='lat' dir='ltr'><strong>Pater</strong></span> <span class='ocrx_word' id='word_1_890' title='bbox 2124 5333 2408 5405; x_wconf 90' lang='lat' dir='ltr'><strong>respondet</strong></span> <span class='ocrx_word' id='word_1_891' title='bbox 2439 5346 2538 5401; x_wconf 89' lang='lat' dir='ltr'><strong>pro</strong></span> <span class='ocrx_word' id='word_1_892' title='bbox 2560 5329 2717 5396; x_wconf 84' lang='lat' dir='ltr'><strong>Filio,</strong></span> <span class='ocrx_word' id='word_1_893' title='bbox 2745 5338 2800 5386; x_wconf 90' lang='lat' dir='ltr'><strong>et</strong></span> <span class='ocrx_word' id='word_1_894' title='bbox 2822 5330 2980 5386; x_wconf 90' lang='lat' dir='ltr'><strong>docet</strong></span> <span class='ocrx_word' id='word_1_895' title='bbox 2999 5337 3055 5384; x_wconf 91' lang='lat' dir='ltr'><strong>et</strong></span> <span class='ocrx_word' id='word_1_896' title='bbox 3079 5330 3226 5399; x_wconf 88' lang='lat' dir='ltr'><strong>ipsos</strong></span> <span class='ocrx_word' id='word_1_897' title='bbox 3245 5325 3518 5397; x_wconf 77' lang='lat' dir='ltr'><strong>apostolos</strong></span> 
     </span>
    </p>
   </div>
   <div class='ocr_carea' id='block_1_116' title="bbox 1939 5419 3516 5499">
    <p class='ocr_par' dir='ltr' id='par_1_116' title="bbox 1939 5419 3516 5499">
     <span class='ocr_line' id='line_1_116' title="bbox 1939 5419 3516 5499; baseline -0.007 -15"><span class='ocrx_word' id='word_1_898' title='bbox 1939 5437 1992 5484; x_wconf 93' lang='lat' dir='ltr'><strong>et</strong></span> <span class='ocrx_word' id='word_1_899' title='bbox 2021 5443 2117 5499; x_wconf 88' lang='lat' dir='ltr'><strong>per</strong></span> <span class='ocrx_word' id='word_1_900' title='bbox 2142 5427 2260 5481; x_wconf 93' lang='lat' dir='ltr'><strong>illos</strong></span> <span class='ocrx_word' id='word_1_901' title='bbox 2283 5423 2540 5493; x_wconf 89' lang='lat' dir='ltr'><strong>reliquos,</strong></span> <span class='ocrx_word' id='word_1_902' title='bbox 2568 5423 2696 5492; x_wconf 91' lang='lat' dir='ltr'><strong>quia</strong></span> <span class='ocrx_word' id='word_1_903' title='bbox 2722 5421 2770 5477; x_wconf 89' lang='lat' dir='ltr'><strong>is</strong></span> <span class='ocrx_word' id='word_1_904' title='bbox 2795 5422 2866 5477; x_wconf 90' lang='lat' dir='ltr'><strong>sit</strong></span> <span class='ocrx_word' id='word_1_905' title='bbox 2893 5421 3060 5477; x_wconf 85' lang='lat' dir='ltr'><strong>Filius</strong></span> <span class='ocrx_word' id='word_1_906' title='bbox 3084 5421 3203 5492; x_wconf 89' lang='lat' dir='ltr'><strong>ejus</strong></span> <span class='ocrx_word' id='word_1_907' title='bbox 3221 5435 3328 5476; x_wconf 90' lang='lat' dir='ltr'><strong>non</strong></span> <span class='ocrx_word' id='word_1_908' title='bbox 3349 5419 3516 5491; x_wconf 86' lang='lat' dir='ltr'><strong>adop-</strong></span> 
     </span>
    </p>
   </div>
   <div class='ocr_carea' id='block_1_117' title="bbox 1939 5511 3516 5585">
    <p class='ocr_par' dir='ltr' id='par_1_117' title="bbox 1939 5511 3516 5585">
     <span class='ocr_line' id='line_1_117' title="bbox 1939 5511 3516 5585; baseline -0.005 -11"><span class='ocrx_word' id='word_1_909' title='bbox 1939 5522 2102 5583; x_wconf 91' lang='lat' dir='ltr'><strong>tivus,</strong></span> <span class='ocrx_word' id='word_1_910' title='bbox 2131 5517 2222 5571; x_wconf 91' lang='lat' dir='ltr'><strong>sed</strong></span> <span class='ocrx_word' id='word_1_911' title='bbox 2245 5514 2514 5585; x_wconf 90' lang='lat' dir='ltr'><strong>proprius.</strong></span> <span class='ocrx_word' id='word_1_912' title='bbox 2539 5513 2608 5567; x_wconf 90' lang='lat' dir='ltr'><strong>Et</strong></span> <span class='ocrx_word' id='word_1_913' title='bbox 2632 5512 2708 5568; x_wconf 93' lang='lat' dir='ltr'><strong>illi</strong></span> <span class='ocrx_word' id='word_1_914' title='bbox 2733 5513 2832 5570; x_wconf 88' lang='lat' dir='ltr'><strong>soli</strong></span> <span class='ocrx_word' id='word_1_915' title='bbox 2860 5513 3131 5583; x_wconf 77' lang='lat' dir='ltr'><strong>ﬁgendum</strong></span> <span class='ocrx_word' id='word_1_916' title='bbox 3157 5520 3242 5567; x_wconf 85' lang='lat' dir='ltr'><strong>est</strong></span> <span class='ocrx_word' id='word_1_917' title='bbox 3263 5511 3516 5566; x_wconf 81' lang='lat' dir='ltr'><strong>taberna-</strong></span> 
     </span>
    </p>
   </div>
   <div class='ocr_carea' id='block_1_118' title="bbox 1939 5601 3514 5674">
    <p class='ocr_par' dir='ltr' id='par_1_118' title="bbox 1939 5601 3514 5674">
     <span class='ocr_line' id='line_1_118' title="bbox 1939 5601 3514 5674; baseline -0.006 -10"><span class='ocrx_word' id='word_1_918' title='bbox 1939 5610 2140 5670; x_wconf 89' lang='lat' dir='ltr'><strong>culum,</strong></span> <span class='ocrx_word' id='word_1_919' title='bbox 2163 5606 2240 5660; x_wconf 92' lang='lat' dir='ltr'><strong>illi</strong></span> <span class='ocrx_word' id='word_1_920' title='bbox 2260 5603 2737 5673; x_wconf 82' lang='lat' dir='ltr'><strong>obtemperaudum</strong></span> <span class='ocrx_word' id='word_1_921' title='bbox 2759 5605 2903 5659; x_wconf 89' lang='lat' dir='ltr'><strong>etab</strong></span> <span class='ocrx_word' id='word_1_922' title='bbox 2927 5603 3186 5674; x_wconf 86' lang='lat' dir='ltr'><strong>apostolis</strong></span> <span class='ocrx_word' id='word_1_923' title='bbox 3207 5612 3263 5658; x_wconf 90' lang='lat' dir='ltr'><strong>et</strong></span> <span class='ocrx_word' id='word_1_924' title='bbox 3284 5617 3314 5656; x_wconf 92' lang='lat' dir='ltr'><strong>a</strong></span> <span class='ocrx_word' id='word_1_925' title='bbox 3331 5601 3514 5665; x_wconf 75' lang='lat' dir='ltr'><strong>Moyse</strong></span> 
     </span>
    </p>
   </div>
   <div class='ocr_carea' id='block_1_119' title="bbox 1939 5691 3513 5764">
    <p class='ocr_par' dir='ltr' id='par_1_119' title="bbox 1939 5691 3513 5764">
     <span class='ocr_line' id='line_1_119' title="bbox 1939 5691 3513 5764; baseline -0.007 -9"><span class='ocrx_word' id='word_1_926' title='bbox 1939 5710 1992 5755; x_wconf 91' lang='lat' dir='ltr'><strong>et</strong></span> <span class='ocrx_word' id='word_1_927' title='bbox 2022 5701 2088 5753; x_wconf 88' lang='lat' dir='ltr'><strong>ab</strong></span> <span class='ocrx_word' id='word_1_928' title='bbox 2119 5697 2252 5752; x_wconf 88' lang='lat' dir='ltr'><strong>Elia.</strong></span> <span class='ocrx_word' id='word_1_929' title='bbox 2281 5695 2384 5750; x_wconf 87' lang='lat' dir='ltr'><strong>Hic</strong></span> <span class='ocrx_word' id='word_1_930' title='bbox 2421 5706 2494 5750; x_wconf 85' lang='lat' dir='ltr'><strong>est</strong></span> <span class='ocrx_word' id='word_1_931' title='bbox 2535 5695 2706 5748; x_wconf 79' lang='lat' dir='ltr'><strong>Filius</strong></span> <span class='ocrx_word' id='word_1_932' title='bbox 2737 5711 2883 5749; x_wconf 85' lang='lat' dir='ltr'><strong>meus</strong></span> <span class='ocrx_word' id='word_1_933' title='bbox 2913 5695 3150 5763; x_wconf 82' lang='lat' dir='ltr'><strong>dilectus,</strong></span> <span class='ocrx_word' id='word_1_934' title='bbox 3173 5697 3230 5750; x_wconf 81' lang='lat' dir='ltr'><strong>in</strong></span> <span class='ocrx_word' id='word_1_935' title='bbox 3253 5711 3357 5764; x_wconf 77' lang='lat' dir='ltr'><strong>quo</strong></span> <span class='ocrx_word' id='word_1_936' title='bbox 3384 5691 3513 5746; x_wconf 74' lang='lat' dir='ltr'><strong>milli</strong></span> 
     </span>
    </p>
   </div>
   <div class='ocr_carea' id='block_1_120' title="bbox 1940 5781 3513 5866">
    <p class='ocr_par' dir='ltr' id='par_1_120' title="bbox 1940 5781 3513 5866">
     <span class='ocr_line' id='line_1_120' title="bbox 1940 5781 3513 5866; baseline -0.005 -14"><span class='ocrx_word' id='word_1_937' title='bbox 1940 5791 2265 5866; x_wconf 77' lang='lat' dir='ltr'><strong>complacui;</strong></span> <span class='ocrx_word' id='word_1_938' title='bbox 2299 5792 2470 5863; x_wconf 87' lang='lat' dir='ltr'><strong>ipsum</strong></span> <span class='ocrx_word' id='word_1_939' title='bbox 2516 5789 2715 5847; x_wconf 82' lang='lat' dir='ltr'><strong>audite.</strong></span> <span class='ocrx_word' id='word_1_940' title='bbox 2743 5788 2812 5848; x_wconf 84' lang='grc' dir='ltr'>Ει</span> <span class='ocrx_word' id='word_1_941' title='bbox 2855 5790 2959 5851; x_wconf 89' lang='lat' dir='ltr'><strong>hoc</strong></span> <span class='ocrx_word' id='word_1_942' title='bbox 2986 5791 3326 5850; x_wconf 85' lang='lat' dir='ltr'><strong>retinendum</strong></span> <span class='ocrx_word' id='word_1_943' title='bbox 3369 5781 3513 5856; x_wconf 76' lang='lat' dir='ltr'><strong>quod</strong></span> 
     </span>
    </p>
   </div>
  </div>
