3988 6486
222 369 367 432 ωε
1358 335 2323 415 ιεχῑιοειτιοιαιωττπτεῡωε
3321 346 3459 413 μη

214 476 565 556 prbphbtavit
616 458 1046 556 quod’i'eii'nquet
1075 471 1229 526 homo
1281 476 1482 551 patrem
1508 474 1554 556 et
1573 475 1792 518 matrem
1821 465 1866 525 'A
1884 454 2148 556 nobiliter
2174 474 2349 556 natas,
2368 469 2435 556 \et
2463 463 2680 556 ditatus,
2727 458 3302 556 ad'*taiitam’_lthppia,n
3326 480 3458 556 ηπ,
3518 496 3527 501 .

216 538 393 637 ἱααῖη,
414 572 463 625 ει
488 538 772 624 adiit-esu
799 538 952 620 uxori
982 550 1113 619 ante.
1143 562 1210 617 Et.
1248 538 1340 618 hic
1363 546 1470 616 non
1496 550 1784 614 dixit'u'a'o-
1842 558 1849 587 ε
1894 542 2104 637 venisse
2132 542 2381 637 propter
2403 548 2859 637 incontinentiam
2888 538 3141 623 merum;
3163 556 3226 611 ut
3246 538 3475 614 utendi:
3508 562 3533 583 ··

218 630 391 727 ribus,"
412 658 562 730 quasi
590 657 654 713 de
678 640 945 728 pluribus,
976 654 1089 710 se‘d‘
1110 653 1177 709 de
1198 652 1327 708 una.
1381 646 1459 705 Et
1482 652 1634 704 erunt
1657 640 1797 702 duo.‘
1892 630 2062 702 cando
2092 644 2259 701 vitam
2287 632 2521 702 finirent.
2553 630 2745 702 Multis
2770 650 2901 703 vero
2927 636 3467 730 audivi‘n'ius‘ob‘ior-l
3530 664 3537 673 '

215 750 334 809 Non
357 722 488 806 dicit
516 752 642 804 tres.
672 722 739 801 in
768 730 926 801 carne
950 748 1075 799 una.
1114 743 1231 799 Non
1256 748 1338 798 est
1361 740 1502 797 Deus
1523 748 1581 795 ut
1602 739 1783 803 homo,
1891 736 2176 795 nieation‘is
2223 736 2421 794 malum
2482 741 2719 796 occisas.’
2769 738 2835 794 Et
2886 744 2917 793 e
2948 722 3237 795 'cohira'rio
3268 736 3459 810 'iili'tls’,’
3512 744 3537 765 "

216 836 663 898 utnec'ess'arium
708 837 779 892 sit
825 835 875 891 ei
898 835 1213 889 immutare
1256 830 1578 888 sententiam
1608 834 1795 911 suam;
1892 828 2177 902 ignobilius
2203 830 2376 896 natas,
2404 828 2471 886 de
2496 828 2811 902 paupertate
2837 828 3460 911 ad'diVitiaspérVenisse
3494 828 3539 863 "'

216 934 343 1005 quia
392 926 557 986 sernel
604 927 847 998 loquitur
886 916 1048 992 tiens;
1074 923 1391 981 et'secuudo
1419 921 1649 993 idipSuni
1674 908 1786 975 ἤδη
1891 922 2115 991 propter
2144 922 2297 974 suam
2348 912 2666 1005 sapientiam
2698 908 3025 974 “structi-unt"
3052 908 3456 1005 contmnam.
3496 926 3538 953 π’

216 1000 679 1094 ιῖερείὶῑ.·1δςιιέο
729 1010 836 1072 non
865 1020 1044 1088 potest
1069 1015 1225 1070 aliter
1274 1018 1403 1069 tunc
1444 1009 1789 1068 constituisse
1895 1006 2001 1077 Qui
2045 1004 2181 1064 dicit
2237 1006 2344 1062 illis
2379 1018 2401 1059 τ
2426 1002 2546 1062 Νοη
2584 1016 2761 1063 manes
2793 1004 3008 1080 cap‘ium
3045 1000 3253 1091 uerbum
3295 1008 3458 1064 istud.
3522 1020 3535 1043 ι

217 1119 273 1168 et
318 1123 417 1181 per
448 1108 665 1182 Moysen
715 1106 871 1163 aliter
902 1106 1242 1179 praecepisse.
1287 1104 1443 1173 Quod
1476 1103 1630 1161 Deus
1658 1114 1785 1159 co‘n—
1892 1094 2307 1170 Quiai'dlseipnli
2336 1098 2602 1164 direrunt,
2645 1112 2752 1153 non
2776 1098 2979 1168 expedit
3029 1096 3238 1164 nubere,
3270 1097 3467 1154 adhoc
3528 1124 3539 1131 -

208 1202 416 1275 iunxit,
447 1201 607 1255 homo“
646 1204 777 1253 non'
806 1204 1025 1273 separet.
1078 1195 1277 1253 'Si‘una
1331 1206 1460 1254 caro
1492 1202 1575 1253 est
1600 1193 1790 1253 effecta
1891 1192 2170 1262 respondit
2190 1186 2450 1245 Dominus
2476 1190 2619 1259 quod
2667 1186 2769 1245 non
2798 1202 2975 1243 omnes
3005 1189 3221 1260 capiunt
3244 1187 3460 1245 verbum
3538 1216 3543 1229 λ

215 1296 591 1363 per'amorem‘
617 1287 702 1344 vel
727 1288 888 1344 etiam
922 1286 977 1342 in
1002 1280 1146 1353 ﬁliis,
1178 1286 1448 1358 quomodo
1498 1292 1674 1357 potest
1699 1296 1789 1341 se-
1892 1284 2054 1351 istud,
2105 1292 2165 1338 ut
2192 1282 2454 1355 impleant
2502 1280 2819 1337 abstinendo
2849 1295 2907 1339 se
2930 1294 2962 1334 ι
2991 1278 3324 1336 mulieribus.
3358 1276 3467 1334 Sed
3524 1306 3543 1327 .ι

216 1386 399 1457 parari
420 1383 447 1439 i
468 1383 623 1452 Quod
647 1383 791 1439 Deus
830 1381 1107 1453 conjunxit
1133 1380 1231 1451 per
1256 1392 1515 1444 amorem,
1550 1379 1639 1448 qui
1668 1392 1795 1450 pera
1889 1376 2076 1449 quibus
2100 1375 2287 1429 datum
2308 1380 2406 1430 est.
2432 1372 2549 1429 Hoc
2570 1380 2654 1427 est
2675 1387 2706 1426 a
2736 1366 2867 1438 Deo,
2913 1372 3185 1427 abstinere
3206 1380 3331 1426 cum
3353 1370 3464 1425 vir-
3520 1400 3545 1441 η

218 1478 367 1533 misit
386 1470 666 1531 (inminere
690 1475 744 1529 in
783 1470 1033 1532 cordibus
1058 1473 1335 1528 hominum
1389 1482 1647 1536 amarem,
1688 1468 1787 1526 ho-
1890 1467 2132 1541 ginitate.
2158 1465 2293 1520 Sunt
2322 1467 2457 1521 ertim
2496 1464 2721 1520 eunuchi
2742 1464 2851 1536 qui
2875 1463 2940 1518 de
2970 1464 3154 1519 matris
3196 1471 3345 1517 utero
3384 1462 3463 1519 sic.
3510 1496 3539 1511 .ι

174 1576 185 1583 “
217 1578 308 1623 me
340 1578 449 1625 non
478 1564 634 1624 debet
657 1564 1155 1637 separareﬂicunt
1178 1564 1259 1620 illi
1282 1579 1300 1617 :
1332 1562 1476 1632 Quid
1494 1581 1616 1637 ergo
1645 1563 1792 1635 Mog-
1891 1559 2005 1612 nati
2029 1567 2173 1611 sunt.
2205 1556 2356 1611 Sicut
2385 1558 2452 1612 de
2478 1556 2729 1611 omnibus
2754 1556 3008 1613 membris
3049 1558 3340 1611 nascuntur
3358 1553 3463 1608 ho—
3534 1560 3545 1591 ῖ

217 1664 297 1713 sed
349 1656 618 1712 mamlabit
666 1656 791 1711 dari
846 1654 1076 1711 libellum
1135 1653 1340 1727 repudii
1386 1665 1435 1708 et
1483 1653 1791 1708 dimittere?
1890 1648 2064 1705 mines
2092 1647 2321 1713 debiles,
2348 1646 2429 1701 sic
2477 1647 2642 1701 etiam
2673 1646 2740 1702 de
2766 1644 2899 1718 ipsis
2953 1645 3211 1701 membris
3259 1642 3462 1701 debiles
3506 1648 3537 1683 τι

215 1746 358 1803 Ecce
379 1746 604 1818 laqueus
633 1756 793 1817 quem
830 1743 1178 1801 occultabant
1208 1740 1444 1800 (licentes
1476 1763 1489 1797 :
1523 1740 1662 1813 Quid
1686 1743 1791 1798 erit
1891 1736 2001 1798 nati
2031 1750 2176 1807 sunt,
2205 1741 2331 1812 quia
2376 1755 2511 1795 vena
2562 1740 2628 1794 de
2655 1754 2759 1810 qua
2804 1742 2987 1796 semen
3018 1734 3340 1795 descendere
3365 1736 3465 1791 deo
3534 1762 3541 1775 ε

217 1840 319 1895 hoc
346 1840 491 1910 quod
526 1836 734 1911 Moyses
770 1836 1024 1910 praecepit
1047 1834 1363 1894 mulieribus
1391 1837 1521 1893 dare
1542 1838 1790 1893 chartam
1816 1848 1867 1909 Β
1892 1832 2028 1899 ﬁuit,
2060 1841 2248 1904 aperta
2275 1846 2382 1888 non
2414 1830 2538 1899 fuit,
2569 1837 2629 1885 ut
2675 1830 2759 1885 his
2798 1830 2972 1885 solent
2994 1828 3190 1885 clausa:
3213 1843 3334 1886 esse
3364 1842 3461 1883 ve-

218 1926 608 1999 separationisl
636 1927 913 1985 Foderunt
942 1929 1173 1995 foveam,
1206 1926 1299 1983 sed
1338 1928 1438 2000 ipsi
1464 1924 1703 1986 incident
1732 1929 1787 1984 in
1890 1942 1995 1992 nae,
2028 1942 2128 1998 per
2152 1940 2288 1996 quas
2334 1926 2552 1982 auditus
2583 1924 2638 1979 in
2685 1921 3030 1978 interioribus
3078 1928 3343 1994 penetrat,
3370 1919 3463 1991 qui

217 2019 513 2086 cam,sicut
536 2033 768 2090 semper.
789 2038 808 2071 ι
828 2018 967 2075 Ecce
992 2028 1167 2089 neque
1195 2019 1338 2074 Deus
1359 2021 1589 2076 mendax
1616 2034 1791 2092 neque
1890 2014 2041 2072 surdi
2070 2025 2385 2071 nascuntur.
2443 2013 2512 2071 Et
2547 2021 2669 2071 sunt
2712 2011 2938 2068 eunuchi
2966 2011 3057 2084 qui
3084 2010 3147 2066 ab
3170 2011 3463 2067 hominibus

219 2104 429 2181 Moyses
458 2109 655 2176 maius,
680 2108 775 2166 sed
809 2122 906 2167 vos
940 2108 1253 2166 duricordes
1278 2116 1334 2166 et
1358 2107 1589 2179 desides,
1613 2119 1669 2166 et
1692 2127 1790 2183 pro
1891 2107 2020 2177 facti
2046 2115 2184 2162 sunt.
2219 2106 2294 2162 Ex
2347 2108 2567 2179 antiquo
2592 2121 2691 2162 usu
2722 2104 2998 2178 gentilium
3053 2104 3228 2160 adhuc
3252 2118 3464 2177 perma-

215 2208 395 2256 vestra
426 2199 621 2257 duritia
648 2197 952 2270 nonjussit,
978 2201 1353 2258 scdconcessit
1382 2203 1536 2260 vobis
1556 2201 1786 2277 Moyses.
1889 2207 1984 2254 net
2019 2199 2073 2254 in
2102 2198 2286 2254 multis
2310 2197 2557 2271 gentibus
2576 2205 2809 2254 atterere
2850 2195 3129 2253 testiculos
3176 2191 3466 2251 infantium

218 2290 321 2357 Qui
361 2290 406 2347 si
456 2306 564 2347 non
616 2291 997 2359 concessisset,
1054 2307 1148 2348 vos
1201 2292 1527 2350 occideretis
1576 2294 1789 2365 priores
1890 2290 1945 2345 in
1971 2298 2157 2347 tenera
2186 2294 2365 2358 :etate,
2412 2289 2527 2345 sive
2580 2303 2879 2355 macerare,
2925 2286 3010 2344 vel
3049 2286 3214 2343 etiam
3253 2287 3467 2359 penitus

217 2396 435 2449 uxores,
466 2390 527 2437 ut
563 2384 798 2455 possetis
823 2382 1070 2455 iuniores
1096 2398 1159 2438 ac
1181 2382 1536 2453 pulchriores,
1569 2394 1665 2441 aut
1703 2384 1787 2440 di-
1891 2379 2102 2437 auferre
2128 2395 2227 2452 pro
2251 2378 2436 2435 multis
2464 2378 2663 2447 causis,
2687 2379 2801 2434 sive
2829 2386 2891 2433 ut
2910 2378 3114 2435 assidui
3136 2376 3246 2434 sint
3269 2378 3326 2433 in
3346 2394 3463 2437 ser-

218 2471 386 2527 tiores
420 2472 685 2543 accipere.
715 2472 792 2527 Ab
821 2471 972 2527 initio
1007 2479 1181 2527 autem
1223 2488 1325 2527 non
1356 2471 1462 2542 fuit
1510 2474 1605 2528 sic.
1634 2468 1791 2545 chi—
1890 2470 2025 2529 vitio
2059 2474 2425 2540 dominorum,
2455 2488 2548 2528 seu
2585 2481 2646 2528 ut
2674 2466 2936 2529 creditam
2981 2470 3083 2527 sibi
3113 2470 3469 2528 substantiam

219 2572 338 2616 mus
366 2560 510 2631 quod
558 2561 669 2617 Noe
718 2569 771 2617 et
800 2561 895 2616 lilii
921 2560 1038 2632 ejus
1090 2558 1328 2633 singulas
1362 2576 1556 2617 uxores
1581 2562 1635 2616 in
1664 2578 1792 2618 arca
1895 2580 2000 2619 non
2032 2564 2343 2635 dispergant
2390 2562 2446 2617 in
2469 2561 2805 2618 mulieribus.
2837 2558 2972 2616 Nam
2998 2569 3122 2617 ante
3150 2558 3469 2616 Christiani-

220 2648 542 2719 habuerunt,
569 2664 676 2709 non
701 2652 951 2723 amplius.
980 2650 1048 2708 Et
1066 2652 1194 2724 quia
1223 2663 1345 2708 cum
1367 2650 1643 2709 Abraham
1677 2663 1789 2712 stc~
1895 2664 2060 2711 tatem
2116 2655 2185 2710 ad
2236 2663 2392 2726 turpe
2445 2650 2808 2709 ministerium
2833 2669 2863 2708 a
2891 2648 3213 2724 quibusdam
3246 2648 3467 2706 ﬁebant.

220 2740 371 2800 rilem
400 2754 626 2801 uxorem
679 2744 871 2801 Saram
917 2746 1187 2813 habuerit,
1240 2752 1347 2802 non
1385 2747 1590 2803 dimisit
1619 2748 1793 2815 illam,
1896 2738 2051 2802 Nunc
2081 2762 2210 2801 vero
2234 2747 2286 2800 in
2309 2742 2619 2801 Benevento
2662 2758 3014 2816 quoscunque
3041 2743 3271 2800 clericos
3294 2743 3475 2799 facere

218 2843 273 2892 et
301 2834 479 2893 nullus
510 2837 920 2907 depatriarchis
970 2850 1125 2893 suam
1158 2851 1380 2891 uxorem
1431 2837 1653 2905 dimisit,
1686 2838 1793 2894 nisi
1893 2832 2205 2909 disponunt,
2239 2844 2398 2908 pater
2417 2847 2475 2892 et
2503 2842 2676 2893 mater
2702 2838 2755 2892 in
2795 2835 3023 2892 infantia
3053 2842 3292 2892 atterunt
3316 2837 3472 2892 testi-

219 2926 273 2982 in
300 2936 493 2984 morte.
524 2927 653 2983 Dico
682 2934 856 2983 autem
898 2926 1038 2983 vobis
1079 2928 1217 2998 quod
1261 2928 1556 2999 quicunque
1576 2927 1793 2983 dimise-
1896 2928 2069 3007 culos,
2120 2938 2174 2985 et
2203 2928 2453 2983 videntur
2506 2944 2720 2999 semper
2744 2930 2971 3004 juvenes
2999 2944 3141 2993 esse,
3194 2943 3477 2998 usquequo

221 3014 288 3070 rit
311 3032 526 3072 uxorem
551 3034 724 3085 sum,
753 3016 855 3073 nisi
890 3016 952 3072 ob
974 3016 1399 3088 fornicationem,
1427 3029 1475 3072 et
1514 3018 1675 3072 aliam
1700 3019 1796 3072 du-
1897 3033 2189 3075 canescere
2244 3014 2527 3089 incipiunt.
2580 3016 2717 3072 Nam
2746 3017 2800 3072 in
2836 3019 3078 3088 perfecta
3107 3025 3268 3073 astate
3302 3018 3346 3071 si
3389 3017 3475 3071 fa-

218 3108 374 3174 :cerit,
414 3108 721 3164 mmcbatur.
776 3110 854 3164 Ex
887 3108 991 3164 hoc
1040 3108 1159 3166 loco
1186 3107 1386 3165 Paulus
1410 3111 1622 3179 accepit
1652 3111 1797 3180 quod
1897 3117 2044 3164 ctum
2106 3104 2289 3172 fuerit,
2353 3102 2701 3162 debilitantur
2754 3105 2960 3171 statim,
3013 3114 3072 3161 et
3123 3104 3269 3160 vires
3311 3105 3473 3160 amit-

220 3199 375 3264 dixlt,
406 3200 545 3272 quod
575 3200 763 3255 mulier
790 3200 873 3254 sui
895 3200 1126 3269 corporis
1149 3207 1454 3269 potestatem
1486 3216 1589 3254 non
1616 3198 1791 3268 habet,
1819 3210 1868 3273 ρ
1898 3207 2040 3254 lunt.

219 3290 307 3344 sed
336 3291 434 3345 vir.
467 3290 724 3346 Similiter
747 3299 796 3344 et
847 3290 927 3343 uir
963 3289 1051 3344 sui
1094 3290 1324 3359 corporis
1352 3298 1659 3360 potestatem
1688 3308 1792 3345 non
1969 3282 2037 3345 Et
2066 3296 2187 3346 sunt
2236 3289 2483 3357 eunuchi,
2516 3290 2606 3361 qui
2646 3290 2840 3360 seipsos
2868 3296 3227 3345 castraverunt
3270 3297 3479 3361 propter

220 3379 393 3446 habet,
423 3378 513 3435 sed
534 3377 741 3434 mulier.
764 3372 881 3434 Hoc
904 3385 1008 3443 est,
1050 3388 1157 3432 nun
1186 3387 1413 3447 possunt
1434 3392 1492 3434 se
1517 3392 1790 3449 separare,
1897 3398 2111 3453 regnum
2151 3379 2417 3435 malorum.
2468 3379 2546 3434 Illi
2586 3378 2677 3436 alii
2706 3379 2813 3436 duo
2841 3378 3193 3450 corporaliter
3224 3386 3369 3444 sunt,
3391 3378 3483 3435 isti

220 3471 322 3526 nisi
353 3470 513 3527 ambo
537 3470 808 3528 communi
839 3469 1063 3526 consilio
1086 3469 1369 3526 voluerint.
1404 3468 1472 3524 Et
1499 3472 1588 3541 qui
1611 3470 1795 3526 dimis-
1895 3489 2025 3531 vero
2067 3471 2161 3545 qui
2213 3482 2435 3545 propter
2487 3488 2711 3544 regnum
2763 3472 3023 3529 caelorum
3073 3471 3191 3528 ﬁeri
3241 3471 3481 3537 debent,

224 3575 339 3613 sum
390 3560 622 3627 duxerit,
653 3562 963 3615 mactantur.
992 3558 1051 3615 lu
1106 3561 1282 3615 tribus
1307 3567 1392 3615 est
1428 3561 1750 3618 adulterium
1775 3579 1791 3620 :
1827 3592 1835 3603 ο
1895 3573 2077 3622 mente
2098 3580 2205 3619 non
2230 3578 2455 3635 corpore
2492 3564 2646 3629 ﬁunt,
2686 3563 2813 3632 quia
2840 3562 2972 3618 nulli
3001 3561 3131 3618 licet
3156 3560 3479 3619 abscindere

222 3650 278 3703 in
306 3648 398 3705 illo
422 3650 516 3719 qui
544 3649 785 3716 dimittit,
815 3650 907 3720 qui
949 3664 1114 3706 causa
1144 3657 1229 3706 est
1260 3650 1634 3707 fornicationis
1662 3667 1797 3707 uxo—
1897 3656 2001 3712 sibi
2035 3656 2275 3711 membra
2319 3669 2434 3719 Sila,
2466 3669 2565 3723 pro
2594 3653 2700 3708 ulla
2725 3652 3139 3710 incontinentia.
3175 3653 3244 3708 Et
3276 3653 3323 3710 si
3344 3650 3481 3710 fece-

222 3740 339 3807 ris;
368 3740 423 3795 in
447 3755 617 3796 uxore
642 3739 735 3811 qui
762 3755 822 3796 se
864 3756 970 3796 non
999 3741 1259 3807 continet,
1313 3748 1369 3797 et
1395 3741 1441 3798 si
1487 3756 1594 3797 non
1619 3750 1796 3815 potest
1896 3744 1984 3809 rit,
2013 3743 2211 3816 gradus
2231 3736 2624 3799 ecclesiasticos
2659 3743 2858 3799 habere
2904 3757 3013 3798 non
3062 3742 3302 3813 poterit,
3352 3751 3411 3798 et
3436 3742 3484 3800 si

222 3830 525 3896 continere,
553 3830 622 3886 ad
645 3829 883 3901 priorem
920 3831 1080 3886 debet
1118 3831 1317 3888 reverti
1341 3847 1359 3898 ;
1387 3839 1444 3887 et
1492 3833 1547 3888 in
1581 3833 1676 3889 illo
1703 3836 1796 3906 qui
1897 3826 2080 3901 habet,
2109 3833 2323 3909 amittet
2359 3830 2525 3903 ipsos.
2568 3830 2626 3891 Si
2671 3839 2851 3887 autem
2891 3832 2959 3887 ab
3009 3831 3130 3889 aliis
3182 3830 3381 3902 injuste
3404 3830 3484 3889 ia-

222 3921 442 3976 vivente
464 3921 570 3976 alio
595 3922 713 3993 ejus
740 3935 966 3977 uxorem
990 3921 1232 3977 sortitur.
1261 3921 1555 3996 Propterea
1583 3927 1675 3996 qui
1698 3942 1800 3983 sa:-
1899 3937 2047 3983 ctum
2082 3925 2264 3991 fuerit,
2296 3939 2401 3981 non
2442 3924 2645 3980 amittit
2690 3939 2819 3983 suos
2871 3925 3125 3985 honores.
3173 3923 3279 3992 Qui
3317 3933 3484 3995 potest

227 4012 409 4069 culum
459 4013 695 4081 gestiunt
750 4013 1079 4084 relinquere,
1126 4015 1325 4072 debent
1371 4027 1687 4087 exspectare
1740 4026 1800 4074 ut
1901 4034 2106 4090 capere,
2134 4017 2328 4087 capiat.
2361 4010 2577 4087 (ἔρρανε,
2606 4016 2852 4089 implere.
2894 4016 3000 4084 Qui
3045 4024 3224 4088 potest
3263 4016 3488 4089 implere

225 4108 281 4155 et
327 4100 583 4172 coniuges
629 4116 819 4158 earum
878 4117 938 4159 se
963 4113 1167 4174 queant
1212 4105 1513 4173 continere,
1538 4109 1665 4179 quia
1687 4124 1797 4165 non
1899 4118 1960 4168 ut
1982 4111 2136 4181 virgo
2164 4117 2501 4180 permaneat,
2524 4107 2704 4164 faciat.
2727 4108 2807 4164 Ac
2839 4109 2886 4165 si
2909 4118 3093 4179 aperte
3129 4109 3311 4165 dicat:
3339 4107 3487 4165 Nulli

227 4193 388 4249 debet
415 4207 554 4249 unus
581 4194 637 4249 in
667 4195 1054 4253 monasterium
1083 4195 1250 4263 abire,
1293 4206 1350 4254 et
1387 4199 1526 4255 alius
1552 4198 1687 4256 foris
1705 4216 1799 4271 pa-
1899 4200 2101 4257 invitus
2125 4199 2400 4270 prrecipio,
2432 4199 2526 4255 sed
2551 4200 2642 4269 qui
2666 4198 2893 4255 voluerit
2921 4214 3010 4255 me
3034 4198 3275 4265 imitari,
3315 4198 3486 4255 babe-

228 4294 347 4339 rem
392 4286 597 4341 sortiri.
1899 4291 1982 4348 bit
2005 4291 2327 4362 condignam
2357 4289 2784 4347 retributionem:
2820 4288 2921 4358 Qui
2956 4304 3090 4346 vero
3109 4303 3218 4346 non
3253 4290 3491 4362 potuerit

180 4368 191 4372 ’
297 4373 492 4429 Dicunt
526 4376 574 4430 ei
592 4375 839 4448 discipuli
859 4379 972 4449 ejus
996 4393 1019 4434 :
1055 4380 1114 4437 Si
1142 4381 1216 4436 ita
1265 4391 1339 4437 est
1368 4398 1532 4437 causa
1574 4382 1800 4439 hominis
1902 4398 2008 4438 non
2034 4383 2244 4438 amittet
2266 4396 2368 4451 pro
2393 4382 2497 4436 hoc
2518 4382 2686 4435 vitam
2708 4386 2989 4439 aeternam.
3043 4381 3180 4448 Quia
3205 4390 3318 4438 tres
3358 4391 3488 4438 sunt

230 4481 350 4520 cunt
378 4480 562 4531 uxore,
591 4482 694 4521 non
729 4469 933 4537 expedit
976 4472 1185 4526 nubere.
1216 4472 1474 4544 Discipuli
1505 4486 1802 4545 prmscntes
1906 4474 2101 4546 gradus
2116 4475 2183 4529 de
2201 4474 2398 4543 quibus
2418 4466 2640 4528 fundata
2659 4481 2743 4527 est
2766 4471 3030 4539 Ecclesia,
3058 4472 3489 4543 coniugatorum,

231 4569 355 4610 cum
404 4556 631 4612 Domino
674 4556 1056 4625 intellexerunt
1100 4564 1242 4632 quod
1271 4574 1556 4633 postquam
1583 4574 1806 4636 accepta
1829 4561 1884 4622 D
1909 4564 2320 4627 continentium,
2350 4570 2407 4617 et
2433 4562 2725 4634 virginum.
2772 4562 2842 4618 Et
2866 4570 2924 4617 ut
2948 4570 3208 4633 utrosque
3231 4562 3491 4619 Dominus

230 4646 415 4715 fuerit,
446 4648 559 4703 sive
589 4648 660 4704 sit
703 4651 914 4722 gulosa,
941 4653 1053 4708 sive
1077 4653 1148 4709 sit
1188 4656 1396 4720 rixosa,
1427 4657 1539 4711 sive
1569 4656 1799 4721 inﬁrma,
1913 4656 2296 4718 sanctiﬁcarcl,
2323 4654 2391 4707 ad
2420 4652 2635 4721 nuptias
2660 4653 2845 4709 venire
2888 4652 3135 4723 dignatus
3159 4659 3263 4718 est,
3292 4661 3349 4706 et
3390 4653 3492 4708 mi—

231 4740 465 4797 tenenda
488 4746 764 4815 estusque
793 4742 863 4798 ad
889 4744 1030 4800 diem
1059 4746 1268 4812 mortis,
1306 4746 1411 4801 nisi
1441 4763 1509 4802 ex
1538 4763 1806 4803 consensu
1914 4745 2154 4801 raculum
2178 4742 2377 4798 ibidem
2400 4741 2601 4799 facere.
2630 4743 2676 4798 A
2698 4742 3039 4813 prophetissa
3059 4740 3216 4797 Anna
3240 4741 3487 4799 benedici

233 4831 519 4887 amborum
580 4830 888 4902 relinquant
948 4834 1219 4889 saeculum.
1270 4835 1610 4908 Quapropter
1652 4847 1807 4892 ante-
1913 4837 2104 4902 voluit,
2128 4844 2184 4892 ct
2212 4852 2393 4893 asene
2425 4835 2697 4894 Simeoue.
2727 4837 2798 4891 Et
2836 4843 2900 4891 ut
2947 4833 3259 4892 ostenderet
3301 4835 3493 4907 virgini

198 4918 398 4995 quam
430 4923 661 4994 accipiat
682 4940 908 4982 uxorem
929 4928 1092 4983 homo
1136 4928 1295 4984 debet
1328 4944 1449 4984 eam
1480 4945 1809 5003 cognoscere
1915 4938 2147 4985 matrem
2217 4927 2335 4983 fore
2394 4936 2449 4984 et
2503 4929 2743 5000 reginam
2800 4927 3043 4983 omnium
3093 4926 3351 4982 virtutum
3398 4940 3491 4982 so-

233 5017 291 5071 in
319 5018 558 5074 moribus
579 5026 635 5075 et
665 5018 720 5074 in
744 5019 998 5085 sanitate,
1028 5027 1084 5075 et
1108 5032 1214 5075 non
1244 5019 1401 5076 debet
1425 5020 1603 5077 subito
1633 5022 1809 5078 facere
1916 5021 2165 5093 clamque
2204 5021 2516 5094 angelorum
2539 5061 2554 5088 ,
2604 5022 2671 5076 de
2716 5019 2924 5092 virgine
2950 5026 3110 5075 natus
3137 5025 3222 5077 est
3254 5027 3310 5074 et
3336 5016 3491 5074 nasci

235 5107 382 5178 quod
407 5108 498 5163 diu
526 5108 692 5166 habet
715 5110 919 5167 dolere.
965 5110 1073 5167 Sed
1117 5111 1161 5168 si
1192 5113 1372 5169 omnia
1401 5112 1651 5169 facienda
1682 5122 1811 5170 sunt
1915 5108 2410 5186 dignatus,piacuit
2435 5113 2589 5182 virgo
2607 5126 2946 5181 permanere.
2968 5110 3121 5175 Unde
3148 5117 3205 5165 et
3224 5108 3497 5179 apostolos

236 5212 364 5257 cum
390 5200 633 5268 consilio,
686 5200 834 5261 istud
854 5203 1105 5277 amplius,
1136 5204 1263 5275 quia
1293 5204 1526 5274 seipsum
1580 5204 1809 5261 traditu-
1914 5220 2041 5261 suos
2068 5205 2330 5275 quosdam
2355 5204 2517 5273 elegit
2559 5203 2899 5276 coniugatus,
2927 5203 3187 5272 quosdam
3211 5202 3496 5259 continen-

238 5309 337 5353 rus
358 5299 524 5348 estut
552 5290 688 5347 ﬂant
708 5293 815 5349 duo
837 5294 893 5349 in
914 5310 1079 5351 carne
1103 5304 1229 5350 una.
1267 5292 1523 5362 Quamvis
1551 5293 1707 5350 multi
1729 5310 1814 5351 se-
1916 5303 2021 5362 tes,
2046 5296 2315 5366 quosdam
2332 5293 2586 5366 virgines.
2619 5294 2827 5350 Tamen
2870 5292 2933 5347 B.
2973 5291 3199 5348 Petrum
3244 5290 3497 5363 conjuge-

236 5391 389 5452 ptem
415 5394 612 5437 causas
633 5380 977 5438 considerent
1014 5385 1069 5440 in
1098 5384 1423 5455 accipiendis
1448 5386 1726 5451 uxoribus,
1757 5384 1813 5442 id
1917 5393 2031 5443 tum
2057 5386 2350 5458 praeposuit
2375 5384 2626 5441 omnibus
2650 5385 2960 5451 ordinibus,
3006 5398 3080 5440 ne
3123 5383 3363 5454 virgines
3406 5399 3497 5440 su-

243 5480 347 5537 est,
377 5472 812 5542 generositatem,
842 5472 1081 5541 divitias,
1102 5472 1351 5540 formam,
1381 5476 1692 5542 sanitatem,
1723 5491 1815 5533 sa-
1918 5478 2197 5551 perbirent
2221 5484 2314 5532 aut
2346 5474 2616 5548 coniugati
2643 5477 2993 5548 desperarent
3018 5489 3127 5531 non
3169 5491 3328 5546 pomo
3366 5491 3496 5546 per-

242 5563 523 5635 pientiam,
579 5578 782 5632 mores,
828 5570 1011 5620 tamen
1065 5568 1172 5622 duo
1242 5568 1471 5641 amplius
1523 5569 1814 5639 quaerenda
1921 5568 2111 5624 venire
2131 5566 2197 5621 ad
2219 5566 2361 5619 illam
2391 5566 2777 5635 perfectionem
2800 5582 2964 5637 quam
2990 5566 3225 5637 virgines
3251 5580 3497 5636 asseque-

242 5661 393 5718 suut,
424 5654 684 5724 sapientia
707 5662 763 5710 et
800 5669 999 5723 mores,
1024 5656 1151 5724 quia
1178 5658 1223 5712 sl
1251 5659 1354 5714 ista
1385 5662 1490 5715 duo
1518 5659 1813 5729 defuerint,
1922 5656 2144 5716 bantur.
2179 5658 2366 5713 Simile
2392 5660 2519 5715 huic
2540 5660 2687 5715 dicto
2709 5660 2900 5717 beatus
2927 5660 3126 5715 Paulus
3145 5658 3389 5730 praecipit
3416 5658 3498 5712 di-

247 5748 479 5819 possnnt
526 5746 631 5803 alia
679 5744 945 5819 deperire.
997 5744 1245 5807 Vidimus
1293 5752 1440 5809 enim
1466 5751 1729 5825 quasdam
1763 5759 1820 5808 ct
1853 5790 1864 5811 .
1904 5765 2092 5827 _ccns:
2130 5747 2208 5805 De
2246 5748 2529 5821 virginibus
2554 5760 2727 5808 autem
2771 5761 3082 5822 prwceptum
3129 5749 3340 5807 Domini
3392 5759 3498 5802 non
