3988 6462
511 405 650 465 1415

1311 383 1672 448 tHRlSTIANI
1703 379 2114 480 DRUTHMAIIII
2155 375 2606 474 CORBEIENSIS
2643 375 2952 435 MONACHI

3669 372 3824 456 ists

513 520 698 583 habeo,
729 511 1000 572 consilium
1029 523 1202 564 amem
1229 507 1316 560 do.
1347 504 1610 559 Videlicet
1629 509 1687 556 ut
1716 499 1908 568 aliquis
1934 471 2083 566 virga
2187 471 2708 554 volucritDominus
2733 495 2894 548 istum
2919 493 3242 562 intelligere,
3263 491 3380 564 ipse
3409 505 3478 546 se
3505 489 3648 545 alio
3697 489 3824 544 loco

511 613 848 682 permaneat,
884 617 988 656 non
1030 605 1113 654 est
1165 601 1490 667 praeceptum
1519 634 1533 659 ,
1584 591 1678 647 sed
1729 589 2100 644 exhortatum."

515 680 676 758 Ilnde
717 706 772 754 et
799 692 1109 763 subiungit:
1161 688 1292 744 Volo
1351 703 1526 742 omnes
1573 683 1805 739 homines
1855 697 1962 736 esse
1999 680 2099 735 sic-

515 801 578 847 ut
623 789 896 858 meipsum,
950 783 1004 838 id
1049 791 1133 837 est
1167 781 1368 848 absque
1411 789 1597 831 uxore.
1649 773 1706 828 Si
1749 779 1927 826 autem
1969 771 2100 825 dicit

515 881 708 952 aliquis
727 897 740 933 :
757 877 940 946 Quare
957 869 1272 946 presbyteri
1283 877 1337 926 et
1351 867 1561 925 diaconi
1581 883 1689 923 non
1714 867 1948 921 habeant
1959 879 2098 918 uxo-

517 973 640 1030 res?
673 967 1118 1041 respondebimus
1137 965 1279 1036 quod
1304 963 1508 1034 gratius
1531 961 1642 1016 Deo
1687 957 1841 1013 multi
1872 971 2100 1025 sequen-

515 1073 599 1120 tes
635 1061 732 1117 Dei
753 1058 1076 1128 eaemplum,
1110 1055 1252 1126 quod
1275 1053 1536 1124 optimum
1559 1057 1644 1106 est
1664 1057 1870 1105 tenent.
1893 1047 1959 1102 Et
1980 1047 2100 1102 ideo

517 1167 626 1210 non
652 1157 736 1207 est
767 1161 990 1205 necesse
1035 1161 1134 1216 per
1171 1143 1490 1214 coniugatus
1542 1139 1842 1195 ministeria
1885 1133 2101 1192 Domini

519 1243 919 1300 administrare.
959 1237 1066 1294 Sed
1116 1245 1172 1292 et
1235 1235 1291 1292 hi
1318 1235 1410 1304 qui
1458 1231 1925 1302 transgrediuntur
1977 1235 2101 1283 vota

521 1349 642 1406 quae
659 1337 921 1387 voverunt
953 1326 1204 1392 Domino,
1227 1323 1477 1379 videlicet
1504 1337 1626 1378 cum
1649 1319 1960 1391 virginitate
2000 1317 2104 1372 mi-

525 1426 754 1482 nistrare
782 1463 798 1488 ,
855 1427 1110 1496 tanquam
1167 1423 1437 1488 apostatas
1491 1413 1812 1484 prtecipiunt
1865 1421 2102 1466 canones

521 1517 800 1578 damnare,
832 1517 884 1567 et
912 1527 941 1566 a
963 1507 1265 1564 ministerio
1295 1520 1564 1576 separare.
1619 1503 1766 1558 Tunc
1795 1501 1960 1556 oblati
1984 1508 2104 1555 sunt

521 1603 750 1678 paruuli,
782 1612 838 1657 at
865 1617 1053 1656 manus
1090 1601 1162 1654 eis
1193 1597 1496 1670 imponeret.
1547 1585 1682 1664 Quia
1731 1591 2105 1664 impcrfcctior

525 1703 656 1750 aetas
685 1699 805 1750 erat
839 1690 1105 1747 infantum
1129 1729 1145 1756 ,
1179 1683 1404 1743 solebat
1427 1683 1541 1758 pati
1585 1683 1966 1755 phantasmata
1995 1683 2103 1738 da:-

522 1801 762 1844 monum.
791 1786 860 1840 Et
895 1791 1094 1854 quanto
1121 1782 1320 1846 minor,
1353 1786 1500 1834 tanto
1525 1777 1696 1848 magis
1743 1775 2014 1840 infestius,
2045 1780 2107 1828 ut

2193 587 2574 652 honum'dixit,
2597 585 2687 641 ubi
2711 587 2785 639 ait
2809 601 2822 638 :
2851 581 2965 654 Ego
3003 601 3120 638 sum
3141 577 3348 654 'pastor
3373 577 3620 644 bonus:
3649 589 3710 636 et
3755 583 3824 638 de

2196 679 2399 749 Spiritu
2449 685 2673 734 sancto:
2707 675 2870 730 Pater
2911 686 3077 730 uester
3099 675 3241 730 dabit
3273 659 3542 745 Spiritum
3609 673 3822 727 bonam

2193 770 2482 843 petentibus
2508 785 2646 823 eum.
2795 781 2798 784 '

2267 860 2407 926 Quid
2427 876 2508 914 me
2532 860 2821 928 interrogas
2850 855 2916 911 de
2936 855 3104 912 bona?
3129 853 3277 911 Unus
3303 865 3380 911 est
3397 855 3604 910 bonus
3647 853 3820 908 Dens.

2195 950 2331 1008 Cum
2351 935 2524 1006 benus
2546 947 2790 1005 absolute
2811 947 2866 1002 in
2887 945 3166 1016 Scriptura
3185 943 3434 1018 ponitur,
3461 946 3628 1000 Dens
3653 945 3822 1000 intel-

2197 1045 2402 1115 ligitur,
2433 1041 2560 1112 quia
2587 1042 2703 1112 ipse
2731 1049 2816 1096 est
2841 1039 3180 1105 naturaliter,
3202 1047 3257 1094 et
3278 1053 3386 1093 non
3431 1054 3506 1094 ex
3531 1037 3824 1092 accidenti

2199 1135 2342 1190 dono
2371 1133 2568 1196 bonus,
2593 1139 2649 1186 et
2677 1143 2788 1184 non
2832 1128 3004 1185 solum
3043 1128 3235 1192 bonus,
3263 1129 3358 1184 sed
3381 1135 3446 1184 et
3489 1127 3728 1182 bonitas
3767 1138 3824 1182 et

2200 1226 2321 1282 fons
2338 1223 2618 1281 bonitatis.
2643 1221 2710 1278 Et
2729 1223 3040 1292 quicunque
3059 1230 3148 1276 est
3183 1223 3378 1286 bonus,
3397 1222 3532 1291 ipso
3573 1221 3822 1290 partici-

2199 1328 2360 1390 pante
2379 1325 2437 1372 et
2456 1317 2618 1372 dante
2640 1315 2814 1370 bonus
2831 1319 2936 1368 est.
2958 1313 3148 1369 Omnis
3171 1319 3424 1368 creatura
3451 1313 3515 1367 in
3539 1320 3820 1386 quantam

2199 1407 2344 1465 banti
2383 1413 2468 1462 est
2496 1447 2511 1472 ,
2558 1421 2626 1461 ex
2671 1407 2784 1474 Deo
2831 1415 2917 1460 est
2943 1445 2957 1470 ,
2989 1405 3048 1459 in
3099 1411 3364 1474 quantum
3407 1403 3562 1458 mala
3591 1447 3612 1469 ,
3667 1419 3738 1460 ex
3761 1421 3824 1460 se

2203 1507 2260 1554 et
2298 1497 2431 1552 vitio
2470 1511 2569 1552 suo
2622 1505 2706 1552 est
2757 1494 2919 1550 mala.
2966 1493 3105 1550 Ecce
3163 1495 3542 1550 testimonium
3593 1495 3820 1550 Domini

2203 1603 2311 1644 non
2333 1587 2507 1644 solum
2533 1587 2600 1640 de
2621 1583 2801 1650 Patre,
2819 1585 2916 1640 "sed
2939 1584 3008 1639 de
3027 1597 3088 1638 se
3103 1597 3323 1654 quoque
3343 1593 3400 1638 et
3433 1583 3668 1654 Spiritu
3689 1600 3818 1640 san-

2205 1689 2315 1745 cto,
2349 1677 2442 1748 qui
2467 1685 2552 1734 est
2585 1691 2726 1732 unus
2753 1667 2894 1732 Deus
2936 1673 3440 1746 incomparabiliter
3469 1683 3532 1731 et
3559 1673 3820 1732 ine-nali-

2205 1771 2330 1826 liter
2358 1783 2568 1826 summe
2589 1769 2784 1823 bonus.
2811 1765 2870 1820 Si
2899 1777 3070 1822 autem
3115 1767 3194 1820 vis
3229 1765 3298 1820 ad
3343 1768 3515 1821 vitam
3567 1768 3812 1837 ingrﬁ,

527 1879 713 1934 dicunt
735 1875 1072 1932 obstetrices.
1101 1872 1236 1940 Quia
1263 1869 1477 1941 quando
1505 1875 1628 1923 ante
1652 1881 1843 1922 novem
1868 1867 1984 1921 dies
2019 1879 2105 1920 so-
2129 1862 2178 1921 B
2204 1879 2353 1917 serua
2397 1859 2674 1915 mandata.
2713 1859 2794 1914 Ex
2823 1860 2928 1913 hoc
2971 1857 3089 1914 loco
3131 1857 3490 1929 intelligimus
3519 1858 3678 1928 quod
3704 1859 3818 1927 qni-

526 1967 610 2024 lus
633 1968 881 2023 inventus
901 1963 1082 2030 fuerit,
1105 1979 1137 2017 a
1184 1963 1426 2018 daemone
1450 1959 1818 2016 occidebatur.
1869 1955 1975 2012 Pro
2001 1957 2107 2013 hac

528 2077 590 2116 re
621 2068 740 2116 erat
765 2055 1096 2114 consuetudo
1150 2069 1181 2110 a
1215 2053 1491 2128 prophetis
1537 2049 1783 2107 benedici
1827 2048 2102 2118 parvulos.

529 2151 702 2208 Simili
727 2149 886 2204 modo
906 2161 1034 2219 ergo
1063 2145 1402 2202 adduxerunt
1421 2149 1476 2197 et
1495 2141 1790 2196 attulerunt
1814 2139 1906 2209 qui
1933 2139 2108 2194 adhuc

526 2241 822 2311 nequibant
849 2237 1057 2303 venire,
1093 2241 1154 2290 ut
1199 2233 1651 2289 benedicerentur
1682 2243 1713 2283 a
1757 2229 2004 2284 Domino.
2036 2225 2108 2282 Et

527 2339 720 2388 oraret.
753 2327 1104 2391 Subauditur,
1130 2339 1292 2394 super
1310 2337 1424 2387 eos,
1463 2321 1605 2376 sicut
1635 2317 1802 2374 Iacob
1833 2315 2110 2372 benedixit

529 2421 786 2492 Ephraim
814 2427 869 2474 et
891 2417 1155 2480 Manasse,
1184 2412 1448 2484 impositis
1473 2411 1721 2466 manibus
1756 2423 1918 2478 super
1947 2413 2111 2478 caput

529 2525 738 2568 eorum.
765 2503 1026 2576 Discipuli
1055 2511 1228 2557 autem
1257 2499 1596 2572 increpabant
1617 2515 1726 2554 eos.
1755 2495 1869 2552 Non
1893 2511 1992 2568 pro
2019 2495 2108 2550 ina

530 2601 695 2666 vidia,
724 2598 818 2655 sed
844 2595 1125 2661 timebant,
1167 2610 1235 2650 ne
1279 2593 1419 2649 sicut
1450 2593 1633 2648 caeteri
1676 2589 1923 2646 homines
1951 2585 2111 2643 taedio

531 2689 832 2746 adiceretur
858 2701 924 2742 ex
949 2683 1290 2740 multitudine
1333 2697 1538 2737 eorum.
1563 2681 1720 2735 Iesus
1747 2695 1862 2734 vero
1891 2679 1965 2733 ait
1991 2677 2066 2732 eis
2089 2689 2109 2730 :

532 2779 702 2835 Sinite
731 2775 996 2848 parvulos,
1023 2783 1072 2830 et
1109 2773 1268 2828 nolite
1293 2790 1380 2828 eos
1413 2771 1684 2843 prohibere
1713 2769 1782 2824 ad
1808 2787 1890 2824 me
1916 2770 2107 2825 venire.

531 2872 601 2927 Et
630 2879 758 2925 tunc
787 2869 908 2924 illos
937 2869 1011 2923 ita
1044 2867 1299 2936 suscepit,
1327 2873 1388 2920 ut
1436 2863 1660 2920 audistis
1681 2904 1697 2930 ,
1727 2871 1784 2918 et
1816 2863 2108 2918 benedixit.

531 2961 599 3017 Et
625 2975 837 3031 semper
865 2959 1168 3030 quicunque
1185 2957 1299 3012 vult
1324 2955 1580 3011 accedere
1607 2953 1676 3008 ad
1695 2969 1818 3009 eum
1845 2969 1966 3008 cum
1990 2969 2112 3024 par-

530 3051 657 3106 vulo
685 3051 895 3120 spiritu,
932 3049 986 3105 id
1011 3055 1094 3104 est
1141 3045 1352 3112 humili,
1386 3045 1562 3100 factus
1584 3043 1789 3099 malitia
1816 3043 2072 3114 parvulus
2093 3083 2108 3110 ,

533 3140 770 3209 suscepit
789 3138 963 3203 illum,
993 3145 1052 3191 ut
1075 3136 1314 3206 psalmus
1339 3135 1516 3204 inquit
1541 3153 1555 3188 :
1587 3131 1844 3203 Suscipiet
1863 3149 2109 3187 mansue-

2207 1966 2420 2022 cunque
2459 1951 2632 2021 legem
2655 1957 2895 2005 veterem
2917 1949 3302 2006 custodierunt
3333 1949 3816 2012 incontaminate,

2204 2045 2374 2099 vitam
2394 2043 2630 2098 habeant
2653 2049 2932 2097 aaternam.
2952 2040 3091 2095 Dicit
3113 2041 3224 2106 ille,
3241 2039 3376 2107 Qui:
3395 2041 3420 2094 .9
3439 2039 3616 2095 Iesus
3641 2051 3816 2095 autem

2205 2135 2340 2188 dixit
2361 2132 2444 2187 illi
2471 2145 2489 2184 :
2521 2131 2647 2186 Non
2676 2131 3018 2185 homicidium
3059 2130 3251 2200 facias.
3277 2130 3508 2186 Duobus
3551 2131 3740 2188 modis
3761 2131 3816 2186 lit

2205 2223 2580 2280 homicidium.
2613 2220 2975 2277 Homicidium
3015 2228 3099 2276 est
3125 2235 3250 2276 cum
3271 2221 3396 2291 quis
3431 2221 3812 2276 habitaculum

2207 2315 2401 2371 animae
2433 2322 2558 2369 ante
2589 2321 2802 2384 tempus
2836 2312 3190 2367 constitutum
3231 2311 3468 2382 dissipat
3493 2351 3512 2376 ,
3555 2320 3616 2366 et
3661 2297 3814 2382 quasi

2208 2407 2326 2463 sine
2347 2406 2443 2462 Dei
2468 2404 2711 2476 jusione
2735 2404 2802 2460 de
2828 2403 3018 2458 exsilio
3041 2403 3278 2458 animam
3303 2403 3462 2458 abire
3501 2401 3784 2473 compellit
3799 2443 3814 2468 ,

2209 2499 2294 2555 vel
2322 2499 2580 2570 seipsum,
2609 2496 2695 2553 vel
2734 2497 2918 2552 alium.
2946 2495 3052 2552 Sed
3103 2495 3308 2552 malum
3337 2505 3428 2552 est
3471 2497 3536 2551 in
3579 2497 3818 2568 quolibet

2211 2592 2435 2648 homine
2458 2592 2756 2662 pessimum
2777 2605 2899 2648 esse
2929 2591 2986 2646 in
3011 2589 3220 2660 seipso;
3247 2597 3304 2644 et
3329 2603 3445 2645 non
3471 2590 3662 2646 solum
3685 2590 3816 2661 apud

2211 2684 2384 2739 Deum
2397 2682 2624 2753 ejusque
2643 2681 2983 2738 Christianos
3004 2681 3343 2736 exsecrabile
3367 2679 3588 2736 malum
3609 2689 3698 2738 est
3723 2683 3814 2736 sibi

2211 2773 2436 2844 injicere
2478 2789 2692 2842 manus,
2715 2789 2905 2830 verum
2928 2783 2982 2830 et
3006 2773 3148 2845 apud
3173 2773 3432 2843 antiquos
3471 2789 3726 2846 paganos
3749 2775 3814 2828 ita

2212 2882 2456 2932 exosum,
2479 2874 2541 2922 ut
2583 2881 2774 2922 manus
2817 2881 2939 2936 qua:
2981 2865 3086 2920 hoc
3123 2872 3503 2936 perpetrasset
3547 2867 3814 2922 communi

2216 2960 2490 3030 sepultura
2527 2975 2650 3015 cum
2675 2972 2902 3027 corpore
2923 2965 3152 3013 careret.
3181 2957 3290 3014 Sed
3321 2959 3473 3030 quod
3505 2959 3644 3014 dicit
3671 2957 3814 3013 dolor

2214 3063 2316 3120 est,
2353 3053 2532 3108 adhuc
2568 3051 2728 3108 hodie
2775 3051 2994 3106 nomine
3045 3059 3203 3106 tenus
3245 3049 3558 3106 Christiani
3603 3050 3708 3106 hoc
3747 3049 3816 3103 fa-

2221 3145 2406 3199 ciunt:
2433 3139 2587 3212 cujus
2631 3140 2856 3210 periculi
2897 3139 3100 3195 malum
3131 3139 3198 3195 ad
3243 3141 3540 3210 episc0pos
3573 3141 3814 3210 respicitv

535 3239 614 3284 tos
637 3228 915 3282 Dominus.
945 3227 1152 3282 Talium
1175 3234 1250 3281 est
1286 3227 1424 3281 enim
1451 3240 1666 3295 regnum
1715 3221 1981 3278 caelorum.
2005 3221 2120 3278 Hoc
2147 3211 2192 3274 C
2223 3233 2314 3303 qui
2351 3233 2430 3288 eis
2455 3211 2562 3286 nim
2584 3231 2908 3285 annuntiam
2947 3230 3072 3299 quia
3097 3245 3208 3285 non
3247 3229 3454 3284 ﬁnium
3477 3231 3736 3286 tristitia.-
3767 3241 3814 3284 α

535 3327 641 3384 εει,
667 3319 760 3388 qui
786 3318 919 3373 tales
945 3326 1070 3372 sunt
1109 3331 1208 3385 per
1243 3317 1628 3381 innocentiam,
1654 3315 1839 3386 quales
1869 3314 1959 3370 isti
1995 3323 2122 3369 sunt

537 3425 635 3482 per
657 3416 888 3464 natalem.
911 3408 980 3464 Et
1007 3423 1112 3462 non
1137 3406 1311 3462 dixit:
1345 3407 1579 3462 Istorum
1603 3415 1688 3462 est
1711 3421 1936 3478 regnum
1959 3405 2122 3462 ecclo-

538 3515 684 3566 rum,
713 3499 808 3554 sed
835 3499 1042 3565 talium,
1069 3497 1352 3568 requirens
1380 3497 1747 3552 innocentiam
1773 3495 1990 3562 mentis,
2015 3511 2123 3551 non

539 3592 735 3648 aetatis.
769 3589 862 3646 Sic
913 3597 968 3645 et
1005 3589 1294 3662 Apostolus
1339 3589 1582 3660 praecipit
1637 3587 1862 3644 dicens:
1913 3585 2123 3643 Malitia

538 3681 744 3755 parvuli
765 3689 944 3748 estote,
975 3681 1208 3737 sensibus
1232 3681 1467 3752 perfecti.
1503 3680 1580 3736 De
1607 3679 1912 3736 innocentia
1946 3679 2121 3733 infan-

542 3780 655 3827 tum
679 3773 926 3842 superius
948 3772 1204 3839 diximus,
1232 3772 1354 3827 ideo
1389 3786 1496 3826 non
1519 3781 1604 3827 est
1647 3771 1736 3825 hic
1761 3771 2126 3826 necessarium

541 3869 804 3932 repetere.
845 3861 914 3917 Et
948 3879 1066 3916 cum
1094 3863 1424 3934 imposuisset
1451 3862 1526 3916 eis
1567 3877 1773 3939 manus,
1821 3860 1952 3914 abiit
1983 3859 2122 3915 inde.

541 3951 677 4019 Quia
725 3952 942 4008 videbat
969 3955 1112 4023 quod
1139 3952 1343 4008 Scribae
1376 3953 1578 4022 potitus
1621 3952 1881 4022 gestirent
1937 3961 2123 4020 repre—

541 4046 778 4101 hendere
803 4061 964 4115 quam
990 4047 1229 4113 credere,
1258 4047 1368 4102 cito
1392 4045 1610 4116 reliquit
1651 4041 1979 4108 incredulos,
1999 4042 2126 4112 quia

544 4149 705 4204 quam
729 4151 836 4190 non
861 4137 1064 4192 invenit
1095 4137 1374 4202 humilem,
1401 4135 1540 4208 fugit
1580 4141 1835 4190 mentem.
1885 4133 1955 4189 Et
1979 4132 2129 4190 venit

548 4229 617 4286 ad
645 4229 877 4285 humiles
897 4239 952 4285 et
985 4239 1278 4287 trementes
1302 4245 1579 4287 sermones
1599 4229 1734 4300 ejus.

1123 4341 1349 4398 CAPUT
1373 4341 1553 4395 XLIII.

1055 4409 1134 4466 De
1165 4411 1321 4466 divite
1353 4419 1602 4464 tentante.

2223 3321 2617 3385 tribulationcs,
2648 3321 2741 3376 sed
2777 3320 3136 3391 multiplicant
3179 3321 3308 3376 dum
3331 3321 3402 3376 de
3435 3321 3566 3376 istis
3591 3331 3816 3376 tormen-

2223 3416 2292 3469 tis
2324 3413 2392 3468 ad
2440 3414 2712 3468 atrociora
2758 3420 3056 3468 transeunt.
3111 3411 3270 3467 Aliud
3329 3413 3698 3469 homicidium
3743 3421 3816 3468 est

2225 3503 2523 3575 spirituale,
2550 3518 2672 3557 cum
2698 3503 2819 3573 quis
2857 3511 3047 3574 peccat
3079 3503 3147 3558 ad
3171 3511 3432 3570 mortem,
3463 3513 3566 3558 aut
3605 3504 3814 3558 fratrem

2224 3595 2354 3650 facit
2381 3611 2625 3666 peccare,
2655 3603 2745 3650 aut
2778 3595 2927 3650 videt
2951 3603 3005 3651 et
3053 3610 3164 3650 non
3189 3604 3444 3662 revocat,
3475 3605 3536 3651 et
3591 3597 3816 3652 moriun-

2225 3695 2314 3742 tur
2335 3687 2568 3742 amboin
2589 3688 2786 3742 anima.
2815 3686 2908 3742 Ille
2934 3687 3057 3758 quia
3079 3685 3248 3742 Deum
3269 3687 3574 3758 dereliquit
3599 3704 3814 3758 μεαπ-

2226 3783 2315 3848 do,
2339 3781 2442 3836 iste
2489 3781 2616 3851 quia
2655 3780 2824 3847 vidit,
2875 3788 2931 3834 et
2963 3795 3072 3836 non
3125 3781 3404 3837 revocavit
3449 3797 3584 3837 cum
3635 3783 3812 3853 potuit.

2226 3871 2418 3924 Anima
2454 3872 2590 3924 enim
2616 3887 2731 3942 qua:
2752 3871 3038 3942 peccaverit
3061 3911 3076 3936 ,
3123 3871 3237 3942 ipsa
3263 3872 3554 3927 morietur.
3599 3875 3816 3944 Aposto—

2225 3961 2311 4016 lus
2335 3979 2346 4013 :
2379 3959 2446 4014 Et
2473 3977 2577 4015 non
2600 3961 2767 4015 solum
2789 3961 2876 4032 qui
2918 3961 3144 4031 faciunt,
3169 3963 3258 4016 sed
3307 3963 3473 4016 etiam
3497 3965 3598 4034 qui
3625 3981 3814 4018 consen-

2228 4051 2364 4104 tiunt
2407 4051 2761 4121 facientibus',
2807 4051 2952 4122 digni
2982 4060 3103 4106 sunt
3151 4061 3336 4106 morte.
3383 4052 3814 4110 Reminiscamur

2230 4141 2430 4196 factum
2457 4141 2594 4208 Heli,
2619 4143 2760 4212 quod
2793 4159 2900 4198 non
2921 4143 3184 4214 corripuit
3214 4141 3354 4198 ﬁlios
3377 4159 3514 4198 suos
3535 4153 3602 4198 ut
3613 4145 3812 4215 dignun:

2229 4233 2351 4300 fuit,
2382 4244 2438 4289 et
2459 4236 2572 4306 ipse
2591 4251 2690 4306 pro
2711 4236 2790 4291 eis
2814 4236 2994 4306 periit,
3023 4243 3076 4290 et
3112 4236 3186 4290 illi
3211 4236 3277 4291 de
3301 4238 3570 4307 pmsenti
3611 4238 3816 4293 intentu

2230 4324 2297 4379 ad
2328 4331 2588 4378 aeternum
2617 4327 2967 4381 transierunt.
2997 4325 3288 4396 Sequitur:
3320 4323 3451 4382 Non
3477 4329 3816 4384 adulteram.

2229 4411 2548 4467 Adulterare
2575 4421 2658 4468 est
2683 4413 2908 4469 alterius
2931 4417 3150 4470 thorum
3177 4415 3438 4471 transire.
3481 4415 3556 4471 Et
3585 4419 3818 4487 quamvis

625 4503 690 4559 Et
729 4517 843 4558 ecce
867 4517 1001 4557 unus
1033 4501 1301 4566 accedens,
1335 4501 1408 4554 ait
1432 4498 1531 4554 illi.
1574 4497 1734 4554 Forte
1755 4497 1997 4554 audierat
2025 4497 2125 4555 iste
2147 4507 2203 4578 μ
2231 4504 2408 4559 omnis
2429 4503 2714 4560 fornicatio
2740 4507 3020 4561 criminale
3039 4516 3323 4578 peccatum
3347 4509 3444 4574 sit,
3475 4517 3670 4564 tamen
3693 4507 3818 4564 istud

550 4599 616 4653 de
642 4593 904 4650 imitanda
929 4592 1239 4648 innocentia
1261 4590 1633 4662 parvulorum,
1659 4597 1714 4646 et
1737 4589 1857 4645 ideo
1883 4604 1980 4660 per
2019 4591 2130 4645 sin-
2153 4563 2208 4624 D
2232 4602 2314 4648 est
2337 4593 2556 4664 gravius
2583 4595 2960 4652 fornicationis
2989 4563 3198 4664 vilium,
3232 4597 3360 4668 quia
3399 4563 3462 4653 in
3503 4600 3688 4658 tribus
3711 4614 3820 4671 pec-

551 4689 673 4760 gnla
703 4685 869 4740 verba
891 4683 1005 4741 vult
1033 4685 1138 4740 sibi
1167 4683 1360 4755 exponi
1395 4698 1514 4753 qua:
1551 4684 1622 4738 sit
1651 4681 1768 4754 ipsa
1796 4697 1926 4738 vera
1967 4682 2129 4738 inno-

551 4775 750 4832 centia.
804 4773 1058 4845 Magister
1079 4772 1246 4840 bone,
1297 4772 1423 4844 quid
1454 4772 1573 4826 boni
1626 4772 1821 4842 faciam
1862 4779 1918 4825 ut
1969 4773 2131 4826 vitam

553 4873 804 4920 (sternam
831 4863 1050 4916 habeam
1069 4863 1096 4916 ?
1129 4861 1280 4917 Alius
1305 4860 1636 4932 evangelista
1685 4861 1850 4916 dicit:
1883 4859 2023 4926 Quid
2051 4879 2132 4917 me

553 4957 684 5011 dicis
700 4955 918 5009 bonum?
936 4953 1070 5021 Quia
1085 4955 1199 5024 ipse
1213 4953 1546 5009 solummodo
1557 4951 1831 5008 hominem
1845 4951 2132 5008 Dominum

555 5047 830 5112 credebat,
858 5043 982 5116 quia
1005 5053 1061 5100 et
1083 5045 1404 5116 magistrum
1423 5043 1672 5112 vocabat,
1699 5059 1806 5099 non
1833 5043 2126 5110 Christum,

555 5151 730 5209 neque
749 5137 939 5201 Deum,
957 5143 1241 5206 propterea
1273 5135 1634 5207 redarguitur,
1660 5149 1760 5189 cur
1780 5147 1904 5188 eum
1931 5135 2133 5190 bonum

555 5231 720 5295 dicat,
749 5243 871 5286 cum
905 5227 1074 5282 Deum
1113 5242 1237 5282 cum
1267 5243 1376 5283 non
1421 5241 1540 5284 esse
1568 5225 1773 5283 credat.
1823 5223 1941 5281 Non
1967 5227 2135 5296 igitur

555 5323 814 5380 Dominus
833 5321 1034 5376 bonum
1057 5333 1114 5375 se
1139 5333 1258 5374 esse
1283 5319 1551 5390 denegat,
1595 5320 1688 5374 sed
1719 5317 1890 5374 Deum
1918 5331 1977 5373 se
2014 5331 2135 5372 esse

561 5413 908 5469 demonstrat.
926 5410 994 5466 Et
1013 5409 1183 5464 voluit
1199 5417 1258 5464 ut
1281 5407 1372 5465 ille
1401 5409 1493 5479 qui
1519 5425 1642 5465 eum
1667 5411 1870 5466 bonum
1900 5407 2134 5477 dicebat,

562 5507 825 5572 quomodo
865 5507 1039 5562 bonus
1079 5515 1223 5561 esset
1257 5505 1506 5561 disceret.
1552 5505 1738 5561 Omnis
1780 5506 1926 5561 enim
1955 5507 2137 5570 homo,

559 5593 690 5648 licet
711 5605 924 5652 sanctus
947 5637 963 5663 ,
1004 5605 1060 5652 et
1099 5597 1274 5652 omnis
1307 5607 1554 5652 creatura
1601 5598 2001 5668 comparatione
2043 5599 2140 5654 Dei

561 5701 669 5743 non
699 5695 783 5742 est
803 5687 964 5742 bona.
991 5689 1094 5745 Per
1120 5705 1178 5746 se
1201 5697 1379 5744 autem
1404 5691 1578 5745 bonus
1599 5699 1654 5745 et
1675 5692 1837 5747 homo
1873 5699 1929 5746 ει
1965 5691 2142 5748 omnis

561 5787 835 5852 creatura,
857 5777 902 5833 si
925 5779 1002 5838 sic
1021 5789 1107 5838 est
1148 5781 1288 5837 sicut
1317 5787 1497 5836 creata
1533 5779 1654 5836 fuit.
1692 5779 1827 5837 Nam
1866 5782 1993 5854 quia
2037 5783 2142 5840 hoc

2231 4693 2410 4741 catum
2432 4687 2806 4743 committitur.
2837 4687 2904 4743 Et
2928 4689 3070 4744 istud
3109 4690 3275 4744 etiam
3317 4690 3656 4760 spiritaliter
3691 4709 3820 4748 con

2231 4775 2485 4844 mittitur,
2527 4793 2648 4833 cum
2678 4777 2904 4848 alicujus
2926 4779 3104 4834 anima
3132 4794 3250 4850 qua:
3270 4779 3432 4836 debet
3453 4781 3634 4838 Deum
3659 4786 3816 4838 virum

2232 4867 2451 4934 habere,
2485 4869 2570 4924 cui
2597 4870 2870 4925 adhrcrere
2895 4870 2951 4924 in
2991 4871 3258 4941 baptismo
3301 4874 3606 4942 spopondit
3629 4916 3646 4940 ,
3692 4875 3820 4930 dere

2233 4959 2430 5030 linquit
2456 4960 2605 5016 illum
2649 4977 2748 5032 pro
2775 4977 2927 5028 auro,
2957 4962 3039 5018 vel
3062 4965 3322 5036 gemmis,
3363 4975 3462 5019 aut
3508 4981 3617 5036 pro
3657 4967 3818 5037 aliqua

2231 5051 2506 5122 voluptate
2541 5053 2765 5119 carnali,
2788 5063 2843 5107 et
2866 5054 3104 5110 adhaeret
3124 5054 3338 5110 diabolo
3356 5055 3642 5112 suadenti.
3661 5059 3818 5124 Quam

2235 5141 2642 5198 fornicationem
2667 5143 2916 5199 Ezechiel
2954 5144 3164 5216 plenius
3203 5148 3533 5216 exsequitur
3561 5149 3670 5203 sub
3703 5149 3818 5202 dna-

2235 5251 2356 5292 rum
2378 5235 2657 5291 mulierum
2680 5251 2931 5305 persona,
2949 5235 3002 5290 id
3025 5245 3126 5302 est,
3148 5235 3450 5292 Jerusalem
3471 5245 3528 5291 et
3543 5236 3815 5308 Samaria,

2236 5333 2291 5382 et
2328 5341 2427 5396 per
2462 5327 2605 5398 ipsas
2631 5327 2963 5381 habitatores
3001 5340 3188 5382 eorum
3207 5327 3395 5383 volens
3417 5327 3678 5399 intelligi.
3707 5325 3816 5382 Non

2239 5415 2401 5488 facies
2451 5418 2670 5488 furtum.
2707 5416 2966 5472 Similiter
3007 5426 3062 5472 et
3088 5417 3232 5474 istud
3262 5418 3472 5473 duobus
3495 5419 3681 5473 modis
3731 5417 3816 5472 ad-

2239 5509 2474 5563 mittitur
2499 5526 2512 5562 :
2552 5508 2802 5564 videlicet
2821 5523 2944 5563 cum
2965 5508 3087 5579 quis
3113 5525 3144 5564 a
3173 5511 3418 5580 proximo
3452 5525 3554 5564 suo
3577 5525 3814 5582 quocun-

2240 5617 2344 5671 que
2364 5599 2507 5656 malo
2531 5599 2745 5672 ingenio
2769 5599 2970 5671 aliquid
2997 5601 3189 5657 aufert.
3239 5601 3432 5656 Furari
3476 5611 3562 5658 est
3601 5603 3746 5657 enim
3765 5601 3814 5656 in

2240 5689 2462 5758 furtivo,
2485 5691 2540 5746 id
2567 5699 2649 5747 est
2673 5687 2726 5746 in
2743 5691 3010 5748 absconso
3031 5691 3264 5747 auferre.
3293 5691 3392 5748 Est
3414 5701 3598 5749 autem
3625 5693 3810 5746 discre-

2241 5783 2318 5839 tio
2370 5781 2515 5844 inter
2557 5781 2762 5840 furtum
2806 5792 2861 5841 et
2903 5783 3273 5858 sacrilegium,
3309 5784 3440 5856 quia
3460 5783 3712 5858 quamvis
3737 5794 3816 5837 sa-
