3988 6448
472 449 612 506 1419

469 652 610 709 illis:
640 649 797 721 Apud
821 647 1053 703 homines
1074 645 1173 700 hoc
1202 643 1501 716 impossible
1537 653 1640 709 est,
1698 644 1838 714 apud
1875 642 2046 699 Deum

471 752 646 798 autem
668 728 841 795 omnia
863 736 1129 807 possibilia
1155 746 1294 791 sunt.
1321 724 1579 791 Dominus
1597 736 1936 806 omnipotens
1954 736 2045 805 qui

472 832 675 890 creavit
705 820 971 886 camelum
994 870 1010 896 ,
1065 834 1245 899 potest
1290 828 1438 882 illum
1468 828 1645 883 facere
1679 828 1915 884 transire
1948 843 2047 897 per

474 921 717 991 foramen
743 936 889 991 acus,
922 928 984 974 ut
1010 919 1149 989 sicut
1177 919 1436 974 mundum
1455 919 1661 975 creavit
1684 934 1751 975 ex
1772 920 1962 984 nihilo,
1992 925 2048 973 et

471 1014 645 1070 locum
666 1012 873 1067 creavit
897 1050 912 1075 ,
960 1010 1049 1080 qui
1074 1026 1181 1065 non
1207 1018 1346 1079 erat,
1372 1010 1427 1065 in
1468 1024 1575 1080 quo
1620 1005 1850 1063 mundus
1872 1016 2044 1081 esset,

472 1105 670 1176 quique
692 1103 821 1169 fecit
854 1104 1063 1159 asinam
1096 1101 1242 1174 loqui
1286 1110 1342 1155 et
1371 1111 1578 1171 petram
1623 1098 1898 1165 ambulare
1925 1111 2049 1175 cum

471 1197 711 1254 exercitu
736 1184 1251 1257 administrandum
1291 1209 1509 1264 aquam,
1534 1202 1711 1264 potest
1733 1202 1783 1248 et
1826 1207 1894 1251 ex
1936 1192 2050 1247 ani-

472 1289 597 1344 mali
619 1276 901 1358 corporeo,
925 1297 979 1342 et
1012 1287 1078 1341 de
1114 1285 1204 1347 illo
1231 1286 1323 1355 qui
1368 1286 1613 1355 signatur
1660 1300 1759 1354 pro
1798 1284 2046 1351 animali,

472 1376 718 1435 videlicet
748 1376 911 1432 divite
947 1383 1189 1431 tortuose
1214 1375 1269 1429 in
1297 1373 1408 1441 suis
1438 1374 1669 1444 ingeniis
1691 1372 1775 1429 vel
1802 1372 2049 1444 volupta-

471 1469 634 1534 tibus,
658 1477 865 1524 rectum
890 1467 1161 1523 hominem
1190 1465 1413 1521 reddere
1439 1474 1493 1520 et
1526 1465 1804 1529 mundum,
1833 1471 1891 1521 ut
1930 1478 2054 1533 pos-

471 1560 543 1612 sit
569 1559 802 1614 transire
822 1573 919 1627 per
942 1567 1146 1613 arctam
1173 1564 1229 1612 et
1251 1562 1533 1627 angustam
1551 1555 1697 1608 viam
1740 1568 1859 1623 quae
1906 1553 2054 1606 ducit

472 1648 539 1703 ad
569 1647 758 1712 vitam,
784 1661 1064 1717 perquam
1088 1645 1245 1717 pauci
1286 1644 1510 1699 divitum
1551 1643 1885 1713 gradiuntur,
1915 1642 2054 1695 sicut

473 1737 603 1793 fecit
623 1740 690 1793 de
709 1737 955 1793 Zachaso.
977 1736 1095 1792 Non
1120 1744 1303 1790 autem
1345 1735 1641 1804 putandum
1679 1733 1822 1803 quod
1863 1732 2056 1787 divites

470 1843 597 1885 cum
635 1828 747 1887 suis
774 1828 1147 1897 iniquitatibus
1181 1826 1433 1881 intraturi
1460 1826 1569 1880 sint
1599 1825 1656 1879 in
1678 1838 1903 1894 regnum
1939 1836 2055 1877 cte-

1247 438 1633 495 cumsmm
1672 390 2083 494 oneratum
2116 390 2560 495 consulenam
2596 434 2906 499 IIONACHI

345 554 359 571 ’
470 568 611 618 sent.
666 555 1030 615 Verumtamen
1065 569 1154 611 eos
1190 551 1790 609 ισοιεοιαιανῡσηιὶηιιε
1815 562 1863 607 et
1918 528 2048 607 dixit
2074 516 2385 624 ilcongrua
2415 554 2551 621 hora
2595 553 2665 611 ad
2711 553 2806 613 Dei
2837 553 3023 621 laudes
3070 567 3291 629 cursem
3310 554 3643 626 “enim;
3695 557 3759 614 Si

3602 444 3757 499 1426

2142 651 2471 713 pramptum
2498 650 2583 699 est
2613 643 2769 699 nobis
2789 660 2823 701 a
2838 658 3008 705 carne
3033 642 3239 714 absque
3261 645 3610 703 necemitate
3630 663 3760 703 car-

2143 731 2229 787 nis
2269 732 2577 805 abstinuere,
2616 733 2738 793 ideo
2780 733 2980 793 factum
3031 744 3150 801 est,
3190 744 3255 795 ut
3284 724 3485 811 ,posait
3515 740 3761 796 castitas

2146 823 2425 881 custodiri.
2481 823 2617 891 Nam
2662 812 2729 878 in
2759 826 3231 905 necessitate’non
3258 835 3346 896 est
3372 830 3759 900 prohibitum.

2146 910 2426 971 Credimus
2457 922 2638 971 tamen
2661 928 2760 986 pro
2778 924 2932 973 certo
2956 918 3101 987 quod
3126 918 3183 972 in
3201 918 3324 979 cibo
3344 928 3402 975 et
3427 929 3567 993 potu
3595 937 3757 979 eam-

2147 1002 2267 1061 dem
2312 1002 2553 1075 regulam
2602 1003 2773 1061 tenuit
2816 1006 3097 1083 Dominus,
3125 1022 3288 1077 quam
3325 1018 3385 1075 et
3424 1010 3488 1069 in
3531 1012 3761 1077 ueteris

2148 1094 2349 1159 causis,
2378 1094 2746 1151 tantummodo
2788 1097 2857 1151 ad
2904 1092 3314 1173 sustentandum
3356 1116 3585 1173 corpus.
3640 1100 3761 1157 Nec

2149 1186 2533 1263 tamenmohis
2582 1186 2900 1257 prohibetur
2945 1204 3046 1265 pro
3095 1192 3423 1265 necessitate
3449 1207 3761 1267 corporea.

2150 1275 2290 1331 sicut
2331 1284 2386 1330 et
2414 1274 2613 1335 Paulus
2648 1276 2819 1332 dicit:
2844 1273 3033 1343 Carnis
3072 1297 3256 1355 curam
3299 1301 3367 1343 ue
3414 1284 3660 1354 feceritis
3699 1285 3761 1341 in

2150 1366 2448 1421 desideriis.
2480 1364 2599 1425 Non
2620 1368 2752 1423 dicit
2775 1369 2831 1432 in
2857 1372 3293 1438 necessitatibus.
3321 1375 3454 1444 quia
3477 1375 3639 1445 quod
3660 1389 3761 1433 uc-

2152 1456 2446 1510 cessarium
2480 1465 2565 1512 est
2607 1460 2819 1529 corpori
2844 1469 3064 1531 propter
3092 1465 3425 1532 subsidium,
3456 1482 3571 1522 nec
3610 1468 3760 1529 Deus

2151 1545 2398 1617 prohibet
2423 1562 2523 1617 nec
2551 1546 2685 1615 alius
2712 1548 2940 1618 quilibet
2981 1550 3191 1613 doctor.
3233 1554 3355 1615 Non
3376 1557 3530 1617 enim
3558 1558 3761 1615 bestiis

2150 1636 2470 1695 Benedictus
2498 1638 2722 1701 alterius
2751 1640 2990 1719 imitator
3018 1640 3145 1710 fuit,
3184 1660 3288 1703 nec
3321 1645 3621 1717 plusquam
3653 1647 3762 1703 Do-

2155 1729 2334 1785 minus
2380 1727 2559 1791 t‘acere
2605 1730 2791 1797 voluit,
2835 1735 2959 1802 quia
3003 1733 3200 1793 sullicit
3247 1738 3536 1808 discipulo,
3571 1752 3637 1793 ut
3691 1740 3762 1794 sit

2157 1820 2299 1875 sicut
2336 1820 2592 1891 magister
2624 1821 2763 1891 eius,
2793 1833 2849 1879 et
2890 1826 2995 1881 erit
3033 1835 3163 1882 tunc
3193 1827 3491 1897 perlectus.
3529 1828 3675 1883 Nam
3706 1836 3763 1884 et

472 1919 670 1984 lorum,
689 1920 784 1977 sed
798 1916 1164 1974 commutandi
1192 1917 1249 1970 in
1268 1915 1457 1970 melius
1485 1915 1664 1975 adhuc
1697 1913 1823 1967 dum
1846 1912 2050 1977 vivunt,
2081 1901 2131 1963 B
2156 1910 2249 1977 qui
2275 1917 2535 1969 vocantur
2564 1912 2836 1977 monachi,
2859 1913 2990 1983 quia
3014 1915 3115 1970 sub
3144 1916 3329 1985 regula
3353 1916 3565 1986 degunt
3591 1932 3760 1987 regn-

474 2019 533 2065 ut
554 2010 761 2081 possint
785 2024 907 2065 cum
946 2007 1273 2078 pauperibus
1293 2006 1565 2065 collocari.
1618 2007 1745 2061 Ideo
1767 2007 1909 2060 enim
1938 2021 2056 2060 om-

472 2101 724 2171 nipotens
754 2099 970 2165 dicitur,
990 2099 1115 2169 quia
1138 2105 1315 2168 potest
1337 2097 1518 2153 facere
1537 2113 1659 2167 quae
1680 2097 1934 2153 voluerit.
1952 2094 2060 2152 Po-

474 2200 581 2248 test
612 2203 826 2262 quoque
845 2190 1037 2247 cameli
1073 2204 1267 2245 nomen
1298 2189 1628 2260 Redemptor
1664 2196 1848 2244 noster
1898 2189 2059 2243 intel-

472 2280 586 2353 ligi,
607 2282 703 2352 qui
726 2281 1039 2345 humiliatus
1078 2288 1162 2335 est
1189 2280 1259 2334 ad
1288 2280 1630 2349 suscipienda
1656 2294 1822 2335 onera
1861 2294 2059 2350 peccs—

474 2379 653 2431 torum
678 2378 1010 2428 uostrorum.
1059 2368 1164 2437 Qui
1196 2385 1323 2425 cum
1366 2371 1616 2425 transivit
1669 2385 1767 2441 per
1812 2367 2061 2429 foramen

477 2477 630 2527 acus,
654 2462 712 2519 id
728 2469 813 2516 est
829 2475 928 2529 per
948 2459 1223 2529 angustias
1260 2459 1590 2530 passionum,
1613 2475 1715 2531 per
1736 2476 1872 2530 quas
1903 2460 2060 2531 quasi

475 2566 574 2622 per
608 2567 766 2607 acum
789 2551 1059 2619 resarcire
1085 2550 1253 2619 scissa
1281 2561 1485 2608 nostra:
1511 2553 1761 2624 dignatus
1787 2562 1874 2609 est
1891 2553 2061 2609 vesti-

476 2652 658 2700 menta
682 2651 910 2710 naturae,
935 2645 991 2699 id
1038 2651 1125 2700 est
1168 2659 1513 2715 recuperare,
1548 2654 1815 2716 quatenus
1866 2648 2063 2704 melius

481 2734 760 2791 reformati
811 2734 1120 2789 audiremus
1169 2736 1236 2790 ab
1276 2734 1534 2805 Apostolo
1570 2752 1584 2789 :
1637 2734 1944 2807 Quicunque
2001 2738 2061 2792 in

481 2823 691 2881 Christo
720 2825 969 2895 δημίωιὶ
994 2825 1142 2889 estis,
1172 2824 1441 2880 Christum
1468 2826 1736 2883 induistis.

556 2913 703 2981 Tunc
728 2913 1043 2985 respondens
1057 2912 1249 2979 Petrus
1271 2914 1442 2969 dixit:
1471 2912 1610 2969 Ecce
1637 2929 1733 2969 nos
1758 2915 2060 2988 reliquimus

480 3006 679 3061 omnia.
710 3004 845 3061 Cum
868 3004 1111 3061 audisset
1146 3004 1343 3060 Petrus
1366 3004 1754 3076 perfectionem
1775 3019 1807 3059 a
1834 3006 2063 3062 Domino

474 3095 659 3165 juveni
682 3095 1034 3167 propositam,
1049 3103 1105 3151 et
1123 3095 1422 3163 laudatam,
1439 3096 1609 3153 voluit
1624 3097 1764 3153 scire
1782 3110 1903 3167 qua:
1916 3106 2061 3154 esset

478 3202 690 3247 merces
730 3188 1067 3251 studentibus
1113 3201 1235 3242 eam
1260 3226 1276 3253 ,
1337 3187 1581 3258 dixitque
1622 3188 1693 3243 ad
1731 3188 2058 3247 Dominum:

2158 1996 2298 2050 lares
2331 1998 2611 2065 dicuntur,
2641 2009 2695 2054 et
2728 2001 2829 2056 hoc
2855 2010 2940 2057 est
2980 2004 3226 2061 canonici
3270 2004 3463 2063 Graec
3511 2008 3760 2063 nonnae.

2157 2084 2356 2145 Omnes
2398 2094 2582 2149 tamen
2636 2089 2837 2149 habent
2883 2092 3159 2151 Christum
3211 2096 3269 2151 in
3316 2096 3665 2165 exemplum,
3708 2104 3761 2150 et

2158 2180 2433 2249 apostolos
2458 2180 2574 2250 ejus
2601 2198 2736 2252 quos
2765 2184 2968 2243 imitari
2997 2186 3215 2243 debent.
3242 2187 3397 2249 Laici
3426 2198 3621 2244 autem
3658 2190 3758 2244 ha-

2156 2272 2287 2329 bent
2313 2271 2688 2341 Nicodamum,
2705 2275 2988 2344 Gamaliel,
3012 2277 3234 2349 Joseph,
3256 2289 3310 2339 et
3340 2283 3389 2337 si
3418 2282 3765 2352 potentiores

2159 2372 2285 2421 sunt
2338 2374 2562 2435 possunt
2607 2367 2664 2422 in
2709 2366 3005 2439 Scripturis
3049 2372 3249 2427 divinis
3295 2374 3550 2431 invenire
3595 2390 3765 2443 quem

2161 2457 2441 2512 imitentur
2477 2467 2531 2512 et
2571 2459 2629 2513 in
2662 2461 2901 2529 potentia
2933 2461 3198 2527 saeculari,
3229 2471 3286 2518 et
3327 2465 3387 2519 in
3436 2478 3763 2520 mansuetu-

2161 2547 2316 2615 dine,
2346 2556 2403 2609 et
2434 2549 2738 2607 humilitate
2782 2549 3005 2609 Christi.
3058 2552 3203 2608 Ecce
3248 2568 3555 2624 proponam
3606 2555 3761 2609 vobis

2162 2639 2385 2696 divitem
2407 2648 2462 2696 et
2492 2657 2785 2713 pauperem
2822 2644 2917 2700 Dei
2942 2661 2957 2697 :
2985 2646 3055 2700 ab
3080 2646 3199 2714 ipso
3226 2647 3405 2715 capite
3442 2647 3763 2716 exemplum

2159 2738 2218 2787 et
2260 2732 2424 2788 facile
2466 2734 2608 2788 sicut
2652 2735 2768 2806 ipse
2801 2733 2948 2790 fecit.
2998 2734 3290 2791 Videamus
3330 2735 3437 2791 Job
3485 2740 3765 2807 quomodo

2163 2818 2338 2895 justus
2376 2821 2559 2889 fuerit,
2588 2824 2681 2895 qui
2723 2824 2898 2895 legem
2931 2825 3125 2880 litterm
3168 2842 3450 2897 nunquam
3481 2827 3760 2893 audierat,

2161 2925 2221 2975 et
2246 2926 2427 2975 tamen
2450 2919 2747 2989 potentiam
2777 2919 2959 2975 saeculi
2987 2920 3235 2985 tenebat,
3264 2901 3320 2973 et
3348 2919 3637 2991 Evangelii
3668 2920 3763 2975 do-

2165 3018 2414 3069 cumenta
2442 3019 2630 3081 postea
2660 3011 2831 3066 multo
2868 3019 3112 3083 tempore
3137 3013 3347 3083 prolata
3376 3026 3551 3081 opere
3581 3022 3765 3066 custo—

2164 3103 2365 3163 diebat.
2408 3102 2706 3157 Audiamus
2732 3101 2899 3159 verba
2941 3101 3109 3173 ipsius
3134 3117 3255 3172 quae
3283 3102 3491 3156 invitus
3514 3103 3759 3171 protulit,

2165 3194 2258 3248 sed
2279 3202 2459 3257 tamen
2488 3207 2594 3247 non
2622 3208 2689 3248 ex
2718 3193 3037 3248 cenodoxia.
3063 3193 3155 3247 Ait
3181 3209 3314 3265 ergo
3339 3211 3352 3247 :
3391 3190 3657 3247 Videbunt
3684 3210 3760 3245 me

481 3276 619 3333 Esca
662 3293 754 3333 uss
784 3278 1088 3347 reliquimus
1123 3278 1319 3333 omnia.
1358 3276 1636 3344 Quomodo
1683 3278 1819 3333 dicit
1852 3279 2057 3345 omnia,

2161 3285 2375 3356 juvenes
2428 3295 2477 3339 et
2520 3285 2993 3357 abscondebam”,
3019 3294 3067 3339 et
3111 3302 3257 3340 senes
3285 3296 3628 3355 assurgentes
3656 3297 3761 3338 ste-

482 3383 605 3424 cum
626 3383 735 3424 non
768 3368 957 3423 habuit
992 3368 1097 3422 nisi
1128 3375 1242 3422 rete
1262 3376 1317 3422 et
1358 3369 1538 3422 navim
1557 3409 1574 3435 ,
1622 3377 1679 3423 et
1702 3369 1817 3438 ipsa
1844 3373 2062 3440 quando

483 3460 848 3517 necessarium
883 3458 989 3515 fuit
1024 3459 1273 3528 repetiit?
1313 3458 1447 3519 Nam
1490 3460 1794 3516 invenimus
1832 3476 1957 3515 eum
1981 3463 2061 3532 pi-

485 3560 693 3607 scatum
718 3551 887 3607 fuisse
902 3560 1025 3621 post
1045 3551 1513 3606 resurrectionem.
1538 3550 1644 3606 Sed
1668 3551 1850 3606 omnia
1875 3550 2067 3607 intelli-

485 3644 657 3714 genda
685 3652 810 3699 sunt
836 3658 954 3712 quae
998 3643 1306 3712 concupisci
1331 3648 1602 3710 poterant,
1627 3642 1753 3711 quia
1782 3642 1949 3696 etiam
1967 3656 2066 3697 vo-

485 3735 745 3791 luntatem
766 3734 1001 3789 habendi
1028 3733 1377 3803 reliquerunt.
1417 3733 1485 3786 Et
1511 3732 1558 3786 si
1583 3732 1840 3787 voluisset
1867 3732 2062 3801 aliquis

486 3843 578 3883 rex
610 3827 691 3882 eis
716 3827 849 3882 dare
867 3827 1035 3879 multa
1076 3825 1276 3895 praedia
1301 3831 1358 3879 et
1395 3824 1631 3878 honores
1662 3862 1678 3887 ,
1728 3836 1838 3876 non
1882 3830 2068 3877 essent

486 3916 780 3986 accepturi.
815 3914 1140 3985 Roliquimus
1177 3914 1354 3968 omnia
1375 3953 1391 3978 ,
1437 3923 1484 3968 et
1536 3911 1702 3967 secuti
1756 3927 1935 3966 sumus
1989 3921 2059 3966 te.

487 4009 604 4063 lloc
625 4017 725 4073 est,
750 4007 832 4062 sic
849 4007 1161 4076 reliquimus
1190 4015 1250 4060 ut
1273 4013 1329 4060 tu
1355 4006 1525 4060 habes
1547 4004 1823 4069 derelicta,
1841 4004 1933 4073 qui
1954 4018 2063 4059 non

485 4101 574 4154 vis
609 4100 901 4167 quidquam
948 4100 1005 4152 in
1044 4099 1148 4153 hoc
1179 4096 1374 4153 saeculo
1420 4097 1711 4167 possidere.
1743 4094 1927 4153 Secuti
1975 4110 2065 4149 su.

486 4202 611 4243 mus
644 4195 699 4241 te
723 4201 832 4240 non
863 4195 1069 4240 tantum
1096 4189 1371 4256 gressibus
1405 4186 1669 4256 corporis,
1707 4185 1806 4245 sed
1844 4192 1901 4239 et
1944 4184 2067 4237 imi-

486 4279 697 4335 tatione
732 4276 976 4332 actionis.
1040 4277 1213 4330 Simili
1270 4277 1429 4331 modo
1490 4276 1691 4331 debent
1753 4276 2067 4345 relinquere

487 4382 677 4425 omnes
732 4367 981 4423 monachi
1037 4374 1092 4420 et
1145 4367 1437 4430 canonici,
1501 4367 1643 4420 sicut
1698 4374 1755 4419 et
1810 4366 2061 4435 apostoli.

486 4459 533 4513 Δ
587 4474 701 4529 quo
757 4458 902 4519 enim
957 4457 1155 4511 debent
1200 4455 1441 4525 episcopi
1510 4464 1603 4514 et.
1632 4455 1935 4527 presbyteri
1999 4468 2067 4510 ac

488 4550 700 4607 diaconi
751 4548 1054 4618 exemplum
1102 4547 1377 4616 accipere,
1432 4545 1537 4601 nisi
1588 4561 1621 4601 a
1670 4560 1780 4616 quo
1838 4555 1893 4601 et
1934 4560 2061 4616 gra-

2165 3375 2307 3429 bant.
2338 3372 2610 3446 Principes
2641 3355 2913 3429 cessabant
2943 3374 3086 3446 loqui
3114 3385 3162 3429 et
3196 3375 3425 3445 digitum
3447 3392 3761 3444 superpone-

2165 3463 2287 3518 buut
2313 3464 2395 3519 ori
2421 3480 2539 3517 suo.
2578 3463 2770 3519 Vocem
2789 3481 2941 3518 suam
2965 3463 3273 3518 cohibebant
3298 3464 3482 3529 duces,
3508 3474 3561 3517 et
3583 3464 3757 3532 lingua

2164 3570 2343 3609 eorum
2368 3554 2568 3625 gutturi
2594 3571 2692 3608 suo
2720 3554 3041 3609 adiicerent.
3072 3554 3213 3609 Ecce
3232 3563 3485 3624 potestas
3509 3564 3568 3608 es
3592 3555 3759 3608 hortor

2164 3645 2363 3716 regalis
2377 3662 2393 3712 ς
2414 3645 2692 3703 videamus
2698 3643 2852 3713 juxta
2866 3654 3256 3716 paupertatem,
3273 3662 3303 3700 a
3317 3646 3557 3701 Domino
3573 3656 3758 3716 postea

2163 3734 2574 3804 permulgatam.
2588 3732 2744 3787 Auris
2761 3733 2979 3788 audiens
2998 3734 3326 3804 beatiﬁcabat
3347 3751 3454 3799 me,
3468 3735 3615 3805 quod
3633 3736 3758 3788 libe-

2167 3840 2365 3878 rassem
2411 3839 2693 3895 pauperem
2737 3824 3140 3894 uociferantem,
3164 3835 3213 3878 et
3247 3825 3512 3895 pupillum
3541 3826 3629 3879 cui
3659 3840 3758 3878 non

2165 3922 2297 3969 esset
2317 3914 2552 3983 adjutor.
2582 3914 2889 3969 Benedictio
2909 3916 3129 3984 perituri
3143 3931 3301 3985 super
3324 3932 3410 3970 use
3435 3917 3690 3978 seuiebat,
3712 3922 3759 3966 α

2167 4022 2260 4063 cor
2297 4007 2469 4061 uidua:
2520 4006 2825 4061 consolatus
2862 4023 3013 4077 sum,
3048 4006 3246 4061 Oculus
3275 4008 3355 4078 fui
3395 4024 3561 4070 circa,
3590 4020 3640 4061 es
3674 4023 3757 4075 pes

2168 4097 2378 4163 claudo,
2400 4108 2550 4168 pater
2576 4114 2719 4152 cram
2736 4114 3044 4169 pauperum.
3072 4097 3413 4153 Conterebam
3443 4099 3619 4151 molas
3655 4097 3757 4150 ini-

2165 4189 2281 4259 qui,
2326 4197 2377 4242 et
2417 4188 2716 4243 debentibus
2762 4189 2906 4243 illius
2959 4188 3259 4258 auferebam
3305 4189 3572 4258 praedam.
3622 4188 3760 4243 Ecce

2167 4279 2312 4349 quod
2338 4280 2479 4334 Deus
2504 4280 2639 4334 dixit
2664 4297 2677 4333 :
2704 4280 2921 4334 Esurivi
2939 4289 2987 4333 et
3016 4279 3228 4334 dedistis
3254 4280 3381 4332 mibi
3406 4280 3755 4343 manducare,

2167 4379 2225 4424 et
2260 4369 2464 4437 reliqua
2502 4370 2891 4425 misericordiae
2916 4385 3100 4440 opera.
3135 4370 3323 4424 Adhuc
3350 4369 3645 4424 videamus
3667 4386 3760 4424 ex-

2169 4461 2475 4515 cellentiam
2510 4468 2567 4514 et
2610 4460 2990 4515 humilitatem.
3022 4459 3313 4529 Sequitur:
3336 4456 3580 4529 Cumque
3620 4462 3763 4513 sede-

2170 4567 2281 4604 rem
2300 4550 2451 4621 quasi
2474 4565 2585 4615 rex,
2600 4550 2969 4605 circumstante
2988 4550 3237 4605 exercitu.
3254 4550 3397 4604 Ecce
3410 4549 3758 4604 excellantia.

488 4639 589 4694 dus
617 4638 926 4707 accipiunt?
956 4637 1111 4691 Sicut
1134 4637 1279 4691 enim
1305 4636 1365 4689 in
1382 4638 1551 4692 veteri
1594 4636 1718 4707 lcge
1752 4635 2067 4690 sacerdotes
2085 4624 2145 4686 Ῑ)
2168 4638 2333 4693 Eram
2351 4649 2523 4694 tamen
2542 4638 3192 4695 morrentiumconsolator.
3208 4639 3375 4694 Item:
3392 4637 3455 4693 Si
3475 4640 3761 4708 contempsi

487 4729 797 4798 exemplum
821 4727 991 4799 Moysi
1016 4734 1072 4783 et
1090 4727 1288 4789 Aaron,
1317 4728 1409 4795 qui
1431 4728 1589 4796 pruni
1616 4726 1924 4782 sacerdotes
1947 4724 2064 4780 fue-

491 4828 642 4883 runt,
666 4826 974 4883 tenuerunt,
1002 4819 1081 4874 sic
1104 4819 1160 4873 in
1188 4832 1328 4872 novo
1349 4832 1541 4873 onuies
1563 4818 1845 4888 apostolici
1867 4826 1923 4873 et
1944 4819 2063 4888 epi-

489 4913 643 4983 scopi
665 4928 733 4967 ac
754 4914 1052 4983 presbyteri
1080 4921 1139 4967 et
1161 4912 1359 4983 reliqui
1392 4912 1613 4968 ordines
1645 4914 1842 4968 debent
1877 4928 2062 4969 exem-

490 5002 636 5075 plum
653 5016 847 5071 capere
867 5019 899 5057 a
920 5002 1136 5059 Christo
1157 5012 1215 5057 et
1230 5006 1305 5058 ab
1319 5002 1594 5072 apostolis.
1625 5003 1778 5058 Unde
1795 5012 1851 5057 et
1868 5004 2075 5059 Paulus

490 5095 623 5150 (ﬁcit
646 5112 661 5147 :
683 5093 982 5148 [imitatores
1011 5096 1117 5148 mei
1142 5103 1321 5158 estote,
1337 5096 1545 5148 sicutet
1568 5108 1663 5163 ego
1687 5091 1902 5147 Christi.
1931 5094 2064 5148 Nam

489 5193 544 5239 et
573 5184 823 5239 monachi
862 5184 1110 5255 quantum
1151 5183 1353 5253 aliquid
1395 5185 1518 5254 plus
1561 5184 1847 5238 videantur
1883 5183 2067 5238 facere

492 5288 652 5342 quam
696 5275 753 5329 in
798 5274 1087 5346 Evangelio
1135 5275 1401 5343 scriptum
1438 5282 1561 5340 est,
1593 5284 1777 5329 nmen
1820 5272 2070 5331 eamdem

492 5379 741 5420 norm
760 5373 821 5420 et
842 5365 947 5435 ipsi
974 5373 1160 5421 uncae
1183 5366 1399 5420 debent.
1438 5365 1509 5419 Et
1532 5365 1581 5419 si
1608 5364 1810 5434 aliquid
1835 5364 1918 5419 eis
1946 5362 2076 5432 plus,

494 5465 825 5524 ρηοῳωιιι
845 5464 948 5523 est,
969 5458 1045 5512 ad
1066 5458 1199 5512 nihil
1226 5456 1373 5511 aliud
1397 5464 1721 5526 praeceptum
1744 5466 1852 5522 est,
1880 5455 1986 5510 nisi
2011 5462 2075 5509 ut

496 5545 709 5601 Domini
729 5549 909 5619 regula
933 5551 1105 5620 possit
1122 5549 1403 5605 custodiri.
1434 5549 1647 5603 Etenim
1671 5548 1717 5604 si
1739 5556 2071 5618 praceptum

2163 4732 2429 4804 judicium
2467 4733 2643 4788 subire
2674 4750 2790 4787 cum
2830 4750 2978 4788 seruo
3004 4748 3121 4787 meo
3150 4742 3199 4785 et
3237 4731 3435 4786 ancilla
3463 4746 3609 4794 meo,
3648 4746 3761 4784 cum

2174 4824 2520 4893 disceptarent
2567 4822 2844 4877 adversm
2889 4839 2990 4889 me,
3024 4823 3071 4877 si
3114 4822 3295 4891 negavi
3336 4821 3482 4891 quod
3526 4819 3765 4874 colebant

2173 4914 2487 4983 pauperibus
2509 4922 2557 4967 et
2579 4911 2755 4967 oculos
2780 4912 2954 4967 uidua
2979 4920 3277 4982 exspectare
3306 4909 3431 4979 feci.
3468 4908 3535 4964 Si
3565 4907 3769 4961 comedi

2177 5004 2463 5059 buccellam
2489 5020 2660 5059 meam
2678 5004 2823 5058 solus
2851 5014 2900 5058 et
2924 5020 3031 5058 non
3053 5001 3276 5058 comedit
3314 5000 3561 5070 pupillus.
3580 5015 3649 5053 eu
3681 5014 3763 5051 es.

2179 5096 2241 5153 Si
2263 5098 2491 5149 animum
2523 5094 2875 5165 agricolarum
2904 5110 3136 5148 meorum
3161 5091 3340 5164 0M,
3368 5092 3498 5161 quia
3518 5090 3597 5145 ab

2176 5186 2332 5241 creuit
2387 5201 2586 5239 meum
2628 5185 2918 5247 miseratio,
2963 5193 3013 5237 et
3062 5184 3133 5237 de
3175 5191 3349 5238 uentu
3391 5181 3589 5235 matris
3637 5193 3767 5234 nec

2177 5293 2387 5347 egressa
2409 5286 2483 5330 est
2518 5292 2741 5329 mecum.
2771 5275 2933 5340 Ecce,
2956 5275 3100 5343 quod
3128 5273 3385 5333 Dominus
3407 5271 3555 5327 dixit
3573 5287 3589 5323 :
3608 5268 3769 5324 Beati

2178 5367 2559 5433 misericordes,
2590 5375 2647 5420 et
2675 5368 2903 5436 reliqua.
2935 5365 3107 5422 Vultis
3132 5365 3279 5421 scire
3300 5362 3479 5433 qualis
3501 5361 3617 5417 fuit
3633 5374 3767 5429 era

2177 5455 2453 5514 subditos?
2471 5458 2561 5510 Ait
2580 5476 2593 5511 :
2613 5456 2679 5513 Si
2696 5457 2861 5512 tenaci
2878 5473 3094 5511 mnuum
3115 5472 3283 5512 meum
3301 5453 3765 5525 superpupillum,

2174 5549 2341 5602 etiam
2376 5564 2495 5602 cum
2518 5548 2745 5602 uiderem
2768 5564 2848 5601 me
2884 5548 2944 5601 iu
2965 5557 3117 5616 porta
3144 5545 3424 5616 superiori.
3466 5541 3639 5597 Foris
3658 5556 3765 5595 uel

494 5641 580 5692 est
615 5633 769 5690 nobis
807 5648 931 5705 post
970 5640 1293 5709 conmissum
1332 5654 1443 5693 non
1468 5637 1635 5707 loqui,
1661 5654 1759 5708 pro
1786 5637 1931 5693 nulla
1960 5637 2069 5691 alia
2178 5638 2371 5692 mansit
2396 5637 2927 5708 peregrinus,ostium
2951 5652 3125 5691 meum
3149 5635 3337 5690 uiatori
3362 5635 3556 5705 patuit.
3588 5631 3765 5688 Vultis

497 5739 561 5781 re
603 5733 927 5796 praeceptum
967 5738 1070 5792 est,
1101 5745 1169 5784 ne
1214 5728 1437 5784 refectis
1472 5729 1597 5784 cibo
1637 5729 2073 5799 colloqucntibus
2178 5743 2507 5800 cognoscere
2551 5743 2717 5797 quam
2760 5728 2979 5784 castus?
3026 5725 3117 5781 Ait
3149 5742 3165 5779 ε
3200 5722 3383 5794 Pw
3430 5724 3606 5791 id“
3642 5735 3763 5776 σε·

500 5813 663 5871 ωωυι
698 5814 875 5885 aliqua
914 5814 980 5869 lis
1010 5826 1323 5887 exsurgeret
1355 5827 1417 5874 et
1448 5819 1677 5874 nimium
1716 5820 2069 5889 vigilantibus
2110 5888 2156 5902 κ
2180 5819 2347 5875 oculis
2382 5820 2511 5874 uteis
2534 5837 2595 5879 uc
2620 5819 2899 5888 cogitarem
2925 5817 2990 5872 de
3014 5815 3230 5887 cirp'as.
3263 5815 3336 5871 Et
3359 5815 3533 5872 item:
3556 5813 3629 5870 Si
3664 5813 3759 5869 ὼ-
