3988 6476
465 427 614 487 alii-'25

1266 421 1653 480 cumsmm
1689 413 2095 478 unorsum
2119 383 2580 478 condemnas
2617 421 2924 478 nossem

3589 441 3592 450 ·
3613 421 3764 477 4124

443 538 974 610 necandum-quod-
1003 540 1058 592 in
1103 535 1342 592 Ecclesia
1385 534 1670 598 laboravit,
1707 533 1822 587 sive
1847 535 2046 587 bonum
2069 537 2126 596 5A
2149 547 2250 602 pro
2275 534 2376 588 hoc
2417 547 2516 587 nos
2553 531 2752 597 videat,
2781 527 3132 600 totum'quod
3161 525 3389 586 facimtis
3431 529 3761 600 perdimus.

477 637 593 692 sive
638 633 856 688 malum.
901 628 1090 698 Incipit
1123 636 1303 682 autem
1347 642 1378 680 a
1423 623 1728 680 novissimis
1761 623 1886 692 quia
1929 631 2052 676 aute

465 729 742 783 latronem
793 721 1085 778 intromisit
1135 721 1186 774 in
1241 717 1550 789 paradisum
1599 731 1760 786 quam
1809 717 2047 769 Petrum.

477 819 610 872 (iam
633 816 890 870 uenissent
907 827 1038 882 ergo
1061 811 1149 880 qui
1169 811 1310 863 circa
1333 809 1662 862 undecimam
1691 807 1876 860 borum
1895 821 2054 858 ωηε-

467 917 620 972 ,rant,
648 914 954 974 acceperunt
993 899 1527 970 ingulos‘denarios.
1581 896 1850 950 Venientes
1879 907 2055 948 autem

465 1007 524 1050 et
567 994 742 1066 primi,
767 991 1010 1046 arbitrati
1053 998 1176 1044 sunt
1223 989 1360 1059 quod
1403 987 1542 1055 plus.
1563 995 1730 1042 essent
1773 985 2052 1054 accepturi.

461 1083 802 1154 a-Acoepcrunt
842 1089 1016 1136 autem
1072 1089 1122 1134 et
1169 1081 1266 1148 ipsi
1310 1079 1541 1149 singulos
1595 1077 1860 1130 denarios.
1919 1075 2056 1141 Quia

469 1173 748 1234 eamdem
769 1172 935 1228 vitam
975 1177 1232 1226 aeternam
1273 1169 1562 1237 accipiunt,
1594 1168 1684 1236 qui
1711 1167 1776 1220 de
1809 1166 2058 1236 gentibus

463 1279 572 1334 aper
595 1261 872 1332 apostolos
893 1260 1261 1322 crediderunt,
1285 1272 1448 1326 quam
1473 1263 1796 1324 acceperunt
1823 1255 2059 1324 patriar-

465 1355 594 1412 tchat
619 1361 674 1408 et
706 1352 998 1422 prophetae,
1035 1350 1128 1419 qui
1163 1349 1229 1404 de
1257 1361 1456 1418 genere
1501 1345 1776 1402 Abraham
1815 1343 2055 1400 fuerunt.
2141 1369 2144 1380 -

463 1444 743 1500 Dicuntur
781 1449 960 1498 autem
993 1453 1380 1502 murmurasse,
1413 1451 1520 1494 non
1545 1437 1688 1505 quod
1719 1451 1846 1490 vere
1871 1434 1964 1504 qui
1987 1433 2060 1488 ad
2145 1451 2166 1466 -’

413 1551 426 1560 ’
473 1535 648 1594 vitam
707 1531 1192 1596 introducebantur
1245 1525 1721 1590 murmuraverint,
1757 1523 1868 1580 .sed
1917 1522 2060 1592 quod
2139 1547 2142 1550 «

463 1628 722 1686 tviVentes
757 1621 926 1680 intimi
955 1621 1148 1690 quibus
1173 1619 1450 1674 Dominus
1489 1617 1806 1686 loquebatur
1843 1614 2061 1684 indigne

465 1717 726 1774 ferebant
747 1723 804 1772 et
833 1715 998 1770 etiam
1023 1715 1078 1766 in
1103 1710 1356 1766 cordibus
1383 1709 1794 1762 murmurabaut
1817 1722 1938 1760 cum
1965 1722 2062 1762 au-

479 1806 704 1862 diebant
743 1803 888 1876 quod
919 1804 1060 1858 Deus
1103 1793 1344 1854 facturus
1377 1806 1521 1854 esset
1547 1799 1614 1852 de
1647 1797 1898 1867 gentibus
1923 1796 2060 1851 ﬁlios

2157 622 2472 692 Ubicunque
2510 623 2770 690 proximo
2791 621 2860 678 δίε
2887 631 3196 692 possimus"-
3223 622 3766 678 inaccessitatibus

2155 715 2632 783 nonadjuvamus;
2651 713 2746 768 Dei
2771 715 3111 781 praeterimus
3139 721 3498 784 prmoeptum,
3527 716 3768 770 et'clra-

2141 806 2372 860 ritatem
2415 807 2728 860 amittimus.
2779 805 2968 861 Potest
3009 815 3222 876 quoque
3261 807 3364 861 hoc
3401 805 3560 876 quod
3605 809 3766 872 dicit,

2157 897 2310 950 multi
2337 898 2534 962 vocati,
2561 895 2630 951 de
2651 893 2978 951 Christianis
3001 887 3654 966 solummodo-intelligi,
3669 899 3764 966 qui

2141 987 2330 1040 'vocati
2361 993 2486 1040 sunt
2505 999 2604 1055 per
2625 979 3083 1054 praedicationem,
3113 987 3206 1040 sed
3229 995 3412 1041 tamen
3445 999 3550 1055 per
3591 1001 3764 1054 opem

2139 1089 2264 1131 'nou
2294 1085 2609 1146 sequuntur.
2635 1077 2720 1130 De
2757 1078 2956 1144 quibus
2997 1067 3172 1145 major
3215 1085 3342 1147 pars
3388 1079 3542 1131 viam
3591 1078 3764 1130 latam

2141 1165 2422 1218 ambulat.
2467 1163 2624 1220 Unde
2669 1163 2906 1220 Joannes
2953 1167 3086 1220 dicit
3117 1184 3134 1219 :
3169 1163 3274 1232 Qui
3320 1167 3452 1219 dicit
3505 1183 3560 1220 se
3613 1183 3764 1219 nosse-

2159 1251 2348 1320 Dcum,
2375 1261 2424 1308 et
2451 1252 2704 1308 mandata
2731 1253 2854 1323 ejus
2889 1265 2988 1307 non
3019 1255 3266 1320 custodit,
3287 1255 3538 1308 utendas:
3571 1265 3674 1309 est.

2741 1353 2970 1417 CAPUT
3008 1361 3167 1418 XLV.

2685 1433 2764 1486 De
2796 1433 2924 1501 ﬁliis
2945 1433 3188 1488 Zebedtei

2230 1523 2304 1579 Et
2329 1525 2614 1578 mandens
2643 1523 2800 1579 Iesus
2830 1522 3272 1594 Hierosolymam.
3315 1525 3460 1593 Quia
3489 1529 3766 1598 praevide-

2141 1618 2254 1673 -bat
2295 1617 2554 1672 Dominus
2591 1617 2976 1686 discipulorum
3017 1618 3228 1674 animos
3253 1619 3322 1674 de
3359 1635 3458 1673 sua
3499 1623 3762 1690 passione

2160 1709 2578 1777 perturbandos,
2613 1709 2816 1762 idcirco
2851 1707 3186 1776 frequentius
3209 1710 3294 1763 eis
3317 1711 3586 1778 pnedixit
3613 1719 3680 1763 ut
3711 1721 3764 1764 et

2163 1801 2438 1856 memoriae
2485 1801 2802 1865 retinerent,
2836 1809 2892 1854 et
2935 1809 3058 1855 tunc
3097 1805 3503 1858 constantiores
3549 1817 3756 1859 essent.

477 1895 773 1960 Abraham,
801 1901 855 1948 et
878 1899 1253 1960 coaaquaturus
1277 1903 1370 1944 eos
1393 1886 1612 1942 Judaeis.
1639 1885 1708 1940 Et
1729 1886 1843 1956 ipse
1869 1901 2059 1941 sensus
2085 1885 2133 1944 B
2161 1889 2452 1960 Assumpsit
2467 1891 2740 1944 duodecim
2763 1889 3048 1960 discipulos
3061 1907 3182 1944 suos
3207 1903 3427 1958 secreto,
3455 1903 3510 1947 et
3533 1897 3610 1946 ait
3637 1895 3758 1946 illis.

479 1987 638 2042 estin
659 1986 762 2042 ista
785 1981 1064 2054 parabola,
1091 1981 1182 2050 qui
1205 1980 1345 2049 apud
1366 1979 1568 2034 Lucam
1593 1979 1658 2034 de
1683 1978 1891 2034 duobus
1911 1977 2052 2042 ﬁliis,

481 2079 698 2148 quando
723 2093 864 2133 unus
897 2075 1116 2132 uolebat
1143 2073 1390 2137 introire,
1417 2071 1544 2141 quia
1581 2079 1738 2139 pater
1775 2070 2058 2139 prodigum

483 2172 652 2228 ﬁlium
685 2176 980 2238 receperat.
1030 2165 1102 2220 Hi
1133 2165 1396 2220 novissimi
1425 2181 1534 2218 una
1566 2164 1696 2218 hora
1728 2163 1982 2231 fecerunt,
2009 2170 2058 2215 et

479 2277 632 2331 pares
677 2259 794 2314 illos
840 2259 984 2314 nobis
1024 2258 1190 2327 fecisti
1230 2257 1322 2326 qui
1361 2255 1677 2326 portavimus
1713 2253 1918 2322 pondus
1953 2253 2061 2306 diei

479 2361 526 2408 et
557 2361 734 2406 testas.
767 2351 879 2405 Hoc
907 2359 990 2404 est
1013 2349 1158 2416 quod
1187 2348 1241 2400 in
1269 2346 1520 2415 passione
1555 2337 1730 2400 sancti
1767 2343 1910 2398 Petri
1937 2342 2062 2412 legi-

483 2458 602 2498 mus
645 2444 790 2510 quod
833 2441 1084 2495 dicebant
1126 2437 1314 2492 Judaai.
1361 2436 1468 2492 Nos
1504 2451 1570 2492 ex
1597 2435 1802 2492 semine
1829 2434 2062 2505 patriar—

479 2533 702 2588 charum
741 2545 945 2595 sumus,
973 2529 1168 2599 quibus
1197 2529 1406 2584 locutus
1431 2535 1514 2584 est
1540 2527 1702 2592 Deus,
1733 2533 1790 2580 ut
1813 2523 2064 2580 ostendat

481 2622 747 2678 mirabilia
775 2637 892 2678 sua.
937 2619 1044 2676 Vos
1083 2623 1306 2690 semper
1339 2620 1478 2675 idola
1521 2619 1811 2683 adorastis,
1841 2633 1950 2672 non
1977 2623 2064 2674 est

473 2709 680 2780 justum
719 2719 777 2765 ut
803 2711 958 2766 nobis
997 2725 1142 2765 nunc
1185 2710 1558 2779 coarquemini.
1603 2709 1818 2764 Pondus
1851 2709 1958 2762 diei
2005 2715 2064 2762 et

479 2811 642 2856 astus
685 2809 932 2870 portasse
967 2808 1052 2856 est
1090 2801 1158 2854 ab
1187 2801 1339 2856 initio
1375 2799 1556 2854 saeculi
1593 2814 1692 2868 pro
1723 2798 1818 2852 Dei
1859 2797 2064 2867 legibus

485 2893 864 2950 tribulationes
893 2893 1235 2957 sustinuisse,
1265 2901 1324 2948 ut
1364 2891 1544 2948 fecere
1567 2895 1666 2948 sub
1711 2892 1980 2948 Antiocho
2009 2899 2065 2948 et

481 2988 602 3042 aliis
647 2987 886 3058 regibus.
933 2989 998 3042 At
1045 2985 1132 3042 ille
1181 2985 1491 3055 respondens
1535 2985 1628 3040 uni
1671 3000 1852 3039 eorum
1897 2983 2062 3048 dixit,

485 3078 688 3143 Amice,
711 3094 816 3132 non
845 3078 984 3147 facio
1009 3077 1102 3130 tibi
1129 3077 1400 3146 injuriam.
1427 3077 1676 3132 Amicum
1703 3083 1858 3132 vocat
1887 3076 2064 3146 ipsum

483 3167 734 3236 p0pulum
785 3164 1090 3222 Iudaeorum
1137 3183 1234 3237 pro
1277 3167 1630 3236 praerogativa
1673 3175 1915 3237 patrum,
1969 3166 2062 3234 qui

2161 1980 2240 2034 De
2277 1981 2434 2034 turba
2463 1982 2766 2051 segregavit
2810 1995 2925 2047 eos,
2953 1983 3078 2051 quia
3125 1999 3230 2037 non
3275 1993 3399 2038 erat
3447 1986 3508 2038 in
3549 1985 3764 2056 populis

2157 2071 2558 2141 praedicandum
2603 2073 2920 2142 mysterium
2969 2073 3148 2128 crucis
3168 2115 3183 2138 ,
3228 2075 3404 2129 donec
3449 2077 3760 2144 perfectum

2159 2171 2322 2217 esset.
2337 2161 2472 2215 Ecce
2485 2163 2812 2216 ascendimus
2829 2161 3266 2232 Hierosolymam.
3281 2164 3426 2218 Ecce
3435 2165 3762 2220 adverbium

2159 2258 2244 2305 est
2267 2251 2706 2316 demonstrantis,
2743 2252 2870 2320 quia
2915 2252 2966 2305 in
2997 2253 3082 2306 via
3110 2261 3226 2307 erat
3253 2269 3380 2308 cum
3423 2256 3766 2310 ascendebat

2159 2341 2229 2395 ad
2243 2342 2572 2410 passionem.
2592 2343 2900 2398 Ascendere
2921 2351 3097 2398 autem
3123 2345 3322 2399 dicitur
3347 2348 3417 2400 de
3437 2346 3672 2403 Jericho
3699 2349 3762 2402 ad

2163 2430 2520 2498 Hierusalem,
2535 2432 2604 2486 de
2623 2433 2832 2487 oriente
2857 2433 2924 2486 ad
2945 2435 3244 2500 meridiem,
3267 2438 3398 2506 quia
3413 2437 3762 2493 Hierusalem

2163 2525 2318 2593 quasi
2341 2525 2503 2579 altior
2521 2526 2733 2579 caeteris
2758 2526 3063 2582 civitatibus
3083 2537 3218 2593 erat,
3255 2530 3386 2599 quia
3411 2541 3586 2600 caput
3617 2533 3762 2601 regni

2167 2615 2312 2670 illius
2345 2625 2466 2670 erat
2503 2617 2557 2670 in
2603 2617 2856 2672 umbilico
2885 2625 3044 2673 terra:
3087 2617 3248 2681 illius,
3288 2619 3446 2674 dives
3485 2622 3764 2674 variarum

2167 2709 2610 2779 opum,frugibus
2621 2708 2835 2774 fertilis,
2853 2713 3010 2780 aquis
3023 2711 3266 2767 illustris.
3281 2711 3456 2779 Qunam
3475 2714 3610 2769 Seni
3625 2715 3764 2768 ﬁlius

2169 2797 2300 2862 Noe,
2333 2799 2424 2868 qui
2447 2799 2621 2854 dictus
2648 2807 2731 2854 est
2759 2799 3169 2866 Melchisedech,
3197 2801 3512 2864 aediﬁcavit,
3537 2813 3594 2857 et
3623 2804 3676 2856 in
3705 2819 3762 2856 ea

2167 2891 2430 2960 regnavit.
2447 2889 2552 2945 Sed
2571 2905 2688 2946 eam
2711 2899 2898 2960 postea
2927 2891 3156 2946 Jebusazi
3179 2901 3498 2958 tenuerunt,
3519 2905 3578 2949 et
3601 2895 3764 2950 Iebus

2165 2987 2494 3034 vocaverunt
2515 2995 2636 3050 quae
2665 2995 2836 3050 usque
2863 2989 2989 3036 tunc
3019 2981 3195 3036 Solem
3225 2993 3418 3038 vocata
3449 2983 3654 3038 fuerat.
3689 2985 3764 3042 E1

2166 3069 2360 3138 quibus
2393 3069 2600 3124 duobus
2625 3071 2934 3126 nominibus
2961 3069 3298 3126 Hierusalem
3324 3073 3470 3128 dicta
3503 3085 3610 3136 est,
3643 3091 3760 3142 quae

2167 3175 2198 3214 a
2229 3160 2398 3215 David
2427 3169 2613 3230 postea
2657 3163 3065 3232 comprehensa,
3093 3177 3125 3216 ει
3153 3161 3448 3220 Salomone
3481 3177 3758 3234 reparata,

481 3227 647 3314 etiam
689 3259 997 3324 frequenter
1025 3257 1116 3311 lilii
1137 3227 1328 3314 uoca-ti
1359 3227 1484 3314 soni
1511 3256 1628 3312 Dei.
1657 3227 1846 3312 t-Vonne
1879 3227 1945 3312 ea:
1971 3227 2063 3312 tle-
2091 3227 2134 3289 ε
2167 3227 2538 3324 Hierosolyma
2575 3255 2730 3324 quasi
2771 3227 2936 3310 .lebus
2979 3227 3288 3310 Salomonis
3333 3257 3484 3310 dicta
3527 3227 3632 3312 est.
3681 3227 3760 3310 Ab

461 3346 636 3408 ,κατ’ίο
665 3345 946 3398 convenisti
971 3361 1170 3398 mecum
1195 3347 1218 3398 ?
1242 3344 1384 3398 Nihil
1415 3345 1536 3400 inde
1557 3344 1814 3398 minuitur
1840 3343 2057 3408 Iudaeis,

483 3435 530 3492 si
573 3435 912 3506 omnipotens
955 3435 1110 3502 Deus
1139 3443 1326 3505 gentes
1351 3435 1571 3507 colligit,
1600 3443 1656 3492 et
1685 3436 1752 3490 ad
1783 3437 1946 3490 vitam
1979 3437 2062 3490 in-

463 3526 734 3582 troducit.
766 3524 912 3580 Tolle
935 3525 1074 3596 quod
1099 3535 1250 3580 tuum
1269 3534 1370 3592 est,
1397 3535 1446 3582 et
1473 3526 1620 3582 vade.
1671 3526 1784 3582 Hoc
1811 3535 1896 3580 est
1919 3527 2062 3582 acci-

483 3617 598 3686 piat
619 3617 684 3670 de
707 3616 858 3672 vobis
885 3616 976 3686 qui
1000 3616 1112 3670 vult
1127 3631 1227 3686 per
1249 3617 1412 3688 digna
1431 3632 1596 3688 opera
1617 3617 1782 3672 vitam
1805 3627 2062 3672 aeternam

483 3719 648 3774 quam
683 3703 790 3758 illis
813 3705 1112 3774 praeparavi
1139 3704 1207 3760 ab
1237 3705 1390 3760 initio
1417 3705 1618 3760 saeculi.
1663 3703 1786 3760 Volo
1813 3715 1986 3759 autent
2013 3713 2060 3759 et

481 3796 604 3850 huic
633 3796 909 3850 novissimo
951 3795 1078 3848 dare
1117 3797 1250 3848 sicut
1283 3805 1328 3850 et
1371 3796 1482 3848 tibi.
1517 3794 1624 3848 Sua
1655 3796 1914 3850 immensa
1955 3795 2063 3851 cle-

483 3889 706 3954 mentia,
741 3889 866 3958 quia
891 3887 1140 3944 similiter
1165 3887 1258 3942 dat
1287 3888 1458 3958 dignis
1483 3887 1822 3960 degentibus,
1853 3887 1944 3957 qui
1973 3887 2062 3942 ali-

481 3980 696 4048 quando
725 3977 894 4032 cauda
931 3977 1261 4042 dicebantur,
1293 3977 1431 4032 sicut
1461 3974 1658 4032 ludatis
1691 3977 1784 4046 qui
1811 3975 2062 4030 diceban-

487 4078 574 4122 tur
601 4077 760 4136 caput
789 4077 846 4122 et
873 4067 1100 4138 populus
1127 4067 1242 4122 Dei.
1275 4067 1356 4122 An
1381 4066 1560 4122 oculus
1583 4077 1702 4122 tuus
1723 4083 1942 4138 nequam
1963 4075 2058 4132 est,

483 4157 610 4228 quia
637 4172 728 4226 ego
763 4156 926 4210 bonus
951 4157 1108 4210 sum?
1133 4157 1236 4211 Per
1255 4157 1470 4212 oculum
1495 4157 1692 4240 invidia
1719 4155 2060 4226 exprimitur,

487 4261 650 4318 quam
690 4243 861 4300 Judaei
897 4260 1109 4316 semper
1137 4246 1438 4300 habuerunt
1477 4247 1733 4300 adversus
1767 4255 1976 4314 gentes,
2009 4251 2062 4298 et

487 4338 724 4393 maxime
763 4345 886 4406 post
931 4336 1366 4408 praedicationem
1398 4335 1779 4404 apostolorum.
1831 4337 1982 4390 Unde
2007 4343 2063 4390 et

485 4427 648 4484 Petro
683 4429 971 4484 dixerunt:
997 4426 1173 4492 Quare
1205 4427 1429 4480 introisti
1469 4427 1538 4480 ad
1576 4429 1710 4482 viros
1750 4427 2062 4497 prtcputium

485 4519 728 4574 habentes
757 4529 801 4574 et
827 4517 1156 4572 manducasti
1185 4533 1300 4570 cum
1331 4518 1442 4572 eis?
1477 4516 1612 4584 Quia
1641 4517 1782 4572 Deus
1811 4531 1908 4572 sua
1931 4532 2055 4586 gra-

489 4609 620 4662 tuita
657 4609 853 4678 pietate
881 4615 1069 4678 gentes
1097 4605 1331 4678 collegit,
1357 4605 1524 4660 Judaei
1565 4606 1818 4662 invidiam
1850 4621 2057 4660 assum-

485 4705 727 4770 psernnt.
753 4696 844 4753 Sic
863 4707 1013 4752 erunt
1039 4697 1303 4752 novissimi
1324 4697 1500 4765 primi,
1519 4705 1566 4749 et
1589 4696 1744 4766 primi
1768 4695 2054 4748 novissimi.

485 4785 780 4842 lmmensas
823 4787 1026 4858 gratias
1063 4786 1226 4842 solius
1273 4785 1368 4840 Dei
1411 4784 1710 4840 clementiae
1753 4784 2056 4849 referimus,

486 4878 614 4948 quia
639 4878 1014 4946 cognoscimus
1049 4891 1172 4931 eum
1201 4891 1358 4946 quem
1403 4883 1526 4928 ante
1569 4875 1964 4944 ignorabamus.
1993 4874 2062 4928 Et

485 4973 664 5038 potest
690 4963 757 5020 de
783 4963 938 5020 nobis
968 4963 1091 5030 dici,
1123 4963 1264 5034 quod
1294 4963 1359 5018 de
1392 4959 1589 5015 Iudicis
1618 4961 1924 5016 dicebatur:
1949 4959 2058 5014 No-

489 5061 574 5108 tus
601 5055 654 5108 in
678 5051 924 5124 gentibus
955 5053 1111 5108 Deus.
1151 5051 1304 5104 Multi
1330 5051 1464 5105 enim
1492 5061 1609 5104 sunt
1641 5051 1822 5103 vocati.
1855 5049 2058 5106 Videli-

488 5153 573 5202 cet
607 5155 661 5201 et
687 5146 753 5200 de
776 5143 974 5200 Judaais
998 5153 1052 5199 et
1077 5143 1142 5200 de
1184 5143 1447 5210 gentibus.
1481 5139 1650 5196 Pauci
1691 5151 1863 5195 autem
1890 5142 2055 5195 electi.

487 5235 748 5294 Timenda
775 5237 1036 5292 sententia
1059 5275 1073 5300 ,
1101 5235 1242 5304 quod
1273 5235 1426 5303 pauci
1466 5241 1588 5288 sunt
1615 5233 1704 5302 qui
1740 5233 1849 5286 Deo
1875 5233 2058 5286 incon-

489 5329 747 5382 taminate
767 5326 1026 5392 serviant,
1056 5333 1108 5376 et
1132 5324 1185 5376 in
1208 5321 1390 5376 multis
1408 5321 1725 5378 oﬂ'endimus
1751 5323 1914 5375 Deum
1938 5335 2058 5392 quae

489 5429 596 5470 non
625 5417 992 5486 perspicimus.
1042 5414 1476 5482 Quandocunque
1515 5413 1660 5468 enim
1687 5413 1891 5482 aliquid
1929 5413 2054 5466 boni

485 5508 737 5574 facimus,
766 5511 812 5566 si
859 5509 1156 5565 xenodoxia
1186 5525 1244 5564 se
1283 5509 1602 5572 immisceat,
1634 5511 1884 5564 mercede
1914 5509 2055 5578 apud

487 5599 657 5655 Deum
685 5595 1024 5654 frustramur.
1067 5597 1228 5654 Verbi
1273 5599 1467 5670 gratia,
1499 5598 1544 5652 si
1587 5615 1826 5664 oramus,
1849 5599 2056 5670 jejuna-

487 5706 628 5754 mus,
657 5687 1050 5758 eleemosynam
1085 5691 1296 5756 damus,
1325 5698 1454 5754 etc.,
1479 5689 1743 5745 bonorum
1774 5707 1936 5762 opera
1977 5691 2056 5746 fa—

491 5783 662 5836 cimus
687 5789 742 5836 et
777 5779 1066 5848 quatrimus
1109 5780 1347 5852 aliquam
1385 5781 1628 5850 laudem,
1662 5791 1755 5838 aut
1782 5791 1839 5838 ut
1865 5785 2057 5854 aliquis

2081 4567 2134 4628 D

2165 3342 2310 3398 IElio
2335 3341 2574 3398 Adriano
2601 3343 2792 3400 ultimo
2818 3343 2960 3398 .‘Elia
2985 3344 3128 3399 dicta
3162 3353 3265 3400 est.
3299 3345 3368 3399 Et
3399 3346 3552 3414 ﬁlius
3595 3349 3758 3400 hosti-

2165 3437 2246 3488 nis
2287 3433 2544 3488 tradetur.
2593 3433 2768 3490 Filius
2805 3435 3068 3500 hominis,
3097 3437 3220 3504 quia
3271 3438 3582 3492 secundum
3619 3439 3756 3506 quod

2167 3523 2308 3578 ﬁlius
2344 3531 2544 3580 sanctae
2585 3523 2766 3580 Maria:
2803 3524 2923 3590 fuit,
2954 3525 3058 3580 ista
3095 3525 3370 3580 sustinuit.
3417 3525 3756 3596 Principibus

2163 3619 2510 3672 sacerdotum.
2561 3618 2644 3674 Ab
2684 3617 2844 3686 Juda,
2881 3621 2972 3688 qui
3017 3635 3142 3674 cum
3185 3619 3276 3674 illo
3321 3629 3454 3675 tunc
3495 3631 3640 3675 erat.
3691 3619 3756 3674 Et

2165 3708 2578 3762 condemnabam
2621 3726 2740 3762 eum
2771 3719 2956 3764 morte.
2991 3709 3048 3764 Id
3075 3718 3162 3764 est
3199 3708 3598 3776 adjudicabnnt
3629 3727 3752 3764 eum

2165 3799 2381 3870 dignum
2407 3800 2589 3865 morti,
2619 3799 2866 3867 quamvis
2890 3799 3041 3856 false.
3081 3799 3151 3854 Et
3189 3801 3400 3854 tradent
3433 3819 3560 3856 euris
3591 3803 3754 3872 genti-

2165 3888 2278 3952 bus,
2309 3888 2480 3944 Pilato
2503 3897 2557 3944 et
2587 3888 2860 3950 militibus,
2895 3889 2984 3957 qui
3013 3888 3240 3942 Romani
3269 3899 3448 3944 erant.
3477 3890 3566 3942 Ad
3599 3891 3750 3942 delu-

2163 3977 2408 4032 dendum.
2465 3979 2616 4046 Quod
2665 3977 2913 4032 fecerunt
2963 3979 3178 4048 quando
3222 3979 3548 4034 velaverunt
3595 3989 3752 4048 caput

2149 4067 2302 4136 ejus,
2329 4076 2386 4122 et
2421 4069 2794 4138 percutiebant
2821 4083 2970 4130 eum,
2999 4077 3054 4124 et
3095 4069 3344 4126 dicebant
3367 4088 3382 4122 :
3409 4067 3750 4140 Prophetiss.

2163 4156 2236 4210 Et
2264 4157 2659 4228 ﬂagellandum.
2705 4157 2840 4225 Quia
2883 4157 3184 4230 ﬂagellatus
3209 4169 3294 4216 est
3317 4160 3388 4216 ad
3415 4161 3748 4216 columnam.

2163 4245 2234 4300 Et
2269 4249 2710 4318 cruciﬁgendum,
2737 4257 2886 4304 extra
2923 4259 3149 4320 portam.
3177 4248 3248 4302 Et
3273 4252 3434 4304 tertia
3461 4252 3554 4306 die
3581 4269 3754 4306 resur-

2161 4345 2264 4406 get.
2303 4336 2416 4392 Hoc
2457 4339 2526 4390 ad
2575 4337 2998 4394 consolationem
3049 4339 3436 4409 discipulorum
3485 4341 3748 4410 aliungit.

2165 4423 2305 4492 Sed,
2333 4425 2470 4480 sicut
2515 4425 2878 4493 Lucasdicit,
2909 4429 3044 4484 nihil
3069 4429 3446 4484 intellexerunt
3487 4433 3750 4500 apostoli,

2165 4514 2289 4584 quia
2333 4530 2442 4570 non
2469 4523 2764 4586 potuerunt
2803 4517 3026 4572 credere
3051 4517 3196 4586 quod
3235 4519 3350 4588 ipse
3375 4521 3470 4588 qui
3523 4523 3610 4574 sic
3635 4531 3752 4576 erat

2160 4605 2426 4660 exaltatus
2461 4606 2514 4660 in
2553 4607 2782 4678 populis,
2809 4609 3074 4678 potuisset
3111 4610 3180 4664 ad
3223 4617 3440 4664 tantum
3473 4611 3748 4681 imprope-

2163 4697 2300 4752 rium
2331 4697 2636 4766 pervenire.

2235 4786 2377 4840 Tunc
2400 4789 2613 4842 accessit
2634 4788 2702 4842 ad
2721 4805 2840 4842 eum
2863 4799 3032 4844 mater
3051 4789 3282 4857 ﬁliorum
3305 4789 3574 4844 Zebedari.
3601 4789 3750 4844 Sicut

2163 4877 2440 4946 sequentia
2465 4878 2784 4942 ostendunt,
2811 4887 3041 4934 matrem
3071 4879 3230 4936 istam
3261 4879 3356 4932 ﬁlii
3382 4879 3594 4934 hortati
3625 4889 3752 4934 sunt

2164 4968 2230 5022 ad
2259 4967 2374 5022 haec
2399 4969 2646 5036 petenda.
2673 4969 2970 5024 Audierant
2997 4970 3284 5024 Dominum
3311 4969 3588 5024 dicentem
3621 4970 3748 5038 quia

2166 5065 2472 5126 resurgeret
2515 5058 2674 5112 tertia
2719 5059 2828 5124 die,
2873 5069 2932 5114 et
2971 5060 3238 5130 putabant
3277 5060 3468 5114 statim
3515 5073 3748 5130 regnum

2165 5147 2374 5202 Domini
2401 5147 2658 5214 futurum,
2685 5151 2825 5220 quod
2851 5151 2955 5206 erit
2979 5159 3102 5220 post
3131 5151 3271 5206 diem
3295 5149 3510 5218 iudicii,
3537 5161 3598 5204 et
3629 5151 3748 5204 δύω

2164 5237 2266 5292 ista
2291 5251 2387 5306 per
2437 5245 2662 5292 matrem
2705 5238 2960 5308 petebant
2991 5238 3226 5294 Joannes
3256 5247 3311 5293 et
3346 5238 3604 5294 lacubus.
3641 5239 3746 5304 Qui

2164 5327 2294 5380 dixit
2316 5328 2393 5380 ei:
2413 5325 2552 5390 Quid
2591 5327 2704 5380 vis?
2741 5326 2856 5382 Non
2881 5327 3000 5382 ideo
3021 5329 3318 5398 interrogat
3342 5329 3488 5398 quod
3503 5329 3742 5392 nesciat,

2162 5415 2258 5470 sed
2281 5423 2342 5470 ut
2363 5417 2430 5470 ad
2457 5416 2594 5472 dicta
2623 5417 2738 5486 ejus
2770 5419 3156 5487 congruentius
3197 5418 3538 5489 respondeat,
3569 5429 3628 5475 et
3653 5421 3746 5474 dat

2159 5507 2322 5562 etiam
2369 5507 2518 5576 puris
2565 5507 2870 5562 hominibus
2900 5510 3204 5580 exemplum
3245 5525 3312 5564 ne
3359 5518 3488 5564 ante
3515 5524 3716 5580 respuo

2161 5599 2320 5652 deant
2359 5613 2520 5666 quam
2563 5599 2805 5662 audiant,
2831 5600 3100 5668 quomodo
3151 5600 3404 5656 Salomon
3435 5600 3568 5656 dicit
3595 5619 3610 5654 :
3635 5597 3742 5664 Ou

2160 5700 2278 5744 (nite
2303 5691 2568 5758 respondet
2605 5708 2762 5759 quant
2787 5693 2988 5757 audiat,
3016 5691 3230 5748 stultum
3275 5711 3330 5747 se
3369 5710 3480 5748 esse
3519 5692 3738 5746 demon-

2159 5791 2310 5848 strat,
2339 5791 2386 5836 ct
2412 5781 2712 5849 confusione
2737 5783 2970 5854 ilignum.
