3988 6490
270 472 426 537 asas
1068 482 1359 527 ’
1407 458 1873 526 EWW’N

1974 443 2387 523 tertiarius:
2414 478 2431 515 ,-
2458 478 2497 495 -›
2542 474 2576 507 ιε
2664 442 2675 489 ί
2708 492 2717 515 .-
3370 461 3557 523 atas-

268 579 559 657 «natiuillq'
577 579 825 641 :Jlicitttt
847 567 1291 655 “agitandus.
1316 576 1429 646 {illi
1464 578 1596 643 mei,
1620 588 1769 635 unus»
1787 574 1874 643 ad,

1974 584 2277 633 nupserant.
2311 581 2610 641 suamsltet
2647 575 2771 631 ideo
2798 566 3526 639 clamarentjmmbdicam

258 677 563 735 adWWM.
576 683 745 739 tuam.
757 682 806 729 et
821 671 1046 731 mod.
1058 672 1482 745 sinislratnlttastt
1498 669 1559 725 in.
1572 674 1850 737 regnatas.

1974 665 2541 735 ωωωωωωμηωη
2632 682 2843 717 »σιμ.
3070 674 3347 723 ν..ηη
3416 676 3503 719 ex

287 763 633 829 nesessione
646 776 862 837 quoque
878 762 1135 830 supanins
1146 755 1853 835 audierant.nominumzdi-
1968 788 1990 815 ς.
2023 753 2182 813 Iesus
2204 763 2385 817 autem
2400 757 2598 814 vocarit
2622 773 2711 813 eos
2733 757 2880 821 att-se
2903 766 2953 814 et
2972 759 3067 813 ait.
3098 757 3189 815 Μ
3216 773 3277 815 se
3288 760 3528 827 :mvil,

264 916 273 929 ρ
287 860 528 921 militem;
540 850 798 929 Sedebitis
806 868 981 931 super.
993 851 1145 913 sed“
1157 848 1758 917 duodeaitttjudt'cam'»
1770 846 1859 909 tri~
1938 846 2024 905 de
2046 848 2225 903 turbis
2238 849 2611 919 propinquare
2621 848 2768 914 fecit,
2778 850 2978 919 (volens
2992 867 3089 920 eos
3104 858 3530 908 mussante

264 945 385 1025 έρμε,
401 941 595 1021 Israel,
610 939 1367 1011 ,Emtolebantipsiessepnimi
1380 939 1445 997 de
1465 938 1581 1006 ipsa
1592 937 1855 1002 sessione,
1938 938 2259 1008 .eastigam-
2272 932 2403 995 illos
2423 941 2583 996 deea
2600 942 2862 1011 petitione
2884 958 2997 998 non
3025 943 3143 999 sibi-
3158 945 3530 1013 conveniam,

262 1034 551 1115 gulam
573 1030 937 1095 eratthadhuc
972 1027 1541 1107 perlecti..,ﬂa&pondit
1554 1025 1854 1089 Malim:
1942 1029 2107 1087 .istos
2134 1030 2202 1085 de
2241 1030 2607 1100 indignatione
2638 1041 2833 1091 castra
2859 1031 3097 1088 fratres.“
3132 1032 3288 1090 Fecit
3309 1036 3533 1105 impius

263 1121 673 1192 H,(t’cscit,t',s,gm'd
695 1121 1005 1193 matteis
1035 1118 1321 1199 homquod
1338 1118 1615 1181 tDAQtninus-
1644 1117 1860 1179 mulieri
1942 1122 2243 1192 (magisnec,-
2293 1130 2579 1178 mansnete
2619 1124 2815 1185 retulit
2849 1125 3429 1195 quomodmdebemnt
3473 1126 3533 1182 be

276 1213 491 1285 petenti
528 1212 828 1279 filiisdicitt
853 1211 1071 1275 nescitis
1094 1211 1229 1280 quid
1258 1210 1471 1280 petatis;
1499 1207 1859 1278 ostenditne-

1974 1212 2465 1277 smites'humiliari,‘
2482 1222 2543 1268 et
2566 1213 3076 1279 servireiratribust
3098 1222 3215 1269 nan
3236 1212 3531 1286 priu'cipavi

286 1305 537 1369 titionem,
550 1304 745 1365 matris
756 1317 832 1363 ex
863 1302 1121 1383 ﬁliorum
1139 1299 1857 1374 auggestionadescendere.
1936 1307 2037 1362 υἰιιε
2060 1306 2453 1375 potestatibus:
2480 1311 2741 1361 anticum
2760 1302 2927 1361 malo!
2951 1304 3181 1377 ingenio
3194 1316 3197 1323 ‘
3211 1312 3532 1375 potestatein

285 1403 351 1457 Et
392 1402 532 1456 sicut
573 1400 711 1454 alius
752 1396 1076 1475 evangelista
1104 1397 1283 1469 adicit,
1314 1405 1600 1464 antequam
1640 1408 1861 1449 causam
1944 1394 2847 1468 .acquirerwsieutimulti-faciunt
2870 1394 3187 1457 Cbristiatiit
3228 1398 3384 1457 Scitis
3402 1401 3534 1470 quia

285 1491 548 1556 dicerent,
572 1485 1657 1560 petierunt.nt-‘cancederet‘quodcunque
1682 1491 1864 1552 postu-
1936 1484 2955 1559 lpriucipestgelttiumudominamrtels,
2970 1489 3138 1561 υιίᾳαδ
3158 1492 3395 1560 majores
3413 1482 3535 1544 sciit
3621 1487 3636 1504 '

258 1583 476 1641 Jantmt.
624 1579 913 1649 Dominus,
926 1586 997 1632 ‘ut.
1008 1578 1171 1633 dare!
1199 1574 1506 1643 exemplum
1520 1572 1858 1638 ibominibus,

1974 1587 2261 1635 intesta-tem
2297 1579 2628 1631 aranearum
2644 1588 2760 1632 lens.
2794 1574 3539 1651 Battienemplutﬂtpewcon-

262 1688 385 1733 nec
400 1673 692 1735 concessit.
716 1686 819 1729 nec
842 1669 1285 1740 negavitsidonep
1306 1666 1541 1723 audirem
1554 1663 1695 1731 .Quis
1717 1664 1860 1721 enim
1938 1664 2211 1735 meum;
2228 1662 2799 1735 rsbilicet‘chveutlumﬁl
2813 1666 3299 1738 mammam;
3321 1666 3537 1726 numini

268 1766 499 1823 'debeat.
519 1765 837 1833 concedere,
866 1770 1160 1837 antequam
1188 1755 1863 1827 -εαὶῦιηῳύάιιωίιοαὼιιῗ
1938 1763 2217 1824 scientes;
2236 1754 2916 1816 aliter'stttderent'lalc‘ere.
2944 1760 3457 1830 Qui'ntajores'sunt
3482 1758 3537 1815 ih

285 1855 420 1911 Nam
442 1855 488 1911 si
513 1854 709 1909 malum
745 1851 928 1917 fuerit,
954 1859 1047 1906 aut
1083 1849 1190 1904 erit
1225 1863 1352 1904 reus
1395 1847 1521 1903 mali
1557 1848 1604 1903 si
1641 1859 1862 1901 conoes-
1963 1854 2069 1908 isto
2094 1852 2308 1918 saeculo,
2338 1868 2435 1923 per
2462 1854 2800 1924 tyrannidem
2827 1861 2980 1918 sunt;
3011 1863 3066 1908 et
3093 1860 3191 1924 per
3215 1861 3536 1925 potestatem

285 1946 441 2009 serit,
466 1953 557 1999 aut
579 1943 828 1999 mendax.
860 1941 962 2009 Qui
987 1940 1131 1995 enim
1157 1940 1274 1995 sine
1292 1940 1406 1993 vita
1424 1946 1479 1991 et
1500 1953 1663 2007 opere
1685 1934 1937 1995 locum'B
1964 1953 2091 2002 sunt
2131 1960 2293 2015 super
2320 1946 2414 1999 eos
2440 1944 2695 2012 majores,
2744 1945 2869 2013 quia
2902 1945 3079 1999 omnis
3106 1946 3257 2000 dives
3302 1952 3392 1999 aut
3437 1944 3554 1999 ini-‘

285 2034 617 2104 superiorem
656 2032 994 2100 quaerebant,
1015 2029 1192 2083 adhuc
1221 2027 1542 2097 insipientes
1566 2026 1861 2082 secundum

284 2128 453 2183 Deum
477 2131 651 2189 erant,
679 2131 735 2178 et
762 2123 815 2177 in
847 2122 1026 2195 vitam
1043 2129 1299 2176 aeternam
1340 2134 1451 2175 non
1468 2134 1569 2190 per
1597 2119 1739 2174 viam
1764 2134 1863 2176 nec

285 2230 381 2286 per
404 2213 743 2291 ostium,tsed
765 2211 980 2283 aliunde
1005 2209 1259 2265 volebant
1284 2209 1599 2264 ascendere.
1650 2206 1759 2264 Sed
1784 2215 1865 2263 ta-

287 2308 362 2363 les
385 2306 636 2362 custodes
669 2319 776 2359 non
801 2305 965 2359 habet
992 2303 1085 2358 illa
1112 2303 1364 2373 dignitas,
1385 2309 1446 2356 ut
1471 2302 1645 2370 possit
1670 2302 1866 2371 aliquis

284 2395 429 2453 malo
472 2394 691 2467 ingenio
719 2394 975 2471 adipisci,
1004 2403 1068 2449 ut
1093 2393 1231 2448 litin
1258 2394 1362 2449 isto
1390 2392 1605 2448 saeculo.
1637 2392 1864 2448 Potestis

287 2486 455 2540 bibere
483 2484 717 2559 calicem,
733 2501 886 2553 quem
913 2500 1007 2555 ego
1033 2483 1290 2539 bibiturus
1325 2485 1483 2538 sum?
1508 2483 1613 2539 Per
1641 2483 1866 2539 calicem

287 2579 468 2649 passio
486 2576 807 2644 intelligitur
830 2594 845 2629 :
870 2575 1013 2630 unde
1033 2582 1089 2629 et
1110 2573 1371 2629 Dominus
1391 2574 1604 2630 vicinus
1622 2575 1867 2644 passioni

288 2669 480 2724 orabat
505 2687 518 2722 :
541 2665 722 2731 Pater,
744 2668 793 2721 si
819 2666 1060 2737 possibile
1080 2676 1177 2732 est,
1203 2664 1433 2735 transfer
1455 2666 1671 2720 calicem
1700 2666 1864 2721 istum

291 2780 326 2817 a
349 2777 448 2819 me.
480 2760 548 2816 Et
585 2759 872 2815 Psalmista
902 2758 1073 2815 dicit:
1094 2756 1323 2813 Calicem
1346 2755 1618 2812 salutaris.

281 2901 285 2905 ”
362 2915 555 2972 Dicunt
575 2916 624 2973 ei
637 2932 656 2972 :
671 2912 983 2972 Possumus.
1011 2914 1079 2970 Et
1095 2914 1151 2969 in
1171 2914 1518 2986 responsione
1538 2914 1725 2975 dicunt
1743 2928 1873 2972 con—

297 3008 543 3076 ﬁdenter,
562 3010 702 3065 sicut
726 3010 937 3065 dixerat
954 3008 1147 3065 Petrus
1181 3026 1194 3062 :
1223 3008 1453 3064 Etiamsi
1477 3009 1765 3078 oportuerit
1786 3024 1871 3064 me

295 3103 429 3157 mori
453 3113 642 3170 tecum,
670 3120 775 3159 non
798 3111 848 3159 te
873 3102 1092 3174 negabo.

1963 2051 2131 2107 quus,
2179 2043 2272 2089 aut
2300 2036 2470 2106 iniqui
2502 2036 2699 2089 haeres.
2730 2035 2857 2091 Haec
2886 2036 3059 2107 ﬁgura
3089 2038 3226 2107 apud
3255 2032 3541 2093 smCulares

1965 2146 1996 2183 a
2024 2129 2317 2184 contrariis
2343 2129 2560 2193 dicitur,
2576 2129 2751 2183 'veluti
2775 2122 2901 2183 cum
2926 2130 3047 2199 quis
3070 2120 3235 2185 alicui
3263 2132 3404 2185 viam
3424 2129 3543 2184 vult

1964 2228 2271 2274 monstrare
2307 2227 2511 2273 rectam
2532 2257 2548 2284 ,
2599 2218 2767 2273 dicit:
2808 2219 2892 2274 Ad
2928 2220 3202 2274 sinistram
3232 2227 3315 2274 est
3342 2219 3537 2285 fovea;

1964 2326 2071 2368 non
2092 2321 2153 2367 ut
2174 2312 2322 2366 illam
2344 2311 2569 2376 incidat,
2591 2312 2685 2366 sed
2708 2317 2767 2364 ut
2790 2318 2978 2365 caveat
2998 2310 3147 2365 dicit.
3184 2309 3358 2365 Simili
3381 2310 3543 2364 modo

1966 2392 2223 2457 Dominus
2242 2402 2416 2471 inquit
2441 2419 2454 2454 :
2487 2400 2609 2455 Non
2638 2401 2714 2453 ita
2742 2402 2839 2454 erit
2866 2402 3003 2455 inter
3024 2416 3133 2456 vos.
3173 2399 3391 2455 Scilicet
3416 2395 3557 2470 quia

1967 2495 2230 2565 sapientia
2270 2494 2429 2564 hujus
2458 2492 2640 2547 saeculi
2668 2490 2896 2547 stultitia
2924 2498 3010 2546 est
3037 2491 3177 2561 apud
3207 2489 3397 2546 Deum.
3436 2490 3544 2545 Sed

1966 2586 2259 2655 quicunque
2301 2582 2519 2637 uoluerit
2562 2584 2699 2636 inter
2735 2598 2823 2636 vos
2864 2582 3038 2651 major
3079 2581 3227 2650 ﬁeri,
3275 2581 3343 2635 sit
3383 2587 3546 2635 uester

1968 2675 2224 2729 minister.
2262 2673 2377 2730 Hoc
2407 2681 2495 2729 est
2522 2674 2664 2742 quod
2701 2673 2829 2729 alibi
2856 2673 3031 2728 dixit:
3068 2670 3172 2737 Qui
3209 2687 3266 2726 se
3300 2671 3548 2725 humiliat

1969 2764 2026 2818 in
2055 2765 2158 2819 hoc
2183 2762 2401 2830 saeculo,
2427 2762 2744 2817 exaltabitur
2772 2776 2802 2815 a
2828 2761 2940 2816 Deo
2964 2761 3019 2814 in
3045 2760 3169 2815 alio.
3204 2759 3315 2815 Nec
3344 2759 3419 2815 illi
3450 2774 3547 2829 ap—

1967 2867 2156 2931 petant
2189 2870 2287 2930 per
2322 2873 2461 2913 vana
2494 2857 2691 2923 verba,
2738 2870 2839 2912 nec
2866 2868 2964 2912 vos
2991 2856 3344 2927 indignemini
3380 2855 3424 2909 si
3455 2853 3548 2908 alii

1969 2955 2153 3011 volunt
2187 2952 2408 3019 habere,
2445 2952 2539 3006 sed
2568 2960 2625 3005 et
2651 2965 2747 3006 vos
2780 2958 2836 3005 et
2873 2950 2949 3003 illi
2979 2949 3071 3018 qui
3098 2948 3370 3002 voluerint
3401 2947 3547 3000 inter

1969 3060 2067 3101 vos
2090 3044 2250 3115 primi
2280 3056 2419 3108 esse,
2446 3042 2558 3097 sint
2581 3041 2747 3095 vestri
2779 3038 2940 3094 servi.
2977 3038 3126 3093 Unus
3150 3044 3234 3092 est
3257 3051 3468 3098 sensus,
3494 3044 3567 3090 et.

1972 3133 2028 3187 in
2054 3132 2303 3187 ministro
2331 3139 2387 3185 et
2412 3131 2466 3185 in
2495 3144 2671 3185 servo.
2714 3129 2781 3183 Et
2806 3136 2868 3182 ut
2894 3128 3056 3181 altius
3081 3140 3268 3181 eorum
3300 3126 3367 3180 in
3384 3125 3550 3181 corde

364 3236 451 3289 Ait
476 3235 617 3289 illis:
640 3232 868 3288 Calicem
894 3232 1100 3305 quidem
1131 3230 1327 3295 bibatis,
1358 3233 1462 3288 hoc
1485 3238 1571 3287 est
1590 3230 1871 3301 passiones
1899 3278 1943 3341 C
1975 3228 2261 3298 deligatur,
2312 3241 2467 3281 suum
2512 3226 2733 3280 adhibet
2778 3218 3083 3294 exemplum
3135 3218 3358 3341 dicens:
3402 3219 3551 3277 Sicut

570 3327 633 3341 .u,
681 3327 694 3341 ι
716 3326 775 3341 υ·
883 3324 923 3341 Α
972 3339 999 3341 η
1043 3324 1147 3341 “ac,
1196 3338 1283 3341 μμ-
1306 3338 1374 3341 ___
1396 3323 1443 3341 1-
1509 3322 1713 3341 --u__n-
1760 3321 1833 3341 ις-
1985 3315 2152 3341 nun-.-
2186 3315 2406 3341 L-._.'..:-
2438 3332 2540 3341 μ-..
2569 3315 2705 3341 ...μὴ
2743 3310 3035 3341 ..λέ-ἐικυαά
3083 3310 3127 3341 ἠ
3228 3313 3529 3341 _£...’.o.unm

297 3343 445 3382 meas
475 3326 828 3381 sustinebitis.
880 3324 1150 3391 Quaeritur
1185 3323 1454 3394 quomodo
1500 3322 1721 3378 calicem
1760 3321 1870 3378 Do-
1899 3310 1943 3341 “
1976 3315 2153 3371 Filius
2182 3315 2406 3369 hominis
2438 3332 2541 3369 non
2569 3315 2705 3369 venit
2724 3310 3194 3378 <ministrari,'sed
3228 3313 3549 3367 ministrare.

300 3418 433 3473 mini
471 3418 560 3473 isti
596 3417 703 3472 duo
738 3416 992 3472 biberint.
1046 3415 1180 3470 Nam
1210 3416 1276 3471 de
1303 3413 1505 3472 Iacobo
1536 3422 1743 3471 certum
1787 3422 1872 3470 est

301 3508 568 3577 quomodo
614 3522 712 3578 per
754 3507 997 3577 martyrii
1046 3506 1281 3576 palmam
1316 3506 1482 3561 vitam
1517 3505 1755 3573 ﬁnierit,
1804 3505 1873 3561 ab

304 3596 512 3652 Herode
539 3604 734 3667 nepote
761 3596 1076 3652 decollatus.
1129 3595 1368 3652 Ioannes
1399 3605 1578 3651 autem
1607 3595 1711 3652 sub
1737 3595 1873 3651 Tra-

291 3686 425 3756 jano
444 3687 687 3757 principe
710 3687 766 3741 in
791 3701 926 3757 pace
948 3687 1115 3741 vitam
1141 3686 1333 3741 ﬁnivit.
1371 3685 1478 3742 Sed
1506 3688 1551 3742 si
1576 3686 1875 3742 recolamus

301 3775 646 3844 Scripturas,
693 3774 1030 3830 inveniemus
1071 3775 1297 3829 multum
1341 3789 1558 3845 passum
1594 3774 1745 3829 illum
1773 3789 1873 3844 pro

270 3866 537 3921 Christo.
584 3866 642 3920 ln
677 3879 947 3937 synagoga
980 3864 1126 3920 enim
1156 3864 1619 3921 Iudaeorum‘cum
1654 3864 1876 3935 reliquis

304 3954 563 4023 apostolis
595 3954 891 4025 ﬁagellatus
924 3962 1009 4010 est
1043 3968 1106 4011 ac
1137 3963 1260 4026 post
1289 3954 1591 4011 voluntarie
1631 3969 1734 4025 pro
1766 3955 1874 4009 Do-

303 4046 451 4100 mino
479 4044 768 4119 inﬁrmis
798 4043 1095 4111 exsulavit,
1123 4044 1397 4106 etdeinde
1431 4044 1594 4098 etiam
1629 4042 1786 4114 longe
1818 4041 1875 4096 in

304 4136 565 4191 Pathmos
601 4134 904 4205 relegatus,
955 4134 1023 4189 ad
1067 4134 1317 4189 ultimum
1362 4134 1418 4187 in
1464 4132 1724 4188 ferventis
1769 4131 1874 4187 olei

302 4224 504 4279 dolium
533 4225 815 4289 demissus,
845 4223 975 4278 talia
1008 4222 1175 4277 multa
1208 4237 1307 4292 pro
1335 4208 1552 4279 Christo
1581 4221 1872 4287 sustinuit;

304 4316 360 4368 in
406 4314 602 4382 quibus
646 4314 898 4371 retribuit
940 4301 1170 4369 Domino
1204 4314 1456 4383 quodab
1494 4314 1609 4383 ipso
1641 4312 1877 4383 primum

303 4415 621 4474 acceperat,
666 4405 896 4459 bibendo
934 4406 1160 4461 calicem
1191 4406 1327 4476 ejus.
1364 4402 1567 4471 Sedere
1597 4413 1771 4459 autem
1806 4405 1876 4458 ad

305 4495 570 4548 dexteram
594 4508 763 4547 meum
783 4501 833 4547 et
852 4494 1122 4561 sinistram
1143 4511 1248 4549 non
1271 4503 1346 4548 est
1365 4511 1539 4549 meum
1562 4494 1690 4549 dare
1712 4494 1873 4549 vobis.

1973 3404 2167 3461 Omnia
2196 3411 2317 3459 acta
2348 3404 2563 3459 Demini
2596 3418 2715 3473 qua:
2752 3403 2806 3457 in
2841 3403 3017 3472 primo
3045 3402 3277 3455 adventu
3301 3399 3451 3471 egit,
3497 3398 3553 3453 in

1974 3498 2278 3569 exemplum
2307 3497 2463 3551 nobis
2488 3503 2705 3551 ostensa
2737 3502 2864 3550 sunt
2891 3491 3230 3547 humilitatis.
3270 3490 3379 3559 Ipsi
3406 3488 3553 3542 enim

1974 3606 2095 3645 cum
2123 3596 2269 3644 esset
2297 3587 2543 3643 conditor
2572 3595 2840 3642 terrarum
2875 3599 2984 3639 non
3022 3583 3226 3653 placuit
3254 3580 3551 3651 principari

1974 3683 2029 3737 in
2064 3682 2168 3736 hoc
2196 3679 2412 3744 saeculo,
2448 3679 2542 3734 sed
2567 3692 2772 3749 pauper
2799 3668 2953 3741 ﬁeri,
2993 3674 3222 3745 pedibus
3254 3674 3322 3728 ad
3354 3670 3552 3742 praedi-

1975 3775 2206 3829 candum
2252 3786 2509 3843 pergere,
2557 3769 2804 3825 inﬁrmos
2831 3768 3074 3833 visitare,
3106 3766 3292 3821 turbas
3329 3764 3567 3830 satiare,‘

1976 3864 2360 3936 discipulorum
2389 3861 2556 3933 pedes
2586 3861 2787 3925 lavare,
2822 3868 2880 3915 et
2906 3857 3109 3929 reliqua
3134 3855 3352 3925 pietatis
3376 3852 3551 3909 ofﬁcia

1974 3973 2072 4028 per
2101 3955 2452 4024 semetipsum
2482 3967 2674 4024 agere,
2704 3959 2759 4007 et
2785 3950 2853 4005 ad
2880 3949 3127 4004 ultimum
3157 3947 3287 4002 dare
3314 3944 3553 3999 animam

1976 4064 2129 4105 suam
2158 4058 2256 4117 pro
2283 4046 2485 4101 multis.
2522 4045 2636 4100 Non
2664 4043 2797 4099 dicit
2822 4056 2923 4113 pro
2953 4042 3225 4104 omnibus,
3250 4036 3346 4093 sed
3371 4033 3557 4091 multis

1978 4142 2062 4197 his
2103 4141 2194 4209 qui
2238 4140 2462 4194 credere
2500 4136 2785 4192 voluerint.
2844 4132 3104 4189 Similiter
3146 4140 3202 4185 et
3248 4130 3304 4185 in
3347 4141 3558 4184 canone

1978 4234 2156 4287 missa:
2184 4231 2399 4285 canitur
2440 4229 2506 4283 de
2547 4226 2810 4298 sanguine
2847 4223 3104 4281 Domini:
3144 4220 3251 4287 Qui
3285 4234 3379 4290 pro
3413 4217 3557 4273 vobis

1979 4333 2028 4378 et
2051 4339 2147 4395 pro
2170 4322 2349 4376 multis
2376 4320 2677 4391 eﬂ'undetur
2701 4319 2758 4373 in
2788 4318 3145 4373 remissionem
3173 4321 3521 4385 peccatorum.
3566 4374 3573 4386 ι

2540 4431 2768 4488 CAPUT
2811 4430 2994 4485 XLVI.

2339 4504 2417 4558 De
2445 4503 2647 4557 duobus
2676 4501 2827 4555 etscis
2856 4498 3187 4551 illuminat”.

307 4585 569 4644 “occat:
606 4584 730 4639 Non
770 4594 843 4638 est
880 4600 1222 4666 personarum
1247 4587 1476 4655 acceptio
1508 4587 1647 4655 apud
1673 4586 1874 4651 Deum;

2050 4593 2122 4649 Et
2162 4592 2543 4664 egredientibus
2584 4588 2690 4644 illis
2726 4589 2790 4643 ab
2833 4585 3069 4651 Iericho,
3097 4592 3275 4638 secuta
3317 4590 3395 4638 est
3437 4596 3558 4638 eum

308 4690 414 4732 non
445 4685 530 4733 est
561 4677 768 4741 dantis,
810 4676 902 4732 sed
941 4660 1252 4747 accipientis
1267 4687 1292 4741 ,ν
1321 4676 1467 4732 illius
1503 4678 1593 4745 qui
1633 4690 1691 4732 se
1717 4678 1877 4733 talem

304 4778 610 4839 praeparat,
649 4771 936 4845 utqdignus
965 4771 1036 4826 sit
1071 4772 1401 4841 acceptione.
1453 4769 1565 4826 Nec
1593 4769 1685 4840 qui
1714 4770 1879 4837 dicit,

306 4862 401 4916 sed
430 4861 522 4931 qui
554 4859 714 4927 facit,
763 4863 959 4931 accipit
985 4862 1384 4933 ipsumlocum.
1438 4860 1557 4917 Non
1587 4866 1672 4916 est
1698 4874 1879 4916 meum

308 4950 440 5005 dare
475 4952 751 5021 superbis,
788 4952 973 5021 quales
998 4967 1095 5008 vos
1124 4954 1288 5017 eStis,
1325 4952 1421 5008 sed
1450 4951 1766 5006 humilibus.
1819 4950 1878 5006 Si

309 5041 470 5108 vultis
499 5043 733 5109 habere,
783 5053 992 5099 mutate
1030 5053 1287 5099 mentem.
1341 5045 1524 5099 Estote
1564 5043 1879 5100 humiliores

309 5133 557 5187 omnibus
601 5142 655 5189 et
700 5143 907 5190 certate
942 5144 1000 5190 ut
1027 5136 1258 5190 vincatis
1293 5133 1602 5201 diabolum,
1651 5144 1706 5189 et
1753 5143 1880 5190 tunc

310 5224 526 5278 dabitur
556 5224 702 5280 vobis
736 5242 766 5279 a
796 5225 957 5282 Patre
986 5242 1108 5282 meo
1143 5234 1199 5281 et
1234 5242 1266 5280 a
1305 5241 1411 5292 me,
1463 5241 1568 5281 non
1605 5225 1776 5281 solum
1812 5227 1880 5283 ab

311 5312 416 5366 isto
452 5312 669 5367 homine
697 5326 855 5382 quem
883 5316 1114 5384 putastis
1147 5313 1366 5370 ﬂectere
1401 5315 1598 5385 injuste
1632 5329 1729 5384 per
1756 5330 1877 5369 mu-

311 5402 460 5458 lieris
486 5403 955 5473 supplicationem;
985 5409 1099 5464 sive
1122 5421 1229 5463 non
1258 5415 1344 5463 est
1368 5423 1545 5462 meum
1573 5407 1703 5461 dare
1729 5408 1882 5465 vobis

314 5495 405 5549 tali
447 5496 604 5551 modo
644 5509 753 5564 quo
789 5510 887 5551 vos
922 5499 1138 5566 petitis,
1187 5499 1283 5553 sed
1311 5498 1610 5554 victoribus
1636 5506 1882 5569 paratum

315 5595 394 5641 est
422 5602 452 5640 a
479 5587 640 5644 Patre
666 5602 787 5644 meo
814 5587 883 5644 ab
907 5589 1063 5644 initio
1088 5592 1288 5646 saeculi.
1321 5589 1391 5645 Et
1415 5591 1684 5645 audientes
1709 5592 1881 5646 decem

315 5675 573 5746 indignati
606 5687 725 5733 sunt
754 5678 819 5733 de
856 5678 1058 5732 duobus
1090 5680 1361 5748 fratribus.
1400 5681 1517 5738 Non
1550 5682 1763 5738 mulieri
1797 5684 1884 5738 in-

317 5764 520 5836 dignati
553 5777 709 5835 sunt,
738 5771 835 5826 sed
864 5769 1010 5836 ﬁliis,
1040 5771 1165 5839 quia
1196 5773 1577 5830 intellexerunt
1614 5775 1758 5846 quod
1794 5774 1884 5829 illa

317 5858 630 5926 praemonita
655 5875 683 5913 a
710 5860 833 5917 (iliis
856 5864 969 5918 haec
992 5861 1230 5930 petierit,
1251 5863 1341 5927 qui
1367 5865 1687 5939 ignorabant
1708 5865 1885 5921 adhuc

1980 4686 2135 4742 turba
2162 4684 2349 4738 multa.
2404 4682 2644 4753 Apparet
2670 4681 2814 4751 quod
2840 4678 3100 4751 Dominus
3128 4677 3195 4731 de
3220 4675 3439 4731 Galiltea
3464 4690 3557 4731 ve-

1979 4781 2154 4843 niens,
2193 4772 2780 4830 transiensIordanem
2818 4787 2924 4827 non
2963 4778 3113 4825 recto
3144 4769 3340 4825 itinere
3368 4769 3561 4825 Hiero-

1978 4869 2240 4938 solymam
2272 4865 2427 4931 abiit,
2452 4867 2547 4921 sed
2558 4866 2721 4937 juxta
2744 4862 3033 4917 Iordanem
3060 4862 3128 4915 ab
3147 4859 3365 4916 Iericho
3387 4860 3556 4926 venit,

1978 4968 2035 5014 et
2064 4959 2186 5014 inde
2227 4973 2326 5028 per
2353 4958 2496 5011 viam
2515 4956 2805 5033 publicam
2837 4969 2958 5023 qua:
2987 4953 3052 5008 de
3091 4961 3242 5007 trans
3267 4951 3557 5007 Iordanem

1981 5049 2049 5105 ad
2085 5047 2383 5104 Jerusalem
2423 5046 2704 5110 ascendit,
2750 5044 2897 5100 viam
2942 5044 3117 5098 tenuit
3162 5043 3219 5098 in
3262 5059 3368 5113 qua
3417 5044 3579 5105 inter.

1981 5138 2198 5195 Iericho
2227 5148 2283 5194 et
2308 5136 2606 5194 Ierusalem
2643 5134 2827 5211 multa;
2853 5133 3280 5205 depraedationes
3316 5132 3519 5211 ﬁebant
3538 5173 3559 5203 ,

1981 5247 2261 5302 usquequo
2286 5229 2512 5284 Romani
2538 5227 2943 5284 aediﬁcaverunt
2967 5226 3041 5282 ibi
3067 5225 3348 5283 castellum
3376 5236 3432 5283 et
3460 5227 3562 5284 mi-

1983 5333 2170 5379 serunt
2197 5320 2496 5378 custodiam
2525 5318 2777 5374 militum.
2810 5320 2868 5375 ln
2897 5321 3005 5374 hac
3030 5334 3160 5391 ergo
3187 5318 3314 5388 quia
3344 5317 3561 5390 publica

1980 5415 2067 5469 via
2089 5424 2222 5479 erat,
2246 5415 2316 5468 ob
2336 5412 2623 5482 petendam
2645 5412 2839 5483 stipem
2860 5413 3151 5468 manebant
3172 5412 3323 5478 caeci.
3345 5422 3400 5468 et
3420 5428 3562 5469 unus

1983 5519 2051 5560 ex
2076 5503 2183 5557 illis
2210 5502 2281 5556 ita
2311 5508 2471 5555 notus
2496 5510 2642 5566 erat,
2670 5509 2731 5556 ut
2756 5501 2895 5557 alius
2921 5502 3250 5573 evangelista
3278 5512 3332 5559 et
3361 5519 3563 5560 nomen

1983 5594 2097 5664 ejus
2119 5635 2133 5659 ,
2184 5601 2240 5647 et
2288 5607 2481 5648 nomen
2514 5594 2684 5665 patris
2714 5594 2832 5664 ejus
2869 5595 3129 5664 posuerit.
3171 5597 3560 5653 Verumtamen

1983 5686 2071 5740 alii
2094 5683 2434 5756 evangelistae
2454 5685 2788 5740 solummodo
2809 5701 2977 5741 unum
2998 5688 3297 5756 nominant,
3321 5688 3412 5758 qui
3436 5703 3562 5756 gen-

1982 5775 2118 5829 tium
2143 5775 2397 5845 populum
2422 5775 2772 5847 signat,quia
2800 5777 2902 5848 ipsi
2926 5781 3175 5851 gentibus
3201 5780 3555 5849 scripserunt.

1987 5862 2268 5919 Matthteus
2294 5879 2442 5932 vero,
2488 5866 2581 5934 qui
2611 5866 2853 5924 Hebraeis
2889 5869 3231 5925 credentibus
3266 5869 3565 5936 scribebat,
