3988 6516
296 440 437 507 “29

1418 426 1793 495 nxrosmo
1826 418 2377 503 multammu-
2428 478 2433 487 ρ
2502 454 2507 459 ι
2580 454 2585 481 ς

3415 414 3558 485 κω

296 512 762 637 ιεπίεηῳίηἰ,εει
797 554 1050 613 occidere
1074 567 1165 611 me
1186 551 1384 620 vultis;
1424 550 1588 609 modo
1614 549 1661 605 si
1690 548 1874 613 vultis.
1901 546 1956 621 Δ
1980 545 2097 609 vice
2219 541 2509 637 argenteis.
2688 539 2869 601 nullus
2902 534 2982 596 sic
3011 538 3255 637 gloriose
3280 539 3560 637 ingressus

296 656 370 729 do
388 651 541 713 vobis
567 650 764 705 locum.
804 646 971 703 Facio
988 656 1172 705 tamen
1201 644 1533 705 mirabiliora
1557 658 1719 712 quam
1747 646 1872 695 ante

298 746 423 801 t‘eci.
473 741 743 798 Suscitavi
770 741 926 795 vobis
951 745 1224 807 mortuos,
1267 737 1385 806 ipso
1412 736 1502 791 die
1536 734 1698 789 modo
1726 746 1879 787 resu-

299 834 490 896 scitavi
528 832 972 906 quatriduanum.
1020 830 1088 885 Et
1137 835 1199 884 ut
1234 826 1574 897 cognoscatis
1610 838 1698 879 me
1735 821 1879 879 illius

301 926 396 984 Dei
426 924 654 988 Filium,
692 936 852 994 quem
882 934 981 975 vos
1013 917 1199 974 dicitis
1235 918 1488 983 adorare,
1529 913 1667 969 sicut
1706 912 1880 984 legitis

301 1014 497 1074 oblitas
532 1014 698 1069 fuisse
732 1010 989 1067 bucculas
1026 1016 1282 1064 naturam
1319 1020 1473 1061 suam
1494 1044 1509 1070 ,
1550 1012 1606 1058 et
1641 1014 1881 1056 amorem

298 1108 591 1164 vitulorum
625 1098 845 1161 suorum
888 1118 989 1174 pro
1027 1102 1154 1156 arca
1191 1090 1407 1156 Domini
1445 1112 1564 1168 quae
1598 1110 1763 1166 super
1789 1109 1883 1149 eos

303 1206 443 1263 erat,
464 1197 543 1255 sic
567 1196 743 1251 videte
768 1193 990 1249 asellum
1014 1191 1240 1246 oblitum
1267 1203 1507 1244 amorem
1530 1186 1722 1242 matris
1748 1200 1879 1251 suae,

302 1299 358 1348 et
381 1291 496 1344 sine
523 1288 678 1343 freno
701 1294 757 1343 et
780 1287 1019 1357 capistro
1044 1283 1125 1338 ire
1145 1283 1288 1337 viam
1315 1294 1514 1334 meam.
1544 1278 1709 1346 Quasi
1732 1278 1884 1333 vobis

302 1382 447 1437 dicat
479 1381 652 1451 ipsum
683 1380 903 1432 brutum
934 1374 1171 1430 animal:
1202 1373 1338 1429 Amo
1368 1379 1617 1436 matrem,
1644 1370 1740 1427 sed
1766 1370 1885 1441 plus

304 1473 471 1527 timeo
498 1476 800 1526 creatorem
828 1483 991 1539 quem
1021 1467 1193 1521 habeo
1224 1480 1510 1520 sessorem.

377 1563 523 1618 Tunc
550 1562 706 1617 Jesus
746 1563 887 1615 misit
928 1561 1062 1615 duos
1091 1559 1376 1630 discipulos
1404 1574 1527 1612 suos
1556 1556 1773 1611 dicens:
1804 1552 1886 1608 Ite

301 1655 357 1709 in
399 1653 667 1708 castellum
707 1653 846 1723 quod
893 1660 1075 1706 contra
1115 1667 1205 1704 vos
1243 1657 1340 1704 est.
1393 1646 1685 1703 Castellum
1726 1647 1887 1700 modo

305 1747 605 1817 appellatur
641 1739 938 1799 Jerusalem
969 1784 982 1809 ,
1032 1758 1152 1813 qua:
1193 1740 1466 1813 quondam
1507 1740 1701 1795 civitas
1746 1737 1888 1811 regis

304 1840 505 1911 magni,
539 1839 591 1893 id
622 1844 704 1893 cst
730 1836 826 1891 Dei
856 1837 997 1890 dicta
1027 1844 1131 1902 est,
1165 1835 1292 1905 quia
1322 1833 1690 1904 conspiratum
1721 1833 1889 1887 habe-

1976 645 2087 700 est,
2124 635 2263 691 sicut
2295 634 2384 691 hic
2412 634 2679 691 Dominus
2701 638 2909 696 uoster,
2953 629 3080 701 quia
3106 627 3232 686 illis
3277 631 3561 687 mendacia

1977 715 2360 792 cantahantnr,
2380 726 2474 782 isti
2501 732 2687 781 autem
2710 723 3123 794 supplicabant:
3150 719 3372 779 Salvum
3393 723 3480 780 fac
3505 725 3561 783 in

1978 818 2227 875 excelsis.
2262 817 2416 873 Ecce.
2448 817 2789 873 Admirantis
2816 824 2917 873 est.
2952 816 3086 872 Rex.
3124 815 3245 873 Non
3274 824 3563 888 tyrannus;

1978 911 2105 981 quia
2126 910 2270 979 regis
2287 908 2649 965 ministerium
2669 914 2753 965 est
2775 920 2963 979 regere
2989 911 3045 962 et
3069 906 3372 979 gubernare
3396 919 3563 978 popu—

1979 1002 2111 1067 lum,
2136 1015 2424 1072 oppressos
2452 1001 2708 1067 liberare,
2737 999 3109 1069 opprimentes
3136 997 3427 1054 debellare.
3457 996 3562 1065 Qui

1982 1109 2086 1149 non
2120 1092 2247 1147 facit
2274 1094 2399 1159 hoc,
2433 1106 2539 1147 non
2566 1096 2653 1147 est
2680 1106 2796 1155 rex,
2826 1090 2921 1145 sed
2951 1094 3235 1160 tyrannus,
3268 1088 3363 1157 Qui
3386 1086 3565 1142 locum

1981 1195 2228 1258 occupat,
2254 1193 2309 1241 et
2338 1185 2566 1241 forsitan
2595 1191 2649 1240 et
2677 1186 2794 1255 ipse
2817 1198 2909 1239 eos
2928 1188 3106 1239 vastat
3128 1187 3185 1236 et
3206 1180 3341 1237 alios
3365 1179 3570 1251 depra-

1985 1279 2116 1333 dare
2140 1280 2287 1333 sinit.
2326 1276 2488 1331 Tuus.
2531 1275 2613 1330 Ad
2645 1276 2811 1331 lsrael
2840 1273 3103 1345 spiritalis
3133 1285 3315 1328 sermo
3340 1271 3574 1343 prophe-

1983 1370 2124 1425 ticus
2152 1369 2212 1424 ﬁt
2240 1369 2463 1425 dicens:
2499 1366 2646 1422 Tuus
2677 1367 2814 1433 erit,
2858 1372 2920 1421 ut
2948 1364 3123 1421 saivet
3149 1370 3226 1429 te,
3258 1366 3313 1418 et
3344 1366 3503 1434 regat
3528 1361 3573 1417 si

1984 1462 2244 1517 volueris.
2295 1461 2353 1515 Si
2395 1465 2577 1516 autem
2612 1459 2872 1524 nolueris,
2905 1472 3013 1513 non
3042 1455 3319 1528 disperdet
3346 1460 3432 1521 te,
3482 1454 3577 1510 sed

1987 1555 2131 1609 sinet
2167 1553 2511 1624 disperdere,
2547 1551 2673 1621 quia
2702 1551 2841 1606 Deus
2872 1552 3159 1605 intentator
3185 1554 3260 1605 est
3286 1544 3574 1602 malorum.

2068 1642 2218 1697 Venit
2246 1643 2359 1697 tibi.
2388 1641 2471 1697 Ad
2498 1653 2648 1697 tuum
2672 1640 2974 1713 profectum
3000 1639 3196 1712 inquit.
3236 1636 3583 1693 Mansuetus.

1991 1736 2061 1793 Ut
2087 1742 2270 1807 postea
2300 1735 2414 1805 ipse
2442 1734 2578 1805 dixit
2602 1750 2613 1786 :
2644 1732 2791 1788 Mitis
2816 1746 2931 1786 sum
2957 1741 3004 1785 et
3030 1728 3244 1785 humilis
3273 1730 3449 1784 corde.

2068 1827 2264 1883 Sedens
2294 1843 2449 1897 super
2478 1827 2704 1880 asinam.
2756 1824 2938 1879 Potuit
2976 1824 3236 1879 Dominus
3269 1836 3467 1893 equum
3494 1818 3582 1875 vel

303 1904 438 1987 bant
472 1930 619 1984 cives
657 1929 774 1999 ejus
815 1928 1093 1982 occidendi
1128 1904 1464 1981 salvatorem
1503 1942 1679 1981 suum.
1733 1914 1887 1991 Quod
1917 1904 1963 1965 Β
1991 1919 2330 1988 elephantem
2361 1917 2564 1972 habere
2594 1917 2663 1971 ad
2694 1917 3014 1983 sedendum,
3045 1916 3137 1985 qui
3165 1915 3342 1987 potuit
3378 1913 3582 1968 habere

306 2030 489 2077 contra
527 2032 616 2074 vos
658 2028 753 2073 est.
814 2018 951 2085 Quia
988 2017 1173 2072 videre
1220 2019 1330 2087 jam
1378 2022 1628 2087 poterant
1671 2016 1736 2070 de
1774 2015 1890 2085 ipso
1992 2010 2177 2065 leones
2226 2016 2280 2062 et
2331 2010 2565 2080 gryphes
2612 2008 2678 2061 ad
2728 2007 3058 2062 domandum
3110 2005 3434 2078 Egyptios;
3487 2004 3582 2060 sed

305 2121 487 2169 monte
515 2111 730 2168 Oliveti.
763 2110 967 2164 Tamen
995 2109 1306 2179 quindecim
1336 2109 1527 2163 stadiis
1554 2114 1672 2164 erat
1697 2107 1893 2162 Betha—
1991 2103 2134 2157 sicut
2169 2098 2278 2154 illic
2308 2115 2403 2169 per
2433 2114 2599 2171 parva
2631 2099 2886 2154 animalia
2919 2100 3128 2155 domuit
3163 2094 3456 2170 superbas,
3505 2099 3585 2154 sic

305 2206 397 2261 nia
427 2222 457 2259 a
483 2201 802 2267 Jerusalem,
834 2203 927 2256 sed
960 2203 1038 2257 sic
1064 2210 1182 2256 crat
1211 2209 1582 2256 constructum
1611 2200 1889 2270 templum,
1993 2199 2083 2254 hic
2110 2212 2206 2268 per
2232 2198 2339 2253 vile
2369 2197 2567 2251 animal
2599 2206 2655 2253 et
2682 2197 2899 2252 brutum
2934 2198 3100 2252 voluit
3128 2196 3460 2253 confundere
3493 2206 3583 2251 sa-

305 2308 367 2353 ut
397 2296 462 2352 tle
494 2297 610 2366 ipso
641 2302 863 2365 possent
890 2294 1060 2348 videri
1090 2295 1301 2349 Oliveta
1348 2293 1402 2347 in
1450 2300 1631 2346 monte
1663 2291 1851 2345 eodem
1877 2331 1892 2357 ,
1992 2293 2205 2362 pientes
2235 2288 2437 2344 saeculi.
2487 2287 2565 2342 Ac
2605 2289 2652 2343 si
2695 2287 2844 2343 dicat
2872 2288 3136 2359 propheta
3175 2306 3189 2342 :
3225 2285 3345 2343 Non
3381 2286 3591 2342 scilicet

308 2397 364 2445 et
401 2389 467 2444 de
505 2389 623 2457 ipso
661 2394 846 2442 monte
886 2384 1084 2440 ardens
1112 2385 1289 2440 oleum
1331 2384 1383 2438 in
1429 2383 1624 2453 templo
1655 2380 1891 2435 Domini.
1997 2398 2161 2454 super
2184 2396 2404 2437 currum
2433 2396 2680 2447 aureum,
2708 2392 2883 2450 neque
2910 2390 3074 2451 snper
3096 2379 3362 2435 fervidum
3389 2388 3587 2448 equum

254 2492 264 2498 ‘
309 2480 380 2535 Et
410 2479 585 2533 statim
619 2477 885 2532 invenietis
914 2478 1118 2530 asinam
1146 2476 1439 2545 alligatam,
1470 2485 1516 2528 et
1546 2472 1748 2545 pullum
1777 2490 1895 2526 cum
1994 2475 2110 2530 litis
2153 2483 2208 2530 et
2254 2473 2539 2529 discordias
2585 2479 2885 2528 amatorem
2906 2514 2920 2537 ,
2967 2472 3058 2543 qui
3104 2471 3267 2528 habet
3307 2480 3497 2543 peetus
3523 2468 3590 2527 de

311 2590 392 2628 ea.
427 2571 591 2626 Asina
624 2570 727 2623 ista
758 2569 824 2623 ad
858 2567 1115 2637 templum
1147 2566 1358 2621 Domini
1391 2565 1512 2619 (lota
1546 2566 1721 2620 fuerat
1753 2570 1807 2617 et
1841 2563 1896 2617 in
1999 2571 2246 2641 superbia
2275 2568 2558 2639 repletum,
2589 2574 2643 2622 et
2671 2583 2793 2622 cum
2822 2566 3057 2623 audierit
3085 2565 3319 2622 sonitum
3348 2566 3591 2621 boccuiaa

311 2676 597 2719 commune
628 2662 971 2717 sacerdotum
1003 2666 1149 2724 erat;
1188 2668 1242 2714 et
1271 2660 1515 2729 quisquis
1546 2658 1612 2713 de
1642 2659 1720 2712 eis
1748 2656 1896 2710 vole—

310 2755 403 2810 bat
444 2752 758 2823 accipiebat.
799 2751 983 2805 Pullus
1012 2751 1211 2805 dicitur
1236 2750 1454 2815 asellus,
1485 2748 1539 2803 id
1566 2757 1646 2821 est
1675 2763 1895 2820 parvus,

311 2848 437 2918 quia
465 2844 842 2900 diminutivum
871 2842 952 2898 est
979 2844 1114 2914 ejus.
1147 2842 1214 2897 Et
1242 2840 1662 2913 uniuscujusque
1690 2838 1896 2909 bestiaé,

314 2949 410 2995 aut
438 2940 591 2994 navis
620 2942 781 2993 natus
809 2936 988 3006 pullus
1018 2943 1197 3007 potest
1222 2933 1329 2989 dici
1361 2932 1486 2989 dum
1520 2936 1673 2989 tener
1701 2941 1812 3007 est,
1842 2939 1903 2988 ut

310 3028 443 3098 pulli
476 3027 848 3082 columbarum
890 3034 947 3081 et
988 3006 1292 3097 passerum.
1336 3023 1552 3079 Solvite.
1590 3024 1646 3080 ld
1683 3006 1765 3079 est
1800 3022 1896 3077 ab-

313 3119 506 3174 solvite
530 3135 557 3173 a
583 3118 813 3173 vinculo.
838 3116 1097 3171 Adducite
1121 3116 1269 3170 mihi.
1296 3112 1432 3183 Quia
1456 3117 1707 3170 virtutem
1732 3108 1901 3170 debeo

312 3229 433 3267 cum
463 3212 541 3267 eis
566 3210 762 3277 facere,
792 3217 854 3263 ut
881 3219 1199 3280 separentur
1227 3208 1295 3264 ab
1322 3210 1575 3265 invicem.
1614 3208 1682 3262 Et
1712 3210 1757 3262 si
1779 3208 1898 3281 quis

312 3395 485 3460 habet,
509 3402 556 3448 et
585 3391 856 3463 confestim
880 3390 1103 3445 dimittet
1131 3408 1238 3445 eos.
1279 3391 1415 3459 Quia
1438 3391 1635 3459 multos
1657 3392 1903 3451 dominos

314 3481 619 3549 habebant,
650 3488 937 3554 propterea
967 3481 1228 3553 praecepit
1258 3488 1317 3534 ut
1346 3480 1587 3537 absolute
1617 3476 1902 3537 Dominum

316 3575 561 3630 dicerent
586 3583 640 3629 et
666 3590 774 3630 non
807 3564 1157 3645 designareni
1185 3572 1439 3641 aliquem.
1479 3571 1546 3625 Et
1576 3562 1775 3642 placuit
1805 3573 1905 3627 Do-

315 3667 467 3721 mino
499 3666 636 3721 hanc
662 3668 918 3721 virtutem
951 3664 1132 3719 iaeere
1161 3661 1228 3716 de
1260 3662 1425 3717 asello
1453 3660 1818 3728 sacerdotum,
1846 3670 1906 3717 ut

316 3757 419 3828 ipsi
451 3758 652 3813 scirent
695 3757 838 3827 quod
883 3771 1161 3825 nunquam
1208 3769 1476 3810 sessorem
1521 3768 1685 3824 super
1712 3770 1771 3809 se
1802 3756 1901 3809 ba-

314 3850 527 3915 buerit,
559 3850 683 3919 quia
714 3850 1022 3905 sacerdotes
1060 3848 1234 3918 magis
1269 3846 1385 3916 ejus
1411 3847 1667 3917 operibus
1693 3854 1908 3902 contra-

319 3939 590 3995 dicebant.
634 3934 747 3994 Hoc
778 3947 955 3993 autem
981 3936 1147 3992 totum
1180 3938 1379 4009 factum
1409 3946 1503 3992 est.
1558 3926 1699 4007 Quid
1734 3945 1906 3992 totum

317 4029 521 4086 factum
553 4030 680 4085 est?
722 4038 782 4083 ut
818 4030 1220 4085 adducerentur
1248 4036 1310 4082 ut
1348 4029 1625 4084 sedcretur
1663 4030 1730 4083 ab
1768 4029 1904 4101 ipso.

322 4124 459 4191 Quia
487 4125 562 4178 sic
586 4120 893 4195 prtedictum
915 4120 1090 4194 fuerat
1113 4141 1142 4175 a
1165 4121 1417 4193 propheta
1437 4108 1724 4176 Zacliaria.
1754 4122 1910 4189 Quie-

320 4230 532 4284 cunque
560 4208 701 4269 Deus
728 4222 948 4268 acturus
972 4212 1072 4267 fuit
1098 4213 1153 4266 in
1182 4208 1283 4267 hoc
1309 4212 1506 4267 smculo
1532 4212 1908 4283 corporaliter,

318 4307 575 4378 praedicta
610 4305 830 4364 fuerunt
860 4306 1045 4363 omnia
1082 4322 1113 4361 a
1143 4296 1454 4376 prophetis,
1487 4314 1541 4360 et
1572 4306 1714 4361 istud
1743 4306 1910 4361 etiam

320 4398 740 4479 praenuntiatum
785 4407 868 4453 est
913 4401 1088 4470 ipsum
1130 4405 1398 4455 acturum.
1452 4397 1770 4470 Plaeuitque
1805 4399 1912 4454 Do-

322 4478 472 4543 mino
501 4489 820 4543 concordari
850 4478 993 4543 dicta
1020 4492 1414 4559 prophetarum
1439 4506 1563 4547 cum
1591 4490 1908 4557 factinuis,

320 4586 383 4633 ut
432 4578 485 4633 in
535 4579 921 4650 prophetarum
968 4579 1130 4635 dictis
1182 4588 1237 4636 et
1282 4582 1337 4635 in
1387 4581 1545 4639 factis
1589 4583 1704 4638 suis
1742 4600 1909 4639 verax

322 4672 636 4739 haberetur,
670 4672 796 4743 quia
826 4671 1031 4726 veritas
1058 4680 1170 4735 est,
1210 4673 1430 4728 mentiri
1463 4689 1569 4729 non
1601 4685 1816 4743 potest,
1850 4684 1911 4731 ut

321 4748 567 4834 psalmus
592 4762 764 4831 inquit
789 4781 801 4816 :
834 4761 1019 4819 Justus
1039 4761 1298 4818 Dominus
1320 4763 1375 4816 in
1396 4762 1636 4819 omnibus
1659 4764 1754 4819 viis
1768 4766 1908 4831 suis,

324 4860 373 4905 et
404 4859 617 4905 sanctus
648 4852 703 4906 in
735 4851 974 4905 omnibus
1012 4850 1249 4923 operibus
1283 4852 1425 4917 suis;
1461 4867 1589 4907 nam
1629 4853 1735 4907 hoc
1767 4855 1911 4922 quod

324 4940 554 5012 legimus
594 4934 648 4995 in
686 4940 824 4996 libro
856 4941 1062 5013 liegum
1093 4943 1237 5011 quod
1265 4941 1403 4996 dixit
1441 4942 1703 5013 spiritus:
1741 4942 1908 5013 Egre-

328 5029 469 5097 diar,
509 5041 557 5085 et
595 5048 683 5086 ero
714 5032 933 5103 spiritus
960 5030 1189 5086 mendax
1225 5031 1281 5085 in
1316 5048 1405 5087 ore
1433 5032 1666 5086 omnium
1693 5033 1912 5103 prophe-

330 5127 504 5173 tarum
540 5121 675 5190 ejus,
715 5137 824 5176 non
865 5120 1098 5191 Spiritus
1129 5129 1381 5184 sanctus,
1429 5121 1523 5175 sed
1564 5121 1809 5177 diabolus
1839 5123 1911 5178 ibi

329 5210 671 5282 intelligitur,
717 5215 808 5284 qui
852 5213 920 5268 ad
962 5222 1172 5285 tempus
1205 5221 1427 5283 propter
1454 5223 1736 5284 peccatum
1770 5216 1913 5285 regis

330 5306 494 5360 corda
534 5306 919 5375 prophetarum
965 5308 1084 5379 ejus
1122 5306 1353 5377 decepit.
1391 5307 1565 5373 Dicite
1599 5308 1726 5377 ﬁlia:
1759 5308 1908 5363 Sion.

331 5400 665 5459 Exsultaudo
715 5408 773 5456 et
824 5403 1107 5472 gaudendo
1157 5402 1341 5458 dicite.
1400 5401 1534 5457 Erat
1579 5402 1913 5461 consuetudo

333 5494 474 5565 apud
502 5494 773 5549 Romanos
798 5501 923 5564 post
954 5494 1314 5565 triumphatos
1352 5496 1542 5551 hostes
1569 5509 1693 5550 cum
1723 5493 1915 5551 trium-

334 5583 441 5655 pho
470 5582 678 5656 ingredi
703 5582 951 5650 Bonnam,
976 5583 1049 5638 ita
1074 5592 1132 5638 ut
1153 5586 1403 5642 venirent
1423 5586 1476 5643 ei
1500 5585 1716 5641 obviam
1739 5586 1917 5645 omnis

335 5683 579 5740 senatus,
606 5683 661 5730 et
689 5675 865 5733 omnis
893 5675 1129 5747 dignitas
1159 5692 1281 5733 cum
1313 5678 1469 5733 omni
1491 5677 1709 5749 populo,
1742 5687 1798 5735 et
1820 5680 1916 5735 ba-

334 5765 530 5823 berent
556 5768 783 5824 metrice
814 5768 1004 5825 laudes
1031 5775 1085 5822 et
1112 5769 1463 5828 decantarent
1491 5772 1563 5837 ei,
1597 5779 1652 5827 et
1678 5772 1769 5828 ille
1794 5788 1918 5843 pro-

322 5854 523 5939 jicerct
559 5873 723 5929 super
752 5875 846 5916 eos
880 5876 986 5915 una
1021 5860 1139 5915 vice
1172 5860 1239 5915 de
1276 5863 1455 5918 aureis
1492 5863 1762 5929 denariis,
1808 5864 1914 5917 alia

1998 2670 2053 2719 et
2078 2663 2278 2717 viderit
2306 2662 2542 2726 bellum,
2583 2661 2819 2732 percutit
2857 2659 3055 2731 ungula
3093 2660 3328 2725 terram,
3369 2660 3425 2713 et
3461 2657 3593 2714 dicit

1998 2755 2053 2811 in
2086 2756 2249 2810 corde
2278 2770 2376 2809 suo
2402 2773 2415 2808 :
2445 2753 2564 2808 Vah
2589 2753 2602 2806 !
2642 2751 2802 2807 Sedet
2826 2756 2982 2822 Super
3005 2749 3231 2822 pullum,
3259 2768 3415 2822 super
3441 2767 3592 2821 quem

2000 2847 2178 2902 nullus
2207 2846 2480 2901 hominum
2511 2844 2663 2899 sedit.
2716 2844 2815 2911 Qui
2861 2860 2966 2898 non
3009 2842 3181 2901 solum
3226 2859 3333 2899 non
3384 2842 3591 2897 mandit

2000 2936 2234 3004 ferrum,
2276 2952 2377 2992 nec
2419 2936 2655 2991 maculat
2686 2938 2874 2990 aurum
2908 2935 3108 2999 saliva,
3151 2950 3252 2990 nec
3296 2930 3590 3005 capistrum

2000 3029 2196 3093 habet,
2229 3035 2286 3082 et
2314 3027 2458 3082 viam
2489 3043 2643 3082 suam
2675 3025 2896 3092 incedit,
2928 3035 2983 3080 et
3012 3034 3093 3080 est
3119 3023 3431 3096 subjugaiis,
3464 3024 3592 3095 quia

2005 3118 2212 3173 amicus
2238 3118 2407 3188 pacis.
2460 3115 2661 3171 Eun’tes
2694 3116 2939 3188 discipuli
2970 3114 3203 3186 fecerunt
3233 3117 3366 3170 sicut
3397 3117 3593 3170 consti-

1954 3256 1971 3280 ,_
2004 3210 2104 3262 tuit
2131 3206 2311 3263 Jesus.
2366 3206 2629 3263 Dixerunt
2661 3208 2801 3263 sicut
2832 3207 3129 3279 praecepit:
3160 3206 3347 3262 Ducite
3379 3203 3462 3280 (ut
3494 3204 3589 3261 alii

311 3305 453 3359 vobis
484 3302 685 3374 aliquid
726 3272 957 3366 dixerit,
990 3300 1147 3354 dicite
1184 3300 1323 3373 quod
1359 3298 1615 3356 Dominus
1653 3298 1733 3354 his
1771 3272 1901 3370 opus
1928 3272 1973 3337 Ε

2004 3298 2349 3370 evangelista:
2376 3297 2643 3369 narrant).
2696 3297 2763 3352 Et
2793 3292 3131 3354 adduxerunt
3151 3340 3166 3367 ,
3209 3308 3264 3355 et
3296 3315 3403 3356 non
3434 3292 3591 3357 sede-

2004 3399 2150 3456 runt,
2169 3393 2263 3448 sed
2286 3391 2340 3447 in
2365 3408 2527 3446 manu
2553 3392 2914 3447 adduxerunt.
2956 3388 3025 3446 Et
3052 3394 3410 3463 imposuerunt
3443 3408 3597 3463 super

2003 3500 2089 3538 eos
2119 3483 2424 3539 vestimenta
2452 3502 2570 3537 sua.
2620 3481 2738 3537 Non
2781 3482 2967 3538 sellam
3007 3498 3141 3537 auro
3176 3482 3482 3538 redimitam
3511 3480 3596 3537 vel

2005 3584 2251 3647 argento,
2282 3577 2407 3645 quia
2448 3566 2788 3631 solummodo
2820 3577 2885 3630 ad
2924 3575 3240 3646 mysterium
3274 3575 3380 3633 ista
3411 3573 3592 3645 requi-

2004 3668 2179 3721 rebat.
2232 3663 2476 3720 Plurima
2532 3676 2707 3720 autem
2750 3666 2904 3720 turba
2961 3674 3256 3720 straverunt
3295 3665 3597 3720 vestimenta

2006 3771 2104 3809 sua
2150 3757 2203 3810 in
2248 3757 2350 3809 via.
2409 3754 2487 3810 Ne
2537 3755 2735 3811 asellus
2779 3755 2834 3809 in
2880 3742 3093 3812 foveam
3144 3755 3439 3811 decideret.
3492 3750 3596 3808 Alii

2007 3846 2329 3901 vestimenta
2361 3862 2479 3912 sua,
2511 3846 2603 3900 alii
2636 3864 2817 3903 ramos
2849 3840 2913 3902 de
2944 3845 3230 3902 arboribus
3258 3834 3594 3905 sternebant.

2010 3934 2199 3989 Turbte
2230 3942 2403 3988 autent
2432 3952 2549 4005 qua:
2578 3933 2956 4005 prcecedebant,
2990 3945 3036 3989 et
3072 3950 3189 4007 qua:
3218 3932 3588 4006 sequebantur,

2009 4027 2309 4083 clamabant
2350 4024 2600 4081 dicentes.
2660 4014 3312 4098 Turbze’prazcedebant,
3366 4042 3486 4098 quae
3532 4026 3599 4085 de

2010 4123 2229 4180 civitate
2256 4130 2524 4178 venerunt
2550 4123 2769 4178 obviam
2800 4123 2871 4178 ei.
2923 4120 3324 4197 Sequebantur,
3371 4137 3492 4192 quae
3533 4122 3600 4179 de

2008 4212 2226 4275 Iericho
2265 4227 2320 4273 et
2354 4216 2421 4272 de
2454 4217 2574 4271 aliis
2604 4217 2917 4273 civitatibus
2956 4233 3079 4273 eum
3118 4223 3318 4273 secuta:
3349 4224 3477 4272 sunt
3504 4231 3597 4271 ve-

2009 4313 2223 4371 nientes
2248 4312 2317 4367 ad
2344 4312 2486 4367 diem
2513 4309 2707 4365 festum
2740 4298 2978 4365 Pascha).
3016 4308 3231 4364 Osanna
3253 4308 3365 4378 ﬁlio
3390 4306 3559 4362 David
3581 4306 3600 4358 !

2011 4404 2306 4460 benedictus
2335 4398 2423 4474 qui
2459 4402 2592 4458 venit
2624 4402 2678 4456 in
2709 4403 2913 4457 nomine
2939 4386 3197 4456 Dominil
3230 4399 3448 4456 Osanna
3479 4415 3601 4456 ver-

2009 4496 2140 4551 bum
2168 4494 2452 4550 llebrazum
2477 4501 2581 4559 est,
2604 4494 2961 4563 compositum
2988 4508 3055 4547 ex
3080 4492 3295 4560 integro
3318 4500 3596 4560 corrupto.

2015 4588 2230 4645 Salvum
2256 4587 2342 4656 [ac
2371 4572 2511 4657 apud
2542 4583 2797 4641 Hebraeos
2819 4584 3015 4639 dicitur
3035 4600 3261 4649 osanna,
3290 4582 3597 4653 interiectio

2016 4677 2378 4748 deprecantis.
2418 4677 2485 4731 Et
2516 4692 2638 4731 cum
2671 4674 2972 4745 junguntur
3001 4673 3246 4747 insimul,
3282 4674 3528 4730 aufertur
3557 4676 3595 4739 i,

2017 4784 2115 4839 per
2145 4765 2537 4837 synaloepbam,
2566 4766 2640 4820 ita
2669 4774 2727 4819 ut
2752 4781 2850 4820 nec
2879 4765 3170 4830 scribatur,
3201 4771 3258 4819 et
3286 4764 3348 4819 ﬁt
3370 4779 3595 4834 osanna.

2019 4858 2063 4912 0
2095 4864 2427 4927 separatum,
2460 4866 2515 4911 et
2540 4872 2565 4910 ε
2594 4855 2941 4925 conjunctum
2960 4870 3092 4911 cum
3119 4873 3153 4909 a
3181 4864 3239 4913 et
3264 4874 3319 4911 n.
3358 4856 3601 4926 Denique

2018 4956 2072 5005 et
2116 4948 2168 5002 in
2207 4947 2414 5017 psalmo
2450 4948 2748 5003 centesimo
2778 4944 3007 5015 septimo
3042 4946 3281 5012 decimo,
3328 4944 3419 5001 ubi
3462 4946 3600 5005 scri-

2016 5050 2171 5112 ptum
2197 5049 2283 5094 est
2311 5034 2451 5111 apud
2476 5054 2575 5094 nos
2600 5056 2611 5092 :
2640 5036 2684 5091 0
2713 5036 2953 5102 Domine,
2970 5037 3174 5093 salvum
3199 5037 3307 5107 fac,
3333 5046 3390 5094 et
3416 5038 3471 5093 in
3498 5037 3602 5093 Ho-

2020 5132 2166 5201 braeo
2203 5148 2405 5187 osanna
2444 5130 2626 5184 habet.
2675 5126 2990 5184 Benedictus
3015 5130 3106 5199 qui
3141 5130 3279 5184 venit
3306 5129 3363 5184 in
3391 5128 3601 5185 nomine

2018 5222 2252 5277 Domini.
2283 5222 2408 5277 ideo
2427 5218 2743 5275 benedictus
2766 5220 2892 5289 quia
2919 5220 2972 5275 in
2997 5219 3217 5275 nomine
3236 5218 3413 5279 Patris
3432 5218 3597 5275 venit.

2019 5313 2170 5370 Alius
2196 5315 2341 5368 venit
2376 5314 2433 5367 in
2471 5311 2689 5367 nomine
2725 5326 2845 5378 suo,
2883 5319 2938 5366 et
2972 5311 3094 5367 ideo
3120 5312 3228 5367 erit
3256 5311 3595 5371 maledicus.

2021 5405 2159 5473 Quia
2187 5421 2253 5461 ex
2284 5412 2436 5475 parte
2466 5401 2666 5471 aliquid
2693 5402 2947 5469 diximus,
2972 5417 3116 5457 nunc
3141 5401 3461 5472 spiritaliter
3485 5417 3605 5473 per-

2021 5511 2323 5552 curramus.
2374 5493 2633 5549 Dominus
2664 5493 2811 5548 venit
2850 5494 2918 5549 ad
2957 5501 3199 5551 montem
3226 5493 3452 5562 oliveti,
3499 5494 3606 5553 hoc

2019 5600 2102 5647 est
2140 5593 2205 5645 ad
2242 5588 2543 5644 Ecclesium
2580 5604 2769 5654 suam,
2806 5602 2911 5643 non
2941 5586 3089 5658 quod
3118 5594 3245 5643 tunc
3280 5596 3463 5655 esset,
3504 5587 3603 5643 sed

2017 5697 2180 5754 quam
2220 5680 2511 5750 quaerendo
2536 5696 2688 5735 suam
2726 5677 2875 5743 fecit,
2916 5678 2971 5734 in
3002 5694 3106 5748 qua
3145 5688 3230 5735 est
3263 5678 3510 5737 laborum
3548 5686 3606 5735 et

2020 5771 2267 5827 dolorum
2299 5770 2560 5825 solamen.
2613 5771 2681 5825 Et
2709 5770 2911 5825 mansit
2936 5770 2992 5825 in
3019 5769 3314 5835 Bethania,
3356 5769 3604 5826 videlicet

2017 5864 2073 5920 in
2102 5863 2261 5918 domo
2289 5863 2639 5930 obedientise,
2688 5862 2814 5933 quia
2852 5870 2977 5917 ante
3008 5862 3324 5934 passionem
3359 5873 3511 5915 suam
3549 5867 3603 5913 et
