3988 6482
513 377 650 442 imi
677 387 696 420 "

1291 385 1678 442 CHRISTIANI
1714 386 2612 454 DRU'IHIIMHEEOIBBBNSIS
2643 395 2948 456 MONACHI

3631 409 3786 478 ΗΕ,

509 498 870 558 Γυῖιᾶαπὶθηιει
882 500 1146 562 Ecclesiae
1159 505 1276 555 sum
1292 502 1438 571 jacta
1461 509 1638 566 erant;
1665 511 1732 558 et-
1747 503 1816 558 in.
1833 517 1898 558 ea
1921 519 2043 572 arar

2142 521 2334 576 usam
2361 523 2538 579 cum
2565 511 2756 582 vulsus
2779 512 3608 598 -νεηθωιοευιπ-Ῥομξιέεμω
3633 525 3779 586 dice-

507 595 797 666 de‘i'qui-bus
821 595 926 650 dici
949 601 1199 664 poterat:
1233 591 1402 662 Super
1426 609 1590 664 quem
1605 594 1946 662 requiescam,
1971 597 2074 650 nisi

503 697 666 755 super
695 681 940 740 tantilem
979 693 1031 738 et
1069 685 1302 754 quietum
1321 725 1338 749 ,
1381 693 1434 738 et
1475 691 1780 740 trementem
1809 701 2074 742 camertes
2119 739 2122 744 .

503 779 643 830 meos
667 774 693 828 ?

495 965 720 1029 propter
753 960 862 1014 duo
901 959 1176 1023 mndata,
1221 959 1562 1014 dilectionem
1597 961 1692 1014 Dei
1721 969 1776 1014 et
1797 962 2070 1031 proximi;

495 1045 750 1119 prtecepit
777 1049 878 1104 sibi
907 1049 1147 1104 exhiberi
1193 1048 1402 1102 asinam
1429 1058 1485 1104 et
1505 1049 1728 1118 pullum,
1776 1048 1988 1105 Iudaeos
2017 1060 2072 1106 et
2117 1091 2122 1094 .

495 1151 712 1210 gemes,
741 1140 868 1208 quia
895 1141 1198 1195 secundum
1217 1139 1388 1195 Deum
1413 1138 1596 1196 Iudaea
1627 1150 1802 1196 mater
1830 1151 1914 1196 est
1941 1159 2074 1212 gen-
2111 1173 2114 1176 -

495 1233 649 1286 tium.
683 1231 963 1300 Invenietis
997 1233 1200 1286 asinam
1227 1230 1502 1301 alligatam
1529 1241 1578 1285 et
1607 1231 1809 1302 pullum
1839 1249 1956 1286 cum
1983 1251 2064 1288 ea.

491 1323 627 1391 Quia
671 1323 1185 1394 quando-Dominus
1223 1324 1462 1388 advenit,
1503 1325 1682 1378 omnis
1709 1325 1941 1380 mundus
1967 1328 2070 1382 sub

488 1403 726 1482 peccatis
749 1413 1100 1483 originalibus
1130 1413 1382 1468 astrictus
1407 1414 1710 1467 tenebatur.
1739 1411 1946 1468 Solvite
1965 1429 2067 1484 per

487 1505 846 1562 ministerium
869 1513 1129 1560 vestrum.
1157 1503 1504 1558 Adduxerunt
1527 1503 1753 1572 apostoli
1775 1505 1844 1558 ad
1866 1504 2060 1574 ipsum.

485 1594 556 1647 Et
597 1595 957 1665 imposuerunt
1019 1596 1357 1656 vestimenta,
1409 1593 1686 1648 doctrinas
1737 1607 1942 1646 sacras.
1997 1593 2065 1646 Et

483 1687 756 1742 Christum
797 1689 1024 1758 desuper
1061 1688 1240 1743 sedere
1265 1687 1516 1756 fecerunt,
1567 1695 1628 1740 ut
1661 1687 1750 1756 qui
1789 1688 2062 1742 habebant

481 1787 608 1833 ante
637 1793 900 1835 sessorem
949 1781 1243 1844 diabolum,
1293 1780 1554 1834 haberent
1587 1779 1837 1848 deinceps
1861 1780 2048 1835 Deum.

565 863 726 950 Misit“
761 866 895 922 duos
933 837 1218 936 discipulos
1246 873 1481 938 propter
1517 868 1649 922 duos
1689 869 1934 939 populos,
1977 883 2074 926 seu
2103 907 2106 910 ι

2179 598 2322 654 bant.
2372 599 2641 671 Pauperes
2689 605 3058 674 praedicabant
3087 605 3394 668 Dominum,
3405 601 3786 686 prophetam,

2175 689 2302 756 quia
2323 690 2410 750 ad.
2429 690 2574 758 ipsos
2595 693 2864 768 principes
2887 709 2996 762 non
3020 695 3286 752 audebant
3311 698 3502 756 dicere
3519 719 3534 753 :
3551 701 3666 758 Hic
3695 715 3778 760 est

2175 778 2559 846 Chrislnsiaut;
2596 783 2760 850 Deus,
2793 785 2887 840 sed
2921 793 3128 856 tantum
3151 790 3438 858 propheta.
3461 791 3558 846 .Et
3583 789 3778 862 tamen

2141 884 2274 934 nec
2285 872 2720 938 mentiebantur,
2759 875 3140 942 quiaetDeus
3169 878 3608 956 ,seipsumdixit
3641 898 3774 952 pro-
3815 949 3818 954 ι

2173 959 2411 1028 phetam.
2461 959 2564 1016 Hic
2597 971 2671 1018 est
2698 962 2854 1018 Iesus
2887 964 3198 1020 Nazarenus
3219 955 3492 1034 Δ(ἔαλίιὶεᾱι.
3527 970 3630 1024 Est
3659 970 3768 1028 Na-

2173 1053 2358 1108 zareth
2399 1052 2526 1118 villa
2569 1053 2628 1108 in
2662 1052 2900 1120 Galilaaa,
2937 1055 3272 1128 ubiangelus
3298 1057 3532 1116 Gabriel
3549 1061 3772 1119 locutus

2170 1149 2254 1195 est
2281 1143 2346 1196 ad
2367 1151 2610 1200 sanctam
2635 1144 2860 1200 Mariam
2881 1147 2955 1208 de
2979 1147 3190 1204 Domini
3219 1151 3640 1208 incarnatione.
3673 1153 3770 1208 Est

2169 1230 2440 1294 Nazareth
2471 1235 2662 1292 civitas
2688 1236 2778 1290 ubi
2807 1239 3045 1294 nutritus
3071 1238 3192 1308 fuit,
3231 1257 3265 1296 a
3294 1257 3404 1312 qua
3433 1244 3766 1304 Nazarenus

2169 1323 2342 1378 dictus
2367 1333 2466 1380 est.
2501 1326 2570 1380 Et
2601 1328 2812 1382 intravit
2845 1327 3004 1384 Jesus
3035 1333 3092 1384 in
3119 1333 3370 1402 templum
3399 1335 3528 1388 Dei.
3563 1337 3768 1394 Exem-

2165 1414 2312 1482 plum
2338 1417 2484 1472 dedit
2499 1419 2776 1484 omnibus,
2805 1422 3318 1492 quandocunquein
3348 1426 3644 1484 civitatem
3673 1439 3766 1488 aut

2165 1501 2222 1556 in
2249 1503 2432 1558 villam
2461 1507 2700 1572 veniunt,
2728 1509 2912 1564 statim
2943 1510 3010 1564 ad
3039 1511 3302 1582 templum
3329 1514 3560 1576 Βοωὼί
3589 1517 3764 1573 Deum

2164 1601 2428 1660 quaerant,
2457 1601 2513 1650 et
2543 1603 2728 1664 postea
2767 1596 3100 1668 faciantpro
3127 1601 3322 1670 quibus
3349 1615 3656 1660 venerunt.
3695 1607 3762 1662 Et

2162 1682 2400 1750 ejiciebat
2427 1701 2604 1740 omnes
2631 1686 2904 1742 uendentes
2933 1698 2982 1742 et
3010 1700 3233 1746 ementes
3259 1692 3328 1746 in
3365 1694 3588 1762 templo.
3623 1696 3760 1762 Quia

2163 1773 2470 1828 sacerdotes
2513 1775 2760 1830 fenerare
2808 1778 3094 1846 pecuniam
3131 1795 3238 1834 non
3278 1781 3585 1848 audebant,
3631 1786 3758 1852 quia

481 1871 636 1944 Nam,
661 1871 751 1926 alii
789 1873 1132 1944 evangelista:
1175 1871 1265 1940 qui
1312 1873 1378 1927 de
1415 1872 1668 1941 gentibus
1697 1873 2051 1942 scripserunt,
2083 1852 2131 1910 B
2159 1862 2506 1932 PPOhibimm.
2529 1873 2646 1918 erat
2685 1865 2738 1918 in
2783 1865 2932 1936 1930.
2979 1868 3425 1936 excogitaverunt
3477 1875 3758 1939 quomodo

483 1941 686 2032 pullum
725 1941 1060 2017 solummodo
1103 1969 1526 2017 commemorant
1569 1941 1876 2016 adductum.
1919 1963 2054 2016 Mat-
2155 1962 2374 2021 P0559!“-
2397 1953 2528 2008 ίΠυά
2557 1954 2810 2009 damnum
2839 1970 3271 2026 recompensal‘e.
3301 1961 3430 2028 quia
3454 1963 3758 2018 veniebant

485 2053 656 2106 tbaeus
683 2065 829 2118 vero,
862 2053 954 2122 qui
979 2049 1178 2106 ludatis
1205 2050 1550 2106 credentibus
1571 2051 1858 2115 scribebat,
1889 2053 2053 2106 etiam
2135 2043 2308 2116 multi
2331 2045 2394 2098 de
2425 2045 2729 2114 longinquis
2758 2045 2910 2109 locis,
2950 2049 3042 2116 qui
3069 2065 3177 2102 non
3205 2049 3488 2106 habebant
3519 2068 3648 2122 qua:
3675 2053 3755 2107 ol-

485 2144 652 2199 asinaa
689 2144 1017 2198 mentionem
1061 2141 1206 2206 facit,
1247 2149 1308 2196 ut
1342 2139 1555 2196 Judatos
1595 2141 1843 2195 ostendat
1891 2140 2053 2195 ﬁdem

477 2237 680 2293 Christi
727 2245 1088 2308 suscepturos.
1134 2235 1416 2302 Quomodo
1465 2249 1598 2288 vero
1642 2249 1710 2288 ex
1751 2241 1864 2290 toto
1903 2235 2052 2290 colli-

474 2329 646 2399 genda
668 2329 960 2400 gentilitas,
978 2327 1160 2382 Judaea
1183 2327 1240 2380 in
1268 2325 1375 2381 ﬁne
1397 2325 1716 2392 differenda,
1750 2342 1912 2396 super
1934 2328 2052 2397 pul-

475 2419 584 2471 lum
617 2419 822 2472 sedisse
856 2419 1072 2472 dicitur.
1119 2418 1186 2472 Et
1223 2418 1362 2472 bene
1413 2417 1652 2492 dicitur:
1681 2417 1856 2487 Super
1889 2433 2048 2488 quem

474 2508 650 2562 nullus
689 2507 968 2561 hominum
995 2509 1151 2572 sedit,
1181 2507 1306 2576 quia
1331 2508 1507 2562 nullus
1532 2508 1815 2563 doctorum
1853 2511 1918 2562 ad
1954 2525 2046 2566 eos

473 2600 672 2653 missus
711 2598 906 2663 fuerat,
936 2600 1028 2668 qui
1056 2614 1148 2654 eos
1173 2615 1203 2653 a
1224 2599 1495 2654 locutione
1515 2599 1600 2654 vel
1622 2601 1690 2655 ab
1711 2615 1874 2668 opere
1901 2601 2045 2656 malo

473 2689 751 2744 refrenare
793 2691 1027 2744 doceret.
1073 2689 1312 2745 Plurima
1349 2701 1522 2744 autem
1553 2691 1707 2744 turba
1753 2701 2042 2748 straverunt

469 2781 764 2833 vestimenta
792 2795 888 2832 sua
917 2780 972 2832 in
989 2780 1098 2832 via.
1121 2777 1260 2845 Quia
1291 2779 1444 2833 multi
1486 2778 1736 2848 gentibus
1778 2780 2042 2835 dederunt

469 2882 696 2938 corpora
727 2883 824 2923 sua
865 2883 964 2938 pro
993 2868 1222 2922 Domino
1261 2868 1318 2922 in
1365 2868 1706 2937 martyrium,
1750 2875 1810 2922 ut
1849 2869 2042 2924 darent

468 2959 586 3014 aliis
610 2961 912 3029 exemplum
944 2959 1178 3030 qualiter
1202 2957 1374 3014 Deum
1404 2973 1589 3014 amare
1617 2961 1894 3014 deberent.
1932 2961 2039 3014 Alii

471 3048 733 3102 caedebant
796 3065 968 3103 ramos
1016 3049 1081 3103 de
1127 3048 1398 3103 arboribus
1435 3065 1454 3103 :
1497 3051 1744 3105 doctores
1793 3052 2037 3122 exempla

469 3147 778 3194 sanctorum
825 3141 904 3194 eis
947 3141 1339 3210 proponebant,
1386 3141 1454 3196 ad
1489 3143 1881 3197 cohortandum
1919 3157 2030 3199 eos.

467 3229 535 3282 Et
570 3232 660 3300 qui
705 3231 1064 3300 praecedebant
1094 3241 1140 3284 et
1177 3232 1268 3302 qui
1309 3233 1674 3302 sequebantur.
1705 3233 2034 3291 Patriarchte

465 3325 519 3371 et
545 3319 819 3388 prophetae
851 3328 1261 3388 praecesserunt,
1303 3330 1360 3376 et
1393 3337 1491 3377 nos
1539 3325 1836 3393 sequimur,
1865 3341 2032 3380 unum

465 3409 634 3464 Deum
679 3409 966 3464 adorantes
1009 3425 1282 3480 unumque
1331 3413 1714 3483 supplicantes.
1779 3415 2034 3481 Quamvis

463 3499 631 3556 Judaei
667 3517 834 3556 unum
863 3502 1148 3558 Dominum
1171 3513 1416 3560 nostrum
1435 3504 1618 3562 Iesum
1648 3506 1920 3562 Christum
1949 3523 2034 3564 re-

461 3594 682 3663 cipiant,
713 3610 810 3649 nos
837 3603 1015 3650 tamen
1041 3597 1097 3650 in
1125 3596 1374 3653 eumdem
1404 3599 1704 3666 credimus;
1733 3599 1898 3654 Deum
1929 3601 2033 3655 lle-

463 3683 730 3738 braaorum
757 3700 856 3739 nos
875 3687 1147 3742 credimus
1177 3688 1407 3743 adorare
1435 3688 1746 3744 ﬁrmissima
1779 3691 1903 3754 ﬁde,
1945 3693 2030 3746 cui

463 3771 690 3827 dicimus
713 3776 854 3844 quod
876 3775 1010 3830 dixit
1035 3775 1202 3830 David
1227 3795 1240 3829 :
1271 3776 1315 3830 0
1339 3776 1582 3842 Domine,
1607 3777 1808 3832 salvum
1833 3797 1928 3834 nos
1947 3781 2030 3848 fac

459 3869 514 3916 et
541 3863 594 3916 in
625 3871 788 3930 terra,
838 3874 894 3919 et
931 3867 1131 3935 perduc
1155 3867 1223 3920 ad
1258 3868 1532 3922 caelestem
1563 3868 1862 3925 Jerusalem
1903 3886 2028 3940 pos-

461 3959 738 4014 sidendam
767 3967 820 4016 et
841 3961 1208 4016 habitandam.
1253 3962 1416 4017 Juxta
1454 3978 1751 4036 anagogen,
1791 3965 1836 4020 si
1874 3981 2028 4020 man—

460 4049 581 4102 data
613 4049 827 4102 Domini
855 4050 1205 4116 custodimus,
1251 4053 1457 4107 habitat
1490 4063 1545 4108 et
1582 4055 1834 4125 praesidet
1871 4054 2033 4110 Chri-

461 4143 577 4189 stus
599 4136 651 4188 in
679 4152 904 4205 corpore
927 4147 1130 4196 nostro.
1171 4141 1238 4195 Et
1273 4143 1586 4198 vestimenta
1613 4145 2024 4214 prosternimus,

460 4223 504 4280 si
547 4237 774 4293 corpora
805 4241 900 4294 per
926 4228 1305 4284 abstinentiam
1334 4234 1676 4302 castigamus,
1712 4241 1773 4286 ut
1815 4249 2028 4302 semper

457 4314 508 4367 ei
533 4307 676 4368 viam
697 4329 972 4384 paremus,
1003 4323 1060 4370 et
1081 4315 1203 4373 aliis
1223 4320 1421 4372 bonum
1449 4322 1754 4391 exemplum
1796 4325 2027 4378 actionis

457 4407 814 4476 praebeamus.
861 4406 1104 4463 Frondes
1151 4409 1448 4475 avellimus,
1477 4411 1521 4464 si
1552 4411 1605 4464 in
1647 4411 1890 4466 doctrina
1935 4428 2027 4467 ve-

457 4497 636 4552 ritatis
677 4499 974 4553 sententias
1021 4497 1240 4553 Patrum
1281 4501 1638 4570 excerpimus.
1691 4503 1758 4555 Et
1801 4503 2022 4558 benedi-

2051 4541 2103 4600 D

2153 2133 2376 2190 ferrent.
2413 2136 2764 2207 Accipiebant
2801 2139 2944 2208 ipsas
2971 2155 3098 2194 aves
3129 2141 3214 2195 vel
3245 2151 3448 2196 caetera
3483 2160 3614 2213 quae
3639 2147 3750 2216 jam

2154 2227 2278 2280 data
2313 2225 2528 2282 fuerant
2562 2229 2614 2284 in
2641 2229 2858 2298 templo,
2898 2239 2952 2284 et
2981 2229 3180 2284 dabant
3206 2232 3274 2286 ad
3309 2233 3674 2290 vendendum
3699 2249 3752 2292 et

2135 2311 2249 2372 tali
2291 2319 2452 2374 modo
2493 2320 2764 2374 habebant
2806 2323 2948 2390 ipsas
2977 2335 3066 2377 res
3091 2331 3146 2377 et
3171 2333 3464 2396 argentum
3491 2344 3600 2397 pro
3629 2331 3748 2394 eis;

2149 2417 2204 2462 et
2227 2410 2318 2478 qui
2347 2427 2454 2464 non
2478 2411 2750 2466 habebant
2775 2414 3028 2482 pretium,
3055 2415 3396 2484 accipiebant
3417 2429 3622 2473 mutuo
3649 2437 3666 2482 ;
3697 2432 3750 2476 et

2148 2497 2242 2552 tali
2273 2501 2433 2554 modo
2461 2501 2842 2568 deprzedabant
2880 2517 3164 2572 pauperes,
3203 2513 3260 2560 et
3279 2521 3391 2560 non
3417 2511 3744 2566 considera-

2143 2590 2279 2646 bant
2306 2592 2448 2660 quod
2491 2592 2626 2647 dixit
2667 2594 2807 2648 Deus
2851 2595 3275 2652 miscricordiam
3301 2615 3362 2654 se
3391 2605 3581 2672 magis
3609 2605 3746 2660 velle

2145 2691 2308 2746 quam
2337 2679 2680 2734 sacriﬁcium.
2725 2681 2887 2736 Istam
2927 2683 3384 2753 deprazdationem
3425 2689 3744 2761 intelligens

2144 2767 2435 2832 Dominus,
2481 2767 2918 2841 fecitvllagellum
2969 2787 3036 2826 ex
3079 2772 3352 2838 funiculis,
3405 2787 3460 2832 et
3515 2793 3740 2836 omnem

2141 2859 2542 2916 multitudinem
2582 2861 2742 2933 ejecit
2773 2865 2839 2918 de
2867 2865 3087 2935 templo,
3139 2866 3194 2919 in
3224 2867 3436 2923 duobus
3469 2885 3738 2938 magnum

2140 2952 2469 3023 principibus
2495 2955 2806 3012 scandalum
2837 2959 3138 3026 concitans,
3180 2961 3294 3016 sive
3315 2963 3446 3030 quia
3481 2965 3734 3032 ipsorum

2139 3045 2448 3100 venditores
2493 3045 2730 3114 ejiceret,
2783 3063 2878 3104 seu
2931 3050 3056 3120 quia
3105 3052 3172 3106 de
3221 3052 3424 3122 templo
3481 3067 3732 3121 curaret,

2139 3135 2280 3203 quod
2305 3136 2374 3189 ad
2397 3135 2516 3190 illos
2541 3137 2816 3205 pertinere
2835 3139 3134 3196 videbatur.
3155 3141 3224 3194 Et
3247 3159 3464 3197 metuas
3489 3162 3710 3198 nurnine

2137 3220 2413 3276 lariorum.
2467 3223 2748 3279 Monetarii
2800 3228 3070 3284 habebant
3113 3245 3330 3285 mensas
3376 3240 3430 3286 et
3475 3234 3730 3289 denarios

2135 3311 2382 3381 desuper,
2399 3313 2465 3368 ad
2487 3317 2923 3372 commutantium
2944 3319 2990 3372 si
3011 3320 3134 3387 quis
3153 3320 3332 3374 vellet.
3349 3321 3421 3374 Et
3441 3325 3730 3379 cathedras

2133 3401 2462 3455 vendentium
2487 3403 2754 3459 columbas
2774 3409 2972 3462 evertit.
2997 3407 3134 3474 Quia
3156 3426 3284 3466 aves
3306 3413 3432 3468 ista:
3461 3414 3724 3484 frequen-

2132 3497 2218 3546 ter
2237 3491 2564 3560 jubebantur
2589 3496 2802 3564 offerri,
2839 3507 2896 3554 et
2935 3501 2989 3554 in
3027 3501 3208 3557 multis
3243 3505 3726 3574 puriﬁcationibus

2133 3583 2312 3638 chara:
2337 3583 2442 3642 illic
2467 3595 2641 3653 erant,
2675 3588 2816 3643 sicut
2846 3598 2900 3644 et
2919 3593 2986 3646 de
3005 3595 3316 3661 passeribus
3341 3597 3605 3666 legimus.
3645 3599 3728 3654 ld-

2134 3673 2280 3728 circo
2301 3675 2679 3754 honorativiri
2705 3689 2884 3747 erant,
2917 3683 3006 3750 qui
3036 3686 3179 3754 ipsas
3205 3687 3492 3743 columbas
3527 3691 3726 3744 vende-

2131 3762 2280 3828 bant,
2313 3766 2403 3834 qui
2433 3774 2490 3820 et
2523 3769 2814 3826 cathedras
2841 3773 2910 3826 ad
2937 3775 3228 3828 sedendum
3257 3777 3564 3834 habebant.
3601 3779 3722 3848 Spi-
3791 3797 3800 3810 ·

2131 3851 2362 3906 ritaliter
2382 3869 2512 3910 vero
2536 3857 2882 3914 nummularii
2911 3869 3056 3928 sunt,
3085 3863 3178 3931 qui
3201 3865 3586 3938 verbaldivina
3617 3883 3716 3920 an-

2131 3941 2379 3997 nuntiare
2405 3943 2602 4000 debent
2630 3945 2684 4000 in
2715 3950 2947 4018 populis,
2979 3953 3103 4022 quia
3126 3953 3350 4023 Eloquia
3371 3955 3596 4010 Domini
3615 3959 3720 4012 elo-

2129 4033 2254 4101 quia
2287 4043 2468 4100 casta,
2507 4047 2780 4106 argentum
2832 4043 2948 4110 igne
2971 4047 3372 4120 examinatum.
3427 4047 3536 4114 Qui
3581 4064 3716 4120 ergo

2130 4123 2495 4191 speculatores
2521 4135 2648 4180 sunt
2671 4127 2798 4184 facti
2841 4131 2898 4185 in
2925 4117 3136 4203 populis
3161 4143 3214 4189 et
3247 4151 3356 4190 non
3385 4117 3718 4194 annuntiant

2129 4209 2208 4266 eis
2255 4212 2568 4282 iniquitates
2604 4231 2793 4274 eorum
2835 4235 2954 4290 quae
2983 4221 3206 4290 faciunt,
3237 4225 3330 4280 sed
3353 4227 3636 4295 placentia
3663 4239 3716 4283 et

2129 4301 2462 4372 favorabilia,
2513 4306 2753 4364 dicentes
2798 4311 2962 4382 impio
2989 4297 3003 4368 ἐ
3033 4314 3210 4372 Bonus
3237 4331 3318 4382 es,
3347 4319 3442 4372 isti
3463 4332 3600 4374 sunt
3621 4321 3712 4392 qui

2127 4396 2471 4476 nummularii
2531 4410 2866 4458 commutant
2916 4417 3214 4476 argentum.
3269 4407 3374 4463 Per
3429 4411 3714 4467 columbas

2127 4473 2522 4555 vero'spiritus
2541 4497 2654 4544 sive
2682 4493 2882 4549 donum
2927 4473 3157 4564 Spiritus
3198 4501 3394 4552 sancti.
3435 4501 3546 4567 Qui
3585 4519 3714 4572 ergo

452 4597 602 4642 ctum
631 4589 682 4642 in
714 4590 930 4644 nomine
958 4589 1172 4643 Domini
1215 4591 1553 4657 conﬁtemur,
1597 4593 1724 4662 quia
1767 4609 1874 4648 una
1901 4611 2024 4664 spes
2053 4574 2103 4600 υ
2128 4574 2356 4642 gratiam
2397 4575 2629 4645 spiritus
2675 4583 2870 4646 sane“:
2919 4599 3079 4653 (illam
3119 4586 3248 4640 dare
3278 4587 3480 4642 debent
3519 4594 3708 4660 gratia

449 4685 639 4731 nostra
687 4687 743 4731 et
783 4678 914 4731 ﬁdes
955 4679 1367 4746 prateedentium
1401 4691 1456 4738 et
1491 4685 1826 4753 sequentium
1855 4701 2025 4755 p0pu-

453 4765 650 4822 lornm.
704 4829 710 4836 _

528 4857 598 4908 Et
625 4873 742 4910 cum
769 4859 1016 4912 intrasset
1051 4857 1490 4932 Hierosolymam,
1519 4875 1774 4920 commota
1798 4876 1872 4921 est
1903 4870 2022 4922 uni-

457 4961 602 5000 uersa
627 4947 826 5000 civitas.
857 4947 1112 5003 lntroitus
1149 4954 1204 5004 in
1241 4953 1537 5006 Jerusalem
1566 4955 1754 5022 quinta
1781 4958 1868 5012 die
1894 4967 2022 5014 ante

454 5035 683 5100 Pascha,
727 5037 858 5090 feria
899 5042 1148 5102 secunda,
1187 5057 1290 5112 qua
1318 5044 1404 5098 die
1432 5051 1488 5096 et
1517 5059 1684 5113 agnus
1709 5047 1798 5114 qui
1829 5050 2020 5103 immo-

453 5127 644 5181 landos
677 5137 796 5183 erat
820 5130 872 5183 in
899 5131 1105 5185 Pascha
1129 5131 1418 5199 jubebatur
1439 5135 1654 5190 domum
1677 5138 1944 5195 introduci
1963 5151 2018 5196 et

453 5218 656 5271 servari
703 5233 870 5287 usque
907 5221 1256 5290 ari-quartam
1309 5225 1572 5280 decimam
1615 5227 1824 5294 lunam;
1867 5238 1920 5283 et
1959 5239 2020 5284 ut

450 5309 760 5365 ostenderet
795 5313 936 5378 quod
975 5327 1082 5366 non
1120 5313 1338 5379 invitus,
1379 5315 1472 5370 sed
1501 5327 1692 5386 sponte
1720 5320 1786 5372 ad
1816 5322 2018 5388 passio-

451 5409 572 5450 nem
604 5403 836 5468 veniret,
867 5405 1042 5459 locum
1086 5406 1352 5474 passionis
1390 5409 1539 5474 adiit,
1585 5419 1640 5464 et
1687 5415 2019 5482 exspectavit

447 5501 546 5556 per
585 5489 728 5556 ipsos
773 5495 889 5549 dies
929 5511 1207 5568 quousque
1253 5501 1820 5569 comprehenderetur.
1855 5503 2014 5558 Com-

450 5585 592 5630 mota
637 5587 712 5630 est
749 5586 989 5638 universa
1025 5587 1226 5640 ciuitas.
1256 5588 1358 5641 Alii
1405 5605 1503 5660 pro
1537 5593 1814 5648 voluntate
1853 5595 2015 5659 bona,

449 5665 540 5718 alii
589 5679 689 5734 pro
731 5669 890 5722 mala.
931 5671 999 5726 Et
1039 5673 1114 5727 illi
1147 5677 1236 5742 qui
1275 5677 1568 5733 dicebant:
1599 5679 1728 5744 Quis
1773 5692 1848 5736 est
1891 5683 2018 5737 hic?

447 5755 722 5825 principes
745 5767 922 5812 erant.
943 5760 1044 5823 Qui
1071 5767 1228 5830 quasi
1245 5767 1672 5834 dedignabatur
1697 5787 1818 5826 eum
1843 5789 2014 5843 agno-

2127 4666 2452 4733 venundant,
2489 4675 2550 4720 ut
2584 4670 2874 4739 baptisma,
2925 4673 3294 4742 impositiones
3321 4693 3548 4742 manus,
3583 4697 3710 4752 επις

2021 4797 2024 4800 .
2127 4753 2226 4808 dus
2259 4755 2674 4824 ecclesiasticos,
2709 4761 3076 4817 columbarum
3109 4767 3421 4822 venditores
3453 4783 3582 4824 esse
3625 4773 3704 4824 die

2125 4855 2341 4900 cuntur.
2375 4846 2429 4902 Si
2457 4863 2586 4920 ergo
2617 4851 2864 4906 Christus
2895 4854 2952 4907 in
2974 4855 3212 4910 Ecclesia
3243 4871 3341 4912 sua
3373 4859 3516 4916 tales
3551 4863 3700 4916 inve~

2125 4937 2286 5000 nerit,
2335 4938 2427 5006 qui
2471 4953 2571 5006 per
2619 4942 2838 5010 praemia
2887 4945 3107 4998 verbum
3139 4946 3404 5013 divinum,
3441 4955 3700 5021 mysteria

2125 5037 2297 5088 sacra,
2341 5023 2396 5077 id
2423 5031 2507 5078 est
2548 5027 2916 5096 episcopatus,
2976 5032 3410 5102 presbyteratus,
3445 5037 3702 5092 diacona-

2123 5122 2234 5180 tus,
2263 5115 2496 5168 vendant
2535 5116 2622 5170 vel
2661 5127 2862 5184 emant,
2897 5118 3180 5187 ejiciuntur
3209 5123 3276 5178 de
3303 5125 3550 5180 Ecclesia
3581 5129 3698 5192 Dei,

2124 5218 2179 5261 et
2207 5209 2476 5263 cathedra:
2504 5225 2712 5278 eorum,
2761 5213 2814 5265 id
2854 5223 2937 5268 est
2982 5216 3350 5286 magisterium
3377 5231 3694 5275 evertetur:

2123 5296 2193 5350 Et
2219 5297 2350 5351 dixit
2381 5301 2454 5352 eis
2474 5313 2492 5350 :
2521 5298 2786 5370 Scriptum
2812 5313 2909 5370 est,
2934 5303 3116 5358 domus
3139 5322 3256 5359 mea
3275 5307 3464 5362 domus
3499 5313 3702 5364 oratio-

2124 5391 2206 5444 nis
2235 5391 2518 5458 vocabitur,
2559 5409 2645 5446 vos
2681 5404 2852 5447 autem
2891 5395 3082 5464 fecistis
3109 5396 3252 5450 illam
3278 5397 3584 5468 speluncam
3613 5401 3698 5454 la-

2123 5489 2351 5536 tronum.
2387 5483 2614 5538 Domum
2643 5483 2858 5540 Domini
2885 5489 3150 5542 convertit
3183 5489 3236 5542 in
3267 5487 3582 5558 speluncam
3619 5491 3696 5544 L1-

2121 5578 2356 5637 tronum,
2383 5573 2473 5642 qui
2503 5571 2648 5627 lucra
2689 5583 2930 5630 sectatur
2965 5578 3031 5631 de
3069 5579 3343 5650 religione,
3375 5579 3458 5634 vel
3491 5591 3694 5652 myste-

2119 5662 2258 5715 rium
2301 5663 2569 5729 divinum,
2600 5679 2706 5718 non
2755 5679 2854 5734 pro
2897 5666 3020 5720 vitae
3065 5668 3260 5723 merito
3299 5675 3352 5722 et
3387 5669 3690 5738 sapientia,

2119 5767 2293 5820 neque
2325 5767 2422 5820 per
2447 5754 2763 5810 electionem
2807 5755 2964 5812 electi
3008 5764 3064 5813 et
3101 5759 3300 5828 p0puli,
3341 5763 3437 5816 sed
3469 5777 3574 5830 per
3609 5763 3696 5816 lu-

3252 6468 3280 6472 ἡ
3354 6467 3962 6482 ὴὴ--ἀ-⁷“--.Ιι---⁴
