3988 6440
238 386 435 465 uti.”

1107 388 1161 431 gl.
1200 386 2323 453 vt/~Wﬂ.mmm[)l1l
2372 392 2539 445 l/‘HT
2602 398 2751 447 nili:

3346 393 3527 461 Mitti

236 508 785 587 militesmilites:
812 506 890 570 ’δι
908 502 1421 584 irritandis-limit,
1460 509 1626 580 apud
1640 509 2127 581 Demu‘Mellpru
2150 512 2381 567 veritate
2403 510 2654 569 hama!
2676 508 3157 581 fragilitatie,«quia
3167 509 3529 575 maluerat”

236 594 598 683 non‘paster,
628 610 737 663 :sed
777 604 1151 663 mercenarius
1176 604 1555 661 ha‘bebitur'et'
1570 598 1827 671 negotiau
1856 624 1873 643 ιι
1909 604 2201 672 νωθείαν
2235 610 2396 657 nocte
2448 601 2797 673 crapulam!
2844 599 2959 657 Sen
2988 601 3219 677 .espriig.
3248 601 3529 683 saturam,“

236 690 345 769 toi,
389 700 515 773 quia
556 700 703 773 quod
740 692 905 763 dedit,
952 698 1147 769 quaerit
1192 696 1460 766 recipere,
1500 695 1672 749 idest
1698 702 1821 749 ter.»
1860 718 1863 727 -
1908 690 2587 762 perﬂdtecivitatisrquia
2612 700 2671 747 et
2696 692 2768 749 ob
2793 692 2898 749 hoc
2922 705 3081 751 mane
3106 693 3491 771 merebatur.
3520 734 3533 757 ς

240 798 373 851 re‘na
403 772 671 864 quaesivit,
710 790 1066 847 non'iuci-um
1098 786 1419 844 animarum.
1476 788 1816 843 Et'haec'est
1854 788 1863 825 δ

1911 782 1981 837 ad
2002 797 2143 847 eam,
2171 790 2232 836 ut
2254 791 2438 853 posset
2462 778 2695 852 aliquem
2717 791 3029 839 convertere
3053 802 3067 838 :
3098 783 3168 839 Et
3193 785 3370 843 videns
3393 787 3531 856 βοᾶν

238 880 549 944 siuiouiaca‘
576 878 817 940 httiesis‘.
842 878 1237 951 Unusquisque
1272 872 1531 935 nostrum!
1544 880 1841 949 templum”

1923 871 2161 926 minorem
2400 871 2988 945 Eicus-aiesrinditate
3004 874 3231 940 dicitur.
3246 878 3378 946 quia
3400 876 3484 941 h-

238 962 451 1033 Domini
496 970 834 1039 essedebet,
875 978 933 1026 ut
970 970 1171 1027 Paulus
1214 956 1383 1026 dicit:
1412 960 1678 1040 Templum
1722 968 1859 1024 Dei?

238 1068 476 1145 sanctum
515 1068 610 1128 est,
649 1062 805 1132 quod‘
832 1062 955 1137 estis
987 1076 1093 1116 vos.
1122 1061 1517 1145 .Vrdeamu's‘ne
1536 1061 1594 1114 in
1616 1059 1827 1130 templo»

240 1134 429 1213 nostro
459 1150 696 1208 inveniat
728 1134 987 1208 Dominus
1017 1136 1158 1209 aliud
1182 1140 1292 1208 nisi
1327 1138 1471 1223 φὶσά
1498 1152 1545 1207 ei
1573 1144 1815 1223 placeat;
1838 1162 1861 1179 ιε

240 1244 584 1301 dilectionem
628 1240 735 1298 Del‘
753 1246 808 1297 et
848 1240 1109 1312 proximi,
1159 1248 1214 1296 et
1243 1240 1448 1311 reliqua
1492 1241 1578 1296 his
1616 1234 1853 1297 conve-'

239 1336 465 1391 nicntia.
746 1350 747 1353 ‘
1162 1334 1167 1341 ’
1516 1352 1521 1367 λ
1594 1338 1601 1359 "
1768 1340 1769 1347 ‘

300 1424 387 1480 JEt
416 1433 743 1480 accesserunt
782 1427 851 1480 ad
876 1441 993 1481 eam
1022 1427 1146 1481 circi
1170 1431 1222 1480 et
1249 1423 1426 1480 claudi
1447 1425 1504 1478 in
1525 1422 1735 1494 templo,
1768 1431 1821 1476 st

240 1516 453 1571 sdnavit
477 1528 584 1570 eos.
600 1514 900 1571 Psalrnista
924 1531 939 1569 :
964 1514 1293 1570 Excelsus-et
1318 1514 1534 1569 humilis
1562 1513 1820 1567 Dominus

242 1586 462 1660 humilia
478 1605 705 1675 respicit,
731 1610 780 1659 et
801 1605 909 1659 alta
932 1605 1141 1676 alonge
1170 1605 1448 1674 cognoscit.
1472 1602 1738 1673 Apparuit
1762 1602 1817 1656 in

243 1690 357 1751 hoc
386 1682 536 1751 ‘dnim
578 1693 724 1773 facto
761 1706 869 1749 tam
906 1695 1159 1750 terribilis
1202 1693 1552 1764 principibus,
1585 1698 1644 1745 ut
1671 1690 1819 1746 nullo

244 1787 404 1842 modo
426 1786 476 1840 ei
502 1785 754 1841 resistere
796 1782 1079 1850 auderent,
1120 1798 1294 1853 neque
1320 1785 1519 1838 intueri
1547 1798 1688 1838 eum.
1715 1782 1819 1837 Bo-

1911 962 2245 1031 neralionelp
2261 962 2814 1021 omnibusrarberibus
2837 972 2893 1029 et
2910 965 3137 1035 inrprole
3157 974 3212 1023 et
3232 966 3288 1029 in
3308 966 3484 1029 fructu
3526 1004 3535 1050 ξ

1914 1052 2153 1108 exhibet.
2196 1052 2317 1108 Ter,
2347 1053 2490 1108 enim
2520 1056 2583 1119 ,in
2629 1069 2775 1111 amo
2804 1053 3203 1117 iruetutndert.
3235 1055 3357 1129 Sed;
3381 1060 3496 1119 ὼωι
3525 1090 3537 1139 ί

1912 1143 2081 1214 primi
2098 1143 2367 1210 meliores,
2389 1145 2583 1200 tertius
2595 1145 2715 1215 iam
2730 1146 3039 1215 despectus.
3049 1146 3489 1209 Cariamfructus
3514 1186 3535 1225 η,

1914 1232 2031 1301 ejus
2058 1233 2330 1299 dicuntur,
2369 1248 2403 1288 a
2442 1235 2595 1304 copia
2647 1236 2953 1295 nominatae.
3001 1237 3237 1299 Iniibro
3279 1238 3489 1311 Regum
3526 1270 3534 1305 ;

1916 1323 2732 1383 dicitur-:Massassasicarum.
2884 1360 2923 1385 η.
3032 1372 3037 1385 .
3092 1362 3099 1383 ι
3332 1388 3335 1397 λ
3410 1382 3415 1389 .
3464 1384 3467 1391 ,

1980 1409 2148 1467 Venit
2174 1428 2296 1482 ergo
2322 1412 2399 1469 ad
2418 1412 2717 1481 ﬁculnum.
2749 1413 2864 1475 Non
2886 1416 3029 1486 quod
3053 1416 3328 1488 ignoraret
3345 1422 3488 1490 quod
3530 1484 3535 1500 δ

1918 1498 2151 1555 fructum
2183 1503 2563 1573 non‘habe‘ret,
2600 1504 2729 1572 quia
2759 1520 2867 1565 non
2906 1515 3029 1569 erat
3067 1516 3315 1579 tempus;
3365 1521 3495 1569 ante

1918 1589 2321 1647 PaSchaenim
2358 1601 2505 1658 erat,
2549 1595 2643 1651 sed
2682 1603 2757 1650 ut.
2779 1599 3092 1655 ostenderet
3112 1601 3247 1671 quid
3269 1612 3492 1665 eventra
3520 1624 3535 1667 ει

1918 1696 2039 1737 rum
2066 1690 2212 1739 esset
2235 1681 2641 1755 Synagogzevel
2665 1688 2892 1756 civitati,
2920 1707 3089 1765 quam,
3106 1698 3380 1765 praeterita
3402 1699 3494 1761 dig
3534 1734 3539 1743 .

1920 1771 2161 1829 ﬂeverat.
2195 1773 2349 1830 Sicut
2374 1777 2519 1833 enim
2556 1780 2705 1834 venit
2744 1781 2813 1835 ad
2860 1783 3031 1851 ipsam
3076 1787 3325 1842 arborem
3369 1790 3490 1845 folia

246 1879 331 1934 nis
371 1892 497 1933 νθτο
520 1878 686 1942 mnis,
731 1877 805 1931 ita
849 1886 909 1931 ιη
944 1893 1066 1932 cum
1112 1877 1239 1931 mali
1276 1884 1400 1930 ante
1421 1890 1545 1930 eum
1572 1874 1817 1945 fugerem
1844 1864 1891 1924 B
1917 1862 2225 1929 habentem,
2247 1865 2479 1920 fructum
2504 1869 2724 1925 minime
2749 1870 2973 1938 invenit,
2995 1874 3073 1930 sic
3092 1877 3239 1932 venit
3260 1879 3327 1934 ad
3353 1877 3493 1950 Syn-

246 1971 315 2024 de
355 1970 574 2039 templo,
614 1970 744 2023 caeci
772 1977 825 2023 et
850 1968 1024 2024 claudi
1052 1969 1372 2023 accederent
1400 1975 1455 2022 et
1479 1974 1815 2021 sanarentur.

248 2057 386 2113 Dicit
410 2059 598 2113 beatus
622 2058 1017 2128 Hieronymus:
1044 2058 1193 2112 Inter
1211 2056 1393 2111 omnia
1415 2050 1535 2125 quae
1561 2056 1819 2111 Dominus

248 2155 433 2203 noster
460 2149 513 2202 in
541 2150 645 2203 hoc
665 2148 866 2203 mundo
894 2148 1042 2213 fecit,
1075 2145 1210 2203 nihil
1239 2146 1319 2201 sic
1349 2146 1662 2201 admirabile
1688 2145 1818 2214 egit,

248 2247 309 2293 ut
335 2238 477 2293 istud
500 2240 641 2308 quod
664 2254 801 2293 unus
827 2239 1006 2303 homo,
1036 2245 1092 2293 et
1117 2237 1208 2292 illo
1232 2246 1475 2305 tempore
1503 2234 1823 2305 contempti-

246 2329 372 2385 bilis
402 2330 497 2401 (ita
524 2338 583 2384 ut
606 2337 793 2398 postea
839 2328 1281 2399 cruciﬁgeretur),
1324 2325 1529 2381 Scribis
1556 2332 1611 2379 et
1630 2323 1823 2378 Phari-

252 2421 378 2475 szeis
410 2430 602 2476 contra
638 2419 980 2476 saevientibus
1005 2428 1060 2473 et
1087 2417 1389 2472 videntibus
1420 2418 1569 2471 lucra
1597 2430 1691 2470 sua
1724 2416 1821 2470 de-

250 2513 404 2577 strui,
426 2512 660 2582 potnerit
689 2527 811 2566 cum
832 2522 940 2565 uno
967 2508 1171 2580 flagello
1196 2515 1401 2562 tantam
1426 2506 1822 2562 multitudinem

249 2601 467 2671 ejicere,
513 2617 733 2657 mensas
776 2600 1110 2664 subvertere,
1145 2600 1430 2654 cathedras
1459 2596 1819 2667 confringere,

251 2696 306 2744 et
343 2690 445 2744 alia
490 2690 669 2745 facere
701 2705 821 2761 qua:
859 2689 1101 2744 inﬁnitus
1140 2702 1247 2743 non
1280 2688 1496 2742 fecisset
1527 2687 1817 2741 exercitus.

252 2777 386 2833 Nam
417 2796 668 2852 magnum
706 2779 906 2834 bellum
946 2777 1099 2832 Titus
1136 2777 1327 2832 habuit
1370 2776 1425 2830 in
1468 2775 1667 2844 templo
1704 2781 1826 2845 post

254 2879 468 2939 captam
498 2869 817 2925 Jerusalem.
850 2866 956 2923 Sed
984 2869 1123 2923 sicut
1161 2867 1302 2923 idem
1329 2864 1685 2936 Hieronymus
1712 2863 1820 2917 ait:

252 2961 472 3030 Igneum
510 2958 765 3029 quiddam
795 2968 955 3029 atque
981 2958 1251 3013 sidereum
1286 2956 1532 3012 radiabat
1559 2969 1627 3010 ex
1651 2954 1825 3010 oculis

253 3049 371 3118 ejus
383 3056 438 3101 et
450 3046 744 3101 divinitatis
757 3045 1010 3114 maiestas
1023 3045 1239 3100 lucebat
1260 3044 1315 3098 in
1331 3041 1470 3097 facie
1488 3060 1501 3095 :
1516 3056 1615 3111 pro
1630 3039 1824 3109 quibus

254 3155 361 3194 non
392 3146 548 3194 erant
580 3139 697 3193 ausi
728 3153 948 3192 manum
983 3135 1203 3204 injicere
1224 3174 1240 3200 ,
1283 3146 1458 3202 neque
1499 3134 1823 3200 potestatem

1920 1968 2140 2037 agogam
2174 1953 2463 2029 habentem
2507 1957 2719 2027 eloquia
2765 1960 2897 2031 legis
2927 1970 2981 2017 et
3007 1968 3415 2036 prophetarum,
3439 1980 3495 2026 et

1918 2041 2153 2097 fructum
2176 2058 2399 2113 cperum
2424 2060 2530 2100 non
2554 2046 2776 2103 invenit.
2805 2048 3147 2123 Unaquaeque
3168 2057 3311 2111 enim
3333 2060 3495 2115 arbor

1919 2148 2025 2188 non
2056 2133 2123 2188 de
2145 2133 2369 2191 ﬂoribus
2408 2132 2659 2204 et'foliis,
2708 2141 2803 2195 sed
2845 2144 2911 2198 de
2946 2143 3124 2201 fructu
3164 2152 3493 2219 agnoscitur.

1917 2224 2378 2296 Etunusquisque
2402 2228 2563 2283 homo
2585 2245 2692 2284 non
2714 2233 2780 2286 de
2803 2234 3157 2292 aestimatione
3184 2240 3269 2295 vel
3293 2256 3490 2311 pompa

1920 2313 2234 2382 locutionis,
2279 2318 2373 2371 sed
2402 2318 2470 2372 de
2495 2333 2623 2373 vera
2666 2322 2878 2378 actione
2905 2339 3127 2394 cperum
3159 2327 3334 2386 bonus
3354 2332 3495 2401 judi—

1922 2414 2100 2460 catur.
2146 2405 2375 2463 Prodest
2416 2410 2561 2463 enim
2607 2411 2749 2466 bona
2790 2414 2987 2482 dicere,
3017 2418 3109 2472 sed
3129 2419 3251 2488 plus
3278 2424 3499 2491 prodest

1921 2511 2045 2551 cum
2071 2496 2214 2554 dicto
2254 2497 2397 2554 facta
2437 2502 2784 2556 concordare.
2831 2504 2898 2559 Et
2939 2506 3077 2565 sicut
3107 2508 3241 2565 licus
3266 2527 3375 2566 non
3398 2515 3497 2569 ha-

1920 2586 2055 2641 bens
2099 2584 2334 2642 fructum
2370 2588 2623 2645 damnata
2653 2600 2756 2658 est,
2790 2595 2868 2649 sic
2892 2594 3075 2651 Iudaea
3102 2599 3306 2659 habens
3334 2605 3496 2662 verba

1922 2676 2323 2747 Scripturarum
2359 2681 2474 2735 sine
2500 2683 2829 2752 perfectione
2875 2702 3098 2757 operum
3129 2691 3382 2749 damnata
3415 2705 3500 2753 est

1923 2775 1977 2822 et
2008 2769 2215 2839 punita.
2256 2769 2374 2825 Non
2413 2779 2593 2826 autem
2624 2775 2800 2831 omnis
2826 2774 3007 2833 Judaea
3035 2780 3151 2838 sine
3173 2781 3351 2840 fructu
3374 2784 3497 2856 fuit,

1921 2858 2049 2928 quia
2076 2860 2144 2914 de
2177 2859 2291 2928 ipsa
2316 2860 2536 2917 fuerunt
2563 2866 2811 2933 apostoli,
2846 2875 2903 2923 et
2929 2870 3203 2939 primitiva
3229 2874 3490 2944 Ecclesia,

1921 2951 2017 3005 sed
2046 2952 2282 3006 maxima
2319 2951 2435 3020 ejus
2472 2954 2529 3009 in
2569 2955 2945 3015 incredulitate
2973 2963 3302 3030 perduravit.
3337 2968 3497 3025 Simi-

1920 3039 2047 3094 liter
2086 3040 2189 3095 sub
2230 3056 2461 3110 persona
2495 3043 2739 3100 iiculneat
2766 3046 2818 3101 in
2852 3048 2955 3102 alia
2979 3049 3216 3121 loquitur
3238 3054 3500 3114 Dominus

1925 3132 1991 3186 de
2018 3129 2320 3203 Synagoga,
2347 3133 2413 3188 de
2442 3132 2672 3190 ﬁculnea
2707 3136 2946 3205 plantata
2979 3140 3034 3195 in
3060 3142 3236 3198 vinea.
3268 3143 3373 3201 Ista
3403 3163 3497 3203 au-

255 3231 854 3294 suamevindicare,nec
866 3227 1669 3294 erantausidicerequaepostea
1685 3223 1828 3278 dixe-
1851 3237 1896 3300 ρ
1926 3229 2034 3278 tem
2066 3222 2292 3278 ﬁculnea
2312 3223 2466 3293 juxta
2490 3225 2634 3279 viam
2657 3228 2855 3293 stabat,
2892 3230 3018 3298 quia
3050 3231 3286 3289 habebat
3324 3236 3497 3308 legem

255 3329 380 3375 runt
400 3339 413 3374 :
432 3319 497 3373 In
509 3336 611 3390 qua
625 3327 875 3386 potestate
894 3318 1003 3372 lues
1025 3317 1178 3387 facis,
1196 3316 1290 3371 sed
1302 3311 1697 3377 tantummodo,
1714 3312 1752 3365 Α
1762 3328 1823 3365 u-

253 3410 336 3465 dis
354 3410 480 3482 quid
500 3410 587 3463 isti
611 3408 811 3475 dicunt,
834 3407 988 3477 quasi
1010 3407 1271 3462 dixissent
1294 3421 1307 3459 :
1332 3406 1435 3459 ista
1461 3404 1528 3459 de
1550 3403 1661 3458 Deo
1675 3403 1821 3458 dicta

253 3506 379 3556 sunt
405 3512 524 3568 qua:
547 3498 615 3553 de
642 3506 697 3553 te
722 3498 992 3553 dicuntur.
1034 3496 1291 3551 Dominus
1331 3502 1511 3548 autem
1561 3494 1640 3548 sic
1684 3500 1822 3547 tem-

252 3589 463 3659 peravit
510 3602 664 3643 suam
696 3587 1120 3657 responsionem,
1158 3591 1213 3640 et
1233 3591 1294 3639 ut
1322 3583 1635 3639 ostenderet
1671 3583 1737 3638 de
1763 3595 1825 3638 se

253 3680 360 3737 hoc
400 3682 623 3748 dictum,
668 3689 722 3737 et
761 3682 964 3736 dictum
993 3680 1110 3748 ejus
1140 3695 1247 3735 non
1278 3686 1490 3749 pateret
1527 3675 1824 3748 reprehen-

192 3770 199 3775 ’
252 3772 413 3829 sioni.
445 3770 560 3826 Non
600 3772 774 3825 dixit:
816 3771 929 3842 Ego
974 3786 1093 3826 sum
1142 3769 1286 3825 Deus
1312 3770 1378 3824 de
1400 3783 1509 3838 quo
1534 3768 1677 3822 dicta
1701 3772 1826 3821 sunt

251 3861 378 3926 ista,
411 3876 534 3916 cum
562 3862 663 3916 hoc
682 3876 868 3916 verum
895 3869 1060 3926 esset,
1087 3860 1181 3916 sed
1206 3859 1342 3915 dixit
1375 3878 1389 3912 :
1424 3858 1694 3928 Propheta
1722 3858 1825 3911 hoc

249 3952 631 4024 praenuntiavit
659 3968 725 4008 ex
748 3967 845 4008 ore
867 3952 1147 4008 infantium
1176 3952 1537 4024 perfecturam
1568 3950 1680 4004 Deo
1701 3949 1822 4003 lau-

254 4042 397 4108 dem,
430 4051 490 4096 ut
526 4040 602 4096 illi
637 4043 976 4113 requirerent
1006 4043 1073 4097 de
1099 4057 1205 4113 quo
1233 4044 1377 4097 esSet
1400 4040 1820 4110 intelligendum.

252 4131 388 4187 Nam
414 4133 507 4189 alii
531 4134 873 4206 evangelista;
904 4134 1088 4189 dicunt
1116 4152 1130 4188 :
1163 4133 1249 4188 Ait
1270 4132 1376 4186 illis
1397 4146 1416 4184 :
1444 4131 1507 4187 Si
1532 4132 1619 4185 isti
1645 4140 1823 4184 tacue-

255 4223 381 4288 rint,
412 4224 608 4294 lapides
639 4223 958 4279 clamabunt.
987 4223 1281 4279 Puerorum
1304 4224 1505 4278 factum
1532 4236 1597 4276 ex
1620 4221 1826 4292 psalmo

253 4314 551 4369 centesimo
581 4315 809 4383 septimo
841 4316 1049 4371 decimo
1091 4314 1462 4369 conﬁrmatur.
1517 4312 1590 4367 Et
1630 4311 1825 4365 relictis

253 4405 379 4472 illis,
408 4406 534 4460 abiit
557 4407 702 4475 {oras
726 4416 873 4459 castra
897 4409 1156 4461 civitatem
1177 4408 1231 4460 in
1251 4404 1585 4469 Bethaniam,
1610 4401 1828 4475 mansit-

254 4514 350 4569 que
365 4471 466 4552 ibi.
498 4471 904 4577 .DicituMarcus
931 4498 1075 4566 quod
1101 4512 1274 4567 usque
1303 4496 1371 4551 ad
1396 4471 1827 4565 vesperam’ste—

1923 3322 1980 3368 et
2020 3315 2329 3385 prophetas,
2381 3316 2475 3371 sed
2516 3330 2639 3371 eum
2669 3319 2760 3388 qui
2807 3319 2943 3375 dixit
2973 3363 2984 3374 .
3014 3319 3127 3393 Ego
3156 3342 3275 3380 sum
3302 3329 3406 3395 via,
3444 3331 3499 3385 in

1924 3406 2005 3461 eis
2028 3420 2135 3460 non
2165 3406 2526 3477 intelligebat;
2551 3415 2608 3463 et
2627 3409 2843 3466 videbat
2861 3426 3003 3477 eum,
3031 3422 3087 3469 et
3114 3431 3221 3471 non
3241 3433 3501 3489 agnosce-

1924 3498 2035 3552 bat.
2068 3495 2228 3551 Venit
2258 3498 2325 3551 ad
2351 3512 2469 3553 eam
2500 3512 2598 3568 per
2621 3499 3051 3557 incarnationem
3095 3520 3248 3561 suam
3283 3514 3337 3561 et
3364 3509 3500 3565 nihil

1924 3585 1983 3640 in
2008 3601 2070 3641 ea
2101 3587 2303 3643 invenit
2322 3588 2425 3643 nisi
2454 3586 2582 3642 folia
2606 3595 2838 3644 tantum.
2868 3590 2937 3644 Et
2962 3593 3036 3645 ait
3060 3593 3180 3648 illi:
3208 3595 3496 3668 Nunquam

1925 3693 1990 3732 ea:
2025 3686 2074 3731 te
2097 3679 2300 3748 [motus
2348 3679 2671 3735 nascaturin
2711 3683 3099 3752 sempiternum.
3143 3685 3290 3742 Nihil
3336 3690 3501 3749 arbor

1924 3773 2194 3843 peccavit,
2236 3773 2330 3828 sed
2371 3773 2494 3842 quia
2526 3774 2595 3828 ad
2613 3788 2745 3829 usus
2773 3775 3049 3830 hominum
3084 3787 3268 3835 creata
3302 3779 3499 3850 fuerat,

1927 3863 2094 3918 voluit
2137 3878 2235 3933 per
2271 3865 2521 3919 arborem
2570 3873 2779 3921 terrere
2822 3867 3090 3934 homines,
3140 3885 3208 3925 ne
3236 3874 3357 3940 quis
3399 3875 3500 3930 ha-

1925 3953 2103 4009 bendo
2130 3954 2292 4009 verba
2333 3952 2580 4023 justitiae,
2622 3955 2826 4025 absque
2852 3956 3103 4025 operibus
3121 3959 3501 4028 prmtendendo

1927 4055 2229 4099 mereretur
2267 4045 2441 4100 excidi
2474 4054 2530 4102 et
2565 4045 2621 4100 in
2653 4046 2830 4117 ignem
2859 4046 3068 4116 projici.
3111 4048 3265 4116 Quod
3286 4051 3418 4107 dicit
3445 4054 3503 4107 in

1927 4135 2315 4203 sempiternum,
2364 4151 2469 4191 non
2520 4136 2904 4207 perpetualiter
2940 4138 3231 4208 signiﬁcat,
3278 4143 3373 4197 sed
3403 4143 3501 4201 ali-

1928 4225 2071 4292 quod
2113 4232 2344 4294 tempus.
2366 4227 2503 4281 Aion
2545 4227 2689 4282 enim
2740 4227 3005 4293 Graecum,
3050 4237 3105 4283 et
3143 4231 3400 4286 saeculum
3444 4241 3503 4289 et

1927 4314 2317 4385 sempiternum
2349 4317 2637 4387 signiﬁcat.
2671 4317 2896 4385 Quando
2938 4334 3066 4374 vero
3092 4322 3291 4377 dicitur
3317 4324 3501 4378 aionas

1929 4413 2018 4458 ton
2042 4405 2254 4472 aionon,
2282 4406 2552 4461 inﬁnitum
2581 4407 2872 4478 signiﬁcat,
2910 4409 2967 4464 id
2992 4418 3076 4465 est
3108 4410 3303 4465 saecula
3331 4425 3503 4465 saecu-

1927 4494 2125 4560 lorum,
2154 4495 2283 4565 quia
2316 4497 2382 4550 de
2416 4498 2613 4551 arbore
2646 4505 2824 4567 potest
2859 4499 3103 4568 intelligi,
3131 4500 3274 4568 quod
3295 4507 3351 4553 et
3375 4499 3498 4554 folia

256 4589 404 4653 ιεΐῖῑ,
433 4597 487 4643 ει
522 4588 971 4661 εἰτουωερθιθΐὶῐ
1012 4587 1069 4640 in
1110 4601 1262 4656 gyro,
1311 4594 1366 4639 et
1410 4584 1622 4639 exierit
1674 4583 1827 4639 Unde
1851 4583 1905 4643 D
1931 4586 2193 4651 aruerint,
2223 4596 2447 4642 truncus
2493 4589 2673 4644 salvus
2708 4592 3050 4657 remanserit,
3086 4593 3210 4661 quia
3235 4591 3417 4648 Judzea
3448 4595 3500 4648 in

253 4681 412 4735 datur
452 4679 869 4751 intelligiquod
922 4685 1085 4732 tantae
1132 4675 1469 4747 paupertatis
1525 4674 1646 4739 fuit,
1686 4674 1823 4727 utin

253 4771 472 4825 civitate
500 4778 609 4824 tam
638 4770 826 4839 grandi
856 4783 957 4823 nec
980 4768 1269 4836 hospitium
1301 4764 1584 4820 invenerit.
1624 4762 1827 4816 Tamen

254 4862 523 4916 credimus
566 4862 710 4930 quod
756 4860 1026 4930 principes
1073 4858 1163 4927 qui
1214 4857 1449 4911 maxime
1485 4864 1541 4910 et
1576 4853 1828 4923 operibus

255 4949 370 5020 ejus
405 4951 717 5006 invidebant
766 4952 821 5005 in
865 4951 968 5005 hac
1003 4949 1139 5004 urbe
1175 4949 1483 5013 manebant,
1522 4956 1576 5001 et
1609 4954 1830 5015 propter

256 5040 391 5095 iram
451 5041 663 5097 illorum
713 5043 1025 5097 metuebant
1073 5053 1195 5094 eum
1245 5038 1485 5109 recipere
1533 5037 1691 5104 boni,
1730 5037 1822 5107 qui

253 5132 431 5187 adhuc
445 5133 735 5202 diligebant
765 5135 987 5208 gloriam
1012 5132 1107 5187 Dei
1136 5133 1309 5203 magis
1337 5146 1500 5201 quam
1518 5130 1818 5186 hominum.

804 5242 1031 5299 CAPUT
1062 5240 1290 5297 XLVIII.

762 5312 841 5365 De
897 5315 1003 5382 fisa
1062 5313 1315 5382 arefacta.

327 5405 485 5462 Mane
524 5415 696 5461 autem
735 5414 989 5459 revertens
1035 5406 1091 5460 in
1129 5406 1387 5459 civitatem
1431 5402 1632 5457 esuriit.
1674 5400 1828 5459 Sicut

253 5497 435 5552 omnia
483 5512 602 5567 quas
648 5494 968 5565 loquebatur
1010 5494 1166 5566 plena
1216 5504 1369 5549 erant
1411 5494 1714 5566 mysteriis,
1746 5495 1825 5551 sic

254 5601 586 5657 quaecunque
634 5584 865 5639 faciebat
914 5598 1020 5637 non
1070 5586 1335 5639 vacabant
1372 5600 1401 5639 a
1445 5586 1819 5642 sacramentis.

253 5675 388 5733 Cum
415 5679 557 5731 enim
589 5681 952 5731 reverteretur
982 5673 1050 5727 ad
1079 5673 1339 5744 perﬁdam
1372 5676 1646 5734 civitatem
1668 5678 1822 5736 Jeru-

240 5764 425 5819 salem
451 5765 517 5820 de
542 5764 799 5820 Bethania
822 5762 913 5818 ubi
943 5762 1058 5834 ipsa
1094 5773 1253 5820 nocte
1281 5779 1575 5837 manserat,
1607 5771 1819 5838 esuriit,

1930 4675 2038 4731 ﬁne
2062 4691 2158 4745 per
2183 4676 2369 4731 Enoch
2404 4685 2461 4731 et
2483 4678 2656 4735 Eliam
2695 4695 2955 4736 conversa
2998 4680 3209 4737 fructus
3260 4682 3500 4751 placidos

1928 4763 2319 4820 fructiﬁcatura
2345 4776 2428 4822 est
2454 4768 2583 4824 Deo.
2613 4769 2671 4825 Si
2701 4779 2881 4825 autem
2904 4784 2970 4824 ex
2998 4779 3111 4827 toto
3140 4772 3386 4829 volumus
3415 4776 3507 4830 in-‘

1931 4856 2173 4927 telligere
2209 4858 2277 4911 de
2316 4862 2571 4928 praesenti
2613 4862 2786 4931 plebe,
2833 4861 3075 4917 dicemus
3100 4865 3245 4934 quod
3271 4867 3384 4934 ipsa
3414 4879 3501 4921 esr

1930 4961 2049 5016 qua
2074 4946 2329 5003 clamavit
2354 4968 2367 5004 :
2393 4950 2623 5022 Sanguis
2648 4953 2763 5021 ejus
2785 4967 2942 5023 super
2975 4969 3070 5008 nos
3103 4964 3152 5007 et
3179 4970 3334 5025 super
3361 4956 3499 5024 ﬁlios

1929 5044 2150 5090 nostros.
2196 5037 2531 5115 Deniquesi
2552 5039 2869 5109 simpliciter
2896 5041 3143 5098 volumus
3176 5043 3507 5114 intelligere;

1927 5124 2186 5182 Dominus
2211 5128 2339 5196 quia
2368 5129 2610 5195 proxime
2636 5144 2898 5197 passurus
2924 5139 3011 5187 est
3041 5132 3254 5187 volebat
3280 5135 3498 5188 ﬁrmare

1926 5216 2308 5288 discipulorum
2323 5221 2550 5286 animos,
2568 5229 2626 5275 ut
2640 5223 2781 5277 sicut
2788 5223 2918 5280 fecit
2930 5225 3218 5281 ﬁatlneam
3228 5241 3497 5295 arescere,

1924 5307 2189 5375 potuisset
2204 5308 2249 5362 si
2265 5308 2519 5363 voluisset
2534 5311 2648 5390 suis
2667 5313 2901 5370 inimicis
2918 5316 3115 5371 similia
3127 5315 3326 5371 facere.
3348 5316 3498 5374 Unde

1927 5404 1985 5450 et
2026 5397 2225 5452 dicitur
2272 5398 2398 5467 quia
2442 5401 2782 5458 mirabantur
2824 5408 2968 5476 quod
3019 5410 3277 5467 continuo
3323 5413 3490 5468 aruit.

1927 5487 2262 5560 Respondeas
2303 5498 2478 5544 autem
2511 5491 2690 5561 Iesus,
2728 5497 2803 5550 ait
2830 5497 3157 5558 illis..Amsn
3180 5502 3300 5560 dico
3331 5505 3493 5571 vobis,

1925 5585 1970 5640 si
1994 5584 2279 5640 habueritis
2304 5585 2463 5655 [idem
2486 5597 2536 5642 et
2564 5605 2671 5644 non
2697 5591 3080 5664 hwsitavsritis,
3108 5615 3213 5654 non
3238 5600 3409 5654 solum
3432 5602 3498 5654 de

1927 5677 2156 5748 ﬁculnea
2193 5676 2421 5748 facietis,
2458 5682 2549 5737 sed
2587 5685 2634 5740 si
2661 5688 2825 5741 monti
2868 5688 2989 5743 huic
3028 5691 3262 5746 dixeritis
3292 5706 3312 5744 :
3351 5689 3498 5745 Totis

1922 5779 2055 5834 te,et
2065 5771 2221 5840 iacta
2244 5783 2294 5827 te
2314 5773 2372 5829 in
2390 5791 2559 5843 mare,
2571 5777 2685 5847 ﬁet.
2707 5777 2776 5834 Et
2788 5780 3083 5837 sewndum
3110 5781 3344 5839 litteram
3368 5782 3490 5841 tier:
3596 5838 3599 5839 ν
