3988 6440
196 425 349 482 ΗΜ»

1322 412 1823 476 Εινοειωεικι
1846 412 2283 475 ΜΜΕΙΙΙ.
2322 426 2365 461 εκ
2436 432 2444 455 ί
2470 426 2475 433 ’

3324 408 3479 466 ιω

208 536 371 593 νίκα
394 532 536 591 αὖα
563 530 776 591 nonnisi
806 528 1037 589 Sabaoth
1062 529 1254 585 damus
1296 525 1471 585 Israel
1492 536 1591 587 est.
1616 524 1693 585 Et
1726 526 1781 583 in
1807 529 1865 597 Α
1884 525 2171 589 inanimali
2190 528 2773 598 lapidesdvanimalem
2788 522 3295 585 Christumalootam
3314 536 3481 581 arma

198 626 412 681 Psalmo
438 642 450 677 :
501 621 718 677 Vincam
739 622 803 676 de
824 620 1053 691 {Egypto
1090 620 1429 679 transtulisti.

269 715 340 771 Et
370 731 545 788 sepem
568 712 913 769 circumdedit
962 713 1031 767 ei.
1086 711 1185 769 Vel
1232 726 1453 769 murum-
1476 710 1648 775 urbis,
1697 709 1784 766 vel

196 807 513 880 angelon
539 804 763 867 auxilia.
824 804 894 861 Et
923 803 1056 874 {adit
1100 804 1157 861 in
1203 819 1269 861 eo
1299 801 1553 863 torculum
1598 800 1799 863 Altam.

196 900 433 958 Domini.
461 898 533 954 Et
548 898 829 968 edi/learnt
851 899 1060 955 turrim.
1084 896 1239 953 Haud
1258 897 1482 955 dubium
1504 896 1782 967 templum,

196 995 267 1051 de
294 1008 401 1063 quo
451 1007 551 1063 per
581 992 867 1048 Italicam.
900 992 972 1046 Et
1022 1000 1103 1058 tu,
1152 992 1314 1047 turris
1366 990 1615 1047 nebulosa
1657 991 1786 1061 ﬁlias

199 1088 353 1143 Sion.

270 1178 339 1234 Et
361 1179 550 1234 locavit
591 1193 709 1233 eam
739 1176 1005 1248 agricolis.
1042 1177 1190 1244 Quos
1216 1178 1343 1232 alibi
1383 1176 1557 1233 vinem
1598 1191 1790 1247 operae

198 1268 312 1323 rios
364 1264 633 1339 appellat,
682 1262 791 1338 qui'
832 1266 1075 1321 conducti
1126 1268 1338 1337 [uerunt
1396 1284 1493 1337 pro
1564 1268 1786 1322 denario

195 1361 412 1426 diurno,
438 1359 569 1413 hora
614 1359 809 1429 prima,
841 1358 1018 1423 tertia,
1064 1370 1236 1425 secta,
1265 1370 1314 1415 et
1355 1376 1517 1415 nona.
1565 1359 1789 1431 Peregre

193 1453 461 1525 profectus
487 1462 582 1508 est.
636 1452 752 1509 Non
783 1452 885 1507 loci
911 1454 1228 1520 mutatione,
1281 1453 1410 1523 quia
1448 1456 1590 1509 Deus
1608 1461 1788 1507 totum

196 1542 459 1598 mundum
482 1542 689 1613 implet,
721 1543 816 1596 sed
840 1543 1104 1613 agricolas
1132 1543 1453 1598 dimittendo
1488 1544 1545 1597 in
1573 1541 1792 1612 proprio

195 1633 444 1688 arbitrio.
478 1631 609 1687 Cum
640 1644 815 1689 autem
856 1643 1055 1704 tempus
1085 1636 1355 1704 fructuum
1379 1635 1792 1704 appropinquas-

194 1733 294 1778 set.
352 1722 497 1778 Bene
559 1731 766 1793 tempus
813 1723 1083 1791 fructuum
1130 1725 1262 1779 dicit
1309 1734 1415 1778 non
1463 1723 1785 1793 profectum,

195 1814 325 1883 quia
365 1812 568 1867 nullum
606 1812 907 1883 perfectum
948 1813 1181 1868 fructum
1230 1829 1500 1886 synagoga
1544 1814 1787 1884 protulit,

1882 621 2241 692 perationem.
2290 620 2602 693 hyperbole.
2656 619 2772 676 Hoc
2818 620 2881 679 in
2921 616 3130 688 psalmo
3166 616 3467 681 centesimo,

1885 714 2329 785 septimodacimo
2358 716 2620 785 scriptum
2663 713 2898 784 cenaui
2932 720 3097 769 totus
3136 710 3205 770 de
3251 710 3465 771 Domini

1885 806 2137 863 adtente
2177 806 2417 870 canitur,
2454 814 2513 863 et.
2561 819 2671 863 non
2716 804 2980 865 habemus
3010 800 3468 871 iuuentutem

1885 900 2198 970 quidquam
2214 898 2315 955 sed
2337 904 2507 955 totum
2536 895 2929 967 allegoriaest.
2958 893 3147 951 lactei.
3162 892 3477 951 estaudi».

1887 992 2111 1049 libantes
2124 999 2324 1056 «aut;
2364 1006 2499 1046 suas
2523 990 2801 1047 doetrims
2832 986 3185 1058 prdicantes
3212 985 3472 1057 reprobat-

1885 1092 2087 1140 verunt
2104 1083 2392 1138 Dominum
2428 1080 2491 1136 in
2518 1096 2617 1137 sua
2642 1079 2752 1136 ﬁde
2792 1078 3198 1143 {acclamatum
3246 1088 3467 1145 ponere.

1888 1175 1994 1229 Hie
2029 1175 2200 1244 [actus
2227 1183 2303 1228 est
2355 1172 2413 1227 in
2456 1182 2613 1241 caput
2641 1170 2842 1242 anguli.
2896 1169 3043 1239 Quia
3078 1166 3389 1236 sinu-lapis
3415 1166 3470 1221 in

1888 1264 2084 1334 angulo
2109 1265 2243 1319 duos
2282 1264 2518 1333 parietes
2546 1278 2613 1319 es
2647 1263 2861 1317 diverso
2904 1260 3186 1317 venientes
3213 1256 3466 1326 suscipit,

1888 1355 2219 1425 sio-mscipit
2238 1353 2453 1409 luctatos
2477 1353 2749 1417 Christus,
2775 1359 2831 1407 et
2870 1357 3058 1422 gentes
3084 1349 3140 1407 in
3168 1363 3226 1404 se
3249 1348 3475 1405 credere

1887 1447 2146 1510 volentes,
2187 1446 2403 1514 unaque
2440 1445 2634 1501 domus
2676 1442 3031 1503 mutabor.
3057 1440 3122 1499 de
3166 1436 3470 1508 lapidibus:

1888 1540 1968 1594 sic
1996 1539 2235 1594 Ecclesia
2264 1538 2467 1594 Christi
2513 1538 2583 1593 de
2624 1537 2803 1608 dignis
2846 1534 3171 1593 hominibus.
3222 1531 3289 1589 Et
3328 1530 3477 1595 sicut

1888 1629 2024 1698 lapis
2058 1627 2293 1698 lapidem
2330 1627 2643 1698 portat,sio
2675 1627 2733 1681 hi
2756 1627 2849 1697 qui
2876 1630 3270 1695 praecesserunt
3294 1630 3476 1692 porlar

1888 1727 2083 1775 νει-θυι
2106 1734 2207 1775 nos
2228 1735 2242 1784 ;
2281 1726 2336 1774 et
2363 1732 2464 1775 nos
2496 1730 2659 1788 inquo
2683 1716 2807 1786 jure
2834 1727 3050 1788 portare
3074 1714 3331 1770 debemus
3356 1718 3477 1782 post

1888 1826 1989 1867 nos
2009 1812 2304 1866 venientes.
2332 1812 2399 1865 Et
2425 1811 2495 1865 de
2521 1811 2680 1866 vinea
2709 1816 2766 1864 et
2788 1809 2855 1864 de
2894 1807 3254 1865 tedilicatione
3272 1814 3477 1859 sancta:

195 1903 446 1972 quamvis
474 1904 705 1958 sollicite
729 1904 942 1958 exculta
970 1904 1150 1958 fuerit.
1199 1885 1269 1958 Et
1288 1885 1554 1975 agricolae,
1600 1921 1787 1976 appre-
1813 1885 1862 1955 Β
1888 1905 2147 1961 Ecclesiae
2196 1904 2328 1958 dicit
2356 1903 2552 1957 Paulus
2590 1917 2607 1955 :
2638 1902 2735 1955 Dei
2768 1898 2998 1965 cultura,
3052 1898 3148 1951 Dei
3195 1895 3477 1965 ludiﬁcatio

194 1994 377 2047 [tensis
428 1995 589 2048 servis
643 1993 779 2064 ejus,
824 1994 988 2047 alium
1017 1994 1333 2048 ceciderunt.
1374 1995 1445 2050 Ut
1490 1994 1706 2066 Moysen
1734 2002 1789 2050 et

192 2086 397 2148 Aaron,
432 2100 566 2155 quos
612 2086 965 2140 irritaverant
1007 2086 1061 2139 in
1087 2087 1301 2141 castris.
1352 2086 1530 2140 Alium
1578 2086 1787 2140 occide-

195 2185 340 2230 runt.
372 2175 439 2231 Ut
471 2172 818 2230 Achimelech
843 2191 962 2230 cum
990 2176 1375 2247 quinquaginta
1399 2178 1786 2231 sacerdotibus.

192 2265 377 2322 Alium
413 2265 797 2336 lapidaverunt.
850 2266 920 2322 Ut
950 2266 1181 2321 Nabotb.
1239 2266 1441 2321 lterum
1486 2269 1627 2322 misit
1655 2268 1789 2323 alios

193 2361 374 2432 plures
422 2360 708 2431 prioribus,
746 2370 793 2415 et
849 2362 1084 2432 fecerunt
1123 2358 1228 2417 illis
1277 2364 1535 2418 similiter.
1564 2364 1786 2434 lsaiam,

193 2450 512 2517 Ieremiam,
542 2451 883 2508 Zachariam;
920 2453 1214 2508 Novissime
1239 2463 1413 2509 autem
1432 2456 1575 2509 misit
1612 2456 1682 2510 ad
1703 2473 1789 2512 eos

194 2539 371 2609 filium
400 2557 552 2594 suum
593 2541 815 2596 dicens:
853 2540 1178 2596 Verebantur
1212 2543 1381 2612 ﬁlium
1408 2560 1600 2600 meum.
1635 2545 1792 2613 Quod

194 2632 277 2685 ait
305 2632 428 2701 quia
458 2634 790 2687 verebuntur
815 2631 985 2687 illium
1030 2648 1229 2700 meum,
1258 2650 1364 2690 non
1394 2637 1459 2691 de
1486 2637 1791 2709 ignorantia

194 2722 438 2793 loquitur
474 2726 597 2793 quia
650 2726 786 2780 nihil
828 2723 918 2782 est
970 2728 1114 2797 quod
1168 2728 1311 2783 Deus
1344 2729 1506 2784 Pater
1560 2732 1786 2786 nesciat.

194 2812 429 2884 Semper
454 2815 726 2885 ambigere
755 2817 954 2871 dicitur
974 2817 1117 2873 Deus
1135 2826 1196 2874 ut
1220 2819 1389 2874 libera
1414 2821 1664 2878 voluntas
1691 2824 1790 2878 ho-

196 2905 335 2959 mini
368 2915 695 2961 reservetur.
724 2906 983 2979 Agrlcolw
1007 2918 1181 2962 autem
1226 2909 1455 2965 uidentes
1493 2911 1664 2981 [ilium
1703 2913 1789 2967 di-

194 3002 414 3046 xerunt.
464 2992 569 3049 Hic
613 3005 689 3049 est
735 2997 921 3058 lateres,
975 2997 1141 3051 uenite
1165 2998 1466 3054 occidamus
1492 3018 1630 3055 eum.
1661 3001 1793 3068 Qua:

194 3082 279 3136 illi
314 3082 736 3138 consiliabantur
763 3085 818 3139 in
846 3086 958 3139 suis
996 3085 1251 3151 latibulis,
1291 3088 1358 3142 de
1384 3102 1491 3156 quo
1530 3088 1792 3146 Dominus

188 3174 377 3244 palam
400 3172 742 3243 loquebatur,
774 3183 836 3229 ut
862 3177 1173 3231 ostenderet
1203 3193 1262 3232 se
1282 3179 1464 3233 omnia
1486 3181 1648 3239 scire.
1685 3179 1791 3235 Ma-

1889 1997 2033 2050 estis.
2066 1994 2198 2061 Quae
2223 1995 2405 2059 vinea,
2454 1992 2557 2062 ipsi
2602 1991 2826 2062 lapides,
2863 1997 2918 2045 et
2945 2003 3087 2045 unus
3128 1988 3397 2057 pretiosus
3422 1986 3477 2039 in

1887 2084 2239 2140 fundamento
2272 2082 2532 2139 fundatus
2560 2081 2831 2147 Christus,
2871 2081 3040 2137 velint
3080 2080 3252 2134 nolint
3286 2078 3476 2141 Judaei,

1889 2186 1942 2233 et
1967 2178 2059 2247 qui
2086 2177 2323 2247 agricola
2349 2175 2499 2240 mali,
2530 2175 2584 2229 id
2607 2183 2692 2229 est
2721 2181 2776 2229 et
2803 2171 3157 2237 cmmentarii,
3188 2186 3220 2224 s
3250 2170 3481 2225 Domino

1888 2268 2091 2324 factum
2121 2275 2204 2323 est
2224 2267 2389 2323 istud.
2414 2264 2528 2321 Nisi
2556 2266 2787 2335 denique
2812 2279 2842 2318 a
2870 2263 3101 2318 Domino
3135 2263 3238 2317 hoc
3279 2261 3479 2317 factum

1888 2366 2051 2422 esset,
2082 2358 2217 2412 fides
2261 2356 2463 2412 Christi
2510 2363 2565 2411 et
2618 2354 2859 2410 Ecclesia
2907 2352 3023 2421 ejus
3051 2349 3157 2407 non
3202 2351 3482 2422 implesset

1888 2457 2062 2504 totum
2086 2448 2347 2503 mundum
2378 2460 2542 2515 quam
2589 2458 2778 2500 omnes
2819 2442 3092 2513 principes
3137 2441 3482 2510 exstinguere

1888 2540 2195 2596 voluerunt.
2227 2538 2296 2592 Et
2324 2536 2572 2592 mirabile
2595 2536 2653 2591 in
2678 2534 2849 2590 oculis
2872 2533 3111 2589 nostris:
3158 2531 3345 2586 Omnis
3372 2530 3482 2585 Do-

1888 2632 2019 2687 mini
2043 2631 2367 2696 incarnatio,
2401 2627 2662 2683 mirabilis
2690 2627 2835 2696 facta
2862 2634 2959 2680 est.
2984 2624 3093 2680 Sed
3131 2630 3189 2678 et
3214 2623 3318 2678 hoc
3349 2621 3485 2677 satis

1889 2723 2139 2779 mirabile
2188 2721 2332 2791 quod
2374 2734 2568 2775 omnes
2621 2725 2809 2790 gentes
2844 2728 3006 2785 super
3054 2715 3227 2785 ipsum
3282 2712 3484 2770 habent

1890 2817 2300 2872 fundamentum
2326 2813 2668 2876 collocatum,
2690 2817 2744 2865 et
2776 2810 2956 2871 ﬁdem,
2989 2822 3140 2880 spem
3172 2806 3385 2861 ﬁrmam
3425 2806 3481 2860 in

1891 2913 2008 2982 ipso
2034 2914 2219 2967 tenere
2245 2911 2501 2981 gestiunt.
2529 2906 2660 2960 Ideo
2685 2905 2803 2960 dico
2825 2904 2988 2968 vobis,
3029 2901 3299 2970 auferetur
3328 2917 3361 2953 a
3384 2916 3474 2953 eo-

1892 3004 1969 3056 bis
1999 3015 2214 3071 regnum
2240 2999 2358 3062 Dei,
2384 3006 2432 3052 et
2467 2997 2679 3051 dabitur
2700 2994 2841 3065 genti
2867 2993 3084 3063 facienti
3112 2990 3315 3060 fructus
3343 2990 3476 3059 ejus.

1889 3095 2074 3150 Ambzc
2105 3097 2222 3151 ista:
2266 3093 2554 3165 parabolae,
2589 3100 2645 3146 et
2678 3090 2743 3146 de
2771 3089 2931 3142 vinea
2982 3088 3037 3141 et
3077 3086 3144 3140 de
3184 3083 3381 3155 lapide,
3428 3084 3482 3137 in

1892 3187 1995 3243 hoc
2024 3194 2182 3242 versu
2215 3186 2535 3257 aperiuntur
2560 3202 2573 3237 :
2606 3181 2732 3252 quia
2763 3177 3013 3250 agricolae
3033 3176 3246 3231 vineam
3269 3174 3481 3230 Domini

191 3239 394 3319 bifeste
418 3239 563 3317 enim
611 3239 771 3318 modo
799 3265 929 3319 dicit
969 3283 980 3317 :
1013 3266 1157 3334 quod
1199 3267 1473 3337 principes
1518 3284 1620 3339 per
1654 3267 1785 3324 invi-

1973 3239 2195 3350 dign—um
2219 3239 2449 3332 non
2471 3239 2826 3330 excoluerunl
2842 3277 2898 3327 et
2915 3268 3144 3339 lapidem
3169 3266 3482 3337 angularem

192 3353 364 3443 fliam.
393 3366 498 3405 ηοη
516 3367 616 3421 Per
642 3354 1027 3443 isllomiiiam,
1056 3354 1342 3412 Dominum
1372 3360 1786 3419 θιύοίηιίεεθηῐο
1889 3373 2333 3443 reprobaverunt.
2364 3369 2489 3424 ldeo
2516 3367 2757 3423 ablatum
2782 3371 2867 3421 est
2891 3364 2959 3419 ab
2998 3363 3076 3418 eis
3117 3376 3338 3431 regnum
3366 3359 3481 3425 Dei,

190 3442 459 3498 Dicebant
476 3444 655 3497 enim:
689 3442 747 3499 Si
776 3444 1086 3501 dimittimus
1104 3463 1242 3513 eum,
1266 3448 1341 3502 sic
1370 3465 1548 3505 omnes
1576 3452 1785 3511 credent

1890 3442 2113 3520 scientia
2144 3462 2352 3518 scilicet
2377 3459 2590 3530 Scripta
2600 3468 2800 3524 rarum,
2826 3462 2881 3512 et
2905 3456 3089 3510 datum
3104 3458 3187 3507 est
3209 3450 3480 3522 gentibus,

189 3536 250 3590 in
282 3551 421 3590 eum.
454 3534 751 3592 Hmreditas
806 3537 923 3603 lilii,
970 3538 1212 3593 Ecclesia
1258 3547 1363 3606 est,
1409 3556 1572 3610 quam
1601 3545 1785 3612 acqui-

1890 3557 1982 3625 qui
2009 3556 2196 3610 volunt
2242 3566 2500 3607 exercere
2546 3548 2690 3619 quod
2742 3548 2945 3617 legunt.
2982 3544 3049 3599 Et
3103 3544 3194 3614 qui
3240 3542 3482 3596 ceciderit

191 3625 327 3681 sivit
354 3625 615 3696 sanguine
639 3640 756 3680 suo.
792 3626 945 3682 Hanc
972 3628 1331 3685 moliebantur
1351 3630 1520 3687 Judaei
1557 3632 1787 3689 hteredi-
1889 3661 2044 3715 mp"
2077 3644 2302 3714 lapidem
2329 3644 2487 3696 istum
2534 3639 2934 3709 confringatur;
2984 3651 3145 3706 super
3175 3649 3329 3704 mn
3362 3649 3481 3687 tero

189 3725 316 3771 iam
347 3730 470 3771 Cum
517 3716 897 3785 θηιάθΰθηιθθ
932 3732 1080 3784 eum,
1132 3727 1190 3774 εί
1239 3720 1399 3775 ﬁdem
1449 3736 1610 3792 (illam
1639 3724 1695 3777 ίη
1723 3738 1790 3780 80
1890 3736 2150 3801 ceciderit,
2200 3741 2431 3787 conteret
2480 3746 2616 3785 eum,
2651 3728 2811 3783 Cadit
2856 3741 3022 3798 super
3074 3725 3359 3780 Dominum
3386 3724 3481 3793 qni

189 3808 442 3863 Ecclesia
468 3822 564 3863 sua
601 3807 837 3863 habebat
860 3810 1177 3879 qumrebant
1216 3812 1561 3881 exstinguere
1586 3814 1791 3883 pariter
1888 3834 2114 3898 peccat;
2157 3832 2336 3879 tamen
2371 3822 2535 3877 habet
2573 3835 2724 3890 spem
2751 3834 2849 3889 per
2891 3817 3268 3888 penitentiam
3298 3828 3484 3870 resur—

189 3914 324 3957 cum
367 3898 607 3953 Ecclesia
652 3908 711 3954 ut
738 3902 1040 3970 potuissent
1063 3918 1217 3957 suam
1253 3902 1522 3972 justitiam
1565 3920 1632 3959 ex
1672 3906 1791 3977 lege
1890 3919 2068 3989 gem“,
2099 3916 2225 3987 quia
2275 3916 2471 3986 septies
2518 3911 2664 3967 cadit
2709 3911 2887 3981 justus
2930 3916 2987 3963 et
3019 3906 3272 3977 resurgit.
3323 3903 3483 3959 Cadit

189 3992 420 4045 ﬁrmare
443 4004 566 4044 cum
594 4005 691 4044 sua
718 4005 1006 4061 synagoga.
1032 3991 1102 4045 Et
1141 3994 1518 4063 apprehensum
1539 4010 1656 4047 eum
1676 3995 1786 4065 eje-
1887 4022 2019 4065 νωιο
2048 4008 2307 4063 Dominus
2355 4020 2519 4077 super
2558 4000 2881 4066 incredulos,
2908 4001 3002 4070 qui
3050 3998 3239 4054 nolunt
3266 4010 3480 4064 cogam

190 4090 382 4135 cernat
421 4091 569 4134 extra
597 4081 815 4143 vineam,
849 4091 897 4134 et
923 4082 1245 4136 occiderunt.
1296 4082 1409 4137 Hoc
1445 4092 1601 4137 erant
1629 4084 1787 4139 tertia
1890 4118 2045 4159 scere
2069 4109 2392 4167 ρτεειρνθηι,
2438 4097 2539 4165 Qui
2564 4104 2753 4167 peccat
2780 4094 2944 4157 cadit,
2969 4092 3063 4147 sed
3085 4098 3267 4161 potest
3300 4104 3482 4144 resur—

191 4173 287 4228 die
316 4170 512 4225 facturi
538 4186 647 4241 quo
674 4173 789 4227 hmo
816 4171 1158 4242 loquebatur.
1206 4172 1273 4226 Et
1297 4173 1377 4228 sic
1416 4171 1598 4226 futura
1630 4174 1785 4244 quasi

1890 4206 2036 4264 gere.
2067 4191 2168 4258 Qui
2201 4158 2307 4246 n.0n
2337 4158 2531 4254 credit,
2566 4158 2688 4256 .jam
2734 4185 3008 4254 judicatus
3054 4158 3158 4248 est,
3210 4193 3266 4238 et
3301 4182 3485 4238 veniet

187 4261 472 4331 prmterita
498 4262 753 4330 loquitur,
793 4264 919 4333 quia
966 4264 1268 4319 certissime
1312 4274 1538 4319 noverat
1583 4264 1784 4331 futura,

1890 4261 2053 4353 super
2082 4300 2205 4338 eum
2246 4292 2447 4336 intenta
2495 4280 2749 4350 perditio,
2798 4292 2919 4348 qua:
2958 4291 3083 4330 eum
3115 4274 3359 4331 funditus
3386 4289 3480 4343 op-

189 4360 249 4407 et
279 4351 323 4405 si
368 4351 628 4404 voluisset
678 4354 943 4422 potuisset
989 4355 1264 4411 declinare
1310 4357 1635 4425 passionem.
1666 4353 1785 4425 Eje-

1888 4351 2102 4445 primct.
2146 4372 2213 4427 Et
2250 4386 2372 4425 cum
2404 4370 2682 4424 audissent
2728 4369 3001 4438 principes
3047 4364 3384 4421 sacerdotum
3425 4374 3481 4418 et

189 4453 388 4502 cerunt
412 4455 565 4500 extra
587 4446 986 4516 vineam,.quia
1009 4457 1163 4502 extra
1187 4458 1402 4518 portam
1446 4449 1783 4505 Hierusalem
1887 4464 2143 4520 Ριιθτίςωι
2172 4462 2460 4534 parabolas
2501 4459 2641 4528 ejus,
2681 4464 3051 4529 cognoverunt
3087 4454 3228 4525 quod
3255 4454 3322 4508 de
3348 4453 3479 4522 ipsis
3569 4516 3586 4524 ,

189 4539 469 4593 duxerunt
514 4536 581 4590 ad
628 4536 1073 4607 crueillgendum.
1126 4537 1259 4591 Cum
1306 4555 1427 4608 ergo
1456 4543 1649 4593 uenerit
1690 4541 1786 4594 da-

189 4631 370 4684 minus
397 4630 580 4695 vincte,
612 4630 738 4701 quid
767 4629 923 4699 faciet
970 4629 1215 4699 agricolis
1265 4628 1372 4683 illis
1395 4632 1420 4684 γ
1454 4633 1614 4685 Aiunt
1655 4633 1736 4686 illi
1764 4650 1783 4687 :

192 4722 372 4777 Malos
394 4722 531 4775 male
555 4722 754 4793 perdet,
790 4731 837 4775 et
868 4722 1072 4775 vineam
1096 4738 1248 4775 suam
1279 4721 1470 4776 locabit
1502 4722 1623 4776 aliis
1649 4725 1786 4794 agri-

190 4814 341 4868 colis.
380 4813 638 4881 Quamvis
661 4814 788 4867 mali
825 4822 1028 4879 essent,
1072 4814 1138 4869 de
1165 4816 1426 4886 progenie
1467 4822 1647 4869 tamen
1692 4831 1783 4870 sa-

190 4904 470 4959 cerdotum
533 4905 922 4974 prophetarunt
990 4905 1293 4959 veritatem.
1371 4905 1611 4960 Perdidit
1665 4906 1784 4961 illos

191 4996 353 5060 male,
382 4996 508 5064 quia
539 4995 680 5051 fame
708 5010 811 5065 qua
854 4996 988 5051 nihil
1036 4997 1262 5053 durius:
1313 5012 1432 5067 quae
1480 4999 1643 5052 etiam
1687 4998 1784 5052 oh-

193 5101 371 5140 srssos
398 5088 653 5157 compulit
693 5088 942 5142 humanis
968 5089 1224 5143 carnibus
1252 5090 1418 5144 vesci.
1449 5088 1574 5144 illos
1603 5090 1783 5160 pcrdi-

193 5181 293 5245 dit,
314 5192 367 5235 et
388 5183 783 5237 commendavit
806 5182 1127 5238 Christianis
1148 5182 1459 5237 doctoribus
1482 5183 1779 5238 Ecclesium

192 5287 366 5328 suam.
402 5270 641 5326 Caveant
673 5286 802 5342 ergo
830 5288 983 5344 reges
1010 5282 1065 5328 ct
1093 5273 1329 5344 episcopi
1370 5276 1529 5329 istam
1557 5276 1780 5330 damna-

192 5363 392 5417 tionem
417 5362 797 5432 agricolarum,
827 5379 894 5418 ne
924 5365 1062 5421 forte
1098 5372 1153 5420 et
1187 5366 1289 5436 ipsi
1335 5366 1532 5421 similia
1560 5367 1776 5437 patian-

192 5469 299 5522 tur,
328 5459 372 5513 si
397 5459 537 5514 bene
567 5473 671 5512 non
699 5459 1032 5513 excoluerint
1058 5462 1269 5516 vineam
1298 5460 1532 5527 Domini,
1560 5476 1774 5516 omnem

192 5550 405 5603 turbam
434 5548 884 5604 Christianorum.
916 5548 1055 5603 Dicit
1102 5550 1205 5606 illis
1246 5552 1439 5607 Iesus:
1486 5552 1774 5623 Nunquam

194 5639 389 5712 legistis
416 5642 471 5696 in
511 5640 837 5714 Scripturis:
879 5638 1129 5711 Lapidem
1174 5662 1325 5715 quem
1372 5646 1774 5716 reprobavcrunt

190 5734 517 5804 ludiﬁcantes
529 5734 556 5789 .’
574 5734 765 5792 Adhuc
780 5742 1094 5807 perseverat
1116 5738 1453 5806 praedicendo
1468 5738 1773 5809 passionem

181 5834 371 5896 suam,
409 5837 466 5887 et
506 5832 771 5890 actionem
813 5829 1122 5890 Iudaeorum
1162 5844 1256 5899 per
1290 5834 1679 5907 metaphoram,
1709 5834 1776 5893 de

1884 4559 2111 4613 diceret.
2140 4556 2274 4624 Quia
2315 4556 2562 4611 sciebant
2596 4551 2742 4623 quod
2772 4550 2871 4621 ipsi
2904 4549 3324 4613 meditabantur,
3352 4562 3476 4616 pro-

1887 4656 2071 4720 pterea
2101 4647 2473 4717 intelligehant
2497 4644 2879 4701 similitudines
2907 4642 2972 4697 de
3002 4654 3059 4696 se
3082 4640 3273 4695 dictas.
3320 4638 3475 4695 Unde

1889 4740 2109 4811 quidam
2137 4738 2353 4807 sapiens
2377 4755 2389 4789 :

2075 4855 2300 4904 Conscius
2318 4856 2423 4921 ipse
2441 4853 2555 4913 sibi,
2577 4853 2642 4903 de
2663 4864 2721 4902 se
2744 4856 2880 4915 putat
2897 4850 3059 4899 omnia
3091 4848 3202 4899 dici.

1887 4950 1955 5009 Et
1980 4958 2285 5021 quaerentes
2336 4965 2460 5006 eum
2513 4957 2716 5012 tenere,
2768 4945 3065 5001 timuerunt
3098 4938 3305 5009 turbas,
3348 4944 3473 5014 quia

1886 5041 2028 5099 sicut
2074 5042 2391 5113 prophetam
2440 5053 2564 5093 eum
2609 5035 2900 5095 habebant.
2955 5028 3131 5090 Turba
3180 5052 3393 5106 semper
3420 5038 3472 5091 in

1882 5141 2031 5193 motu
2063 5142 2183 5191 est;
2231 5142 2285 5189 et
2313 5132 2452 5191 sicut
2481 5130 2549 5183 ad
2589 5128 3007 5184 convertendum
3059 5126 3253 5192 facilis,
3302 5127 3380 5180 sic
3407 5126 3474 5180 ad

1882 5225 2276 5295 desperandum
2326 5221 2599 5295 proclivis.
2633 5220 2803 5287 Quem
2836 5220 2979 5277 enim
3015 5234 3119 5279 una
3157 5219 3243 5273 die
3273 5218 3470 5271 dabitis

1882 5317 2129 5375 laudibus
2150 5325 2206 5369 ut
2229 5315 2396 5369 Deum
2420 5312 2753 5377 extulerunt,
2775 5317 2925 5369 sexta
2951 5311 3035 5375 die
3061 5317 3119 5367 ut
3142 5302 3468 5362 homicidam

1882 5407 2124 5478 cruciligi
2150 5405 2439 5475 petierunt.
2634 5454 2637 5455 ν

2493 5516 2723 5575 CAPUT
2759 5514 2868 5573 ιιι.

2369 5634 2450 5685 De
2481 5628 2580 5700 ﬁlii
2603 5630 2736 5699 regis
2765 5627 2978 5697 nuptiis.

1953 5741 2021 5796 Et
2050 5756 2363 5813 responaens
2394 5742 2549 5796 Iesus
2595 5740 2728 5794 dixit
2774 5741 2963 5794 iterum
3006 5740 3065 5793 in
3100 5734 3363 5809 parabolis
3394 5735 3468 5787 eis

1882 5831 2116 5895 loquens.
2149 5832 2303 5903 Quod
2354 5832 2553 5895 dicitur
2596 5829 2952 5905 respondens,
2995 5824 3063 5886 ad
3113 5825 3471 5901 cogitationes
