3988 6512
175 429 303 499 ms

171 649 264 703 tide
290 653 339 702 et
370 643 655 701 dilectione
692 658 789 714 per
823 640 1142 701 holocausta
1176 638 1286 695 sola
1335 636 1447 692 Deo
1474 634 1740 709 placuisse

173 738 441 796 invenitur.
466 735 524 791 In
558 752 664 809 qua
695 733 963 793 sententia
988 748 1046 789 se
1081 730 1248 789 fuisse
1280 729 1595 787 declaravit.
1628 725 1741 781 Hac

168 833 228 889 de
248 848 301 888 re
324 831 417 886 iste
443 825 897 896 interrogatqnod
922 826 993 883 sit
1013 823 1309 881 maximum
1330 828 1384 885 et
1410 818 1741 889 praecipuum

169 923 488 981 mandatum.
514 920 655 991 quod
679 919 822 977 Deus
848 917 969 990 plus
989 915 1305 975 delectetur.
1328 912 1414 971 Ait
1440 911 1518 966 illi
1536 908 1695 965 Jesus
1717 920 1738 960 .-

170 1016 350 1086 Diliges
370 1013 650 1070 Dominum
677 1013 846 1068 Deum
883 1020 1030 1066 tuum
1062 1026 1127 1064 ea:
1148 1016 1253 1063 toto
1274 1005 1430 1062 corde
1457 1014 1546 1060 tuo
1569 1044 1584 1069 ,
1615 1012 1661 1059 et
1684 1002 1741 1061 in

166 1116 265 1161 tota
294 1106 468 1163 anima
494 1114 618 1169 tua,
652 1112 700 1156 et
740 1103 795 1157 in
821 1110 930 1157 tota
970 1109 1138 1157 mente
1170 1108 1281 1154 tua.
1323 1095 1566 1155 Primum
1610 1108 1743 1163 ergo

164 1197 389 1252 omnium
420 1205 475 1251 et
510 1196 807 1253 maximum
848 1178 1161 1250 mandatum
1201 1198 1288 1247 est
1312 1189 1549 1260 cognitio
1576 1198 1743 1258 atque

164 1288 417 1345 confessio
461 1288 659 1343 divina:
700 1286 943 1351 unitatis,
1001 1301 1124 1341 cum
1180 1282 1530 1341 exsecutione
1586 1281 1743 1337 bona)

161 1378 495 1449 Operationis.
514 1377 623 1434 Nec
650 1379 805 1435 nobis
820 1378 1038 1448 ponitur
1060 1375 1252 1434 modus
1278 1384 1371 1431 aut
1403 1388 1654 1429 mensura
1684 1374 1742 1429 in

161 1473 251 1527 Dei
267 1471 565 1535 dilectione,
586 1471 676 1524 sel
695 1486 762 1525 ex
778 1479 889 1525 toto
905 1468 1067 1524 corde
1079 1477 1341 1539 quantum
1354 1482 1548 1538 capere
1561 1473 1742 1537 potest

158 1565 330 1618 anima
362 1571 415 1618 et
445 1571 706 1632 quantum
738 1562 978 1633 cegitare
1016 1577 1130 1627 cor,
1174 1569 1335 1630 atque
1367 1575 1523 1615 mens
1550 1572 1744 1630 suggee

156 1670 293 1720 rere,
322 1655 373 1709 in
402 1655 727 1725 cogitatione
750 1692 766 1716 ,
807 1653 859 1707 in
891 1651 1160 1709 locutione
1183 1691 1198 1715 ,
1239 1664 1401 1720 opere
1426 1650 1629 1717 absque
1656 1646 1737 1701 nl-

155 1746 255 1799 lius
299 1745 699 1815 comparatione
742 1743 909 1797 Deum
947 1741 1256 1811 diligamus.
1302 1738 1418 1795 Hoc
1459 1748 1535 1794 est
1569 1737 1745 1793 νηπίη

152 1853 289 1890 mum
312 1846 357 1890 et
380 1836 606 1907 primum
640 1833 970 1888 mandatum.
1004 1831 1156 1887 Nunc
1191 1832 1432 1901 apertius
1462 1830 1733 1895 ostendit,

1228 458 1231 463 ,
1266 414 1649 487 ﬁngam
1682 414 1761 489 IN,
1791 406 2232 487 MTTBIEUM.
2282 472 2289 483 ,
2340 458 2345 465 ι
2374 446 2379 453 τ
2408 448 2417 489 ῖ

171 561 306 623 bere,
324 562 483 626 uuam
507 549 839 609 holocausta.
865 544 1039 607 Nemo
1062 550 1241 603 autem
1262 559 1503 615 unquam
1533 543 1737 613 absque
1768 539 1815 619 Α
1843 550 2004 608 quam
2034 542 2160 591 ante
2198 529 2391 626 habgit
2417 542 2515 626 per
2541 524 2887 626 divinitatem,
2913 524 3119 626 habere
3149 490 3463 626 “Epit—peri

1845 626 2263 685 humanitatem.
2302 623 2371 679 Et
2406 622 2533 694 quia
2562 619 2731 679 Judtei
2762 620 3194 699 dedignabantur
3213 623 3442 695 credere

1842 717 2116 775 Christum
2164 716 2333 789 Deum
2376 722 2431 771 et
2476 712 2774 778 hominem,
2815 720 3102 789 propterea
3140 711 3444 791 intelligere

1842 810 2156 880 nequibant.
2180 807 2335 881 Quod
2364 814 2546 862 autem
2566 821 2596 859 a
2620 804 2782 859 Patre
2811 801 3016 859 inimici
3055 802 3440 887 subjiciuntur,

1843 917 1949 959 non
1977 901 2269 971 inﬁrmitas
2292 898 2415 959 Filii
2440 898 2761 977 ostenditur,
2788 896 2883 953 sed
2903 897 3083 969 unitas
3108 890 3319 985 naturas
3343 898 3443 989 de:-

1843 999 2201 1059 monstratur.
2227 989 2361 1045 Nam
2384 998 2440 1046 et
2460 989 2629 1049 Filius
2650 988 2868 1060 subjicit
2890 987 3043 1047 Patri
3065 989 3333 1059 inimicos,
3348 987 3443 1062 qui

1843 1083 2060 1153 Patrem
2083 1080 2345 1153 clariﬁcat
2376 1095 2537 1150 super
2566 1088 2791 1137 terram.
2848 1078 2985 1135 Sede
3007 1098 3047 1151 αλ
3067 1078 3268 1143 dextris
3289 1080 3437 1145 meis,

1841 1173 2083 1245 Gloriam
2110 1184 2164 1231 et
2188 1173 2537 1231 stabilitatem
2560 1162 2821 1231 debemus
2847 1174 3099 1245 accipere
3122 1173 3176 1230 in
3201 1174 3307 1229 ista
3325 1190 3443 1233 ses-

1841 1269 2011 1325 sione.
2046 1266 2183 1335 Quia
2207 1266 2352 1323 enim
2387 1264 2558 1322 Filius
2584 1274 2897 1337 assumptus
2942 1264 3011 1323 de
3050 1273 3240 1321 sancta
3268 1264 3443 1329 Maria

1839 1350 2017 1417 Patiis
2043 1358 2173 1415 fecit
2196 1358 2550 1423 voluntatem,
2599 1366 2746 1415 recte
2780 1358 2836 1412 in
2869 1356 3189 1415 ascensione
3212 1373 3244 1412 a
3281 1356 3445 1443 Patre

1838 1451 2039 1509 dicitur
2063 1468 2076 1521 ς
2106 1448 2240 1507 Sede
2265 1467 2296 1503 a
2323 1448 2525 1504 dextris
2546 1450 2694 1504 meis.
2728 1449 2918 1509 Victor
2944 1448 2998 1504 in
3028 1447 3222 1522 gloria.
3248 1447 3294 1502 A
3316 1449 3444 1525 desa-

1839 1542 1935 1596 tris
1975 1556 2083 1595 non
2123 1540 2302 1597 locum
2339 1540 2644 1611 signiﬁcat,
2686 1541 2781 1596 sed
2815 1539 3204 1617 aequalitatem.
3244 1539 3443 1609 Donec,

1838 1632 1928 1688 hic
1946 1646 2051 1703 pro
2086 1646 2301 1701 semper
2328 1631 2547 1705 ponitur
2566 1672 2580 1696 ,
2623 1640 2682 1705 ut
2712 1631 2845 1707 illud
2873 1651 2886 1686 :
2910 1631 3096 1693 Donec
3116 1635 3438 1707 senescatis,

1839 1738 1931 1793 ego
1961 1739 2077 1776 sum
2105 1722 2269 1776 Deus.
2310 1721 2475 1790 Quasi
2518 1722 2724 1779 diceret
2770 1740 2783 1777 :
2816 1722 2955 1781 Sede
2991 1724 3114 1794 quia
3150 1722 3448 1791 subjiciun-

1841 1825 1931 1871 tur
1952 1816 2156 1871 inimici
2175 1816 2275 1871 sub
2300 1816 2526 1887 pedibus
2554 1816 2678 1870 tuis.
2721 1813 2892 1872 Pedes
2912 1817 3057 1870 enim
3104 1814 3320 1871 Domini
3352 1815 3439 1871 vel

152 1926 277 1996 quid
307 1925 392 1981 ille
414 1923 851 1994 interrogaverit,
889 1921 992 1977 hoc
1024 1929 1107 1976 est
1135 1929 1262 1976 ante
1286 1921 1473 1976 omnia
1494 1926 1549 1974 et
1577 1935 1739 1989 super
1766 1913 1815 1974 B
1843 1910 2172 1975 incarnatio,
2200 1908 2282 1963 vel
2310 1908 2536 1980 apostoli
2560 1908 2950 1980 intelliguntur.
2985 1908 3051 1962 Et
3075 1925 3223 1964 nemo
3242 1916 3448 1980 poterat

149 2019 328 2075 omnia
375 2018 627 2072 mandata
654 2058 668 2082 ,
722 2015 864 2071 istud
906 2016 1279 2071 collocandum
1326 2015 1741 2071 fundamentum

1847 2003 2154 2075 respondere
2192 2003 2241 2057 ei
2276 2002 2506 2057 verbum.
2549 2001 2702 2057 Tunc
2746 2002 2998 2073 nequiter
3033 2002 3245 2058 confusi
3284 2007 3445 2068 sunt,

148 2109 379 2181 pietatis.
441 2108 738 2163 Secundum
784 2118 960 2163 autem
1009 2107 1179 2163 simile
1220 2117 1295 2162 est
1339 2108 1462 2161 huic
1492 2125 1511 2163 ε
1539 2106 1740 2177 Diliges

146 2202 439 2273 proximum
471 2210 617 2253 tuum
657 2200 795 2253 sicut
823 2201 1063 2270 teipsam.
1095 2198 1162 2253 In
1188 2200 1268 2253 his
1290 2198 1497 2253 duobus
1518 2198 1740 2252 manda-

146 2296 214 2347 tis
240 2303 345 2347 tota
366 2291 449 2347 (ex
475 2291 661 2362 pendet
696 2300 744 2345 et
775 2292 1056 2362 prophetae.
1086 2290 1342 2363 Adjungit
1382 2291 1643 2347 Dominus
1672 2291 1739 2346 ad

146 2387 253 2441 hoc
274 2385 414 2455 quod
441 2386 805 2455 interrogatus
830 2384 1029 2450 fuerat,
1063 2385 1189 2454 quia
1214 2384 1341 2440 illud
1367 2386 1603 2455 primum
1630 2400 1740 2440 non

143 2485 324 2547 potest
342 2475 457 2531 ﬁeri
484 2477 601 2530 sine
630 2476 752 2542 isto,
785 2476 913 2546 quia
949 2476 1062 2546 ipse
1096 2476 1237 2530 Deus
1264 2476 1521 2546 praecepit
1548 2475 1737 2547 dilige-

145 2584 206 2622 re
234 2569 535 2637 proximum
564 2568 703 2622 sicut
732 2568 987 2636 seipsum.
1017 2566 1150 2621 lllud
1191 2569 1489 2622 maximum
1515 2577 1571 2623 et
1600 2584 1741 2637 prse—

142 2664 360 2732 cipuum
402 2668 505 2727 est,
545 2661 688 2716 istud
729 2669 910 2717 tamen
940 2662 1112 2731 prius,
1143 2660 1269 2731 quia
1313 2662 1404 2731 qui
1432 2677 1540 2716 non
1570 2661 1743 2731 diligit

140 2755 447 2823 proximum
480 2769 643 2823 quem
682 2752 849 2817 videt,
888 2752 1056 2807 Deum
1094 2768 1255 2822 quem
1297 2768 1405 2807 non
1430 2752 1579 2806 videt
1608 2767 1743 2820 quo-

138 2845 305 2899 modo
328 2852 506 2915 potest
544 2844 804 2914 diligere?
830 2845 935 2898 Per
971 2844 1313 2898 dilectionem
1343 2843 1575 2915 proximi
1612 2858 1739 2912 per--

139 2936 360 2991 venitur
388 2934 454 2991 ad
480 2935 820 2991 dilectionem
850 2935 967 2990 Dei.
996 2935 1064 2989 Et
1090 2935 1181 3004 qui
1212 2936 1315 2990 ista
1339 2935 1444 2990 duo
1470 2942 1742 3004 praecepta

134 3028 422 3097 adimplet,
447 3028 630 3083 omnia
654 3044 773 3097 qua:
817 3027 904 3083 lex
941 3034 997 3083 et
1027 3028 1301 3099 prophetae
1349 3028 1744 3081 mandaverunt

134 3119 423 3190 adimplet.
452 3119 553 3187 Qui
576 3121 720 3174 enim
752 3120 924 3190 diligit
959 3120 1127 3173 Deum
1147 3160 1161 3184 ,
1205 3135 1312 3173 non
1342 3119 1531 3173 adorat
1569 3119 1697 3171 deos
1722 3157 1737 3183 ,

132 3230 252 3268 non
277 3214 505 3268 assumit
530 3228 728 3268 nomen
755 3211 968 3265 Domini
991 3212 1045 3265 in
1073 3227 1273 3267 vanum
1297 3217 1352 3265 et
1382 3210 1588 3280 reliqua
1620 3224 1739 3281 quae

132 3305 207 3358 ad
234 3304 435 3358 cultum
458 3304 552 3356 Dei
572 3302 861 3371 pertinent.
879 3300 981 3367 Qui
997 3302 1166 3369 diligit
1183 3275 1516 3371 proximum;
1531 3275 1744 3357 non-oc—
1769 3275 1814 3337 C

129 3394 275 3450 cidit
288 3409 385 3447 nec
406 3392 731 3457 moechatur,
748 3407 852 3446 non
866 3389 1101 3455 furatur,
1118 3407 1224 3446 non
1240 3391 1371 3447 dicit
1393 3391 1585 3447 l‘alsum
1601 3392 1748 3447 testi-

131 3483 405 3546 monium,
431 3498 539 3537 non
565 3482 902 3551 concupiscit
930 3496 1042 3537 rem
1070 3482 1305 3551 proximi
1331 3484 1412 3537 sui
1435 3524 1448 3548 ,
1481 3484 1605 3553 quia
1628 3499 1744 3538 om-

126 3575 233 3629 nia
261 3574 364 3629 ista
392 3575 446 3628 in
476 3572 738 3643 proximis
769 3574 1213 3639 committuntur,
1236 3582 1291 3628 et
1320 3573 1410 3627 tali
1435 3577 1593 3630 modo
1627 3591 1743 3630 ser—

125 3673 305 3719 vatur
329 3666 590 3719 charitas.
640 3663 706 3718 Et
747 3667 812 3719 de
855 3665 956 3720 hoc
1001 3665 1207 3720 dictum
1245 3675 1328 3720 est
1372 3682 1467 3735 per
1510 3668 1743 3738 prophe-

128 3766 255 3809 tam
304 3772 318 3809 :
359 3752 582 3809 Verbum
626 3755 911 3809 breviatum
954 3756 1108 3826 faciet
1158 3757 1415 3813 Dominus
1452 3777 1607 3830 super
1635 3770 1743 3815 ter-

128 3863 200 3899 ra
210 3861 282 3898 m.

757 3915 985 3972 CAPUT
1013 3916 1149 3972 LVI.

484 4004 745 4061 Dominus
770 4007 1059 4078 interrogat
1086 4009 1407 4065 Pharisteos.

215 4115 561 4187 Congregatis
589 4130 767 4171 autem
788 4112 1079 4175 Pharisa’t's
1104 4122 1441 4192 interrogavit
1467 4139 1553 4178 eos
1582 4123 1743 4181 Iesus

121 4210 328 4262 dicens
350 4224 369 4260 :
388 4208 529 4274 Quid
553 4212 694 4265 vobis
720 4213 925 4266 videtur
941 4213 1005 4266 de
1027 4213 1231 4267 Christo
1247 4215 1273 4267 Γ
1289 4214 1455 4286 Cujus
1468 4215 1609 4285 ﬁlius
1631 4218 1746 4272 est?

120 4299 282 4367 Quia
308 4299 566 4355 Pharismi
594 4319 807 4374 semper
830 4305 1003 4374 parati
1038 4313 1192 4359 erant
1219 4306 1288 4360 ad
1325 4311 1740 4365 commovendas

119 4394 508 4463 tha‘35tioncs,
545 4408 909 4464 cognoverunt
948 4399 1237 4469 aliquando
1266 4402 1409 4470 quod
1449 4410 1504 4455 et
1533 4403 1741 4458 solvere

116 4486 329 4543 omnia
352 4493 584 4556 poterat,
618 4496 671 4540 et
694 4490 856 4542 etiam
893 4506 1193 4560 preponere
1233 4510 1351 4562 qua:
1390 4494 1491 4562 ipsi
1530 4496 1741 4551 solvere

119 4578 456 4645 nequirent.
513 4578 810 4647 lnterrogat
866 4580 1009 4648 ipsos
1045 4582 1304 4637 Dominus
1346 4586 1411 4638 de
1459 4584 1548 4639 illo
1578 4602 1739 4654 quem

1843 2099 1972 2166 quia
2003 2108 2102 2149 nec
2139 2093 2333 2165 psalmi
2366 2094 2591 2148 verbum
2636 2093 2931 2149 dissolvere
2958 2094 3268 2163 quiverunt.
3317 2091 3449 2147 Post

1842 2186 2058 2243 Domini
2111 2201 2240 2241 vero
2286 2201 2572 2241 ascensum
2619 2200 2741 2240 cum
2786 2184 3040 2240 similiter
3088 2184 3179 2238 alii
3218 2183 3285 2239 de
3330 2183 3447 2255 ipso

1840 2281 2008 2335 verbo
2032 2279 2460 2344 confutarcntur,
2492 2279 2834 2345 invenerunt,
2864 2277 3009 2349 quod
3038 2275 3439 2335 Melchisedech

1844 2369 2074 2425 dixisset
2101 2370 2205 2424 hoc
2225 2370 2293 2423 ad
2320 2369 2599 2423 Abraham
2622 2382 2841 2423 reverso
2872 2369 2938 2423 de
2969 2366 3126 2423 bello.
3159 2366 3312 2433 Quod
3336 2381 3447 2422 non

1841 2471 2021 2534 potest
2068 2461 2141 2516 ita
2173 2461 2429 2531 intelligi,
2462 2461 2588 2531 quia
2634 2476 2867 2530 sequens
2896 2459 3196 2515 versiculus
3230 2468 3443 2516 contra-

1842 2555 1993 2610 dicit.
2026 2553 2215 2608 Tecum
2250 2552 2566 2624 principium
2584 2553 2639 2605 in
2659 2552 2744 2605 die
2758 2552 2963 2605 virtutis
2982 2560 3111 2616 tute,
3141 2557 3196 2606 et
3218 2548 3447 2619 reliqua.

1917 2667 2099 2737 Neque
2124 2682 2285 2719 ausus
2312 2665 2414 2735 fuit
2443 2666 2721 2737 quisquam
2761 2680 2825 2720 ea:
2850 2662 2945 2718 illa
2971 2664 3056 2720 die
3082 2662 3309 2735 amplius
3329 2679 3449 2721 eum

1842 2758 2188 2829 interrogare.
2219 2755 2375 2811 Nunc
2414 2772 2513 2826 pro
2539 2764 2691 2811 certo
2720 2764 3061 2826 agnoverunt
3084 2754 3278 2820 Judaei,
3303 2754 3450 2826 quod

1842 2847 2027 2904 verbis
2055 2846 2235 2903 nullus
2260 2855 2445 2917 posset
2465 2860 2590 2900 eum
2618 2861 2815 2917 capere
2840 2886 2857 2912 ,
2887 2845 3014 2916 quia
3044 2846 3186 2915 sicut
3211 2845 3333 2900 fons
3360 2860 3446 2901 sa-

1842 2942 2061 3012 pientiae
2084 2940 2424 3015 loquebatur,
2461 2948 2516 2994 et
2544 2938 3035 3008 comprehendebat
3067 2938 3343 3010 sapientes
3390 2937 3448 3003 in

1844 3034 2047 3088 astutia
2083 3048 2294 3088 eorum.
2319 3030 2440 3087 Jam
2474 3032 2531 3087 in
2571 3032 2782 3102 reliquo
2816 3040 3178 3101 corruperunt
3203 3031 3447 3100 discipu-

1844 3129 1955 3183 lum
2003 3128 2145 3183 illius
2173 3126 2419 3198 pecunia,
2452 3133 2514 3179 ut
2549 3125 2804 3196 proderet
2838 3137 2963 3177 eum
3008 3121 3127 3183 sine
3168 3122 3361 3188 turbis,
3392 3128 3450 3183 et

1845 3219 2368 3289 comprehendentes
2391 3232 2516 3273 eum
2542 3232 2667 3272 cum
2685 3216 2740 3271 vi
2770 3212 3048 3270 traderent
3072 3212 3330 3269 Romana:
3351 3228 3447 3284 po-

1855 3314 2062 3373 testati.
2090 3314 2170 3370 Ex
2200 3328 2308 3385 quo
2335 3312 2652 3383 intelligitur
2686 3325 2893 3367 venena
2930 3308 3143 3364 invidia:
3162 3322 3322 3379 posse
3355 3323 3449 3363 su-

1847 3410 2052 3480 perari,
2096 3408 2194 3465 sed
2232 3406 2454 3463 difﬁcile
2496 3407 2902 3476 conquiescere.
2934 3402 3303 3473 Reprehendit
3344 3403 3449 3457 Do—

1849 3502 2027 3557 minus
2054 3500 2223 3555 multa
2252 3500 2306 3554 in
2330 3500 2636 3557 Pharisaais.
2664 3497 2810 3555 Tunc
2835 3496 2992 3550 Iesus
3031 3494 3239 3549 locutus
3277 3504 3350 3547 est
3376 3493 3448 3547 ad

1847 3592 2050 3657 turbas,
2075 3601 2122 3644 et
2148 3592 2216 3644 ad
2237 3590 2523 3660 discipulos
2556 3606 2698 3654 suos,
2720 3589 2930 3642 dicens:
2954 3584 3122 3654 Super
3144 3584 3448 3638 cathedram

1848 3683 2022 3753 Moysi
2061 3684 2303 3737 sederunt
2341 3681 2541 3737 Scribis
2585 3691 2632 3736 et
2670 3678 2955 3733 Pharisazi.
3001 3677 3329 3735 Cathedram
3355 3676 3447 3733 hic

1847 3777 2222 3846 magisterium
2257 3783 2310 3829 et
2347 3775 2650 3830 doctrinam
2694 3772 2948 3843 appellat.
2991 3772 3108 3827 Hoc
3144 3778 3251 3836 est,
3289 3771 3444 3827 illum

1848 3866 2023 3922 locum
2047 3876 2101 3920 et
2131 3866 2262 3921 illud
2288 3866 2664 3936 magisterium
2681 3865 2786 3920 sibi
2805 3865 3099 3930 vindicant,
3126 3865 3271 3933 quod
3299 3862 3449 3935 Moy-

1846 3973 1934 4015 ses
1960 3959 2229 4029 quondam
2262 3958 2453 4013 habuit
2493 3974 2656 4029 super
2684 3958 2944 4029 pupulum
2987 3958 3044 4012 in
3085 3957 3321 4013 deserto.
3363 3956 3449 4013 Si-

1846 4046 2051 4106 militér
2092 4065 2383 4120 possumus
2424 4058 2480 4106 et
2520 4050 2592 4107 ibi
2619 4051 2917 4105 doctrinam
2950 4050 3202 4119 accipere
3238 4048 3333 4104 ubi
3360 4048 3446 4103 di-

1845 4142 1918 4198 cit
1945 4182 1960 4207 ,
1991 4150 2040 4196 et
2071 4142 2126 4196 in
2163 4142 2416 4199 cathedra
2460 4141 2787 4213 pestilentia.
2822 4141 2889 4196 Et
2916 4140 3196 4201 cathedras
3219 4139 3444 4195 venden-

1844 4233 1976 4287 tium
2007 4231 2274 4289 columbas
2297 4233 2495 4287 evertit.

1918 4323 2110 4380 Omnia
2132 4341 2254 4395 ergo
2274 4341 2596 4396 quacunque
2620 4325 2850 4380 dixerint
2871 4325 3036 4391 vobis,
3064 4325 3223 4394 facite
3250 4334 3302 4379 et
3334 4341 3447 4380 sero

1845 4427 1979 4472 rate.
2008 4417 2142 4471 Mira
2170 4418 2432 4488 patientia
2467 4417 2585 4483 Dei,
2632 4418 2758 4487 quia
2792 4418 2864 4471 illi
2898 4418 3132 4488 agebant
3156 4433 3283 4486 erga
3319 4431 3445 4472 eum

1845 4517 1904 4563 ut
1930 4508 2160 4576 nequius
2197 4514 2467 4576 poterant,
2493 4515 2548 4561 et
2571 4516 2751 4561 tamen
2778 4508 2867 4561 ille
2895 4514 3119 4577 propter
3150 4508 3443 4563 sacerdotii

1846 4597 2170 4667 dignitatem
2210 4596 2531 4651 hortabatur
2557 4596 2815 4666 populum
2839 4604 2899 4649 ut
2948 4596 3091 4651 bona
3113 4611 3233 4665 quae
3258 4596 3327 4651 ab
3362 4598 3444 4654 eis

118 4670 403 4724 dicebant
428 4676 715 4722 venturum
744 4669 902 4740 (quia
934 4680 1252 4737 praesentem
1278 4672 1532 4727 nolebant
1556 4677 1744 4730 crede-
1768 4659 1822 4718 Ῑ)
1850 4659 2143 4740 δυ’άίθιωηι
2174 4693 2440 4750 tenerem,
2476 4701 2507 4739 ιι
2558 4659 2715 4741 iuius
2746 4701 2878 4741 vero
2911 4700 3102 4740 eorum
3128 4659 3346 4742 Quibus
3385 4702 3443 4743 se

121 4760 222 4829 re)
260 4759 422 4827 cujus
461 4760 603 4813 (ilius
636 4775 759 4814 esse
792 4762 1002 4816 debeat.
1050 4762 1107 4817 Si
1140 4764 1439 4833 potuissent
1481 4767 1622 4821 scire
1652 4782 1741 4822 se-

117 4850 394 4919 quentia.
426 4850 689 4905 dixissent
736 4851 875 4906 sicut
926 4853 1179 4908 dixerunt
1223 4855 1288 4909 de
1334 4854 1559 4922 Joanne,
1600 4857 1744 4926 quod

118 4940 442 4995 nescirent.
474 4940 674 4996 Dicunt
697 4943 747 4996 ei
783 4957 802 4994 :
830 4943 1020 4998 David.
1066 4945 1200 5012 Quia
1243 4947 1440 5001 habent
1478 4950 1743 5019 scriptum

118 5032 355 5085 dictum
394 5033 606 5088 Domini
654 5036 722 5088 ad
769 5051 890 5089 eum
931 5035 1051 5090 τηε
1087 5038 1262 5107 fructu
1301 5041 1490 5094 ventris
1526 5042 1604 5094 tui
1652 5059 1744 5111 po-

123 5139 271 5176 nam
301 5140 463 5192 super
488 5126 661 5181 sedem
686 5144 850 5182 meam
881 5141 903 5180 .°
928 5128 1131 5184 idcirco
1168 5140 1447 5186 noverant.
1505 5132 1741 5198 Quomo-

119 5216 211 5266 do
237 5229 371 5283 ergo
396 5214 565 5268 David
584 5218 637 5270 in
660 5219 843 5287 spiritu
873 5228 1022 5273 vocat
1040 5236 1157 5273 eum
1188 5221 1472 5277 Dominum
1488 5225 1514 5279 7
1534 5225 1591 5279 In
1622 5226 1744 5299 Spi-

120 5305 255 5358 ritu
289 5312 505 5368 sancto,
543 5320 653 5359 non
686 5312 889 5365 erroris
919 5311 1131 5383 incerto
1173 5327 1273 5367 nec
1303 5316 1514 5387 propria
1552 5317 1741 5371 volun-

122 5405 287 5462 tate,
332 5398 427 5453 sed
474 5397 527 5451 in
561 5396 764 5467 Spiritu
798 5413 986 5457 sancto
1025 5407 1397 5474 prophetando
1424 5416 1584 5463 vocat
1616 5424 1741 5463 eum

124 5488 445 5542 Dominum
467 5504 621 5543 suum
644 5489 827 5544 dicens
856 5509 868 5543 ε
894 5493 1041 5549 Dixit
1070 5497 1328 5552 Dominus
1359 5499 1581 5555 Domino
1607 5520 1740 5570 meo,

123 5581 291 5635 Sede
321 5598 356 5634 a
386 5581 579 5636 dextris
604 5582 748 5636 meis.
772 5582 1117 5653 Prophetavit
1139 5591 1307 5647 David
1333 5592 1400 5647 de
1427 5596 1744 5652 ascensione

120 5676 373 5730 Domini
399 5675 597 5731 Christi
622 5677 763 5747 quod
790 5676 838 5732 is
867 5679 958 5747 qui
982 5680 1047 5735 de
1072 5692 1257 5740 sancta
1286 5686 1455 5742 Maria
1480 5699 1637 5745 natus
1658 5699 1743 5747 est
1766 5683 1775 5693 ’

117 5780 320 5835 supra
351 5771 570 5840 angelos
588 5780 643 5827 et
666 5788 883 5828 omnem
903 5780 1208 5831 creaturam
1233 5780 1493 5848 elevatus,
1520 5785 1587 5839 ad
1611 5786 1742 5840 dex-

116 5866 333 5913 teram
394 5857 573 5917 Patris
616 5863 913 5922 collocatus
962 5872 1045 5922 est
1095 5874 1150 5922 et
1217 5870 1431 5928 deitatis
1478 5874 1749 5931 honorem'

1848 4774 2204 4832 custodirent.
2243 4773 2459 4841 Omnia,
2488 4776 2828 4841 subauditur,
2856 4776 3019 4843 bona,
3059 4778 3189 4847 quia
3214 4793 3338 4834 cum
3368 4780 3443 4834 Ic-

1851 4866 2115 4936 gebantur
2129 4862 2445 4935 Scriptum,
2476 4883 2582 4921 non
2602 4866 2875 4920 audebant
2895 4866 3039 4921 aliud
3069 4868 3251 4923 dicere
3276 4883 3441 4939 quam

1854 4956 2023 5021 bona,
2065 4965 2285 5026 propter
2309 4957 2585 5028 populum,
2621 4957 2750 5026 quia
2796 4972 2988 5014 omnes
3013 4959 3213 5016 litteris
3235 4959 3440 5015 eruditi

1851 5054 2028 5101 erant.
2068 5046 2248 5103 Multis
2278 5049 2460 5119 itaque
2502 5057 2731 5118 prosunt
2759 5049 2988 5106 dicendo
3015 5052 3163 5123 quod
3205 5067 3313 5107 non
3360 5050 3440 5107 fa—

1852 5140 2023 5204 ciunt,
2058 5140 2152 5195 sed
2184 5140 2351 5195 multo
2380 5139 2571 5194 melius
2598 5140 2920 5208 prodessent
2948 5143 2993 5197 si
3035 5142 3277 5198 facerent
3317 5158 3439 5211 quae

1848 5233 2053 5288 dicunt.
2086 5234 2317 5304 Alligant
2351 5244 2525 5286 autem
2562 5250 2721 5288 onera
2746 5237 2930 5305 gravia
2966 5247 3012 5292 et
3060 5237 3437 5309 importabilia,

1846 5329 2119 5398 imponunt
2147 5330 2200 5382 in
2221 5329 2462 5382 humeros
2487 5327 2779 5396 hominum,
2808 5331 2972 5402 digito
3003 5342 3179 5389 autem
3210 5350 3307 5389 uso
3342 5351 3439 5391 ηο-

1848 5416 1960 5473 lunt
1988 5436 2048 5473 ea
2078 5435 2299 5472 movere.
2332 5416 2508 5473 Onera
2533 5419 2625 5474 hic
2646 5432 2915 5491 praecepta
2941 5431 2998 5477 et
3020 5426 3439 5483 consuetudines

1847 5525 2035 5565 eorum
2064 5526 2184 5580 qua:
2220 5517 2277 5564 et
2316 5509 2563 5564 doctrina
2619 5526 2717 5567 sua
2766 5514 3123 5571 extrahebant
3160 5517 3433 5574 dicuntur.

1848 5599 1929 5657 Ob
1970 5603 2075 5657 hoc
2102 5602 2362 5657 debemus
2400 5602 2547 5657 illam
2590 5604 3024 5662 subauditionem
3058 5610 3307 5678 superius
3348 5611 3436 5666 di-

1850 5705 1992 5755 ctam
2018 5711 2263 5763 servare,
2309 5699 2491 5753 omnia
2529 5699 2668 5755 bona
2697 5716 2819 5771 quin
2837 5701 3043 5769 dicunt,
3074 5704 3216 5762 sicut
3260 5714 3316 5759 et
3344 5704 3438 5760 illo

1851 5788 2018 5841 verbo
2056 5774 2325 5857 hpostoli.
2374 5787 2565 5844 Omnia
2612 5791 2843 5862 probate,
2894 5793 2941 5848 si
2970 5794 3265 5853 inveneritis
3298 5794 3435 5849 bona

1849 5897 1978 5947 esse,
2007 5890 2191 5935 tenete.
2243 5882 2380 5938 Ecce
2411 5882 2499 5937 hic
2525 5883 2761 5941 dicitur:
2792 5884 3023 5959 Alligant
3052 5904 3213 5945 onera
3246 5885 3431 5965 gravia
