3988 6466
192 384 336 454 me
360 366 369 383 ³

1094 366 1121 413 .'
1163 372 1237 407 μιν.
1330 368 2309 439 Ἐχροεηιοίῃύῃωυηιι
2358 376 2520 423 μω
2588 376 2743 423 ,ίῖε’›

3323 361 3513 433 illi!!!

189 500 461 564 steterunt.
486 494 571 559 ΙΨ
597 498 685 557 est
709 490 1052 572 minium
1072 494 1319 553 'diirititim
1354 491 1638 558 ‘elanﬁtis,
1683 484 1770 573 vei
1795 488 1997 558 Alt-alte
2038 484 2167 558 iam
2196 483 2733 559 eupravpobitiultﬁ
2763 482 3053 550 linteatis)
3076 480 3519 549 .Mivetz.

190 589 419 653 celando
446 589 594 663 quod
613 598 717 647 eos
735 587 944 646 debetis
960 586 1380 655 edocereet'pro
1396 574 1605 637 invidia
1630 578 1776 636 ωιιιρ
1812 594 1815 615 ι

190 687 294 753 tis,‘
322 682 569 740 nolenws
591 687 654 735 ut
694 680 753 736 in
796 690 885 735 me
908 672 1497 733 credam-Bromia
1525 668 1815 740 magister:

192 778 289 853 qui
318 772 720 832 cum-doctrina
749 770 905 827 bona.
932 767 1143 853 malum
1173 763 1489 853 exemplum
1519 758 1813 853 discipulo.

191 850 430 940 praebet;
446 870 679 936 regnum
696 852 970 917 ῖοωιυτιιιιι
987 858 1040 915 ei
1056 855 1281 914 claudit.
1308 852 1595 926 Scriptum
1624 850 1817 908 animi.

193 957 379 1014 invitia
404 960 643 1025 regnum
677 950 938 1008 caelorum
962 944 1183 1013 dicitur,
1212 944 1359 1017 “quis
1385 943 1465 1000 ibi
1511 940 1815 1003 invenitur

192 1046 341 1105 unde
364 1043 748 1103 teremiorum
766 1036 1317 1113 regdi‘eoguoscitm',
1336 1034 1529 1093 emite
1551 1036 1815 1090 mtuum:

197 1138 364 1200 Unde
379 1138 627 1209 superis
658 1132 953 1192 «Dominus!
986 1132 1185 1190 dixit:
1226 1129 1515 1200 deferetur
1556 1144 1610 1185 αι
1634 1124 1813 1181 satis.

197 1240 423 1304 regnant
443 1230 563 1296 Dei,
593 1236 646 1285 et
670 1228 899 1283 dabitur
920 1226 1059 1298 genti
1078 1223 1321 1296 facienti
1341 1222 1545 1294 {mm
1578 1219 1717 1291 ejus.
1762 1246 1815 1281 -ει

266 1319 545 1377 ilotarum
570 1318 942 1374 maturatis.
985 1315 1135 1373 Ecce
1150 1314 1218 1370 de
1257 1310 1661 1381 vobismetipsis
1682 1308 1815 1376 rei...

198 1407 328 1484 quia
358 1410 525 1467 scitis
548 1408 839 1465 bonum-et
858 1403 1191 1471 non-hcine,
1214 1416 1324 1458 nec
1352 1402 1701 1458 introeuutes.
1716 1399 1813 1461 βίω.

199 1501 349 1561 ιιὴὶοι
364 1499 613 1556 munire.
638 1495 1185 1556 Ostendittbominls.
1198 1494 1333 1566 «quia
1344 1530 1349 1539 η
1360 1492 1521 1550 multi
1540 1492 1796 1548 volebant

200 1594 671 1664 illuml‘agnoscere
704 1602 807 1662 per
836 1589 1187 1661 Scriptum”
1208 1586 1331 1643 med
1348 1584 1748 1658 ipsisdicebant
1773 1599 1811 1639 ιέ

198 1682 937 1751 AeGalilceainonrsusmgetr
970 1680 1275 1746 οδω-ις.
1315 1686 1580 1739 esttamen
1605 1676 1809 1733 autin»!

201 1778 341 1834 baut
360 1774 563 1832 “multos
582 1774 912 1830 invocantes
938 1770 1109 1831 illum:
1136 1768 1531 1835 ﬁlium‘lm‘id,
1560 1766 1657 1839 qui
1684 1780 1807 1823 non

1885 580 2113 647 Sattiae
2132 580 2225 652 qui
2244 577 2822 643 desinatisrmeathm
2845 584 2903 632 es
2918 576 3284 645 anetum-ﬁt.
3299 575 3513 647 enin,

1883 672 2439 745 nutrirent-Mus
2475 670 2843 743 quandem
2876 664 3515 741 suritlay'stqbppuetal.

1883 767 2012 839 quia
2028 765 2519 838 Deus'hypoeritas
2537 761 2877 827 satissatis,
2908 759 3243 833 quode
3265 759 3516 816 ludatis...

1885 848 2234 929 improperet.
2254 850 2599 925 IQuoaudi‘cit
2616 856 2644 912 ιι
2672 852 3084 925 Brundisinam
3122 852 3515 909 ambarum”

1886 946 2259 1016 nmmum
2297 944 2609 1018 cymaei;
2651 944 3509 1016 ςοεωιιάίωιιιωιεωειπιιιαεεη

1887 1038 2089 1096 herbas
2108 1033 2375 1106 in'bortls
2394 1037 2857 1108 quod/expressor
2877 1034 3115 1099 decus
3130 1033 3511 1106 accipiet-antu

1890 1130 1971 1187 de'
1983 1130 2234 1187 omnibus
2246 1148 2251 1181 ξ
2264 1126 2671 1198 laborantibus,
2711 1128 2976 1201 judicium
2988 1139 3023 1196 ρι’
3040 1135 3129 1184 aet
3142 1156 3149 1177 ι
3160 1127 3513 1183 miserim”

1891 1224 2059 1293 diam,
2087 1232 2151 1281 et
2169 1216 2334 1281 ﬁdem
2360 1221 2722 1295 neglige'bant.
2758 1219 3509 1279 Nodinumideoieislvmq

1890 1315 2203 1372 minabatur
2230 1314 2375 1386 quod
2397 1312 2951 1395 dccirqabantetdam
2978 1309 3507 1378 minormscdtidoo:

1893 1405 2033 1477 quia]
2051 1404 2433 1474 relinquebam
2464 1402 2603 1471 una
2620 1399 2719 1456 Dei
2742 1408 2907 1461 erant
2948 1406 3177 1472 propter
3193 1412 3314 1472 qna
3339 1399 3503 1455 deni-o1
3574 1456 3581 1461 ,

1894 1506 2017 1551 mas
2038 1493 2417 1564 accipiebant;
2440 1492 2629 1551 idest
2658 1490 2922 1562 judicium
2956 1490 3143 1553 lacere
3162 1491 3507 1563 .oppnessimi

1896 1592 1992 1641 atii
2004 1580 2234 1656 exigere
2259 1583 2335 1639 ὼ
2350 1583 2441 1639 his
2454 1583 2569 1654 qui!
2580 1580 2763 1639 facere
2778 1583 3029 1639 Multa
3056 1581 3508 1639 Μίωΐὶοωόἰαωι

1895 1672 2150 1734 similiter
2183 1673 2577 1747 ικειίςθὶιαιιῑιιί
2604 1671 3504 1745 sicutipseinwarabolnvsulnal

1897 1764 2285 1833 ratiott'endlt,
2335 1765 2479 1837 quod
2506 1764 2789 1822 transierit
2811 1766 3066 1823 sacerdos
3100 1766 3161 1821 et
3196 1765 3382 1831 idvita,
3424 1773 3504 1821 et:

201 1866 382 1923 inerat
409 1865 479 1921 de
502 1862 747 1931 Galilaaa,
774 1862 873 1919 sed
906 1862 976 1917 de
996 1860 1339 1925 Bethlehem,
1366 1859 1512 1915 unde
1533 1868 1590 1915 et
1611 1866 1801 1932 sancta
1828 1858 1878 1922 Β
1902 1858 2157 1914 viderunt
2182 1857 2544 1922 vulneratum,
2562 1864 2631 1913 'et
2650 1872 2765 1914 non
2787 1855 2965 1913 solum
2982 1872 3094 1913 non
3110 1856 3487 1914 misericordia

203 1957 394 2014 Maria.
433 1954 526 2012 Vc
552 1954 714 2010 vobis.
761 1951 1118 2018 Subauditur,
1144 1949 1412 2007 imminet.
1447 1948 1554 2015 Qui
1573 1948 1799 2003 circum-

204 2050 291 2106 itis
322 2062 472 2104 utare
490 2053 544 2102 et
567 2045 744 2112 arida,
780 2052 841 2099 ut
861 2042 1072 2115 faciatis
1104 2057 1270 2098 unum
1292 2037 1632 2112 proselytum.
1661 2037 1800 2095 Pro-

203 2136 406 2210 seiytus
433 2136 728 2193 dicebatur
751 2132 942 2191 Graece
979 2133 1205 2199 advena,
1260 2130 1388 2203 quia
1410 2130 1481 2188 de
1507 2129 1614 2186 alia
1639 2135 1802 2201 gente

203 2227 274 2285 ad
299 2226 474 2299 legem
521 2226 764 2299 ipsorum
808 2225 1231 2282 convertebatur
1247 2261 1264 2290 ,
1307 2229 1372 2278 ut
1395 2219 1502 2278 fuit
1526 2218 1721 2278 Jethro
1745 2228 1803 2277 et

204 2317 412 2376 Achior
441 2324 501 2374 et
526 2316 698 2373 multa
718 2314 886 2372 millia
909 2314 1153 2372 virorum
1180 2312 1423 2381 fuerunt,
1453 2312 1550 2385 qui
1575 2313 1643 2369 de
1671 2325 1804 2383 gen-

207 2410 357 2468 tibus
375 2408 685 2467 circumcisi
722 2406 946 2466 fuerunt
983 2414 1042 2465 et
1065 2406 1239 2463 Deum
1266 2406 1393 2463 cmli
1433 2405 1800 2465 crediderunt.

206 2501 379 2560 Judmi
405 2512 623 2573 quoque
669 2499 902 2557 abibant
924 2513 1024 2570 per
1048 2498 1256 2555 alienas
1302 2506 1482 2555 terras
1506 2497 1806 2569 praedicam

210 2603 409 2647 nomen
447 2586 686 2655 Domini,
723 2587 869 2645 sicut
899 2585 1058 2644 multi
1082 2584 1520 2643 Christianon
1557 2583 1809 2643 fecerunt

208 2688 336 2753 post
361 2679 651 2736 adventum
969 2676 1068 2734 Isti
1114 2684 1298 2734 autem
1345 2675 1469 2732 ideo
1496 2674 1804 2745 culpantur,

208 2769 339 2842 quia
363 2768 500 2826 lucri
534 2781 698 2825 causa
729 2768 835 2825 hoc
873 2765 1173 2833 faciebant,
1214 2780 1328 2823 non
1355 2779 1544 2823 amore
1565 2763 1805 2831 Domini,

210 2868 267 2917 et
299 2860 427 2933 quia
454 2867 580 2933 post
620 2858 974 2917 destruebant
1018 2857 1224 2915 factum
1265 2871 1425 2914 suum
1463 2870 1565 2929 per
1603 2855 1807 2916 malum

209 2952 538 3025 exemplum.
570 2950 727 3020 Quod
744 2950 881 3008 dicit
905 2965 1071 3016 mare,
1103 2948 1420 3021 insulasque
1438 2947 1573 3005 dicit
1592 2962 1716 3019 qua:
1749 2947 1808 3003 in

211 3043 354 3099 mari
389 3049 537 3099 sunt.
566 3040 641 3096 Et
677 3056 799 3096 cum
828 3040 1001 3111 {astus
1032 3039 1214 3111 fuerit,
1264 3038 1444 3110 {uitis
1475 3053 1597 3093 eum
1636 3037 1809 3107 ﬁlium

212 3136 461 3208 gelmuue
482 3133 643 3206 duplo
664 3149 827 3206 quam
845 3149 956 3189 cos.
991 3131 1130 3198 Quia
1167 3130 1263 3202 qui
1294 3137 1423 3186 ante
1449 3128 1618 3186 semel
1655 3143 1807 3185 erra—

1901 1949 2035 2006 moti
2064 1956 2211 2016 sunt,
2250 1948 2347 2004 sed
2391 1947 2613 2022 gravius
2634 1947 2785 2005 illum
2836 1947 3189 2019 reliquerunt,
3220 1948 3349 2020 quia
3374 1948 3493 2009 noﬂ

1900 2052 2059 2100 erant
2075 2049 2134 2098 et
2156 2056 2266 2097 non
2290 2040 2634 2113 adiuverunt,
2663 2048 2722 2096 et
2738 2040 2945 2097 idcirco
2968 2038 3172 2097 similes
3190 2039 3495 2096 latronibus

1901 2132 2245 2199 exstiterunt,
2273 2132 2404 2203 quia
2428 2132 2521 2204 qui
2552 2132 2801 2204 perituro
2822 2145 2931 2199 non
2950 2131 3203 2189 subvenit
3220 2131 3267 2189 si
3288 2138 3501 2204 potest,

1901 2222 2121 2279 occidit.
2164 2220 2243 2278 De
2275 2220 2384 2277 ﬁde
2403 2221 2585 2294 culpat
2618 2222 2762 2290 illos,
2790 2222 2936 2295 quod
2964 2222 3052 2279 his
3088 2223 3286 2294 quibus
3329 2223 3492 2280 ﬁdem

1903 2312 2172 2370 debebant
2191 2326 2428 2378 servare,
2454 2327 2562 2369 non
2590 2312 2962 2369 custodirent:
2988 2312 3167 2384 primo
3201 2312 3497 2371 Dominum

1905 2414 1970 2460 ut
1992 2405 2163 2461 Deum
2186 2412 2243 2460 et
2267 2412 2592 2471 creatorem,
2636 2404 2832 2461 deinde
2860 2404 3003 2475 patri
3024 2411 3083 2460 et
3120 2404 3306 2471 matri,
3347 2412 3499 2477 post-

1905 2496 2128 2553 modum
2154 2496 2408 2554 omnibus
2428 2497 2599 2554 Deum
2619 2496 2941 2563 colentibus,
2988 2497 3245 2569 quoniam
3273 2497 3376 2569 ipsi
3400 2512 3496 2569 ap-

1905 2586 2177 2658 pellantur
2192 2587 2450 2658 proximi.
2478 2586 2865 2644 Verumtamen
2893 2600 3002 2642 non
3023 2585 3314 2657 culpantur
3339 2585 3387 2643 si
3409 2600 3498 2643 ac-

1907 2678 2114 2750 cipiunt
2139 2678 2400 2745 decimas,
2443 2677 2586 2734 sicut
2611 2676 2668 2732 in
2690 2676 3045 2748 consequenti
3066 2675 3218 2741 dicit,
3248 2675 3346 2732 sed
3365 2676 3496 2746 quia

1907 2771 2188 2828 dimittunt
2216 2784 2282 2826 ea
2326 2783 2448 2842 quas
2492 2768 2591 2824 Dei
2618 2775 2746 2825 sunt
2771 2775 2828 2826 et
2866 2767 3099 2839 proximi
3118 2761 3402 2833 judicium,
3442 2775 3502 2823 et

1908 2862 2339 2921 miscricordiam
2356 2902 2374 2930 ,
2400 2869 2458 2918 et
2481 2860 2665 2926 ﬁdem,
2712 2868 2770 2916 et
2786 2874 2906 2932 qua!
2929 2859 3175 2930 graviora
3204 2867 3322 2913 sunt
3349 2856 3500 2928 legis,

1909 2952 2015 3009 hoc
2060 2961 2146 3010 est
2178 2952 2470 3023 praecipua.
2525 2949 2882 3007 Sacerdotum
2915 2956 3006 3006 est
3049 2947 3195 3004 enim
3241 2954 3299 3004 et
3325 2946 3499 3019 legem

1909 3044 2125 3102 Domini
2152 3044 2210 3099 in
2244 3043 2456 3115 populis
2484 3042 2811 3099 annuntiare
2829 3080 2846 3108 ,
2885 3048 2943 3097 et
2965 3053 3061 3096 eos
3090 3040 3184 3110 qui
3213 3046 3404 3097 errant
3429 3038 3502 3095 ad

1909 3134 2087 3208 legem
2110 3133 2388 3191 reducere.
2419 3132 2533 3191 Hoc
2546 3132 2785 3205 oportuit
2805 3130 3008 3197 facere,
3035 3129 3094 3186 id
3111 3138 3198 3186 est
3211 3127 3502 3196 iudicium,

214 3225 328 3292 bat,
378 3239 503 3280 cum
525 3223 748 3280 Videbat
764 3222 966 3278 malum
986 3219 1296 3291 exemplum
1318 3234 1533 3287 eorum.
1559 3227 1802 3277 reverte-
1831 3208 1878 3275 C
1908 3233 1966 3282 et
1992 3223 2443 3290 misericordiam,
2487 3233 2544 3280 et
2572 3222 2768 3290 ﬁdem,
2805 3229 2862 3277 et
2882 3234 2949 3276 ea
2977 3235 3099 3291 qua:
3147 3219 3219 3276 ad
3246 3220 3350 3276 hoc
3374 3233 3501 3291 per-

212 3316 373 3372 batur
401 3315 472 3371 ad
498 3314 763 3371 vomitum
788 3326 968 3379 suum,
1001 3319 1060 3368 et
1083 3317 1204 3369 erat
1225 3310 1420 3383 dignus
1464 3318 1595 3367 tunc
1633 3310 1809 3383 plagis

216 3405 472 3477 vapulare
494 3403 715 3461 multis:
747 3404 875 3475 quia
915 3417 1106 3460 servus
1147 3401 1328 3459 sciens
1354 3387 1688 3458 voluntatem
1713 3401 1810 3459 do-

217 3474 354 3551 mini
386 3493 491 3560 sui,
520 3500 578 3551 et
596 3507 709 3549 non
731 3491 940 3549 faciens
964 3491 1143 3565 digna,
1171 3490 1448 3563 vapulabit
1471 3490 1645 3563 plagis
1673 3490 1812 3548 mul-

219 3585 312 3641 tis.
355 3583 479 3639 Filii
505 3591 689 3639 autem
730 3583 993 3655 gehennm
1029 3583 1301 3651 dicuntur,
1337 3582 1477 3640 sicut
1497 3591 1554 3639 et
1580 3582 1678 3639 ﬁlii
1706 3598 1810 3641 sat-

219 3674 349 3741 culi,
397 3674 526 3745 quia
563 3672 717 3744 cujus
742 3689 910 3747 opera
951 3673 1084 3730 facit
1111 3674 1255 3746 quis,
1298 3674 1417 3746 ejus
1451 3674 1595 3733 ﬁlius
1630 3682 1688 3731 et
1709 3691 1810 3733 vo-

221 3765 453 3822 cabitur.
500 3762 595 3820 νω
649 3763 812 3819 nobis.
878 3762 1213 3820 Subauditur
1236 3804 1254 3832 ,
1308 3763 1576 3820 imminet.
1636 3763 1810 3821 Duces

221 3859 369 3913 caeci.
401 3856 711 3913 Secundum
735 3864 1011 3913 terrenam
1053 3864 1111 3914 et
1150 3871 1468 3928 corpoream
1509 3856 1812 3914 caecitatem

220 3947 403 4005 nullus
431 3962 539 4004 non
589 3948 797 4006 habens
844 3947 1025 4005 lumen
1073 3948 1355 4006 oculorum
1385 3948 1504 4004 vult
1524 3948 1690 4006 alium
1715 3950 1814 4006 du-

222 4054 366 4098 cere.
414 4038 567 4095 Multi
587 4048 768 4096 autem
795 4041 924 4097 caici
960 4040 1018 4097 in
1036 4041 1238 4110 animo,
1283 4042 1338 4098 id
1360 4049 1445 4098 est
1471 4040 1810 4113 insipientes,

222 4131 413 4188 volunt
435 4133 599 4191 duces
619 4133 759 4201 ﬁeri,
783 4134 877 4205 qui
898 4135 1147 4192 nesciunt
1170 4136 1343 4206 ipsam
1371 4136 1515 4193 viam
1534 4134 1815 4193 ambulare

225 4234 329 4275 nec
353 4222 474 4279 aliis
505 4224 900 4281 demonstrare.
955 4225 1026 4283 Et
1053 4238 1180 4282 sunt
1201 4227 1296 4299 qui
1323 4227 1525 4294 sciunt,
1568 4226 1665 4283 sed
1707 4225 1813 4296 ipsi

224 4327 336 4367 non
372 4312 668 4381 ambulant,
697 4330 800 4372 nec
827 4316 947 4373 aliis
980 4319 1279 4374 ostendunt
1296 4325 1359 4373 ut
1377 4316 1676 4374 ambulent.
1702 4316 1813 4384 Qui

224 4401 401 4457 dicitis
421 4414 441 4454 :
475 4399 781 4474 Quicunque
817 4405 1078 4474 juracerit
1107 4423 1200 4478 per
1224 4405 1495 4479 templum,
1544 4405 1677 4463 nihil
1710 4414 1807 4472 est,

223 4491 316 4560 qui
360 4500 534 4545 autem
588 4491 851 4562 juraverit
885 4494 942 4547 in
984 4510 1118 4549 auro
1170 4495 1369 4568 templi,
1423 4495 1591 4552 debet.
1629 4496 1810 4553 Etiam

1909 3316 2104 3382 tinent,
2134 3322 2192 3371 et
2213 3313 2304 3370 illa
2341 3329 2450 3371 non
2476 3314 2753 3381 omittere,
2804 3312 3044 3370 decimas
3088 3310 3354 3382 accipere.
3403 3310 3499 3367 Vi-

1908 3407 2071 3464 deant
2093 3406 2340 3478 magistri
2374 3405 2742 3463 Ecclesiarum
2780 3404 2876 3477 qui
2900 3404 3103 3460 habent
3128 3401 3307 3457 simile
3341 3400 3505 3458 mini-

1909 3498 2134 3556 sterium
2167 3498 2223 3554 in
2248 3497 2481 3568 populis,
2521 3504 2578 3553 et
2603 3480 2789 3552 tenent
2809 3494 3015 3567 praedia
3034 3492 3404 3549 Ecclesiarum
3434 3505 3507 3550 ne

1908 3589 2114 3648 similes
2145 3588 2257 3644 illis
2284 3588 2418 3643 ﬁant
2443 3588 2491 3643 si
2532 3586 2803 3643 tacuerint
2836 3584 3049 3657 populis
3074 3584 3210 3640 vitia
3231 3599 3348 3640 sum
3388 3583 3505 3639 Du-

1909 3696 1995 3737 ces
2021 3679 2147 3735 caci
2177 3677 2476 3734 eacolantes
2514 3675 2759 3741 culicem,
2792 3673 3051 3731 camelunt
3076 3683 3255 3730 autem
3279 3673 3505 3745 glutien-

1910 3780 2008 3829 tes.
2058 3770 2162 3825 Per
2183 3769 2434 3837 culicem,
2463 3783 2584 3840 quae
2603 3777 2691 3825 est
2716 3782 2907 3825 musca
2933 3766 3123 3823 aculeo
3148 3766 3358 3822 munita
3383 3766 3503 3839 (ba-

1909 3861 2042 3919 bent
2068 3862 2215 3919 enim
2243 3862 2301 3917 in
2350 3874 2447 3917 ore
2472 3860 2710 3917 ﬁstulam
2743 3860 2801 3916 in
2844 3860 3067 3916 modum
3114 3858 3341 3923 stimuli,
3389 3874 3498 3931 qua

1911 3968 2135 4011 carnem
2152 3953 2430 4009 terebrant
2444 3960 2509 4009 ut
2522 3951 2844 4023 sanguinem
2861 3950 3097 4023 bibant),
3124 3951 3336 4007 minora
3357 3965 3505 4006 man-

1912 4046 2040 4102 data
2067 4046 2465 4118 intelliguntur.
2495 4045 2601 4101 Per
2634 4043 2936 4111 camelum,
2961 4043 3166 4099 animal
3194 4051 3500 4100 tortuosum

1912 4143 1973 4194 et
1980 4136 2244 4204 deforme,
2260 4137 2463 4207 majora
2478 4136 2752 4192 mandata.
2775 4135 3059 4202 Excolare,
3077 4135 3316 4192 humano
3328 4150 3504 4203 more,

1911 4234 1999 4284 est
2020 4227 2095 4283 ita
2138 4227 2208 4284 ad
2234 4227 2497 4297 liquidum
2544 4224 2836 4294 deducere,
2875 4235 2939 4282 ut
2960 4241 3059 4298 per
3095 4234 3243 4283 setas
3266 4228 3502 4285 transire

1912 4318 2106 4391 possit.
2136 4318 2401 4376 Excolare
2426 4317 2679 4384 culicem,
2703 4317 2773 4374 de
2799 4317 3099 4374 minoribus
3123 4319 3396 4375 mandatis
3417 4320 3499 4376 di-
3547 4331 3560 4338 ’

1913 4406 2141 4481 ligenter
2162 4416 2418 4474 tractare,
2443 4407 2500 4464 id
2521 4416 2626 4475 est,
2654 4407 2723 4463 de
2744 4406 2971 4464 decimis
2998 4407 3084 4463 vel
3108 4407 3177 4462 de
3197 4407 3356 4463 malis
3374 4423 3498 4464 ver-

1911 4498 2019 4556 bis.
2042 4495 2320 4554 Camelum
2342 4497 2556 4569 glutine,
2584 4496 2758 4567 majus
2778 4497 3093 4552 mandatum
3108 4536 3124 4563 ,
3145 4496 3428 4567 judicium,
3449 4505 3506 4555 et

223 4558 284 4637 in
313 4580 416 4635 hoc
441 4579 560 4637 loco
585 4558 853 4636 habebant
876 4579 1046 4637 Judaei
1088 4558 1386 4650 inventum,
1417 4592 1480 4638 ut
1504 4585 1813 4657 quicunque
1834 4558 1890 4620 Β
1916 4558 2373 4655 misericordiam:
2407 4596 2464 4644 et
2490 4558 2651 4645 ﬁdem
2669 4558 2757 4644 vin
2784 4588 3083 4660 neglectum
3108 4558 3220 4644 vel
3269 4588 3327 4644 in
3365 4558 3503 4647 obli-

218 4672 434 4741 juraret
457 4677 644 4726 contra
686 4670 995 4742 proximum
1033 4685 1190 4727 suum
1221 4687 1323 4743 pro
1354 4673 1532 4744 aliqua
1556 4674 1814 4746 paciﬁca-

226 4761 376 4816 tione
405 4775 502 4831 per
555 4760 812 4831 templum
838 4801 855 4827 ,
896 4761 1064 4817 etiam
1107 4761 1155 4818 si
1198 4762 1540 4820 mendacium
1573 4763 1808 4836 iuraret,

225 4852 429 4909 nullius
455 4853 697 4911 criminis
724 4855 1029 4911 tenebatur.
1084 4855 1144 4910 Si
1181 4863 1365 4915 autem
1387 4856 1446 4913 in
1475 4874 1611 4916 auro
1629 4858 1813 4931 iuras-

228 4950 315 4999 set
343 4943 548 5015 templi,
594 4945 934 5003 mendacium
961 4949 1255 5018 cogebatur
1287 4948 1618 5018 persolvere.
1651 4948 1813 5009 Simi-

228 5031 378 5101 liter,
404 5034 450 5090 si
483 5034 541 5091 in
569 5036 725 5092 altari
746 5034 1008 5106 iurasset,
1049 5038 1186 5094 nihil
1210 5039 1459 5096 debebat.
1508 5040 1567 5097 Si
1603 5056 1736 5099 vero
1758 5041 1816 5101 in

231 5122 377 5179 dono
405 5125 567 5194 quod,
595 5141 759 5198 super
782 5126 954 5184 altare
972 5136 1094 5185 erat
1109 5129 1462 5201 perjurasset,
1497 5139 1703 5188 tantum
1726 5147 1816 5189 co-

232 5212 460 5284 gebatur
494 5214 772 5272 exsolvere
813 5217 1184 5275 sacerdotibus
1213 5227 1476 5290 quantum
1517 5220 1694 5292 ipsum
1717 5221 1818 5279 do-

233 5324 366 5363 num
391 5315 529 5365 erat.
569 5306 865 5381 Propterea
894 5314 1024 5385 quia
1052 5313 1197 5371 istud
1217 5314 1321 5385 ipsi
1352 5315 1705 5387 recipiebant,
1736 5316 1818 5373 di-

236 5399 432 5456 cebant
453 5400 708 5471 quoniam
728 5410 1009 5471 peccatum
1051 5405 1273 5477 perjurii
1297 5412 1461 5462 esset.
1510 5404 1591 5459 De
1618 5406 1818 5477 templo

237 5501 419 5548 autem
457 5499 515 5548 et
552 5492 740 5550 altaris
775 5493 1035 5566 perjurio,
1066 5498 1208 5567 quod
1236 5497 1304 5554 ad
1329 5497 1516 5570 templi
1544 5506 1814 5557 restaura-

242 5580 443 5636 tionem
498 5582 844 5653 pertinebat,
889 5584 1142 5642 dicebant
1184 5603 1292 5644 non
1335 5603 1456 5646 esse
1495 5589 1815 5660 periurium.

242 5668 396 5738 Quod
417 5673 679 5742 approbat
699 5674 977 5740 Dominus,
1012 5676 1139 5746 quia
1156 5692 1253 5747 per
1276 5679 1535 5751 templum
1562 5688 1619 5736 et
1647 5680 1821 5738 altare

245 5761 651 5822 Sanctiﬁcantur
689 5765 871 5821 omnia
891 5780 1011 5838 qua-
1032 5765 1175 5822 intra
1198 5779 1341 5826 sunt.
1392 5770 1496 5829 Per
1519 5770 1717 5829 coelum
1734 5770 1819 5842 ju-

650 5860 921 5924 Ρηιιοι..
966 5860 1125 5924 CVI.

1919 4678 2132 4735 vionem
2152 4679 2447 4744 dimittere,
2476 4694 2595 4745 seu,
2626 4680 2959 4751 spiritaliter,
2986 4679 3202 4734 culicem
3223 4679 3501 4752 liquentes,

1918 4767 2177 4825 camelum
2214 4768 2489 4839 glutieules
2509 4810 2525 4837 ,
2558 4771 2854 4827 Barrabam
2894 4770 3176 4843 eligentes,
3222 4771 3497 4830 Christum

1917 4865 2102 4915 autem
2121 4858 2450 4916 occidentes.
2485 4858 2575 4916 Va:
2596 4862 2759 4927 nobis,
2788 4858 2989 4916 Scribat
3027 4868 3077 4917 et
3099 4859 3363 4917 Pharisaei
3406 4863 3503 4935 Ity-

1916 4948 2154 5020 pocrita,
2191 4949 2320 5020 quia
2343 4950 2609 5006 mundatis
2627 4949 2767 5021 quod
2806 4949 3005 5020 deforis
3027 4960 3105 5006 est
3123 4950 3303 5007 salicis
3332 4962 3383 5006 et
3407 4970 3503 5023 pa-

1921 5038 2166 5109 ropsidis.
2203 5038 2354 5096 Calix
2382 5056 2478 5097 vas
2496 5040 2672 5112 poculi
2699 5040 2877 5097 dictus
2893 5055 2961 5097 eo
2993 5040 3139 5113 quod
3169 5040 3227 5096 in
3247 5041 3505 5099 eocalida

1922 5133 2154 5192 dabatur
2197 5136 2368 5207 potio,
2406 5135 2492 5192 vel
2535 5136 2637 5191 ἀπὸ
2664 5142 2754 5191 τσῦ
2782 5143 2956 5199 πῶτος
3001 5134 3287 5209 [nituntur]
3328 5135 3505 5192 calino

1924 5223 2172 5300 [animi].
2213 5226 2268 5282 id
2289 5234 2376 5282 est
2399 5242 2430 5281 a
2460 5224 2625 5297 ligno.
2657 5224 2912 5296 Paropsis
2938 5240 3037 5281 vas
3057 5225 3239 5297 poculi
3285 5227 3506 5297 quadri—

1924 5315 2174 5385 laterum,
2227 5316 2335 5373 hoc
2387 5323 2493 5382 est,
2530 5316 2753 5386 paribus
2780 5316 3003 5374 absidis.
3039 5316 3110 5372 Et
3154 5331 3254 5388 per
3280 5317 3385 5373 ista
3409 5332 3505 5374 va-

1922 5407 2070 5464 scula
2112 5408 2352 5478 ipsorum
2397 5405 2794 5463 Pharisaeorum
2842 5421 3070 5478 corpora
3110 5406 3500 5480 intelligentia,

1923 5500 2069 5569 quod
2096 5499 2212 5569 ipsa
2234 5512 2461 5569 corpora
2489 5514 2522 5554 a
2542 5498 2677 5555 foris
2719 5499 2891 5556 nitida
2920 5498 3233 5567 reddebant,
3278 5508 3334 5556 et
3353 5500 3505 5561 intus

1923 5590 2071 5660 pleni
2093 5596 2247 5645 erant
2266 5588 2433 5647 vitiis.
2463 5589 2618 5648 Unde
2643 5590 2811 5648 dicit:
2834 5588 2988 5646 Intus
3014 5598 3189 5665 autem
3215 5589 3356 5671 pleni
3378 5601 3503 5648 sunt

1928 5681 2116 5750 rapina
2159 5688 2209 5734 et
2242 5679 2597 5735 immunditia.
2648 5678 2858 5751 Rapina
2883 5688 2966 5736 est
2988 5694 3319 5752 quocunque
3359 5679 3505 5737 malo

1928 5768 2143 5840 ingenio
2191 5784 2225 5824 a
2252 5770 2501 5842 proximo
2546 5785 2662 5828 rem
2688 5785 2841 5828 suam
2869 5769 3103 5826 auferre.
3135 5767 3499 5851 leuissimis,
