3988 6470
107 384 255 443 MSS.

940 402 967 431 ιι
1029 400 1067 441 U
1100 371 1718 437 f-WEEPDSWIWIN
2354 380 2376 427 ’ξ
2410 382 2581 429 aut;

3223 374 3365 435 im

103 498 271 577 habet.
289 482 1071 565 apimﬁommsﬁussidmat
1088 502 1108 543 ς
1128 486 1178 544 0
1204 487 1691 557 Jerusalem,qu
1705 496 1761 557 Α
1781 486 1863 558 pio
1890 496 2059 557 super:
2080 486 2334 577 lapidem
2362 488 2459 559 qui
2501 494 2609 543 non
2636 487 2977 545 destruatur
3019 486 3373 563 “Opimium

99 585 299 647 occidis
326 581 727 656 Μετὰ
749 588 805 637 te
830 579 1053 647 missos,
1080 587 1139 639 et
1164 577 1697 649 lapidum-quiaqui

100 678 244 735 mili
294 675 617 745 frequenter.
660 686 997 745 ωηετεειω
1042 670 1211 733 imos"
1238 679 1389 729 m1.
1418 672 1518 731 ad)
1544 671 1689 728 eius!

99 786 230 827 meo
256 767 607 833 defemiouis,
634 773 700 822 ut
735 765 1255 838 galinavcnngsegut
1281 764 1429 823 ﬁlios
1440 778 1599 829 suos,
1625 769 1682 818 et

99 862 343 920 noluisti»?
369 858 681 918 Geseastita
721 858 883 915 matis
916 859 1197 929 operibus,
1232 858 1421 915 et'mm‘
1446 857 1557 927 ipsi
1586 856 1701 928 qui:

98 957 423 1014 videbantur
452 954 768 1025 congregati
808 953 1203 1024 dispar-gelatur:
1230 951 1315 1006 :Et
1328 950 1685 1023 ~relitdquetur

98 1051 285 1106 domus
315 1056 510 1114 senm,
538 1048 598 1101 in
622 1058 732 1116 qua
764 1058 869 1102 vos
900 1045 1421 1112 habetis-ﬁduciam,
1456 1045 1701 1099 decernu-

98 1140 204 1197 Per
232 1138 536 1196 Jerusalem
556 1135 1244 1206 habitatoresvulluquiur;
1278 1144 1446 1191 etest
1466 1137 1685 1207 Species

96 1230 452 1301 metonymia,
496 1236 598 1298 per
638 1229 783 1283 hac
806 1226 975 1296 quod.
1006 1227 1321 1281 continetur
1360 1228 1695 1283 ostendens»

100 1322 337 1389 Quoties.
364 1320 671 1384 Multoties,‘
686 1318 1003 1389 frequenter
1016 1318 1432 1388 'osteullit'quod
1450 1319 1699 1389 propitev

94 1426 183 1474 tas
232 1419 351 1488 ipse
387 1416 616 1471 adserit;
672 1412 1394 1483 Quemadmoduwgallina.
1430 1412 1697 1484 Magram.

96 1507 625 1583 pietatem-ostendit
652 1514 711 1562 se
739 1505 1457 1577 operatum'etgurpOpulum
1479 1505 1697 1561 πάροι·

94 1616 221 1657 rum
250 1601 360 1671 τισὶ
386 1596 623 1672 «gallinae
668 1597 966 1653 inﬁrmanti
1004 1606 1142 1667 terga
1189 1596 1414 1666 populos
1457 1608 1593 1650 suos
1624 1608 1689 1652 se

94 1692 396 1758 assimilat,
426 1691 555 1761 quia
592 1689 742 1745 nulla
782 1689 899 1743 avis
936 1688 1017 1744 sic
1046 1686 1363 1742 inﬁrmatur
1392 1701 1519 1757 erga
1542 1684 1693 1742 ﬁlios

97 1784 244 1839 sicut
276 1781 499 1854 gallina,
533 1780 613 1835 ita
648 1786 708 1833 ut
738 1778 790 1833 si
828 1778 1009 1849 pullos
1048 1780 1162 1833 non
1205 1776 1412 1843 videas,
1458 1782 1689 1832 matrem

94 1876 285 1931 “tamen
320 1872 610 1946 intelligas.
636 1873 709 1928 Et
730 1871 910 1928 nullus
940 1879 1025 1927 est
1050 1873 1144 1941 qui
1170 1872 1346 1943 possit
1368 1871 1467 1926 Dei
1496 1872 1684 1944 [notati
1710 1868 1760 1935 Β

97 1964 425 2033 comparari.
468 1964 592 2034 ipse
639 1962 785 2018 enim
814 1962 876 2017 in
920 1962 1039 2017 sola
1079 1963 1285 2032 pietate
1331 1977 1427 2017 sua
1462 1963 1688 2033 seipsnm

98 2057 390 2114 exinanivit
435 2056 662 2127 formam
694 2055 829 2110 senti
870 2056 1165 2125 accipiens,
1201 2054 1259 2108 in
1294 2053 1689 2108 similitudinem

98 2149 373 2203 hominum
400 2146 598 2217 fartus,
621 2152 667 2199 et
690 2144 1128 2200 ha‘bituiuventus
1153 2154 1212 2199 ut
1230 2145 1404 2199 homo.

172 2237 313 2292 Ecce
348 2235 670 2308 relinquetur
703 2235 1068 2291 uobis‘tloms
1104 2245 1277 2291 uestra
1298 2235 1522 2290 deserta.
1554 2231 1690 2289 Ecce

99 2327 425 2383 adverbium
453 2327 897 2393 demonstrantis,
926 2327 1052 2397 quia
1074 2326 1188 2398 jam
1214 2325 1454 2382 instabat
1477 2335 1690 2396 tempus

97 2437 215 2493 quo
234 2431 390 2477 erant
410 2423 593 2491 ipsum
644 2420 902 2487 occisuri,
932 2428 986 2475 et
1007 2419 1103 2475 Dei
1123 2419 1369 2475 custodia
1391 2421 1459 2474 ab
1484 2420 1562 2475 eis
1598 2433 1690 2474 re-

96 2520 327 2567 cessura
351 2516 407 2565 et
416 2504 551 2564 illud
569 2508 834 2579 templum
858 2509 915 2563 in
934 2509 1188 2579 proximo
1214 2508 1686 2575 contemnendum,

98 2612 157 2658 et
176 2612 287 2657 non
308 2609 430 2672 post
443 2601 671 2657 multum
698 2601 1113 2669 incendendum,
1136 2608 1201 2657 ‘et
1225 2601 1417 2656 civitas
1443 2600 1685 2657 delenda.

100 2695 262 2764 Quod
289 2694 490 2751 factum
538 2704 621 2752 est
641 2695 1055 2767 quadragesimo
1103 2696 1338 2751 secundo
1389 2708 1529 2749 anno
1569 2701 1694 2764 post

100 2779 247 2856 ejus‘
268 2786 637 2842 ascensionem
688 2786 745 2842 in
772 2787 986 2842 coelum.
1036 2786 1107 2841 Et
1131 2794 1257 2840 ante
1282 2801 1381 2857 per
1399 2785 1691 2841 Jeremiam

100 2890 170 2931 ex
212 2892 442 2947 persona
485 2876 698 2932 Domini
730 2877 933 2933 dictum
986 2877 1163 2933 fuerat
1191 2893 1206 2932 :
1232 2877 1433 2949 Reliqui
1479 2878 1692 2933 domum

101 2984 305 3037 meam,
363 2969 540 3025 dimisi
592 2970 951 3025 ‘Itwretlitatem
997 2986 1201 3037 meam;
1249 2971 1391 3041 facta
1444 2980 1521 3025 est
1562 2970 1691 3024 mihi

102 3064 393 3119 hwrcditas
419 3080 534 3119 mea
567 3066 720 3135 quasi
750 3064 1005 3135 spelunca
1034 3062 1248 3135 hyeme.
1298 3061 1483 3133 Hyena
1516 3061 1691 3117 bestia

1782 577 2187 648 de'templo‘lu
2207 576 2415 637 nam
2444 578 2851 644 «ﬁcedulam
2879 577 3371 650 ultimumul-

1783 670 1955 727 aliuma
1970 704 1977 717 υ
2000 671 2178 729 locum
2190 698 2195 709 τ
2208 698 2213 707 -
2226 668 2479 729 nabuEliu
2510 671 2756 729 Adriano
2802 670 3377 742 ἱωιιῠιιθιθτθιεωοιαπ

1784 761 2287 830 tuumtuum,
2323 762 2667 820 θιὼ-11ης»
2698 764 2889 820 ducum
2920 764 3020 825 ubi
3042 764 3150 823 .illa
3182 765 3375 825 fuerat

1785 850 2233 925 seinse-tinnula
2258 853 2895 927 resumenda-teme
2916 868 3144 915 more
3158 857 3377 931 «dictu

1787 942 2229 1014 Silspirituaiitor
2258 945 2431 1005 etiam
2466 946 2612 1003 reis,
2632 947 3230 1019 “atteret-habitatio
3264 949 3375 1009 Dei-

1786 1035 2090 1092 reeessitva
2126 1035 2359 1103 rJueknls,
2404 1036 2777 1095 etwvenithsd
2823 1046 3035 1113 gentem
3078 1039 3147 1100 Et
3188 1041 3379 1113 capital

1786 1127 2019 1193 uallata,
2054 1126 2518 1185 attainmentqu
2552 1130 3187 1202 rintorseeompugnant.
3340 1158 3359 1169 η·

1814 1234 2087 1299 "sedente
2117 1251 2291 1297 autem
2331 1258 2391 1297 eo
2429 1238 2583 1315 super“
2626 1234 2853 1299 mortem
2888 1242 3098 1313 Oliieti‘,
3138 1238 3377 1301 πόει-πμ

1788 1336 1910 1390 runt
1953 1336 2021 1389 ad
2056 1342 2186 1391 eum
2226 1328 2494 1407 discipuli"
2520 1330 2634 1405 ejus
2682 1332 2879 1391 secreto
2929 1337 3172 1393 dicentes.
3228 1337 3379 1408 Quia’

1789 1427 2082 1482 secretiora
2139 1428 2294 1483 erant
2320 1426 2723 1499 'interrOgaturi
2765 1430 3039 1500 mysteria,
3070 1436 3241 1487 recte
3271 1440 3371 1487 aui

1790 1524 2073 1577 cesserunt
2114 1524 2436 1594 et'chrpore
2477 1526 2531 1578 et
2567 1526 2769 1590 mente,
2811 1539 2880 1579 ne
2902 1524 3031 1594 quis
3072 1523 3381 1580 inﬁdelium1

1790 1613 1999 1669 audiret
2042 1608 2322 1669 et'Judaeis
2345 1600 2662 1679 nuntiat-ct,
2696 1616 2765 1669 'et
2797 1616 2939 1669 esset
2960 1613 3176 1669 Occasio
3223 1612 3381 1669 oeciLI

1790 1706 1950 1765 dendi
1989 1720 2133 1774 eum,
2166 1700 2257 1779 qui
2292 1704 2393 1780 pro
2426 1704 2742 1763 minoribus
2773 1707 2930 1762 diutis
2966 1706 3164 1761 lsaiam
3203 1712 3256 1761 et
3283 1703 3381 1762 36-"

1791 1800 2019 1856 remiam
2062 1798 2355 1871 prophetas
2407 1798 2740 1854 occiderunt.
2779 1790 3039 1853 Primitus
3089 1808 3210 1853 eum
3257 1810 3365 1852 non

1790 1892 2167 1948 intellexerunt
2194 1889 2338 1963 quod
2361 1888 2599 1945 dixerat:
2626 1889 2964 1961 Relinquetur
2987 1889 3174 1944 domus
3200 1898 3368 1943 vestra

1789 1984 2016 2049 deserta,
2067 1998 2174 2038 non
2228 1979 2445 2037 fuerunt
2496 1981 2611 2035 ausi
2655 1980 2994 2051 interrogare
3034 1992 3143 2048 quo
3187 1976 3379 2033 animo

1792 2073 2009 2140 dixerit,
2055 2073 2149 2128 sed
2196 2072 2547 2127 ostenderunt
2590 2070 2641 2124 ei
2678 2068 2884 2139 lapides
2922 2075 2979 2123 et
3019 2075 3366 2131 structuram,

1788 2162 2033 2219 volentes
2075 2162 2124 2218 ei
2159 2158 2401 2234 praebere
2440 2160 2782 2216 occasionem
2813 2152 3023 2214 dicendi
3067 2156 3209 2229 quod
3244 2163 3369 2213 ante

1790 2252 2021 2309 dixerat.
2057 2248 2191 2308 Cum
2241 2264 2371 2307 vero
2418 2252 2531 2321 ipse
2578 2247 2916 2305 manifestius
2965 2247 3156 2303 eadem
3200 2247 3370 2318 repli-

1791 2344 1954 2410 cavit,
1988 2342 2101 2414 jam
2145 2340 2345 2398 audent
2386 2341 2723 2412 intermgare
2768 2339 3061 2395 secretiora
3107 2337 3372 2394 adventus

1790 2434 1894 2500 sui,
1936 2444 1990 2490 et
2034 2428 2156 2489 linis
2199 2434 2397 2489 saeculi.
2450 2430 2547 2486 Dic
2592 2430 2738 2486 nobis
2782 2430 2993 2501 quando
3041 2429 3152 2484 hare
3196 2438 3370 2495 erunt,

1791 2534 1839 2582 et
1867 2526 2004 2598 quod
2039 2525 2244 2596 signum
2278 2524 2528 2578 adventus
2559 2522 2658 2587 tui,
2694 2529 2743 2576 et
2772 2515 3237 2575 consumrnationis
3273 2532 3375 2572 stu.

1793 2616 1914 2670 culi.
1956 2615 2011 2671 in
2040 2616 2237 2687 quibus
2267 2622 2321 2669 et
2358 2612 2422 2669 de
2447 2611 2681 2667 adventu
2715 2625 2812 2665 suo
2842 2615 2899 2664 et
2931 2609 2997 2663 de
3026 2620 3371 2663 consumma-

1794 2706 1940 2764 tione
1968 2706 2150 2763 sacculi
2181 2706 2321 2763 scire
2348 2703 2551 2759 volunt.
2580 2702 2647 2757 Et
2668 2702 2929 2757 Dominus
2958 2701 3013 2754 in
3042 2699 3374 2769 subsequen~

1794 2796 1935 2853 tibus
1962 2797 2023 2853 de
2050 2797 2166 2852 istis
2193 2795 2443 2851 omnibus
2467 2793 2761 2865 respondit,
2779 2802 2834 2847 et
2862 2792 2996 2848 dixit
3019 2792 3099 2847 eis
3124 2810 3136 2847 :
3169 2789 3371 2858 Videte,

1794 2908 1857 2947 ne
1876 2890 1991 2963 quis
2018 2908 2104 2946 vos
2130 2891 2363 2946 seducat.
2392 2888 2521 2943 Pius
2548 2886 2808 2943 Dominus
2844 2886 2899 2939 in
2928 2885 3194 2955 principio
3230 2884 3375 2953 ipsos

1793 2984 2023 3053 castigat
2052 2988 2112 3035 ut
2145 2995 2204 3035 se
2233 2979 2562 3043 custodiant,
2604 2992 2672 3032 ne
2700 2976 3028 3031 seducantur
3075 2974 3143 3029 ab
3190 2973 3371 3043 aliquo

1790 3070 2276 3143 pseudopropheta.
2330 3067 2487 3122 Multi
2529 3068 2743 3123 veniunt
2785 3067 2842 3119 in
2868 3064 3073 3120 nomine
3118 3080 3232 3118 meo
3287 3063 3371 3117 di-

102 3163 193 3210 est
230 3168 348 3225 qua:
395 3166 609 3225 semper
655 3155 710 3209 in
758 3152 1016 3225 sepulcris
1064 3161 1402 3207 mortuorum
1442 3152 1689 3208 habitare
1725 3206 1759 3233 _.
1793 3170 1985 3228 centes,
2012 3177 2104 3233 ego
2139 3177 2255 3214 sum
2281 3158 2540 3225 Christus,
2564 3167 2612 3212 et
2641 3156 2833 3211 multos
2859 3155 3121 3210 seducent.
3150 3154 3194 3209 E
3245 3154 3371 3224 qui-

101 3224 264 3302 solet.
298 3245 365 3301 Et
400 3224 531 3302 huic
562 3244 753 3302 bestia:
782 3224 1162 3314 cOmparantur
1200 3252 1345 3300 recte
1373 3242 1566 3310 Judmi,
1596 3240 1690 3314 qui

1795 3254 1898 3309 bus
1926 3224 2209 3308 fuitvunus
2234 3249 2422 3305 Simon
2449 3249 2541 3320 qui
2569 3248 2706 3303 dixit
2730 3247 2872 3318 quod
2906 3247 3020 3318 ipse
3049 3252 3194 3301 esset
3214 3244 3373 3300 Chri-

100 3335 425 3403 frequenter
471 3333 756 3390 Dominum
821 3333 1267 3403 derelinquebant
1327 3343 1383 3390 et
1435 3336 1502 3391 ad
1549 3333 1692 3390 idola
1797 3350 1937 3409 stus,
1983 3342 2147 3398 etiam
2195 3343 2249 3397 in
2295 3349 2587 3413 conspectu
2627 3338 2875 3395 Neronis.
2926 3337 3164 3408 Reliquit
3209 3337 3374 3392 etiam

103 3428 589 3483 converteba‘ntur.
636 3424 718 3482 De
743 3426 939 3498 quibus
980 3426 1242 3496 scriptum
1287 3434 1371 3481 est
1409 3428 1535 3496 quia
1582 3440 1693 3484 non

103 3525 201 3575 σει
246 3528 367 3587 spes
408 3517 466 3573 in
500 3530 599 3573 ore
622 3524 857 3575 eorum:
907 3512 1117 3573 Similes
1158 3516 1263 3571 illis
1305 3517 1438 3585 ﬁant
1480 3518 1570 3588 qui
1612 3517 1693 3587 fa-

101 3612 260 3665 ciunt
285 3627 365 3664 ea.

179 3699 317 3756 Dico
358 3702 493 3755 enim
543 3698 706 3767 vobis,
734 3706 842 3756 non
882 3714 963 3756 me
1007 3700 1238 3756 videbitis
1274 3712 1486 3767 amoao,
1532 3700 1695 3755 donec

102 3790 303 3846 :licatis
328 3804 347 3842 :
374 3786 682 3845 Benedictus
716 3792 804 3862 qui
842 3792 976 3846 venit
1022 3792 1076 3846 in
1110 3791 1318 3846 nomine
1349 3790 1580 3847 Domini.
1611 3790 1696 3847 Ad

99 3879 223 3937 hoc
242 3880 385 3950 quod
400 3880 638 3935 dixerat:
664 3878 878 3947 Quoties
902 3881 1041 3936 volui
1062 3896 1376 3953 congregare
1395 3882 1534 3951 ﬁlios
1555 3890 1692 3948 tuos,

103 3974 183 4029 ad
230 3973 339 4027 hoc
370 3972 630 4043 respicit:
666 3973 791 4028 Non
820 3991 902 4029 me
928 3974 1161 4029 videbitis
1208 3990 1338 4047 erga
1374 3988 1473 4030 vos
1502 3975 1556 4028 in
1604 3972 1696 4029 tali

100 4062 416 4130 voluntate,
446 4071 503 4117 ut
532 4063 692 4118 velim
726 4078 1056 4135 congregare
1086 4062 1226 4121 ﬁlios
1262 4072 1494 4130 vestros,
1526 4066 1696 4121 donec

99 4153 290 4225 agatis
320 4155 714 4225 paenitentiam,
744 4164 799 4210 et
826 4157 1165 4227 cognoscatis
1195 4157 1323 4226 quia
1352 4171 1452 4228 ego
1486 4172 1605 4211 sum
1631 4157 1698 4211 de

94 4258 225 4317 quo
272 4243 473 4300 dictum
520 4252 603 4302 est
652 4246 709 4300 in
746 4247 959 4317 psalmo
1001 4264 1013 4301 :
1054 4245 1367 4301 Benedictus
1407 4248 1496 4318 qui
1539 4247 1695 4301 venit.

99 4337 310 4393 Adhuc
348 4344 472 4390 sunt
506 4337 563 4390 in
598 4338 696 4392 um
732 4346 941 4394 tenore.
990 4338 1182 4395 Veniet
1223 4338 1408 4395 Enoch
1445 4347 1501 4393 et
1527 4337 1696 4405 Elias,

100 4438 169 4487 et
200 4434 545 4499 cognoscent,
580 4436 636 4483 et
674 4436 802 4483 tunc
830 4430 1305 4500 congregabuntur
1338 4431 1440 4486 sub
1485 4431 1608 4496 alis,
1644 4439 1701 4486 et

100 4520 220 4578 sub
252 4518 591 4589 protectione
624 4514 859 4572 Domini.
881 4516 1017 4573 Nam
1042 4520 1199 4574 aliter
1226 4536 1331 4575 non
1355 4529 1534 4590 potest
1562 4522 1703 4579 bene

101 4609 347 4679 intelligi
372 4609 477 4664 iste
494 4608 815 4673 versiculus,
851 4609 975 4679 quia
1006 4610 1273 4680 corporali
1301 4613 1481 4681 specie
1507 4614 1571 4668 ad
1608 4628 1700 4669 eos

102 4717 373 4761 reversus
417 4704 521 4768 est,
564 4699 779 4771 quando
800 4697 1006 4754 Pascha
1055 4699 1368 4768 celebravit,
1408 4710 1465 4756 et
1499 4703 1700 4759 iterum

105 4792 338 4868 quando
368 4790 570 4865 ligatus
596 4790 871 4848 adductus
907 4799 993 4848 est
1027 4794 1094 4848 ad
1144 4794 1586 4864 cruciﬁgendum.
1628 4795 1700 4852 Et

105 4900 358 4959 egressus
391 4888 455 4941 de
487 4884 683 4956 temnlo
710 4884 845 4939 ibat.
890 4882 1010 4941 ibat
1056 4886 1257 4941 iterum
1304 4888 1374 4942 ad
1400 4888 1699 4957 hospitium

107 4992 304 5044 suum,
332 4978 475 5034 sicut
504 4976 693 5033 solitus
729 4982 868 5042 erat,
902 4977 959 5031 in
983 4976 1323 5033 Bethaniam.
1358 4978 1430 5033 Et
1464 4996 1697 5036 accesse-

108 5079 250 5127 runt
290 5069 535 5140 discipuli
585 5071 732 5141 ejus,
776 5078 836 5123 ut
879 5070 1201 5125 ostenderent
1240 5073 1289 5126 ei
1326 5072 1698 5140 wdiﬁcationes

1799 3438 2059 3508 scriptum
2108 3437 2164 3491 in
2209 3436 2323 3491 suis
2374 3434 2528 3490 libris
2574 3434 2689 3489 ita:
2720 3433 2830 3503 Ego
2878 3448 2999 3487 sum
3028 3431 3125 3485 Dei
3172 3445 3374 3495 sermo,

1796 3543 1898 3600 ego
1938 3542 2058 3582 sum
2085 3527 2381 3597 Speciosus,
2418 3539 2518 3593 ego
2545 3540 2664 3579 sum
2700 3523 3030 3594 paracletus,
3060 3535 3160 3592 ego
3198 3520 3375 3575 omni-

1793 3624 2024 3690 potens,
2071 3630 2171 3687 ego
2205 3613 2386 3669 omnia
2412 3612 2531 3667 Dei.
2572 3611 2820 3667 Audituri
2855 3610 2993 3665 enim
3033 3611 3156 3664 estis
3195 3608 3379 3685 prtelia

1797 3715 1845 3761 et
1883 3706 2149 3777 opiniones
2195 3702 2519 3775 prwliorum,
2561 3701 2726 3758 videte
2773 3718 2836 3756 ne
2870 3701 3167 3755 turbemini.
3214 3699 3376 3757 Multa

1798 3796 1982 3870 praelia
2021 3794 2311 3850 audierunt
2350 3802 2404 3848 et
2452 3794 2593 3849 inter
2631 3791 2905 3848 Romanos
2951 3801 3006 3848 et
3054 3792 3198 3848 inter
3242 3789 3379 3849 alias

1799 3897 2005 3963 gentes,
2034 3894 2087 3943 et
2124 3886 2429 3959 opiniones,
2461 3886 2516 3940 id
2553 3892 2637 3941 est
2676 3886 2849 3941 famas
2878 3884 3205 3956 praeliorum.
3232 3883 3381 3940 Prat-

1799 3982 1942 4053 cepit
1983 3989 2164 4034 tamen
2192 3992 2261 4032 ne
2287 3976 2589 4044 turbentur,
2622 3974 2716 4033 sed
2746 3984 2966 4032 teneant
3012 3973 3379 4035 fortitudinem

1800 4074 1988 4139 animi,
2020 4074 2164 4128 inter
2189 4071 2418 4126 adversa
2455 4078 2511 4125 et
2534 4084 2810 4141 prospera,
2843 4069 2937 4139 qui
2973 4083 3082 4123 non
3117 4068 3384 4124 haberent

1798 4170 1943 4223 unde
1968 4164 2234 4230 dolerent,
2261 4178 2357 4218 seu
2386 4178 2505 4232 qua:
2529 4162 2839 4233 perderent,
2883 4160 2974 4230 qui
3000 4160 3180 4216 omnia
3216 4158 3383 4215 habe-

1799 4259 1934 4316 bant
1977 4260 2167 4314 rclicta
2212 4274 2312 4329 pro
2356 4257 2467 4313 Deo
2514 4256 2671 4325 juxta
2720 4254 2863 4310 illius
2901 4252 3206 4326 philosophi
3253 4269 3382 4309 con-

1800 4348 1999 4415 silium,
2024 4350 2117 4420 qui
2145 4363 2267 4405 cum
2295 4349 2362 4404 de
2387 4347 2612 4403 Athenis
2652 4361 2683 4400 e
2712 4342 2902 4401 schola
2935 4344 3162 4402 Romam
3196 4344 3381 4399 venis-

1804 4450 1886 4497 set
1928 4441 2164 4511 navigio,
2195 4440 2560 4513 negotiatores
2603 4453 2726 4493 cum
2762 4437 2957 4509 quibus
2990 4443 3212 4490 venerat
3240 4449 3376 4487 nau-

1804 4532 2034 4604 fragium
2078 4533 2224 4603 passi
2257 4533 2311 4587 in
2341 4531 2478 4586 mari
2505 4530 2807 4585 amiserunt
2850 4525 3178 4582 substantias
3230 4539 3378 4579 suas.

1805 4625 1898 4680 llle
1940 4635 2069 4677 vero
2117 4622 2208 4691 qui
2253 4621 2388 4676 nihil
2433 4620 2665 4675 habebat
2708 4623 2909 4691 printer
2946 4614 3175 4686 simplex
3225 4613 3383 4670 indu-

1806 4720 2049 4769 mentum
2083 4725 2191 4765 non
2224 4708 2414 4765 habuit
2454 4709 2596 4781 quod
2633 4705 2888 4778 perderet
2928 4712 3082 4760 extra
3108 4718 3188 4758 se.
3219 4700 3383 4759 Cum-

1806 4816 1912 4872 que
1936 4800 2297 4870 negoliatores
2324 4796 2554 4855 Romam
2579 4797 2874 4861 venissent,
2905 4792 2994 4849 ille
3021 4793 3170 4849 venit
3193 4806 3379 4851 coram

1807 4891 2135 4963 imperatore
2158 4929 2173 4955 ,
2220 4899 2275 4945 et
2318 4880 2551 4958 probato
2598 4901 2717 4952 rex,
2750 4882 2895 4955 quod
2947 4883 3161 4955 sapiens
3212 4889 3380 4950 esset,

1808 4982 1955 5037 dedit
1990 4980 2157 5036 multa
2199 4980 2403 5050 praedia
2444 4988 2499 5034 et
2535 4978 2788 5032 honores.
2849 4970 3094 5046 Cumque
3140 4973 3384 5047 negotia-

1808 5082 1974 5139 tores,
2002 5081 2126 5143 post
2162 5072 2360 5127 multos
2388 5067 2524 5134 dies,
2554 5066 2814 5123 mutuatis
2832 5064 3029 5138 pretiis
3063 5064 3204 5121 unde
3234 5064 3383 5120 redi-

109 5160 321 5234 templi.
386 5160 521 5230 Quae
568 5174 731 5219 causa
793 5161 898 5218 fuit
943 5170 1004 5217 ut
1052 5163 1301 5233 discipuli
1358 5166 1703 5221 ostenderent
1808 5175 1930 5222 rent
1964 5166 2018 5220 in
2052 5165 2308 5236 patriam,
2339 5162 2589 5219 dicebant
2620 5159 2689 5216 ad
2717 5174 2841 5217 eum
2866 5157 2995 5229 quid
3022 5156 3184 5213 vellet
3228 5171 3384 5212 man-

110 5254 511 5314 asdillcat‘iones
544 5256 774 5325 templi,
835 5262 970 5326 quas
1015 5255 1130 5326 ipse
1178 5255 1291 5325 jam
1333 5270 1431 5326 per
1480 5257 1701 5329 triginta
1809 5256 1940 5313 dare
1970 5257 2287 5329 parentibus
2328 5259 2384 5308 et
2420 5251 2630 5318 amicis,
2666 5250 2783 5306 ait:
2822 5249 2996 5307 Dicite
3031 5249 3131 5316 eis,
3167 5247 3382 5319 quando

112 5358 242 5407 tres
268 5352 439 5403 annos
462 5345 714 5401 videbat?
756 5344 838 5400 Ab
872 5360 937 5402 eo
960 5347 1080 5402 loco
1114 5354 1435 5417 acceperant
1463 5348 1704 5404 occasio-
1808 5347 1914 5404 iter
1939 5347 2201 5416 arripiunt
2226 5350 2442 5414 portent
2464 5340 2781 5397 thesaurum
2806 5340 2949 5410 quod
2975 5354 3127 5396 mare
3153 5345 3210 5394 et
3225 5337 3382 5399 fures

110 5453 254 5498 nem
282 5448 389 5509 quo
418 5438 533 5509 ipse
557 5436 767 5492 dixerat
792 5453 806 5491 :
831 5436 967 5492 Ecce
994 5438 1314 5510 relinquetur
1345 5439 1484 5494 vobis
1514 5440 1701 5495 domus
1808 5457 1916 5497 non
1942 5439 2151 5512 possint
2174 5435 2407 5501 auferre,
2438 5436 2578 5491 sicut
2605 5450 2704 5507 ego
2732 5433 2837 5491 feci
2862 5433 2955 5503 qui
2985 5429 3121 5490 nihil
3143 5429 3379 5503 perdidi,

108 5539 299 5589 uestra
340 5529 572 5594 deserta,
618 5532 673 5583 et
720 5526 971 5583 volebant
1011 5530 1151 5585 scire
1197 5542 1303 5600 quo
1352 5545 1512 5584 sensu
1570 5529 1700 5586 illud
1806 5542 1862 5590 et
1892 5534 2050 5589 modo
2076 5532 2239 5586 ditior
2275 5545 2395 5585 sum
2423 5544 2584 5599 quam
2625 5529 2702 5583 illi
2733 5542 2856 5583 cum
2890 5526 3084 5596 quibus
3110 5525 3257 5592 veni,
3286 5524 3380 5595 qui

112 5620 392 5679 Dominus
419 5620 634 5685 dixerit,
676 5619 723 5673 si
747 5618 1010 5688 potuisset
1036 5617 1151 5674 fore
1180 5628 1241 5674 ut
1265 5620 1389 5674 talis
1416 5618 1700 5676 aedificatio
1807 5624 1999 5679 divites
2031 5623 2280 5677 exierunt
2312 5629 2368 5676 et
2401 5634 2664 5692 pauperes
2704 5618 2954 5674 redeunt.
2987 5615 3203 5686 Oportet
3237 5617 3376 5683 enim

120 5713 345 5768 deserta
380 5711 540 5766 foret.
585 5711 671 5764 Ait
711 5707 815 5763 illis
840 5721 858 5758 :
909 5705 1105 5763 Videtis
1148 5710 1257 5765 htec
1278 5712 1472 5765 omnia.
1504 5710 1561 5767 1d
1593 5720 1695 5777 est,

116 5802 408 5862 miramini
442 5804 568 5860 ίςω.
608 5802 771 5859 Amen
792 5801 906 5856 dido
928 5801 1091 5867 vobis,
1128 5818 1234 5858 non
1260 5803 1583 5860 relinquetur
1621 5804 1698 5859 la-

1808 5715 1916 5768 htrc
1962 5713 2184 5783 primum
2221 5711 2354 5780 ﬁeri,
2407 5711 2497 5764 sed
2549 5710 2779 5764 nondum
2820 5717 2895 5763 est
2930 5707 3073 5777 ﬁnis.
3105 5706 3209 5776 Qui
3248 5705 3380 5777 legit

1806 5804 1971 5859 verba
2000 5817 2121 5872 qum
2157 5798 2380 5857 Orosius
2427 5800 2494 5856 de
2538 5800 2692 5856 bellis
2737 5797 3076 5872 coilegitper
3117 5795 3377 5854 historias
