3988 6458
562 360 702 420 1455

1345 355 1734 416 CHRISTle
1769 351 2182 412 DRUTHMARI
2219 355 2678 416 CORBEIENSIS
2713 355 3022 416 MONACHI

3719 355 3854 416 1456

557 483 920 543 expavescere
957 468 1154 541 poterit
1193 483 1292 539 pro
1335 467 1502 523 tantis
1549 457 2018 522 tribulationibus.‘
2051 457 2140 522 Ob
2166 457 2640 538 merserat-smn
2675 484 2836 539 usque
2872 469 2926 522 in
2966 467 3144 537 ﬁnem.
3193 467 3536 524 Subauditur
3583 469 3644 524 in
3673 469 3784 528 ﬁde
3807 457 3856 530 ὰ

551 563 974 636 ι11⁰ρ;ιηιιηὶρὺδι
1005 559 1466 624 Dominus-suos,
1501 573 1572 616 ne
1611 559 2145 616 tomaqunuetane
2167 575 2192 616 Ι
2241 557 2550 614 dilectione
2563 558 2840 614 Bch-Hie
2853 557 3322 614 ωινιιειαιὶευεεῌόε
3347 567 3856 630 pronomen-esti-

553 651 1060 724 .WlarelliJDSlam
1103 650 1262 708 500m
1305 649 1512 706 mundi.
1541 648 1740 718 :Surget
1771 649 1994 719 gens‘in-
2023 661 2150 720 ge.-

555 759 688 820 tern,
723 752 1021 814 et,regnum
1047 742 1586 812 adversusregnum.
1625 741 1692 796 Et
1717 742 1888 798 Juin
1933 744 2036 796 hoc
2067 741 2150 798 fe-

549 845 754 910 ,cerunt
801 845 1044 906 tempore
1067 835 1290 902 Diluti,“
1309 843 1374 894 et
1407 835 1650 900 Romam
1685 835 1848 890 etiam
1897 835 2018 906 ipso
2059 835 2148 890 die

699 926 1388 1008 ὺβᾳιυιεςὲριειιελίηιροίνὶι
1415 925 1644 984 Roma)
1679 935 1846 984 erant
1901 926 2046 982 inter
2087 941 2150 984 se

549 1017 734 1092 Παιιὶ
761 1017 1090 1084 ,ςὶημὺθιιονι
1113 1017 1210 1076 sed
1257 1017 1330 1076 ob
1377 1017 1740 1076 reverentiam
1789 1016 2148 1072 sanctiPetni

549 1109 936 1182 Inuilus‘potuit
957 1108 1212 1179 compari.
1237 1121 1336 1164 suo
1377 1121 1612 1173 nocere,
1633 1107 2149 1177 quia-aobrigueruut

555 1199 1036 1274 eorumbraebia,
1066 1208 1120 1256 et
1149 1200 1284 1260 .sani
1323 1199 1876 1258 domum-redierunt.
1907 1199 2148 1270 ignora-

557 1296 758 1364 verunt
787 1297 992 1358 tamen
1047 1288 1118 1352 ob
1165 1287 1336 1358 cujus.
1373 1290 1628 1346 meritum
1657 1339 1660 1342 .
1693 1288 1882 1346 salvati
1917 1293 2144 1344 essent.

549 1363 630 1462 β
655 1382 986 1456 ρςδρίιᾳῃμᾳτ,
1015 1383 1276 1452 etfautes.
1301 1381 1744 1438 Pestilentia-est
1773 1381 2061 1436 infirmitas
2089 1382 2149 1436 in

551 1473 774 1552 Wpulo.
805 1490 925 1548 quae
941 1490 1092 1540 cum.
1115 1489 1282 1532 unum
1305 1521 1308 1524 .
1331 1473 1752 1544 apprehenderit
1793 1472 2052 1530 celeriter
2077 1471 2148 1528 ad

553 1565 750 1644 plures
765 1629 768 1632 _
785 1567 1011 1636 transit,
1025 1609 1046 1620 ..
1063 1566 1208 1628 sicut
1261 1565 1472 1624 factum
1517 1566 1743 1636 legimus
1769 1567 1878 1620 ..in-.
1905 1573 2149 1636 tempore

555 1660 729 1738 sancti
760 1659 1118 1732 Gregorium
1162 1669 1404 1730 tempore
1447 1660 1644 1726 David,
1688 1658 1908 1730 quando
1931 1659 2149 1718 dicitur

557 1751 784 1824 angelus
819 1751 1152 1822 percussisse
1193 1751 1473 1822 populum,
1511 1750 1607 1820 qui
1655 1750 1904 1806 diabolus
1943 1749 2145 1804 intelli-

2249 649 2533 704 istosloco.
2579 649 2686 706 ille
2711 649 3100 714 enim-salsus
3121 650 3464 712 inialia-vitn
3497 652 3648 716 erit,
3673 655 3772 722 qui

2249 740 2356 802 ﬁde
2382 742 2766 810 permanserit.
2795 741 2874 798 Et
2891 741 3392 811 timueramus-hoc
3411 741 3786 814 Evangelia
3803 749 3856 802 is

2239 833 2492 888 uniuerso
2509 831 2656 888 υτὸθι
2683 831 3214 904 [inimum-signum
3235 831 3856 904 de.th

2250 933 2382 982 tunc
2405 941 2526 984 esse
2555 927 2720 988 debet
2735 925 3502 994 ﬁnisasmlipcmu-omnes
3525 933 3740 997 senes
3761 942 3856 982 m-

2249 1019 2451 1076 dicrint
2479 1019 2833 1089 Evangelium
2879 1019 3055 1090 regni.
3101 1019 3172 1074 In
3199 1020 3856 1074 minus-saui-

2243 1111 2510 1182 θυαεδαμ
2553 1111 2894 1183 Nulla-gens
2923 1121 3016 1168 less
3053 1112 3158 1168 sub
3185 1111 3856 1182 umquam-halitu

2241 1199 2526 1266 auditum,
2548 1208 2606 1256 et
2619 1200 2846 1262 Domini
2861 1241 2864 1244 -
2882 1200 3060 1266 facta,
3075 1207 3134 1255 et
3159 1201 3314 1270 ςιιού-
3489 1200 3676 1255 Dm.
3691 1216 3738 1254 ι
3751 1200 3856 1270 μι-

2241 1289 2410 1362 .ribus
2443 1290 2800 1356 θεωρίαι-νεὶ
2833 1305 3076 1362 namper
3100 1290 3856 1362 pradicstores,m13

2249 1381 2698 1446 vicinasagentes.
2745 1381 2818 1436 Et
2843 1391 2969 1456 tunc
2985 1383 3102 1440 erit
3117 1383 3542 1438 carissumum.
3577 1381 3856 1440 Die-ci.

2241 1471 2360 1542 jam
2387 1481 2610 1548 genuum
2631 1473 2738 1532 sub
2759 1472 2908 1532 oculo
2923 1473 2992 1530 ain
3005 1483 3124 1542 qua
3147 1471 3604 1532 Christidnun
3617 1473 3858 1546 ψύαι-

2241 1563 2738 1624 .tur.,..Nam.;et....in
2764 1562 2900 1634 Gog.
2919 1562 3072 1622 etnin
3097 1562 3320 1633 lingu.-
3343 1577 3476 1633 φη
3519 1571 3860 1636 contactu

2247 1651 2884 1722 Hunnomm,;.quai.ab.
2903 1651 3217 1714 sisti-nati
3258 1661 3576 1726 voeanti!»-
3605 1654 3734 1723 im
3765 1669 3858 1712 In

2245 1760 2384 1815 gens
2411 1761 2533 1816 qua:
2563 1745 2758 1802 fortior
2785 1754 2906 1806 erat
2929 1761 3000 1804 ex
3027 1746 3117 1804 his
3141 1759 3282 1816 quas
3307 1743 3648 1802 Alexander
3673 1749 3858 1804 eosde-

557 1843 722 1916 gitur.
753 1841 838 1898 Fit
864 1857 992 1898 vero
1009 1844 1127 1913 ipsa
1165 1842 1334 1913 pestis
1359 1841 1672 1910 frequenter
1703 1841 1830 1895 etin
1865 1840 2149 1894 Palaestina
2177 1835 2228 1896 B
2255 1847 2434 1903 xerat,
2465 1838 2788 1894 circumcisa
2815 1846 2922 1904 est,
2955 1845 3012 1894 et
3039 1851 3256 1894 omnem
3283 1835 3652 1892 Judaismnm
3683 1837 3854 1892 obser-

555 1943 612 1990 et.
639 1935 694 1988 in
720 1933 894 1990 italia.
929 1933 1082 1990 Unde
1109 1941 1166 1990 et
1201 1933 1340 1988 bene
1391 1942 1611 1986 sanctus
1649 1930 1942 2002 Gregorius
1979 1929 2142 1985 dicit:

564 2043 584 2076 ι
643 2025 992 2080 Pcstilentias
1046 2025 1166 2080 sine
1212 2023 1516 2080 cessatione
1561 2023 1819 2093 patimur.
1869 2041 1888 2074 ι
1951 2021 2148 2078 Fames

559 2118 742 2172 multm
772 2124 900 2172 tunc
927 2114 1164 2180 fuerunt,
1199 2115 1298 2170 sed
1327 2129 1434 2170 una
1469 2112 1574 2168 fuit
1611 2129 1708 2184 per
1734 2119 1912 2168 totum
1953 2113 2147 2168 orbem

557 2210 770 2268 decimo
799 2224 939 2264 anno
975 2206 1184 2264 Claudii
1215 2207 1580 2278 imperatoris,
1607 2206 1674 2261 de
1699 2221 1808 2274 qua
1843 2205 1898 2260 in
1921 2204 2147 2260 Actibus

559 2300 925 2372 apostolorum
957 2299 1174 2368 legitur.
1207 2297 1575 2352 Terrmmotus
1608 2297 1878 2352 innumeri
1919 2295 2048 2360 illic,
2091 2301 2150 2350 et

559 2391 760 2446 ﬁebant
789 2401 844 2446 et
867 2391 1023 2444 ﬁunt.
1049 2389 1354 2457 Aliquando
1385 2397 1564 2444 autem
1602 2396 1658 2444 et
1681 2387 1822 2443 ﬁunt
1855 2387 1954 2442 Dei
1989 2389 2144 2458 jussu

557 2499 655 2552 pro
691 2483 870 2551 aliquo
917 2481 1089 2552 signo,
1139 2481 1281 2536 sicut
1306 2479 1524 2549 quando
1558 2479 1785 2550 apostoli
1824 2487 2142 2546 oraverunt,

559 2581 616 2630 et
651 2579 990 2632 terrmmotus
1039 2571 1212 2628 factus
1253 2579 1370 2637 est,
1418 2579 1477 2626 ut
1523 2573 1834 2627 ostenderet
1881 2571 2148 2626 Dominus

560 2663 688 2734 quia
737 2669 968 2718 terreret
1025 2653 1356 2728 incredulos,
1399 2669 1456 2718 et
1497 2660 1816 2718 defenderet
1853 2661 1994 2730 pios.
2035 2659 2148 2716 Ali-

560 2753 778 2822 quando
807 2751 942 2808 ﬁunt
973 2768 1044 2806 ex
1075 2761 1292 2818 eventu,
1321 2752 1466 2820 quod
1495 2759 1686 2806 ventus
1727 2751 2006 2807 inveniens
2033 2749 2150 2806 adi-

564 2851 676 2898 tum
729 2843 1036 2914 ingrediens
1083 2845 1182 2900 sub
1231 2852 1412 2910 terra,
1449 2853 1506 2899 et
1561 2843 1687 2913 quia
1743 2843 2014 2898 violentus
2063 2853 2150 2899 est

560 2934 755 3004 quaerit
786 2935 990 2990 aditum
1013 2934 1268 2998 exeundi,
1293 2943 1350 2990 et
1389 2935 1482 2988 tali
1518 2935 1679 2990 modo
1717 2935 2002 2990 submovet
2039 2944 2152 2990 ter-

563 3039 695 3080 ram.
747 3023 878 3080 [hoc
919 3034 1094 3080 autem
1141 3025 1318 3078 omnia
1365 3025 1518 3080 initia
1561 3033 1684 3080 sunt
1725 3025 1990 3080 dolorum.
2021 3025 2150 3080 Haec

560 3113 742 3168 omnia
777 3112 831 3166 in
857 3113 1138 3168 Palaestina
1171 3113 1340 3170 fuisse
1375 3113 1622 3186 legimus,
1656 3123 1784 3170 ante
1833 3115 2146 3172 subversam

561 3205 914 3276 provinciam.
946 3205 1074 3262 Haec
1107 3205 1260 3260 initia
1286 3206 1531 3262 dolorum
1567 3205 1807 3272 fuerunt,
1835 3207 1962 3278 quia
1995 3222 2148 3262 acer—
2175 3190 2225 3252 (ἶ

561 3297 716 3350 biora
745 3305 864 3366 post
893 3312 1088 3352 venere
1117 3307 1402 3354 tormenta.
1442 3297 1588 3354 Tunc
1617 3299 1823 3354 tradent
1853 3316 1940 3352 vos
1966 3301 2022 3354 in
2049 3301 2150 3354 tri-

565 3387 914 3454 bulationem,
964 3397 1011 3444 et
1051 3389 1284 3444 occident
1325 3405 1432 3444 vos.
1479 3389 1548 3446 Et
1574 3389 1640 3444 de
1669 3389 1948 3458 apostolis,
1995 3397 2050 3444 et
2083 3389 2151 3444 de

563 3477 928 3546 apostolorum
969 3477 1376 3534 successoribus
1421 3477 1852 3548 intelligendum,
1893 3477 2150 3546 quoniam

563 3565 779 3638 quando
825 3566 1104 3636 provincia
1153 3567 1436 3622 Palicstina
1482 3566 1660 3622 deleta
1721 3574 1840 3630 est,
1893 3567 2152 3636 perpauci

563 3659 816 3714 vivebant
847 3657 914 3712 de
947 3657 1225 3728 apostolis.
1263 3656 1452 3712 Nullus
1479 3663 1660 3712 autem
1701 3671 1768 3710 ex
1799 3657 1906 3712 illis
1943 3657 2155 3712 exierat

563 3745 619 3800 in
640 3745 900 3809 Judaeum,
933 3745 1230 3800 Christiani
1269 3753 1450 3800 tamen
1479 3752 1636 3800 erant
1663 3745 1718 3800 in
1747 3743 1953 3812 Judrea,
1986 3745 2153 3802 etiam

564 3837 702 3892 infra
733 3837 1004 3894 civitatem
1053 3837 1208 3892 multi
1258 3837 1496 3905 fuerunt,
1543 3853 1652 3894 non
1697 3845 1880 3893 tamen
1923 3837 2152 3908 legimus

563 3927 706 4000 quod
749 3927 822 3982 ibi
863 3927 1062 3982 mortui
1099 3926 1332 3992 fuerint,
1376 3928 1502 3996 quia
1543 3925 1774 3982 Romani
1813 3942 1920 3982 non
1961 3927 2152 3998 prohi—

561 4019 799 4076 buerunt
825 4019 992 4074 ullum
1018 4019 1186 4084 exire,
1215 4020 1318 4074 nisi
1349 4019 1424 4074 illi
1457 4019 1558 4090 ipsi
1590 4019 1682 4090 qui
1708 4019 1850 4072 intra
1877 4019 2154 4074 civitatem

565 4119 740 4164 erant.
785 4111 850 4164 Et
889 4112 1031 4166 eritis
1073 4111 1192 4164 odio
1227 4111 1463 4164 omnibus
1495 4121 1705 4180 propter
1739 4127 1924 4164 nomen
1957 4127 2149 4164 meum.

572 4199 926 4254 Gaudendum
950 4201 1133 4255 odium
1157 4201 1299 4270 quod
1324 4217 1422 4270 pro
1455 4202 1563 4255 Deo
1589 4201 1900 4271 suscipitur.
1937 4201 2016 4256 Ex
2047 4217 2154 4270 qua

571 4295 751 4342 autem
781 4303 840 4340 re
865 4287 993 4358 ipsa:
1021 4289 1396 4344 tribulationcs
1409 4291 1647 4356 venient,
1675 4291 1996 4356 ostenditur,
2031 4306 2155 4346 cum

567 4385 692 4452 post
719 4377 1046 4432 occisionem
1077 4377 1311 4444 Domini,
1347 4379 1509 4434 etiam
1543 4381 1928 4450 discipulorum
1953 4383 2153 4452 prmdi-

568 4469 713 4524 citur
749 4465 950 4522 futura.
1015 4467 1087 4522 Et
1133 4477 1255 4522 tunc
1282 4469 1788 4524 scandatisabuntur
1817 4473 1990 4528 multi.
2029 4473 2155 4530 Sive

570 4567 783 4613 sument
817 4559 1128 4614 scandalum
1169 4567 1356 4613 contra
1384 4561 1662 4629 proximos
1717 4563 1808 4632 qui
1858 4563 2153 4621 Christiani

571 4651 724 4718 ﬁant,
772 4651 885 4704 sive
929 4651 1232 4704 irascentur
1273 4649 1444 4706 Judaei
1507 4667 1632 4706 cum
1678 4653 1912 4708 viderint
1964 4671 2154 4711 omnes

569 4752 757 4812 gentes
798 4741 852 4794 in
881 4737 1155 4794 Christum
1185 4739 1426 4804 credere,
1458 4741 1584 4809 quia
1613 4739 1813 4798 Judazis
1839 4743 2152 4798 scandalum

569 4839 651 4884 est
684 4829 852 4884 Deum
887 4829 1230 4884 incarnatum
1258 4827 1464 4883 audire.
1499 4829 1568 4883 Et
1599 4831 1818 4886 invicem
1847 4832 2072 4900 tradent,
2105 4841 2156 4888 et

570 4921 690 4974 odio
727 4919 982 4974 habebunt
1015 4921 1233 4974 invicem
1265 4919 1458 4990 pagani
1497 4917 1843 4976 Christianos.
1895 4921 1966 4976 Et
2003 4924 2155 4977 multi

567 5012 1024 5086 pseudoprophetis
1070 5021 1302 5081 surgent.
1335 5009 1818 5082 Pseudoﬁrmcum
1847 5024 1930 5070 est
1971 5024 2027 5070 et
2050 5016 2152 5071 La-

569 5105 680 5157 tine
729 5103 924 5156 dicitur
967 5101 1159 5172 falsus,
1218 5111 1276 5157 ut
1319 5103 1568 5159 Theodas
1615 5113 1669 5160 et
1707 5103 1871 5162 Judas
1900 5106 2152 5166 Galilaeus

568 5194 659 5262 qui
703 5191 1003 5272 edurcrunt
1048 5191 1306 5262 populum
1349 5203 1471 5264 post
1519 5209 1607 5259 se,
1656 5193 1896 5252 dicentes
1933 5213 1992 5252 se
2031 5215 2152 5256 esse

567 5287 891 5356 prophetas,
941 5287 1034 5342 sed
1081 5295 1136 5341 et
1179 5289 1280 5358 ipsi
1327 5290 1611 5358 perierunt
1662 5299 1718 5346 et
1765 5301 2027 5362 quotquot
2070 5296 2150 5352 eis

567 5386 976 5433 consenserunt.
1036 5377 1104 5430 Et
1139 5379 1386 5448 quoniam
1432 5379 1712 5434 abundavit
1759 5383 2029 5452 iniquitas,
2069 5403 2150 5440 re-

569 5463 804 5534 frigescet
836 5469 1065 5522 charitas
1093 5468 1395 5524 multorum.
1434 5471 1516 5526 Ad
1543 5471 1864 5530 Antichristi
1907 5483 2148 5548 tempora

571 5555 675 5608 iste
707 5561 1003 5616 versiculus
1041 5563 1303 5632 pertinet,
1335 5564 1548 5633 quando
1589 5565 1906 5637 refrigescet
1933 5569 2149 5628 dilectio

570 5641 1020 5720 Christianorum,
1061 5665 1116 5708 ct
1154 5653 1308 5708 multi
1359 5655 1630 5712 dimittent
1659 5657 2144 5730 Christianitatem,

571 5747 627 5794 et
663 5747 1042 5796 convertentur
1085 5745 1152 5800 ad
1199 5743 1366 5812 ipsius
1417 5745 1770 5808 voluntatem.
1823 5749 1926 5818 Qui
1969 5763 2143 5810 autem

2253 1939 2366 1984 vat.
2399 1927 2638 1998 Bulgarii
2675 1941 2910 1998 quoque,
2947 1927 3042 1996 qui
3075 1935 3134 1982 et
3171 1927 3274 1996 ipsi
3315 1941 3388 1982 ex
3431 1926 3586 1996 ipsis
3625 1927 3854 1996 gentibus

2249 2027 2404 2086 sunt,
2429 2018 2674 2090 quotidie
2707 2019 3074 2087 baptizantur.
3119 2015 3254 2072 Cum
3285 2033 3416 2088 ergo
3463 2017 3722 2072 uideritis
3751 2018 3854 2070 ds-

2251 2111 2594 2168 minationent
2620 2109 2980 2176 desolationis,
3005 2124 3126 2180 qua
3151 2109 3298 2162 dicta
3325 2115 3406 2164 est
3435 2125 3478 2160 α
3497 2106 3732 2162 Danish
3755 2123 3854 2176 prs-

2247 2203 2408 2272 pluta
2441 2210 2611 2256 stante
2643 2201 2702 2252 in
2735 2199 2850 2254 loco
2879 2209 3084 2254 sancto.
3127 2197 3494 2254 Abominatio

2199 2331 2210 2345 ο
2251 2295 2460 2352 idolum
2499 2303 2723 2350 vocatur
2759 2293 2818 2348 in
2841 2289 3082 2348 Danielis
3124 2290 3286 2358 libro,
3333 2291 3404 2348 de
3437 2305 3570 2360 qua
3607 2289 3730 2360 ipse
3753 2303 3852 2358 prs-

2251 2387 2519 2458 phetavit,
2561 2387 2702 2442 sicut
2737 2393 2793 2442 et
2831 2399 2978 2440 nunc
2999 2384 3164 2448 Deus,
3207 2397 3334 2438 cum
3379 2382 3582 2452 ipsam
3608 2382 3852 2438 vidissent

2255 2477 2314 2534 in
2355 2477 2577 2546 templo,
2623 2483 3014 2548 cognoscerent
3057 2488 3228 2545 prope
3281 2489 3412 2530 esse
3467 2473 3850 2530 desolatiom

2253 2566 2446 2638 templi
2487 2575 2545 2622 et
2581 2565 2894 2636 provinciae.
2951 2564 3082 2634 Quae
3121 2573 3179 2620 et
3219 2564 3286 2618 de
3329 2563 3592 2636 imagine
3652 2563 3852 2620 Custis

2251 2665 2436 2730 potest
2474 2655 2720 2728 intelligi,
2755 2671 2920 2726 quam
2951 2655 3158 2710 Pilatus
3179 2654 3370 2726 posuit
3405 2654 3469 2708 in
3503 2655 3720 2726 templo
3753 2663 3850 2708 autc

2253 2747 2448 2820 viginti
2492 2748 2734 2820 quinque
2779 2761 2953 2802 annos
2997 2746 3373 2804 subversionis
3399 2805 3402 2808 ,
3425 2747 3622 2812 urbis,
3671 2747 3848 2804 sintde-

2255 2839 2498 2909 equestri
2538 2846 2718 2894 statua
2747 2836 2990 2904 Adriani,
3027 2853 3192 2908 quam
3217 2837 3462 2894 Romani
3511 2839 3568 2894 ei
3611 2839 3844 2900 fecerant.

2253 2929 2407 3000 quia,
2437 2929 2506 2984 ad
2534 2928 2734 2984 bellum
2763 2942 3017 2999 pergens,
3041 2928 3096 2984 in
3125 2929 3232 2994 via,
3253 2930 3617 2985 reclamante
3641 2931 3874 3002 quadam,
3897 2943 3918 2964 ι

2256 3022 2440 3087 vidua,
2481 3022 2633 3076 stetit
2671 3036 2798 3076 cum
2835 3036 2996 3091 equo,
3030 3023 3201 3078 donec
3237 3023 3292 3078 ei
3331 3023 3630 3092 justitiam
3667 3025 3736 3080 de
3771 3039 3844 3094 op

2253 3129 2510 3186 pressore
2549 3112 2773 3168 faceret.
2806 3112 2982 3182 Quam
3027 3113 3278 3170 consules
3317 3129 3424 3186 pro
3465 3115 3562 3186 pio
3591 3114 3744 3170 facto
3769 3130 3844 3186 pa

2255 3205 2542 3260 universas
2581 3203 2832 3258 civitates
2865 3204 2990 3274 poni
3027 3195 3331 3274 jusserunt,
3369 3214 3424 3260 et
3461 3205 3588 3276 ipsa
3617 3206 3770 3262 stetit
3799 3207 3840 3260 is

2257 3296 2458 3368 templo
2477 3297 2976 3368 Hierosolymorum
2999 3305 3124 3352 ante
3147 3297 3594 3354 destructionem
3611 3299 3840 3360 civitatis.

2257 3403 2422 3458 quam
2455 3388 2572 3456 ipse
2591 3387 2864 3444 Adrianus
2897 3386 3046 3454 fecit,
3077 3389 3172 3458 qui
3207 3389 3460 3446 secundo
3503 3390 3738 3446 rebelles
3765 3389 3840 3444 Ja-

2258 3477 2404 3534 daeos
2439 3476 2632 3532 ultima
2657 3476 2804 3534 crede
2842 3478 3172 3550 perdomuit,
3198 3486 3254 3532 et
3285 3477 3346 3532 in
3373 3477 3494 3536 alio
3529 3479 3655 3536 loco
3695 3481 3838 3550 ipsa

2259 3567 2538 3624 civitatem
2587 3569 2846 3624 aediﬁcari
2889 3568 3148 3640 pmcepit
3169 3609 3184 3634 ,
3224 3577 3282 3624 et
3309 3567 3500 3624 Elian)
3527 3571 3768 3634 vocavit,
3791 3579 3836 3624 et

2257 3659 2535 3728 prohibuit
2563 3659 2640 3716 ibi
2663 3658 2879 3716 Judmos
2905 3659 3138 3732 ingredi.
3163 3658 3234 3714 Et
3263 3658 3334 3714 ad
3355 3661 3698 3718 Antichristi
3723 3671 3836 3720 len-

2257 3765 2392 3820 pora
2419 3759 2600 3820 potest
2627 3749 2840 3818 referri,
2867 3751 2996 3820 quia
3019 3750 3232 3822 jubebit
3257 3766 3320 3808 se
3347 3752 3582 3810 adorari
3605 3771 3710 3825 pro
3745 3755 3836 3810 Deo

2258 3841 2648 3910 omnipotente,
2679 3842 2841 3896 etiam
2869 3843 3092 3908 mundo,
3121 3843 3264 3898 sicut
3293 3842 3378 3898 ait
3405 3844 3730 3916 Apostolus.
3757 3847 3836 3902 Ss-

2259 3930 2408 3984 debit
2441 3931 2498 3986 in
2543 3931 2741 4002 templo
2785 3933 3078 3988 ostendens
3121 3941 3386 4004 tanquam
3433 3935 3564 4006 ipse
3601 3939 3678 3992 sit
3717 3939 3834 3994 Du

2257 4038 2412 4091 quem
2443 4023 2698 4078 Dominus
2725 4022 2878 4078 Iesus
2909 4025 3184 4094 interﬁciet
3211 4027 3406 4098 spiritu
3431 4029 3548 4084 oris
3571 4031 3660 4084 sli
3691 4041 3736 4088 et
3755 4031 3832 4086 ds-

2258 4123 2422 4170 struet
2457 4114 2806 4170 illustrations
2825 4116 3080 4172 adventus
3103 4119 3208 4172 sui.

2333 4205 2477 4260 Tunc
2504 4209 2594 4274 qui
2633 4207 2688 4258 in
2715 4205 2908 4262 ludam
2939 4218 3062 4264 sunt
3101 4209 3308 4280 fugiant
3343 4211 3416 4266 ad
3441 4223 3678 4268 montes.
3711 4259 3724 4270 .
3747 4231 3832 4268 ut

2259 4296 2328 4352 ad
2347 4297 2448 4350 hoc
2477 4295 2696 4364 respicit
2715 4314 2726 4348 :
2744 4295 2878 4352 Cum
2907 4299 3156 4354 venerint
3177 4315 3240 4356 ea
3267 4317 3394 4372 qum
3419 4305 3690 4372 praedico.
3715 4306 3828 4374 Quis

2258 4388 2337 4441 sic
2363 4387 2536 4440 Lucas
2569 4395 2756 4440 narrat
2786 4405 2800 4442 :
2826 4387 2956 4442 Cum
2985 4390 3218 4446 uideritis
3259 4393 3326 4445 ab
3361 4397 3602 4450 exercitu
3629 4399 3830 4452 circau-

2259 4481 2379 4536 dari
2401 4479 2846 4550 Hierosolymam,
2883 4467 3014 4536 tunc
3041 4484 3132 4554 qui
3163 4485 3220 4540 in
3241 4484 3440 4540 Judtea
3485 4501 3614 4544 sunt
3649 4491 3828 4560 fugiat

2259 4573 2330 4626 ad
2351 4581 2571 4638 montes,
2599 4572 2848 4628 videlicet
2873 4589 2940 4630 ne
2965 4575 3308 4632 includantur
3335 4579 3392 4632 in
3415 4580 3516 4636 illa
3547 4583 3828 4638 obsidione.

2257 4662 2398 4716 Nam
2433 4663 2482 4718 si
2503 4663 2594 4732 [illi
2628 4664 2720 4732 qui
2763 4665 2956 4720 inclusi
2999 4665 3200 4722 fuerint
3243 4670 3390 4726 seire
3425 4687 3536 4740 pro
3573 4683 3810 4742 certopu

2261 4754 2491 4808 tuissent
2519 4754 2723 4808 exitum
2750 4756 2852 4822 rei,
2881 4756 3027 4812 nullo
3057 4759 3216 4816 modo
3242 4774 3304 4814 se
3495 4763 3824 4822 obuiauit.

2259 4843 2376 4902 Hoc
2428 4860 2554 4902 vero
2595 4849 2890 4921 Evangelio
2937 4851 3094 4908 multi
3148 4853 3596 4914 Christianorum
3649 4859 3822 4916 ebuli.

2261 4950 2384 4990 cum
2431 4937 2688 4994 viderunt
2727 4941 3161 5012 appropinquare
3205 4945 3420 5002 hostem
3447 4945 3826 5010 Romam

2258 5026 2610 5084 decesserunt
2659 5039 2810 5086 trans
2855 5031 3148 5090 Jordanem
3205 5035 3260 5092 in
3309 5050 3554 5108 regnum
3577 5040 3824 5112 Agripp.

2255 5125 2312 5174 et
2351 5119 2486 5172 nihil
2533 5119 2768 5178 Iasionis
2813 5124 3140 5182 habuerunt.
3197 5127 3378 5184 Etiam
3435 5133 3686 5202 apostoli
3733 5131 3824 5200 in

2253 5223 2420 5280 pr0pe
2457 5211 2634 5268 adhuc
2681 5212 2955 5270 vivebant.
3013 5215 3071 5272 Si
3119 5217 3438 5287 spiritaliter
3493 5223 3640 5280 velis
3691 5223 3826 5278 scim.

2253 5310 2406 5369 potes
2453 5301 2637 5356 omnia
2685 5303 2774 5358 illa
2839 5305 2906 5360 ad
2949 5306 3188 5364 haereses
3231 5308 3440 5368 referre
3491 5323 3552 5370 et
3599 5321 3826 5384 pacata.

2255 5393 2386 5460 Quae
2432 5408 2556 5450 cum
2599 5395 2800 5452 videris
2849 5413 3078 5468 regnare
3123 5415 3284 5470 super
3325 5417 3424 5458 eos
3461 5406 3568 5474 qui
3601 5403 3826 5476 magistri

2255 5483 2510 5544 Ecclesiae
2549 5503 2672 5544 esse
2711 5489 2926 5557 debent,
2968 5501 3091 5548 tunc
3131 5495 3220 5564 qui
3255 5495 3314 5548 in
3330 5495 3534 5550 ludam
3565 5509 3720 5562 sunt,
3743 5499 3828 5552 bos

2253 5585 2338 5632 est
2379 5578 2434 5632 in
2471 5579 2812 5636 confessione
2850 5597 2994 5636 verte
3029 5582 3186 5650 fidei,
3237 5584 3502 5642 festinent
3539 5589 3826 5644 scenda!

2253 5667 2324 5722 ad
2351 5677 2562 5724 montes
2593 5669 2874 5726 virtutum.
2905 5670 2974 5726 Et
3007 5669 3088 5728 illi
3117 5675 3206 5744 qui
3231 5689 3394 5744 supra
3425 5685 3654 5730 tectum.
3685 5675 3742 5730 ld
3761 5683 3828 5730 ω

2253 5757 2346 5814 cui
2385 5759 2740 5828 transierunt,
2755 5760 2937 5818 animo
2983 5765 3242 5830 carnalia.
3271 5779 3378 5822 non
3403 5765 3742 5826 descendant
3769 5765 3826 5822 si
