3988 6472
123 413 321 546 μεθ.
465 509 490 530 ..

960 379 1014 425 εΗ
1054 379 1246 424 mnu
1301 379 1438 422 ,ιινιί
1480 375 1748 427 “Mum
1794 369 2193 422 util/illiti!!!
2245 371 2620 418 ιίίξπκιπξίι

871 513 926 538 μ
1051 511 1092 536 μ.
1324 459 1794 543 exessum—.191
1832 461 2416 532 MATTlltd‘JUM..'...i«--.
2683 503 2708 514 --

3387 373 3400 414 'l

2746 495 2774 536 l:
2825 493 2853 520 ἶ·
2875 499 2882 512 τ
2912 495 3010 540 ιξ1.;;
3055 494 3107 524 ίοἹ
3135 477 3424 542 in.”qu

999 531 1610 631 [conversatiotiswﬂt
1645 575 1734 645 qui
1759 529 2386 644 ‘Arloquitueromihus,
2417 583 2476 630 ut
2503 539 2970 635 et-tribulatlonis
2998 577 3426 653 magnitudinem

121 678 401 740 operatur
434 669 493 724 iu
524 683 704 738 lugeo;
735 668 848 737 qui;
869 666 1475 736 intelligimrEccl'esia,
1499 669 1738 722 Ion-re-

117 761 349 833 spiciat
371 761 442 818 .in
459 765 640 825 retro,
677 762 844 816 adea
861 771 998 831 quur
1013 763 1266 830 .propteri
1287 760 1466 815 Deum:
1481 759 1738 828 «aliquit,

114 853 258 922 liud;
269 851 1179 923 utendatseu'peuladpmpmitm
1207 850 1392 908 fidem:
1435 850 1536 906 Vae
1555 861 1741 908 autem

117 945 1023 1016 pmgnmibsssetmmtimtibls;
1057 944 1418 1016 Quia:.fugere
1445 960 1554 1002 non
1592 945 1740 1002 valet-

119 1036 506 1094 ahntmsicut
543 1035 775 1105 legimus
811 1034 880 1092 de
921 1035 1740 1106 nutriccczldiphibosab.--Quaa

117 1139 291 1186 suam;
305 1127 561 1185 δικαίων
573 1126 730 1196 quod
743 1155 746 1158 -
761 1135 1012 1184 mortuus
1035 1135 1187 1183 esset
1199 1124 1351 1182 Sauli
1363 1131 1430 1183 εει
1453 1125 1739 1194 Ionam,

140 1219 467 1282 festinabat.
484 1219 822 1290 fugacium
851 1217 1088 1283 ifaute;
1111 1219 1420 1290 ceciditque-
1445 1234 1568 1276 cum
1599 1217 1742 1289 ipso,

125 1314 462 1371 violandae
475 1357 482 1362 .
497 1312 853 1369 efﬁaotusest.
869 1345 872 1356 ι
894 1313 1148 1384 Legimus
1174 1313 1339 1368 etiam
1374 1313 1501 1382 quia
1523 1312 1596 1367 ein
1609 1311 1743 1382 :ipsa

118 1406 441 1462 'nbsidione
483 1404 670 1460 Mariis
699 1404 900 1461 nobilis
942 1413 1000 1460 et
1043 1401 1324 1476 praedives”
1351 1405 1620 1475 quondam
1658 1404 1744 1460 υἷε-

129 1499 326 1564 mina,
345 1504 640 1568 quas-aruo
655 1496 758 1551 vix
773 1523 776 1532 -
789 1497 1004 1556 Valebat
1044 1497 1304 1554 incedere
1323 1507 1513 1568 super
1541 1506 1741 1553 terram

133 1588 481 1659 prae-mimis
525 1585 910 1653 teneritudine,
967 1588 1020 1642 in
1073 1583 1554 1658 ipsa'obsldione"
1575 1587 1740 1641 ﬁlium

123 1691 318 1736 cauum
347 1679 732 1750 quinque'dies
771 1675 1060 1734 habentem
1091 1673 1744 1734 comederitwtlmtc-au-

146 1783 357 1828 temne
383 1775 516 1844 fuga
545 1781 716 1828 vestra
735 1773 797 1827 in
827 1773 996 1827 hieme
1021 1772 1100 1827 vel
1135 1773 1190 1828 in
1219 1771 1434 1827 sabbato
1455 1773 1570 1842 fiat.
1603 1772 1740 1840 Quia

145 1863 212 1918 in
268 1863 446 1918 hieme
489 1861 678 1934 fugere
704 1862 901 1917 malum
929 1871 1094 1927 esset,
1123 1865 1196 1918 ob
1220 1863 1411 1934 frigus.
1440 1863 1497 1916 In
1521 1863 1746 1919 sabbato

145 1955 203 2011 si
246 1953 475 2026 fugeret,
523 1953 992 2024 transgrederetur
1036 1954 1228 2026 legem.
1275 1954 1333 2010 Si
1369 1963 1539 2010 staret
1571 1969 1746 2011 more-

148 2055 333 2112 retur,
380 2054 440 2100 ut
475 2044 765 2101 Machabeei
817 2045 1081 2101 fecerunt.
1141 2045 1347 2102 Tamen
1395 2047 1614 2118 quando
1642 2046 1743 2103 Ve-

147 2139 444 2208 spasianus
493 2139 548 2192 in
592 2138 928 2208 provinciam
967 2119 1136 2205 venit,
1180 2148 1342 2196 aestas
1382 2141 1578 2205 inerat,
1617 2141 1744 2212 quia

147 2229 276 2298 ipso
321 2229 407 2285 die
440 2227 663 2284 Pascha:
693 2229 848 2284 Titus
896 2229 963 2284 ad
989 2227 1290 2287 Jerusalem
1337 2233 1583 2287 accessit.
1638 2231 1745 2287 Sed

147 2321 374 2377 obsidio
419 2320 718 2377 Jerusalem
765 2336 864 2392 per
909 2322 1045 2378 duos
1096 2337 1267 2378 annos
1312 2323 1567 2378 continua
1620 2322 1741 2377 fuit.

148 2412 282 2487 E_rit
319 2414 456 2467 enim
501 2422 625 2467 tunc
672 2412 944 2468 tribulatio
993 2431 1184 2486 magna
1223 2414 1397 2486 qualis
1423 2432 1525 2469 non
1553 2415 1652 2485 fuit
1678 2414 1743 2469 ab

170 2506 336 2560 initio
366 2506 422 2560 in
456 2507 652 2560 mundo
685 2523 846 2578 usque
873 2508 1051 2573 modo,
1078 2521 1244 2579 neque
1266 2509 1375 2577 fiet.
1404 2509 1473 2564 Et
1503 2509 1568 2564 de
1601 2509 1746 2564 obsi-

145 2598 320 2653 dione
367 2597 676 2655 Judaeorum
732 2607 910 2668 potest
968 2599 1230 2670 intelligi,
1283 2600 1408 2670 quis
1469 2613 1742 2669 nunquam

147 2693 299 2763 apud
330 2693 448 2748 illos
473 2693 751 2749 tribulatio
778 2692 900 2759 fuit,
924 2693 1065 2748 sicut
1088 2693 1229 2763 apud
1256 2694 1402 2764 ipsos
1423 2693 1512 2763 qui
1542 2693 1596 2748 in
1627 2694 1744 2764 ipsa

150 2783 446 2839 obsidione
490 2783 727 2839 fuerunt.
749 2783 868 2839 Non
905 2785 1048 2840 enim
1077 2784 1338 2840 remansit
1368 2785 1541 2849 canis,
1568 2799 1746 2854 neque

149 2891 289 2947 pars
326 2877 459 2934 corii
496 2878 551 2932 in
587 2878 747 2941 ostio,
779 2885 873 2932 aut
911 2878 966 2932 in
995 2877 1177 2946 aliquo
1214 2877 1404 2948 jaccns
1450 2878 1584 2934 loco.
1624 2877 1743 2932 Vivi

152 2967 386 3023 abibant
429 2968 677 3025 homines
725 2969 781 3024 in
831 2969 1095 3038 sepulcris
1141 2977 1197 3024 et
1242 2969 1316 3024 ibi
1359 2967 1745 3040 exspectabant

149 3067 414 3114 mortem.
450 3058 612 3129 Troja
649 3061 836 3115 decem
885 3061 1042 3115 annis
1093 3061 1313 3115 obsessa
1359 3068 1462 3124 est,
1493 3060 1588 3114 sed
1636 3075 1744 3114 non

149 3152 234 3208 ibi
269 3159 417 3206 tanta
447 3152 586 3207 mala
613 3152 938 3208 sustinuere.
976 3152 1042 3205 Et
1081 3151 1148 3204 ad
1178 3150 1498 3206 Antichristi
1531 3158 1744 3220 tempus

151 3254 308 3301 recte
347 3251 528 3315 potest
568 3244 761 3314 aptari,
810 3243 865 3297 in
902 3257 1008 3312 quo
1048 3241 1325 3296 tribulatio
1369 3241 1744 3298 inenarrabilis

151 3337 298 3402 erit,
348 3336 473 3406 quia
520 3349 628 3390 non
674 3334 847 3390 solum
891 3341 1164 3389 tormenta
1214 3334 1422 3404 ingeret
1467 3335 1746 3390 acerbiora

154 3425 384 3490 sanctis,
418 3426 512 3481 sed
554 3433 609 3479 et
636 3424 789 3496 signa
832 3423 1002 3478 multa
1039 3421 1218 3487 faciet,
1250 3430 1305 3478 et
1338 3424 1474 3479 dona
1512 3424 1745 3495 plurima

155 3517 345 3582 dabit,
391 3516 459 3570 ad
492 3515 826 3572 seducendos
855 3514 1209 3572 Christianos.
1245 3513 1313 3569 Et
1339 3517 1439 3569 nisi
1464 3515 1747 3570 abbreviati

153 3615 331 3662 essent
365 3605 475 3659 dies
509 3605 612 3670 illi,
649 3622 751 3660 non
781 3606 926 3675 ﬁeret
961 3603 1104 3659 salva
1143 3605 1310 3658 omnis
1351 3620 1494 3658 caro.
1534 3603 1746 3659 Abbre-

151 3697 370 3762 vialos,
421 3696 640 3762 dicitur,
688 3709 795 3750 non
834 3709 1121 3762 mensura,
1174 3695 1270 3751 sed
1318 3709 1562 3751 numero.
1619 3695 1746 3752 Haec

156 3787 313 3844 enim
342 3787 618 3843 tribulatio
643 3796 845 3858 quanto
869 3788 1081 3844 caeteris
1108 3788 1338 3858 gravior,
1364 3795 1514 3843 tanto
1541 3796 1748 3859 tempo-

155 3881 244 3935 ris
275 3879 538 3934 brevitate
575 3880 905 3936 moderatior
929 3888 1014 3936 est
1047 3879 1260 3947 futura;
1295 3889 1555 3950 quantum
1592 3897 1747 3936 nam-

158 3981 276 4039 que
298 3984 365 4024 ex
392 3970 652 4038 propheta
679 3971 916 4027 Danielis
945 3981 1001 4027 et
1029 3973 1352 4045 Apocalypsi
1383 3971 1606 4044 intelligi
1646 3972 1745 4028 da-

159 4071 258 4116 tur
305 4061 477 4116 tribus
532 4062 690 4118 annis
737 4070 791 4118 et
831 4062 1054 4120 dimidio
1098 4065 1214 4135 ipsa
1263 4065 1342 4120 sic
1387 4064 1742 4135 grassabitur.

158 4151 303 4214 Nam
343 4152 457 4208 dies
491 4152 682 4222 aequali
733 4168 984 4210 mensura
1035 4169 1251 4226 semper
1296 4162 1474 4220 erunt,
1511 4163 1573 4208 ut
1598 4152 1746 4209 Psal-

159 4243 327 4296 mista
353 4243 516 4298 dicit:
543 4242 890 4301 Ordinatione
913 4255 1005 4302 tua
1038 4257 1366 4316 perseverant
1390 4247 1519 4302 dies.
1553 4245 1659 4302 Sed
1690 4247 1747 4303 in

157 4347 397 4389 numero
421 4335 578 4404 pauci
605 4337 882 4393 constituti
915 4346 1058 4403 sunt,
1086 4338 1160 4393 'in
1195 4337 1390 4409 quibus
1425 4337 1581 4393 electi
1619 4351 1747 4405 pro-

160 4425 440 4480 babuntur
466 4433 521 4480 et
547 4427 674 4482 mali
703 4427 1216 4485 manifestabuntur.

241 4513 385 4569 Tunc
407 4517 452 4569 si
482 4516 597 4586 quis
627 4517 819 4571 dixerit
851 4530 870 4568 :
896 4534 1012 4571 ecce
1045 4516 1156 4571 illic
1201 4516 1458 4582 Christus,
1513 4527 1603 4572 aut
1635 4518 1747 4574 illic

166 4603 330 4658 nolite
367 4607 595 4660 credere.
628 4606 878 4662 Christus
902 4621 1010 4661 non
1036 4606 1212 4662 solum
1262 4607 1521 4662 Dominus
1547 4613 1746 4675 {noster

166 4694 261 4749 hic
303 4695 693 4767 intelligendus,
737 4697 832 4752 sed
859 4705 914 4752 et
940 4711 1039 4752 rex
1066 4695 1393 4762 Judaeorum,
1421 4698 1547 4767 quia
1571 4695 1743 4754 Jndtei

169 4785 253 4839 sic
285 4785 626 4854 appellabant
651 4801 827 4859 reges.
864 4787 932 4842 Et
961 4785 1180 4843 fuerunt
1211 4786 1366 4842 multi
1391 4796 1522 4843 tunc
1548 4788 1639 4857 qui
1686 4803 1745 4844 se

167 4873 419 4929 Cbristos
451 4875 721 4942 dixerunt,
751 4877 844 4948 qui
871 4875 1158 4933 voluerunt
1191 4893 1314 4934 esse
1334 4892 1510 4947 reges,
1537 4879 1580 4934 si
1617 4885 1745 4934 tunc

171 4967 475 5032 potuissent
497 4967 782 5024 victoriam
829 4983 1041 5039 capere.
1069 4969 1138 5024 Et
1177 4971 1230 5026 in
1258 4971 1376 5042 ipsa
1405 4971 1622 5028 civitate
1655 4967 1746 5026 Je-

172 5057 408 5114 rusalem
457 5068 567 5117 tres
593 5069 750 5117 erant
791 5062 883 5132 qui
928 5075 989 5117 se
1033 5076 1188 5132 reges
1217 5061 1487 5118 dicebant.
1521 5061 1748 5132 Surgent

173 5149 308 5201 enim
379 5152 836 5223 pseudoprophette
896 5160 944 5208 et
989 5152 1389 5223 pseudocltristi,
1450 5162 1498 5207 et
1544 5153 1746 5208 dabunt

173 5240 321 5308 signa
351 5257 541 5311 magna
571 5251 618 5296 et
644 5245 904 5315 prodigia,
935 5245 1012 5298 ita
1052 5253 1109 5298 ut
1133 5244 1188 5298 in
1220 5259 1448 5298 errorem
1490 5244 1749 5298 inducan-

177 5338 280 5393 tur,
309 5333 355 5384 si
387 5331 503 5400 fieri
555 5343 740 5402 potest,
770 5337 926 5389 etiam
963 5336 1129 5391 electi.
1161 5336 1236 5392 De
1262 5337 1506 5407 utrisque
1539 5346 1746 5406 tempo-

177 5415 326 5472 ribus
350 5427 576 5487 possunt
598 5419 712 5474 haec
742 5419 884 5473 dicta
913 5423 1101 5492 accipi,
1133 5423 1230 5478 sed
1266 5421 1459 5478 melius
1487 5423 1554 5477 ad
1594 5421 1749 5477 Auti-

177 5508 366 5564 christi
413 5519 623 5580 tempus
668 5510 970 5579 referimus,
1030 5514 1085 5568 in
1127 5530 1233 5585 quo
1280 5531 1386 5570 non
1429 5514 1600 5572 solum
1635 5516 1748 5585 ipse

183 5595 340 5655 faciet
362 5603 528 5658 multa
553 5605 724 5676 signa,
759 5603 851 5659 sed
891 5607 1204 5680 et_ministri
1241 5610 1377 5678 ejus.
1411 5609 1574 5680 Cujus
1605 5612 1746 5666 enim

185 5686 316 5743 ﬁdes
345 5698 472 5747 tunc
520 5709 627 5748 non
657 5677 1195 5764 titubabit,'quando
1234 5677 1437 5756 videbit
1479 5677 1748 5758 crudelem

183 5789 581 5843 persecutorem
608 5784 759 5855 signa
782 5783 995 5840 facere?
1028 5785 1114 5838 Ita
1140 5801 1195 5839 ut
1241 5790 1296 5842 in
1332 5808 1561 5845 errarent
1595 5794 1752 5848 indu-

187 5880 386 5928 cantur.
436 5873 553 5944 ﬁeri
603 5884 790 5949 potest,
818 5877 974 5932 etiam
1021 5877 1189 5937 electi.
1228 5879 1535 5940 Dubitantis
1557 5885 1750 5942 affectu

1768 4651 1824 4711 D

1839 668 2105 740 decignet,
2125 678 2194 725 et
2227 669 2455 724 liberum
2487 667 2680 725 inesse
2713 672 2947 728 διισωὶθί
2995 673 3430 740 monstret'a‘ll'd-

1837 765 2014 815 cthm.
2062 759 2522 817 Nam-“fideliswet
2553 763 2598 818 si
2634 762 2704 817 ad
2735 764 2930 820 horam
2959 768 3216 826 seductus
3239 767 3426 841 fuerit,

1831 857 2032 907 "mea:
2045 852 2172 914 aito:
2185 861 2457 924 resurget},-
2471 851 2559 908 'uti
2572 852 2768 910 beatus
2796 847 3176 915 Petm'smece
3203 860 3430 932 ﬁrde

1827 942 2005 998 stabis.
2025 939 2665 1000 Tribuswicihusiri'iSta
2697 937 3077 1004 malediction'e
3089 937 3426 1020 mlitarem

1833 1030 2043 1096 liabet,-
2071 1039 2150 1085 ut.
2173 1046 2306 1086 non-
2333 1032 2652 1089 auscultant
2667 1035 2962 1092 ‘malorum-
2975 1029 3336 1099 suasionemﬁ
3355 1043 3426 1101 ἐἰ

1829 1135 1966 1191 .m'go
1981 1121 2245 1178 .xdiweirint
2257 1122 2408 1184 nobis
2423 1138 2455 1178 -ι
2478 1123 2615 1178 Ecce
2639 1126 2698 1178 in
2715 1126 3054 1196 deserto'est,
3071 1125 3426 1190 ποιςυκεπῖτε.

1840 1209 1926 1266 nn.
1945 1211 2461 1268 -abduxit:.'l‘heodas-
2477 1235 2480 1240 -
2497 1216 2794 1285 populum,-
2816 1219 2906 1275 ille
2933 1217 3426 1296 pseudopropheta.

1839 1301 1997 1357 Ecce
2023 1305 2508 1375 ini-penetralibus,
2534 1308 2587 1362 id
2634 1318 2718 1366 est
2761 1313 2813 1367 in
2859 1317 3426 1390 secretls'aliquibus’:

1833 1394 2257 1451 noliteloredere.
2301 1395 2905 1469 Spiritaliter'Eccl'esia
2947 1409 3232 1478 catholica,
3263 1412 3319 1470 id
3347 1426 3432 1472 est

1837 1487 2188 1554 universalis,
2219 1503 2346 1544 non-
2376 1491 2836 1551 solummodoin‘
2860 1497 3077 1567 Africa,’
3101 1505 3192 1559 aut
3237 1503 3290 1559 in
3323 1501 3429 1562 aut

1843 1579 2068 1648 speciali
2095 1580 2348 1646 looo,-.vel
2379 1583 2453 1638 in-
2479 1583 2844 1654 penetralibus
2871 1593 3275 1661 hmreticomm.
3331 1591 3428 1655 sed

1837 1683 1942 1739 per
1959 1671 2271 1730 universum
2296 1674 2576 1742 mundum,
2609 1679 2888 1748 quia'ideo
2909 1681 3215 1755 catholica,
3248 1688 3300 1745 id
3341 1697 3428 1748 est

1844 1761 2187 1829 universalis,
2201 1763 2419 1820 dicitur.
2437 1765 2595 1821 Sicut
2610 1770 2748 1823 enim
2771 1770 2952 1842 fulgur
2968 1777 3082 1831 exit
3096 1779 3159 1833 ab
3188 1777 3424 1850 Oriente,

1845 1860 1894 1905 et
1943 1863 2158 1922 apparet
2205 1871 2370 1925 usque
2402 1856 2472 1909 ad
2515 1855 2870 1927 Occidentem,
2904 1865 2979 1917 ita
3025 1869 3122 1922 erit
3174 1873 3426 1931 adventus

1769 1937 1818 1998 B
1844 1941 1944 2032 ﬁlii
1971 1943 2216 1998 hominis.
2242 1944 2358 1999 Non
2382 1947 2527 2001 enim
2552 1950 2702 2004 venit
2717 1951 3034 2014 absconsus.
3065 1959 3153 2027 qui
3178 1961 3229 2014 in
3245 1964 3425 2032 prima

1843 2031 2127 2102 majestate
2159 2035 2332 2092 celata
2381 2037 2524 2093 nube
2546 2042 2726 2097 carnis
2755 2047 3023 2115 apparuit.
3065 2048 3170 2104 Per
3195 2031 3425 2124 figuram

1843 2139 1965 2194 quae
1999 2126 2117 2181 idea
2170 2127 2385 2194 dicitur,
2428 2129 2683 2186 describit
2733 2149 2888 2191 suum
2950 2140 3259 2198 adventum.
3307 2143 3426 2202 Non

1841 2219 1953 2273 erit
2003 2234 2223 2274 necesse
2275 2221 2330 2274 in
2386 2232 2598 2279 secreto
2649 2241 2913 2296 quaerere,
2962 2235 3052 2301 qui
3109 2236 3426 2295 manifestus

1845 2309 2095 2402 omnibus
2147 2318 2202 2365 et
2248 2312 2506 2369 terribilis
2537 2323 2600 2369 ut
2644 2315 2825 2389 fulgur
2866 2326 3164 2392 apparebit.
3221 2328 3426 2402 Fulgur

1843 2401 2028 2455 neutri
2055 2403 2242 2470 generi
2271 2417 2468 2459 nomen
2495 2413 2601 2472 est,
2625 2423 2727 2463 nec
2754 2410 2966 2466 habeto
2990 2415 3042 2469 in
3069 2401 3422 2488 nominativo,

1843 2494 1940 2549 sed
1966 2502 2276 2564 correptum
2306 2513 2362 2550 u.
2388 2496 2484 2552 Est
2509 2507 2690 2555 autem
2722 2503 2866 2557 aliud
2895 2519 3087 2562 nomen
3116 2510 3258 2578 quod
3287 2511 3426 2568 dici-

1844 2594 1936 2642 tur
1963 2587 2139 2658 fulgor
2185 2589 2428 2661 fulgoris,
2480 2607 2578 2662 per
2617 2599 3015 2666 oproductum,
3066 2609 3118 2656 et
3166 2603 3428 2675 accipitur

1844 2693 1943 2749 pro
1971 2680 2274 2750 Splendore.
2301 2679 2606 2754 Ubicunque
2629 2685 2786 2754 fuerit
2821 2705 3024 2758 corpus,
3062 2691 3189 2746 illuc
3216 2710 3429 2765 congre-

1845 2770 2110 2839 gabantur
2137 2780 2186 2825 et
2227 2772 2439 2842 aquila.
2467 2773 2569 2829 Dat
2590 2778 2895 2847 exemplum
2911 2780 2978 2836 de
3000 2797 3060 2837 re
3088 2782 3328 2841 inferiori
3359 2785 3428 2842 ad

1846 2858 2160 2916 inferiorem
2187 2877 2286 2930 per
2312 2865 2548 2934 speciem
2575 2869 2844 2936 parabolae
2879 2889 2892 2923 :
2920 2873 3063 2940 quod
3094 2874 3235 2928 sicut
3272 2877 3428 2944 aqui-

1846 2951 1912 3006 la:
1936 2961 2090 3008 trans
2113 2969 2265 3009 mare
2303 2955 2558 3010 dicuntur
2583 2959 2785 3014 sentire
2811 2961 3097 3028 cadavera,
3123 2971 3177 3018 et
3215 2963 3340 3020 illuc
3368 2979 3428 3020 se

1846 3058 2195 3114 congregare,
2244 3045 2492 3101 similiter
2523 3047 2575 3102 in
2601 3049 2690 3102 illa
2730 3051 2816 3105 die
2841 3065 3031 3108 omnes
3059 3054 3261 3111 electos
3303 3071 3426 3112 cum

1847 3134 2075 3190 Domino
2124 3151 2244 3192 esse
2280 3139 2680 3206 coadunandos,
2731 3143 3039 3212 signiﬁcans
3089 3162 3146 3202 se
3175 3163 3427 3203 casurum

1846 3245 1946 3300 pro
1972 3232 2084 3288 suis
2111 3233 2166 3286 in
2210 3242 2460 3300 mortem,
2489 3234 2616 3304 quia
2645 3237 2876 3292 cadaver
2897 3253 2927 3292 a
2956 3254 3084 3295 msu
3111 3257 3304 3297 nomen
3335 3235 3426 3298 ac;

1852 3325 2004 3395 cipit,
2034 3325 2268 3396 seipsum
2298 3341 2509 3396 corpus,
2555 3328 2671 3384 sive
2711 3329 2942 3385 cadaver
2965 3331 3148 3389 volens
3180 3334 3424 3405 intelligi.

1848 3414 2096 3485 Aquilam
2138 3429 2358 3473 sanctos
2389 3434 2538 3485 suos,
2565 3435 2795 3490 quorum
2824 3423 3155 3477 renovabitur
3192 3433 3248 3478 ut
3276 3427 3429 3496 aqui-

1849 3505 1916 3560 lte
1937 3507 2204 3576 juventus,
2235 3517 2292 3563 et
2325 3511 2416 3578 qui
2449 3521 2725 3566 assument
2748 3527 2952 3582 pennas
2983 3523 3042 3568 ut
3080 3515 3330 3571 advolent
3359 3519 3425 3572 ad

1847 3597 2156 3653 Dominum.
2210 3599 2402 3654 Statim
2446 3609 2622 3656 autem
2648 3611 2762 3672 post
2805 3601 3192 3658 tribulationem
3221 3605 3423 3662 dierum

1845 3686 2060 3742 illorum
2115 3689 2194 3745 sol
2251 3691 2634 3758 obscurabitur,
2682 3701 2731 3746 et
2779 3692 2906 3747 luna
2937 3711 3038 3749 non
3084 3695 3226 3750 dabit
3252 3696 3427 3753 lumen

1848 3793 2022 3832 suum.
2053 3779 2151 3834 Vel
2178 3780 2233 3835 in
2270 3782 2675 3850 comparatione
2697 3781 2961 3838 claritatis
2987 3785 3079 3838 Dei
3103 3786 3425 3842 videbuntur

1847 3870 2153 3934 obscurari,
2204 3870 2288 3925 vel
2319 3872 2588 3927 veraciter
2641 3872 3092 3940 obscurabuntur,
3151 3876 3292 3931 sicut
3332 3877 3427 3931 ob-

1849 3967 2062 4015 scurata
2090 3960 2306 4017 fuerunt
2349 3973 2593 4032 tempore
2642 3963 2833 4019 mortis
2864 3964 2997 4034 ejus.
3032 3963 3165 4020 Nam
3197 3969 3426 4023 necdum

1847 4051 2126 4121 impletum
2174 4062 2257 4108 est
2313 4055 2455 4123 quod
2499 4053 2615 4110 Joel
2643 4055 2820 4110 dicit:
2860 4055 2953 4111 Sol
2999 4067 3323 4112 convertetur
3371 4059 3428 4114 in

1848 4143 2084 4197 tenebras
2110 4153 2160 4197 et
2187 4143 2312 4198 (una
2355 4145 2411 4199 in
2440 4147 2768 4217 sanguinem,
2801 4156 3077 4219 antequam
3107 4152 3276 4205 veniat
3317 4152 3428 4207 dies

1847 4231 2062 4288 Domini
2106 4252 2327 4306 magnus
2385 4245 2433 4291 et
2479 4237 2808 4307 manifestus.
2859 4238 2992 4294 Cum
3037 4255 3168 4296 vero
3211 4251 3428 4312 pactum

1847 4321 2010 4379 fuerit
2027 4323 2313 4393 judicium,
2342 4335 2398 4382 et
2439 4326 2601 4382 fuerit
2622 4328 2817 4384 caelum
2845 4346 3042 4386 novum
3081 4342 3134 4387 et
3166 4341 3308 4387 terra
3335 4350 3430 4388 no-

1843 4432 1936 4485 va,
1966 4418 2072 4475 erit
2100 4420 2243 4490 quod
2295 4419 2464 4475 Isaias
2491 4419 2730 4491 loquitur
2771 4439 2786 4476 :
2821 4421 2941 4476 Erit
2989 4423 3081 4476 tua:
3107 4423 3245 4477 Iunce
3289 4424 3424 4477 sicut

1848 4509 1940 4565 lux
1993 4510 2141 4577 solis,
2172 4519 2220 4565 et
2256 4511 2350 4565 lux
2397 4510 2524 4564 solis
2575 4511 2673 4565 erit
2722 4511 3138 4581 septempliciter,
3161 4511 3296 4566 sicut
3333 4513 3427 4568 lux

1847 4611 2038 4672 septem
2061 4602 2284 4655 dierum.

1919 4693 1988 4746 Et
2015 4693 2228 4746 virtutes
2277 4690 2524 4746 caelorum
2565 4694 2927 4748 movebuntur.
2959 4692 3097 4761 Quid
3118 4709 3216 4750 nos
3242 4697 3428 4752 miseri

1849 4783 2130 4848 faciemus,
2179 4781 2225 4836 si
2252 4782 2480 4839 virtutes
2520 4785 2781 4841 caelorum
2811 4784 2868 4838 in
2902 4784 2992 4839 illo
3021 4787 3300 4843 tremendo
3343 4789 3428 4844 die

1851 4873 2207 4932 tremiscent?
2235 4874 2479 4932 Virtutes
2508 4877 2788 4940 caelorum,
2842 4874 3082 4948 angelos.
3139 4878 3430 4951 archange-

1851 4967 1955 5031 los,
1987 4975 2042 5022 et
2081 4977 2273 5022 novem
2303 4967 2520 5022 ordines
2547 4964 2880 5034 angelorum.
2914 4965 2983 5020 Et
3007 4977 3131 5022 tunc
3162 4970 3427 5040 apparebit

1852 5061 2056 5130 signum
2112 5059 2212 5128 ﬁlii
2265 5060 2487 5114 hominis
2537 5059 2591 5111 in
2637 5057 2782 5112 creto.
2845 5059 2965 5129 lpse
3000 5059 3271 5116 videbitur
3313 5071 3367 5118 ct
3396 5080 3427 5118 a

1847 5149 2032 5222 justis,
2055 5151 2196 5205 etab
2219 5149 2418 5221 impiis.
2451 5147 2542 5203 Sic
2570 5146 2624 5201 in
2650 5148 2974 5220 Apocalypsi
3001 5147 3235 5206 Joannes
3263 5152 3426 5207 dicit:

1862 5238 2064 5295 Videbit
2093 5257 2211 5296 eum
2264 5240 2434 5294 omnis
2483 5237 2687 5305 oculus,
2724 5248 2770 5293 et
2804 5241 2894 5310 qui
2918 5227 3036 5296 eum
3079 5254 3428 5314 pupugerunt.

1851 5336 1920 5391 Et
1969 5337 2111 5391 sicut
2159 5335 2213 5390 in
2256 5333 2480 5388 Actibus
2526 5333 2892 5404 apostolorum
2952 5334 3182 5405 legimus
3225 5337 3429 5392 dictum

1853 5429 2066 5499 quando
2110 5425 2350 5480 ascendit
2381 5442 2393 5478 :
2429 5423 2882 5489 Quemadmodum
2922 5426 3120 5481 vidistis
3150 5444 3266 5482 eum
3301 5445 3428 5483 eun-

1851 5527 1973 5581 tem,
2025 5518 2098 5570 ita
2147 5515 2329 5569 veniet.
2394 5512 2490 5568 Vel
2545 5513 2757 5584 signum
2802 5513 2896 5570 lilii
2949 5516 3205 5585 hominis,
3249 5521 3427 5577 crucis

1849 5608 2103 5664 vexillum
2157 5620 2443 5674 possumus
2512 5604 2830 5674 intelligere,
2887 5608 3138 5662 vexillum
3187 5611 3427 5668 victoriae

1853 5700 2252 5768 triumphantis.
2287 5698 2355 5752 Et
2388 5708 2510 5752 tunc
2555 5698 2798 5769 plangent
2825 5717 3000 5755 omnes
3044 5704 3207 5757 tribus
3251 5715 3424 5758 terra.

1854 5788 2052 5847 Omnes
2080 5789 2253 5844 tribus
2280 5796 2457 5854 terrm,
2490 5803 2678 5843 omnes
2713 5797 2899 5859 gentes
2930 5791 3078 5845 dicit.
3105 5791 3428 5862 Plangentcs

1855 5890 2035 5941 autem
2059 5880 2239 5937 (licent
2276 5898 2288 5936 :
2337 5877 2514 5936 Beata:
2549 5878 2744 5936 steriles
2769 5898 2886 5952 qua:
2912 5899 3014 5938 non
3040 5873 3430 5956 genuerunt,'et
