3988 6500
280 446 285 451 ’
320 444 458 505 “69

1422 404 1784 498 nxroSrrto
1822 436 1889 495 [N
1928 406 2381 492 MATTHIEUM.

3445 402 3584 478 ii70

316 552 679 621 exterioribus
698 552 1037 616 administrat
1058 554 1205 631 (licet
1228 554 1454 626 snnplcx
1482 553 1667 626 frater)
1697 551 1895 607 habeat
1919 551 1971 617 Α
1996 551 2125 605 bum
2152 526 2482 631 rctlrusurus.
2517 544 2585 629 ξι
2618 553 2813 621 statuet
2842 518 3193 617 quidembiies
3219 524 3583 621 a‘tlextrisqld

298 656 521 728 'majora
549 654 687 711 dona
716 670 746 713 a
784 654 895 711 Deo
925 668 1084 731 quam
1115 652 1203 709 ille
1239 650 1329 724 qui
1365 651 1430 706 dc
1461 666 1558 705 sua
1586 646 1812 705 scientia
1840 661 1897 702 se

309 746 522 819 iactans
549 746 683 803 alios
717 746 1056 823 dedignatur.
1093 743 1163 800 Et
1188 744 1289 798 iste
1318 759 1456 798 unus
1485 740 1659 796 malus
1688 755 1894 804 servus,

315 836 622 896 Judaeorum
667 828 893 910 populus
940 844 1117 910 potest
1160 835 1416 907 intelligi,
1462 833 1552 906 qui
1595 832 1894 907 doctrinam

286 924 449 1005 ’legis
472 944 635 1003 quam
662 924 870 1003 accepit
909 928 1078 987 noluit
1114 920 1460 999 multiplicari
1498 927 1553 982 in
1585 923 1769 999 gentili
1809 939 1899 997 po-

313 1025 458 1097 pulo.
490 1022 603 1101 Cui
624 1023 885 1089 talentum
911 1021 1148 1101 ablatum
1186 1027 1299 1091 est,
1341 1019 1480 1076 sicut
1507 1018 1621 1090 ipse
1650 1016 1753 1073 alio
1781 1017 1897 1071 loco

278 1120 281 1133 ⁴
314 1116 463 1175 dicit.
500 1114 790 1172 Auferetur
812 1131 843 1172 a
870 1116 1022 1172 vobis
1047 1130 1271 1186 regnum
1292 1113 1410 1179 Dei,
1435 1121 1487 1166 et
1513 1109 1728 1167 dabitur
1752 1108 1898 1181 genti

313 1208 532 1265 facienti
564 1209 775 1265 fructus
804 1206 941 1278 ejus.
980 1206 1137 1263 Omni
1170 1205 1380 1263 habenti
1405 1204 1635 1259 dabitur.
1668 1200 1898 1267 Habenti

314 1300 476 1359 ﬁdem
498 1300 582 1358 vel
613 1301 811 1357 bonam
831 1300 1182 1365 voluntatem,
1205 1298 1477 1355 dabuntur
1506 1294 1713 1367 reliqua
1734 1294 1894 1377 bona.

315 1392 382 1453 Ei
410 1404 583 1461 autem
611 1394 698 1467 qui
726 1410 828 1448 non
854 1393 1005 1447 habet
1036 1392 1192 1448 ﬁdem
1225 1390 1303 1446 vel
1324 1390 1521 1446 bonam
1544 1388 1895 1451 voluntatem.

312 1495 359 1543 et
396 1485 536 1557 quod
568 1485 770 1541 videtur
807 1484 995 1540 habere
1038 1500 1136 1559 per
1170 1481 1480 1555 hypocrisin
1523 1480 1793 1551 auferetur
1832 1478 1895 1533 ab

313 1594 392 1634 eo.
437 1575 561 1633 Sive
594 1584 827 1632 terrente
870 1594 990 1644 res,
1017 1592 1153 1647 quas
1180 1576 1352 1646 magis
1388 1573 1589 1629 amavit
1625 1587 1787 1641 quain
1818 1570 1899 1625 vi-

315 1676 424 1725 tam
455 1674 737 1729 aeternam.
769 1669 1051 1741 Auferetur
1078 1667 1141 1723 ab
1167 1684 1248 1732 eo,
1277 1674 1331 1721 et
1356 1674 1483 1723 tunc
1512 1673 1765 1737 neutrum
1796 1660 1895 1721 ba-

306 1742 477 1815 lbebit.
508 1758 578 1814 Et
603 1758 836 1815 inutilem
871 1775 1073 1812 servant
1112 1755 1281 1826 ejicite
1309 1757 1364 1811 in
1401 1753 1637 1810 tenebras
1676 1753 1898 1807 exterio-

316 1866 412 1905 res.
459 1850 720 1920 Superius
756 1849 867 1903 dixi
904 1849 1031 1919 quia
1073 1847 1321 1904 tenebras
1358 1846 1649 1902 interiores
1682 1843 1897 1899 caecitas
1924 1893 1950 1920 _,

2003 648 2085 721 est
2114 641 2166 695 in
2197 622 2390 695 bonam
2412 620 2640 719 partem.
2674 633 2867 699 deqs
2896 641 3069 707 autem
3092 650 3123 687 a
3149 620 3392 709 siniStiis,
3423 632 3588 717 Idlest

2001 731 2054 786 in
2087 730 2282 786 malam
2316 739 2547 801 partem.
2600 727 2829 784 Videant
2872 741 3014 781 nunc
3045 724 3138 797 qui
3173 724 3345 803 adhuc
3376 724 3582 801 vivunt,

1999 804 2059 881 ut
2091 822 2349 879 festinent
2386 829 2674 891 csse'oves
2710 819 2909 893 Christi
2952 836 2966 899 ξ
3008 816 3243 895 vestiant
3284 814 3586 897 lleQSLJBt

1999 915 2146 971 alant
2186 914 2518 993 indigentes;
2547 906 2729 973 vivant
2767 910 3102 991 simpliciter,
3138 908 3340 987 nonde
3369 908 3584 989 rapina,

1998 1022 2172 1076 neque
2212 1015 2445 1083 noceant
2481 1005 2670 1069 alicui,
2710 1002 2972 1085 quiaqui
3011 1002 3194 1077 modos
3231 1002 3287 1079 in
3332 1000 3434 1079 hac
3472 1000 3585 1079 vita

2001 1097 2242 1153 imitatus
2286 1090 2477 1177 fuerit,
2525 1097 2704 1152 socius
2751 1103 2878 1153 tunc
2925 1093 3213 1169 impiorum
3249 1090 3371 1167 erit.
3407 1089 3586 1169 llmdis

1999 1197 2389 1262 comparantur,
2406 1187 2552 1267 quod
2590 1188 2846 1253 lascivum
2886 1194 2969 1245 est
3003 1184 3201 1253 animal
3216 1224 3239 1255 ,ι
3264 1194 3317 1247 et
3346 1184 3587 1249 luxurio—

1999 1302 2154 1355 sum,
2181 1301 2410 1359 quorum
2444 1284 2650 1367 similes
2691 1292 2817 1339 sunt
2851 1282 3096 1345 dissoluti
3132 1282 3187 1345 in
3224 1280 3587 1352 voluptatibus

2000 1380 2141 1446 suis,
2172 1378 2435 1459 luxuriosi
2474 1385 2528 1435 et
2570 1376 2716 1437 avari
2756 1391 2883 1447 erga
2930 1374 3208 1447 proximos
3240 1388 3395 1455 suos,
3426 1372 3586 1455 Iane

1998 1469 2133 1533 dicet
2163 1471 2354 1537 retritis
2377 1468 2468 1540 qui
2506 1486 2538 1537 α
2558 1467 2758 1539 dextris
2783 1467 2897 1534 ejus
2925 1475 3076 1524 erunt
3099 1480 3116 1521 :
3149 1463 3351 1533 Venite,
3379 1463 3589 1531 benedi-

1999 1562 2066 1614 cti
2091 1557 2270 1635 Patris
2292 1560 2414 1613 mei.
2430 1558 2543 1629 Hoc
2565 1566 2669 1627 est,
2693 1573 2901 1623 mecum
2920 1557 3120 1625 venite,
3136 1572 3265 1621 cum
3285 1556 3589 1626 quobtnre-
3636 1606 3643 1611 .

1998 1653 2093 1725 des
2119 1668 2239 1709 esse
2260 1653 2467 1713 debetis
2488 1652 2613 1723 vitae
2631 1660 2869 1727 aeternae.
2889 1650 3192 1715 Benedicit;
3216 1650 3341 1722 quia
3360 1649 3587 1715 adima-

1998 1745 2176 1819 ginem
2206 1745 2299 1799 Dei
2340 1744 2501 1813 facti,
2542 1743 2663 1798 ideo
2687 1743 2974 1801 benedicti.
3018 1741 3310 1805 Possidete.
3336 1740 3455 1803 Hoc
3480 1749 3585 1808 est,

2000 1836 2203 1911 absque
2234 1835 2339 1891 ulla
2376 1836 2835 1902 contradictione,
2878 1833 3135 1895 Paratum
3174 1835 3314 1893 vobis
3348 1852 3587 1906 regnum,

312 1943 509 1998 mentis
534 1917 872 2014 appellatur;
921 1917 1216 1996 exteriores
1258 1938 1491 1993 tenebrae
1526 1942 1687 1991 erunt
1721 1935 1775 1989 in
1814 1935 1897 1989 in—
1924 1917 1974 1979 Β
1998 1946 2099 2002 per
2138 1930 2482 2000 praesentiam
2529 1929 2645 1985 Dei.
2702 1929 2978 1999 Regnum,
3021 1928 3187 1985 latam
3228 1929 3585 1995 mansionem,

314 2030 485 2100 l‘crno,
517 2032 608 2087 ubi
634 2048 808 2103 neque
832 2032 992 2095 Deus,
1022 2046 1198 2101 neque
1223 2029 1302 2085 sol
1324 2029 1374 2085 ei
1398 2027 1615 2083 lucebit.
1641 2026 1783 2082 Deus
1805 2026 1893 2080 lux

313 2134 425 2193 est,
466 2125 556 2195 qui
596 2125 664 2179 ab
702 2123 796 2179 illo
824 2123 1124 2193 elongatur,
1159 2121 1215 2181 in
1259 2119 1496 2177 tenebris
1524 2118 1891 2175 constituitur.

313 2211 398 2273 Ibi
422 2213 518 2267 erit
542 2215 695 2285 ﬂetus
721 2222 768 2271 et
791 2213 987 2269 stridor
1005 2212 1261 2267 dentium.
1286 2210 1390 2266 Per
1410 2208 1594 2265 ﬂetum
1616 2217 1670 2264 et
1692 2209 1894 2264 strido-

314 2319 426 2358 rem
457 2303 694 2359 dentiurn
724 2304 840 2359 dira
869 2310 1137 2359 tormenta
1160 2301 1524 2373 praedicuntur
1563 2308 1618 2356 et
1658 2316 1783 2355 vera
1810 2315 1897 2355 re-

315 2396 579 2451 surrectio
620 2412 905 2467 corporum
944 2395 1361 2455 demonstratur.
1405 2393 1690 2451 Talentum
1728 2407 1896 2463 genus

311 2487 609 2561 ponderum
639 2496 723 2542 est
760 2488 1075 2543 maximum.
1121 2485 1257 2542 Sunt
1294 2493 1472 2541 autem
1509 2484 1615 2541 tria
1644 2499 1842 2556 genera
1876 2501 1890 2537 :

313 2578 595 2634 minimum
624 2579 1013 2651 quinquaginta
1043 2578 1335 2643 librarum,
1372 2576 1642 2642 medium,
1680 2581 1895 2646 septua-

314 2670 463 2743 ginta
489 2671 735 2739 duarum,
765 2687 1032 2727 summum
1063 2679 1281 2728 centum
1308 2670 1518 2741 viginti.

386 2764 516 2820 Cum
545 2775 720 2820 autem
744 2765 938 2825 venerit
968 2764 1140 2821 Filius
1169 2764 1394 2819 hominis
1422 2764 1477 2820 in
1502 2762 1624 2819 sede
1650 2762 1897 2831 majesta—

311 2855 382 2911 tis
416 2871 547 2922 suae,
577 2864 625 2911 et
657 2857 830 2913 omnes
861 2856 1031 2928 angeli
1067 2873 1186 2913 cum
1214 2873 1295 2912 eo.
1337 2855 1502 2911 Multa
1531 2854 1791 2910 Dominus
1815 2854 1895 2909 di-

315 2947 395 3002 xit
423 2962 542 3018 qua:
565 2946 632 3001 ad
658 2947 798 3005 diem
824 2946 1014 3017 judicii
1042 2947 1221 3007 ﬂenda
1248 2955 1394 3011 sunt,
1421 2946 1517 3003 sed
1542 2947 1755 3016 quando
1781 2946 1896 3015 ipse

315 3040 428 3095 dies
469 3047 562 3095 aut
602 3040 737 3095 hora
782 3056 904 3097 esse
949 3041 1174 3107 debeat,
1215 3055 1320 3095 non
1352 3040 1501 3095 dicit.
1542 3036 1651 3093 Sed
1682 3043 1898 3092 constat

314 3131 556 3203 profecto
583 3132 707 3203 quia
746 3133 839 3203 qui
886 3131 989 3193 alia
1028 3132 1131 3189 scit
1164 3129 1459 3187 secretiora
1496 3126 1753 3197 mysteria
1793 3127 1896 3180 hoc

314 3231 368 3279 et
395 3224 571 3294 ipsum
599 3225 756 3278 sciat.
782 3223 929 3277 Dixit
967 3223 1217 3292 superius
1244 3219 1640 3277 admonitiones
1673 3217 1741 3273 ad
1772 3232 1893 3273 om-

1998 2038 2117 2093 quae
2143 2038 2249 2076 non
2277 2021 2653 2092 angustabitur
2677 2020 2851 2087 vobis,
2879 2020 2975 2081 sed
2998 2018 3310 2089 dilatabitur
3331 2020 3585 2089 spatiose.

1995 2114 2041 2168 Α
2073 2113 2441 2169 constitutione
2474 2113 2676 2167 mundi.
2710 2112 2883 2179 Quam
2920 2127 3086 2171 unam
3112 2112 3330 2170 beatam
3358 2113 3415 2168 in
3440 2112 3592 2184 prin-

1996 2203 2139 2274 cipio
2168 2221 2199 2258 a
2231 2204 2341 2259 Deo
2366 2204 2636 2260 credimus
2665 2218 2784 2260 esse
2822 2213 3093 2271 creatam,
3126 2205 3218 2263 ubi
3247 2190 3405 2273 ﬁeret
3442 2220 3592 2265 rece-

1994 2295 2272 2365 ptaculum
2297 2296 2590 2366 iustorum.
2634 2295 2849 2351 Esurivi
2886 2296 3024 2351 enim
3064 2296 3121 2353 in
3155 2296 3401 2353 mmbris
3439 2298 3585 2353 meis.

1998 2385 2150 2454 Quod
2185 2395 2270 2443 est
2304 2386 2548 2445 Ecclesia
2575 2403 2718 2443 mea.
2749 2385 2818 2445 Et
2841 2388 3058 2445 dedistis
3092 2389 3222 2445 mihi
3247 2389 3587 2446 manducare.

1998 2480 2126 2538 Sive
2163 2481 2284 2536 cibo
2329 2490 2578 2548 terreno,
2614 2482 2730 2539 sive
2767 2480 3054 2551 spirituali.
3096 2480 3254 2539 Sitisi
3285 2492 3335 2537 et
3375 2483 3591 2540 dedistis

1995 2573 2124 2627 mihi
2158 2582 2359 2643 potum.
2402 2571 2556 2628 Sicut
2578 2572 2732 2629 cibus
2755 2570 3047 2643 Spiritalis,
3086 2571 3167 2627 sic
3201 2580 3291 2627 est
3318 2581 3377 2628 et
3409 2581 3587 2643 potus.

1999 2663 2153 2720 Unde
2193 2670 2247 2719 et
2287 2665 2479 2720 beatus
2518 2662 2720 2725 Paulus
2755 2663 2992 2729 dicebat.
3030 2662 3298 2719 Bibebant
3332 2663 3399 2719 de
3434 2665 3593 2735 spiri-

1997 2755 2111 2811 tali.
2139 2754 2340 2827 Hospes
2364 2771 2532 2823 eram,
2560 2762 2610 2810 et
2637 2752 2920 2825 collegistis
2941 2769 3042 2809 ﬂne.
3074 2752 3282 2823 Hospes
3310 2754 3509 2811 dicitur
3532 2765 3593 2811 et

1997 2846 2090 2921 qui
2119 2846 2345 2918 suscipit
2376 2854 2430 2902 et
2459 2846 2551 2917 qui
2592 2844 2904 2916 suscipitur.
2948 2844 3159 2915 Hospes
3191 2860 3377 2911 eram,
3406 2846 3593 2916 hospi-

1998 2939 2074 2993 tio
2108 2938 2415 3010 indigebant
2461 2945 2517 2993 et
2563 2936 2881 3006 suscepistis
2918 2952 3038 3001 me,
3078 2938 3205 3006 quia
3247 2937 3443 3006 hospes
3479 2953 3588 2994 non

1994 3030 2170 3087 solum
2201 3028 2599 3099 suscipiendus,
2627 3028 2724 3084 sed
2751 3036 2806 3085 et
2832 3027 3129 3085 trahendus
3157 3035 3212 3083 et
3244 3029 3587 3099 quairendus.

1998 3118 2153 3175 Unde
2183 3125 2237 3174 et
2266 3120 2458 3173 beatus
2490 3116 2689 3183 Tobias
2717 3131 2841 3177 cum
2866 3114 3087 3175 sederet
3116 3116 3186 3172 ad
3209 3131 3453 3172 mensam
3487 3118 3589 3175 mi-

1999 3210 2069 3266 sit
2092 3209 2262 3285 tilium
2283 3223 2530 3280 quaerere
2565 3207 2658 3281 qui
2688 3222 2811 3269 cum
2851 3222 2916 3264 eo
2942 3208 3150 3267 ederet.
3179 3207 3405 3275 Nudus,
3428 3221 3479 3265 et
3503 3227 3594 3265 co-

312 3270 444 3377 nos:
481 3330 624 3371 nunc
662 3322 843 3372 autem
887 3270 1123 3368 osten‘dit
1163 3313 1292 3383 quid
1333 3312 1390 3369 in
1431 3310 1724 3368 novissima
1759 3310 1893 3365 hora
1921 3270 1967 3337 Ο
2000 3302 2275 3372 operuistis
2314 3317 2414 3357 me.
2461 3300 2557 3357 Est
2603 3298 2819 3357 auditas
2864 3300 3162 3370 corporalis
3209 3308 3265 3357 et
3309 3301 3586 3373 spiritalis.

313 3407 428 3477 ipse
462 3404 699 3462 facturus
735 3405 827 3462 sit.
867 3405 1077 3463 Scimus
1099 3405 1225 3475 quia
1255 3402 1519 3479 judicium
1562 3401 1709 3458 dedit
1735 3400 1896 3457 Pater

312 3497 483 3564 Filio,
514 3505 569 3553 et
596 3497 687 3569 qui
720 3497 776 3552 in
816 3496 994 3568 primo
1022 3495 1252 3553 adventu
1289 3494 1437 3551 venit
1463 3492 1811 3562 iudicandus,
1838 3490 1896 3546 in

314 3591 549 3648 secundo
576 3590 759 3646 veniet
781 3590 1123 3661 indicaturus
1156 3589 1307 3645 vivos
1345 3595 1400 3645 et
1439 3594 1701 3643 mortuos.
1741 3582 1895 3645 Nulla

314 3691 496 3745 autem
537 3681 715 3753 lingua
765 3690 944 3751 potest
991 3694 1247 3737 enarrare
1294 3679 1484 3749 quanti
1534 3685 1773 3733 terrores
1822 3674 1895 3730 ibi

312 3780 503 3839 erunt,
530 3788 656 3828 cum
693 3771 888 3831 caelum
916 3778 972 3826 et
1004 3779 1153 3825 terra
1182 3770 1413 3835 ardebit,
1440 3783 1607 3824 sonus
1630 3767 1896 3822 tonitrua—

315 3880 435 3919 rum
475 3870 530 3918 et
564 3861 833 3934 fulgurum
868 3862 1136 3927 audietur,
1173 3861 1348 3932 angeli
1390 3867 1708 3916 resonantes
1736 3857 1896 3913 tubas

313 3953 621 4012 mortalium
651 3952 859 4008 turbam
886 3953 1214 4011 concutient.
1245 3951 1355 4009 Cur
1381 3951 1528 4008 enim
1564 3965 1672 4005 non
1700 3949 1895 4005 ereda-

313 4061 435 4103 mus
459 4044 602 4116 quod
634 4045 711 4105 illi
742 4045 919 4117 angeli
950 4044 1043 4115 qui
1068 4058 1297 4113 corpora
1323 4042 1390 4099 de
1428 4056 1555 4097 aere
1590 4047 1895 4105 assumunt,

314 4145 372 4195 ut
417 4134 723 4206 frequenter
762 4134 863 4190 visi
904 4150 934 4195 a
980 4133 1224 4204 patribus
1270 4132 1544 4201 leguntur,
1582 4144 1718 4184 sono
1752 4143 1898 4185 areo

316 4229 545 4287 debeant
574 4228 860 4295 insonare,
886 4235 950 4287 ut
978 4226 1225 4287 fecerunt
1258 4224 1472 4295 quando
1506 4222 1767 4278 Dominus
1798 4236 1898 4293 per

317 4319 614 4390 subiectam
640 4329 949 4387 creaturam
975 4319 1186 4382 loeutus
1209 4326 1295 4375 est
1324 4317 1513 4375 turbis.
1543 4315 1627 4371 Ad
1651 4316 1793 4371 hunc
1812 4313 1898 4384 jlh

317 4412 441 4469 dicii
462 4411 606 4475 diem
629 4427 819 4477 omnes
848 4426 1039 4473 novem
1066 4412 1287 4475 ordines
1312 4409 1627 4481 angelorum
1652 4408 1894 4475 veniant,

243 4520 248 4522 '
316 4519 504 4563 omnes
537 4503 783 4561 homines
818 4504 949 4567 boni
986 4512 1044 4563 at
1084 4504 1232 4559 mali.
1269 4503 1413 4558 Tunc
1447 4503 1643 4557 sedebit
1682 4504 1737 4558 in
1775 4501 1896 4558 sedc

1999 3391 2154 3451 Unde
2191 3392 2390 3449 dictum
2439 3399 2522 3447 est
2572 3410 2584 3445 :
2637 3390 2832 3455 Beatus
2881 3392 2974 3462 qui
3019 3392 3245 3451 custodit
3287 3394 3589 3450 mimanta

1995 3503 2118 3554 sua,
2150 3503 2213 3541 ne
2245 3486 2418 3543 nudus
2447 3484 2698 3543 ambulet.

2069 3579 2349 3649 Inﬁrmus,
2367 3589 2416 3637 et
2440 3578 2689 3637 visitastis
2712 3594 2813 3637 me.
2837 3578 2907 3635 Et
2931 3577 2984 3633 in
3010 3576 3327 3641 inﬁrmitate
3342 3577 3591 3649 corporis

1998 3683 2055 3729 et
2087 3672 2141 3727 in
2177 3670 2493 3733 inﬁrmitate
2524 3670 2719 3733 animai
2740 3670 2995 3729 visitandi
3020 3678 3147 3727 sunt
3168 3670 3263 3740 qui
3289 3671 3458 3725 Deum
3489 3671 3566 3725 Pa

1998 3775 2139 3818 trem
2174 3764 2444 3819 invocant.
2483 3761 2618 3818 Cum
2647 3761 2793 3819 enim
2822 3761 3017 3832 aliquis
3055 3762 3111 3816 in
3148 3761 3590 3821 tribulationibus

1997 3853 2158 3925 huius
2190 3853 2373 3913 seculi
2404 3854 2610 3913 tristari
2648 3852 2867 3922 incipit,
2902 3861 3032 3908 tunc
3059 3852 3383 3908 inﬁrmatur.
3414 3852 3585 3920 Quem

1998 3948 2043 4005 si
2073 3948 2194 4018 quis
2224 3947 2556 4014 visitaverit,
2586 3956 2645 4003 et
2671 3947 2841 4003 verbo
2867 3963 2966 4004 suo
2995 3946 3414 4014 eonfortaverit,
3447 3962 3591 4004 men-

1998 4040 2131 4097 cede
2157 4056 2266 4099 non
2290 4040 2515 4097 carebit.
2544 4039 2614 4096 In
2641 4057 2849 4095 carcere
2875 4057 3041 4107 "om,
3072 4051 3122 4096 et
3148 4041 3360 4097 venistis
3388 4042 3459 4097 ad
3482 4050 3586 4097 me.

1998 4129 2200 4189 Carcer
2222 4147 2255 4189 a
2279 4131 2581 4190 mercanda
2601 4132 2819 4198 dicitur,
2842 4147 2909 4188 eo
2933 4133 3076 4204 quod
3099 4134 3177 4189 rei
3203 4133 3277 4189 ibi
3303 4147 3592 4190 coercean-

1999 4234 2107 4283 tur.
2143 4227 2256 4284 Hoc
2284 4235 2369 4284 est
2400 4227 2867 4299 constringantur.
2903 4227 3106 4284 Carcer
3137 4228 3303 4283 etiam
3338 4229 3586 4301 angustia

1999 4327 2053 4385 at
2090 4317 2715 4395 pusillanimitasanimi
2747 4317 2972 4389 ἰηωηὶσί
2998 4327 3196 4388 potest.
3236 4317 3306 4375 Et
3328 4318 3446 4374 hac
3469 4334 3588 4375 om-

1997 4417 2094 4471 nia
2113 4416 2332 4486 pietatis
2372 4430 2539 4486 opera
2575 4423 2630 4471 et
2665 4416 2958 4471 carnaliter
2991 4426 3046 4471 et
3083 4416 3403 4487 spiritaliter
3435 4432 3587 4472 exer-

1999 4509 2112 4565 ceri
2132 4518 2359 4579 possunt
2374 4508 2623 4577 intelligi,
2647 4515 2704 4564 et
2727 4510 2797 4562 ad
2817 4507 3081 4562 actualem
3100 4508 3266 4561 vitam
3289 4507 3584 4580 pertinent.

317 4597 607 4669 majestatis
635 4612 766 4655 sum.
811 4595 916 4654 Per
949 4595 1244 4652 sessionem
1273 4596 1567 4651 auctoritas
1590 4596 1892 4666 iudicandi,
1920 4637 1973 4696 Β
2001 4599 2132 4667 Quae
2152 4600 2247 4669 qui
2266 4599 2507 4654 studiose
2528 4598 2901 4668 adimpleverit
2929 4598 2983 4651 in
3002 4597 3109 4652 hoc
3129 4598 3345 4665 saeculo,
3372 4608 3493 4671 post
3520 4600 3588 4656 ad

317 4692 572 4762 maiestas
612 4703 712 4759 pro
746 4694 1031 4758 potestate.
1064 4686 1218 4741 Multi
1255 4695 1434 4743 autem
1473 4694 1798 4756 putaverunt
1838 4687 1893 4743 in

316 4782 453 4838 valle
479 4780 757 4851 Iesaphat,
788 4778 879 4848 qui
906 4787 991 4835 est
1012 4777 1166 4833 locus
1193 4778 1247 4832 in
1272 4775 1478 4845 Judaea,
1508 4778 1750 4832 futurum
1773 4792 1897 4834 esse

314 4873 593 4943 iudicium,
621 4873 717 4929 sed
747 4886 1086 4942 nequaquam
1113 4885 1301 4925 verum
1325 4878 1430 4937 est,
1459 4871 1709 4939 quamvis
1735 4878 1895 4925 sonet

317 4965 572 5037 Josaphat
592 4963 878 5036 judicium,
906 4966 1000 5020 sed
1027 4964 1083 5018 in
1111 4979 1239 5021 aere
1257 4965 1386 5030 erit,
1410 4972 1471 5018 ut
1492 4963 1691 5019 Paulus
1716 4963 1846 5019 dicit
1876 4980 1890 5017 :

319 5055 599 5127 Rupiemur
622 5056 681 5113 in
707 5072 846 5122 aere,
872 5065 921 5110 et
951 5055 1026 5110 sic
1050 5070 1251 5126 semper
1280 5071 1398 5109 cum
1428 5054 1651 5109 Domino
1677 5055 1891 5110 erimus.

391 5147 459 5201 Et
480 5147 933 5219 congregabantur
958 5156 1078 5201 ante
1095 5162 1215 5200 eum
1241 5163 1417 5200 omnes
1439 5157 1631 5216 gentes.
1657 5146 1895 5213 Quicun-

321 5255 426 5309 que
450 5236 698 5306 spiritum
727 5239 850 5292 vitre
878 5239 1182 5293 habuerunt
1210 5237 1591 5302 immortalem,
1628 5237 1767 5292 sicut
1795 5254 1894 5292 an-

322 5329 425 5400 geli
458 5337 513 5385 et
540 5328 813 5394 homines,
847 5331 918 5385 ibi
952 5332 1200 5386 aderunt.
1235 5329 1305 5384 Et
1326 5330 1584 5401 separabit
1614 5348 1701 5385 eos
1724 5331 1789 5385 ab
1815 5332 1899 5386 in-

323 5425 480 5479 vicem
515 5421 649 5476 sicut
680 5431 861 5490 pastor
901 5434 1107 5493 separat
1144 5441 1260 5478 oves
1296 5425 1365 5478 ab
1396 5424 1581 5478 Medis.
1620 5424 1756 5493 Quia
1780 5425 1893 5497 jam

323 5512 533 5569 dixerat
560 5526 576 5565 :
603 5510 716 5582 Ego
743 5528 860 5566 sum
898 5524 1076 5581 pastor
1115 5515 1308 5581 bonus,
1348 5525 1658 5585 perseverat
1698 5517 1751 5571 in
1780 5517 1893 5587 ipsa

321 5602 612 5675 parabola,
655 5604 797 5674 quod
838 5603 976 5658 sicut
1018 5613 1205 5672 pastor
1249 5606 1315 5661 ad
1352 5621 1631 5676 vesperam
1671 5622 1799 5663 oves
1829 5610 1896 5664 ab

322 5699 487 5756 haedis
522 5706 802 5772 segregat,
830 5707 890 5752 ut
916 5698 1014 5752 bos
1049 5700 1226 5754 mittat
1255 5702 1308 5755 in
1340 5719 1502 5757 unam
1538 5704 1891 5771 mansionem,

324 5792 443 5848 illos
468 5793 523 5848 in
550 5792 673 5847 alia.
702 5790 962 5846 Similiter
994 5790 1137 5845 Deus
1163 5799 1289 5845 tunc
1324 5793 1391 5847 ad
1421 5809 1703 5865 vesperam
1738 5796 1897 5865 hujus

325 5883 509 5941 mundi
535 5882 858 5940 collecturus
883 5898 1010 5943 suas
1030 5896 1165 5941 oves
1196 5881 1251 5938 in
1274 5883 1444 5953 ovile,
1474 5886 1654 5942 haedos
1683 5887 1735 5941 in
1766 5887 1896 5943 Ere-

2000 4689 2295 4749 theoricam
2340 4687 2437 4743 Dei
2482 4689 2991 4760 contemplationem
3036 4688 3322 4758 pervenit,
3371 4690 3427 4744 in
3480 4706 3586 4763 qua

1997 4782 2114 4838 sine
2154 4780 2264 4835 ﬁne
2301 4780 2446 4837 oeuli
2484 4779 2601 4850 ejus
2635 4780 2895 4837 videbunt
2929 4793 3111 4850 regem
3148 4781 3201 4849 in
3232 4780 3428 4836 decore
3466 4798 3583 4838 suo.

1997 4872 2162 4926 Amen
2189 4872 2308 4929 dico
2332 4872 2499 4937 vobis,
2530 4872 2669 4945 quod
2695 4871 2788 4926 uni
2816 4871 2881 4924 de
2916 4870 2998 4924 his
3037 4870 3288 4941 fratribus
3323 4871 3453 4925 meis
3489 4872 3588 4925 mi-

1996 4964 2151 5021 nimis
2177 4965 2372 5035 fecistis
2392 5005 2406 5032 ,
2432 4965 2559 5021 mihi
2585 4964 2799 5033 fecistis.
2830 4964 3227 5021 Attendendum
3252 4966 3395 5035 quod
3427 4965 3584 5039 dixit,

1999 5061 2067 5116 de
2090 5062 2177 5117 his
2200 5061 2441 5117 minimis
2471 5060 2731 5116 fratribus
2760 5060 2890 5125 suis,
2917 5060 3021 5115 hoc
3044 5067 3149 5127 est,
3171 5059 3263 5131 qui
3291 5061 3460 5119 Deum
3487 5060 3560 5118 Pa

1999 5161 2138 5209 trem
2169 5154 2424 5219 credunt,
2451 5161 2508 5208 et
2536 5152 2710 5221 ipsum
2748 5152 3034 5219 invocant,
3062 5162 3116 5208 et
3144 5168 3249 5207 non
3280 5162 3404 5210 sunt
3434 5155 3582 5223 elati,

2001 5246 2095 5301 sed
2140 5246 2370 5300 humiles
2415 5241 2629 5313 spiritu.
2675 5241 2820 5297 Tunc
2868 5243 3002 5297 dicet
3046 5245 3127 5298 Itis
3165 5243 3322 5315 quia
3362 5243 3585 5299 sinistris

1999 5347 2169 5393 erunt.
2202 5337 2502 5391 Notandum
2528 5335 2674 5405 quod
2704 5351 2812 5391 non
2842 5336 3026 5404 habet,
3066 5334 3213 5407 ejus,
3246 5336 3338 5392 sed
3372 5344 3585 5393 tantum

2002 5444 2033 5483 a
2069 5430 2335 5492 sinistris,
2370 5427 2496 5497 quia
2535 5428 2678 5482 Deus
2712 5427 2989 5482 sinistrum
3028 5426 3163 5482 nihil
3205 5427 3388 5483 habet.
3428 5427 3585 5486 Unde

2001 5522 2259 5590 scriptum
2289 5528 2371 5575 est
2404 5537 2416 5574 :
2460 5518 2583 5573 Vias
2608 5536 2724 5591 qua:
2757 5537 2789 5574 a
2820 5522 3017 5576 detr-tris
3051 5533 3202 5589 sunt,
3232 5525 3368 5579 novit
3397 5524 3584 5581 Domi-

2000 5629 2119 5667 nus.
2156 5612 2431 5667 Perversae
2454 5626 2584 5666 vero
2613 5621 2769 5679 sunt,
2807 5629 2926 5684 quae
2955 5630 2985 5668 a
3018 5615 3253 5672 sinistris
3278 5625 3423 5673 sunt.
3457 5616 3584 5671 Dis-

2000 5704 2161 5757 cedite
2196 5719 2226 5755 a
2252 5719 2351 5756 me.
2383 5702 2523 5757 Ecce
2548 5702 2801 5759 terribilis
2830 5714 2884 5759 et
2920 5706 3155 5761 timenda
3179 5723 3311 5771 vox,
3343 5707 3502 5763 etiam
3535 5706 3581 5761 si

1998 5796 2130 5851 nihil
2157 5795 2471 5859 addidisset,
2501 5794 2625 5864 quia
2657 5795 2747 5865 qui
2775 5812 2805 5849 a
2836 5796 2945 5852 Deo
2975 5798 3200 5865 recedit,
3232 5794 3445 5853 diabolo
3474 5802 3587 5851 tra-

2000 5890 2165 5946 ditur.
2189 5888 2257 5945 Et
2281 5887 2415 5944 nihil
2440 5886 2584 5944 aliud
2608 5894 2761 5945 extra
2788 5888 2981 5963 Deum,
3011 5888 3116 5947 nisi
3144 5887 3593 5971 maluminenay
