3988 6444
244 368 416 440 ita?"

1097 404 1127 417 ..
1192 383 1222 422 ι.
1262 327 1268 331 ’
1307 365 2322 430 ’ΕΧΡΟΞἨΠΝἸΝιΜΤΤῐιᾺῦυΜμί
2373 392 2380 402 -

3361 370 3508 430 ιω

153 521 158 526 ·
241 493 505 569 sanguinis
531 507 654 562 suo;
683 491 741 551 6t
775 492 1082 550 transimus
1129 491 1327 563 ingrati
1355 498 1472 546 tam
1507 481 1903 548 amattlissl-‘M
1922 489 2064 542 viam
2121 495 2176 544 rt
2223 494 2475 559 opposuit
2515 481 2760 558 seipsum'
2795 485 3112 560 mentitam»
3140 485 3512 548 mrum

237 605 343 646 tum
373 587 667 644 «inﬁmi.-
720 583 856 654 Quia
881 584 1074 640 autem:
1093 595 1231 653 aqua
1262 582 1526 637 miscetur
1546 571 1600 634 in
1631 581 1838 635 saera—'
1920 580 1986 634 Et
2036 575 2252 634 interim
2297 575 2482 652 fugere
2514 592 2661 636 'oves
2695 573 2848 636 chln
2900 572 3514 654 Videam-'Inm-lpau

241 683 430 744 urente
455 677 734 749 satrguinis
756 675 897 744 ejus,
938 672 1036 744 per
1081 685 1280 743 aquam
1308 670 1542 742 populus
1566 672 1700 724 auus
1727 677 1838 723 οδε·

247 771 483 836 tenditur
512 783 610 841 pro
635 783 744 838 quo
779 767 918 822 mori
953 763 1141 822 voluit.
1172 766 1237 820 Et
1259 777 1436 835 nerine
1463 765 1646 818 vinum
1703 763 1823 818 sine

241 877 402 935 aqua,
441 865 615 930 nenae
650 871 796 930 aqua
847 859 966 914 sine
1001 858 1150 922 vino,
1196 857 1325 926 quia
1370 859 1483 934 ipse
1521 864 1617 925 pro
1664 853 1822 910 nobis

241 963 488 1018 mortuus
523 963 627 1020 est,
664 955 742 1010 ita
763 967 862 1010 nos
899 965 998 1022 pro
1024 953 1142 1023 ipso
1181 951 1273 1008 vel
1302 963 1404 1021 pro
1432 950 1692 1006 fratribus
1724 956 1844 1005 τισι·

239 1047 371 1106 stris
397 1043 651 1118 quodest
697 1043 960 1110 Ecclesia,
1006 1041 1146 1099 mori
1175 1043 1451 1100 debemus.
1505 1043 1656 1099 Unde
1675 1049 1730 1098 et
1755 1041 1823 1098 de

241 1148 472 1209 corpore
487 1151 588 1197 suo
608 1137 832 1207 sanguis
844 1145 909 1190 et
929 1147 1074 1206 aqua
1097 1135 1249 1191 exiit.
1275 1133 1430 1204 Quod
1451 1140 1632 1190 autem
1657 1134 1819 1190 dicit:
1837 1153 1845 1164 υ

241 1228 438 1287 [iisut
453 1231 672 1301 sanguis
695 1243 840 1284 meus
861 1231 978 1284 novi
989 1230 1289 1284 testamenti
1327 1230 1394 1284 ad
1417 1229 1823 1284 distinctionem

244 1321 780 1384 veteristestameati
831 1323 979 1390 dicit,
1039 1325 1184 1394 quod
1236 1323 1496 1394 sanguine
1547 1322 1824 1378 hircorum

240 1426 522 1490 peceatum
545 1431 650 1472 non
670 1417 848 1488 potuit
863 1415 1160 1472 eumndare
1183 1415 1545 1471 servientibus
1565 1415 1822 1485 peccatis.

239 1509 374 1564 mea
385 1518 566 1562 autem
577 1507 742 1572 nobis,
767 1523 872 1562 non
889 1507 1061 1562 bibam
1073 1507 1266 1563 αυτοάο
1281 1507 1345 1560 de
1359 1507 1458 1561 hoc
1475 1505 1732 1577 gen-imine
1752 1507 1826 1560 ri-

239 1601 326 1665 tis,
370 1613 532 1670 usque
544 1601 604 1654 in
620 1599 762 1656 diem
773 1615 895 1654 eam
911 1599 1048 1654 illud
1068 1600 1244 1654 bibam
1258 1597 1522 1654 uobiscum
1555 1615 1745 1652 nouum
1767 1601 1824 1652 in

242 1705 399 1763 regno
415 1693 585 1763 panis
600 1693 720 1746 mei.
737 1691 876 1747 Vitis
885 1690 1088 1758 ludant,
1103 1692 1289 1745 vinum
1305 1689 1744 1760 patriarcharum
1765 1700 1824 1746 et

239 1786 622 1856 prophetarum
649 1797 713 1840 ac
752 1783 1082 1853 reliquorum
1129 1783 1452 1841 electorum.
1487 1784 1672 1854 Usque
1696 1791 1824 1840 tunc

241 1876 368 1933 fecit
385 1875 570 1932 Iudaea
591 1891 834 1932 racemos
862 1877 1002 1932 unde
1029 1877 1214 1932 vinum
1241 1875 1522 1942 ﬂueret,id
1547 1886 1633 1933 est
1655 1892 1821 1948 opera

239 1983 339 2040 per
365 1969 546 2026 ﬁdem.
571 1969 656 2025 Ab
679 1969 950 2025 occisione
977 1969 1190 2025 Domini
1217 1969 1516 2036 Iabruscas,
1543 1985 1823 2041 usquequo

239 2061 426 2115 Enoch
486 2067 542 2114 et
586 2059 730 2114 Elias
765 2061 998 2115 educant
1047 2061 1098 2114 in
1135 2076 1379 2131 regnum,
1429 2060 1482 2114 in
1523 2059 1821 2116 Ecclesium

238 2152 440 2208 Christi
461 2152 516 2206 in
565 2151 672 2207 line
725 2151 925 2207 saeculi.
961 2151 1087 2206 Sive
1115 2152 1434 2223 simpliciter
1458 2154 1526 2208 ab
1569 2153 1656 2208 illa
1685 2154 1820 2208 hora

239 2259 410 2302 cenat
441 2259 550 2299 non
595 2244 732 2300 bibit
757 2245 961 2311 vinum,
993 2261 1274 2315 quousque
1303 2247 1624 2303 immortalis
1647 2245 1821 2304 factus

235 2346 292 2393 et
342 2335 762 2406 ineorruptibilis
813 2346 935 2406 post
981 2339 1452 2393 resurrectionem.
1509 2338 1663 2406 Quod
1692 2356 1822 2396 vero

238 2436 638 2490 sacramentum
682 2430 928 2498 corporis
956 2438 1010 2484 et
1046 2431 1328 2500 sanguinis
1351 2431 1436 2486 sui
1461 2439 1586 2502 post
1610 2447 1820 2486 omnium

241 2523 372 2578 dare
401 2521 572 2576 voluit
593 2521 870 2591 discipulis
895 2523 1026 2588 suis,
1063 2530 1120 2577 et
1143 2537 1245 2579 nos
1271 2521 1444 2593 jejuni
1474 2539 1669 2595 capere
1693 2525 1821 2580 illud

233 2614 513 2686 iubemur,
543 2613 659 2669 hac
685 2613 826 2667 ratio
865 2623 988 2668 est:
1022 2614 1281 2670 Dominus
1323 2617 1560 2672 ostendit
1599 2617 1822 2688 figurale

239 2711 624 2760 testamentum
655 2720 685 2758 a
715 2719 774 2760 se
801 2714 1133 2775 praeceptum
1159 2705 1333 2761 donec
1370 2707 1581 2764 veniret
1608 2723 1820 2774 verum,

238 2795 496 2866 imposuit
521 2795 598 2850 illi
648 2796 940 2852 terminum
976 2806 1033 2851 et
1055 2797 1202 2852 dedit
1252 2798 1466 2854 initium
1501 2799 1627 2855 novi
1653 2808 1819 2854 testa-

237 2889 427 2944 menti.
457 2887 572 2943 Hac
601 2887 672 2942 de
714 2903 880 2944 causa
906 2903 1106 2943 novum
1140 2898 1267 2944 ante
1315 2901 1467 2945 vetus
1509 2892 1816 2947 celebravit.

235 2963 508 3034 Fecerunt
563 2986 748 3034 autem
793 2978 965 3034 multo
1017 2981 1247 3051 apostoli
1289 2990 1532 3051 tempore
1571 2983 1824 3038 similiter

234 3077 359 3141 post
375 3069 538 3125 alium
574 3070 754 3125 cibum
789 3070 1130 3128 Dominicum
1161 3081 1455 3128 sumentes.
1510 3073 1640 3128 Post
1695 3088 1822 3128 vero

235 3169 360 3216 cum
405 3168 669 3216 venerunt
719 3161 931 3216 Hebrtei
982 3162 1050 3218 ad
1099 3162 1631 3230 communicandum,
1691 3171 1820 3218 tunc
1849 3201 1896 3264 Ο

236 3258 567 3322 praeceptum
621 3259 704 3306 est
767 3252 820 3306 in
871 3253 1078 3322 synodo
1127 3262 1186 3307 ut
1237 3253 1607 3324 unusquisque
1659 3255 1822 3310 homo

237 3343 308 3414 (si
330 3343 494 3398 etiam
526 3343 594 3399 de
616 3343 740 3399 aliis
760 3344 1000 3414 peccatis
1017 3344 1335 3415 puriﬁcatus
1355 3346 1541 3418 fuerit)
1566 3347 1717 3418 prius
1743 3363 1828 3402 re-

235 3435 452 3491 ﬁcietur
495 3435 566 3491 de
614 3437 738 3493 cibo
778 3435 1032 3507 spiritali,
1081 3445 1138 3493 et
1189 3439 1532 3508 postmodum
1565 3440 1633 3496 de
1689 3449 1826 3497 tem-

235 3527 429 3596 porali.

310 3617 377 3670 Et
404 3617 596 3686 hymno
621 3617 782 3682 dicto,
805 3619 1045 3673 exierunt
1067 3619 1123 3673 in
1142 3628 1372 3675 montem
1399 3620 1609 3677 Oliveti.
1633 3621 1730 3678 Vel
1757 3637 1825 3678 ex

233 3708 630 3762 consuetudine
657 3706 966 3762 Iudaeorum
997 3709 1111 3778 ipsa
1151 3710 1238 3765 die
1268 3721 1395 3766 ante
1438 3726 1656 3767 ctenam
1696 3729 1826 3770 can-

239 3799 373 3853 tavit
419 3797 773 3853 centesimum
825 3798 1204 3854 duodecimum
1249 3799 1515 3870 psalmum
1543 3842 1558 3867 ,
1611 3803 1665 3858 id
1720 3812 1819 3868 est.

240 3887 477 3942 Laudate
501 3889 654 3958 priori
675 3887 976 3954 Dominum,
1000 3903 1172 3958 usque
1202 3890 1438 3946 medium
1465 3893 1824 3948 centesimum

241 3980 460 4034 tertium
479 3978 771 4045 decimum,
801 3979 924 4034 Non
971 3981 1141 4047 nobis,
1178 3981 1422 4049 Domine,
1446 3999 1548 4038 non
1575 3986 1740 4051 nobis,
1771 3994 1827 4042 et

239 4078 363 4140 post
407 4071 612 4138 cibum,
644 4070 911 4140 reliquum
941 4073 1085 4142 quod
1125 4082 1312 4138 restat,
1375 4091 1548 4147 usque
1587 4077 1826 4132 centesi-

241 4177 386 4217 mum
425 4173 676 4220 octavum
733 4167 1000 4222 decimum
1037 4168 1325 4239 psalmum.
1371 4169 1478 4225 Seu
1521 4171 1825 4227 orationem

241 4253 388 4309 illam
431 4271 594 4324 quam
639 4257 874 4315 Joannes
899 4260 1066 4316 refert
1115 4275 1240 4316 eum
1283 4277 1472 4320 orasse
1501 4272 1628 4320 ante
1673 4279 1824 4320 com-

241 4345 679 4416 prehensionem.
707 4350 853 4406 Eriit
881 4368 1014 4408 vero
1039 4353 1236 4409 iterum
1259 4354 1325 4409 de
1349 4355 1591 4422 civitate,
1631 4363 1688 4410 et
1704 4370 1826 4426 per-

241 4439 322 4509 git
347 4439 406 4494 in
433 4447 673 4496 montem
718 4439 936 4507 Oliveti,
993 4453 1052 4498 ut
1082 4446 1435 4501 daretlocum
1471 4448 1718 4503 traditori
1769 4457 1826 4502 et

1922 677 2143 727 storm.
2176 665 2341 726 ‘Dixit
2387 663 2584 726 'eniin':
2615 669 2695 728 ἐἰ
2735 677 2815 727 nte
2870 669 3352 744 qttMitit',"1ttttttb
3377 672 3514 730 "nos

1923 759 2084 816 abire!
2155 776 2180 795 ί·
2491 777 2570 798 ι·
2799 765 2806 779 ι
2903 767 2948 786 ι.
3157 775 3164 786 .
3219 771 3336 797 .,,,,ς

1994 849 2279 925 Postquam
2295 861 2476 910 mrtem
2503 849 2797 923 sltrrelreilo,
2821 859 3113 927 praesensin
3142 848 3516 916 ιιϋιδίῆίθθηυ

1924 944 2098 1008 (want.
2123 953 2260 1007 Cum
2286 954 2652 1009 duris’miscet
2679 951 2822 1019 laris,
2849 960 2910 1008 ut
2940 951 3149 1010 recreet
3173 940 3383 1013 animis
3410 943 3516 1014 δήλω

1925 1047 2066 1102 rum'.
2093 1029 2380 1116 Postquam
2413 1045 2550 1101 dixit
2577 1037 2702 1118 quia
2729 1043 2834 1118 ipsi
2855 1031 3514 1121 dlsperée‘iidi‘eralit‘prb‘

1926 1139 2070 1195 illius
2105 1147 2300 1200 morte;
2353 1137 2624 1209 subiungit
2667 1139 2804 1211 quia
2832 1130 3518 1214 resurgetgetﬁiuebtmr

1925 1245 2048 1285 eum
2074 1227 2125 1283 in
2141 1224 2380 1285 Calilma.
2405 1217 2666 1283 Viderunt
2685 1228 2828 1285 enim
2841 1227 2966 1296 eum
2982 1223 3114 1301 ‘po'st
3144 1227 3514 1288 i‘eshrr‘eulb:

1927 1324 2052 1375 nem
2084 1302 2248 1390 aliqui
2277 1315 2685 1388 discipulorum,
2713 1313 2812 1376 sed
2844 1317 3080 1392 plenile‘r
3099 1323 3153 1376 in
3173 1317 3514 1380 Gaﬁleaf’ﬂb

1927 1425 2032 1482 qua
2049 1409 2383 1484 apparitione
2399 1411 2590 1466 beatus
2600 1403 2799 1469 Paulus
2813 1431 2828 1466 :
2849 1404 3291 1470 Deindebi's'ui'esl
3305 1408 3516 1487 ltpllttou

1927 1501 1991 1556 (is
2019 1502 2275 1556 omnibus.
2363 1490 2370 1508 ’
2609 1504 2616 1518 ⁸
2705 1505 2710 1514 “
2786 1499 2794 1527 τ
2863 1504 2888 1521 ¹⁴
2999 1497 3062 1513 ’¹
3129 1509 3199 1523 ιι
3317 1502 3375 1524 ιιι
3429 1499 3511 1536 ·-ι-

3311 773 3356 800 ιςι
3391 761 3514 806 ,μιν

2000 1603 2337 1674 Respondeas
2360 1613 2532 1682 autern
2564 1592 2752 1660 Petrus
2783 1591 2915 1660 dixit
2939 1623 2956 1662 :
2983 1591 3050 1661 Et
3075 1594 3322 1663 'si'oinnés
3343 1591 3512 1664 ’ὲίνῒιιὶΕ

1927 1691 2152 1747 dalizati
2181 1691 2376 1762 fuerint
2426 1695 2480 1747 in
2523 1700 2590 1759 le,
2635 1689 3030 1768 ego'nrmquant
3085 1684 3512 1753 séan’ddlizabof.‘

1929 1783 2047 1841 Non
2074 1785 2140 1841 de
2169 1783 2385 1842 levitate
2410 1787 2602 1843 Petrus
2625 1783 2726 1843 hoc
2749 1788 3004 1858 loquitur,
3030 1787 3124 1847 sed
3151 1785 3217 1846 de
3245 1779 3512 1847 ardentis-

1931 1879 2064 1933 sima
2093 1878 2390 1932 voluntate.
2415 1879 2675 1934 Verumis
2698 1880 2790 1949 qui
2819 1876 3024 1935 sciebat
3051 1882 3251 1946 omnia,
3287 1889 3514 1937 noverat

1928 1971 2056 2040 quid
2081 1971 2243 2024 homo
2266 1969 2489 2036 faceret,
2522 1987 2628 2025 non
2659 1959 2834 2026 adhuc
2868 1961 3104 2040 repletus
3133 1968 3339 2042 Spiritu
3393 1988 3514 2028 san-

1928 2073 2036 2119 ctu.
2063 2063 2147 2116 Ait
2180 2062 2258 2117 illi
2299 2061 2478 2116 Jesus.
2511 2061 2676 2116 Amen
2714 2061 2832 2116 dico
2869 2059 2963 2116 tibi
2983 2061 3105 2134 quia
3133 2063 3185 2116 in
3223 2063 3320 2116 hac
3343 2074 3512 2130 nocte,

1927 2161 2204 2220 antequam
2228 2149 2412 2204 Gallus
2437 2159 2628 2215 cantet,
2655 2159 2733 2204 ter
2756 2167 2834 2204 me
2867 2141 3096 2222 negabis.
3139 2141 3278 2207 Ecce
3317 2160 3372 2207 et
3409 2146 3510 2207 Pc-

1928 2253 2044 2298 trus
2066 2243 2119 2298 in
2150 2253 2306 2297 nocte
2329 2251 2488 2314 negat
2515 2227 2802 2296 Dominum
2835 2241 3013 2307 tertio,
3045 2239 3169 2313 quia
3197 2255 3358 2298 omne
3382 2259 3510 2314 pec-

1927 2344 2109 2392 catum
2140 2334 2354 2389 facilius
2383 2335 2439 2388 in
2457 2343 2614 2389 nocte
2637 2333 2866 2404 subripit
2894 2351 3056 2404 quam
3082 2333 3136 2389 in
3165 2323 3269 2390 die.
3302 2333 3370 2390 Et
3391 2351 3509 2391 om-

1925 2429 2012 2483 nis
2049 2428 2142 2499 qui
2167 2435 2358 2498 peccat
2385 2426 2438 2481 in
2461 2433 2620 2482 nocte
2651 2433 2750 2480 est.
2784 2424 2928 2479 Tum:
2955 2426 3086 2478 venit
3139 2418 3296 2480 Iesus
3322 2426 3376 2480 in
3401 2425 3512 2481 val-

1925 2521 2026 2576 lem
2073 2536 2190 2591 qua:
2243 2519 2438 2573 dicitur
2486 2517 2837 2572 Gethsemani.
2881 2517 3168 2573 Descendit
3218 2516 3284 2572 de
3333 2526 3518 2574 monte

1925 2613 2121 2669 Oliveti
2148 2613 2200 2667 in
2225 2612 2418 2668 vallem
2451 2609 2822 2676 Gethsemani,
2853 2609 2941 2665 ubi
2966 2619 3049 2666 est
3073 2625 3217 2665 nunc
3245 2609 3510 2677 Ecclesia,

1925 2707 1982 2761 in
2020 2706 2138 2761 loco
2165 2720 2270 2774 quo
2299 2705 2412 2774 ipse
2437 2703 2632 2758 oravit.
2681 2703 3031 2759 Getbsemani
3055 2703 3204 2760 vallis
3227 2705 3506 2776 pinguium

1926 2800 2144 2865 dicitur,
2172 2797 2418 2868 exemplo
2439 2797 2918 2863 nosinstruens,ut
2949 2797 3039 2870 qui
3062 2798 3290 2854 adorare
3311 2797 3520 2853 deside-

1926 2896 2034 2956 rat,
2057 2889 2112 2944 in
2135 2898 2371 2942 montem
2394 2887 2613 2941 luminis
2635 2888 2910 2942 ascendat.
2944 2880 3145 2942 Habeat
3170 2901 3382 2958 quoque
3407 2887 3520 2941 vai-

1925 2983 2032 3038 lem
2049 2983 2311 3054 pinguim,
2327 2981 2382 3039 id
2397 2988 2478 3034 est
2503 2979 2882 3034 humilitatem.
2904 2979 2970 3032 Et
2994 2990 3258 3050 assumpto
3276 2975 3456 3048 Petro,
3469 2989 3518 3034 et

1925 3073 2128 3128 duobus
2151 3072 2278 3140 ﬁliis
2303 3070 2562 3138 Zebedwi,
2579 3071 2726 3140 cwpit
2749 3069 3053 3125 contristari
3077 3083 3122 3124 et
3151 3081 3360 3125 mlestus
3382 3089 3513 3128 esse.

1927 3163 2067 3232 Quia
2117 3163 2260 3220 enim
2317 3178 2534 3216 carnem
2587 3170 2956 3232 assumpserat
3007 3162 3170 3218 etiam
3233 3161 3518 3234 passiones

1929 3257 2112 3312 carnis
2139 3256 2340 3312 habere
2371 3269 2595 3310 necesse
2623 3263 2762 3322 erat,
2791 3243 2991 3326 praeter
3013 3253 3160 3310 illam
3200 3254 3369 3312 solam
3400 3269 3519 3324 quae

1929 3364 2054 3404 cum
2083 3363 2250 3403 carne
2277 3354 2461 3402 creata
2489 3363 2598 3402 non
2638 3345 2835 3412 fuerat,
2868 3346 2921 3401 id
2948 3355 3032 3401 est
3057 3355 3361 3418 peccatum,
3386 3361 3522 3416 quc-

1927 3441 2075 3495 niam
2104 3439 2414 3494 contristari
2429 3447 2694 3508 coeperat,
2719 3453 2784 3492 ne
2811 3437 3032 3492 tristitia
3053 3437 3215 3492 noxia
3229 3451 3352 3491 cum
3376 3436 3518 3491 bona

1927 3547 1989 3587 se
2036 3531 2314 3594 misceret,
2355 3531 2565 3600 accepit
2615 3544 2750 3599 quos
2797 3527 2985 3582 solitus
3030 3535 3150 3582 erat
3177 3527 3230 3580 in
3269 3527 3518 3594 secretis,

1927 3630 1986 3677 ut
2013 3637 2136 3678 cum
2167 3623 2490 3692 eis‘sempcr
2512 3620 2689 3676 divina
2711 3619 3131 3690 colloqueretur.
3158 3617 3252 3674 Sic
3279 3633 3378 3674 nos
3400 3633 3520 3674 om-

1927 3728 2028 3768 nes
2053 3711 2234 3768 l‘acere
2261 3711 2524 3767 debemus
2547 3718 2794 3780 tempore
2820 3708 3078 3773 tristitite,
3113 3723 3236 3763 cum
3276 3705 3435 3763 bonis
3463 3714 3520 3763 et

1926 3807 2124 3863 amicis
2156 3805 2323 3875 loqui,
2356 3812 2416 3859 ut
2447 3819 2552 3859 non
2581 3804 2780 3860 habeat
2809 3803 2861 3858 in
2885 3801 3042 3858 nobis
3067 3801 3243 3856 locum
3272 3799 3520 3868 tristitia,

1927 3915 2050 3969 quae
2092 3907 2322 3953 mortem
2351 3903 2634 3966 operatur,
2663 3903 2720 3949 et
2744 3894 2836 3949 tali
2867 3892 3028 3948 modo
3058 3893 3319 3948 vitabitur
3353 3907 3386 3946 a
3415 3905 3518 3947 no-

1926 3990 2032 4046 bis.
2077 3989 2224 4044 Tum:
2251 3989 2326 4042 ait
2359 3987 2486 4052 illis,
2527 3985 2714 4040 Tristis
2755 3993 2830 4039 est
2860 3984 3040 4039 anima
3094 3997 3208 4036 mea
3243 3998 3404 4053 usque
3444 3979 3514 4037 ad

1927 4089 2168 4134 mortem.
2227 4076 2534 4132 Secundum
2583 4075 2726 4146 quod
2756 4090 2886 4130 caro
2920 4080 3042 4127 erat
3088 4068 3217 4127 illud
3267 4069 3502 4135 dicebat,

1929 4181 2037 4225 non
2069 4170 2365 4225 secundum
2408 4164 2800 4238 impassibiiem
2831 4163 3192 4218 divinitatem.
3240 4159 3519 4214 Tristaba-

1929 4270 2021 4316 tur
2051 4271 2258 4326 autem,
2288 4260 2402 4315 sive
2429 4273 2529 4328 pro
2549 4255 2777 4312 Judaico
2805 4252 3028 4324 pupula,
3074 4251 3168 4322 qui
3194 4250 3373 4306 fuerat
3393 4263 3521 4319 pars

1928 4357 1984 4410 et
2021 4352 2252 4424 populus
2297 4351 2413 4413 Dei,
2464 4349 2578 4404 sive
2604 4362 2706 4418 pro
2732 4345 3100 4416 apostolorum
3147 4341 3516 4405 tribulatione,

1929 4461 2027 4501 seu
2057 4444 2223 4500 etiam
2271 4455 2373 4512 pro
2399 4439 2609 4512 perﬁdo
2637 4435 2800 4502 Iuda,
2829 4452 2935 4491 non
2980 4443 3159 4488 autem
3199 4445 3300 4500 pro
3341 4435 3520 4485 morte

243 4530 808 4600 comprehensoribus.
846 4531 990 4586 Tunc
1030 4533 1156 4587 dicit
1181 4535 1256 4588 eis
1275 4535 1432 4589 Iesus
1465 4549 1483 4587 :
1509 4535 1704 4591 Omnes
1736 4555 1825 4592 vos
1853 4557 1910 4615 Ι)
1935 4551 2050 4599 sua,
2073 4549 2236 4604 quam
2271 4529 2580 4586 voluntarie
2603 4527 2836 4592 subibat,
2872 4524 3178 4615 ordinatam
3204 4535 3328 4615 cum
3352 4519 3514 4575 Patre

243 4621 552 4678 scandalum
567 4623 834 4692 patimini
854 4623 912 4676 in
937 4623 1084 4677 mein
1107 4624 1210 4678 ista
1224 4633 1390 4688 nocte,
1414 4626 1661 4693 prmdicit
1688 4624 1831 4696 quod

244 4716 458 4786 passuri
497 4716 628 4780 sint,
663 4721 726 4770 ut
753 4730 877 4771 cum
901 4716 1110 4770 venerit
1133 4715 1267 4770 hora
1290 4715 1526 4786 patiendi
1553 4716 1727 4773 levius
1749 4718 1830 4772 fe-

245 4815 390 4862 rant.
417 4807 486 4862 Et
529 4808 826 4864 notandum
862 4809 1006 4880 quod
1036 4809 1174 4863 dixit
1205 4827 1216 4862 :
1242 4810 1299 4863 in
1334 4810 1440 4864 ista
1475 4819 1647 4876 nocte,
1701 4811 1830 4881 quia

247 4899 390 4955 sicut
419 4900 508 4971 qui
551 4901 681 4954 ebrii
719 4910 864 4966 sunt,
919 4911 1068 4956 nocte
1095 4900 1224 4956 ebrii
1260 4910 1402 4968 sunt,
1448 4901 1528 4956 sic
1548 4901 1641 4972 qui
1671 4915 1830 4958 scan-

248 4991 428 5048 dalum
475 4993 755 5064 patiuntur
789 4994 844 5048 in
899 5001 1056 5050 nocte
1101 4994 1278 5049 adhuc
1317 5003 1466 5061 suat,
1500 4995 1604 5050 hoc
1649 4997 1734 5050 est
1771 4995 1824 5049 in

247 5083 570 5156 ignorantia.
611 5087 670 5143 Si
698 5087 840 5144 enim
867 5088 1094 5158 perfecti
1119 5097 1302 5144 essent
1344 5091 1398 5144 in
1425 5089 1676 5157 scientia,
1715 5104 1826 5145 non

247 5181 433 5246 posset
463 5182 678 5233 terrena
704 5181 938 5235 tentatio
966 5179 1048 5235 eis
1081 5179 1394 5234 scandalum
1421 5178 1662 5246 el'licere,
1697 5181 1826 5250 quia

247 5266 612 5339 perlecturum
641 5277 725 5323 est
747 5283 905 5340 reque
933 5271 1115 5326 animo
1165 5270 1308 5324 inter
1345 5271 1571 5324 adversa
1621 5273 1676 5324 et
1701 5284 1826 5340 pro-

251 5370 408 5429 spera
430 5365 594 5414 stare.
625 5357 890 5429 Scriptum
915 5371 988 5416 est
1005 5362 1141 5416 enim
1169 5377 1186 5416 :
1218 5359 1519 5414 Percutiam
1540 5369 1824 5431 pastorem,

251 5457 300 5503 et
328 5450 686 5521 dispergentar
711 5462 825 5503 oves
872 5451 1058 5520 gregis.
1098 5451 1242 5506 Deus
1261 5452 1600 5522 omnipotens
1622 5465 1691 5506 ex
1707 5467 1830 5521 per-

253 5553 388 5596 sona
419 5553 515 5596 sua
557 5539 661 5595 hoc
683 5538 894 5593 locutus
915 5546 998 5592 est
1023 5553 1120 5608 per
1141 5540 1482 5605 Zachariam,
1533 5539 1676 5609 quod
1717 5539 1831 5610 ipse

258 5631 482 5687 daturus
525 5640 671 5687 esset
704 5631 925 5684 unicum
967 5644 1068 5698 pro
1113 5631 1269 5686 nobis
1303 5632 1489 5696 morti,
1521 5640 1578 5686 et
1607 5631 1831 5701 apostoli

257 5725 584 5798 praetimere
625 5721 887 5778 relicturi.
914 5720 1020 5774 Sed
1048 5721 1306 5778 Dominus
1331 5723 1462 5778 fecit
1491 5723 1634 5778 sicut
1661 5723 1833 5778 bonus

263 5823 449 5891 pastor
477 5831 599 5873 eum
644 5815 779 5872 vidit
801 5816 985 5872 leones
1003 5820 1058 5869 et
1086 5813 1241 5883 lupos
1271 5817 1565 5882 venientes,
1610 5814 1708 5872 ivit
1735 5814 1833 5870 ob-

1937 4633 2061 4680 ante
2098 4622 2267 4676 multa
2293 4618 2565 4674 curricula
2601 4628 2890 4671 annorum.
2944 4609 3081 4665 Nam
3110 4619 3164 4664 et
3197 4608 3243 4663 si
3273 4605 3518 4664 dicamus

1935 4714 2230 4772 secundum
2258 4711 2531 4766 hominem
2579 4708 2977 4769 contristatum,
3001 4701 3133 4757 nihil
3158 4702 3340 4757 obstat
3358 4699 3518 4756 intel-

1933 4807 2050 4878 ligi,
2079 4805 2205 4875 quia
2241 4817 2374 4859 caro
2397 4810 2516 4858 erat
2545 4811 2600 4858 et
2628 4798 2848 4856 tristitia
2864 4795 3049 4852 carnis
3075 4795 3257 4865 passio
3275 4801 3378 4860 est,
3410 4793 3517 4850 nisi

1934 4897 2032 4952 Dei
2063 4895 2261 4950 virtute
2286 4893 2587 4948 tolleretur.
2614 4889 2680 4944 Et
2707 4903 3012 4960 progressus
3039 4883 3313 4957 pusillum.
3337 4883 3516 4938 Lucas

1935 4988 2064 5044 dicit
2097 5003 2111 5040 :
2136 4985 2362 5040 Avulsus
2390 4993 2466 5039 est
2511 4982 2576 5036 ab
2607 4981 2704 5045 eis,
2725 4987 2980 5050 quantum
2993 4977 3174 5048 jactus
3192 4983 3268 5029 est
3297 4971 3512 5044 lapidis.

1934 5079 2003 5134 Et
2035 5076 2128 5148 qui
2181 5075 2446 5131 veraciter
2481 5089 2540 5129 se
2566 5071 2679 5126 vult
2710 5069 2980 5136 exaudiri,
3023 5068 3300 5124 orationes
3339 5079 3518 5122 secre-

1933 5179 2022 5227 tas
2048 5169 2209 5226 debet
2235 5179 2499 5239 quaerere,
2536 5179 2656 5233 quae
2685 5169 2908 5218 remota:
2937 5167 3064 5216 sunt
3096 5160 3164 5214 ab
3189 5157 3338 5213 omni
3379 5165 3518 5212 stre-

1932 5264 2048 5334 pitu
2097 5271 2154 5316 et
2189 5259 2419 5316 tumultu
2443 5255 2720 5311 vitiorum.
2743 5253 3094 5310 Praemonens
3124 5249 3288 5308 etiam
3321 5249 3377 5305 in
3403 5264 3516 5304 om-

1934 5354 1992 5410 ni
2025 5352 2370 5410 tribulatione
2399 5356 2585 5403 nostra
2635 5346 2901 5418 refugium
2932 5354 2987 5402 et
3030 5358 3243 5400 murum
3268 5349 3516 5398 nostrum

1934 5446 2222 5501 Dominum
2264 5439 2479 5496 assidue
2503 5438 2830 5510 ﬂagitamus,
2878 5445 2938 5492 ut
2975 5437 3044 5491 ab
3087 5431 3388 5490 imminenti
3421 5443 3518 5502 pe-

1934 5535 2106 5592 riculo
2122 5531 2275 5601 juxta
2300 5529 2445 5585 illius
2473 5529 2731 5601 placitum
2756 5528 3067 5583 liberemur.
3113 5524 3190 5578 Mi
3232 5520 3416 5588 Pater,
3469 5520 3518 5576 si

1934 5622 2176 5696 possibile
2213 5631 2310 5687 est,
2341 5629 2576 5676 transeat
2604 5637 2638 5674 a
2665 5635 2747 5674 me
2778 5617 2920 5674 calix
2940 5616 3055 5670 iste.
3113 5612 3190 5667 Mi
3236 5609 3515 5668 vocativus

1935 5713 2225 5788 possessivi
2251 5721 2355 5778 est,
2381 5730 2415 5766 a
2431 5727 2544 5766 meo
2565 5711 2807 5766 veniens.
2836 5709 2977 5764 Dicit
2993 5722 3124 5780 ergo
3150 5719 3250 5777 pro
3274 5699 3472 5757 Iudaeis
3497 5715 3511 5752 :

1939 5806 2000 5866 Si
2013 5805 2268 5878 possibile
2295 5813 2382 5862 est
2399 5802 2598 5861 salvari
2625 5809 2815 5876 sentes
2843 5801 2961 5858 sine
2982 5798 3281 5869 abjectione
3306 5791 3491 5862 ludas“
