3988 6476
499 373 661 506 ,ῃᾷθ
693 475 716 496 ..

1290 410 1680 496 CliRISTiANl
1715 357 2122 514 intimus}
2153 355 2603 464 consutarius
2637 399 2946 498 nomen!

3633 369 3782 458 uso

693 483 778 596 ’λιι
803 503 920 594 uti
959 491 1059 602 ίρεί
1091 493 1222 590 mihi
1251 526 1495 598 inferant
1529 489 1778 596 partes»
1821 521 1935 594 ﬁat.
1953 503 1964 590 ί
1979 483 2170 582 ile-1A
2193 528 2246 578 ει
2267 518 2528 592 sudibus.»
2555 517 2620 592 de
2644 589 2656 610 ρ
2670 491 2862 610 ﬂii-1’“?
2909 497 2964 610 ei
3003 487 3244 596 Mm“
3275 493 3550 610 mlo"
3597 529 3778 572 ⁸³³⁸³³

499 642 846 700 ιιιιωωωωι,
861 641 965 698 non
979 621 1124 694 quod
1145 621 1380 686 humanp
1399 614 1592 680 all‘ectu
1615 615 1825 682 loquor,
1853 612 1947 700 sed
1973 625 2087 700 ma-

519 725 601 796 gis
630 697 978 792 quod'tecum
1013 711 1065 765 in
1113 707 1395 764 divinitate
1421 702 1679 773 disposui,
1733 701 1848 796 ﬁat.
1905 699 1971 756 Et
1999 697 2088 752 hic

497 791 1306 882 .esemplurneaperedemmns.
1330 795 1542 868 orandi,
1567 803 1627 866 ut
1656 791 2086 864 quandocunque

493 922 615 980 -τπο
665 897 1164 972 temporalinostra
1221 890 1496 960 aliquare
1543 885 1660 980 Deo
1697 883 2084 980 supplicamus,

779 993 838 1048 in
870 989 980 1048 ﬁne
1021 987 1168 1054 illius
1200 982 1455 1056 placitam
1499 979 1832 1050 voluntatem
1858 976 2086 1047 amplius

487 1087 870 1162 postulantis.
909 1089 972 1140 ut
999 1080 1046 1142 si
1082 1077 1326 1134 forsitan
1355 1089 1455 1132 nos
1496 1080 1684 1132 contra
1711 1069 1956 1138 salutem.
1983 1081 2086 1132 μο-

505 1189 690 1240 stram
720 1176 974 1248 petimus,
1013 1169 1102 1228 ille
1143 1167 1237 1238 qui
1283 1163 1532 1220 Salvator
1551 1168 1636 1218 est
1655 1166 1864 1222 noster,
1900 1171 2090 1248 secun-

493 1274 644 1330 dum
685 1246 842 1334 suum
889 1262 1174 1324 consilium
1201 1273 1300 1330 nos
1321 1257 1582 1330 gubernet
1629 1259 1683 1308 et
1703 1246 2089 1322 exaudiamﬂt

482 1363 642 1428 venit
693 1360 766 1420 ad.
799 1353 1102 1426 discipulos
1133 1367 1276 1416 suos,
1315 1357 1362 1404 et
1393 1343 1586 1404 invenit
1639 1358 1725 1406 eos
1751 1339 2084 1428 dormientes.

481 1423 588 1510 ζΕι·
627 1423 1234 1518 tristitiaproDomino
1285 1453 1377 1496 eos
1431 1435 1800 1508 deprimebat,
1845 1423 2008 1504 etiam
2036 1423 2090 1498 et

489 1557 723 1616 tempus
769 1550 892 1600 erat
929 1553 1036 1611 quo
1091 1535 1236 1594 soliti
1275 1538 1434 1608 erant
1453 1527 1716 1602 dormire.
1769 1524 1916 1616 solet
1937 1524 2090 1594 enim

505 1615 638 1710 post
669 1637 942 1705 lacrymas
967 1638 1024 1694 et
1067 1625 1349 1684 tristitiam
1387 1635 1636 1710 somnus,
1663 1615 1948 1710 accedere,
1974 1629 2090 1710 ma:

513 1704 656 1786 iisne
683 1704 806 1782 cibo
831 1721 1074 1778 indultis.
1111 1717 1182 1772 Et
1225 1715 1350 1768 dicit
1380 1711 1537 1766 Petro
1564 1709 1640 1766 sic
1665 1721 1684 1760 :
1713 1706 1839 1762 Non
1873 1704 2088 1776 potuisti

509 1836 618 1876 una
648 1819 778 1874 hora
800 1813 1012 1886 vigilare
1059 1824 1280 1864 mecum.
1317 1804 1388 1862 Ut
1412 1803 1604 1858 Petrus
1637 1806 1905 1870 praeparet
1931 1813 1991 1853 se
2019 1796 2086 1852 ad
2114 1865 2126 1886 ἑ

2165 611 2405 674 __tradidit
2445 625 2588 674 eum,
2619 607 2759 662 dedit
2801 607 2872 686 eis
2903 607 3106 678 signum
3135 607 3312 662 dicens
3341 621 3366 682 ε,
3395 606 3780 678 Quemcunque

2189 699 2453 774 osculatus
2490 699 2638 770 fuero
2683 699 2790 772 ipse
2827 707 2922 761 est,
2961 708 3123 754 tenete
3157 687 3297 754 cum.
3329 697 3534 752 Timuit
3585 697 3778 766 Iudas,

2187 807 2257 854 ne
2285 791 2398 860 ipse
2421 791 2686 874 lseipsum},
2702 787 3087 870 absconderet,
3106 787 3244 842 sicut
3265 787 3400 866 fecit
3433 787 3662 862 quando
3689 804 3785 844 vo-

2167 883 2370 956 lebant
2397 863 2518 954 cum
2543 863 2890 956 praecipitare
2923 863 3261 954 tat-lapidare.
3306 878 3375 934 Et
3397 863 3532 934 ideo
3563 871 3677 933 tale
3703 875 3784 934 eis

2188 971 2400 1044 signum
2435 971 2582 1027 dedit
2628 978 2688 1050 ut
2729 979 3016 1042 postquam
3058 967 3526 1054 eumlosculatum
3555 967 3786 1050 habuis-

2167 1121 2172 1128 ,
2185 1071 2287 1132 set,
2315 1065 2377 1138 tsi
2423 1064 2536 1134 ipse
2577 1069 2958 1142 evanesceret,
2996 1053 3159 1118 Judas
3193 1053 3322 1118 non
3360 1063 3630 1134 perderet
3667 1057 3788 1144 pre-

2167 1155 2342 1224 tium.
2369 1153 2608 1238 Apparet
2635 1162 2816 1208 autem
2847 1151 2972 1224 quia
3000 1151 3124 1230 pius
3145 1151 3413 1236 Dominus
3445 1153 3600 1208 hanc
3651 1167 3784 1208 con-

2189 1233 2524 1304 suetudinem
2547 1244 2754 1308 habuit,
2779 1251 2838 1302 ut
2861 1243 3076 1316 quando
3104 1259 3136 1297 a
3157 1233 3288 1300 foris
3311 1259 3458 1306 suus,
3475 1253 3786 1300 revertere-

2187 1343 2277 1392 tur
2321 1327 2636 1406 discipulus,
2683 1321 3018 1392 oeculare'tur
3060 1351 3200 1392 eum.
3254 1335 3408 1406 Quod
3435 1351 3596 1392 nunc
3642 1337 3784 1408 apud

2189 1443 2290 1484 nos
2325 1443 2442 1498 non.
2480 1427 2560 1496 ﬁt,
2612 1427 2715 1484 nisi
2745 1441 2880 1500 post
2927 1413 3112 1496 plures
3137 1427 3274 1482 dies.
3333 1426 3450 1484 Hoc
3477 1428 3704 1500 signum
3731 1435 3788 1482 et

2188 1515 2320 1596 Cain
2345 1515 2532 1574 habuit
2571 1524 2630 1571 ut
2656 1503 2843 1578 omnes
2882 1515 3220 1596 oscularetur
3241 1530 3354 1590 pra:
3379 1516 3588 1572 timore
3626 1517 3784 1586 simi-

2190 1610 2256 1678 lis
2282 1593 2336 1666 in
2375 1609 2539 1678 iacto,
2572 1610 2784 1668 similis.
2809 1610 2874 1664 in.
2911 1593 3154 1682 scelere,
3189 1609 3321 1666 licet
3345 1609 3455 1666 iste
3483 1608 3674 1684 pejor.
3715 1609 3786 1666 Et

2189 1701 2462 1772 confestim
2505 1703 2754 1758 accedens
2795 1687 2864 1756 ad
2917 1700 3122 1768 Iesum,
3157 1701 3293 1756 dixit
3337 1714 3357 1756 :
3408 1699 3542 1766 Ave,
3593 1699 3784 1754 Rnbbi.

2189 1793 2294 1848 Ave
2346 1792 2536 1848 Latine
2591 1794 2810 1860 dicitur,
2869 1793 3056 1850 Graece
3105 1791 3244 1848 Kere
3271 1805 3292 1846 :
3321 1791 3606 1850 Hebraice
3645 1795 3786 1850 sicut

509 1877 883 1970 sustinendam
906 1905 1284 1966 tentationem,
1319 1912 1421 1968 pro
1448 1895 1668 1952 tristitia
1695 1892 2041 1964 redarguitur
2068 1908 2082 1945 :
2114 1877 2161 1938 B
2189 1884 2304 1956 ipse
2328 1883 2492 1942 ludas
2515 1884 2670 1950 dixit,
2717 1885 3043 1942 Salameleclt
3071 1904 3085 1940 :
3109 1885 3334 1970 verbum
3363 1885 3784 1953 salutatorium,

509 2003 590 2058 Ac
622 2001 668 2056 si
693 2001 838 2056 dicat
862 2015 878 2052 :
901 1996 961 2052 Si
993 1993 1212 2050 tristitia
1237 1991 1418 2046 futura
1437 1988 1556 2060 jam
1583 1994 1636 2040 te
1658 1997 1976 2056 oppressum
1995 1982 2092 2036 ha-

509 2095 626 2158 bet,
653 2090 780 2162 quid
801 2089 968 2146 facies
988 2101 1110 2142 cum
1133 2083 1248 2153 jam
1261 2077 1504 2138 venerit?
1517 2077 1755 2148 Apparet
1775 2073 1900 2146 quia
1927 2088 2090 2144 nega-

512 2185 618 2250 bis,
655 2182 747 2252 qui
771 2181 884 2252 jam
926 2176 1150 2249 vigilare
1177 2187 1391 2228 meeum
1417 2183 1528 2227 non
1563 2175 1737 2240 potes.
1795 2162 2017 2236 Vigilate
2041 2172 2104 2218 et-

509 2283 676 2328 orate.
718 2271 785 2326 Et
814 2281 1039 2340 oorpore
1091 2264 1310 2336 vigilate
1363 2267 1420 2316 et
1458 2259 1660 2314 animo.
1711 2255 1782 2310 Et
1815 2265 1982 2321 orate,
2035 2261 2092 2308 ut

509 2378 614 2418 non
639 2359 844 2414 intretis
867 2357 924 2412 in
947 2354 1306 2410 tentationem.
1327 2347 1447 2404 Non
1473 2347 1630 2412 dixit,
1664 2359 1770 2400 non
1785 2342 2088 2410 tentemini,

510 2451 654 2522 quod
690 2465 798 2502 non
825 2453 1004 2517 potest
1035 2457 1179 2508 esse,
1223 2439 1350 2510 quia
1388 2435 1568 2492 nullus
1593 2433 1695 2490 fuit
1723 2434 1816 2504 qui
1847 2448 1956 2488 non
1977 2430 2094 2488 fue-

511 2539 584 2594 rit
623 2545 881 2593 tentatus.
907 2533 976 2587 Et
996 2531 1094 2602 qui
1139 2545 1246 2585 non
1273 2535 1358 2584 est
1386 2534 1646 2592 tentatus,
1699 2538 1809 2578 non
1834 2531 1920 2579 est
1964 2537 2092 2594 pro-

509 2632 688 2686 batus.
719 2627 838 2682 Non
863 2625 1120 2681 debemus
1145 2635 1304 2676 orare
1323 2629 1386 2674 ut
1410 2633 1519 2674 non
1552 2625 1845 2682 tentemur,
1892 2615 1988 2672 sed
2021 2627 2092 2670 ne

511 2719 831 2776 inducamur
851 2716 906 2770 in
931 2713 1302 2769 tentationem.
1329 2709 1455 2764 ideo
1482 2707 1615 2764 dicit
1655 2715 1712 2760 ut
1757 2721 1862 2760 non
1889 2705 2093 2759 intretis

511 2817 568 2872 in
620 2815 978 2877 tentationem,
1018 2824 1184 2882 quam
1209 2808 1354 2864 ferre
1400 2822 1512 2862 non
1567 2805 1812 2876 potestis.
1865 2803 2093 2874 Spiritus

511 2909 1018 2980 quidempromptus
1035 2911 1130 2968 est,
1182 2917 1304 2956 caro
1333 2907 1508 2954 autem
1551 2896 1785 2966 inﬁrma.
1833 2893 2092 2966 Spiritus,

511 3000 566 3055 id
595 3005 676 3054 est
703 2997 903 3063 anima,
941 3001 1130 3066 parata
1159 2999 1242 3048 est
1264 2991 1332 3045 ad
1379 2989 1558 3044 danda
1597 2987 1842 3042 membra
1878 2999 1978 3056 pro
2004 2999 2092 3041 sa—

511 3087 626 3144 lute
665 3086 966 3152 hominum,
1015 3083 1110 3140 sed
1135 3095 1264 3138 caro
1294 3076 1630 3150 expavescit,
1683 3076 1826 3132 sicut
1877 3082 2095 3132 terrena

513 3191 622 3242 res,
655 3186 870 3230 terrena
911 3181 1204 3256 tormqnta.
1239 3169 1378 3238 Quid
1415 3168 1599 3224 dicent
1616 3165 1708 3236 qui
1749 3165 1872 3237 puri
1921 3163 2094 3220 homi-

513 3282 612 3322 nes
645 3273 793 3330 sunt,
827 3264 875 3318 si
924 3263 1004 3318 sic
1047 3261 1241 3332 plenus
1283 3257 1570 3314 divinitate
1603 3256 1863 3313 Dominus
1907 3263 2096 3311 noster

513 3356 850 3426 loquebatur.
892 3353 1093 3408 Iterum
1115 3351 1344 3406 secundo
1386 3350 1513 3404 abiit
1542 3356 1592 3402 et
1642 3349 1829 3414 orauit,
1869 3347 2044 3401 dicens
2076 3360 2095 3400 :

515 3445 680 3502 Pater
707 3445 796 3508 mi,
829 3443 874 3498 si
909 3459 1014 3498 non
1039 3450 1204 3512 potest
1246 3439 1474 3494 transire
1504 3439 1589 3492 hic
1613 3437 1772 3502 calix,
1799 3436 1900 3490 nisi
1927 3435 2099 3490 bibam

513 3537 681 3602 illum,
716 3536 810 3606 ﬁat
847 3533 1088 3589 voluntas
1137 3540 1249 3594 tua.
1287 3529 1404 3585 Non
1456 3528 1600 3600 quod
1624 3529 1862 3583 humano
1903 3524 2099 3580 aii‘ectu

515 3627 726 3698 loquor,
757 3626 872 3691 ﬁat,
904 3624 1000 3680 sed
1024 3629 1248 3694 propter
1272 3619 1415 3691 quod
1457 3619 1524 3674 ad
1562 3627 1741 3674 terras
1791 3624 1882 3671 tua
1911 3616 2100 3670 volun-

517 3727 630 3773 tate
673 3715 944 3774 descendi.
980 3714 1038 3770 Si
1053 3720 1234 3785 potest
1262 3711 1382 3768 ﬁeri
1407 3719 1468 3766 ut
1500 3711 1616 3766 sine
1638 3709 1862 3766 interitu
1887 3707 2100 3768 Judan-

516 3821 638 3862 rum
661 3806 900 3877 gentium
919 3803 1206 3860 multitudo
1225 3803 1432 3868 credat,
1456 3801 1764 3872 passionem
1793 3814 2006 3856 recuso.
2039 3797 2100 3854 Si

517 3911 699 3958 autem
712 3901 787 3957 illi
800 3901 1106 3958 excecandi
1119 3909 1246 3958 sunt
1261 3909 1323 3955 ut
1334 3913 1522 3955 onmes
1537 3913 1638 3968 gen
1645 3905 1726 3952 tes
1741 3896 1976 3962 videant,
1993 3910 2100 3951 non

519 4007 660 4056 mea,
699 3991 886 4056 Pater,
919 3991 1014 4046 sed
1043 3999 1134 4046 tua
1159 3989 1407 4046 voluntas
1438 3988 1550 4044 iiat.
1579 3987 1780 4042 Iterum
1807 3988 1958 4040 tertio
1971 3985 2102 4040 abiit

523 4091 572 4135 et
598 4083 788 4136 oravit.
832 4079 985 4136 Sicut
1021 4082 1250 4136 tentatio
1281 4081 1454 4136 tribus
1490 4078 1666 4134 modis
1693 4077 1991 4147 perﬁcitur,
2026 4075 2102 4130 ita

523 4185 673 4224 arma
697 4179 888 4225 contra
922 4171 1273 4226 tentationem
1307 4179 1392 4226 ter
1455 4167 1756 4240 expetenda
1776 4175 1926 4222 sunt.
1954 4164 2099 4218 Tunc

522 4263 658 4317 venit
689 4261 756 4314 ad
796 4259 1078 4328 discipulos
1135 4277 1257 4314 suos
1309 4268 1358 4314 et
1403 4259 1594 4314 invenit
1631 4275 1716 4312 eos
1765 4255 2096 4310 dormientes.

522 4349 712 4408 Causae
742 4348 992 4420 superius
1045 4347 1447 4418 comprehensae
1501 4345 1880 4416 opprimebant
1916 4344 2102 4401 oculos

523 4438 987 4497 eorum.Dormite
999 4438 1120 4509 jam
1158 4445 1206 4493 et
1243 4437 1568 4509 requiescite.
1611 4434 1716 4490 Per
1763 4433 2100 4488 contrarium

524 4531 862 4602 intelligitur.
891 4530 970 4586 Ac
993 4531 1038 4586 si
1065 4530 1248 4586 dicat:
1272 4529 1390 4586 Non
1418 4536 1502 4584 est
1535 4536 1749 4598 tempus
1777 4526 2100 4592 dormiendi,

527 4625 654 4696 quia
702 4623 1152 4694 appropinquabit
1190 4623 1282 4692 qui
1331 4637 1418 4677 me
1461 4621 1658 4676 tradet.
1690 4619 1760 4674 Et
1795 4628 1879 4674 est
1917 4619 2104 4674 ironite

527 4717 753 4789 species.
784 4714 842 4772 Si
880 4725 1060 4770 autem
1087 4715 1387 4772 secundum
1413 4713 1658 4770 Marcum
1683 4714 1776 4785 qui
1809 4713 1939 4770 dicit
1965 4713 2106 4768 Dor-

531 4808 674 4874 mite,
725 4815 781 4863 et
825 4814 1016 4878 postea
1046 4805 1232 4872 infert,
1261 4805 1472 4876 sufﬁcit,
1495 4805 1848 4874 intelligimus
1887 4818 1980 4859 eos
2001 4802 2102 4858 ali-

530 4899 660 4970 quid
683 4899 845 4970 spatii
871 4899 1155 4964 dormisse,
1178 4905 1234 4954 et
1254 4907 1382 4952 tunc
1419 4897 1623 4952 dixisse
1653 4897 1941 4952 Dominum
1971 4895 2106 4952 satis

528 4991 740 5046 habetis
780 4999 1109 5060 soporatum.
1141 4989 1372 5060 Surgite,
1423 5003 1624 5044 eamus.
1657 4987 1736 5042 Ac
1758 4987 1805 5042 si
1853 4985 2100 5042 diceret:

529 5083 647 5138 Non
687 5097 787 5138 nos
825 5082 1098 5138 inveniant
1140 5081 1291 5150 quasi
1331 5081 1590 5136 timentes
1611 5087 1667 5134 et
1721 5087 2102 5148 retractantes,

529 5178 672 5233 ultro
695 5191 982 5250 pergamus
1003 5175 1070 5229 ad
1097 5181 1347 5240 mortem,
1382 5181 1444 5228 ut
1483 5172 1658 5228 sciant
1677 5171 1804 5228 auia
1822 5186 1932 5227 non
1961 5171 2107 5226 devi-

533 5283 729 5337 tamus,
761 5283 936 5340 neque
963 5266 1216 5339 fugimus.

602 5361 787 5414 Adhuc
817 5359 928 5428 ipso
957 5357 1213 5428 loquente,
1237 5369 1352 5409 ecce
1389 5353 1560 5408 ludas
1581 5369 1720 5408 unus
1741 5351 1807 5407 de
1832 5351 2109 5406 duodecim

534 5449 688 5513 venit,
735 5457 926 5502 etcum
951 5463 1010 5502 eo
1037 5445 1188 5500 turba
1232 5444 1398 5498 multa
1445 5461 1561 5498 eum
1587 5443 1778 5514 gladiis
1803 5453 1850 5498 et
1883 5442 2108 5513 fustibus

533 5533 791 5602 exierunt,
837 5537 984 5592 missi
1025 5553 1058 5590 a
1082 5533 1404 5606 principibus
1456 5534 1784 5588 sacerdotum
1808 5541 1856 5588 et
1883 5533 2106 5587 seniori-

536 5623 632 5680 bus
672 5625 866 5694 populi.
897 5625 1219 5682 Sacerdotes
1245 5625 1522 5696 petierunt
1539 5623 1794 5690 Pilatum,
1820 5633 1876 5678 et
1899 5622 2108 5678 Pilatus

537 5713 686 5770 dedit
709 5727 871 5767 uuam
900 5717 1196 5781 cohortem,
1219 5717 1274 5771 id
1301 5723 1405 5782 est,
1433 5717 1754 5786 quingentos
1804 5715 2022 5782 milites,
2051 5726 2109 5774 et

539 5819 662 5866 cum
686 5805 772 5858 his
791 5803 1100 5876 sacerdotes
1123 5807 1387 5876 miserunt
1419 5821 1546 5866 suos
1571 5821 1756 5864 servos
1784 5823 1906 5862 cum
1928 5809 2106 5865 contis

2189 1991 2289 2046 per
2326 1977 2468 2046 quod
2513 1985 2674 2042 totus,
2685 1977 2916 2034 mundus
2937 1991 3003 2032 ex
3025 1965 3297 2050 praecepto
3323 1976 3714 2035 Romanorum
3729 1993 3788 2034 se

2191 2064 2482 2121 salutabat.

2263 2159 2510 2231 Dixitque
2545 2158 2626 2215 illi
2653 2159 2810 2216 Iesus
2836 2174 2856 2214 :
2893 2161 3093 2228 Amice,
3139 2161 3210 2218 ad
3235 2164 3364 2234 quid
3390 2164 3592 2220 uenisti
3611 2165 3642 2218 1
3677 2163 3780 2220 Pa

2193 2251 2549 2322 antiphrasim
2589 2251 2927 2324 intelligitur,
2973 2253 3028 2310 id
3061 2262 3148 2310 est
3173 2269 3272 2326 per
3298 2256 3780 2318 contrarietatem,

2194 2344 2348 2416 quasi
2377 2359 2487 2401 non
2513 2346 2722 2400 amicus
2746 2347 2838 2416 qui
2867 2345 3002 2402 tales
3027 2348 3212 2404 hostes
3233 2347 3479 2404 adducit.
3519 2345 3628 2402 Vel
3657 2347 3786 2402 ami-

2193 2452 2292 2494 cus
2328 2451 2426 2508 per
2471 2438 2830 2507 cognitionem
2857 2453 2964 2494 non
3002 2439 3208 2494 amicus
3245 2453 3346 2510 per
3379 2439 3782 2510 Operationem.

2194 2527 2278 2582 Ad
2297 2527 2423 2598 quid
2443 2528 2625 2582 venisti
2644 2527 2964 2584 subauditur
2981 2529 3190 2600 perﬁce.
3231 2527 3360 2584 Sive
3377 2537 3443 2583 ut
3461 2528 3609 2584 alius
3629 2544 3784 2584 evan-

2195 2617 2388 2690 gelista
2413 2617 2543 2672 dicit
2567 2635 2580 2672 :
2617 2615 2811 2674 Osculo
2835 2617 3007 2688 ﬁlium
3027 2618 3253 2673 hominis
3279 2618 3476 2674 tradis.
3521 2618 3688 2686 Quod
3711 2620 3786 2674 si-

2195 2726 2362 2781 gnum
2404 2710 2555 2782 pacis
2584 2710 2724 2782 apud
2769 2717 2990 2766 cunctas
3025 2718 3212 2782 gentes
3235 2719 3322 2768 est
3357 2713 3418 2766 in
3447 2710 3786 2768 discordiam

2197 2802 2486 2858 convertis.
2530 2800 2942 2858 Constituerunt
2970 2810 3152 2858 autem
3179 2804 3390 2874 antiqui
3431 2805 3546 2860 hoc
3573 2803 3786 2874 signum

2195 2893 2348 2964 pacis
2367 2907 2488 2948 esse
2506 2932 2521 2958 ,
2568 2901 2628 2948 ut
2658 2891 3014 2964 iungerentur
3059 2893 3134 2950 illi
3163 2909 3302 2966 quos
3327 2895 3594 2950 homines
3619 2894 3786 2950 soluit

2199 2983 2380 3040 facere
2406 2984 2760 3050 concordare,
2789 2991 2883 3040 aut
2905 2983 3244 3040 discordare.
3293 2983 3364 3040 Et
3398 2993 3560 3040 esset
3581 2985 3690 3039 hoc
3719 2983 3788 3039 si-

2199 3092 2364 3149 gnum
2402 3076 2541 3132 sicut
2573 3091 2673 3132 nos
2723 3077 2830 3132 duo
2885 3078 3126 3132 membra
3154 3077 3470 3150 iungimus,
3501 3078 3588 3132 sic
3609 3075 3784 3132 omnia

2201 3169 2446 3226 membra
2473 3177 2632 3225 erunt
2656 3184 2841 3224 unum.
2885 3167 3028 3224 Tunc
3057 3179 3402 3234 accesserunt,
3443 3179 3494 3224 et
3523 3187 3696 3224 manu
3721 3169 3790 3221 is-

2189 3261 2429 3332 jecerunt
2461 3262 2517 3315 in
2559 3259 2762 3316 Iesum.
2817 3259 2960 3318 Ante
2998 3260 3198 3318 factum
3236 3270 3323 3318 est
3367 3263 3520 3332 quod
3557 3261 3788 3318 Joannes

2197 3351 2368 3409 refert
2385 3393 2402 3419 ,
2445 3353 2572 3422 quia
2599 3368 2722 3408 cum
2749 3353 2886 3408 dixit
2911 3353 2992 3409 eis
3015 3370 3031 3410 :
3051 3353 3164 3426 Ego
3187 3371 3330 3422 sum,
3369 3355 3624 3409 abierunt
3661 3365 3786 3408 mn

2198 3446 2340 3502 sicut
2368 3445 2525 3500 inviti
2555 3445 2732 3502 solent
2773 3461 2954 3512 ruere,
2993 3455 3041 3500 et
3069 3446 3364 3500 ceciderunt
3379 3445 3440 3499 in
3467 3454 3690 3500 terrm.
3725 3442 3788 3498 Et

2198 3551 2322 3592 cum
2362 3537 2670 3592 habuerunt
2711 3537 2915 3592 divisos
2958 3536 3276 3605 discipulos,
3319 3545 3458 3592 tunc
3485 3535 3784 3607 ligaverunt

2198 3640 2342 3680 eum.
2381 3623 2427 3682 0
2455 3626 2672 3691 miseri,
2705 3625 2797 3694 qui
2845 3625 3153 3681 debueratis
3180 3624 3418 3680 osculari
3453 3624 3626 3695 pedes
3653 3623 3784 3693 ejus,

2198 3731 2392 3772 manus
2430 3716 2657 3786 ligastis.
2718 3715 2787 3771 Et
2827 3733 2942 3772 ecce
2977 3733 3114 3772 unus
3151 3733 3216 3772 ex
3257 3717 3342 3770 his
3367 3717 3464 3786 qui
3501 3727 3650 3771 erant
3679 3731 3784 3770 cu

2198 3805 2349 3872 Iesu,
2382 3807 2661 3861 extendens
2689 3823 2906 3862 manum
2931 3808 3112 3862 eximit
3133 3806 3388 3878 gladium.
3465 3805 3668 3861 Petms
3691 3807 3786 3860 hoc

2201 3898 2332 3954 fecit
2359 3902 2546 3954 eodem
2579 3899 2772 3954 ardore
2809 3898 2932 3954 ﬁdei
2961 3913 3070 3970 quo
3093 3907 3150 3954 et
3177 3907 3394 3954 caetera.
3449 3897 3672 3953 Placuit
3695 3913 3784 3952 au-

2201 3997 2310 4044 tem
2337 3989 2565 4046 Domino
2607 3989 2682 4046 ita
2709 3989 2858 4056 ﬁeri,
2905 3999 2963 4045 ut
3001 4005 3190 4046 omnes
3229 3999 3630 4060 cognoscerent
3651 3987 3786 4058 quoi

2202 4081 2318 4152 ipse
2365 4081 2532 4137 nollet
2576 4097 2636 4138 se
2661 4081 2948 4140 defendere
2995 4090 3052 4138 et
3079 4091 3139 4138 ut
3169 4081 3312 4140 facta
3341 4081 3568 4150 virtute,
3609 4082 3788 4138 dimit-

2203 4182 2446 4230 terentur
2471 4174 2739 4244 discipuli.

2275 4264 2342 4318 Et
2371 4265 2662 4335 percutiens
2694 4283 2900 4320 servum
2935 4267 3184 4338 principis
3209 4265 3564 4330 sacerdotum,
3599 4248 3786 4336 mpu-

2203 4359 2328 4412 tavit
2353 4357 2646 4412 auriculam
2669 4359 2806 4428 ejus.
2843 4358 2980 4426 Quid
3018 4359 3290 4432 cogitasti,
3327 4357 3588 4429 princeps
3611 4369 3790 4412 sacer-

2205 4449 2409 4515 dotum,
2435 4447 2652 4518 quando
2671 4449 2854 4506 vidisti
2881 4466 3094 4506 servum
3125 4459 3276 4505 tuum
3313 4463 3536 4512 sanum,
3559 4457 3622 4502 et
3645 4447 3788 4528 illum

2206 4541 2298 4610 qui
2324 4539 2426 4596 hoc
2457 4539 2585 4594 fecit
2613 4539 2776 4596 morti
2799 4541 3138 4611 adjudicasti.
3180 4540 3402 4611 Typice,
3437 4538 3690 4594 Malechus
3717 4539 3770 4592 is

2213 4637 2540 4700 terpretatur
2575 4646 2702 4696 rex;
2754 4639 2812 4686 et
2853 4631 3080 4701 populus
3103 4631 3412 4686 Judteorum
3447 4630 3548 4700 qui
3573 4645 3676 4684 rex
3699 4627 3790 4683 de-

2211 4721 2329 4776 buit
2349 4735 2470 4777 esse
2511 4735 2572 4776 se
2600 4721 2859 4792 regendo,
2887 4737 3078 4777 servus
3113 4720 3324 4792 peccati
3360 4719 3544 4775 factus
3575 4727 3686 4774 est.
3729 4716 3792 4772 Et

2210 4813 2437 4883 perdidit
2476 4812 2770 4867 auriculam
2798 4811 2910 4882 ejus
2943 4812 3201 4867 dextram.
3241 4811 3350 4866 Per
3373 4825 3548 4880 quam
3579 4810 3680 4864 Dei
3705 4823 3796 4860 au-

2211 4901 2329 4956 dire
2353 4909 2623 4972 praecepta
2655 4901 2858 4966 debuit,
2891 4901 2988 4956 sed
3011 4901 3090 4956 eis
3117 4901 3382 4955 Dominus
3403 4899 3682 4964 restituit,
3707 4897 3792 4968 qui

2211 4991 2436 5047 credere
2459 4991 2744 5046 voluerunt
2767 5005 2831 5046 ex
2855 4991 2954 5046 eis.
2993 4989 3080 5044 Ait
3101 4990 3206 5044 illis
3219 4989 3378 5044 Jesus
3403 5003 3422 5041 :
3452 4987 3796 5044 Ommatius

2211 5081 2301 5152 qui
2339 5081 2628 5152 acceperint
2669 5079 2904 5151 gladium
2948 5079 3303 5149 (subauditur
3345 5077 3415 5132 ad
3461 5077 3798 5146 malefacia-

2213 5172 2362 5247 dum)
2393 5172 2568 5244 gladio
2591 5172 2855 5244 peribunt.
2923 5171 2981 5227 Si
3019 5188 3128 5228 non
3161 5169 3428 5226 materiali
3455 5168 3666 5239 gladio,
3695 5167 3794 5238 gla-

2214 5264 2303 5320 dio
2326 5263 2601 5328 invisibili,
2631 5263 2744 5318 sive
2769 5262 2918 5318 verbi
2947 5261 3042 5317 Dei
3073 5262 3268 5334 gladio.
3325 5259 3432 5316 Sed
3461 5267 3522 5316 et
3547 5261 3804 5328 frequen-

2215 5367 2302 5415 ter
2327 5359 2594 5424 videmus,
2623 5357 2768 5428 quod
2805 5357 2852 5411 is
2879 5355 2970 5426 qui
2993 5356 3192 5426 injuste
3213 5353 3450 5423 aliquem
3471 5350 3688 5406 occidit
3705 5349 3804 5404 nisi

2214 5448 2590 5518 paenitentiam
2636 5453 2760 5516 agat
2809 5445 3121 5516 frequenter
3167 5453 3222 5500 et
3277 5444 3392 5514 ipse
3435 5441 3496 5496 in
3545 5437 3804 5511 prasenli

2217 5537 2463 5592 moritur.
2503 5537 2623 5606 Ipsa
2663 5535 2876 5590 videtur
2921 5550 3041 5592 esse
3081 5533 3366 5598 sentcntia,
3391 5547 3564 5602 quam
3595 5527 3802 5601 ipse“

2216 5626 2328 5682 Noe
2363 5627 2574 5682 locutus
2611 5635 2696 5682 est
2734 5625 2922 5682 dicens
2957 5644 2970 5680 :
3007 5625 3314 5696 Quicunque
3344 5621 3597 5694 cﬁ'uderit
3623 5623 3788 5676 lim

2217 5734 2340 5772 num
2368 5717 2698 5788 sanguinem,
2728 5714 2978 5784 fundatur
3004 5711 3220 5788 sanguis
3245 5712 3408 5768 illius.

2287 5808 2370 5862 An
2389 5817 2542 5878 putas
2561 5807 2689 5878 quia
2713 5823 2816 5860 non
2834 5819 3044 5878 possunt
3071 5819 3254 5874 rogare
3281 5799 3506 5858 Patrem
3529 5815 3742 5868 meum,
3761 5805 3808 5850 et
