3988 6446
275 458 410 517 μω

1186 447 1870 514 ςικτμμελρθειιτιοιίιη
1904 448 2458 520 κμτππιθωίηη

3366 462 3512 522 Mm

273 573 791 639 Primusgllidnotla,
821 573 938 641 qui.
969 569 1124 640 illum
1147 566 1616 631 moluitoccidelc.
1656 571 1710 620 et
1733 576 1836 631 pro

1938 564 2214 654 venientes
2246 575 2511 638 ungerent
2522 615 2526 624 .
2537 567 2750 638 lesuiri-
2765 615 2768 620 -
2781 567 3027 654 Vespere
3037 580 3108 636 et
3121 619 3128 634 ι
3141 575 3426 636 masculini
3439 590 3505 638 et

273 669 390 737 ipso
429 666 742 722 innocentes
779 662 976 718 occidit
1010 660 1276 729 iussitque
1311 671 1498 720 omnes
1527 655 1838 724 Scripturaa

270 759 481 813 divinas
511 757 668 812 aduri
683 797 698 820 ,
721 767 785 809 ut
810 751 1402 824 putaretur-progenies
1425 748 1552 816 ejus
1567 745 1838 816 ,ἀφωριιὶ

271 848 670 910 settine=David
693 853 836 911 esse,
857 845 1148 915 et-accepit.
1165 844 1525 902 Mariamnam
1548 839 1838 904 Aristoboli

270 945 451 1008 illlam,
491 944 638 1016 utin
669 951 984 1013 perpetuum
1016 940 1240 994 haberet
1279 937 1394 1006 ejus
1418 936 1700 1006 progenies
1747 952 1835 998 re-

268 1047 449 1106 gnum.
494 1032 598 1088 Sed
625 1033 749 1102 quia
777 1031 984 1101 injuste
1013 1039 1070 1085 et
1093 1037 1282 1084 contra
1317 1027 1414 1084 Dei
1440 1027 1609 1082 voluit
1646 1026 1838 1082 volun-

268 1131 455 1191 tatem,
487 1126 594 1180 cito
618 1125 982 1193 decidit..lpse
999 1124 1160 1178 enim
1195 1136 1306 1176 non
1329 1119 1448 1188 plus
1473 1133 1636 1188 quam
1667 1119 1840 1178 tribus

267 1217 424 1272 anuis
466 1216 708 1285 regnavit
731 1221 858 1285 speet
889 1216 1204 1269 innocentes
1232 1212 1538 1283 jugulatos;
1575 1212 1838 1268 urebatur

267 1316 444 1360 autent
485 1323 516 1360 a
547 1306 678 1360 foris
709 1306 835 1377 igne
863 1321 1017 1360 sacro
1051 1320 1146 1360 seu
1171 1305 1317 1360 lento
1339 1343 1356 1369 ,
1398 1318 1595 1372 corpus
1621 1300 1836 1370 ejusto-

266 1403 377 1448 tmn
410 1396 685 1464 putridum
713 1404 833 1450 erat
874 1399 939 1450 de
976 1397 1142 1450 intus.
1173 1395 1454 1452 Anhelitus
1478 1392 1601 1462 ejus.
1637 1403 1834 1454 tetrum

262 1487 480 1540 odorem
517 1488 807 1552 reddebat,
846 1489 1040 1556 pedum
1079 1486 1318 1553 inﬂatio,
1357 1496 1414 1542 et
1440 1490 1831 1551 verendorum,

261 1586 318 1631 et
334 1593 438 1647 pro.
458 1580 542 1633 his
567 1582 818 1636 omnibus
838 1582 1073 1635 maxima
1096 1581 1280 1636 febris.
1300 1580 1421 1636 Jam
1443 1581 1679 1636 habebat
1693 1579 1838 1636 occi-

261 1683 377 1721 sam
419 1683 641 1722 uxorem
674 1685 824 1723 suam
867 1670 1222 1723 Mariamnam
1263 1679 1320 1724 et
1375 1679 1487 1724 tres
1517 1670 1654 1725 tilios
1708 1683 1835 1726 suos

260 1757 328 1811 de
357 1773 419 1812 ea
458 1759 880 1822 :Aristobolnm,
925 1759 1218 1814 Hircanum
1266 1769 1320 1813 et
1365 1760 1725 1828 Antipatrem,
1779 1767 1836 1815 et

259 1850 391 1904 alios
413 1861 539 1906 tres.
566 1852 631 1906 Et
647 1863 823 1907 tamen
840 1854 895 1906 in
921 1853 1006 1906 bis
1028 1853 1306 1906 doloribus
1326 1854 1830 1922 praecepitomnium

1936 653 2180 720 feminini
2226 658 2440 726 generis
2466 660 2757 728 invenitur,
2792 668 2897 716 tam
2923 663 3072 731 apud
3096 663 3508 736 Gmcosquam

1936 748 2076 818 apud
2099 747 2458 814 Latinos,.sed
2486 760 2664 806 tamen
2689 751 2969 824 illidicunt
2994 755 3210 827 bespera
3235 775 3331 836 per
3353 762 3503 832 aspis

1937 839 2230 909 rationem,
2259 856 2358 908 nos
2378 857 2570 913 ,κῖκυς
2598 860 2824 914 uespere,
2849 849 3089 915 rqttod-in
3107 851 3304 910 multis
3329 857 3510 914 nouli?
3592 845 3604 852 ”

1936 929 2094 984 nibus
2127 931 2363 1000 agimus,
2395 949 2518 987 cum
2556 933 2609 988 in
2649 943 2886 992 nostram
2927 938 3166 1010 linguam
3203 950 3512 1012 transeunte

1936 1030 2029 1080 aut
2055 1039 2080 1077 s
2103 1031 2198 1078 aut
2222 1040 2257 1086 ιν
2286 1034 2548 1092 ponentes
2579 1042 2677 1095 pro
2705 1029 3028 1097 aspiratione
3061 1031 3296 1100 illorum,
3319 1044 3382 1090 ut
3425 1036 3500 1091 illi

1935 1114 2191 1186 heminas
2217 1131 2327 1184 seat.
2365 1113 2726 1187 Quadraginta
2769 1119 2928 1176 horas
2952 1122 3126 1189 jacuit
3163 1123 3422 1182 Dominus
3451 1127 3510 1182 in.

1935 1201 2204 1275 sepulcro,
2229 1210 2283 1264 et
2306 1211 2585 1278 propterea
2608 1220 2703 1272 per
2737 1207 3090 1280 quadraginta
3113 1211 3230 1264 dies
3257 1216 3512 1281 apparuit

1935 1291 2032 1370 eis.
2065 1291 2132 1344 Et
2159 1309 2270 1350 ecce
2294 1303 2620 1358 terminatus
2644 1296 2814 1363 factus
2831 1308 2914 1356 est
2934 1316 3175 1371 magnus.
3209 1302 3510 1362 Terrzemon

1935 1387 2023 1438 tus
2047 1381 2224 1438 factus,
2240 1391 2328 1446 est
2351 1391 2570 1453 propter
2595 1387 2843 1454 custodes
2865 1396 2922 1440 ut
2945 1397 3295 1455 terrerentur,
3323 1401 3379 1446 ut
3402 1408 3511 1448 non

1935 1471 2193 1524 auderent
2225 1473 2526 1542 prohibere
2587 1475 2898 1539 venientes,
2945 1489 2999 1532 et
3047 1488 3226 1535 tamen
3264 1481 3512 1540 videntes

1933 1565 2321 1634 veritatemque
2339 1569 2740 1634 annuntiarent.
2763 1570 3059 1626 Nihilenim
3085 1572 3165 1628 sic
3179 1583 3345 1628 terret
3366 1590 3510 1628 mor-

1934 1657 2120 1732 talium
2149 1667 2370 1726 pectora
2396 1675 2556 1730 quam
2586 1663 2878 1718 tonitruum
2905 1673 2959 1720 et
2989 1673 3346 1722 terrmmotus.
3387 1667 3507 1736 Spi-

1934 1747 2198 1812 ritaliter,
2229 1748 2343 1802 istae
2371 1750 2488 1804 duce
2516 1749 2726 1806 femina:
2757 1754 2872 1807 dua:
2899 1755 3084 1823 plebes
3107 1767 3256 1820 sunt,
3285 1756 3506 1812 Judaica

1935 1844 1989 1891 et
2013 1838 2248 1906 gentilis.
2287 1838 2673 1905 Tememotus,
2706 1845 2988 1898 concussio
3016 1845 3111 1899 Dei
3154 1861 3219 1900 ex
3247 1848 3507 1916 praedica-

257 1941 516 1996 nobilium
541 1943 678 1997 filios
713 1943 912 1997 recludi
945 1943 1001 1996 in
1031 1958 1138 1996 uno
1182 1942 1320 2006 loco,
1342 1951 1397 1996 et
1423 1943 1636 1997 vocavit
1663 1944 1728 1996 ad
1771 1958 1830 1997 se

1937 1927 2081 1982 tione
2107 1927 2339 1996 Spiritus
2361 1931 2550 1983 sancti.
2584 1931 2811 2001 Angelus
2831 1934 3064 1990 Domini.
3103 1912 3368 2008 Obseqnia
3405 1954 3503 1992 an-

257 2047 502 2088 socerum
552 2050 706 2088 suum
731 2076 745 2099 ,
798 2043 854 2088 et
895 2035 972 2088 ait
998 2034 1074 2088 illi
1105 2051 1119 2087 :
1150 2034 1263 2104 Ego
1317 2035 1438 2088 novi
1476 2035 1616 2103 quod
1667 2033 1834 2089 Judati

257 2123 580 2178 laetabuntur
635 2125 701 2179 de
747 2132 921 2178 morte
975 2139 1094 2179 mea
1120 2164 1135 2189 ,
1190 2125 1284 2179 sed
1329 2125 1372 2179 si
1418 2134 1478 2178 tu
1530 2125 1790 2180 voluisses
1816 2165 1832 2192 ,

257 2230 356 2285 ego
385 2215 694 2270 habuissem
732 2215 976 2286 lugentes
1002 2216 1308 2285 exsequias,
1347 2223 1407 2269 ut
1435 2232 1556 2270 cum
1591 2225 1834 2270 mortuus

259 2308 498 2373 fuissem,
532 2308 899 2363 interfecisses
926 2308 1186 2363 nobilium
1214 2308 1370 2373 ﬁlios,
1412 2318 1466 2363 et
1502 2317 1632 2364 tunc
1666 2309 1832 2363 habe-

259 2412 371 2452 rem
401 2399 639 2468 lugentes
661 2399 966 2468 exsequias.
985 2399 1075 2453 llle
1098 2400 1345 2468 promisit
1366 2415 1426 2455 se
1445 2401 1518 2454 ita
1542 2400 1832 2470 facturum,

257 2493 348 2546 sed
375 2491 503 2544 nihil
534 2490 687 2556 fecit;
736 2492 831 2546 sed
860 2507 982 2545 cum
1020 2501 1262 2547 mortuus
1293 2491 1413 2556 fuit,
1454 2494 1714 2563 praecepit
1743 2494 1834 2549 ille

257 2597 443 2636 omnes
485 2583 698 2636 dimitti.
746 2582 1041 2652 Postquam
1085 2599 1212 2638 vero
1260 2585 1400 2639 mala
1446 2587 1834 2642 convaluerunt

261 2671 313 2724 in
353 2687 496 2737 eum,
544 2673 754 2742 accepit
791 2673 879 2728 ille
908 2674 1179 2729 cultellum
1206 2677 1359 2744 quasi
1387 2677 1453 2731 ad
1494 2679 1832 2748 purgandum

256 2779 496 2832 pomum,
527 2774 581 2819 et
613 2767 813 2821 occidit
839 2767 1095 2836 seipsum,
1137 2777 1194 2822 et
1231 2770 1310 2824 sic
1337 2770 1490 2824 obiit.
1532 2770 1831 2828 Archelaus

258 2869 386 2909 vero
431 2856 571 2911 filius
599 2858 734 2927 ejus,
783 2859 838 2911 in
883 2859 1083 2913 Vienna
1123 2861 1314 2916 exsilio
1354 2862 1620 2933 relegatus
1673 2866 1826 2920 obiit.

259 2943 496 3000 Herodes
526 2963 739 3016 quoque
771 2948 1040 3002 tetrarcha
1061 2989 1076 3014 ,
1107 2948 1333 3007 Herodis
1360 2951 1520 3018 filius,
1553 2955 1644 3022 qui
1669 2954 1831 3009 Joan-

259 3049 380 3088 nem
435 3037 715 3092 decollavit
767 3047 821 3092 et
881 3038 1053 3094 Pilato
1103 3041 1158 3094 in
1215 3044 1464 3111 passione
1520 3048 1826 3111 consensit,

257 3125 515 3195 Lugduno
561 3127 836 3182 exsiliatus
863 3138 983 3194 est;
1037 3129 1276 3184 Herodes
1302 3131 1460 3196 alius,
1503 3148 1670 3201 nepos
1718 3134 1828 3189 He-

258 3215 432 3280 rodis,
460 3216 751 3270 Aristoboli
783 3218 953 3280 illius,
986 3219 1077 3286 qui
1106 3217 1364 3274 Jacobum
1397 3221 1620 3276 fratrem
1650 3225 1824 3278 sancti

255 3303 477 3359 Joannis
513 3305 816 3372 decollavit,
854 3321 952 3375 per
978 3312 1214 3377 quinque
1250 3311 1365 3366 dies
1396 3326 1426 3365 a
1463 3314 1732 3369 vermibus
1770 3317 1823 3370 in

255 3401 446 3447 ventre
474 3401 742 3450 comestus
773 3396 925 3450 obiit.
957 3395 1159 3452 Pilatus
1184 3413 1312 3455 vero
1332 3401 1548 3470 propria
1576 3418 1634 3458 se
1665 3421 1825 3460 manu

255 3483 546 3539 interfecit.

335 3573 558 3645 Vespera
575 3585 746 3631 autem
759 3578 961 3632 sabbati
981 3596 1099 3650 qua:
1113 3581 1391 3651 lucescitgin
1413 3585 1581 3653 prima
1601 3586 1822 3641 sabbati.

256 3663 491 3734 Vespera
519 3682 552 3720 a
587 3667 740 3722 stella
778 3669 1004 3735 dicitur,
1041 3687 1161 3741 quas
1200 3673 1336 3727 solet
1361 3675 1492 3728 oriri
1521 3675 1692 3744 prima
1731 3678 1828 3731 ad-

254 3764 661 3823 vesperascente
698 3757 803 3812 die.
848 3757 1081 3828 Vespere
1121 3769 1300 3814 autem
1340 3763 1568 3828 sabbati,
1615 3765 1830 3835 boebest

257 3845 310 3897 in
359 3845 565 3899 sabbati
609 3862 834 3917 vespere
873 3863 991 3917 qua:
1027 3850 1215 3920 incipit
1252 3851 1522 3908 lucescere
1548 3892 1564 3919 ,
1595 3856 1830 3924 pertinet

257 3945 435 3990 tamen
455 3938 522 3991 ad
547 3937 776 4007 primam
802 3940 1028 3994 sabbati.
1052 3940 1186 3995 Nam
1215 3941 1385 4015 [ante]
1411 3945 1698 4002 adventum
1726 3949 1831 4002 Do-

255 4026 387 4080 mini
426 4027 540 4082 dies
565 4029 904 4098 praecedebat
932 4045 1210 4100 vesperam
1232 4072 1247 4098 ,
1284 4041 1340 4087 et
1364 4035 1668 4105 quicunque
1693 4037 1831 4092 inte-

256 4133 408 4188 gram
433 4119 574 4173 diem
596 4119 810 4174 volebat
837 4120 1134 4188 celebrare,
1174 4133 1301 4180 ante
1328 4125 1636 4182 celebrabat
1663 4130 1826 4196 diem,

255 4216 311 4260 et
336 4219 458 4277 post
483 4225 764 4279 vesperam
807 4220 864 4266 et
907 4222 1138 4281 noctem,
1172 4225 1233 4270 ut
1267 4218 1666 4289 significaretur
1703 4225 1830 4292 quia

257 4298 426 4352 Adam
470 4301 537 4354 de
568 4305 816 4370 paradiso
844 4307 988 4360 venit
1019 4308 1071 4361 in
1113 4311 1392 4377 mundum,
1426 4313 1579 4381 quasi
1607 4317 1676 4369 de
1714 4316 1831 4372 luce

257 4391 324 4444 ad
346 4393 614 4457 tenebras,
647 4395 713 4448 de
737 4397 1041 4452 innocentia
1063 4401 1130 4454 ad
1158 4410 1459 4469 peccatum.
1496 4403 1620 4459 Post
1649 4421 1829 4460 resur-

259 4486 551 4539 rectionem
598 4501 749 4551 vero,
803 4503 1026 4557 vespera
1071 4499 1126 4544 et
1166 4507 1271 4545 nox
1324 4505 1734 4562 praecesserunt,
1773 4505 1833 4552 ut

1935 2019 2194 2090 gelorum,
2236 2036 2333 2089 per
2365 2037 2500 2089 quos
2533 2021 2661 2075 illud
2688 2025 3048 2080 ministerium
3079 2029 3373 2096 perfectum
3400 2037 3504 2084 est.

1936 2109 2166 2163 Revolvit
2221 2109 2465 2180 lapidem.
2512 2111 2627 2165 Non
2678 2122 2739 2167 ut
2780 2114 3006 2171 Domino
3046 2118 3187 2171 viam
3225 2120 3504 2188 panderet,

1935 2201 2028 2254 sed
2063 2209 2120 2255 ut
2155 2201 2467 2256 mulieribus
2497 2212 2822 2258 monstraret
2837 2205 2950 2275 jam
2981 2207 3177 2262 abiisse
3200 2209 3504 2272 Dominum,

1935 2300 1989 2347 et
2029 2299 2088 2344 ut
2130 2292 2362 2346 claustra
2405 2291 2602 2348 inferni
2642 2293 2845 2362 dejecta
2884 2303 2938 2349 et
2981 2306 3231 2365 superata
3267 2299 3504 2354 doceret.

1935 2381 2155 2436 Sedebat
2201 2401 2355 2453 super
2389 2401 2525 2437 eum.
2589 2385 2795 2440 Idcirco
2837 2387 3056 2442 sedebat
3101 2397 3160 2441 ut
3201 2390 3508 2446 ostenderet

1932 2474 2112 2528 omnia
2134 2473 2408 2528 Christum
2439 2475 2688 2530 habuisse
2718 2476 2946 2541 devicta,
2978 2488 3033 2532 et
3056 2488 3284 2534 mortem
3309 2491 3364 2535 et
3391 2497 3505 2536 cor-

1934 2567 2255 2635 ruptionem.
2294 2565 2428 2620 Nam
2456 2568 2671 2636 quando
2709 2577 2865 2624 natus
2890 2577 2974 2624 est
3008 2579 3214 2628 stantes
3248 2587 3508 2643 apparue-

1934 2667 2060 2712 runt
2097 2658 2293 2728 angeli,
2346 2668 2405 2712 ut
2441 2667 2834 2714 monstraretur
2861 2661 2984 2730 quia
3016 2663 3238 2718 haberet
3263 2681 3504 2735 pugnare

1933 2765 2054 2803 cum
2085 2750 2297 2804 diabolo
2324 2770 2335 2805 :
2371 2750 2504 2806 Erat
2532 2763 2707 2807 autem
2732 2763 2966 2823 aspectus
2995 2756 3110 2825 ejus
3138 2757 3272 2810 sicut
3306 2757 3503 2827 fulgur.

1931 2843 2000 2897 Et
2033 2843 2138 2897 hoc
2176 2843 2243 2897 ad
2281 2851 2542 2898 terrorem
2574 2845 2856 2899 custodum
2891 2844 3071 2916 (debet
3099 2856 3279 2902 autem
3307 2849 3510 2908 habere

1931 2951 1958 2987 υ
1993 2933 2047 2986 in
2089 2934 2462 3005 nominativo).
2504 2934 2640 3000 Quia
2680 2945 2900 3004 propter
2939 2938 3183 2992 timorem
3225 2939 3508 2994 custodum

1931 3024 1984 3077 in
2029 3023 2238 3094 fulgure
2278 3026 2546 3094 apparuit.
2587 3027 2657 3080 Et
2689 3030 3042 3083 vestimentum
3083 3031 3197 3100 ejus
3232 3032 3364 3084 sicut
3394 3034 3504 3086 nix.

1930 3117 2012 3171 Ad
2059 3118 2368 3173 blanditiem
2420 3119 2706 3174 mulierum
2747 3122 2949 3176 factum
2999 3131 3102 3188 est,
3153 3132 3214 3177 ut
3258 3124 3312 3178 in
3349 3125 3508 3180 unius

1932 3211 2109 3280 specie
2149 3220 2448 3280 appareret.
2497 3209 2620 3267 Prw
2658 3214 2841 3268 timore
2889 3224 3063 3268 autent
3109 3216 3222 3285 ejus
3273 3218 3512 3271 exterriti

1927 3311 2048 3356 sunt
2104 3297 2363 3356 custodes.
2417 3303 2486 3358 Et
2512 3313 2729 3374 propter
2780 3306 3032 3361 custodes
3072 3307 3193 3362 talis
3229 3310 3508 3380 apparuit,

1927 3404 1983 3448 et
2039 3400 2096 3446 ut
2159 3393 2396 3463 signaret
2448 3395 2572 3463 quia
2622 3395 2666 3450 is
2711 3412 2868 3466 quem
2919 3399 3202 3454 nuntiabat
3240 3408 3295 3454 et
3345 3401 3509 3454 terri-

1926 3485 2052 3540 bilis
2097 3484 2344 3554 reprobis
2392 3494 2447 3539 et
2492 3485 2723 3541 blandus
2776 3487 2990 3542 futurus
3032 3500 3176 3543 esset
3220 3488 3400 3557 justis.
3450 3489 3509 3546 In

1927 3574 2138 3646 fulgure
2169 3575 2326 3629 eninr
2348 3583 2524 3630 terror
2550 3576 2794 3641 timoris,
2839 3578 2896 3630 in
2924 3578 3047 3633 nive
3083 3579 3512 3634 blandimentum

1928 3666 2148 3722 amoris.
2177 3665 2516 3736 Respondeas
2543 3675 2720 3722 autem
2745 3667 2959 3738 angelus
2979 3710 2994 3735 ,
3021 3669 3154 3724 dixit
3181 3670 3506 3726 mulieribus.

1926 3761 2008 3815 Ad
2030 3762 2131 3816 hoc
2155 3759 2292 3815 alius
2307 3759 2638 3830 evangelista
2661 3759 2790 3814 dicit
2811 3761 2935 3830 quia
2958 3761 3209 3817 dicebant
3233 3762 3509 3831 mulieres,

1929 3852 2060 3919 Quis
2088 3853 2326 3907 revolvet
2346 3853 2500 3908 nobis
2527 3853 2794 3922 lapidem?
2815 3853 2897 3907 Ad
2925 3854 3026 3908 hoc
3052 3854 3251 3910 dicitur
3277 3871 3505 3926 respon-

1930 3943 2091 3997 disse.
2120 3942 2303 3998 Primo
2318 3943 2482 4013 ~pellit
2514 3944 2782 4009 timorem,
2815 3943 2941 4011 quia
2967 3944 3049 3998 sic
3070 3953 3154 3999 est
3179 3949 3511 4003 consuetudo

1931 4041 1986 4088 et
2009 4034 2150 4090 ratio
2169 4043 2230 4088 ut
2249 4036 2430 4105 primo
2459 4035 2690 4104 pellatur
2713 4037 2895 4100 timor,
2920 4052 3043 4092 cum
3066 4051 3172 4106 quo
3201 4052 3308 4091 non
3333 4045 3514 4106 potest

1930 4123 2094 4178 homo
2119 4123 2254 4177 bene
2295 4124 2616 4195 intelligere.
2647 4127 2776 4184 Post
2801 4146 2932 4185 vero
2961 4130 3187 4184 audiunt
3206 4129 3272 4183 de
3297 4142 3405 4197 quo
3435 4127 3510 4184 lo-

1931 4215 2236 4282 quebantur
2273 4215 2402 4283 ipsa:
2437 4216 2727 4272 mulieres:
2765 4218 2947 4273 Nolite
2989 4221 3170 4272 timere
3206 4235 3310 4272 vos.
3349 4217 3431 4272 Ac
3463 4218 3512 4274 si

1933 4314 2116 4374 aperte
2151 4306 2344 4360 dicat:
2386 4307 2462 4360 llli
2505 4308 2730 4364 timeant
2775 4311 2867 4378 qui
2914 4309 3096 4365 Jesum
3143 4326 3250 4366 non
3305 4318 3509 4376 amant,

1932 4398 2059 4464 quia
2093 4405 2313 4466 propter
2338 4397 2458 4452 illos
2483 4398 2597 4453 haec
2627 4399 2887 4455 terribilia
2927 4400 3069 4455 facta
3103 4411 3244 4455 sunt.
3279 4399 3386 4455 Vos
3412 4416 3510 4454 au-

1934 4499 2042 4546 tem
2069 4506 2190 4559 qua:
2217 4489 2398 4545 .lesum
2421 4492 2682 4558 quaeritis,
2713 4493 2877 4547 nolite
2900 4493 3109 4555 timere,
3129 4492 3255 4560 quia
3277 4492 3344 4545 ad
3369 4491 3511 4547 illius

255 4575 630 4629 ostenderetur
678 4577 802 4645 quia
860 4579 925 4630 de
965 4587 1187 4646 peccato
1227 4581 1423 4634 iterum
1471 4585 1716 4639 venimus
1761 4589 1828 4642 ad
1854 4620 1906 4680 Β
1933 4581 2250 4648 obsequium
2283 4581 2406 4634 veni
2456 4581 2521 4634 ad
2556 4581 2712 4648 cujus
2755 4590 2810 4634 et
2855 4597 2950 4636 vos
2981 4583 3198 4647 venitis,
3245 4593 3300 4637 et
3343 4597 3509 4637 unum

261 4669 618 4723 innocentiam
652 4684 747 4738 per
790 4667 1088 4724 Christum.
1131 4670 1283 4737 Quod
1304 4672 1514 4726 diversa
1540 4676 1824 4730 mulierum

261 4767 499 4828 tempora
539 4760 915 4813 describuntur
956 4763 1010 4814 in
1048 4760 1372 4830 Evangeliis,
1409 4779 1516 4817 non
1561 4767 1827 4821 mendacii

258 4859 360 4913 est,
393 4851 484 4903 sed
513 4847 814 4918 frequentia
840 4851 1144 4905 mulierum.
1187 4850 1444 4907 Venerunt
1465 4855 1534 4908 ad
1564 4872 1829 4926 vesperam

257 4944 477 4998 sabbati.
512 4943 639 4998 Post
683 4944 852 5013 ipsius
896 4945 1003 4998 diei
1044 4960 1328 5014 vesperam
1358 4956 1654 5012 venerunt,
1705 4964 1828 5004 cum

261 5039 432 5091 adhuc
461 5039 695 5093 tenebrae
721 5047 923 5104 essent,
959 5039 1011 5093 id
1039 5047 1142 5104 est,
1167 5049 1429 5095 venerunt
1451 5042 1626 5110 primo
1651 5057 1825 5096 mane.

263 5129 374 5183 Hoc
399 5145 527 5199 ergo
550 5131 680 5185 dicit
707 5146 928 5201 vespere
965 5131 1196 5195 sabbati,
1230 5146 1292 5185 ac
1326 5132 1372 5186 si
1407 5131 1632 5197 diceret,
1674 5141 1832 5188 nocte

259 5235 379 5292 qua:
413 5222 654 5290 sequitur
696 5225 994 5278 sabbatum.
1033 5222 1151 5292 Ipso
1179 5224 1265 5278 die
1291 5225 1505 5292 quando
1531 5239 1720 5292 passus
1748 5235 1832 5279 est

259 5320 614 5379 revertentes,
640 5322 964 5380 paraverunt
987 5322 1230 5369 aromata
1256 5322 1311 5368 et
1330 5323 1621 5384 unguenta,
1642 5325 1696 5368 et
1713 5315 1833 5369 sab-

261 5409 386 5462 bato
433 5407 648 5476 quidem
681 5407 942 5462 siluerunt
987 5411 1282 5465 secundum
1320 5412 1628 5466 mandatum
1675 5412 1830 5482 legis,

263 5509 322 5552 ut
350 5515 379 5552 a
408 5515 631 5570 vespera
665 5513 834 5568 usque
861 5499 926 5552 ad
966 5501 1125 5555 aliam
1164 5515 1444 5572 vesperam
1481 5503 1834 5559 observarent

265 5589 564 5642 sabbatum.
594 5589 843 5657 Ideoque,
884 5591 1094 5658 sepulto
1140 5592 1385 5655 Domino,
1419 5594 1654 5661 quandiu
1681 5593 1832 5648 licuit

265 5680 496 5748 operari,
526 5681 580 5734 id
607 5688 708 5744 est,
745 5694 914 5749 usque
937 5681 1006 5734 ad
1037 5681 1163 5736 solis
1197 5697 1468 5748 occasum,
1501 5683 1555 5736 in
1593 5699 1834 5754 unguen-

268 5773 335 5825 tis
359 5773 724 5842 pneparandis
749 5772 963 5828 fuerunt
990 5787 1283 5843 occupatae,
1315 5785 1370 5833 et
1397 5779 1539 5847 quod
1565 5787 1693 5832 tunc
1724 5792 1830 5832 non

268 5861 576 5928 valuerunt,
614 5871 885 5921 transacto
921 5867 1146 5922 sabbato
1181 5878 1429 5924 emerunt
1467 5879 1742 5935 aromata;
1771 5878 1834 5924 ut

1932 4669 2100 4722 Deum
2127 4669 2389 4723 habemus
2408 4677 2463 4723 et
2487 4685 2652 4725 unam
2681 4671 3026 4726 voluntatem.
3060 4672 3184 4726 Scio
3205 4673 3341 4728 enim
3371 4674 3510 4743 quod

1929 4760 2112 4813 Iesum
2140 4760 2226 4827 qui
2257 4760 2540 4828 cruciﬁxus
2573 4772 2649 4816 est
2684 4763 2937 4831 quwritis.
2979 4761 3246 4828 Quoniam
3275 4776 3374 4833 ego
3395 4766 3510 4820 scio

1933 4851 2075 4917 quod
2105 4859 2325 4918 propter
2368 4854 2684 4922 obsequium
2732 4851 2990 4906 Cruciﬁxi
3031 4854 3258 4920 venitis,
3291 4855 3416 4909 nolo
3450 4864 3510 4910 ut

1936 4957 2030 4996 vos
2073 4941 2327 5008 timeatis,
2364 4943 2448 4998 vel
2476 4957 2561 4998 me
2595 4942 2679 4996 vel
2707 4952 3087 4998 terraemotum.
3131 4944 3255 4998 Non
3292 4955 3364 4998 est
3403 4945 3506 5000 hic.

1935 5031 2142 5102 Corpus
2170 5034 2338 5104 ipsius
2362 5034 2623 5104 quaeritis,
2651 5051 2755 5088 non
2784 5044 2862 5089 est
2895 5037 3001 5090 hic.
3033 5035 3166 5090 Nam
3200 5051 3298 5106 per
3318 5037 3507 5092 divini-

1940 5141 2108 5187 tatem
2143 5135 2342 5202 ubique
2373 5142 2473 5186 est.
2510 5130 2754 5186 Surrexit
2781 5133 2940 5187 enim.
2970 5133 3076 5189 Per
3106 5149 3165 5188 se
3193 5135 3507 5201 resurrexit,

1935 5223 2137 5278 nullius
2175 5223 2420 5290 indigens
2445 5221 2666 5287 auxilio,
2695 5223 2820 5291 quia
2844 5232 3106 5292 quantum
3133 5224 3301 5278 voluit
3317 5223 3507 5292 jacuit,

1933 5322 1988 5368 et
2032 5315 2246 5383 quando
2282 5312 2448 5368 voluit
2487 5315 2742 5368 surrexit.
2789 5315 2936 5368 Sicut
2984 5315 3138 5368 dixit.
3173 5313 3397 5381 Quando
3443 5317 3510 5370 de

1936 5414 2112 5460 morte
2140 5405 2405 5474 praedixit.
2448 5404 2628 5460 Venite
2656 5416 2704 5460 et
2731 5407 2894 5461 videte
2924 5407 3116 5461 locum.
3152 5408 3224 5462 Ut
3250 5409 3294 5463 si
3326 5409 3510 5465 verbis

1935 5499 2070 5553 meis
2111 5512 2217 5552 non
2257 5498 2497 5564 creditis,
2529 5499 2614 5554 vel
2637 5500 2808 5554 oculis
2852 5503 3050 5556 vestris
3088 5501 3340 5566 credatis,
3384 5519 3508 5559 cum

1933 5606 2162 5646 vacuum
2214 5591 2517 5660 sepulcrum
2571 5591 2836 5648 videritis.
2879 5591 3033 5648 Sicut
3087 5594 3343 5650 Dominus
3395 5595 3512 5664 ejus

1931 5685 2125 5747 bonus,
2172 5684 2251 5738 sic
2299 5685 2462 5738 etiam
2502 5686 2700 5741 missus
2735 5685 2872 5755 ejus.
2916 5685 2974 5742 Si
3012 5687 3204 5758 aliquis
3249 5690 3510 5758 superbus

1934 5773 2096 5830 alicui
2117 5775 2318 5847 aliquid
2344 5777 2593 5843 dixisset,
2623 5779 2789 5834 nollet
2812 5787 2876 5834 ut
2897 5789 3021 5850 post
3045 5781 3162 5852 ejus
3185 5781 3326 5835 dicta
3352 5779 3510 5834 lldem

1935 5882 2058 5922 cum
2095 5867 2265 5924 oculis
2296 5877 2565 5938 quaereret
2593 5884 2610 5925 :
2637 5877 2855 5927 sanctus
2892 5882 3074 5929 autem
3100 5870 3325 5940 angelus
3344 5869 3518 5925 etiam
