3988 6458
262 471 396 530 1⁸01

1352 456 1863 525 ’ΒΧΡΟΗῬΙΘἸΝ
1898 456 2475 531 ΙΙΑΊἹΗϐυΙέιῬ
2536 466 2657 499 τ
2724 486 2729 497 ι

3362 456 3507 527 im

258 585 577 643 hitatioueus'
600 582 779 639 aufert
801 585 947 653 quod
976 591 1030 639 et
1054 596 1254 654 corpus
1272 591 1416 638 esset
1442 585 1535 653 qui
1556 582 1830 638 videretur
1854 578 1909 645 Α
1931 593 2050 636 esse
2076 595 2208 637 cum.
2230 578 2529 649 discipulis,
2556 578 2792 641 ostendit
2812 582 2875 637 se
2900 570 3041 639 scire
3063 576 3507 649 dient'judtcii,‘e¢

258 678 429 748 α.αυί
467 678 799 747 loqueretur.
835 676 978 730 Date
1016 686 1092 732 est
1128 676 1258 731 mihi
1300 678 1470 732 omnis
1508 684 1733 745 potestas
1774 675 1829 730 in

258 769 384 823 ccio
414 778 464 822 et
487 769 543 823 in
562 778 721 822 terra.
753 767 815 822 Ei
838 769 964 822 data
988 776 1076 823 est
1097 776 1336 838 potestas
1360 770 1453 839 qui
1474 769 1638 839 paulo
1654 766 1829 839 {ante}

257 860 551 916 crucifixus
570 869 626 915 et
647 867 895 917 mortuus
920 869 1058 926 erat,
1086 869 1142 917 et
1156 864 1251 931 qui
1274 870 1669 918 resin-reserat.
1694 860 1831 915 Nam

258 952 551 1006 secumlum
579 952 917 1007 divinitatem
946 967 1162 1021 semper
1188 954 1379 1007 habuit
1401 994 1416 1017 ,
1447 952 1574 1023 quia
1616 954 1721 1008 hoc
1747 957 1832 1007 ωι

186 1110 191 1117 ι
257 1040 307 1095 ei
335 1027 535 1095 habere
557 1042 699 1110 quod
719 1056 863 1107 esse,
883 1042 974 1111 qui
996 1051 1121 1097 ante
1144 1044 1445 1098 minoratus
1471 1044 1635 1113 paulo
1652 1045 1832 1100 minus

257 1132 326 1186 ab
374 1131 580 1201 angelis
608 1131 788 1187 fuerat
810 1171 826 1196 ,
872 1146 1034 1203 supra
1062 1133 1281 1204 angelos
1307 1135 1553 1191 elevatus
1577 1142 1680 1189 est.
1730 1136 1833 1189 Per

256 1224 453 1279 corium
480 1231 537 1278 et
564 1232 762 1278 terram
792 1225 1042 1279 universa
1077 1235 1331 1281 creatura
1367 1226 1702 1297 intelligitur.
1733 1228 1836 1297 Ty-

255 1315 393 1386 pice,
414 1323 472 1368 ut
491 1322 617 1369 ante
635 1315 901 1384 regnabat
925 1315 979 1368 in
1000 1316 1160 1381 casio,
1181 1331 1279 1385 per
1307 1316 1467 1371 iidem
1495 1317 1832 1371 credentium

256 1416 444 1477 regnet
479 1407 533 1460 in
576 1406 756 1460 terris.
797 1406 996 1483 Baetes
1033 1424 1152 1478 ergo
1198 1408 1379 1462 docete
1421 1422 1597 1463 ornum
1637 1418 1831 1479 gentes.

256 1498 403 1555 Ordo
429 1499 849 1569 pulcherrimus,
874 1507 934 1554 ut
960 1500 1137 1569 primo
1165 1500 1462 1555 doceantur
1481 1502 1574 1571 qui
1597 1501 1667 1556 sit
1690 1502 1833 1555 Deus

254 1589 444 1655 Pater,
483 1597 540 1644 et
578 1590 776 1657 Filius,
807 1600 863 1647 et
907 1590 1138 1660 Spiritus
1169 1601 1410 1657 sanctus,
1448 1606 1547 1662 per
1574 1606 1735 1671 quem
1772 1593 1833 1647 ﬁt

254 1682 502 1735 remissio
532 1691 875 1751 peccatorum
893 1720 908 1746 ,
940 1689 998 1736 et
1025 1682 1149 1749 quia
1174 1682 1277 1735 nisi
1308 1682 1431 1751 quis
1455 1683 1617 1736 corde
1657 1684 1832 1738 credi-

252 1773 389 1829 derit
416 1782 472 1827 et
492 1788 588 1827 ore
606 1772 886 1827 confessus
912 1770 1097 1837 fuerit,
1129 1787 1236 1825 non
1261 1772 1426 1826 habet
1454 1773 1829 1831 remissionem

253 1871 618 1934 peccatorum.
653 1862 787 1917 Cum
810 1863 925 1917 ham
944 1863 1105 1917 homo
1138 1862 1487 1927 intellexerit,
1518 1871 1646 1917 tunc
1673 1864 1830 1919 debet

1930 670 2267 727 deumnstrst
2288 671 2434 741 quod
2453 678 2577 741 post
2594 677 2825 729 mortem
2844 670 3090 741 disoipuli
3250 666 3503 735 debeant.

1928 760 2068 819 Ecce
2089 761 2325 821 ostendit
2347 760 2482 817 duas
2508 759 2609 817 sibi
2634 761 2809 823 inesse
2828 758 3075 827 naturas,
3096 762 3261 817 unam
3279 776 3405 839 quae
3424 770 3509 825 rc.

1929 854 2155 913 cedebat
2173 854 2434 923 corporis,
2460 853 2686 913 alterum
2707 864 2870 922 quam
2888 850 3239 922 pollicebatur
3252 848 3506 915 divinius.

1932 948 2021 1004 tis.
2048 946 2198 1007 Unde
2214 946 2540 1005 contth
2557 946 2828 1017 Eutychos
2845 946 2986 1007 abba
2996 950 3054 1009 at
3076 949 3392 1014 monachus.
3413 951 3507 1021 Qui

1930 1038 2203 1097 Christum
2229 1046 2355 1107 post
2376 1038 2664 1097 huussnam
2690 1040 3109 1108 assumptionem
3134 1040 3351 1110 negavit
3374 1043 3515 1099 assis

1930 1139 2077 1191 atere
2122 1132 2189 1187 de
2232 1132 2443 1185 duabus
2479 1132 2706 1196 naturis,
2739 1132 2837 1192 sed
2861 1122 3031 1191 solam
3071 1132 3125 1187 in
3170 1132 3505 1190 eodiviuam

1931 1222 2162 1278 asseruit
2189 1236 2308 1276 esse
2327 1229 2593 1276 naturam.
2616 1221 2749 1277 Cum
2777 1223 2919 1281 esum
2950 1224 3066 1279 ham
3090 1218 3429 1293 prtcdicaret,
3450 1235 3506 1282 et

1930 1332 2039 1372 non
2070 1324 2253 1385 posset
2279 1314 2525 1370 convinci
2555 1318 2624 1370 ab
2654 1317 2853 1386 aliquo,
2890 1318 3185 1375 Martiauus
3208 1322 3511 1389 imperator

1931 1408 2280 1479 congregavit
2302 1406 2567 1478 synodum
2588 1416 2967 1465 sexcentarum
2982 1409 3205 1479 triginta
3229 1411 3510 1480 epispr

1930 1510 2051 1553 rum
2078 1498 2132 1551 in
2159 1496 2505 1551 Chalcidnnia
2532 1496 2665 1553 urbe
2700 1498 2962 1555 adversus
2990 1512 3134 1565 cum.
3161 1507 3218 1555 et
3242 1512 3345 1569 per
3371 1512 3513 1570 quas

1930 1591 2177 1661 draginta
2202 1590 2666 1659 diesdisputatum
2690 1599 2773 1645 est
2792 1590 2864 1645 ah
2883 1590 3151 1659 epiScopis
3173 1586 3515 1645 centraeuns'

1929 1692 1985 1739 et
2010 1697 2107 1745 sex
2136 1684 2431 1737 monachos
2463 1682 2597 1752 ejus,
2621 1690 2677 1736 et
2711 1698 2814 1737 non
2845 1690 3134 1751 potuerunt
3152 1697 3261 1737 eos
3280 1678 3511 1737 cotivinb

1928 1790 2072 1831 cere.
2103 1774 2255 1828 Tunc
2276 1774 2330 1827 in
2356 1774 2600 1844 angustia
2624 1773 2913 1843 imperator
2932 1773 3253 1831 constitutus
3277 1772 3414 1828 dixit
3441 1772 3511 1828 ad

1929 1884 2146 1924 omnem
2169 1878 2368 1921 emtum
2401 1885 2412 1920 :
2440 1867 2578 1921 Ecce
2600 1881 2699 1921 nos
2728 1865 3041 1934 reliquimus
3068 1865 3209 1921 idola
3235 1874 3291 1921 et
3322 1865 3507 1935 volup.

251 1955 532 2024 baptizari.
565 1952 698 2009 Nam
710 1955 981 2008 ciuitatem
999 1954 1316 2024 (sic)cthtec
1329 1955 1826 2019 noncrediderit,in
1856 1941 1907 2002 Β
1934 1967 2073 2014 tates
2095 1968 2309 2013 nostras
2352 1959 2546 2027 quibus
2583 1957 2777 2026 pagani
2807 1955 3226 2019 delectabamur,
3265 1964 3319 2011 et
3349 1956 3509 2011 modo

249 2059 450 2099 vanum
482 2046 807 2115 baptizatur,
848 2045 987 2098 sicut
1014 2058 1180 2113 pecus
1200 2053 1295 2099 aut
1325 2046 1622 2100 metallum.
1653 2045 1831 2100 infan-

252 2134 396 2189 tibus
417 2149 546 2189 vero
570 2135 773 2204 parvis,
799 2149 900 2203 pro
926 2148 1113 2189 eorum
1143 2134 1247 2189 iide
1270 2136 1363 2204 qui
1385 2151 1484 2205 pro
1507 2136 1587 2191 eis
1609 2152 1831 2205 respon-

250 2223 397 2287 dent,
427 2224 486 2278 ﬁt
508 2224 776 2288 remissio,
806 2224 945 2278 sicut
970 2225 1036 2279 de
1055 2226 1359 2295 paralytico
1384 2228 1603 2281 dicitur.
1637 2228 1830 2282 Videas

248 2315 404 2369 Iesus
443 2315 598 2383 ﬁdem
626 2315 837 2369 illorum
857 2316 947 2384 qui
971 2316 1275 2385 oferebant,
1322 2317 1455 2372 dixit
1489 2318 1780 2389 paralytico
1809 2335 1830 2373 ε

253 2407 492 2476 Conﬁde,
518 2407 620 2476 ﬁli,
640 2407 977 2466 dimittuntur
1003 2407 1099 2460 tibi
1126 2417 1340 2476 peccata
1367 2418 1480 2463 tua.

319 2498 654 2569 Baptisantes
674 2514 760 2551 eos
784 2499 839 2555 in
866 2498 1073 2552 nomine
1096 2498 1297 2565 Patris,
1327 2506 1375 2552 et
1405 2498 1555 2563 Filii,
1578 2509 1625 2555 et
1655 2498 1831 2569 Spiri-

251 2601 334 2644 tus
372 2591 558 2644 sancti.
596 2589 753 2644 Sicut
790 2596 875 2643 est
907 2589 1191 2657 xequalitas
1222 2590 1278 2643 in
1315 2590 1610 2656 Trinitate,
1659 2590 1737 2646 sic
1774 2591 1855 2646 in

252 2683 533 2736 vocatione
562 2690 618 2737 et
656 2682 1003 2737 immersisse
1022 2682 1323 2752 inqualitas,
1353 2697 1476 2738 cum
1506 2697 1831 2752 unoquoque

252 2776 468 2829 nomine
505 2784 563 2829 et
598 2774 798 2829 mersis
835 2775 1100 2829 celebrari
1139 2772 1315 2830 debet.
1359 2775 1733 2844 Baptissntes,
1777 2776 1832 2831 id

250 2873 333 2920 est
364 2867 621 2929 latentes,
653 2866 780 2935 quia
812 2866 954 2919 sicut
974 2880 1005 2918 a
1036 2864 1200 2931 foris,
1234 2866 1311 2918 ita
1340 2865 1567 2921 interius
1593 2873 1828 2920 mentem

253 2958 416 3013 lavat.
458 2954 524 3013 Et
550 2959 672 3015 ideo
695 2970 818 3014 cum
846 2959 940 3016 tali
962 2960 1230 3015 elemento
1256 2975 1345 3017 res
1379 2961 1577 3032 agitur,
1604 2970 1665 3016 ut
1684 2961 1831 3030 quod

251 3048 400 3103 videt
431 3048 546 3104 ﬁeri
578 3062 607 3103 a
635 3048 799 3115 foris,
830 3048 1020 3105 credat
1047 3050 1298 3104 similiter
1331 3051 1477 3104 intus
1517 3050 1656 3115 ﬁeri,
1699 3051 1831 3119 quia

252 3148 472 3211 peccata
507 3143 659 3209 quasi
700 3143 946 3211 quaedam
981 3143 1172 3196 sordes
1204 3142 1528 3196 animarum.
1576 3141 1830 3196 Docentes

251 3244 337 3287 eos
360 3246 563 3286 seruare
582 3235 757 3287 omnia
776 3248 1098 3303 quacunque
1117 3233 1360 3287 mandavi
1382 3233 1541 3286 vobis.
1569 3231 1827 3302 Superius

252 3323 507 3392 praecepit
531 3323 725 3376 docere
755 3322 821 3376 de
850 3322 1166 3377 credulitate
1194 3322 1289 3378 Dei
1332 3331 1388 3376 et
1421 3324 1488 3377 de
1510 3323 1829 3380 remissione

253 3418 597 3482 peccatorum
625 3424 745 3480 quae
783 3410 841 3465 iit
865 3412 921 3465 in
956 3413 1223 3481 baptismo
1265 3413 1351 3467 his
1380 3413 1473 3482 qui
1510 3413 1739 3469 credunt
1773 3422 1831 3469 et

255 3504 596 3567 conﬁtentur,
618 3512 674 3556 et
693 3502 1064 3557 credulitatem
1090 3504 1252 3557 etiam
1279 3504 1497 3569 habent,
1526 3520 1668 3559 nunc
1686 3519 1830 3575 prae.

254 3595 400 3663 cepit
430 3605 489 3647 ut
512 3593 807 3648 doceantur
826 3592 1088 3661 baptizari
1117 3592 1245 3660 quid
1271 3607 1489 3652 servare
1515 3594 1745 3653 debeant
1771 3602 1831 3653 ut

253 3692 458 3738 vestem
496 3700 658 3753 quam
689 3692 1016 3752 acceperunt
1042 3684 1096 3738 in
1124 3684 1393 3753 baptismo
1430 3684 1831 3747 immaculatum

254 3774 527 3844 perferant
568 3784 692 3828 ante
725 3773 962 3828 tribunal
999 3772 1226 3839 Christi,
1260 3782 1315 3830 et
1343 3774 1469 3845 quia
1505 3768 1832 3847 baptismum

254 3882 420 3920 unum
448 3874 532 3919 est
562 3876 617 3920 et
651 3882 757 3920 non
793 3874 969 3935 potest
998 3867 1201 3921 iterari.
1228 3866 1438 3933 Omnia,
1475 3868 1666 3936 inquit,
1691 3882 1834 3939 qua:-

256 3973 457 4027 ctmque
481 3957 724 4013 mandavi
768 3957 927 4011 vobis.
960 3956 1169 4021 Omnia,
1202 3958 1543 4027 subauditur,
1564 3964 1834 4030 praecepta

254 4063 375 4117 qua:
395 4047 667 4112 mandavi,
685 4042 736 4100 id
755 4052 841 4101 est
851 4047 1221 4101 commendavi
1235 4044 1582 4102 custodienda
1597 4047 1835 4114 vobis,ut

255 4140 346 4208 qui
371 4139 425 4192 in
448 4138 708 4192 Trinitate
739 4136 940 4191 fuerint
970 4138 1452 4207 baptizati,omnia
1484 4138 1687 4193 faciant
1713 4148 1834 4208 quae

257 4246 525 4305 praecepta
538 4242 681 4289 sunt.
712 4233 846 4302 Ecce
871 4250 963 4304 ego
989 4233 1250 4287 vobiscum
1270 4249 1385 4287 sum
1402 4233 1639 4286 omnibus
1652 4232 1833 4285 diebus

257 4339 421 4395 usque
468 4322 535 4375 ad
578 4325 1071 4378 consummationem
1121 4323 1320 4379 saeculi.
1370 4322 1523 4390 Quod
1560 4332 1643 4378 est
1690 4322 1834 4393 quod

244 4420 419 4474 dicit:
451 4416 584 4472 Ecce
619 4428 710 4487 ego
736 4418 996 4489 vobiscum
1030 4434 1166 4487 sum,
1204 4436 1328 4475 cum
1362 4418 1486 4474 alibi
1513 4421 1673 4486 dicat,
1710 4416 1835 4475 Haec

259 4518 384 4568 sunt
406 4510 566 4564 verba
595 4520 714 4578 qua:
734 4506 943 4563 locutus
962 4518 1080 4563 sum
1108 4510 1175 4564 ad
1195 4524 1291 4564 vos
1310 4523 1430 4564 cum
1455 4509 1632 4564 adhuc
1657 4520 1831 4565 essent

1930 2049 2193 2104 abdicatis
2212 2047 2662 2102 delectationibus
2682 2061 2781 2115 pro
2805 2046 2912 2100 fide
2938 2053 3121 2100 nostra
3143 2046 3409 2113 patiemur
3428 2046 3510 2100 in-

1930 2141 2162 2195 ternum.
2207 2137 2313 2192 Sed
2355 2138 2551 2193 scitote
2588 2135 2714 2205 quia
2754 2134 2861 2189 nisi
2901 2148 3205 2205 cognovero
3232 2134 3511 2190 verissime

1930 2230 2057 2301 quid
2086 2228 2310 2283 debeam
2336 2228 2578 2291 credere,
2612 2235 2924 2283 convertam
2964 2239 3053 2280 me
3082 2225 3152 2281 ad
3189 2224 3376 2281 saeculi
3411 2240 3507 2280 vo-

1929 2321 2159 2392 luptstes
2184 2335 2307 2379 cum
2334 2319 2483 2374 omni
2510 2317 2643 2373 orbe
2674 2326 2967 2382 terrarum,
2990 2324 3053 2371 ut
3079 2316 3124 2371 si
3150 2315 3319 2375 vitam
3345 2322 3509 2371 aeter-

1930 2426 2056 2465 nam
2081 2409 2367 2480 perdidero
2395 2408 2546 2463 fruar
2570 2407 2924 2462 delectatione
2964 2404 3166 2470 muli,
3192 2414 3249 2460 et
3275 2418 3384 2461 non
3413 2404 3512 2460 do-

1929 2504 2071 2565 leam
2088 2505 2147 2557 in
2167 2503 2256 2557 illa
2277 2504 2387 2557 vita
2404 2509 2697 2570 utrumque
2714 2498 3036 2568 perdidisse.
3056 2497 3305 2553 Eccevos
3322 2510 3511 2552 omnes

1931 2596 2192 2666 episcopi,
2237 2610 2345 2648 non
2388 2592 2614 2663 potestis
2644 2590 2966 2645 convincere
2991 2588 3124 2647 istos
3164 2596 3388 2657 septem,
3413 2586 3509 2657 qui

1932 2684 2115 2741 dicunt
2133 2686 2294 2741 Verbi
2323 2685 2416 2738 Dei
2444 2691 2500 2738 et
2516 2682 2700 2737 carnis
2724 2688 2972 2736 naturmn
2996 2692 3160 2735 uuam
3186 2691 3338 2742 esse;
3358 2688 3416 2732 et
3427 2677 3515 2732 di-

1930 2785 2061 2837 cunt
2079 2778 2206 2847 quia
2230 2791 2326 2832 vos
2353 2774 2595 2829 haeretici
2615 2771 2750 2827 estis
2768 2780 2824 2826 ct
2842 2785 2939 2825 vos
2962 2768 3245 2827 haereticos
3268 2785 3301 2825 e
3318 2774 3510 2824 contra

1931 2883 2027 2924 eos
2052 2868 2319 2938 putastis;
2367 2867 2464 2921 sed
2508 2868 2561 2920 in
2601 2863 3052 2936 disputationibus
3093 2859 3363 2917 contraire
3402 2872 3513 2912 non

1928 2960 2179 3031 potestis,
2204 2966 2261 3011 et
2288 2958 2408 3012 ideo
2458 2956 2649 3025 ignoro
2684 2955 2882 3024 quibus
2915 2952 3253 3022 potissimum
3291 2949 3514 3007 credere

1930 3050 2176 3107 debeam.
2208 3049 2318 3103 Vos
2349 3047 2443 3119 qui
2471 3047 2737 3102 columnae
2774 3054 2833 3101 et
2871 3052 3113 3101 rectores
3140 3041 3510 3107 Esclesiarum

1929 3155 2048 3196 esse
2068 3140 2301 3204 debetis,
2328 3138 2567 3201 invenite
2590 3136 2875 3192 consilium
2895 3150 3002 3206 quo
3022 3149 3129 3191 non
3151 3141 3342 3205 pereat
3361 3145 3513 3190 mun-

1933 3235 2051 3299 dus,
2067 3232 2158 3300 qui
2178 3232 2332 3285 vobis
2354 3246 2387 3285 a
2408 3229 2636 3285 Domino
2657 3238 2743 3283 est
2770 3225 3197 3283 commendatus.
3220 3223 3377 3283 Tunc
3395 3237 3511 3280 res.

1934 3325 2233 3397 pendentes
2254 3322 2491 3394 episcopi
2528 3320 2780 3376 dixerunt
2806 3333 2822 3374 :
2862 3317 3092 3374 Oremus
3114 3330 3308 3373 omnes
3333 3314 3514 3371 Domi-

1932 3428 2062 3471 num
2085 3422 2144 3468 ut
2167 3412 2416 3468 ostendat
2436 3411 2649 3481 populis
2670 3409 2803 3475 suis,
2824 3408 2917 3478 qui
2936 3421 3122 3463 verum
3141 3406 3302 3475 quive
3319 3403 3511 3461 falsum

1934 3506 2097 3561 dicat.
2117 3504 2267 3558 Tunc
2282 3502 2488 3558 exstitit
2508 3501 2727 3570 quidam
2749 3498 2839 3567 qui
2869 3498 3074 3555 dinotet
3092 3493 3377 3565 quemdam
3391 3506 3513 3551 esse

1936 3594 2206 3657 reclusum
2234 3593 2287 3656 in
2312 3599 2481 3661 petra,
2507 3590 2561 3656 in
2598 3586 3003 3643 similitudinem
3022 3584 3197 3656 sancti
3220 3582 3511 3646 Simeonis,

1933 3687 2217 3753 Aebutium
2236 3684 2452 3745 nomine
2466 3697 2560 3754 per
2574 3681 2794 3750 triginta
2807 3693 2998 3746 annos,
3023 3677 3116 3747 qui
3133 3677 3363 3731 virtutes
3375 3674 3514 3730 [δοες

1935 3787 2049 3841 ret:
2072 3784 2129 3831 et
2141 3768 2304 3831 alium
2324 3774 2611 3831 ercmitant
2630 3784 2790 3843 super
2800 3767 3090 3827 Iordanem
3100 3768 3340 3839 ejusdem
3356 3766 3514 3823 famas

1934 3870 2129 3924 virum.
2164 3866 2316 3923 'l‘uuc
2336 3863 2560 3919 consilio
2584 3862 2958 3932 episcoporum
2983 3857 3236 3929 pratcepit
3260 3856 3384 3911 illuc
3412 3857 3511 3920 ire,

1934 3970 1991 4019 et
2008 3960 2277 4027 adducere
2300 3957 2435 4027 illos.
2454 3955 2696 4027 Cumque
2716 3954 2989 4010 venissent
3008 3952 3071 4019 ad
3093 3966 3309 4021 specum
3334 3949 3513 4004 Acha-

1935 4051 1994 4105 tii
2019 4049 2123 4105 duo
2144 4048 2401 4118 episcopi,
2423 4044 2675 4102 dixerunt
2692 4045 2743 4100 ei
2767 4038 3077 4099 mandatum
3100 4040 3440 4112 imperatoris
3461 4047 3531 4117 ct.

1934 4142 2334 4212 episcoporum.
2374 4139 2445 4192 At
2471 4137 2559 4192 ille
2584 4136 2892 4207 respondit:
2922 4135 3037 4205 Ego
3063 4150 3164 4188 non
3184 4132 3422 4203 egrediar
3447 4130 3509 4184 de

1934 4233 2030 4286 hoc
2048 4248 2204 4302 specu
2236 4231 2401 4295 vivus,
2430 4230 2555 4299 quia
2576 4244 2667 4282 nec
2687 4225 2957 4280 ambulare
2978 4240 3212 4295 possum,
3227 4239 3316 4276 nec
3337 4221 3519 4292 dispu-

1935 4334 2065 4378 tam.
2098 4324 2228 4377 Erat
2255 4334 2487 4390 namque
2513 4320 2581 4375 ad
2604 4332 2914 4375 mensuram
2948 4316 3254 4386 corpusculi
3275 4313 3393 4382 ejus
3417 4329 3513 4373 ex-

1933 4415 2045 4470 cisa
2072 4422 2255 4483 petra;
2280 4413 2355 4466 ita
2376 4418 2435 4465 ut
2456 4423 2630 4479 neque
2652 4407 2754 4463 hac
2771 4421 2945 4476 neque
2966 4406 3088 4459 Hlac
3107 4419 3166 4458 se
3185 4409 3368 4471 posset
3384 4414 3511 4455 coui-

1932 4514 2180 4571 vertere,
2210 4506 2306 4560 sed
2347 4503 2503 4573 quasi
2537 4514 2703 4556 orans
2727 4499 2943 4567 jacchat
2974 4495 3219 4553 inclusus
3244 4494 3303 4549 in
3331 4499 3507 4561 petra.

258 4602 503 4660 mortalis
537 4601 678 4656 sicut
714 4606 769 4655 et
794 4598 925 4654 vos?
958 4598 1110 4666 Quod
1141 4607 1317 4654 autem
1354 4601 1622 4671 promittit
1652 4619 1666 4654 :
1696 4598 1833 4653 Ecce
1855 4648 1910 4671 πη
1935 4598 2099 4654 Panis
2121 4602 2301 4650 autem
2332 4592 2563 4649 dabatur
2587 4593 2639 4646 ei
2661 4603 2757 4661 per
2778 4588 3071 4643 fenestram
3087 4592 3142 4643 et
3159 4591 3334 4652 potus.
3358 4580 3510 4648 Quod

258 4713 349 4766 ego
381 4692 643 4757 vobiscum
680 4700 795 4746 sum
823 4648 1003 4762 iisun
1012 4692 1080 4744 ad
1113 4648 1604 4747 consumniationem
1628 4690 1829 4758 crrenti,
1855 4648 1913 4709 Β
1938 4693 2005 4747 de
2025 4700 2251 4758 corpore
2276 4685 2394 4754 ejus
2410 4684 2564 4754 juxta
2583 4680 2967 4774 purgationem
2987 4677 3277 4774 humanam
3305 4673 3508 4774 exibat,

260 4764 326 4844 die
359 4780 644 4860 praesentia
682 4780 990 4839 Divinitatis
1026 4790 1082 4839 et
1120 4784 1385 4855 adjutorio
1422 4796 1530 4856 quo
1560 4796 1725 4857 prope
1752 4786 1835 4840 est
1937 4794 2036 4852 per
2058 4779 2300 4833 foramen
2324 4776 2391 4831 ad
2413 4782 2613 4831 terram
2632 4770 2928 4827 decidebat.
2949 4767 3255 4860 igiturcnm
3273 4764 3510 4834 episcopi

260 4856 520 4938 Dominus
571 4875 821 4933 omnibus
872 4874 1249 4937 invocantibus
1299 4892 1423 4934 eum
1483 4878 1535 4933 in
1561 4856 1831 4934 iveritate.
1940 4869 2083 4941 ll“0d
2111 4867 2274 4923 ηοηθῑ
2301 4866 2451 4921 Olim
2472 4902 2486 4931 ν
2523 4868 2897 4934 Ριπκρετυηι
2928 4856 3136 4913 “Sinti
3168 4869 3424 4924 sessum.
3454 4861 3511 4915 et

263 4966 509 5043 Quandiu
537 4969 778 5026 viventes
810 4964 1025 5022 fuerunt
1043 5011 1056 5034 ,
1098 4968 1198 5023 fuit
1219 4980 1338 5023 cum
1365 4969 1443 5023 eis
1468 4969 1717 5024 omnibus
1755 4968 1836 5021 in-
1941 4960 2134 5032 expelli
2166 4972 2309 5014 eum.
2341 4958 2492 5012 Tunc
2517 4954 2684 5023 etrapit
2709 4950 2797 5013 illo
2823 4949 3077 5043 “illum:
3096 4980 3118 5013 ι
3145 4961 3217 5005 ne
3239 4947 3510 5043 viventem

265 5037 635 5119 vocationibus
663 5072 847 5116 eorum
870 5101 882 5125 ,
925 5066 977 5114 et
1005 5058 1162 5115 modo
1198 5056 1379 5115 vident
1416 5058 1607 5115 faciem
1636 5060 1751 5128 ejus
1780 5059 1839 5114 in
1942 5060 2067 5108 eum
2096 5050 2455 5121 expellerent;
2480 5046 2575 5100 80d
2602 5043 2841 5113 Opilcopi
2868 5054 2967 5111 pro
2999 5039 3173 5095 salute
3197 5037 3377 5108 populi
3402 5050 3511 5109 nos

264 5152 715 5223 contemplatione
762 5150 1056 5216 claritatis;
1095 5150 1219 5221 quia
1258 5162 1484 5222 corpore
1528 5149 1833 5216 recedebat,

266 5244 563 5303 divinitatis
606 5242 945 5313 praisentiam
981 5237 1358 5312 pollicebatur,
1408 5256 1475 5296 ne
1516 5237 1835 5308 diffiderent,

265 5338 393 5393 licet
420 5350 613 5405 corpus
648 5342 753 5387 non
792 5334 1054 5389 viderent.
1088 5334 1183 5389 Est
1221 5334 1359 5387 Dens
1394 5330 1623 5402 ubique,
1665 5336 1718 5386 et
1756 5340 1839 5387 est

266 5430 430 5484 etiam
453 5442 574 5481 cum
596 5423 836 5494 mprobis
855 5427 1138 5491 praesentia
1155 5424 1470 5489 divinitatis,
1497 5424 1621 5494 quia
1645 5430 1837 5479 cuncta

268 5519 413 5573 videt
440 5525 493 5571 et
529 5520 793 5586 penetrat.
830 5512 935 5567 Sed
972 5516 1129 5569 aliter
1161 5522 1245 5570 est
1272 5529 1392 5570 cum
1423 5513 1640 5583 electis,
1672 5522 1732 5569 ut
1760 5514 1837 5569 fa-

267 5612 377 5667 ciat
412 5624 598 5663 eorum
626 5606 955 5661 voluntatem
983 5612 1037 5659 et
1076 5602 1365 5660 secundum
1397 5618 1551 5660 suum
1582 5604 1835 5675 placitum

267 5715 363 5756 eos
389 5699 603 5769 dirigat,
635 5706 693 5751 ut
718 5694 1005 5750 Psalmista
1032 5690 1109 5748 ait
1136 5708 1151 5749 ε
1186 5694 1517 5749 Voluntatem
1549 5695 1838 5749 timentium

268 5807 323 5846 se
345 5791 521 5859 faciet,
547 5797 594 5843 et
610 5784 1022 5859 deprecationem
1036 5796 1214 5839 eorum
1234 5785 1496 5851 exaudiet,
1509 5794 1556 5839 et
1571 5784 1747 5856 salvos
1759 5784 1842 5854 fo-

272 5884 367 5943 ciet
382 5898 488 5939 eos.
510 5878 613 5954 Qui
628 5888 807 5937 autem
822 5877 970 5947 dicit,
995 5890 1167 5951 usque
1187 5876 1242 5934 in
1260 5874 1423 5938 tinem
1442 5876 1624 5934 saeculi
1649 5875 1846 5935 debeat

1940 5156 2063 5199 eum
2084 5143 2391 5196 audierunt.
2421 5138 2664 5206 Cumque
2696 5136 2923 5190 eductus
2945 5139 3111 5197 esset,
3150 5129 3252 5187 fuit
3279 5130 3360 5185 sic
3383 5129 3513 5199 rigi-

1937 5230 2041 5288 dus
2070 5234 2210 5288 sicut
2241 5233 2294 5285 in
2321 5241 2480 5299 specu
2505 5233 2760 5291 steterat;
2790 5233 2847 5279 et
2880 5239 2988 5279 non
3015 5220 3184 5275 valuit
3216 5234 3276 5275 se
3302 5219 3511 5289 erigere

1940 5337 2034 5383 aut
2057 5326 2349 5389 ambulare,
2378 5334 2502 5377 cum
2528 5334 2668 5389 equo
2709 5326 2889 5372 tamen
2932 5316 3349 5385 deportaverunt
3384 5325 3506 5367 eum

1940 5421 2007 5474 ad
2039 5421 2417 5487 imperatorem
2436 5444 2452 5477 ,
2476 5410 2635 5466 sinam
2668 5422 2792 5464 cum
2814 5407 2906 5462 ilio
2931 5406 3038 5460 alio
3064 5403 3312 5459 eremits.
3340 5402 3511 5459 Dixit-

1940 5526 2045 5581 que
2090 5510 2157 5563 sd
2198 5520 2296 5561 eos
2323 5506 2614 5574 imperator
2648 5516 2664 5555 :
2700 5499 2854 5567 Quod
2880 5497 3034 5552 vobis
3069 5494 3507 5563 impedimentum

1940 5602 2186 5665 fecimns,
2205 5610 2306 5668 pro
2327 5597 2503 5653 salute
2525 5594 2691 5650 totius
2716 5591 2900 5647 mundi
2938 5588 3185 5644 recisum.
3219 5584 3359 5651 Quia
3381 5600 3510 5641 ecce

1940 5700 2066 5748 sunt
2093 5698 2296 5759 septem
2330 5686 2610 5751 monachi,
2649 5685 2742 5754 qui
2772 5683 2959 5738 dicunt
2990 5678 3134 5751 quod
3174 5691 3281 5745 una
3318 5683 3510 5733 natura

1940 5778 2067 5836 Filii
2110 5780 2274 5835 fuerit
2318 5780 2373 5834 in
2410 5778 2549 5833 Filio
2573 5776 2667 5831 Dei
2696 5782 2819 5845 post
2853 5770 3275 5841 assumptionem
3306 5766 3506 5823 carnis.

1942 5872 2097 5945 Quod
2121 5870 2563 5943 omnesepissopi
2590 5868 2787 5940 aliique
2817 5863 3051 5925 cuneis
3076 5856 3510 5931 Mantua!
