3988 6448
265 415 286 468 Ἰ
296 414 400 469 505

277 483 280 490 ·
1119 471 1352 506 ;1,’.ιίΐ
1413 481 1506 506 νίλ
1569 471 1805 502 Τιῖ-ιιι

261 489 654 576 conti-adiectum
685 519 822 574 Nam
845 520 910 574 de
939 505 1090 574 secta
1112 485 1214 574 hbe
1236 503 1423 574 notum
1445 471 1550 586 ἐξειί
1567 471 1828 590 (1ὺίῤὶὼί-

1241 485 1248 493 ,
1303 409 1710 494 ,ιβκξρβεῖιρ
1729 410 1992 494 βξὶβῖιὲ
2019 413 2100 494 .W.
2129 413 2384 494 ,ιςιςᾼθετ

1841 475 2196 520 ΙΙῗίίξΗῖξέ

2545 473 2720 518 -t:t;-.i

1930 508 2040 578 Per.
2055 508 2235 580 aream
2261 508 2518 594 Ecclesia.
2539 508 2731 590 Paleas,
2749 526 2837 580 isti
2855 526 2947 596 qui
2968 527 3240 596 mysteriis
3261 508 3506 592 imbuun;

261 607 450 682 quaer
465 597 891 666 consentiretur:
907 591 1067 680 Lapis
1098 605 1436 678 egestionis;
1457 599 1827 690 dt’i‘ebélentur
1854 591 1906 642 ’ί
1927 601 2232 668 inr'div'inis
2295 591 2544 679 ’zi'zhnrs‘;
2560 613 2654 685 qui
2678 591 3500 686 nauigandi-sumsum

257 695 321 756 ea:
367 699 563 754 multis.
611 700 879 754 ln‘c‘ertum
918 699 1056 764 erat,
1101 699 1192 768 qui
1248 691 1826 772 Iudzeorum‘gratia'tri

258 789 457 866 Christi
505 787 1191 860 recipere,'qui‘respuere
1224 791 1421 845 vellent
1465 785 1623 846 arma
1668 787 1828 866 vene

259 863 930 937 randaz”ctinversationi5'
965 874 1138 950 dignae
1183 871 1372 938 'retatis'
1415 877 1628 960 'diei'tur'
1664 861 1829 966 i'tiis‘s'e:

257 970 469 1029 Christo
511 971 877 1028 testimOnium
905 971 1054 1038 dare,
1092 963 1489 1030 et"Ec'clesiam
1538 963 1826 1047 signiﬁcat."

256 1059 521 1118 Numerus
573 1077 835 1118 annorum
879 1059 1160 1118 viduitatis
1205 1067 1312 1134 quo
1357 1065 1732 1134 peregrinatur
1769 1065 1831 1120 in'

256 1153 479 1221 saeculo,
524 1153 722 1225 septies
764 1157 1023 1221 duodeni,
1071 1153 1344 1228 octoginta
1375 1153 1606 1227 quatuor
1645 1157 1819 1214 ﬁunt:

254 1249 455 1318 septem
485 1249 551 1305 ad
580 1247 738 1318 hujus
773 1247 951 1304 saeculi
980 1265 1218 1314 cursum,
1249 1250 1527 1306 dnodecim
1557 1253 1621 1306 ad
1649 1252 1825 1322 perfe-

255 1340 484 1394 ctionem
516 1337 818 1407 apostolicae
846 1340 1104 1394 doctrinae
1130 1342 1418 1410 pertinent.
1461 1341 1712 1412 Quisquis
1745 1341 1825 1399 to-

256 1437 363 1482 tum
408 1430 532 1483 vita:
557 1443 664 1483 suae
715 1439 925 1500 tempus
955 1430 1264 1500 apostolicis
1306 1435 1640 1502 manciparet
1669 1429 1828 1489 curat

252 1513 510 1572 institutis
535 1559 548 1583 ,
581 1517 850 1588 octoginta
895 1529 1125 1588 quatuor
1177 1520 1332 1574 annis
1362 1521 1592 1575 Domino
1634 1519 1818 1576 servit.

253 1591 354 1658 Per
387 1616 588 1677 septem
616 1621 751 1676 quos
777 1624 897 1663 cum
923 1611 1038 1663 viro
1071 1623 1180 1664 suo
1205 1620 1498 1674 manserat,
1530 1609 1832 1667 Dominicae'

249 1695 634 1752 incarnationis
665 1706 876 1768 tempus
892 1697 1156 1768 signatur,
1188 1702 1312 1769 quia
1339 1707 1439 1769 per
1469 1691 1671 1770 septem
1701 1703 1830 1771 per-'

248 1783 409 1840 fectio
431 1787 780 1857 signiﬁcatur.
808 1787 980 1853 Anna,
1010 1790 1179 1858 gratia
1207 1791 1328 1855 Dei;
1363 1789 1622 1858 Phanuel,
1657 1793 1817 1861 facies

1927 697 2195 782 tn'anddta'.
2231 693 2731 776 IoannesBaptis'ta'
2753 695 3154 776 'ﬁgur'am'ie‘gis‘
3175 697 3336 778 tétleii
3360 705 3500 764 Cit,"-

1927 791 2321 863 lu'm'apet‘tum
2365 787 2585 865 propter
2629 789 2846 868 nes;-‘et
2885 787 3501 868 prapter’nqsispiritus

1925 861 2525 956 genetrix-manus.
2562 861 2638 941 nl
2656 861 2728 942 ειετ
2748 861 3202 970 piatituni'iiie‘tiiti
3234 861 3500 970 cbhs’iii'uil

1924 969 2039 1031 Hoc
2083 975 2166 1032 est
2204 969 2380 1046 perte
2406 967 2768 1049 gererd‘qiiOd
2796 969 2928 1033 mihi
2946 975 3161 1049 placet,
3189 967 3500 1052 "lquial'lmnc

1924 1065 2030 1122 n'on
2056 1059 2267 1123 creasse
2293 1059 2563 1138 paenituit.
2596 1055 2938 1124 "Iricennalis
2960 1109 2976 1134 ,
3021 1079 3075 1124 et
3098 1087 3127 1124 a
3153 1067 3268 1124 tide‘
3300 1063 3500 1142 sancta:

1924 1147 2203 1230 Trinitatis
2225 1155 2280 1216 et
2299 1151 2613 1230 operatione
2635 1149 2908 1232 dec'alo"gi,l
2938 1153 3155 1232 triginta
3191 1143 3496 1217 ‘cubiio'ru‘m‘

1924 1249 2189 1306 funiculus
2216 1260 2353 1315 erat,
2381 1251 2472 1320 qui
2502 1254 2648 1307 mare
2676 1251 3000 1323 ambigebat,
3024 1251 3078 1308 et
3109 1239 3201 1307 sex
3239 1249 3503 1309 metretas

1923 1339 2186 1414 capiebat.
2219 1343 2414 1416 Ioseph
2442 1337 2715 1418 trigesimo
2736 1365 2878 1403 anno
2901 1349 2966 1402 de
2988 1343 3206 1404 carcere
3231 1341 3498 1416 educitur.

1922 1429 2090 1490 David
2115 1427 2398 1507 trigesimo
2425 1454 2566 1496 anno
2595 1453 2690 1493 rex
2726 1441 3090 1494 constituitur.
3121 1430 3370 1494 Ezechiel
3393 1423 3500 1493 tri:

1921 1523 2125 1612 g’esimo
2155 1544 2294 1582 anno
2321 1538 2535 1597 apertos
2564 1529 2729 1584 "caelos
2756 1523 2907 1586 vidit.
2937 1515 3363 1610 Iabernaculum
3383 1519 3506 1612 lonL:

1921 1605 2405 1690 gitiidine'trigiiita
2433 1609 2898 1675 ettliitos'baliuit."
2964 1605 2976 1684 λ
3137 1613 3184 1620 ”
3425 1613 3470 1682 ’.

1943 1699 1969 1724 ⁸
1989 1705 2153 1762 Iacob
2177 1694 2231 1763 et
2258 1707 2373 1763 Heli
2401 1697 2600 1766 fratres
2635 1707 2869 1776 fuerunt,
2903 1697 3292 1778 mortuo'Heli,
3331 1697 3507 1767 Iacob;

1921 1791 1975 1853 in
2002 1815 2168 1854 uxore
2191 1799 2465 1870 generavit
2487 1797 2704 1871 Ioseph.
2731 1800 3011 1857 Matthaeus
3030 1818 3126 1872 per
3145 1803 3498 1873 quadraginta

249 1875 374 1939 Dei;
402 1877 554 1942 Aser,
571 1876 782 1939 beatus;
807 1887 862 1932 et
885 1887 1106 1933 octavus
1131 1879 1186 1932 in
1209 1880 1398 1933 ordine
1429 1883 1699 1935 nascendi.
1732 1882 1826 1936 Re—
1852 1899 1901 1966 Β
1928 1893 2060 1949 duas
2083 1895 2460 1964 generationes
2479 1896 2758 1962 ρνωεεηιίε
2779 1896 2956 1951 seculi
2974 1897 3237 1966 signiﬁcat
3259 1895 3497 1951 laborem

247 1967 378 2020 versi
404 1976 526 2019 sunt
547 1968 603 2020 in
631 1967 917 2021 Nazaretlt.
941 1968 1292 2023 Praetermisit
1323 1970 1494 2024 Lucas
1514 1972 1656 2039 quod
1686 1972 1821 2026 dixit

247 2053 542 2116 Matthaeus,
572 2055 854 2109 Dominum
877 2071 943 2110 ex
965 2055 1198 2128 Egypto
1221 2058 1578 2126 deportatum.
1606 2059 1822 2129 Sapien-

245 2146 320 2197 tia
348 2154 395 2197 et
419 2146 590 2213 gratia
611 2145 726 2198 Dei.
747 2145 1021 2215 Sapientia
1042 2148 1334 2202 secundum
1355 2163 1595 2213 carnem,
1615 2152 1739 2219 quia
1765 2153 1819 2206 in

245 2249 309 2289 eo
331 2235 823 2304 habitatpleuitudo
849 2238 1145 2294 divinitatis
1171 2241 1538 2308 corporaliter.
1561 2242 1746 2297 Gratia
1761 2253 1819 2298 ut

245 2329 373 2383 dicit
391 2328 622 2382 Joannes
645 2346 657 2380 :
685 2327 894 2396 plenum
924 2331 1095 2398 gratia
1122 2340 1170 2384 et
1196 2333 1410 2386 veritate
1430 2351 1449 2387 :
1476 2335 1618 2402 quod
1646 2333 1820 2389 Lucas

245 2422 560 2490 sapientiam
573 2421 703 2474 dicit
726 2437 738 2472 :
757 2420 825 2472 Et
852 2421 957 2474 ibat
971 2423 1026 2474 in
1049 2421 1276 2476 Pascha.
1296 2425 1468 2478 Lucas
1485 2435 1630 2479 recte
1651 2426 1819 2481 vitulo

246 2512 591 2575 assimilatur,
607 2511 698 2580 qui
713 2511 778 2564 de
792 2511 1056 2565 Zacharia
1069 2521 1270 2566 narrat.
1290 2513 1456 2568 Maria
1471 2516 1536 2568 ad
1559 2515 1818 2584 templum

245 2603 408 2656 mittit
439 2604 723 2656 Dominum
752 2617 872 2658 cum
899 2603 1100 2657 hostia:
1132 2603 1393 2660 Joannem
1432 2607 1682 2660 similiter
1707 2623 1813 2661 non

245 2707 364 2746 cuin
395 2694 707 2760 parentibus
726 2734 740 2757 ,
767 2702 821 2746 et
841 2704 962 2762 post
986 2693 1262 2748 laudantes
1278 2695 1445 2750 Deum
1462 2695 1818 2764 discipulosin

246 2785 460 2852 templo.
491 2784 597 2839 Sed
639 2802 756 2838 cum
789 2796 917 2838 esset
947 2803 1204 2840 annorum
1240 2787 1514 2841 duodecim
1554 2788 1814 2842 Christus.

246 2875 344 2930 Ubi
370 2886 578 2946 tempus
598 2876 747 2931 ai’fuit
768 2888 1046 2947 utramque
1069 2894 1220 2933 suam
1245 2887 1491 2932 naturam
1514 2880 1677 2949 erepit
1695 2893 1820 2948 ape-

246 2969 373 3031 rire,
398 2985 466 3022 ne
492 2970 698 3038 parvuli
718 2971 1036 3024 erubescant
1055 2971 1260 3025 discere
1284 2987 1313 3024 a
1332 2972 1650 3034 senioribus,
1677 2971 1819 3025 Deus

245 3077 313 3114 au
339 3061 571 3114 scultare
588 3062 751 3116 voluit
778 3063 1039 3128 homines,
1058 3079 1123 3117 ne
1142 3064 1338 3117 inﬁrmi
1355 3066 1551 3116 docere
1564 3063 1815 3127 audeant,

244 3169 351 3208 non
376 3154 558 3208 docuit
582 3170 751 3222 usque
777 3155 842 3208 ad
874 3155 1093 3224 triginta
1122 3170 1312 3209 annos.
1347 3154 1632 3223 Stupebant
1663 3169 1820 3222 super

1923 1985 2194 2041 Ecclesiae.
2247 1986 2420 2042 Lucas
2467 1996 2644 2042 autem
2689 2003 2788 2058 per
2835 1988 3170 2059 septuaginta
3221 1995 3424 2058 septem
3466 2002 3497 2040 a

1923 2076 2138 2132 Christo
2167 2093 2338 2147 usque
2366 2080 2431 2133 ad
2465 2079 2630 2133 Deum
2669 2081 2985 2145 ascendens,
3014 2080 3283 2151 signiﬁcat
3310 2095 3498 2134 ascen-

1922 2184 2102 2222 suram
2145 2169 2440 2223 Ecclesiam
2489 2177 2612 2237 post
2649 2169 2974 2238 baptismum
3013 2177 3067 2224 et
3123 2169 3496 2224 remissionem

1922 2265 2269 2325 peccatorum
2317 2259 2382 2310 ad
2421 2258 2636 2312 caelum.
2676 2257 2734 2312 ln
2781 2259 3216 2328 generationibus
3267 2257 3497 2310 Matthazi

1922 2357 2229 2402 nostrorum
2260 2348 2527 2416 susceptio
2549 2357 2891 2417 peccatorum
2921 2364 2951 2402 a
2981 2348 3214 2404 Christo.
3245 2346 3302 2400 in
3336 2347 3495 2401 Luca:

1922 2441 2361 2511 generationibus
2388 2439 2586 2495 oblivio
2614 2447 2962 2509 peccatorum
2989 2456 3018 2492 a
3047 2438 3285 2494 Christo.
3315 2437 3384 2492 Et
3409 2438 3498 2494 ille

1922 2531 2272 2594 descendens,
2302 2531 2404 2584 iste
2434 2529 2745 2584 ascendens.
2779 2528 2845 2582 Et
2866 2527 3038 2583 Lucas
3061 2529 3126 2582 de
3152 2526 3502 2597 Septuaginta

1921 2622 2157 2676 editione
2185 2621 2412 2690 sumpsit
2437 2620 2575 2673 hanc
2601 2617 3001 2688 generationem
3026 2657 3042 2681 ,
3072 2615 3256 2671 Enoch
3292 2616 3347 2668 in
3376 2630 3498 2685 sep-

1924 2714 2223 2784 tuagesimo
2237 2713 2372 2776 loco,
2390 2719 2450 2764 ut
2465 2708 2730 2779 signiﬁcet
2751 2709 2842 2778 qui
2856 2707 3169 2778 spiritaliter
3189 2706 3500 2776 decalogum

1922 2805 2265 2874 impleverint
2288 2801 2692 2856 transferendos
2721 2800 2776 2854 in
2803 2800 3063 2869 requiem.
3099 2798 3222 2852 Non
3254 2795 3496 2851 tentabis.

1922 2893 2317 2963 Suggerehatur
2357 2891 2500 2947 enim
2542 2899 2798 2958 tanquam
2846 2889 3080 2952 homini,
3112 2895 3171 2941 ut
3213 2888 3366 2958 signo
3406 2887 3502 2940 ali-

1920 3001 2027 3054 quo
2074 2984 2378 3054 exploraret
2424 2983 2538 3050 ipse
2591 2990 2848 3051 quantum
2898 2987 3041 3034 esset
3081 2996 3093 3030 :
3145 2978 3197 3031 id
3235 2987 3318 3032 est
3361 2977 3501 3046 quod

1920 3071 2147 3127 multum
2179 3072 2318 3142 apud
2343 3072 2509 3126 Deum
2543 3077 2720 3140 potest
2750 3087 2762 3120 :
2795 3069 2937 3136 quod
2972 3067 3163 3122 vitiose
3192 3065 3250 3119 ﬁt
3273 3080 3395 3119 cum
3420 3064 3497 3118 ﬁt.

1924 3161 2095 3234 Usque
2134 3163 2202 3217 ad
2247 3172 2467 3232 tempus.
2500 3161 2694 3216 Postea
2733 3159 2878 3214 enim
2916 3159 3146 3214 accessit
3182 3173 3288 3212 non
3331 3164 3501 3209 tenta-

243 3246 542 3315 prudentia.
596 3245 730 3312 Quia
779 3257 989 3301 aetatem
1043 3263 1261 3317 parvam
1326 3233 1594 3302 videbant.
1652 3246 1814 3313 Quasi
1845 3265 1888 3326 ρ
1920 3233 2090 3317 turus,
2126 3254 2295 3308 tribus
2341 3252 2620 3307 fraudibus
2661 3249 2952 3322 expositis,
2994 3265 3208 3305 omnem
3257 3247 3505 3302 tentatio-

246 3335 405 3388 homo
440 3335 806 3406 interrogabat
835 3337 1105 3402 seniores,
1145 3338 1298 3406 quasi
1323 3339 1464 3392 Deus
1493 3337 1768 3407 respondit
1804 3355 1816 3390 :

245 3427 386 3494 quod
429 3427 670 3480 seniores
712 3435 767 3480 et
794 3426 933 3480 docti
969 3427 1313 3481 mirarentur.
1346 3427 1499 3481 Jesus
1541 3427 1819 3497 sapientia,

247 3527 397 3572 tetate
425 3526 473 3571 et
493 3519 663 3588 gratia
687 3518 1007 3587 proﬁciebat.
1036 3518 1192 3573 Aitas
1215 3520 1279 3573 ad
1297 3535 1536 3583 carnem,
1561 3518 1822 3588 sapientia

250 3609 316 3662 ad
341 3609 598 3672 animam,
623 3609 802 3676 gratia
827 3609 892 3662 ad
921 3610 1325 3680 intelligentiam
1355 3610 1676 3674 naturalem,
1705 3625 1824 3678 quae

247 3713 503 3752 concessa
527 3707 609 3752 est
631 3711 792 3752 causa
830 3699 1070 3754 rationis.
1115 3699 1354 3754 Herodes
1382 3707 1438 3752 et
1463 3698 1660 3752 fratres
1684 3699 1820 3768 ejus,

248 3791 340 3844 ﬁlii
366 3791 588 3845 alterius
631 3790 876 3854 Herodis,
908 3791 1048 3845 inter
1077 3807 1212 3859 quos
1239 3799 1293 3846 et
1331 3791 1503 3860 ipsum
1535 3789 1823 3854 Herodem,

245 3882 542 3936 Archelaus
569 3881 737 3936 frater
763 3898 950 3937 eorum
972 3883 1158 3936 decem
1187 3897 1356 3935 annos
1382 3882 1644 3950 regnavit.
1672 3879 1825 3934 Anna

251 3980 406 4035 ante,
463 3971 694 4040 Caiphas
734 3972 851 4041 ipso
893 3986 1036 4025 anno
1079 3987 1186 4041 quo
1227 3971 1488 4026 Dominus
1535 3969 1826 4026 cruciﬁxus

248 4072 352 4116 est.
385 4061 460 4114 De
494 4060 754 4131 lapidibus
781 4059 917 4128 ﬁlios
945 4061 1188 4115 Abrahw.
1233 4062 1308 4115 De
1352 4061 1546 4129 quibus
1586 4059 1782 4114 Paulus
1810 4077 1822 4112 :

251 4153 310 4206 Si
346 4163 519 4204 autem
547 4168 635 4205 vos
668 4150 885 4214 Christi,
917 4168 1037 4222 ergo
1080 4168 1255 4206 semen
1284 4152 1508 4205 Abraha:
1547 4154 1688 4206 estis.
1735 4149 1828 4204 Se—

249 4243 408 4306 curis,
435 4242 680 4297 Christus
709 4242 800 4312 qui
829 4243 1090 4297 retinetur
1117 4257 1183 4296 ex
1212 4243 1516 4307 manubrio,
1550 4242 1736 4297 incidit
1762 4257 1824 4294 cx

251 4331 550 4386 divinitate.
598 4331 782 4395 Arbor,
836 4347 1002 4402 genus
1051 4333 1362 4385 humanum.
1408 4330 1634 4385 Videtur
1687 4331 1828 4399 quod

253 4423 394 4475 circa
435 4427 645 4488 tempus
677 4419 971 4474 nativitatis
1009 4422 1218 4476 Domini
1258 4438 1365 4493 pax
1405 4437 1502 4492 per
1546 4422 1826 4477 duodecim

253 4526 422 4564 annos
453 4509 642 4573 fuerit,
675 4517 733 4562 ut
761 4509 1116 4577 compleretur
1161 4511 1303 4578 quod
1343 4512 1605 4579 prOphcta
1643 4512 1779 4564 dixit
1811 4528 1824 4564 :

1923 3359 2044 3399 nem
2069 3343 2200 3397 dicit
2224 3358 2346 3397 esse
2373 3349 2826 3403 consummatam,
2859 3339 2982 3409 quia
3012 3337 3261 3393 videlicet
3280 3337 3364 3392 his
3387 3351 3502 3390 om-

1924 3434 2070 3488 nium
2108 3433 2357 3487 vitiorum
2411 3433 2650 3504 origines
2697 3432 3110 3502 amplectentur,
3155 3439 3215 3484 ut
3267 3429 3502 3484 Ioannes

1924 3524 2000 3578 ait
2030 3541 2043 3576 :
2079 3521 2244 3576 Omne
2271 3521 2409 3591 quod
2443 3523 2499 3574 in
2538 3521 2734 3574 mundo
2775 3530 2847 3574 est
2877 3519 3296 3588 concupiscentia
3329 3515 3506 3570 carnis

1923 3625 2018 3678 est,
2054 3622 2104 3666 et
2142 3611 2559 3681 concupiscentia
2597 3610 2890 3673 oculorum,
2917 3618 2965 3662 et
2998 3607 3240 3678 superbia
3271 3606 3408 3660 vita.
3437 3605 3506 3659 Et

1925 3704 1981 3758 in
2003 3701 2341 3770 Evangeliis,
2370 3701 2544 3755 tribus
2571 3699 2747 3756 solum
2788 3699 3024 3769 negotiis
3055 3698 3122 3751 ab
3163 3705 3367 3751 aeterna
3395 3694 3505 3748 vita

1925 3793 2300 3848 excluduntur.
2323 3789 2540 3844 Primus
2565 3804 2664 3859 pro
2695 3788 2842 3853 villa,
2883 3787 3152 3843 secundus
3178 3800 3279 3856 pro
3311 3784 3502 3848 bobus,

1926 3883 2118 3938 tertius
2137 3897 2234 3952 pro
2258 3895 2446 3935 uxore.
2478 3880 2674 3935 Uxoris
2711 3879 2997 3949 appetitus,
3031 3878 3173 3932 sicut
3203 3885 3257 3931 et
3293 3873 3416 3944 gula
3438 3873 3506 3927 ad

1925 3973 2411 4043 concupiscentiam
2455 3972 2634 4026 carnis
2675 3971 2928 4040 pertinet.
2965 3967 3120 4024 Villae
3152 3966 3354 4037 emptio
3408 3980 3508 4033 pro

1927 4065 2152 4120 avaritia
2177 4062 2242 4116 ad
2271 4062 2578 4131 superbiam
2606 4062 2729 4114 vita:
2755 4059 3008 4128 respicit;
3040 4057 3290 4128 probatio
3317 4055 3384 4110 ad
3415 4070 3507 4109 cu-

1927 4152 2248 4211 riositatem,
2281 4165 2400 4219 qua:
2429 4158 2515 4204 est
2555 4163 2692 4202 vana
2733 4149 2920 4219 gloria.
2957 4147 3039 4202 Ad
3070 4148 3213 4218 quod
3252 4145 3509 4200 Dominus

1931 4244 2130 4313 triplici
2157 4243 2264 4297 telo
2293 4241 2494 4295 armari
2516 4239 2719 4310 jussit:
2751 4248 2810 4293 ut
2844 4238 3052 4310 jejunio
3088 4245 3275 4293 contra
3313 4251 3510 4290 concu-

1926 4334 2244 4404 piscentiam
2285 4332 2496 4396 carnis;
2559 4331 2898 4401 eleemosyna
2956 4339 3143 4385 contra
3191 4327 3503 4388 avaritiam;

1928 4426 2178 4497 precibus
2215 4424 2477 4492 jactantia
2523 4423 2775 4492 pellatur.
2826 4423 2884 4476 In
2927 4422 3169 4476 secundo
3195 4419 3335 4472 libro
3360 4417 3510 4470 Iose-

1929 4523 2065 4590 phus
2103 4519 2297 4588 repetit
2348 4533 2412 4571 ea
2439 4530 2569 4586 qua:
2617 4522 2741 4568 ante
2783 4511 3040 4565 Dominus
3085 4516 3211 4561 ante
3260 4505 3508 4559 traditio--

254 4597 566 4668 Conﬂabunt
595 4597 796 4668 gladios
822 4614 944 4651 suos
973 4599 1027 4650 in
1050 4615 1297 4664 vomeres,
1327 4609 1373 4651 et
1401 4599 1605 4653 lanceas
1630 4618 1752 4653 suas
1776 4602 1827 4654 in
1854 4615 1909 4674 Ῑ)
1933 4628 2055 4668 nem
2103 4609 2232 4664 fecit
2259 4651 2272 4672 ,
2327 4608 2532 4662 scilicet
2578 4608 2754 4676 primo
2783 4618 2956 4667 anno;
3009 4600 3099 4654 alii
3141 4599 3210 4654 de
3250 4599 3506 4654 secundo.

255 4691 415 4760 falces
452 4704 471 4743 :
519 4700 577 4745 ut
613 4691 836 4762 apostoli
876 4707 972 4759 per
1008 4689 1194 4745 orbem
1235 4691 1314 4744 ire
1359 4699 1597 4758 possent.
1647 4691 1829 4744 Prima

257 4781 544 4851 descriptio
584 4799 703 4852 quae
726 4784 912 4838 orbem
944 4791 1099 4838 terra:
1135 4791 1306 4837 totum
1352 4783 1716 4851 descripserit,
1746 4784 1830 4839 vel

258 4883 403 4928 certe
430 4873 605 4942 primo
628 4873 883 4942 cmpisse,
916 4873 1130 4942 quando
1154 4873 1384 4943 Cyrinus
1420 4872 1633 4944 Syriam
1660 4873 1826 4928 venit.

257 4965 548 5034 Augustus,
575 4963 883 5030 Christum;
929 4965 1196 5029 consules,
1223 4965 1625 5034 przedicatores.
1663 4966 1831 5020 Dena-

259 5058 371 5112 rius
400 5073 496 5127 pro
541 5057 724 5112 decem
753 5058 986 5111 nummis
1011 5055 1077 5110 de
1103 5072 1211 5111 aere
1241 5055 1546 5110 solvebatur
1581 5057 1726 5125 quod
1752 5056 1827 5110 si-

259 5149 482 5224 gniﬁcat
507 5149 838 5219 decalogum.
883 5149 1093 5204 Securis
1118 5147 1187 5201 ad
1225 5148 1444 5212 radices,
1472 5147 1687 5216 quando
1712 5155 1827 5202 tota

259 5241 418 5299 simul
440 5241 721 5310 progenies
748 5240 969 5294 tollitur.
1009 5238 1112 5305 Qui
1137 5238 1288 5292 habet
1319 5238 1451 5291 duas
1477 5239 1704 5292 tunicas.
1727 5236 1831 5292 Per

262 5333 378 5387 haec
403 5328 546 5400 quod
575 5331 754 5384 tunica
789 5330 908 5397 plus
933 5341 1016 5385 est
1053 5329 1356 5384 necessaria
1388 5345 1549 5397 quam
1584 5328 1828 5398 pallium,

261 5421 570 5492 praecipitur
600 5428 661 5473 ut
695 5420 855 5473 etiam
879 5421 1032 5474 valde
1075 5420 1375 5475 necessaria
1411 5434 1532 5474 cum
1568 5419 1832 5488 proximis

263 5511 576 5581 partiamur.
616 5508 682 5562 In
708 5508 834 5578 igni.
862 5506 975 5562 Hoc
997 5518 1077 5562 est
1103 5510 1157 5562 in
1182 5511 1498 5579 purgatione
1529 5509 1832 5563 sanctiﬁca-

267 5602 428 5662 tionis
477 5608 531 5655 et
575 5599 893 5670 probatione
942 5600 1321 5655 tribulationis.
1373 5602 1548 5655 Etiam
1601 5600 1833 5672 Spiritus

267 5679 485 5747 sanctus
516 5691 654 5762 ignis
681 5691 913 5745 nomine.
955 5689 1104 5746 Unde
1138 5693 1332 5748 dicitur
1364 5711 1376 5746 :
1428 5694 1834 5764 Baptizabimini

267 5777 470 5853 Spiritu
494 5795 694 5840 sancto.
723 5781 827 5839 Per
850 5781 1084 5854 paleam,
1107 5782 1240 5854 justi
1264 5783 1530 5840 examinis
1552 5783 1830 5842 discretio.

1947 4701 2146 4754 Virtute
2187 4697 2434 4770 Spiritus.
2489 4696 2653 4768 Signa
2704 4693 3086 4751 miraculorum
3137 4689 3285 4753 dicit.
3324 4690 3510 4744 Primo

1935 4791 2192 4847 Dominus
2218 4790 2476 4842 virtutum
2503 4789 2660 4858 signa
2684 4783 3004 4840 monstravit
3029 4796 3126 4852 per
3163 4780 3505 4850 sapientiam.

1933 4880 2266 4950 Praeceptum
2313 4877 2514 4933 Iudaeis
2561 4877 2766 4932 fecerat
2819 4893 2832 4927 :
2884 4871 3077 4926 Vacate
3117 4881 3164 4924 et
3206 4870 3389 4925 videte.
3445 4869 3514 4922 Et

1933 4969 2124 5023 domus
2161 4981 2428 5038 synagoga
2469 4965 2764 5021 dicebatur.
2813 4960 3020 5016 Unctus
3061 4969 3144 5014 est
3187 4960 3238 5013 in
3275 4957 3512 5013 Iordane

1931 5075 2042 5129 prae
2060 5059 2412 5128 participibus
2432 5058 2565 5121 suis,
2589 5054 2708 5110 oleo
2732 5053 2960 5123 spiritali
2984 5061 3038 5108 et
3059 5053 3258 5106 virtute
3281 5049 3509 5106 ctelesti.

1935 5151 2086 5206 Diem
2115 5151 2482 5206 retributionis
2506 5188 2521 5212 ,
2551 5160 2659 5216 quo
2693 5145 2836 5200 ﬁlius
2875 5144 3110 5200 hominis
3143 5151 3402 5197 venturus
3430 5148 3513 5195 est

1935 5240 1988 5293 in
2015 5239 2202 5310 gloria.
2225 5238 2449 5307 Aperuit
2476 5236 2738 5290 Dominus
2765 5235 2984 5300 librum,
3015 5233 3106 5304 qui
3135 5231 3344 5302 aperuit
3373 5228 3515 5284 Scri-

1933 5341 2186 5402 pturam;
2226 5330 2404 5384 reddit
2447 5329 2717 5393 ministro,
2768 5327 3042 5396 apostolis.
3075 5324 3256 5390 Stetit,
3297 5323 3513 5393 quando

1935 5425 2254 5478 incarnatus
2273 5429 2375 5485 est,
2401 5419 2498 5475 sed
2526 5419 2741 5489 quando
2775 5419 2829 5473 in
2857 5417 3052 5474 caelum
3084 5415 3327 5471 ascendit
3346 5413 3514 5482 plica-

1937 5522 2048 5568 tum
2079 5511 2328 5576 reddidit,
2354 5511 2479 5581 quia
2503 5525 2610 5564 non
2640 5509 2891 5564 omnibus
2911 5508 3093 5562 omnia
3115 5513 3237 5561 sunt
3262 5504 3507 5560 dicenda.

1935 5603 2060 5657 ideo
2107 5601 2361 5670 impleta,
2387 5601 2513 5670 quia
2550 5600 2689 5656 sicut
2718 5599 3038 5669 praedixerat
3080 5598 3193 5667 ipsa
3228 5604 3282 5651 et
3315 5607 3509 5664 magna

1939 5694 2188 5758 faciebat,
2233 5703 2288 5749 et
2312 5693 2517 5762 majora
2544 5692 2966 5761 evangelizabat.
3014 5689 3400 5746 Testimonium
3431 5684 3508 5738 illi

1919 5781 2140 5842 'dabant
2185 5797 2310 5842 eum
2356 5799 2508 5850 esse,
2543 5784 2610 5841 de
2651 5797 2758 5854 quo
2805 5783 3079 5854 propheta:
3125 5777 3515 5860 praedixerant.
