3988 6472
537 378 677 440 19η

1318 367 1707 428 cnmsrmu
1740 354 2651 437 DBHIHMAMﬁOBﬁEIENSls,
2682 351 2991 412 nomen:

3666 351 3815 431 isi!

529 482 1311 545 huicmtrenuntiamm,
1350 495 1530 550 usque
1562 478 1821 535 intinem
1858 487 2103 543 resumi-

2206 469 2425 547 estsine.
2457 463 3169 555 asia..mriwme.rsees
3477 463 3555 551 ει
3603 465 3812 551 estea

527 580 745 645 ctionis,
791 578 917 648 quia
934 608 937 615 -
954 585 1227 646 tanquam.
1262 574 1431 631 tertia.
1446 614 1451 633 .
1464 570 1971 639 consummahitun;
1996 568 2100 625 hoc

525 677 611 727 est
662 669 732 724 ad
764 665 1169 737 plenitudinem
1226 663 1629 734 .Erangelicam.
1693 661 1798 717 Per
1853 657 2100 728 corporis

526 759 694 815 etiam
724 755 1183 812 immortalitatem
1218 754 1535 824 perﬁcietur.
1556 750 1827 816 Ecclesia,
1854 749 1975 813 vel
2007 749 2121 815 hq-:

527 852 625 908 die,
642 858 701 906 et
730 852 858 905 oras
872 856 1135 918 pensans,
1161 856 1218 905 et
1244 846 1583 913 inlaturum,
1610 845 1871 915 qqupse
1908 838 2122 909 praedim

526 942 677 998 cavit‘
690 940 965 995 tertiadie
984 954 1110 1007 cum
1139 938 1455 1003 resurrexit,
1485 934 1901 1002 omniascripta
1932 930 2104 991 dese

524 1036 938 1095 consummavit.
985 1035 1102 1095 Non
1158 1033 1439 1105 prohibuit
1490 1032 1688 1087 fratres
1740 1028 1829 1085 vel
1877 1035 2103 1091 caeteros
2170 1074 2175 1079 .

503 1128 888 1193 'itititareued
914 1125 1348 1185 discrevitillam
1380 1123 1738 1182 imitationem
1767 1119 1836 1174 ab
1870 1118 2104 1185 clauum-

521 1234 679 1290 syna.
699 1218 826 1273 Ideo
846 1218 1199 1282 nonnullum
1233 1215 1329 1273 ﬁat
1358 1214 1455 1271 tibi
1487 1210 1919 1283 peccatumsed
1944 1209 2111 1277 tetri:

520 1311 689 1366 butio.
711 1309 865 1365 :Sunt
894 1318 1075 1365 autem
1108 1308 1357 1378 quaedam
1383 1305 1650 1369 convivia,
1677 1318 1799 1374 quae
1826 1317 2101 1366 comesse”

522 1400 699 1456 tiones
716 1406 1013 1455 meantum.
1031 1396 1469 1455 Cmnessationes
1502 1402 1639 1455 sunt
1656 1393 1890 1457 luxuria,
1919 1392 2103 1457 conviva

519 1489 715 1545 vis..Si
736 1490 863 1559 quis
880 1522 883 1529 -
900 1488 1233 1558 sitnpliciter‘
1256 1486 1503 1555 exemplo
1541 1484 1683 1545 facit.
1713 1483 1949 1539 ﬁliorum
1976 1480 2096 1548 Job,

518 1582 659 1637 sicut
690 1586 889 1636 canora
914 1577 1375 1643 fraternazoﬂicia,
1401 1576 1546 1637 Deus
1571 1573 2095 1639 remuneratorerit.

516 1670 719 1727 Panem
743 1672 799 1729 in
834 1674 1009 1741 regno
1033 1670 1131 1728 Dei
1155 1667 1464 1733 manducet,
1490 1667 1541 1725 si
1576 1666 1699 1735 quis
1727 1665 2003 1733 Christum
2042 1663 2101 1719 in

516 1761 903 1817 incarnationis
927 1769 1266 1817 sacramento
1294 1757 1402 1812 frui
1432 1757 1711 1821 meruerit,
1746 1757 1840 1811 sed
1875 1754 2097 1809 multin

2202 544 2323 633 ιεεη
2351 544 2571 637 omnis!
2602 544 2993 635 temporalium:
3018 544 3603 639 ἰῑέεριῖὸὶίέῐηῖρτιίεω
3622 544 3810 643 mile

2203 650 2489 729 circuitum
2517 649 2884 725 designantur.
2904 642 3031 717 Una
3068 657 3381 722 ᾳδεηιηιειιιντ
3406 645 3490 725 ’Ea
3521 658 3662 729 pars
3686 662 3809 727 qua:

2200 742 2467 819 connubia
2480 749 2708 823 propter
2727 755 2970 823 amorem
2994 748 3203 819 tantum
3223 738 3440 811 generis
3464 738 3808 823 exercuerit,

2202 812 2581 915 necantque
2606 812 2970 913 subsertam
2986 812 3215 917 Ρεδνιὲτ.
3237 828 3409 921 Pcw”
3440 812 3810 921 ἐξεβέδῶ

2204 902 2354 1001 runt;
2374 904 2495 981 Duo
2514 914 2567 977 in
2592 902 2735 992 agro.
2754 902 2815 976 1n
2840 902 3080 1001 Ecclesia
3108 902 3708 1001 pradicaturesavnus
3731 902 3809 975 tu.

2204 992 2456 1089 tentetur,
2483 1012 2593 1089 Qui
2624 1012 2845 1093 verbum
2872 1012 2969 1087 Dei
2996 992 3219 1083 propter
3247 1012 3561 1091 Dominum.
3582 1031 3808 1095 annun-

2206 1086 2499 1185 tiat-Tres
2535 1086 2752 1162 ordines
2783 1090 3224 1179 praedicatorum,
3254 1086 3805 1195 continenteséatque

2203 1182 2493 1273 coniugati.
2515 1193 2611 1271 bi
2635 1197 2793 1275 fuerit
2815 1212 3025 1267 corpus,
3043 1182 3497 1268 congregabantur
3513 1208 3565 1252 et
3584 1182 3801 1275 aquilis.

2204 1286 2313 1353 Ubi
2346 1288 2603 1373 Dominus
2642 1298 2698 1343 et
2729 1289 2895 1363 electi
2922 1306 3047 1345 cum
3094 1290 3209 1373 illo,
3245 1291 3337 1362 qui
3367 1289 3488 1371 ejus
3538 1293 3803 1371 passione

2201 1387 2458 1461 tauquam
2480 1370 2652 1436 icarne
2672 1382 2959 1469 satiantur.
2978 1370 3193 1459 ‘Aquila
3211 1382 3370 1439 altius
3390 1376 3705 1469 volai,lper|
3734 1386 3806 1439 la-

2201 1454 2380 1543 pidem
2414 1490 2445 1527 a
2479 1472 2817 1545 serpentibus
2844 1490 2902 1529 se
2929 1454 3198 1542 defendit,
3230 1454 3547 1549 baptizatur
3678 1456 3806 1531 'jor-

2202 1562 2357 1645 dune.
2383 1556 2609 1645 Semper
2627 1580 2803 1645 orare,
2824 1580 2885 1620 ea
2906 1579 3065 1637 agere
3088 1581 3303 1641 semper
3324 1582 3447 1637 qua:
3468 1565 3623 1645 justa
3652 1576 3800 1643 sunt.

2200 1636 2748 1730 Iudexgquidam'erat
2779 1653 2833 1707 in
2862 1636 3084 1730 civitate.
3110 1636 3389 1710 Parabolas
3417 1640 3512 1710 aut
3542 1640 3615 1710 ex
3648 1638 3802 1730 simi-

2200 1724 2425 1798 litudine
2452 1755 2543 1798 aut
2575 1728 3011 1801 dissimilitudine
3037 1754 3326 1814 ponuntur.
3358 1742 3460 1801 Hic
3489 1745 3668 1813 judex
3695 1724 3797 1803 non

515 1869 613 1909 ore
648 1868 755 1908 non
779 1853 963 1908 corde,
1000 1850 1126 1906 meo
1150 1857 1335 1904 nan-at
1358 1848 1672 1919 parabolam
1697 1848 1764 1903 de
1792 1847 1936 1903 illis;
1974 1862 2097 1901 cum
2125 1837 2175 1897 B
2201 1849 2266 1889 ex
2304 1835 2681 1901 similitudine,
2727 1835 2821 1891 sed
2862 1835 3296 1891 dissimilitudine
3332 1837 3659 1900 adhibetur,
3695 1841 3800 1893 sci-

515 1943 674 2014 duplo
699 1946 942 2000 exercitu
967 1952 1155 1999 contra
1182 1943 1434 2013 simplum
1458 1942 1628 2007 venit,
1655 1941 1750 2010 qui
1784 1956 1884 1996 nos
1915 1940 2007 1994 vix
2043 1940 2097 1994 in

515 2034 630 2091 solo
659 2051 824 2105 opere
865 2045 1215 2104 praeparatos,
1247 2034 1407 2089 simul
1430 2034 1497 2088 de
1532 2048 1760 2103 corpore
1797 2021 1853 2086 et
1895 2032 2099 2102 cogita—

517 2127 661 2183 tione
708 2129 1019 2184 discutiunt.
1072 2126 1222 2182 Stola
1277 2127 1452 2197 prima
1506 2126 1677 2180 vestis
1737 2124 2096 2189 innocentiae,

515 2217 692 2282 servi,
729 2218 1130 2287 praedicatores,
1174 2215 1430 2275 annulum
1451 2254 1466 2278 ,
1498 2213 1624 2268 ﬁdei
1667 2213 2003 2283 signaculum
2041 2213 2099 2267 in

513 2305 783 2372 manibus,
815 2314 873 2360 ut
914 2321 1013 2375 per
1046 2321 1212 2376 opera
1240 2305 1375 2358 ﬁdes
1404 2303 1698 2368 clarescat;
1732 2304 2098 2360 calceamenta

513 2397 570 2454 in
604 2400 786 2469 pedes,
820 2399 1051 2454 oﬁicium
1094 2397 1518 2469 evangelizandi.
1566 2397 1776 2453 Vitulus
1824 2397 2093 2454 Christus.

513 2490 707 2547 [laedas
748 2493 886 2562 apud
932 2492 1077 2562 ipsos
1121 2490 1389 2546 Christus.
1434 2490 1585 2549 Unus
1626 2490 1693 2545 de
1739 2492 1928 2556 servis,
1967 2505 2095 2559 pro-

513 2583 677 2653 pheta
717 2582 908 2653 aliquis
943 2584 1010 2638 de
1052 2583 1257 2654 Spiritu
1298 2593 1505 2639 sancto.
1554 2580 1748 2637 Omnia
1781 2599 1898 2653 qua:
1944 2582 2097 2637 habet

514 2671 678 2727 Pater
703 2688 820 2727 mea
861 2683 1001 2728 sunt.
1033 2674 1112 2730 De
1160 2675 1245 2730 his
1275 2675 1413 2730 dixit
1440 2689 1561 2744 quae
1603 2674 1669 2728 ad
1708 2672 1885 2728 Patris
1929 2673 2099 2743 perti-

513 2772 647 2818 nent
674 2765 1028 2820 divinitatem.
1080 2766 1187 2821 lsta
1225 2767 1483 2836 parabole
1529 2774 1584 2819 et
1631 2765 1700 2819 ad
1729 2765 1879 2826 duos,
1925 2764 2097 2833 potni-

516 2858 718 2908 tentem
745 2860 800 2908 et
830 2855 1071 2925 justum,
1115 2862 1296 2924 potest
1341 2854 1556 2910 referri.
1591 2854 1909 2909 Deridebant
1953 2869 2093 2907 eum.

514 2942 652 3009 Quia
682 2945 769 2999 lex
796 2951 851 3000 et
874 2946 1151 3015 prophetae
1177 2960 1283 2999 non
1311 2945 1713 3015 prmcipiebant,
1749 2944 1822 2998 ita
1847 2945 2099 2999 omnibus

518 3033 678 3089 bonis
722 3036 832 3090 imo
873 3036 1260 3100 abundaturos,
1294 3036 1340 3091 si
1371 3035 1545 3106 legem
1586 3036 1957 3090 observarent.
2008 3033 2098 3090 Vw

512 3122 712 3177 homini
740 3141 832 3194 per
851 3141 1006 3195 quem
1036 3123 1347 3179 scandalum
1380 3125 1533 3179 venit.
1565 3124 1621 3179 ld
1641 3133 1725 3179 est
1743 3123 2002 3179 Pharisaei
2022 3115 2101 3179 ir-'

513 3211 760 3268 ridebant
786 3213 1089 3269 doctrinam
1112 3214 1345 3280 Domini,
1377 3221 1434 3269 et
1458 3214 1774 3270 avertebant
1798 3213 1933 3269 alios
1952 3229 2020 3269 ne
2041 3214 2097 3269 in

515 3316 641 3357 eum
686 3303 987 3358 crederent.
1016 3304 1213 3358 Utilius
1236 3311 1321 3358 est
1348 3304 1627 3357 innoxium
1672 3317 1832 3374 ptena
1876 3303 2098 3358 atrocis—

517 3391 657 3445 sima
698 3392 866 3446 vitam
916 3392 1071 3448 ﬁnire
1112 3409 1449 3463 corpoream,
1481 3409 1645 3463 quam
1683 3393 1839 3449 fratri
1883 3397 2099 3451 nocenti

516 3487 747 3534 mortem
790 3483 985 3537 anima:
1032 3483 1229 3537 mereri
1274 3492 1619 3554 perpetuam,
1666 3486 1718 3539 id
1757 3495 1842 3541 est
1873 3486 2099 3556 pusillus

519 3581 605 3628 est
631 3573 722 3642 qui
750 3573 1148 3628 scandalizatur
1173 3584 1360 3630 contra
1399 3575 1665 3646 justitiam
1693 3594 1707 3629 :
1746 3592 1855 3632 non
1890 3586 1974 3631 est
2007 3593 2101 3632 cu-

519 3665 745 3718 randum
778 3665 845 3719 de
871 3666 1127 3720 seandalo
1152 3664 1360 3722 fratris.
1389 3664 1707 3739 Septuagies
1742 3669 1942 3737 septies
1969 3684 2101 3738 qua-

516 3754 816 3826 dringentis
842 3758 1136 3828 nonaginta
1160 3758 1389 3813 vicibus.
1418 3758 1565 3830 Auge
1592 3759 1737 3813 nobis
1759 3759 1937 3828 ﬁdem.
1964 3758 2101 3826 Quia

516 3842 779 3901 Dominus
827 3846 1042 3903 dixerat
1092 3863 1275 3918 supra.
1328 3848 1386 3903 Si
1437 3848 1493 3903 in
1540 3848 1716 3926 alieno
1764 3848 1951 3905 ﬁdeles
1992 3864 2101 3904 non

514 3930 728 3999 fuistis;
775 3935 979 3992 idcirco
1019 3937 1134 3992 haec
1161 3938 1362 3994 docuit.
1393 3938 1631 3996 Granum
1663 3940 1866 4009 sinapis
1912 3954 2102 4011 garga-

517 4025 747 4081 rizatum
776 4035 971 4097 purgat
994 4037 1191 4098 caput;
1221 4044 1321 4098 per
1347 4030 1626 4100 pistillum,
1654 4030 1978 4100 persecutio,
2004 4044 2103 4098 per

519 4131 733 4171 morum
777 4121 1024 4175 arborem
1061 4124 1522 4189 omnesarbores,
1549 4123 1637 4179 vel
1672 4123 1898 4180 verbum
1926 4122 2103 4178 Evan-

520 4207 645 4279 gelii
691 4208 747 4261 in
788 4211 1038 4277 gentibus
1081 4213 1304 4267 missum
1336 4214 1663 4284 designatur.
1712 4212 1913 4280 Servus
1941 4229 2103 4269 arans

512 4307 614 4353 aut
649 4312 878 4367 pascens
905 4299 1129 4366 quilibet
1175 4302 1361 4356 doctor
1400 4304 1731 4375 intelligitur.
1780 4306 2105 4376 Regreditur

523 4387 588 4441 de
638 4402 790 4457 agro,
840 4402 965 4442 cum
1021 4387 1331 4445 intermisso
1381 4406 1542 4461 Opere
1595 4394 1992 4461 praedicationis
2036 4395 2104 4449 ad

522 4477 913 4531 conscientiam
940 4479 1250 4534 revertitur.
1279 4478 1377 4535 Cui
1407 4497 1514 4537 non
1542 4481 1678 4537 dixit
1717 4484 1899 4539 statim
1933 4485 2102 4540 transi

524 4570 589 4622 de
619 4567 720 4622 hac
750 4569 859 4624 vita
906 4569 963 4624 in
991 4578 1271 4637 aeternam,
1319 4572 1411 4626 sed
1456 4574 1610 4630 stude
1651 4575 1972 4642 virtutibus;
2017 4577 2103 4631 cui

522 4656 778 4726 prtecingi
796 4697 812 4722 ,
845 4666 930 4712 est
958 4668 1194 4715 mentem
1223 4660 1292 4714 ab
1337 4662 1588 4717 omnibus
1616 4664 1774 4718 malis
1818 4664 2102 4734 cogitatio-

525 4748 685 4803 nibus
732 4750 1122 4820 constringere.
1156 4752 1214 4806 Si
1244 4752 1405 4808 homo
1433 4753 1501 4808 ab
1526 4753 1744 4810 homine
1780 4755 1947 4809 multa
1991 4770 2107 4810 ser-

525 4836 652 4890 vitia
696 4838 910 4904 quaerit,
940 4850 1144 4908 quanto
1172 4842 1346 4913 magis
1383 4851 1599 4898 creator
1638 4854 1841 4900 noster.
1881 4845 2105 4900 Inutiles

524 4928 678 4981 servi.
706 4926 840 4994 Quia
878 4928 1134 4987 Dominus
1168 4942 1349 4990 vester
1372 4935 1514 4990 bono
1542 4944 1721 4991 vestro
1746 4953 1853 4993 non
1882 4938 2102 5009 indiget.

530 5018 633 5085 Qui
674 5020 833 5090 fuerit
868 5023 925 5077 in
977 5034 1128 5080 tecto.
1177 5026 1238 5081 In
1286 5027 1603 5084 celsitudine
1650 5028 1928 5082 virtutum.
1964 5027 2105 5082 Vasa

527 5108 663 5178 ejus.
695 5108 1157 5181 Concupiscentiae
1185 5115 1447 5171 carnales.
1483 5115 1550 5170 In
1581 5131 1727 5185 agro.
1751 5115 1808 5169 lu
1841 5116 2103 5172 Ecclesia.

536 5197 716 5254 Uxor:
758 5199 875 5256 illos
899 5203 992 5272 qui
1035 5203 1091 5258 in
1135 5205 1479 5261 tribulatione
1508 5214 1652 5261 retro
1687 5204 1954 5276 aspiciunt
1981 5207 2106 5262 abs-

529 5303 635 5358 que
678 5304 774 5359 spe
810 5291 1124 5349 divinitatis.
1167 5292 1237 5348 In
1286 5294 1381 5348 illa
1426 5306 1589 5350 nocte.
1639 5295 1699 5350 ln
1745 5295 1833 5349 illa
1882 5295 2107 5350 tribula-

531 5376 695 5432 tione.
725 5378 793 5433 ln
820 5378 969 5434 lecto.
1004 5380 1063 5435 In
1103 5383 1308 5451 quieto,
1334 5384 1386 5439 id
1418 5393 1501 5440 est
1544 5384 1597 5439 in
1628 5384 1759 5440 otio.
1790 5384 1977 5454 Neque
2014 5399 2107 5439 ne-

534 5469 691 5537 goﬁis
719 5472 1086 5541 saecularibus,
1132 5491 1307 5546 neque
1331 5476 1713 5532 ecclesiasticis
1750 5476 1895 5533 curis
1942 5491 2107 5531 occu-

534 5558 665 5629 pati.
700 5559 846 5618 Unus
870 5576 1182 5621 assumatur.
1215 5569 1282 5623 Et
1310 5571 1400 5639 qui
1431 5578 1650 5639 propter
1677 5570 1847 5624 Deum
1880 5568 2105 5624 faciunt.

536 5646 640 5715 Qui
675 5648 830 5705 aliter
864 5656 1214 5726 relinquetur.
1260 5658 1393 5712 Dum
1425 5659 1707 5715 molentes.
1747 5659 1850 5726 Qui
1891 5660 1948 5714 in
1989 5659 2105 5730 ple-

530 5737 694 5825 bibus
728 5743 1003 5801 constituti
1050 5757 1308 5820 reguntur
1333 5760 1367 5805 a
1399 5748 1710 5807 doctoribus
1752 5748 2105 5818 feminarum,

2129 4523 2183 4583 D

2199 1924 2326 1980 licet
2345 1924 2630 1981 ostendens
2649 1936 2908 1995 quantum
2938 1925 3079 1981 Deus
3107 1941 3252 1981 cura:
3276 1926 3343 1981 de
3365 1927 3798 1997 deprecantibus

2197 2023 2252 2069 et
2277 2032 2355 2072 se.
2386 2015 2553 2069 Putas
2600 2017 2843 2069 inveniet.
2868 2014 3200 2072 Charitatem
3242 2017 3511 2071 bonorum
3556 2019 3797 2072 ostendit

2198 2111 2456 2165 Dominus
2488 2107 2725 2164 futuram
2755 2110 2812 2163 in
2834 2110 2920 2164 die
2952 2107 3163 2178 judicii.
3192 2109 3309 2165 Non
3335 2119 3527 2165 autem
3555 2113 3791 2178 dubitat,

2197 2202 2290 2257 sed
2335 2201 2534 2272 arguit,
2571 2200 2711 2255 sicut
2737 2199 2957 2256 Paulus.
2984 2199 3140 2266 Puto,
3170 2211 3227 2255 et
3253 2216 3354 2272 ego
3385 2202 3656 2271 spiritum
3702 2202 3796 2257 Dei

2197 2292 2392 2347 habeo.
2424 2292 2531 2348 Pro
2559 2291 2767 2347 duobus
2810 2291 2984 2346 modis
3019 2291 3153 2362 justi
3193 2290 3449 2345 dicuntur
3490 2292 3795 2346 vindictam

2197 2385 2409 2454 precari
2464 2382 2530 2438 de
2594 2383 2767 2437 malis.
2820 2381 3060 2449 Quatuor
3122 2389 3248 2436 sunt
3298 2384 3545 2450 species,
3601 2384 3799 2452 quibus

2197 2477 2364 2531 homo
2400 2475 2664 2544 superbus
2707 2489 2829 2528 cum
2877 2472 3077 2528 bonum
3118 2487 3177 2527 se
3213 2472 3419 2527 habere
3454 2482 3653 2542 putat,
3697 2476 3799 2530 sibi

2196 2565 2379 2620 datum
2426 2580 2523 2634 pro
2550 2563 2661 2618 suis
2694 2563 2903 2617 meritis
2931 2570 3114 2632 putat;
3145 2571 3238 2615 aut
3271 2561 3450 2632 jactat
3487 2577 3549 2616 se
3598 2564 3799 2617 habere

2197 2656 2345 2725 quod
2372 2654 2535 2709 habet
2570 2671 2601 2708 a
2629 2652 3020 2724 singularitate,
3050 2652 3165 2705 vult
3187 2651 3389 2706 habere
3422 2654 3574 2721 quod
3613 2654 3794 2708 habet.

2197 2746 2373 2802 Nolite
2399 2747 2535 2803 elﬁci
2569 2748 2836 2813 sensibus,
2866 2747 2959 2802 sed
2990 2746 3227 2811 malitia;
3256 2746 3344 2801 vel
3373 2748 3522 2802 sicut
3550 2752 3715 2819 pueri
3746 2752 3795 2804 in

2197 2839 2472 2905 discendo,
2502 2855 2609 2894 non
2647 2838 3086 2893 contradicendo.
3121 2836 3308 2906 Neque
3352 2840 3610 2896 rationes
3639 2857 3799 2912 oppo-

2196 2930 2306 2995 nit,
2352 2930 2445 2985 sed
2494 2930 2724 2985 ﬁdeliter
2764 2931 3021 3000 suscipit,
3072 2930 3212 2986 sicut
3252 2939 3308 2985 et
3349 2947 3508 2987 oves.
3556 2932 3795 2990 Verbum

2197 3017 2441 3073 audierat
2476 3019 2576 3074 iste
2612 3021 2858 3091 princeps
2884 3022 2948 3075 de
2975 3022 3197 3079 introitu
3226 3025 3382 3095 regni
3429 3025 3709 3079 caelorum
3737 3026 3797 3079 de

2196 3112 2397 3180 pueris,
2425 3120 2707 3182 propterea
2747 3113 3043 3184 interrogat
3085 3116 3279 3185 quibus
3307 3131 3545 3185 operum
3594 3118 3794 3171 meritis

2122 3181 2168 3245 (ἶ
2199 3203 2403 3257 intrare
2429 3181 2620 3272 possit.
2654 3200 2771 3257 Non
2814 3218 2872 3258 se
2906 3181 3222 3275 magistrum
3266 3181 3476 3260 bonum
3504 3223 3622 3261 non
3660 3224 3790 3272 esse,

2200 3294 2293 3348 sed
2328 3294 2642 3364 magistrum
2687 3295 2889 3363 absque
2915 3294 3024 3350 Deo
3064 3295 3268 3349 nullum
3310 3297 3522 3351 bonum
3570 3314 3700 3354 esse
3727 3308 3797 3353 te-

2198 3392 2390 3441 statur.
2443 3385 2712 3440 Foramen
2768 3401 2916 3452 acus,
2955 3388 3231 3458 angustias
3279 3390 3639 3457 passionum.
3688 3391 3794 3456 Qua

2199 3475 2368 3531 scissa
2404 3484 2597 3530 natura
2632 3486 2813 3531 nostra
2859 3478 3123 3532 resarcire
3163 3478 3416 3549 dignatus
3465 3489 3574 3534 est.
3612 3478 3793 3534 Possi-

2200 3564 2299 3619 bile
2324 3576 2395 3619 est
2431 3564 2571 3635 apud
2598 3564 2787 3632 Deum,
2821 3566 3068 3622 videlicet
3100 3576 3158 3621 ut
3184 3569 3335 3623 dives
3362 3567 3647 3624 efﬁciatur
3675 3586 3797 3639 pau-

2199 3669 2298 3723 per
2325 3654 2548 3720 Christi,
2590 3664 2645 3711 et
2688 3656 2758 3711 sit
2794 3657 3012 3712 humilis
3054 3666 3110 3712 et
3154 3658 3383 3728 reliqua.
3414 3659 3491 3713 In
3525 3660 3629 3713 hoc
3675 3671 3795 3713 tem-

2198 3760 2342 3815 pore.
2373 3744 2484 3799 Hoc
2513 3753 2596 3800 est
2639 3747 2897 3801 societate
2922 3749 3161 3802 omnium
3196 3746 3672 3804 Christianorum.
3701 3752 3793 3804 Za-

2202 3835 2382 3891 ChtBUS
2417 3835 2745 3905 justiﬁcatus
2774 3838 3009 3893 dicitur:
3040 3839 3308 3910 signiﬁcat
3336 3842 3605 3910 gentilem
3634 3860 3794 3914 popo-

2201 3925 2333 3980 lum.
2388 3925 2717 3997 Sycomorus
2772 3944 2990 3983 crucem
3027 3929 3324 3999 signiﬁcat,
3364 3932 3497 3999 quia
3545 3947 3579 3984 a
3617 3934 3793 3987 multis

2201 4018 2477 4073 irridetur.
2527 4017 2867 4085 Ascendere,
2917 4020 2975 4073 in
3024 4018 3343 4075 cruciﬁxum
3392 4022 3669 4088 credere;
3711 4025 3793 4079 de

2202 4110 2481 4177 scendere,
2530 4111 2654 4179 quia
2694 4110 2741 4166 si
2793 4126 3117 4167 noveramus
3158 4112 3438 4168 Christum
3498 4117 3791 4171 secundum

2204 4216 2421 4255 carnem
2442 4199 2557 4270 jam
2591 4203 2857 4259 novimus.
2892 4203 3064 4257 Homo
3098 4204 3282 4259 nobilis
3314 4205 3590 4261 Christus.
3636 4208 3791 4278 Regio

2205 4290 2485 4363 longinqua
2533 4294 2775 4349 Ecclesia
2807 4305 2925 4351 est:
2960 4296 3043 4350 vel
3079 4298 3206 4366 quia
3238 4314 3269 4351 a
3299 4297 3505 4354 ﬁnibus
3541 4310 3710 4356 terra
3731 4304 3792 4356 ad

2207 4401 2330 4439 eum
2353 4385 2551 4440 clamat
2571 4387 2836 4455 Ecclesia,
2859 4389 2943 4444 vel
2967 4389 3092 4459 quia
3117 4389 3265 4461 longe
3283 4401 3359 4445 est
3380 4409 3412 4444 a
3434 4396 3794 4462 peccatoribus

2206 4479 2371 4534 salus.

2281 4567 2472 4623 Decem
2508 4588 2679 4626 mnos.
2724 4571 2986 4628 Denarius
3015 4588 3272 4629 numerus
3296 4575 3367 4629 ad
3407 4574 3592 4645 legem
3637 4578 3785 4648 pet-ti

2205 4670 2318 4715 net.
2350 4660 2530 4731 Elegit
2556 4661 2841 4732 discipulos
2877 4678 2975 4734 per
3009 4662 3180 4733 legem
3225 4662 3490 4730 imbutos,
3521 4667 3676 4721 dedit
3711 4668 3790 4721 ὼ-

2208 4764 2326 4804 ccm
2377 4766 2553 4805 mnas.
2594 4750 2730 4817 Quia
2772 4752 2908 4823 legis
2952 4753 3099 4808 dicta
3143 4754 3464 4824 spiritaliter
3496 4759 3794 4829 intelligere

2208 4838 2355 4894 fecit.
2402 4839 2579 4907 Mina,
2623 4856 2782 4909 quam
2827 4840 3002 4897 Graeci
3037 4858 3161 4896 mna
3202 4844 3406 4910 dicunt,
3444 4862 3480 4899 ει
3522 4846 3795 4901 drachmis

2209 4935 2550 5005 appenditur.
2595 4934 2773 5003 Cives,
2817 4934 3020 5002 Judaei;
3050 4938 3238 5002 rediet,
3266 4939 3334 4992 ad
3353 4938 3669 5007 judicium;
3698 4941 3795 4995 sci-

2207 5034 2322 5091 ret,
2363 5026 2504 5081 scire
2547 5026 2767 5081 faceret.
2809 5026 3023 5081 Primus
3051 5042 3259 5094 servus,
3295 5029 3431 5084 ordo
3472 5032 3796 5091 doctorum.

2209 5117 2300 5186 qui
2335 5115 2392 5170 in
2421 5116 2833 5171 circumcisione
2868 5132 3055 5171 mnam
3097 5134 3299 5184 unam,
3345 5119 3453 5174 hoc
3498 5130 3590 5176 est
3634 5135 3800 5174 unum

2209 5207 2412 5273 Deum,
2448 5222 2610 5262 unam
2657 5206 2814 5263 ﬁdem
2868 5210 3161 5278 praedicare
3208 5210 3394 5278 jussus
3442 5221 3552 5267 est.
3604 5213 3800 5267 Decem

2210 5314 2365 5375 muas
2395 5299 2679 5368 acquisivit
2728 5299 2979 5369 populum
3014 5298 3338 5355 Iudaeorum.
3386 5301 3444 5355 In
3478 5304 3708 5358 modico
3753 5305 3802 5357 in

2209 5389 2375 5444 verbo
2402 5389 2602 5444 divino.
2629 5389 2825 5445 Decem
2856 5391 3124 5459 civitates,
3154 5394 3348 5448 animae
3381 5407 3486 5464 per
3508 5392 3655 5461 legis
3688 5410 3806 5449 ver-

2207 5476 2338 5532 bum
2375 5476 2443 5530 ad
2474 5477 2705 5552 gratiam
2753 5477 3023 5549 Evangelii
3044 5483 3361 5536 'venientes.
3390 5480 3551 5536 Alius
3582 5498 3803 5545 semis,

2210 5581 2386 5621 caecus
2415 5567 2506 5636 qui
2534 5566 2845 5635 praedicavit
2871 5569 3154 5638 praeputio,
3187 5569 3422 5639 quinque
3452 5585 3643 5635 muas,
3678 5589 3805 5643 gen-

2208 5656 2377 5710 tilitas
2403 5656 2639 5726 quinque
2679 5655 2927 5710 sensibus
2968 5657 3168 5712 dedita.
3198 5656 3326 5711 Esto
3361 5674 3525 5726 super
3566 5660 3809 5729 quisque

2207 5746 2460 5801 civitates.
2505 5744 2620 5804 Hoc
2672 5754 2757 5801 est
2816 5761 2975 5817 super
3028 5762 3123 5805 eos
3172 5764 3308 5819 quos
3690 5758 3810 5804 esto
