3988 6456
250 384 387 445 15ιό

1076 362 1129 397 υ·
1417 368 2167 445 Emmanmsua
2202 382 2569 444 Lucum»
2630 398 2733 435 ιη

3363 388 3511 459 tm
3550 372 3559 377 ”

248 516 475 579 magnus
521 462 577 558 et
635 462 901 579 sublimis.
952 492 1186 559 Pecunia
1242 501 1471 559 Verbum
1528 498 1841 579 Evangelii.‘
1855 488 2243 570 [signiﬁcant-
2264 504 2436 553 totum
2460 495 3393 569 vitaeznostmttempusa-inqnibus
3416 499 3518 561 its-rt

247 574 580 664 Betltpliage,
608 574 799 659 domus
827 584 1031 661 buccae,
1070 592 1278 648 viculus
1327 578 1695 648 sacerdotum;
1726 580 1847 645 BenI
1926 596 2054 663 gere
2080 590 3007 664 dabuntus'deuﬂgyptogﬂtcpcrunt
3038 601 3522 655 autent-accitam.

248 684 435 739 tltania
464 683 536 738 ibi
567 672 753 755 juxta;
795 682 1003 748 civitas,
1030 678 1274 739 Ecclesia
1307 697 1469 753 super
1503 676 1849 737 monumené’
1924 682 2115 737 Petrus
2154 678 2397 737 cucuﬂit
2426 699 2439 736 :
2474 682 2616 752 quod
2644 682 2913 739 Joannes
2939 686 3232 740 semath
3256 684 3523 753 timissep

249 768 362 833 tum
391 775 579 831 Lazari
597 817 611 844 ,
650 777 783 861 quia‘
804 766 1186 861 ,multosliante
1206 778 1521 855 passionem
1550 770 1703 834 Suam
1732 770 1850 861 do—j

249 860 433 923 cendo'
468 858 622 921 donis
679 849 1159 949 pie'conl’essionis
1196 849 1250 949 et
1284 860 1615 935 ,ol’tedieut'ia:
1660 849 1845 949 .spirli’

248 954 370 1011 talis
408 952 665 1025 implevit.
696 940 1171 1031 Inﬂmonlef'ﬂo'c.
1200 940 1286 1014 est
1339 960 1393 1014 in
1444 958 1560 1032 ipso
1599 940 1842 1015 Demino'

245 1048 339 1121 qui
370 1040 649 1102 unctiones
677 1044 999 1117 spiritalium
1022 1048 1411 1105 charismatum
1450 1051 1569 1106 lucc
1598 1051 1824 1119 refovet.

246 1139 361 1194 Duo
385 1128 689 1205 mittuntur,
712 1134 799 1194 vel
832 1148 1052 1212 propter
1089 1141 1358 1213 geminam
1382 1128 1728 1209 charitateiu,
1743 1126 1837 1198 Vel1

243 1235 465 1300 propter
509 1228 835 1286 locutionem
878 1240 933 1288 et
961 1234 1349 1304 operationem,
1378 1235 1470 1305 qui
1495 1224 1839 1305 contradice-J

244 1298 394 1388 bant,
420 1322 666 1395 magistri
694 1338 962 1380 errorum.
986 1298 1249 1419 Dimidius
1272 1298 1444 1385 annus
1463 1334 1579 1385 erat
1599 1320 1705 1401 quo
1726 1298 1837 1407 Do}.

243 1404 422 1487 minus
450 1430 555 1470 non
583 1414 684 1473 fuit
704 1432 950 1485 reversus
976 1404 1041 1495 in"
1058 1404 1332 1499 Galilaeam
1354 1414 1568 1499 quando
1594 1420 1743 1482 venit
1763 1404 1839 1482 adR

242 1508 571 1580 passionem.
604 1508 661 1611 Si
687 1504 779 1567 isti
815 1492 1101 1571 tacuerunt
1137 1492 1517 1599 quandowipse
1542 1592 1543 1599 γ
1566 1508 1837 1611 tacueritff

241 1604 410 1670 petrae
476 1596 737 1683 scissione
782 1603 1179 1683 ,clamaverint.
1212 1594 1586 1691 :Monumenta
1644 1594 1839 1695 apertt't'

243 1696 405 1745 sunt:
441 1688 758 1767 spiritaliter
782 1682 1013 1767 gentiles
1041 1696 1132 1767 qui
1160 1682 1366 1769 lapides
1386 1698 1515 1753 dicti
1543 1709 1687 1755 sunt.
1736 1682 1835 1775 Ci-',,

1924 769 2118 826 Petrus
2136 780 2318 825 autem
2366 770 2606 827 fecerat:
2643 782 2701 827 et
2728 773 2857 843 quia
2894 774 3521 842 Lucasdixitwloanncs.

1928 852 2417 931 tacuitJStadluma
2432 866 2801 936 οοιαναιὶμὶιτθὸ
2838 867 3315 931 milﬁariitzzidest
3347 875 3521 926 seni-lt

1928 944 2302 1028 ginta'stadia
2339 965 2485 1012 octo!
2510 959 2830 1028 pasSuumti.
2855 974 2908 1014 rt
2946 960 3297 1031 signiﬁcauvt
3326 961 3519 1019 itlﬁest

1928 1050 2126 1102 octoet
2149 1040 2334 1104 semis.
2363 1047 2817 1123 Οοοᾶετοοηεὴιίι
2836 1051 2927 1111 ιιιίε
2950 1054 3104 1122 φετιιί
3134 1054 3202 1109 de
3243 1061 3521 1111 moniciae

1928 1132 2203 1212 sepultura
2228 1142 2479 1209 «terti-me
2502 1138 2915 1202 Instimulant;
2940 1155 3135 1201 'aItem
3156 1148 3314 1203 erant

1930 1226 2287 1291 Resurrlectio‘
2300 1236 2423 1303 poet
2447 1232 2734 1305 septimam
2750 1236 3135 1293 'sabbatirfacta-
3148 1246 3256 1293 est.
3276 1237 3521 1295 Octavm

1884 1384 1885 1387 η
1930 1332 2187 1380 numerus
2210 1322 2607 1380 resurrectibni'
2649 1327 2933 1398 congrum
2972 1327 3239 1398 Discipuli:
3263 1326 3339 1382 illi
3360 1327 3518 1383 incert

1931 1416 2153 1481 deb'ant,
2178 1408 2423 1471 dolentés
2455 1416 2604 1471 illum
2631 1424 2752 1474 esse
2794 1426 3096 1474 morsuumt
3120 1417 3361 1474 Sextum
3393 1417 3519 1473 salis

1929 1492 2053 1560 ba'tli
2077 1504 2560 1577 cdntplet'emnt'et
2586 1509 2900 1579 septimm,
2918 1510 3224 1579 'quia‘hunc
3257 1510 3315 1573 in
3336 1507 3519 1579 sepulv

1930 1594 2031 1651 cro
2052 1596 2333 1666 quievisse
2345 1608 2465 1652 non
2500 1592 2837 1655 (invitabant.
2866 1601 2952 1656 De
2989 1600 3521 1657 octa'vardimitium

1932 1684 2149 1742 tanuuu’
2186 1680 2430 1760 egeram,
2458 1686 3078 1761 quia'resurreetiosem
3120 1708 3229 1749 non
3248 1692 3521 1765 ηραςαοω

243 1778 385 1834 vitas
419 1779 502 1835 vel
537 1780 640 1837 iste
664 1766 926 1850 mundus,
971 1766 1237 1842 velmens
1285 1787 1707 1859 uniuscujusque
1732 1766 1834 1844 1ιοἸ

1933 1766 2295 1835 crediderunt.
2355 1780 2456 1848 Qui
2503 1781 2697 1838 falsum
2738 1784 3110 1841 testimonium
3153 1784 3293 1840 dicit’
3322 1792 3519 1840 contra

244 1871 426 1927 minis.
451 1872 677 1941 Quando
719 1890 751 1929 a
775 1874 972 1932 Judaeis
1009 1887 1291 1949 susceptus
1315 1889 1417 1947 est,
1447 1881 1687 1936 decimus
1712 1881 1829 1938 dies

1933 1870 2123 1938 Deum,
2175 1874 2458 1943 pecuniam
2489 1876 2675 1930 vendit
2701 1916 2716 1942 ,
2771 1884 2823 1931 et
2854 1878 2947 1946 qui
2972 1875 3266 1932 fraternam
3292 1891 3521 1931 concor-

244 1966 446 2021 mensis
477 1965 577 2021 fuit
605 1985 618 2020 :
653 1967 765 2023 Deo
794 1984 967 2039 agnus
1012 1968 1198 2040 jussus
1230 1980 1315 2027 est
1340 1971 1529 2043 accipi.
1577 1972 1658 2029 Ob
1695 1974 1828 2030 duas

243 2069 437 2111 causas
483 2057 686 2114 veritas
728 2057 950 2114 celanda
1000 2069 1118 2127 est,
1169 2075 1395 2132 eamque
1443 2061 1693 2134 indiguus
1736 2063 1831 2135 qui

246 2146 457 2216 quaerit,
484 2158 538 2203 et
568 2148 660 2219 qui
686 2148 871 2220 inique
895 2151 1120 2220 quaerit,
1160 2166 1193 2208 a
1217 2167 1324 2223 qua
1350 2168 1459 2210 non
1508 2162 1593 2210 est
1638 2170 1828 2226 capax.

244 2235 455 2293 Primus
487 2253 674 2295 servus
707 2239 776 2297 ad
800 2241 1051 2309 vineam,
1102 2242 1311 2315 Moyses
1337 2258 1499 2315 quem
1538 2247 1832 2303 exacerba-

245 2327 402 2382 verit.
444 2326 595 2385 Alter
631 2330 803 2386 David
838 2331 903 2387 de
949 2346 1057 2403 quo
1104 2333 1303 2389 dixerit
1346 2351 1358 2387 :
1390 2336 1483 2406 qui
1512 2335 1671 2393 nobis
1706 2352 1833 2407 pars

248 2420 451 2490 David;
483 2424 693 2491 tertius,
716 2427 1105 2498 prophetarum
1128 2429 1326 2485 chorus
1352 2448 1365 2483 :
1400 2429 1719 2502 ambigendo
1745 2431 1831 2486 di-

248 2515 423 2572 citur:
466 2515 692 2572 forsitan
737 2526 801 2573 ut
834 2518 1006 2575 libera
1028 2518 1278 2575 voluntas
1304 2519 1510 2576 homini
1564 2522 1836 2593 relinqua-

251 2614 355 2661 tur.
407 2605 706 2679 Lapidem:
754 2609 860 2665 hoc
904 2619 989 2666 est
1025 2611 1187 2668 ﬁdem
1237 2610 1439 2668 Christi
1494 2614 1831 2672 subtrahere.

253 2693 355 2760 Qui
379 2702 632 2765 peccator
674 2705 776 2763 est,
810 2706 866 2753 et
906 2699 1079 2754 credit
1126 2700 1183 2755 in
1207 2700 1398 2770 Deum,
1444 2714 1835 2773 conquassatur

250 2787 464 2853 quando
491 2796 700 2856 peccat.
737 2787 913 2859 Super
960 2806 1097 2859 quos
1128 2792 1311 2848 veniet
1362 2793 1469 2849 illis
1512 2795 1741 2866 desuper
1778 2797 1835 2852 in

244 2873 449 2943 judicio
482 2891 605 2932 cum
629 2892 788 2949 ptena
807 2878 1147 2950 perditionis.
1174 2880 1449 2940 Moraliter
1466 2887 1836 2958 unusquisque

249 2962 409 3018 vinea
428 2964 642 3020 Domini
684 2981 782 3037 per
806 2968 1135 3039 baptismum
1169 2970 1415 3028 ellicitur.
1463 2974 1617 3031 Servi
1646 3016 1662 3043 ,
1714 2976 1832 3044 lex,

250 3053 446 3123 psalmi
470 3058 744 3126 prophetae
778 3058 863 3114 vel
899 3059 1004 3115 alia
1050 3062 1318 3133 scriptura
1342 3065 1573 3131 Domini,
1600 3066 1828 3135 occidit;

251 3160 284 3199 a
307 3160 366 3200 se
406 3144 664 3216 Spiritum
712 3157 958 3205 sanctum
985 3149 1205 3223 en‘ugat.
1239 3152 1692 3225 Gazophylacium
1714 3164 1835 3212 erat

252 3252 379 3293 arca
402 3236 647 3293 foramen
685 3238 892 3295 habens
913 3240 1145 3313 desuper
1171 3242 1370 3313 posita,
1391 3244 1546 3315 juxta
1575 3246 1746 3303 altare
1768 3249 1838 3305 ad

253 3327 554 3382 dexteram.
582 3326 1014 3399 lngredientibus
1043 3332 1264 3388 domum
1288 3333 1503 3390 Domini
1528 3335 1632 3391 duo
1659 3347 1834 3394 erant.

255 3415 581 3488 Spiritaliter
644 3418 841 3475 dicitur
908 3421 1122 3479 dilectio
1169 3423 1267 3481 Dei
1329 3434 1386 3483 et
1439 3429 1691 3500 proximi.
1747 3428 1839 3486 Vi-

1931 1962 2078 2017 diam
2106 1960 2355 2034 dissipat.
2387 1963 2510 2019 Non
2538 1965 2709 2020 bibam
2730 1966 2796 2021 de
2814 1967 3070 2038 genimine
3094 1968 3230 2022 vitis.
3262 1965 3359 2021 Vel
3383 1966 3518 2023 sim-

1929 2052 2144 2124 pliciter
2167 2053 2253 2108 vel
2283 2054 2536 2126 mystice,
2595 2063 2775 2126 potest
2799 2056 3044 2128 intelligi.
3089 2056 3147 2111 ln
3187 2072 3326 2128 pane
3353 2070 3519 2128 aqua,

1931 2146 1988 2201 in
2009 2144 2137 2199 vino
2157 2159 2296 2215 aqua
2325 2145 2640 2218 designatur
2657 2187 2672 2213 ,
2705 2155 2766 2203 ut
2807 2149 3043 2204 ostendit
3073 2163 3172 2219 per
3197 2164 3393 2220 aquam
3413 2163 3516 2220 po-

1931 2235 2117 2307 pulum
2147 2244 2311 2307 super
2357 2251 2621 2292 mensam.
2678 2237 2860 2293 Mensa
2903 2239 3018 2294 haec
3050 2237 3286 2295 ccelestis
3330 2238 3519 2310 gloria.

1934 2325 2073 2381 Ecce
2098 2324 2326 2382 Satanas
2369 2328 2610 2398 expetivit
2654 2345 2740 2383 vos
2765 2368 2779 2394 ,
2836 2337 2895 2382 ut
2932 2330 3204 2385 cribraret.
3253 2328 3523 2399 Expetere

1937 2417 2154 2473 Satanae
2177 2459 2192 2484 ,
2260 2425 2344 2474 est
2382 2420 2450 2473 ad
2506 2417 2849 2475 alllictionem
2897 2420 3193 2476 electorum
3242 2420 3518 2476 anhelare.

1936 2509 2164 2579 Quando
2199 2511 2322 2566 misi
2344 2526 2440 2566 vos
2464 2512 2581 2566 sine
2609 2511 2840 2577 sacculo,
2861 2519 2966 2567 etc.
2990 2510 3127 2567 Sunt
3144 2512 3376 2567 virtutes
3401 2522 3522 2582 quae

1937 2615 2154 2672 semper
2183 2601 2427 2657 tenendas
2455 2610 2609 2667 sunt;
2660 2610 2786 2657 sunt
2822 2601 2939 2657 alite
2977 2616 3097 2672 quae
3138 2618 3248 2658 non
3288 2610 3433 2668 sunt,
3460 2610 3524 2660 ut

1936 2691 2133 2758 fames,
2160 2693 2303 2759 sitis,
2333 2692 2548 2765 vigiliae,
2575 2694 2810 2761 nuditas,
2838 2693 3017 2749 lectio.
3047 2693 3307 2751 Similiter
3325 2696 3393 2750 de
3417 2695 3522 2752 iste

1936 2783 1993 2839 in
2017 2784 2448 2853 persecutionem
2485 2785 2731 2854 praecipit
2770 2784 2969 2840 habere
2999 2785 3312 2855 pecuniam,
3356 2784 3524 2840 victui

1936 2873 2268 2941 necessaria,
2294 2874 2460 2928 etiam
2495 2880 2550 2928 et
2580 2873 2838 2942 gladium.
2871 2872 3043 2929 Gladii
3069 2889 3199 2928 vero
3224 2874 3353 2937 duo,
3377 2871 3523 2928 suill-

1936 2964 2089 3019 ciunt
2112 2962 2181 3017 ad
2212 2962 2579 3017 testimonium
2626 2970 2817 3031 sponte
2842 2962 2987 3031 passi
3022 2960 3341 3016 Salvatoris.
3372 2960 3523 3017 Unus

1938 3053 2009 3109 ad
2036 3053 2320 3108 audaciam
2371 3053 2757 3124 apostolorum,
2785 3052 2926 3109 alius
2965 3067 3073 3108 non
3101 3060 3384 3121 exemptus
3423 3067 3522 3122 pa-

1942 3145 2189 3200 tientiam
2219 3143 2355 3214 ejus.
2383 3144 2649 3212 Quantum
2668 3144 2847 3214 jactus
2874 3154 2946 3198 est
2973 3143 3185 3215 lapidis.
3212 3144 3284 3201 Ut
3312 3142 3368 3198 in
3397 3158 3523 3200 eum

1941 3233 2240 3306 dirigerent
2260 3234 2516 3304 lapidem,
2544 3235 2597 3289 id
2637 3242 2722 3291 est
2764 3234 3118 3291 intentionem
3147 3234 3283 3304 legis
3314 3250 3437 3305 quas
3466 3233 3523 3290 in

1940 3327 2117 3398 lapide
2146 3328 2347 3399 scripta
2381 3335 2485 3384 est.
2511 3327 2741 3399 Agonia,
2770 3329 3025 3385 alacritas
3064 3330 3148 3386 vel
3173 3329 3520 3387 conﬁdentia.

1942 3418 2088 3475 Sicut
2116 3428 2277 3491 gutta:
2320 3422 2592 3492 sanguinis
2625 3422 2967 3478 decurrentis.
3010 3423 3290 3494 Signiﬁcat
3318 3433 3521 3480 terram

252 3509 381 3576 dua,
416 3509 686 3578 Ecclesia;
717 3511 913 3568 divites
938 3511 1109 3570 Judaei
1151 3517 1219 3573 de
1248 3515 1460 3586 justitia
1502 3536 1835 3590 praesumcn-
1938 3512 2218 3583 irritatam
2244 3514 2504 3583 sanguine
2522 3522 2577 3567 θῑ
2613 3528 2711 3583 Per
2733 3528 2924 3584 Preces
2952 3515 3069 3584 eius
3096 3515 3431 3580 οδῑθηιιιηει
3460 3524 3524 3570 ιιι

252 3606 353 3654 tes.
390 3597 596 3666 Terror,
625 3618 741 3672 quia
785 3603 850 3658 de
890 3604 1036 3659 caelo.
1087 3604 1253 3662 Stella
1289 3608 1470 3679 gladio
1504 3611 1697 3667 similis
1738 3627 1834 3682 per

1939 3599 2102 3656 ﬁdem
2128 3602 2510 3671 discipulorum
2563 3618 2664 3673 per
2690 3605 3006 3676 sanguinem
3050 3621 3206 3661 suum
3230 3614 3521 3678 purgaret,

252 3702 457 3743 annum
484 3697 657 3745 totum
686 3705 850 3762 supra
895 3692 1194 3752 Jerusalem
1219 3700 1493 3769 pependit.
1527 3699 1690 3772 signa
1718 3719 1835 3757 ma-
1939 3699 1995 3748 et
2015 3693 2200 3749 orbem
2229 3701 2387 3749 terrae
2414 3709 2514 3750 sua
2539 3703 2716 3750 morte
2756 3696 3104 3751 resuscitaret
3122 3697 3190 3752 ad
3210 3697 3399 3752 vitam.
3428 3696 3522 3753 Si-

251 3794 375 3848 gna.
400 3776 601 3834 Currus
623 3789 680 3835 et
704 3782 915 3851 equites
942 3786 1140 3840 armati
1173 3801 1273 3856 per
1321 3803 1504 3844 aerem
1531 3790 1834 3850 discurrere

1940 3785 2047 3840 nite
2069 3802 2230 3857 usque
2249 3787 2369 3840 huc.
2409 3786 2465 3840 ltl
2492 3794 2577 3842 est
2603 3801 2711 3843 non
2734 3801 2832 3843 vos
2873 3796 3086 3844 moveat
3111 3789 3253 3859 quod
3280 3788 3522 3848 futurum

251 3866 352 3922 visi
396 3876 539 3923 sunt.
591 3868 770 3927 Vitula
807 3873 875 3929 ad
929 3876 1253 3933 sacriﬁcium
1290 3882 1482 3936 educta
1508 3921 1525 3949 ,
1569 3883 1726 3939 enixa
1754 3894 1834 3942 est

1939 3881 2027 3929 est
2050 3892 2063 3927 :
2104 3875 2401 3945 permittite
2422 3884 2482 3930 ut
2502 3890 2589 3932 me
2616 3878 3094 3948 comprehendant.
3122 3878 3261 3935 Dum
3297 3880 3523 3938 interro-

251 3975 466 4032 agnam.
511 3960 655 4018 Tunc
702 3966 792 4037 qui
837 3966 894 4021 in
919 3966 1066 4022 Juda
1100 3980 1223 4025 sunt
1277 3972 1479 4044 fugiant
1519 3974 1576 4029 in
1612 3986 1833 4033 montes.

1938 3968 2168 4039 gaverit,
2192 3967 2384 4024 Petrus
2414 3969 2703 4038 percussit.
2756 3968 2978 4036 Servus,
3024 3972 3279 4043 populum
3305 3971 3521 4029 Judaeu-

250 4048 634 4107 Ecclesiastica
675 4052 906 4110 historia
951 4067 1139 4114 narrat
1182 4060 1309 4129 quia
1344 4060 1597 4132 fugerunt
1647 4079 1837 4122 omnes
1937 4073 2060 4112 rum
2100 4058 2411 4128 signiﬁcat:
2448 4060 2901 4127 sacerdotum.“
2925 4076 3032 4131 quo
3052 4074 3241 4118 80mm
3268 4071 3523 4135 8118868“!

251 4138 545 4196 Christiani
592 4150 743 4201 trans
775 4144 1067 4204 Iordanem
1092 4150 1149 4205 in
1175 4150 1446 4208 civitatem
1476 4156 1691 4212 nomine
1709 4155 1833 4214 Pel-

1936 4147 2234 4205 Barrabam
2270 4150 2565 4223 elegerunt.
2604 4150 2795 4207 Petrus
2841 4154 3077 4209 ostendit
3101 4154 3281 4211 divino
3316 4153 3525 4225 judicio

248 4227 381 4295 lam,
414 4231 584 4287 donec
612 4233 876 4293 desolatio
912 4239 1289 4310 compleretur.
1326 4242 1500 4298 Donec
1522 4246 1837 4317 impleantur
1939 4239 2181 4295 auditum
2210 4240 2343 4311 legis
2365 4242 2431 4296 ab
2458 4242 2538 4297 eis
2566 4242 2804 4298 ablatum
2830 4245 3055 4300 esse-1n
3073 4260 3139 4301 eo
3166 4249 3309 4317 quod
3329 4256 3522 4304 sanata

251 4328 483 4388 tempora
511 4324 802 4380 nationum.
855 4325 970 4384 Hoc
1006 4338 1090 4385 est
1126 4331 1297 4388 donec
1325 4335 1510 4389 credat
1549 4335 1836 4393 multitudo
1938 4332 2087 4389 auris
2111 4341 2213 4399 est,
2238 4349 2332 4389 eos
2370 4334 2615 4404 designat
2652 4335 2745 4405 qui
2792 4337 3137 4393 crediderunt
3189 4340 3257 4394 de
3297 4338 3517 4395 Iudaeis.

250 4422 459 4464 eorum.
509 4408 725 4466 Sonitus
752 4418 914 4470 maris
968 4428 1018 4471 et
1051 4422 1349 4489 ﬂuctuum:
1388 4424 1513 4493 quia
1548 4424 1833 4481 delendum
1936 4423 2055 4482 Non
2080 4441 2180 4498 per
2221 4427 2492 4498 principes
2518 4435 2574 4483 et
2602 4429 2910 4484 sacerdotes
2953 4438 3219 4485 venerunt
3256 4444 3515 4499 corpore,

250 4512 410 4599 mare
428 4508 607 4555 motus
636 4502 719 4555 sui
762 4504 1052 4571 praeminet
1079 4508 1298 4564 indicia.
1338 4510 1405 4565 Et
1452 4513 1735 4572 Matthteus
1759 4517 1837 4587 ip-
1858 4548 1914 4610 D
1938 4515 2032 4571 sed
2063 4523 2267 4581 mente,
2294 4517 2417 4585 quia
2450 4516 2689 4572 Herodes
2718 4525 2911 4571 natura
2931 4526 2985 4572 et
3005 4517 3264 4587 religione
3297 4517 3515 4575 Iudaeus

251 4602 368 4642 sam
388 4585 576 4656 judicii
608 4595 953 4661 praesentiam
989 4606 1189 4653 narrat.
1235 4600 1411 4657 Lucas
1452 4585 1830 4672 praecedentia.

249 4678 516 4736 Arescent
539 4682 632 4752 qui
667 4683 723 4737 in
770 4685 873 4741 hoc
920 4689 1121 4744 mundo
1166 4689 1360 4748 ﬂorere
1389 4694 1702 4763 videantur;
1744 4715 1833 4769 go.-

252 4770 590 4827 ncrationem
615 4781 818 4841 autem,
848 4778 1127 4835 hominum
1173 4798 1362 4851 genus,
1386 4792 1480 4839 aut
1530 4786 1834 4857 specialiter

252 4857 581 4916 Judteorum.
632 4860 843 4920 Caelum
895 4867 1039 4936 quod
1092 4871 1350 4927 transibit
1395 4889 1502 4929 non
1540 4876 1835 4933 arthereum

254 4958 348 5004 aut
382 4948 672 5019 sidereum,
698 4954 793 5009 sed
838 4957 1046 5012 aerium
1074 4959 1128 5014 in
1174 4975 1282 5031 quo
1310 4978 1436 5019 aves
1474 4964 1595 5021 coeli
1621 4966 1832 5035 volant,

256 5038 372 5109 ipsa
423 5055 543 5111 quae
582 5041 638 5097 in
685 5044 841 5115 aquis
881 5046 1177 5117 perierunt.
1224 5051 1432 5108 Pascha
1477 5055 1685 5125 primus
1720 5058 1835 5114 dies

257 5130 472 5198 quando
514 5145 683 5202 agnus
712 5137 1078 5195 occidebatur.
1130 5140 1365 5213 Azyma,
1398 5145 1450 5201 in
1503 5148 1830 5215 crastinum,

257 5220 473 5293 quando
500 5226 702 5295 egressi
724 5236 851 5285 sunt
875 5230 942 5287 de
961 5228 1219 5306 Egypto.
1238 5248 1336 5304 per
1354 5244 1557 5309 septem
1583 5237 1714 5306 dies,
1741 5240 1833 5310 qui

626 5857 901 5921 Puncta
947 5864 1101 5926 CVI.

1938 4612 2076 4671 erat,
2102 4605 2223 4659 ideo
2244 4605 2411 4658 mittit
2437 4604 2641 4659 Pilatus
2663 4608 2731 4662 ad
2763 4622 2883 4662 eum
2904 4605 3108 4662 Iesum.
3153 4607 3289 4663 Alba
3312 4610 3481 4666 vestis
3498 4652 3515 4677 ,

1939 4694 2082 4764 quod
2107 4693 2346 4748 Ecclesia
2368 4694 2499 4748 dicit
2538 4695 2593 4749 in
2622 4695 2845 4751 Cantico
2881 4699 3213 4753 canticorum
3238 4717 3253 4753 :
3284 4697 3519 4755 Dilectus

1939 4799 2086 4837 meus
2114 4782 2369 4838 candidus
2403 4792 2453 4838 et
2508 4785 2848 4840 rubicundus.
2878 4786 3137 4842 Columna
3192 4788 3247 4843 in
3276 4788 3516 4844 Ecclesia

1941 4874 2141 4929 montis
2183 4872 2311 4929 Sion
2342 4876 2539 4946 posita,
2566 4875 2775 4932 Domini
2803 4878 3014 4933 cruoris
3040 4878 3267 4951 vestigia
3293 4879 3516 4935 demon-

1940 4968 2101 5019 strat.
2128 4964 2393 5022 Barrabas
2410 4968 2801 5024 Antichristum
2847 4968 3135 5040 signiﬁcat.
3175 4969 3384 5039 Cyrene
3406 4968 3513 5040 Ly-

1938 5058 2042 5114 biae
2067 5060 2259 5116 civitas
2279 5069 2382 5127 est,
2407 5069 2464 5116 et
2492 5062 2876 5131 interpretatur
2895 5064 3086 5119 haeres.
3102 5062 3269 5118 Maria
3293 5062 3509 5134 Magda-

1940 5149 2061 5206 lena
2099 5166 2253 5208 soror
2283 5152 2498 5209 Lazari.
2532 5152 2741 5209 Joauna
2770 5171 2906 5213 uxor
2934 5155 3103 5213 Cbuzi
3142 5156 3512 5229 procuratoris

1939 5241 2169 5301 Herodis
2195 5262 2208 5299 :
2232 5243 2399 5300 Maria
2426 5243 2635 5315 Jacobi,
2656 5262 2810 5306 soror
2832 5256 3031 5307 sanctae
3057 5248 3257 5307 Maria.
3360 5327 3365 5332 .

2960 5880 3037 5941 118
