3988 6442
252 420 399 483 ’1517
1194 430 1205 451 ι
1330 365 2507 470 Εκμθειτιυώουωέῖῖῑωοωωιςηι»
2696 418 2727 461 ἰ
3240 410 3245 411 ί
3330 405 3518 491 fisus

259 536 636 601 'surrexerunt,
668 531 826 591 simul
853 532 1081 605 gaudeat
1126 530 1217 601 qui
1249 529 1499 593 seminat,
1525 534 1579 583 et
1607 528 1695 596 qui
1726 536 1855 581 me-~
1870 527 2115 593 Avitum
2138 536 2417 583 mternam.
2440 524 2603 583 Sicut
2624 508 2869 583 nouitate
2897 524 3519 601 Patenerega'ayuvsro

261 638 370 696 tet;
398 627 629 699 apostoli
651 634 707 681 et
732 622 1363 715 Romanamque?
3081 619 3299 677 Patrem
3340 632 3396 679 et
3432 641 3523 682 co-

261 722 373 777 nis:
419 720 584 777 biduo
610 717 811 774 mansit
835 750 857 777 τ
890 716 1168 777 ﬂaminum
1190 711 1471 769 ﬁliifilii“!
1511 720 1875 777 ριωοθριυημ
1938 716 2169 777 metu!
2192 725 2224 764 ι
2322 718 2443 765 ιω..
2501 711 2591 766 alia
2613 713 2847 766 enirn.»
2870 730 2889 765 s
3062 729 3197 777 pono
3221 730 3315 777 pro
3339 714 3523 772 ovibus

258 722 373 789 nis;
419 720 584 777 biduo
610 717 811 774 mansit
835 750 857 783 ,Γ
890 711 1168 788 geminum
1190 711 1471 769 «raritatis
1511 720 1875 783 praeceptith
1938 711 2169 781 gnoscor
2192 725 2224 764 ι
2245 711 2591 777 καιτοι.ρὼ
2613 713 2847 766 manus
2870 711 3047 769 σω
3062 729 3197 783 ροηο
3221 730 3315 783 pro
3339 714 3523 772 ovibus

258 815 444 871 dedit:
478 812 583 868 hoc
607 818 693 865 est
712 808 847 863 Filio
874 807 1061 862 audire
1085 805 1228 877 quod
1256 819 1398 870 esse,
1428 804 1617 887 etme}:
1654 803 1842 883 qvidpre
1874 840 1887 889 ε
1904 860 1913 869 ν
2194 809 2278 885 est
2309 817 2373 857 ea
2399 801 2691 893 charitatei
2717 817 2825 893 qua
2873 818 2972 873 pro
3000 802 3364 893 ovibusﬂmeis
3402 822 3523 862 mo-

258 906 403 978 quod
448 917 587 959 esse.
618 898 697 955 De
729 907 894 954 morte
922 900 991 953 ad
1016 900 1192 953 vitam.
1218 897 1264 953 Α
1301 903 1472 951 morte
1510 895 1840 952 inﬁdelitatis
1878 888 1881 889 ⁷
1941 888 2075 959 riOr,
2107 888 2365 965 quantum
2397 888 2612 948 Patrem
2664 892 2880 965 diligam
2914 890 3158 951 ostendo.
3190 892 3359 952 Facta
3399 907 3523 953 sunt

260 997 330 1052 ad
358 995 524 1050 vitam
546 992 692 1055 fidei;
719 989 1113 1059 Quintilium:
1134 990 1343 1057 pisctus
1359 987 1417 1047 Id
1436 991 1525 1047 est
1538 989 1635 1061 qui
1666 989 1840 1045 obstes
1867 1014 1879 1053 ι
1912 988 2189 1065 gencashis.
2225 986 2330 1043 Per
2346 995 2466 1059 tres
2485 987 2643 1045 vices
2676 986 3213 1065 pdebsqbsqtﬂdai
3250 991 3525 1048 encmnio-

259 1088 457 1144 dierint
484 1084 569 1141 vel
591 1083 910 1140 obedierint.
943 1082 1098 1137 Dedit
1131 1080 1269 1136 Filio
1297 1080 1463 1135 vitam
1488 1114 1507 1146 ,
1560 1080 1614 1134 id
1641 1088 1725 1134 est
1749 1094 1841 1150 ge-
1939 1097 2060 1137 rum
2082 1082 2243 1137 diem.
2282 1078 2479 1148 Unum,
2511 1081 2725 1151 quando
2768 1078 3023 1135 Salomon
3072 1068 3343 1137 dedicavit
3388 1089 3527 1139 tem-

259 1184 381 1241 nuit
403 1182 634 1247 Filium;
674 1180 766 1251 qui
804 1185 951 1233 esset
977 1176 1087 1231 vita
1127 1173 1183 1227 in
1215 1171 1525 1241 semetipso,
1574 1169 1839 1242 gignendo
1936 1154 2084 1245 plum
2115 1173 2169 1229 in
2198 1189 2383 1229 mense
2421 1170 2683 1239 Octobri,
2729 1171 2940 1227 decimo
2975 1171 3061 1227 die
3090 1170 3328 1241 ejusdem
3372 1190 3527 1230 meu-

259 1276 426 1332 dedit.
457 1274 533 1329 De
561 1274 663 1328 ista
690 1268 1086 1327 resurrectione
1118 1265 1419 1320 animarum
1447 1263 1697 1318 dicebant
1725 1264 1838 1317 hte-
1940 1262 2035 1318 sis.
2074 1262 2352 1328 Secundo,
2398 1262 2612 1332 quando
2643 1262 2710 1315 ab
2743 1262 2828 1317 his
2872 1261 3177 1318 dedicatum
3223 1271 3308 1318 est
3334 1264 3425 1334 qui
3458 1264 3525 1320 de

257 1364 425 1423 relict
459 1362 573 1433 iam
618 1360 836 1416 factam.
886 1358 1071 1412 Pater.
1099 1372 1200 1412 non
1245 1354 1455 1424 judicot
1503 1368 1829 1424 quamquam.

1937 1350 2210 1425 Babylone
2247 1360 2533 1413 Venet-ante
2555 1349 2757 1417 Tentio.
2796 1350 3023 1423 quandn
3050 1368 3095 1409 θ.-
3117 1350 3255 1431 Iuda
3298 1351 3522 1419 Macha-

254 1456 392 1524 Quia
418 1457 593 1512 forma
613 1455 753 1510 servi
778 1468 896 1523 quae
917 1450 1158 1520 iudicata
1186 1457 1295 1513 est,
1333 1446 1595 1518 iudicabit
1622 1443 1835 1512 inﬂue,
1938 1447 2055 1511 hac
2096 1447 2291 1502 iterum
2332 1445 2640 1501 dedicatum
2666 1444 2996 1505 est:.id-.esl
3035 1445 3107 1511 in.
3136 1446 3416 1507 Decembri
3449 1446 3526 1513 vi;-

257 1554 310 1604 et
328 1546 537 1602 non'ibi
558 1540 828 1600 videbitur
874 1541 1153 1598 divinitas;
1193 1539 1319 1592 Non
1342 1537 1503 1605 facio.
1523 1535 1839 1592 voluntatem
1939 1537 2143 1609 gestata
2166 1535 2356 1606 quinta
2383 1535 2471 1591 die
2496 1532 2749 1604 ejusdem.
2768 1536 2987 1595 mensis.
3012 1534 3244 1607 .Pater,
3278 1535 3523 1607 clari/ica

256 1648 446 1703 meum,
474 1639 576 1692 hoc
604 1646 684 1692 est
708 1636 875 1693 solum
908 1644 1105 1689 meam:
1138 1631 1327 1685 om
1372 1631 1691 1684 demonstrat
1722 1625 1838 1681 :Eia-
1939 1625 2330 1682 Filiumtunm.
2368 1624 2731 1687 Similitudine
2756 1626 2901 1685 dedit
2924 1627 3116 1689 nobis:
3140 1628 3203 1687 in
3226 1629 3524 1697 tentatiqne

256 1728 361 1782 lio:
387 1740 494 1783 non
541 1726 815 1790 faciendo,
867 1724 1209 1779 demonstrat
1250 1717 1385 1775 Filio
1408 1758 1424 1785 ,
1476 1719 1570 1774 sed
1621 1718 1840 1779 demon-
1937 1719 2249 1790 quidagene
2275 1725 2333 1774 et
2379 1717 2561 1774 dicere
2606 1716 2918 1775 debeamus.
2952 1718 3022 1772 Et
3054 1716 3359 1787 clariﬁcaui.
3408 1718 3523 1777 Hoc

256 1820 477 1876 strando
508 1819 641 1874 facit
682 1833 779 1888 per
814 1804 1012 1871 Filium
1051 1808 1231 1878 Pater,
1262 1825 1431 1865 unum
1459 1819 1544 1866 est
1586 1809 1763 1865 facere
1783 1817 1839 1866 et
1938 1817 2023 1865 est
2048 1818 2173 1864 ante
2194 1807 2419 1874 sacella,
2458 1816 2513 1865 et
2533 1817 2617 1865 est
2650 1811 2868 1880 quando
2892 1810 3100 1867 stellam
3126 1811 3269 1882 magi
3302 1809 3372 1866 ad
3397 1827 3522 1869 eum

256 1912 646 1967 demonstrare.
674 1906 887 1977 Majora
911 1902 1287 1958 demonstrabit
1314 1903 1385 1967 ei,
1416 1908 1695 1970 assumpto
1721 1914 1833 1956 om-
1858 1892 1907 1952 B
1935 1902 2410 1958 demonstrandum
2431 1903 2709 1968 viderunt;
2757 1913 2813 1960 et
2855 1920 2976 1959 cum
3004 1904 3225 1975 spiritus
3255 1906 3310 1960 in
3343 1906 3523 1975 specie

255 2003 363 2069 nia,
390 2002 443 2057 id
494 2008 579 2057 est
632 1996 1080 2054 resurrectionem
1122 2006 1431 2062 corporum.
1483 1989 1630 2045 Sicut
1676 1987 1837 2046 Pater
1938 1990 2199 2047 columbae
2236 2004 2399 2061 super
2443 2006 2566 2048 eum
2615 1993 2895 2063 apparuit;
2947 2001 3001 2051 et
3052 2008 3177 2049 cum
3228 1994 3284 2049 in
3331 2002 3517 2051 monte

254 2093 473 2148 suscitat
499 2098 757 2154 mortuos,
770 2088 847 2142 sic
872 2095 919 2140 et
934 2084 1108 2139 Filius
1128 2099 1259 2155 quos
1278 2081 1384 2136 suit
1406 2081 1654 2149 siviﬁcat.
1681 2080 1742 2136 ld
1754 2086 1841 2136 est
1940 2081 2352 2152 transﬁguratus
2370 2089 2472 2137 est.
2491 2079 2824 2151 Clariﬁcabo.
2847 2081 2980 2138 Cum
3005 2090 3251 2156 resurget
3269 2091 3323 2138 et
3338 2097 3523 2140 ascen-

256 2182 448 2239 similis
475 2180 540 2235 de
565 2177 975 2233 resurrectione
1009 2174 1312 2229 animarum
1346 2172 1402 2226 in
1442 2169 1838 2225 resurrectione

254 2286 564 2343 corporum.
590 2267 754 2324 Pater
783 2283 887 2322 non
903 2266 1113 2337 judicat
1158 2277 1490 2334 quemquam.
1524 2258 1733 2315 Stadiis
1759 2257 1838 2312 vi-

251 2366 387 2439 ginti
425 2364 662 2434 quinque
701 2360 872 2431 legem
906 2356 1197 2429 signiﬁcat,
1221 2355 1349 2425 quis
1373 2352 1660 2423 quinquies
1686 2352 1837 2422 quini

248 2454 438 2526 viginti
463 2452 702 2523 quinque
713 2449 936 2505 faciunt.
954 2446 1060 2503 Sed
1080 2446 1209 2502 huic
1226 2445 1331 2516 legi
1354 2452 1641 2515 antequam
1656 2444 1834 2499 Evan-

250 2546 450 2619 gelium
477 2543 708 2610 veniret,
743 2542 932 2597 deerat
960 2530 1242 2611 perfectio.
1272 2536 1543 2594 Perfectio
1570 2544 1752 2591 autem
1779 2534 1837 2593 in

248 2636 462 2693 senario
473 2648 701 2690 numero
719 2631 1223 2703 comprehenditur,
1236 2627 1362 2699 quia
1376 2627 1520 2683 Deus
1529 2641 1626 2682 sex
1649 2626 1838 2683 diebus

250 2726 510 2782 mundum
538 2723 789 2795 perfecit.
818 2722 886 2777 Et
904 2722 1145 2792 quinque
1169 2734 1268 2791 per
1290 2734 1389 2775 sex
1415 2718 1838 2788 multiplicent"

248 2824 309 2870 ut
335 2816 418 2869 lex
440 2830 536 2885 per
556 2813 904 2885 Evangelium
931 2810 1239 2881 impleatur,
1260 2809 1387 2881 quia
1406 2808 1586 2864 sexies
1599 2808 1839 2879 quinque

248 2906 470 2977 triginta
497 2904 725 2960 faciunt;
762 2902 908 2959 Venit
935 2902 1194 2957 Christus.
1215 2902 1402 2957 Primo
1420 2901 1737 2958 summatim
1749 2900 1835 2956 di-

247 2995 324 3051 cit
346 3035 360 3061 ,
392 3003 578 3066 postea
599 2994 922 3065 recapitulat
943 2994 1211 3065 quomodo
1231 2993 1464 3059 venerit,
1488 3002 1546 3049 et
1569 2991 1833 3051 ostendi»

249 3085 375 3155 quia
411 3084 635 3155 pedibus
666 3085 845 3155 ipsum
883 3099 1037 3140 mare
1074 3084 1311 3149 transiit,
1338 3098 1448 3139 non
1487 3098 1586 3153 per
1633 3081 1833 3137 navim.

246 3173 388 3231 Deus
411 3173 572 3230 Pater
595 3178 839 3246 signavit.
871 3176 1095 3247 Signum
1134 3173 1716 3246 ponere,eonsignare.
1748 3172 1836 3229 Dio

1939 2171 2031 2228 det
2056 2173 2112 2227 in
2139 2172 2357 2227 caelum.
2387 2168 2544 2227 Nunc
2581 2172 2847 2243 judicium
2873 2182 2948 2226 est
2987 2172 3190 2226 mundi.
3247 2169 3518 2228 Iudicium

1938 2262 2031 2318 hic
2049 2261 2388 2319 discretionis
2431 2263 2722 2331 accipitur;
2763 2271 2824 2317 ut
2849 2262 3149 2333 psalmista.
3185 2263 3345 2319 Nunc
3377 2265 3523 2335 prin-

1940 2372 2055 2428 ceps
2091 2356 2248 2426 hujus
2272 2355 2474 2410 mundi.
2502 2354 2562 2410 Id
2591 2362 2674 2411 est
2722 2354 2984 2411 diabolus.
3040 2354 3297 2426 Ejicietur
3352 2355 3517 2427 foras.

1940 2438 2204 2503 Videlicet
2251 2446 2316 2502 de
2366 2445 2622 2502 cordibus
2656 2444 2951 2501 electorum
2981 2445 3291 2500 multorum.
3327 2444 3520 2501 Omnia

1939 2538 2146 2592 traham
2172 2538 2241 2592 ad
2273 2538 2543 2608 meipsum.
2584 2537 2640 2593 Id
2688 2544 2772 2593 est
2798 2538 2979 2593 omnia
3004 2536 3070 2592 de
3099 2537 3293 2606 quibus
3325 2536 3515 2593 diabo-

1940 2635 2025 2684 lus
2052 2629 2153 2684 erit
2180 2626 2404 2697 eiectus.
2437 2628 2553 2685 Non
2578 2629 2712 2684 dixit
2737 2644 2935 2693 omnes,
2966 2628 3058 2684 sed
3088 2629 3287 2694 omnia,
3317 2643 3518 2697 corpus

1940 2730 1997 2777 et
2014 2721 2274 2788 animam,
2290 2730 2344 2775 et
2365 2721 2573 2791 reliqua
2594 2721 2775 2776 omnia
2790 2721 3190 2791 praedestinata,
3213 2720 3295 2776 vel
3322 2720 3516 2776 electa.

1943 2811 2006 2869 Si
2027 2811 2290 2867 exaltatus
2316 2811 2485 2883 fuero.
2503 2810 2695 2882 Si,pro
2719 2828 2857 2865 cum.
2885 2808 3015 2876 Quis
3040 2820 3113 2867 est
3142 2811 3237 2867 iste
3254 2809 3399 2880 ﬁlius
3427 2810 3522 2866 ho-

1939 2906 2134 2960 minis?
2170 2904 2429 2976 Superius
2459 2905 2595 2959 dixit
2620 2923 2631 2956 :
2668 2901 2815 2957 Venit
2843 2904 2973 2957 hora
3003 2913 3057 2956 ut
3107 2903 3429 2973 gloriﬁcatur
3455 2904 3523 2969 lio

1941 2995 2044 3050 lius
2071 2996 2334 3062 hominis;
2363 3004 2420 3050 et
2447 2996 2618 3050 dixit:
2653 2994 2837 3048 Adhuc
2859 2995 3122 3049 modicum
3156 2994 3333 3050 lumen
3354 2996 3410 3050 in
3432 3012 3523 3052 vo-

1941 3085 2019 3141 bis
2059 3095 2154 3141 est.
2206 3086 2369 3154 Quasi
2409 3086 2605 3141 dixerit
2648 3085 2897 3141 Christus
2942 3086 2996 3140 in
3034 3086 3193 3143 domo
3229 3072 3437 3143 manet’
3462 3086 3518 3143 in

1940 3182 2225 3232 aeternum.
2259 3176 2342 3232 Ne
2368 3177 2592 3232 tenebras
2614 3193 2700 3231 vos
2721 3177 3176 3247 comprehendant.
3200 3176 3313 3234 Hoc
3345 3185 3432 3235 est
3470 3176 3519 3237 si

246 3265 618 3322 xeruntJudai
687 3266 897 3338 Moyses
918 3237 1065 3322 dedit
1086 3237 1303 3331 manna,
1329 3237 1387 3323 tu
1400 3237 1681 3321 hordeum.
1701 3264 1827 3321 0m-
1860 3237 1905 3302 θ
1935 3267 2262 3339 negaveritis
2288 3267 2407 3338 ejus
2454 3237 2862 3323 humanitatem.
2904 3266 3195 3336 Propterea
3228 3282 3338 3322 non
3367 3277 3521 3338 pote—

248 3373 312 3411 ne
331 3352 573 3428 quoddat
595 3360 723 3412 mihi
748 3357 932 3425 Pater,
953 3374 1058 3412 non
1077 3359 1289 3428 ejiciam
1316 3357 1484 3427 foras.
1508 3357 1585 3412 De
1605 3356 1694 3412 illa
1713 3357 1827 3412 vita

245 3457 450 3505 mterna
479 3451 621 3506 unde
662 3450 862 3507 dictum
891 3459 975 3505 est
1005 3466 1019 3505 :
1050 3450 1200 3504 Intra
1227 3450 1282 3504 in
1312 3450 1566 3521 gaudium
1588 3449 1823 3504 Domini.

318 3538 421 3603 Qui
472 3539 755 3593 manducat
806 3556 1016 3593 carnem
1053 3556 1221 3593 meam
1266 3550 1312 3594 et
1363 3539 1487 3593 bibit
1522 3540 1827 3608 sanguineus

244 3643 437 3682 meum.
467 3627 579 3684 Hoc
601 3637 683 3684 est
710 3630 801 3699 qui
835 3638 1020 3683 manet
1047 3630 1103 3684 in
1131 3646 1246 3695 me,
1274 3639 1329 3685 et
1364 3645 1463 3701 ego
1491 3630 1546 3683 in
1580 3644 1664 3684 eo.
1696 3629 1827 3682 Cum

244 3718 474 3773 videritis
515 3718 685 3788 [ilium
714 3719 938 3774 hominis
970 3720 1329 3775 ascendentem
1373 3720 1462 3774 ubi
1510 3729 1641 3774 erat.
1676 3719 1828 3774 Tunc

245 3806 542 3878 intelligitis
567 3822 675 3862 non
712 3808 777 3864 de
813 3821 977 3863 carne
1005 3810 1248 3880 corporis
1275 3810 1497 3877 dixisse,
1526 3811 1651 3880 quia
1697 3824 1829 3866 caro

246 3896 480 3950 hominis
502 3898 570 3952 ad
598 3897 1031 3952 manducandum
1060 3898 1196 3952 nihil
1221 3899 1461 3969 prodest.
1495 3898 1677 3954 Manet
1702 3900 1828 3969 quis

244 3987 302 4043 in
336 3986 467 4052 Deo,
497 3988 653 4058 cujus
688 3989 990 4045 membrum
1016 3997 1119 4053 est,
1151 3997 1334 4044 manet
1375 3989 1491 4059 ipse
1532 3990 1585 4044 in
1633 3989 1826 4053 nobis,

246 4093 369 4134 eum
402 4093 587 4133 sumus
618 4078 872 4149 templum
912 4080 1048 4150 ejus.
1094 4079 1194 4147 Qui
1230 4080 1690 4149 perseveraverit,
1737 4080 1827 4135 hic

247 4172 429 4228 salvus
454 4171 578 4227 erit.
605 4171 828 4227 Nolcbat
848 4171 1117 4228 ambulare
1138 4174 1197 4227 in
1215 4172 1479 4228 Judcam.
1508 4172 1825 4242 Exemplum

245 4262 518 4333 praebebat
542 4263 672 4318 suis.
700 4261 921 4334 Tempus
946 4280 1119 4318 meum
1141 4264 1372 4318 nondum
1412 4264 1636 4319 advenit.
1668 4263 1827 4319 Tem-

246 4365 347 4421 pus
367 4349 760 4415 exsultationis,
788 4352 929 4419 quod
956 4353 1062 4407 erit
1102 4353 1155 4407 in
1191 4354 1277 4407 die
1296 4353 1485 4423 jndicii
1506 4353 1592 4408 vel
1618 4361 1827 4423 tempus

246 4441 532 4514 passionis.
560 4439 642 4493 Ad
667 4439 804 4494 diem
831 4440 1020 4508 festum
1046 4443 1202 4496 hunc.
1230 4442 1331 4498 Ubi
1362 4443 1589 4512 gloriam
1635 4443 1827 4499 huma-

246 4544 371 4585 nam
399 4528 674 4598 quteratis.
723 4527 1053 4597 Scenopegia
1085 4537 1170 4582 est
1212 4530 1267 4582 in
1310 4530 1415 4585 isto
1462 4531 1662 4588 mundo
1703 4541 1823 4588 tan-

247 4638 407 4694 quam
439 4621 494 4677 in
515 4622 750 4687 deserto,
773 4629 828 4676 et
854 4621 1099 4677 Christus
1128 4622 1274 4677 latet.
1310 4620 1411 4676 Ubi
1442 4640 1582 4689 sum,
1608 4642 1694 4679 vos
1718 4642 1823 4680 non
1847 4598 1901 4658 Β

246 4714 459 4785 potestis
489 4713 678 4767 uenire.
720 4711 838 4766 Non
865 4712 1001 4766 dixit
1026 4712 1115 4766 ubi
1158 4728 1264 4777 ero,
1303 4712 1401 4768 sed
1426 4713 1515 4766 ubi
1561 4730 1679 4769 sum
1727 4729 1824 4783 per

247 4803 603 4861 divinitatem.
647 4800 706 4857 Si
732 4805 851 4874 quis
871 4804 980 4857 sitit
1024 4805 1222 4873 ﬂuento
1248 4821 1399 4875 aqua
1425 4805 1573 4859 vim.
1598 4804 1822 4860 Charis-

248 4904 474 4963 matum,
505 4896 643 4951 dona
664 4896 749 4951 vel
767 4896 1004 4952 charitas
1028 4896 1361 4968 intelligitur.
1390 4897 1635 4954 Nondum
1666 4900 1823 4969 spiri-

249 4996 336 5043 tus
366 4989 523 5044 datus
576 4990 655 5043 sic
705 4986 922 5059 profuse
944 5028 959 5054 ,
1010 4989 1149 5045 sicut
1200 4997 1323 5059 post
1368 4992 1822 5047 resurrectionem

248 5094 422 5144 suam,
442 5078 569 5148 quia
592 5078 826 5135 charitas
846 5080 941 5134 Dei
990 5078 1177 5135 diti‘usa
1220 5088 1305 5135 est
1340 5081 1393 5134 in
1449 5081 1700 5138 cordibus
1727 5098 1823 5138 no-

250 5171 377 5225 stris
424 5182 522 5239 per
564 5169 820 5240 Spiritum
867 5179 1144 5235 sanctum,
1175 5170 1266 5238 qui
1314 5171 1471 5225 datus
1516 5180 1599 5225 est
1642 5172 1819 5229 nobis.

250 5262 429 5329 Quare
473 5268 594 5329 post
623 5262 1104 5317 resurrectionem?
1129 5261 1255 5330 quia
1279 5248 1628 5329 perfectiores
1666 5271 1823 5318 erant

250 5351 475 5423 apostoli
505 5351 570 5405 ad
616 5351 1019 5405 custodiendum
1054 5351 1331 5421 spiritum,
1377 5358 1435 5405 ut
1478 5351 1533 5405 in
1584 5366 1823 5407 resurre-

251 5443 431 5498 ctione
481 5450 663 5495 nostra
701 5439 907 5510 ﬂagret.
953 5438 1082 5495 Oves
1119 5457 1249 5496 mete
1286 5457 1461 5495 vocem
1509 5457 1676 5497 meam
1726 5460 1822 5496 au-

248 5535 424 5590 diunt.
468 5531 582 5587 Hoc
620 5539 703 5587 est
748 5531 839 5600 qui
885 5533 1327 5601 perseveraverit,
1360 5541 1413 5587 et
1453 5534 1677 5604 reliqua.
1710 5534 1822 5607 Ego

251 5628 367 5684 veni
408 5638 459 5681 ut
496 5627 651 5681 vitam
677 5625 901 5679 habeant
931 5634 1198 5679 a'ternam.
1230 5627 1595 5697 Ingredientes
1632 5628 1688 5682 in
1718 5628 1819 5684 Ec-

250 5719 490 5781 clesiam,
524 5724 585 5772 ut
603 5715 958 5772 abundantius
981 5716 1211 5770 habeant
1252 5718 1304 5772 in
1350 5719 1455 5772 vita
1480 5728 1700 5774 aeterna.
1742 5720 1823 5775 ln-v

254 5810 570 5882 grediuntur
601 5820 699 5877 per
736 5806 894 5861 ﬁdem
944 5806 996 5862 in
1031 5806 1355 5862 Ecclesium:
1391 5810 1727 5878 egredietur,
1756 5811 1822 5866 ad

1931 3367 2057 3415 rant
2082 3359 2323 3414 credere.
2353 3359 2455 3416 Ubi
2479 3358 2881 3431 intelligendum
2910 3367 3015 3424 est,
3061 3359 3187 3430 quia
3218 3358 3474 3416 nolebant
3498 3378 3514 3418 :

1930 3450 2381 3520 quemadmodum
2421 3450 2622 3506 dictum
2650 3458 2733 3505 est
2760 3450 3008 3514 Domino,
3040 3448 3101 3504 Si
3126 3467 3230 3505 non
3252 3451 3516 3507 credimus

1929 3538 2136 3607 illi,ille
2160 3540 2330 3608 ﬁdelis
2358 3550 2453 3602 est,
2480 3555 2679 3608 negare
2729 3540 2967 3610 seipsum
3013 3554 3117 3595 non
3163 3547 3370 3609 potest;
3406 3557 3516 3598 non

1930 3631 2055 3700 quia
2095 3632 2291 3685 mutari
2331 3631 2597 3695 homines,
2625 3630 2719 3687 sed
2760 3631 2904 3701 quod
2928 3630 3110 3686 vitalia
3138 3631 3374 3700 sapiunt,
3408 3647 3514 3689 non

1928 3728 2155 3791 possunt
2203 3720 2443 3775 credere.
2499 3718 2610 3790 Ego
2656 3737 2760 3775 non
2790 3721 2976 3792 judico
3018 3736 3351 3792 quemquam.
3400 3719 3517 3778 Hoc

1928 3817 2012 3891 est
2030 3810 2206 3865 modo.
2242 3805 2465 3864 Verbum
2487 3810 2627 3880 quod
2643 3809 2843 3866 locutus
2870 3828 3005 3866 sum.
3032 3810 3088 3865 Id
3108 3819 3192 3867 est
3216 3810 3510 3882 meipsum.

1927 3899 2082 3957 Dedit
2105 3900 2217 3969 [ilio
2243 3902 2423 3967 vitam,
2448 3902 2502 3956 id
2541 3910 2626 3958 est
2654 3903 2939 3974 gignendo.
2988 3901 3144 3960 Nunc
3184 3902 3511 3974 clariﬁcatus

1928 4000 2003 4047 est
2041 3991 2184 4059 ﬁlius
2229 3990 2475 4046 hominis.
2522 3991 2657 4058 Quia
2687 4000 2918 4049 exeunte
2947 3994 3225 4050 immundo
3253 4035 3269 4061 ,
3321 4010 3514 4053 omnes

1928 4081 2113 4137 mundi
2150 4090 2546 4137 remanserunt.
2594 4080 2663 4134 Et
2704 4083 2949 4137 continuo
3005 4082 3318 4152 clariﬁcabit
3367 4101 3488 4139 eum

1930 4170 2146 4228 Scilicet
2179 4172 2426 4241 passione
2465 4180 2519 4227 et
2548 4172 2945 4228 resurrectione
2971 4188 3089 4227 sua.
3124 4170 3370 4238 Qua-ritis
3397 4190 3477 4228 me

1926 4272 1980 4320 et
2003 4266 2145 4320 sicut
2166 4265 2300 4321 dixit
2321 4264 2519 4321 Iudaeis
2544 4283 2555 4318 :
2584 4263 2700 4330 Quo
2729 4281 2820 4334 ego
2846 4262 2999 4331 vado,
3038 4279 3123 4318 vos
3155 4278 3258 4317 non
3298 4264 3511 4334 potestis

1926 4356 2118 4422 venire,
2144 4367 2192 4410 et
2220 4355 2357 4410 vobis
2385 4353 2502 4408 dico
2531 4352 2705 4407 modo.
2757 4348 2957 4408 Iudaeis
2980 4361 3161 4407 autem
3198 4367 3307 4408 non
3336 4353 3504 4421 dixit,

1926 4447 2084 4502 modo
2124 4446 2457 4501 subauditur.
2489 4443 2550 4499 Si
2586 4443 2859 4512 quominus
2896 4442 3163 4496 dixissem.
3193 4440 3309 4498 Hoc
3336 4452 3420 4499 est
3461 4442 3509 4500 si

1928 4535 2122 4592 alicubi
2154 4536 2252 4590 nisi
2282 4536 2335 4589 in
2358 4534 2519 4588 domo
2543 4530 2722 4588 Patris
2762 4532 2870 4586 mei
2900 4530 3127 4587 fuissent
3150 4532 3333 4587 multa:
3358 4549 3512 4588 man-

1929 4627 2109 4680 siones
2148 4633 2385 4691 paratae,
2436 4621 2690 4677 dixissem
2719 4620 2889 4677 vobis.
2933 4619 3157 4675 Paravit
3182 4620 3339 4677 nobis
3377 4621 3506 4677 dum

1929 4729 2028 4783 pro
2054 4712 2209 4767 nobis
2234 4719 2477 4766 mortuus
2504 4718 2607 4768 est.
2634 4709 2696 4766 Si
2724 4710 2921 4765 abiero.
2953 4709 3068 4766 Hoc
3093 4718 3176 4765 est
3202 4725 3300 4779 per
3325 4710 3508 4767 carnis

1930 4804 2251 4859 absentiam.
2283 4801 2543 4872 Philippe,
2572 4804 2661 4874 qui
2709 4800 2842 4855 videt
2866 4817 2965 4854 me.
2997 4799 3272 4871 Tanquam
3314 4801 3507 4857 melior

1928 4908 2049 4949 esse
2073 4892 2233 4947 Pater
2255 4932 2271 4958 ,
2329 4892 2563 4963 cupiebat
2593 4891 2763 4946 videre
2790 4891 3129 4946 subauditur.
3160 4890 3374 4962 Ilajora
3420 4894 3507 4964 fa-

1928 4989 2046 5043 ciet.
2095 4986 2270 5040 Etiam
2315 4986 2371 5041 in
2409 4985 2582 5041 salute
2608 4983 2847 5052 gentium
2894 4998 3002 5053 quo
3050 4982 3294 5041 facerent
3345 4984 3500 5042 dixit.

1928 5079 2066 5145 Quia
2092 5078 2160 5132 ad
2183 5076 2398 5132 Patrem
2440 5076 2570 5131 vado
2595 5083 2641 5128 et
2679 5073 2820 5145 quod
2855 5075 3132 5145 petieritis,
3153 5076 3251 5130 hoc
3280 5074 3498 5146 faciam.

1923 5168 1994 5222 Et
2031 5168 2196 5222 alium
2234 5165 2578 5237 paraclytum.
2613 5163 2726 5220 Hoc
2749 5172 2834 5219 est
2856 5172 2919 5219 ut
2958 5164 3075 5237 plus
3106 5164 3357 5222 habeant.
3390 5164 3502 5219 Ro-

1922 5258 2053 5330 gabo
2098 5246 2328 5311 Patrem.
2364 5255 2468 5309 Per
2497 5256 2908 5323 humanitatem,
2939 5258 3078 5313 dabo
3104 5273 3203 5328 per
3252 5257 3504 5312 divinita-

1923 5357 2051 5404 tem.
2098 5346 2213 5417 Ego
2245 5346 2371 5400 vivo.
2405 5343 2526 5399 Mox
2556 5361 2652 5415 per
2683 5348 3127 5403 resurrectionem
3157 5348 3498 5405 immortalis.

1926 5441 1994 5496 Et
2018 5457 2105 5496 vos
2129 5438 2322 5493 vinetis.
2348 5437 2405 5491 In
2436 5436 2540 5490 line
2570 5438 2918 5493 immortales.
2944 5436 3049 5503 Qui
3078 5437 3227 5491 habet
3246 5440 3500 5495 mandata

1926 5551 2059 5590 mea.
2086 5533 2143 5586 Id
2172 5538 2255 5586 est
2302 5532 2355 5585 in
2382 5530 2661 5585 memoria.
2720 5530 2787 5583 Et
2815 5538 3003 5585 servat.
3029 5529 3084 5584 1d
3116 5537 3200 5584 est
3229 5529 3283 5582 in
3308 5545 3493 5600 opere.

1924 5625 2155 5695 Diligam
2178 5638 2316 5676 eum.
2345 5621 2457 5677 Hoc
2479 5631 2563 5676 est
2582 5629 2643 5675 ut
2675 5620 2953 5691 perveniat
2977 5620 3042 5675 ad
3072 5620 3333 5675 visionem
3357 5620 3493 5674 veri-

1926 5715 2073 5771 tatis.
2103 5712 2172 5768 Et
2216 5712 2561 5781 manifestabo
2606 5712 2654 5765 ei
2705 5712 2975 5782 meipsum.
3035 5710 3365 5765 Subauditur
3398 5724 3496 5779 per

1927 5803 2169 5859 eamdem
2198 5802 2534 5858 charitatem.
2565 5800 2633 5854 Et
2669 5816 2838 5856 sermo
2879 5800 2968 5871 qui
2996 5801 3101 5870 ipse
3136 5808 3233 5854 est.
3281 5795 3496 5851 Pacem-
