4248 6438
277 489 3506 548 5W

343 619 350 660 l

343 619 350 660 l

246 580 436 780 Plx
1564 720 1734 768 ANNO
1778 721 2003 767 DOMINI
2046 723 2251 767 DCCCC.

221 985 439 1290 ἐς
1219 963 1898 1171 JOSEi

1219 956 2551 1171 JOSEPPUS

1586 1530 2197 1648 NOTITIA

1194 1805 1514 1870 (Bibliotheca
1533 1803 1867 1864 Gallandiana,
1897 1809 2014 1853 tom.
2039 1803 2163 1861 XIV,
2196 1801 2391 1866 Proleg.
2425 1815 2473 1863 p.
2508 1801 2600 1864 ut.)

345 2184 391 2240 1.
417 2181 528 2238 Nec
559 2181 686 2253 quis
711 2181 894 2248 fuerit,
930 2197 1028 2237 nec
1057 2198 1164 2253 quo
1195 2183 1315 2237 loco
1335 2183 1417 2237 vel
1443 2193 1687 2253 tempore
1712 2183 1908 2239 vixerit
1932 2179 2226 2250 Ioseppus,
2251 2181 2366 2234 sive
2388 2178 2681 2250 Iosephus,
2713 2176 2836 2233 libri
2865 2176 3261 2249 hypomnestici
3303 2182 3518 2242 auctor,

279 2273 541 2326 convenit
575 2273 718 2326 inter
747 2272 1045 2341 scriptorcs
1081 2290 1093 2326 :
1129 2281 1187 2326 ut
1212 2271 1347 2325 nihil
1377 2272 1555 2326 dicam
1579 2272 1645 2328 de
1675 2271 1850 2327 Cavzei
1876 2271 2169 2334 sententia,
2201 2268 2569 2325 existimantis
2601 2283 2667 2322 ex
2691 2267 2851 2322 titulo
2876 2268 3074 2337 capitis
3095 2267 3259 2338 primi
3284 2265 3521 2322 fortasse

280 2362 348 2414 ad
389 2360 695 2430 marginem
741 2361 993 2430 ascripti,
1032 2375 1140 2429 quo
1175 2358 1444 2429 Iosephus
1475 2361 1736 2417 Hebraeus
1779 2361 1926 2416 illius
1953 2359 2259 2431 argumenti
2285 2365 2549 2412 tractator
2586 2355 2951 2420 indicabatur,
2983 2354 3185 2409 factum
3218 2353 3388 2410 fuisse
3419 2354 3521 2408 ho-

279 2447 414 2501 mini
443 2445 666 2516 Iosephi
706 2463 928 2511 nomen,
979 2448 1066 2501 cui
1095 2457 1279 2517 postea
1313 2448 1377 2502 ad
1420 2449 1711 2504 discrimen
1747 2447 1916 2504 Iuin
1961 2449 2253 2505 adlneserit
2284 2447 2580 2504 Christiani
2621 2445 2932 2517 appellatio.
2981 2441 3268 2499 Fabricius
3305 2444 3381 2514 (a)
3414 2459 3518 2498 non

279 2547 398 2587 ante
433 2535 614 2587 saeculi
657 2551 710 2589 ιι
743 2535 945 2588 exitum
973 2536 1176 2590 vixisse
1231 2537 1564 2606 suspicatur,
1596 2553 1659 2592 ex
1698 2554 1818 2608 cap.
1854 2537 1978 2600 156,
2014 2536 2066 2591 in
2098 2553 2207 2607 quo
2242 2535 2563 2606 Hippolytus
2596 2532 2893 2588 Thebanus
2920 2532 3164 2586 all‘ertur.
3188 2531 3417 2587 Cavaus
3443 2532 3518 2601 (ὁ)

281 2623 446 2676 refert
473 2625 540 2677 ad
566 2640 770 2678 annum
805 2625 1012 2680 Christi
1046 2625 1173 2680 420.
1215 2625 1537 2682 Gallaudius
1564 2638 1748 2682 noster
1783 2629 1838 2681 in
1878 2627 1992 2681 suis
2021 2624 2355 2679 adversariis
2393 2623 2734 2691 consignavit
2770 2621 2836 2674 ad
2868 2635 3071 2675 annum
3113 2619 3319 2675 Christi
3355 2619 3518 2673 1000.

278 2708 356 2763 Ex
382 2710 618 2766 Fabricii
658 2711 974 2782 praefatione
1000 2724 1216 2768 constat
1248 2713 1522 2769 Oudinum
1552 2714 1865 2770 confudissc
1892 2729 2173 2784 perperam
2198 2711 2492 2780 Iosephum
2536 2718 2782 2765 nostrum
2829 2724 2957 2766 cum
2985 2708 3281 2778 Gorjonide
3308 2726 3323 2762 :
3351 2707 3514 2762 Lam-

281 2797 493 2852 becium
538 2801 664 2855 item
713 2801 846 2866 falli,
890 2803 984 2871 qui
1033 2803 1100 2857 ad
1145 2801 1442 2874 Iosephum
1487 2802 1731 2858 Flavium
1775 2802 2048 2874 pertinere
2090 2808 2264 2870 putat.
2306 2799 2557 2862 Cavaaus,
2605 2798 2724 2854 loco
2761 2798 2872 2868 jam
2917 2797 3180 2859 excitato,
3226 2795 3521 2866 aliquando

281 2887 532 2940 eumdem
559 2902 683 2941 cum
724 2886 962 2958 Iosepho
987 2890 1312 2956 Tiberiensi,
1345 2893 1411 2946 ab
1447 2891 1750 2962 Epiphanio
1778 2899 2077 2946 memorato
2110 2891 2205 2959 (c).
2254 2888 2407 2942 illum
2448 2903 2506 2942 se
2546 2886 2741 2942 iecisse
2776 2885 3089 2941 conﬁtetur.
3123 2883 3300 2939 Tanta
3335 2884 3522 2938 erudi-

280 2981 461 3027 torum
493 2975 721 3031 dissidia
761 2979 918 3034 nobis
950 2994 1171 3049 quoque
1208 2980 1274 3035 de
1306 2981 1555 3046 veritate,
1591 2981 1636 3036 si
1696 2980 1811 3034 ﬁeri
1848 2987 2048 3048 potest.
2105 2976 2420 3046 inquirendi
2451 2974 2764 3031 facultatem
2802 2973 3069 3045 praebent.
3099 2972 3178 3027 Ex
3208 2972 3333 3044 ipso
3355 2972 3522 3043 igitur

273 3057 519 3131 Iosepho
541 3079 654 3118 rem
679 3065 982 3121 extundere
1012 3068 1274 3133 nitamur,
1306 3079 1364 3123 ut
1390 3068 1601 3139 aliquid
1632 3069 1827 3124 saltem
1857 3065 2206 3138 plausibilius
2235 3064 2417 3120 dicere
2447 3079 2738 3135 queamus.

353 3171 421 3225 ll.
453 3173 654 3227 Auctor
687 3175 869 3244 itaque
909 3186 1094 3231 noster
1137 3179 1313 3248 capite
1353 3178 1536 3234 statim
1583 3179 1760 3248 primo
1799 3177 1902 3234 sub
1941 3193 2093 3232 num.
2126 3177 2213 3243 15,
2262 3175 2474 3237 scribit,
2506 3175 2574 3247 de
2603 3173 2804 3241 Phaleg
2847 3174 3079 3242 loquens
3112 3189 3127 3226 :
3175 3169 3522 3242 Πληροῦνται

281 3258 372 3309 ἐπ’
402 3259 563 3313 αὐτὸν
589 3261 698 3315 ἀπὸ
735 3261 907 3333 Ἀδὰμ
931 3263 1027 3335 ἐτη
1055 3281 1123 3337 ,γ-
1151 3265 1288 3320 ὥστε
1320 3259 1459 3319 εἶναι
1487 3266 1548 3319 τὸ
1575 3267 1752 3336 ἥμισυ
1785 3262 1879 3318 τοῦ
1909 3269 2101 3336 χρόνον
2136 3266 2235 3336 τῆς
2265 3264 2550 3335 παρούσης
2574 3266 2632 3317 ὲν
2651 3264 2800 3329 ἑξάδι
2825 3263 3079 3333 χιλιάδων
3107 3263 3520 3327 καταστάσεως.

282 3343 700 3416 Compleuturiu
734 3367 792 3404 eo
827 3352 893 3404 ab
931 3353 1099 3406 Adam
1144 3355 1274 3408 anui
1325 3354 1485 3415 5000,
1522 3356 1596 3408 ita
1614 3365 1671 3409 ut
1705 3354 1864 3424 fuerit
1908 3354 2190 3407 dimidium
2228 3352 2472 3420 temporis
2503 3351 2777 3419 presenti:
2810 3352 3040 3419 complcti
3065 3351 3125 3404 in
3154 3351 3365 3405 senario
3400 3351 3524 3407 atil-

277 3430 636 3488 tenariorum.
676 3437 962 3493 Scribebat
1015 3440 1179 3509 igitur
1204 3439 1480 3511 Iosephus
1528 3441 1670 3496 intra
1711 3451 1923 3496 sextum
1967 3441 2147 3496 adhuc
2184 3439 2574 3503 millenarium,
2621 3447 2786 3508 atque
2824 3446 2886 3492 ut
2934 3454 3057 3492 cum
3111 3439 3348 3493 maxime
3373 3455 3521 3504 sero,

287 3521 478 3577 ultimo
526 3524 699 3592 ipsius
752 3528 892 3581 sexti
941 3528 1231 3583 millenarii
1271 3544 1436 3583 anno.
1479 3529 1616 3584 Cum
1671 3545 1833 3599 porro
1863 3528 2033 3584 Graeci
2077 3545 2146 3583 ex
2182 3543 2290 3583 tera
2323 3542 2422 3582 sua
2463 3526 2746 3583 historica.
2789 3528 2948 3596 cuius
2972 3536 3166 3582 auctor
3200 3526 3520 3596 Africanus,

283 3610 518 3665 natalem
548 3613 748 3668 Christi
773 3616 1095 3684 consignent
1119 3618 1187 3672 ad
1221 3633 1424 3672 annum
1459 3619 1649 3672 mundi
1694 3619 1854 3682 5500,
1890 3633 2122 3688 eantque
2157 3618 2426 3686 epocham
2470 3616 2726 3672 octennio
2757 3615 3000 3686 vulgaris
3035 3631 3178 3684 pone
3211 3626 3516 3687 sequatur;

284 3699 430 3753 unde
474 3716 504 3753 a
538 3701 682 3755 civili
720 3705 1037 3758 earumdem
1069 3704 1384 3761 Graecorum
1419 3721 1524 3760 aera
1560 3706 1702 3761 idem
1746 3706 1944 3761 natalis
1981 3704 2186 3760 Christi
2232 3704 2352 3759 dies
2395 3704 2463 3758 ad
2502 3717 2706 3757 annum
2739 3703 3102 3773 consignatur
3138 3705 3326 3758 mundi
3359 3705 3521 3768 5508,

283 3789 648 3856 consequitur
679 3787 977 3859 Iosephum
1005 3793 1292 3862 scripsisse
1320 3793 1386 3848 ad
1416 3809 1692 3849 summum
1735 3809 1881 3849 anno
1903 3793 2107 3850 Christi
2136 3794 2264 3860 492,
2297 3803 2394 3848 aut
2425 3795 2469 3848 si
2493 3795 2666 3848 mavis
2695 3793 2851 3862 sequi
2884 3791 3158 3847 Panodori
3185 3807 3350 3847 mram
3377 3792 3527 3848 Grae-

282 3887 476 3926 corum
516 3877 968 3944 ecclesiasticam,
1008 3895 1129 3949 qua:
1167 3891 1354 3934 natum
1391 3881 1591 3936 asserit
1618 3880 1897 3936 Christum
1940 3896 2089 3937 anno
2132 3881 2318 3938 mundi
2351 3883 2515 3948 5694,
2547 3884 2828 3952 scripserit
2867 3881 3141 3951 Iosephus
3171 3893 3356 3938 noster
3380 3899 3527 3938 anno

281 3975 408 4014 arra:
434 3962 673 4030 vulgaris
700 3965 826 4029 507,
855 3965 998 4020 sicut
1027 3981 1129 4022 suo
1154 3968 1273 4022 loco
1299 3967 1368 4022 ad
1391 3969 1600 4024 calcem
1625 3970 2033 4024 adnotavimus.
2064 3971 2135 4025 At
2159 3972 2306 4025 enim
2334 3985 2442 4025 non
2467 3971 2811 4039 cegimur,»ex
2841 3971 3003 4025 modo
3026 3970 3281 4040 loquendi
3299 3969 3523 4039 Iosephi

288 4064 490 4102 annum
522 4053 751 4121 praecise
779 4055 1163 4122 determinare,
1200 4057 1480 4127 multoque
1511 4057 1692 4113 minus
1722 4072 1947 4114 necesse
1975 4056 2240 4113 habemus
2264 4057 2418 4112 illum
2454 4057 2772 4112 existimare
2805 4065 3146 4126 postremum
3177 4054 3349 4112 fuisse
3379 4058 3522 4110 sexti

286 4139 600 4196 millenarii.
634 4142 779 4198 Satis
805 4153 889 4199 est
920 4145 966 4199 si
1002 4147 1313 4200 necessario
1345 4162 1606 4216 cogamur
1640 4155 1860 4217 propter
1891 4147 1951 4199 τὸ
1977 4146 2259 4216 παρούσης
2287 4161 2550 4211 asserere,
2592 4145 2741 4199 illum
2772 4159 2878 4199 non
2921 4146 3062 4198 ultra
3103 4153 3315 4199 sextum
3347 4145 3526 4198 mille-

285 4229 503 4281 narium
538 4232 849 4299 ponendum
895 4247 1032 4288 esse.
1072 4231 1257 4288 Potest
1284 4249 1416 4303 ergo
1455 4234 1520 4289 ad
1569 4235 1842 4305 quintum,
1884 4243 2142 4304 quartum
2184 4235 2475 4289 tertiumve
2513 4233 2772 4286 sreculum
2819 4231 3094 4301 pertinere
3144 4248 3157 4284 :
3201 4245 3310 4285 non
3343 4241 3524 4286 tamen

295 4312 525 4370 ulterius
561 4325 695 4372 κως
740 4319 885 4374 illius
920 4319 1136 4391 figenda
1181 4329 1284 4376 est.
1310 4319 1498 4377 Sensit
1529 4323 1691 4392 hujus
1732 4324 1841 4379 vim
1886 4322 2192 4393 argumenti
2225 4320 2472 4384 Cavzeus,
2518 4321 2676 4391 cujus
2708 4319 2844 4374 alias
2882 4319 2970 4375 hic
3021 4321 3527 4376 animadversiones

290 4403 662 4468 subjicicmus.

361 4523 450 4576 lll.
481 4521 738 4581 Ultimam
763 4543 930 4597 quam
957 4541 1221 4586 memorat
1248 4533 1500 4587 haeresim
1528 4534 1822 4603 Iosephus,
1858 4541 1942 4588 est
1979 4530 2617 4601 Authropomorphitica.
2657 4528 2729 4582 Ea
2753 4544 2919 4598 porro
2952 4529 3116 4598 cmpit
3147 4527 3291 4582 circa
3321 4541 3525 4580 annum

289 4609 490 4665 Christi
522 4613 644 4668 599.
689 4615 967 4671 Pertineat
991 4619 1158 4688 igitur
1195 4617 1466 4690 Iosephus
1496 4630 1679 4676 noster
1721 4623 1824 4678 hoc
1849 4621 2069 4692 quidem
2095 4630 2417 4688 argumento
2437 4621 2505 4674 ad
2530 4619 2683 4673 initia
2716 4618 2899 4672 smculi
2941 4617 3147 4686 quinti.
3175 4615 3364 4670 Obviat
3400 4615 3528 4668 huic

291 4711 611 4768 argumento
635 4701 916 4759 Fabricius
934 4705 1035 4776 (ά),
1057 4707 1309 4778 inquiens
1325 4710 1569 4778 potuisse
1584 4708 1879 4780 Iosephum
1898 4724 2004 4764 non
2029 4709 2167 4762 ultra
2203 4707 2489 4762 hmreticos
2520 4705 3213 4776 quartiswculiexcurrere,
3241 4701 3384 4771 quod
3406 4700 3527 4771 Epi-

295 4788 554 4853 phanium
577 4790 648 4844 ob
666 4793 854 4846 oculos
879 4793 1154 4848 habuerit.
1191 4793 1295 4850 Sed
1324 4813 1485 4866 quam
1511 4796 1696 4868 jejuna
1726 4808 1780 4851 et
1812 4797 2009 4867 frigida
2046 4798 2160 4851 hate
2192 4797 2333 4850 ratio
2359 4797 2448 4859 sit,
2484 4810 2641 4850 nemo
2672 4810 2776 4848 non
2812 4793 2978 4849 sentit
3008 4793 3060 4846 in
3095 4792 3314 4846 homine
3333 4793 3518 4846 saeculi

295 4870 361 4922 XI
387 4872 500 4939 jam
542 4879 900 4938 senescentis.
935 4879 1092 4948 cujus
1125 4879 1436 4935 institutum
1473 4882 1542 4936 sit
1589 4882 1851 4944 libellum,
1884 4886 1999 4940 sive
2042 4886 2473 4954 promptuarium
2510 4884 2577 4938 ad
2615 4883 2934 4937 memoriam
2978 4897 3160 4936 rerum
3210 4879 3527 4950 huiusmodi

285 4963 660 5018 conscribere.
705 4966 786 5018 An
819 4982 894 5020 ιι.
928 4966 990 5020 C.
1022 4965 1304 5022 Fabricius
1330 4968 1692 5039 Epiphanium
1725 4971 1828 5025 sibi
1869 4974 1937 5026 ob
1968 4975 2158 5029 oculos
2191 4975 2572 5045 proposuisset
2617 4973 2719 5026 hac
2745 4982 2921 5035 astate,
2971 4971 3015 5024 si
3061 4970 3304 5024 laborem
3353 4969 3524 5023 illius-

291 5050 435 5102 mmli
475 5050 1169 5123 l‘ttissetaggressus?Num
1198 5058 1362 5111 etiam
1395 5069 1555 5128 caput
1595 5060 1978 5127 conclusisset,
2020 5071 2078 5116 ut
2114 5061 2387 5132 Iosephus
2420 5061 2569 5125 facit,
2605 5061 2892 5130 inquiens:
2932 5058 3027 5112 Ha'
3058 5067 3180 5111 sunt
3208 5074 3331 5126 ergo
3356 5057 3523 5110 luere-

288 5152 370 5189 ses
404 5154 520 5206 quw
550 5151 734 5194 contra
760 5152 1000 5196 sanctam
1035 5143 1328 5197 Ecclesium
1368 5156 1498 5199 orta:
1535 5149 1700 5201 sunt?
1735 5149 1977 5214 Accedit,
2009 5149 2152 5217 quod
2180 5147 2454 5218 Iosephus
2483 5147 2621 5205 duas
2657 5156 2862 5201 tantum
2894 5156 2947 5201 ct
2978 5145 3258 5214 sexaginta
3299 5146 3531 5198 hmrescs

281 5236 708 5293 annuteutorat,
753 5229 1089 5298 Epiphanius
1125 5247 1253 5285 vero
1283 5235 1580 5303 octoginta.
1621 5234 1961 5305 Epiphanius
2018 5237 2338 5291 Aucoratuut
2410 5251 2594 5299 suum,
2625 5246 2681 5290 ut
2710 5245 2856 5289 notat
2881 5235 2996 5304 ipse
3020 5233 3320 5295 Fabricius,
3355 5231 3529 5300 scrip-

286 5313 442 5365 sitA.
467 5312 528 5366 C.
559 5315 687 5381 575,
727 5317 954 5386 ideoque
982 5329 1196 5375 umet
1235 5321 1379 5389 quod
1406 5323 1671 5386 excurrit,
1717 5339 1894 5380 annos
1937 5335 2062 5381 ante
2091 5334 2243 5378 ortos
2281 5323 2869 5394 Anthropomorphitas
2909 5338 2976 5377 ex
3020 5321 3198 5377 Cavaai
3239 5318 3528 5375 sententia.

287 5399 407 5455 Non
439 5403 617 5472 potuit
639 5420 768 5476 ergo
802 5407 872 5461 ob
901 5407 1090 5464 oculos
1123 5409 1322 5465 habere
1343 5410 1740 5481 Epiphaniam:
1776 5429 1877 5469 nec
1912 5414 2054 5469 ultra
2090 5426 2253 5483 quam
2281 5411 2347 5465 ad
2381 5411 2593 5465 initium
2634 5408 2824 5464 saeculi
2850 5408 3028 5480 quinti
3059 5407 3351 5478 pertinere.

363 5605 440 5680 (ᾳ)
475 5606 537 5680 ἐξ.
570 5605 633 5680 ς.
672 5618 802 5660 tom.
840 5609 882 5662 Χ
917 5625 1039 5679 pag.
1075 5610 1188 5667 l09.
1218 5621 1269 5666 ct
1305 5613 1356 5667 iu
1388 5612 1523 5670 Cod.
1558 5613 1753 5670 Pseud.
2047 5613 2116 5680 (ε)
2146 5611 2285 5664 ll:rr.
2317 5626 2444 5666 xxx.
2481 5624 2630 5680 num.
2662 5609 2718 5671 4,
2750 5623 2898 5677 seqq.

355 5677 433 5745 (ὁ)
471 5677 538 5730 Il.
569 5677 634 5732 L.
671 5693 790 5747 pug.
817 5677 942 5733 257⁷.
992 5677 998 5679 ”
2050 5677 2126 5754 pl)
2163 5683 2223 5734 Β.
2263 5681 2326 5736 G.
2360 5691 2490 5735 tom.
2533 5679 2638 5747 VII,
2666 5696 2784 5750 pag.
2817 5682 2940 5734 HI.

610 5775 869 5833 Parum.
909 5778 1022 5836 (iu.
1058 5777 1212 5838 CVI.

3073 5773 3107 5832 1
