4248 6438
754 386 816 454 ll
2176 391 2582 459 JOSEPPUS.
3936 392 3997 456 l2

814 507 904 564 IV.
947 507 1110 565 Addit
1139 508 1388 573 Cavazus,
1431 507 1583 563 illum
1640 508 1890 579 nuSpiam
1927 507 2262 566 Nestorianm
2295 512 2520 567 haeresis
2557 509 2890 566 mentionem
2916 508 3116 576 facere,
3148 525 3254 566 non
3287 509 3340 565 in
3362 509 3634 582 catalogo,
3664 526 3787 567 .non
3840 508 3993 568 alibi.

743 596 875 663 Qua:
899 611 1023 650 cum
1051 607 1170 651 orla
1203 597 1272 651 sit
1303 597 1372 650 Α.
1411 595 1473 650 C.
1503 597 1630 661 418,
1657 599 1736 652 vel
1769 606 1825 650 ut
1851 597 2029 651 serius
2063 598 2189 661 419,
2218 601 2467 670 cogimur
2499 598 2624 654 inde
2642 608 2858 654 aetatem
2885 597 3032 653 illius
3053 598 3248 654 iterum
3271 613 3379 654 non
3403 599 3541 654 ultra
3576 599 3728 653 initia
3761 600 3944 654 saeculi
3965 617 3995 655 v

741 686 1054 739 detrudere.
1094 684 1357 753 Equidem
1402 683 1680 739 fatendum
1715 685 1767 738 in
1801 684 1907 738 line
1945 700 2066 754 cap.
2105 686 2207 741 159
2243 688 2381 742 inter
2416 686 2706 742 haereticos
2729 685 3148 741 commemorari
3187 684 3578 750 Hominicolas,
3620 701 3729 755 quo
3775 687 3997 740 nomine

743 768 1049 825 Nestor-iani
1080 771 1288 825 censeri
1321 781 1568 840 possunt.
1601 771 1705 826 Sed
1736 771 2051 841 hujusmodi
2083 774 2400 842 appellatio,
2429 776 2558 845 quia
2598 782 2866 844 quantum
2913 773 3138 828 memini
3185 773 3291 828 nisi
3338 771 3487 842 apud
3521 771 3790 841 quosdam
3827 772 3996 828 medii

686 856 689 858 ’
741 859 838 911 sevi
869 859 1164 928 scriptores
1190 861 1450 924 occurrit,
1476 861 1776 916 assumenti
1810 862 2096 932 cujusdam
2129 877 2230 919 nos
2255 861 2415 921 facile
2451 866 2502 919 in
2547 862 2919 936 suspicionem
2947 861 3217 918 adducere
3247 869 3446 932 potest.
3487 857 3611 916 Haec
3645 860 3992 931 potissimum

739 961 806 999 ex
841 947 1057 1000 Cavea.

799 1035 878 1106 'V.
918 1056 1213 1110 Possumus
1241 1065 1293 1110 et
1316 1056 1453 1111 alias
1485 1059 1775 1114 nonnullas
1805 1059 2313 1116 animadversiones
2338 1059 2634 1130 subjicere.
2663 1059 2855 1130 Capite
2874 1058 2946 1114 25
2981 1067 3229 1114 recenset
3261 1067 3454 1113 auctor
3484 1057 3658 1113 libros
3699 1057 3997 1113 canonicos

742 1143 807 1196 ν.
849 1142 911 1195 Τ.
935 1143 1136 1215 οοεῆιιε
1171 1155 1457 1199 enumerat
1499 1162 1629 1211 xvn,
1669 1162 1776 1199 non
1813 1149 2102 1202 recensitis
2135 1149 2457 1201 nominatim
2505 1146 2958 1216 Paralipomenis,
3003 1145 3142 1200 forte
3172 1147 3300 1216 quia
3334 1147 3437 1200 sub
3468 1144 3707 1215 Regibus
3750 1161 4000 1214 compre-

743 1230 1070 1284 hendantur.
1114 1232 1188 1285 Ea
1220 1246 1383 1301 porro
1421 1234 1743 1287 numerandi
1791 1235 1938 1289 ratio
1962 1235 2223 1289 vetustior
2245 1248 2347 1300 est,
2379 1251 2543 1306 quam
2567 1237 2824 1291 sacculum
2850 1252 2883 1290 ι
2915 1235 2998 1290 vel
3029 1249 3105 1298 st,
3142 1235 3254 1288 imo
3280 1233 3590 1288 communis
3632 1234 3687 1288 in
3724 1233 3998 1303 prioribus

741 1316 1000 1371 Ecclesia:
1026 1319 1263 1382 smculis,
1291 1327 1344 1372 et
1371 1320 1637 1374 vetustior
1665 1321 1840 1375 adhuc
1871 1336 2035 1383 penes
2063 1320 2340 1377 llebrmos.
2368 1323 2504 1376 Nam
2544 1339 2608 1379 ex
2658 1322 2895 1393 Josepho
2941 1323 3020 1394 (ιι)
3066 1337 3132 1377 eo
3171 1335 3402 1375 numero
3443 1321 3568 1374 olim
3619 1321 3687 1374 ab
3732 1319 3998 1375 lsraelitis

741 1405 1124 1469 censebantur,
1155 1421 1252 1476 pro
1276 1421 1501 1460 nurnero
1522 1406 1768 1462 videlicet
1799 1407 2127 1464 Litterarum
2150 1409 2536 1465 llebraiearum
2568 1429 2582 1465 :
2610 1411 2752 1479 quod
2777 1411 2937 1466 etiam
2968 1425 3032 1465 ex
3059 1409 3293 1480 Origene
3321 1417 3565 1462 autumat
3583 1407 3849 1462 Eusebius
3878 1407 3951 1471 (b)
3979 1424 3993 1460 :

744 1493 877 1547 Sunt
937 1502 1111 1546 autent
1158 1510 1269 1548 χχιι
1301 1494 1426 1548 libri
1454 1496 1613 1564 qula
1649 1497 1923 1552 llebrteos.
1963 1497 2158 1552 Postea
2184 1513 2312 1552 vero
2338 1497 2480 1567 apud
2510 1499 2770 1553 recutitos
2800 1497 3056 1562 obtinuit,
3085 1508 3144 1551 ut
3185 1512 3249 1552 ex
3277 1497 3504 1564 repetita
3537 1503 3617 1549 ter
3657 1496 3832 1550 littera
3865 1494 3993 1555 Jod.

746 1581 932 1649 viginti
948 1589 1185 1648 quatuor
1205 1592 1646 1649 numerarentur,
1666 1599 1772 1652 quo
1790 1585 1952 1637 etiam
1972 1585 2186 1639 nomine
2203 1586 2321 1637 κατ’
2334 1583 2527 1654 ἐξοχὴν
2541 1583 2810 1653 hodieque
2829 1593 2998 1638 totum
3020 1598 3220 1652 corpus
3239 1582 3494 1636 biblicum
3511 1596 3670 1636 suum
3684 1581 3990 1651 appellant:

741 1670 1058 1724 sicutetiam
1089 1669 1580 1740 apudChristianos
1603 1671 1868 1738 quosdam
1888 1672 2210 1741 interpretes
2237 1672 2548 1740 capiuntur,
2583 1687 2648 1727 ex
2667 1672 3110 1741 interpretatione
3143 1686 3268 1724 xxiv
3295 1667 3574 1723 seniorum
3598 1668 3666 1722 de
3691 1669 3892 1737 quibus
3931 1668 3997 1721 lit

742 1755 945 1810 mentio
966 1755 1019 1809 in
1041 1755 1384 1826 Apocalypsi.
1407 1755 1626 1810 Accedit
1644 1756 2051 1810 nomenclatura
2074 1759 2389 1814 earumdem
2406 1759 2668 1814 librorum
2689 1760 2831 1830 apud
2847 1757 3142 1828 .losephum
3171 1766 3440 1822 nostrum,
3460 1771 3580 1825 qua:
3597 1753 3878 1825 Origenem
3898 1771 3996 1824 po-

740 1845 1014 1898 tissimum
1053 1845 1333 1914 exprimit,
1373 1857 1431 1899 ut
1476 1845 1646 1915 liquet
1664 1861 1727 1900 ex
1777 1862 1834 1900 n.
1879 1847 1978 1912 ‘lO,
2029 1847 2117 1901 ubi
2173 1847 2362 1903 tertius
2394 1855 2729 1917 quartusque
2765 1846 2972 1916 Regum
3018 1844 3360 1915 appellantur
3417 1843 3745 1898 Vamnteleclt
3772 1841 3947 1897 Darid
3974 1858 3996 1897 :

739 1935 884 2005 quod
927 1935 1112 1989 itidem
1155 1936 1207 1990 in
1249 1933 1371 1989 loco
1419 1935 1586 1990 citato
1617 1934 1837 1991 Eusebii
1868 1936 2127 1993 occurrit.

811 2050 900 2104 \‘l.
933 2047 1068 2102 Dum
1104 2046 1376 2118 Josephus
1406 2047 1728 2117 interpretes
1758 2049 2058 2119 Scriptura:
2080 2050 2238 2106 aﬂ'ert
2277 2051 2370 2124 (ε),
2409 2049 2709 2106 Lucianum
2735 2063 2843 2116 non
2879 2055 3292 2110 commemorat,
3324 2045 3480 2116 cujus
3511 2045 3690 2101 versio
3740 2044 3993 2100 Nicome-

739 2139 840 2192 dite
869 2137 1010 2206 apud
1034 2136 1250 2192 Judteos
1276 2137 1376 2190 sub
1398 2135 1757 2190 Constantino
1791 2136 1860 2190 Μ.
1897 2149 2103 2207 reperta
2138 2148 2247 2206 est,
2276 2148 2403 2194 ante
2430 2154 2635 2193 annum
2662 2136 2866 2191 Christi
2888 2135 3014 2200 557,
3047 2147 3157 2203 quo
3174 2133 3572 2187 Constantinus
3601 2130 3728 2187 fatis
3765 2147 3989 2186 conces-

738 2229 830 2280 sit.
858 2224 931 2279 Ea
954 2240 1117 2296 porro
1152 2225 1550 2294 interpretatio,
1577 2233 1714 2280 teste
1741 2222 2072 2296 Hieronymo
2111 2225 2212 2297 (ιι),
2261 2227 2403 2297 apud
2447 2243 2622 2281 omnes
2668 2224 2969 2281 Orientales
3021 2219 3287 2276 Ecclesias
3336 2218 3401 2274 ab
3447 2219 3729 2273 Antiochia
3768 2217 3989 2273 CPolitn

739 2331 898 2385 usque
923 2313 1223 2368 obtinebat.
1255 2310 1356 2366 Vix
1381 2326 1510 2381 ergo
1544 2312 1690 2368 credi
1733 2321 1907 2383 potest
1933 2313 2217 2383 ignorasse
2255 2312 2553 2383 .losephum
2579 2313 2852 2368 celebrem
2874 2311 3009 2366 adeo
3032 2309 3417 2378 vulgatamque
3448 2307 3980 2377 interpretationem,

739 2405 822 2458 sin
853 2403 1034 2456 minus
1064 2401 1248 2457 statim
1281 2400 1351 2456 ab
1386 2399 1608 2455 inventu
1645 2400 1786 2470 ejus,
1822 2409 1968 2455 certe
2000 2410 2287 2471 postquam
2323 2409 2403 2455 tot
2437 2401 2708 2456 Ecelesias
2737 2406 3078 2470 pervaserat,
3109 2398 3156 2452 si
3181 2403 3317 2451 adeo
3341 2395 3429 2450 ille
3456 2409 3578 2449 sero
3617 2393 3894 2448 ﬂoruisset
3931 2402 3992 2446 ut

739 2492 1021 2547 Fabricius
1061 2491 1164 2546 sibi
1190 2491 1322 2546 velle
1355 2489 1586 2545 videtur.
1627 2489 1780 2545 Adde
1809 2490 1959 2544 illum
1986 2490 2146 2546 codd.
2173 2489 2471 2562 Scriptura:
2500 2503 2659 2544 usum
2683 2487 2854 2542 fuisse
2881 2485 3111 2540 nimium
3149 2483 3449 2554 corruptis,
3486 2482 3629 2552 quod
3660 2481 3850 2552 utique
3879 2495 3988 2535 non

741 2581 960 2636 fecisset
985 2588 1107 2650 post
1135 2577 1468 2633 Lucianeam
1518 2577 1834 2632 editionem.
1876 2577 1952 2632 Ex
1983 2579 2068 2634 his
2098 2577 2237 2632 haud
2272 2579 2340 2633 ab
2388 2593 2446 2634 re
2468 2576 2723 2648 scriptori
2760 2583 2950 2631 nostro
2986 2573 3250 2630 saeculum
3297 2577 3553 2641 quartum
3600 2567 3988 2636 assignaveris.

816 2693 920 2747 \‘ll.
961 2692 1333 2748 Coitlirmatur
1358 2692 1475 2746 hate
1509 2692 1685 2746 aetatis
1715 2691 1834 2761 ejus
1859 2691 2065 2762 epoeha
2101 2708 2164 2747 ex
2205 2707 2271 2747 eo
2301 2691 2448 2762 quod
2475 2691 2654 2760 capite
2693 2689 2796 2743 l50
2831 2687 3078 2743 ultimam
3117 2681 3552 2755 persecutionem
3585 2678 3844 2735 Ecclesiae
3867 2678 3986 2731 illa-

726 2795 849 2838 .tazn
880 2790 1278 2836 commemorat
1313 2780 1416 2834 sub
1444 2777 1664 2835 Juliano
1698 2780 1958 2850 Apostata
1991 2782 2312 2849 contigisse,
2336 2779 2590 2834 videlicet
2626 2777 2780 2831 circa
2812 2776 2880 2831 Δ.
2906 2773 2968 2829 C.
2998 2773 3124 2827 562.

814 2891 947 2947 \‘lll.
988 2888 1245 2946 Nonnihil
1271 2889 1436 2944 etiam
1472 2889 1759 2960 scriptoris
1798 2889 1971 2944 nostri
2001 2890 2311 2958 antiquitas
2336 2888 2774 2952 commendatur,
2806 2901 2872 2941 ex
2910 2899 2976 2939 eo
3007 2885 3153 2953 quod
3179 2897 3300 2952 cap.
3359 2880 3462 2936 150
3493 2879 3772 2935 Christttm
3799 2886 3988 2932 natum

741 2982 887 3036 dicat
914 2982 979 3034 A.
1007 2979 1075 3034 Μ.
1105 2977 1268 3042 5500,
1301 2993 1421 3046 quae
1456 2977 1705 3032 videlicet
1731 2986 1816 3033 est
1836 2976 2150 3034 Grazcorum
2177 2994 2287 3033 aera
2314 2977 2576 3034 historica
2603 2974 2873 3039 Africani,
2905 2973 2999 3044 qui
3035 2971 3223 3026 ﬂoruit
3253 2971 3402 3026 circa
3427 2969 3492 3022 A.
3528 2969 3592 3022 C.
3621 2967 3750 3029 220.
3774 2965 3992 3020 eadem-

740 3085 848 3139 que
879 3069 1114 3121 maxime
1143 3067 1288 3120 inter
1313 3064 1660 3120 Christianos
1686 3064 1905 3121 Grzecos
1928 3066 2151 3134 antiqua
2184 3082 2197 3117 :
2230 3082 2394 3136 quam
2433 3073 2669 3119 exeunte
2707 3063 2928 3119 demum
2960 3059 3161 3116 sxeulo
3195 3065 3394 3129 quarto
3415 3057 3518 3113 sub
3549 3054 3861 3111 Theodosio
3893 3054 3992 3107 ad-

742 3159 963 3213 modum
991 3151 1394 3223 lrequentanda
1421 3161 1635 3222 exceptt
1665 3166 1773 3206 aera
1799 3152 1974 3208 civilis
1996 3161 2217 3224 propter
2240 3152 2587 3210 indictiones.

814 3266 905 3322 IX.
941 3264 1093 3320 Adde
1115 3263 1352 3335 denique
1387 3277 1534 3330 eum,
1566 3263 1744 3334 capite
1775 3264 1898 3330 Ml,
1943 3273 2023 3320 tot
2061 3264 2256 3321 aﬂ‘erre
2305 3267 2575 3337 μαντειῶν
2606 3267 2756 3322 varia
2786 3279 2984 3333 genera
3020 3279 3083 3319 ac
3122 3261 3369 3328 nomina,
3407 3269 3469 3316 ut
3508 3274 3630 3316 sese
3661 3258 3985 3327 scriptorem

741 3357 937 3427 prodat
961 3352 1413 3408 manifestissime
1441 3367 1503 3406 ea
1530 3362 1688 3407 tetate
1717 3353 2012 3418 viventem,
2033 3369 2141 3424 qua
2168 3355 2348 3410 adhuc
2372 3355 2734 3411 ethnicismus
2767 3355 2926 3424 longe
2957 3353 3169 3421 lateque
3195 3350 3572 3420 grassabatur,
3598 3356 3653 3402 et
3675 3344 3989 3416 superstitio

747 3445 950 3516 passim
978 3441 1278 3496 obtinebat.
1314 3437 1428 3493 lloc
1452 3439 1522 3495 de
1560 3440 1828 3510 scriptore
1863 3443 2045 3512 quarti
2082 3457 2247 3513 quam
2276 3443 2545 3500 undecimi
2583 3442 2765 3499 saeculi
2790 3440 3129 3513 probabilius
3153 3439 3413 3495 aﬂirmari
3439 3443 3637 3508 potest.

819 3555 886 3608 Χ.
919 3552 1101 3607 Unum
1139 3552 1332 3605 obesse
1355 3548 1588 3612 videtur,
1621 3551 1763 3620 quod
1797 3566 1916 3620 cap.
1965 3550 2085 3606 156.
2126 3551 2475 3624 Hippolytum
2503 3549 2826 3606 Thebanum
2858 3550 3053 3618 alleget
3085 3566 3099 3603 :
3135 3563 3201 3602 cx
3241 3561 3350 3617 quo
3399 3552 3656 3614 appareat
3687 3539 3986 3611 Josephum

746 3644 1043 3698 inclinante
1070 3639 1270 3695 szeculo
1311 3653 1362 3691 χι
1414 3637 1685 3693 ﬂoruisse.
1718 3639 1780 3692 Et
1809 3639 1924 3693 haec
1960 3653 2094 3694 sane
2129 3646 2270 3694 ratio
2294 3649 2399 3704 est,
2429 3656 2549 3712 qua:
2577 3640 2885 3696 Fabricium
2935 3653 2963 3692 a
2993 3637 3174 3692 Cavrei
3202 3637 3468 3690 sententia
3491 3631 3716 3687 divellit.
3749 3629 3819 3684 At
3849 3643 3990 3699 prte-

749 3747 996 3800 lCl‘l]\l:llll
1027 3729 1171 3800 quod
1211 3727 1498 3782 Fabricius
1532 3727 1646 3797 ipse
1673 3729 2041 3784 subodoratus
2065 3739 2147 3784 est
2177 3732 2263 3799 (ε),
2293 3739 2458 3800 caput
2484 3730 2612 3784 illud
2649 3729 2881 3784 fortasse
2904 3724 3293 3782 assumendum
3320 3736 3442 3775 esse
3465 3720 3638 3774 aliena
3673 3732 3837 3772 manu
3860 3718 3985 3770 sub-

747 3825 1031 3892 junctum,
1066 3818 1194 3871 dttm
1229 3817 1303 3869 :tit
1333 3833 1345 3869 :
1375 3813 1434 3868 Si
1469 3823 1626 3883 caput
1657 3814 1761 3869 156
1795 3815 1858 3868 ab
1894 3816 2006 3883 ipso
2044 3827 2259 3871 auclore
2289 3829 2396 3884 est;
2426 3819 2527 3872 alia
2564 3817 2727 3873 etiam
2759 3815 2958 3870 fatetur
2984 3827 3104 3883 qua:
3131 3826 3196 3866 ex
3235 3823 3392 3879 aequo
3433 3805 3726 3861 illiusmodi
3762 3812 3983 3892 senten-

752 3887 884 3965 tiam
919 3919 973 3962 et
999 3904 1324 3977 hypotltesin
1347 3912 1615 3958 evertant.
1658 3902 1735 3957 llli
1765 3903 1909 3958 euint
1947 3905 2172 3973 perinde
2196 3918 2359 3976 atque
2396 3907 2554 3962 nobis
2583 3907 2670 3960 via
2701 3905 2934 3959 ineunda
2966 3909 3133 3966 esset,
3167 3907 3225 3954 ut
3258 3898 3395 3953 ratio
3425 3897 3687 3952 reddatur
3712 3887 3986 3965 quomodo

751 3998 988 4070 potuerit
1018 3993 1339 4048 Theodorus
1369 3989 1806 4056 Cantuariensis,
1844 3991 1937 4060 qui
1969 3991 2107 4046 obiit
2131 4008 2276 4047 anno
2293 3994 2422 4058 690,
2453 3995 2505 4048 itt
2541 3993 2790 4063 Angliam
2827 3991 3038 4062 primus
3061 3987 3314 4043 attulisse
3342 3983 3719 4055 apographunt
3740 3981 3985 4037 hominis

748 4089 841 4158 qui
870 4083 1068 4142 saeculo
1100 4097 1152 4136 χι
1210 4079 1504 4134 inclinante
1535 4076 1782 4134 ﬂorebat.
1819 4079 2090 4150 Quidquid
2121 4080 2206 4136 ille
2237 4081 2602 4151 responderit,
2627 4095 2729 4135 nos
2769 4079 3052 4150 hypothcsl
3087 4083 3288 4132 nostra:
3314 4070 3877 4128 accommodaremus.

819 4195 914 4252 XI.
950 4193 1054 4248 Sed
1089 4205 1276 4247 revera
1314 4200 1477 4260 caput
1509 4189 1639 4243 illud
1673 4204 1793 4242 esse
1818 4205 2029 4244 merum
2062 4189 2494 4246 additamentum
2527 4191 2704 4246 aliena
2739 4205 2905 4244 manu
2938 4195 3189 4243 assntum
3216 4183 3411 4241 exinde
3437 4182 3625 4253 liquet,
3662 4181 3806 4250 quod
3836 4196 3988 4250 supe-

751 4286 879 4343 tiori
909 4286 1016 4355 jam
1039 4297 1164 4352 cap.
1195 4280 1320 4335 155.
1342 4277 1612 4334 'Joanncm
1646 4288 1699 4332 et
1732 4277 2052 4332 Zachariam
2085 4293 2238 4332 more
2277 4293 2375 4334 suo
2405 4277 2916 4333 commemoraverit
2955 4295 2968 4330 :
3003 4272 3344 4331 brevissimis
3377 4286 3572 4340 nempe
3601 4270 3784 4324 verbis
3807 4279 3859 4324 et
3892 4285 3987 4339 per

752 4371 1274 4441 interrogationem;
1312 4367 1399 4421 hic
1431 4381 1561 4420 vero
1599 4373 1806 4419 mutata
1844 4365 2168 4435 epigraphes
2205 4380 2366 4420 scena
2421 4374 2474 4419 et
2502 4366 2710 4419 ratione
2739 4364 2977 4426 dicendi,
3005 4362 3325 4416 historicum
3360 4357 3823 4427 apospasmatium
3859 4371 3985 4441 pro-

749 4463 876 4516 lixis
895 4439 985 4515 sui
1011 4457 1252 4512 auctoris
1284 4454 1467 4509 verbis
1501 4453 1747 4508 aﬂertttr.
1774 4453 1885 4506 lloc
1915 4453 2212 4508 discrimen
2243 4460 2623 4507 assttmentum
2655 4451 2786 4505 illud
2807 4466 2930 4506 esse
2959 4449 3175 4504 abunde
3202 4446 3422 4516 prodit:
3449 4443 3724 4512 simulque
3751 4439 3988 4495 ostendit

752 4562 967 4617 tempus
995 4543 1254 4613 descripti
1296 4542 1440 4596 illius
1471 4541 1698 4606 codicis,
1727 4548 1780 4595 et
1807 4540 1966 4609 cujus
1994 4541 2171 4595 aetatis
2203 4540 2419 4595 codices
2462 4538 2868 4608 suppeditarint
2899 4537 3260 4606 fragmentum
3305 4530 3434 4587 illud
3467 4529 3707 4600 Josepho
3755 4526 3988 4598 subjun-

745 4650 915 4704 Clum,
937 4633 1129 4691 stecnli
1164 4645 1355 4701 nempe
1394 4645 1425 4683 χ
1465 4639 1524 4684 ιιι
1549 4629 1840 4684 ernerus
1865 4630 1919 4683 in
1950 4629 2099 4698 praef.
2122 4644 2152 4683 a
2181 4627 2430 4682 Fabricio
2463 4627 2720 4696 allegatus
2751 4624 3019 4696 perhibet.

824 4747 934 4802 ΧΠ.
958 4744 1034 4798 Es
1050 4744 1118 4798 iis
1131 4756 1252 4812 qua:
1271 4741 1551 4795 attulimus
1569 4740 2138 4795 animadversionibus
2159 4737 2526 4802 eum'nostris,
2552 4747 2663 4792 tum
2686 4737 2926 4790 virorum
2945 4733 3304 4796 eruditorum,
3320 4729 3525 4800 liquido
3549 4735 3794 4798 apparet,
3815 4742 3912 4781 nos
3933 4727 3984 4790 in

749 4854 866 4889 eam
897 4831 1228 4888 sententiam
1279 4844 1451 4898 pret-.0
1495 4831 1678 4884 animo
1715 4829 1984 4893 inclinari,
2023 4843 2145 4898 qua:
2189 4825 2488 4896 Josephum
2522 4827 2666 4883 hunc
2710 4825 3086 4881 Christianum
3117 4821 3388 4876 mediante
3416 4818 3615 4874 szeculo
3648 4825 3847 4888 quarto
3885 4816 3985 4871 ﬂo-

752 4925 928 4978 ruisse
956 4920 1233 4989 opinatur.
1259 4916 1325 4971 At
1349 4917 1599 4986 quisnam
1637 4917 1683 4972 is
1706 4915 1896 4980 fuerit,
1925 4917 2083 4985 longe
2114 4915 2294 4971 adhuc
2317 4916 2587 4972 diﬂicilior
2616 4927 2671 4972 et
2701 4915 3014 4986 impeditior
3043 4911 3274 4983 quaestio
3301 4920 3402 4964 est.
3437 4907 3659 4963 Cavzetts
3689 4909 3809 4962 loco
3831 4923 3986 4975 supe-

751 5016 862 5064 tius
877 5008 1113 5062 excitato
1131 5006 1347 5061 scribit:
1378 5004 1524 5075 Swpe
1547 5005 1670 5058 olint
1687 5005 1988 5072 suspicatus
2011 5020 2124 5058 sunt
2155 5003 2290 5058 hunc
2305 5022 2403 5058 non
2422 5005 2586 5058 alium
2606 4997 3421 5074 fuisse,quamlosephumillunt
3438 4996 3984 5064 Tiberiadensem,qui

747 5117 811 5154 cr.
840 5098 1149 5150 Judazorunt
1184 5093 1443 5164 apostolo,
1472 5110 1561 5146 seu
1595 5109 1856 5148 assessore
1879 5093 2265 5159 patriarchali,
2294 5094 2468 5162 factus
2501 5103 2578 5147 est
2613 5093 2979 5155 Christianus,
3019 5099 3069 5144 et
3104 5107 3134 5142 a
3168 5087 3517 5142 Constantino
3567 5083 3642 5138 Μ.
3675 5083 3744 5136 ad
3776 5083 3981 5138 comitis

748 5187 1059 5256 dignitatem
1089 5192 1310 5235 erectus.
1344 5181 1422 5235 De
1449 5182 1599 5250 cujus
1631 5183 1961 5234 conversione
1994 5192 2043 5235 et
2077 5183 2295 5251 egregiis
2333 5199 2454 5253 erga
2499 5181 2789 5235 Ecclesium
2819 5179 3022 5232 meritis
3055 5178 3188 5229 mira
3215 5176 3391 5244 plane,
3430 5183 3586 5242 atque
3615 5171 3747 5224 satis
3779 5170 3982 5237 prolixe

749 5282 933 5326 ttat'ral
969 5269 1296 5340 Epiphanius
1333 5270 1422 5340 (Γ).
1466 5271 1506 5322 Δ
1552 5284 1649 5324 sua
1681 5278 1860 5323 tamen
1897 5270 2166 5324 sententia
2203 5271 2426 5324 recessit
2459 5269 2520 5323 ν.
2555 5267 2616 5322 C.
2653 5269 2753 5322 hac
2785 5267 3038 5322 inductus
3063 5263 3501 5319 ratiocinatione.
3528 5257 3675 5315 Obiit
3709 5259 3981 5314 Constan-

751 5363 897 5415 tinus
921 5359 991 5414 bl.
1017 5374 1160 5411 anno
1198 5358 1323 5423 557,
1355 5368 1477 5410 ante
1501 5371 1661 5426 quem
1690 5367 1839 5410 certe
1864 5356 1928 5409 ad
1952 5357 2168 5411 comitis
2198 5356 2516 5426 dignitatem
2547 5356 2747 5426 Joseph
2767 5357 2856 5410 ille
2879 5354 3214 5409 Tiberiensis
3244 5352 3399 5406 evehi
3427 5351 3634 5406 debuit.
3662 5348 3795 5404 Cum
3815 5359 3982 5416 porro

747 5450 839 5504 ille
879 5447 1178 5517 penultimo
1216 5445 1334 5499 loco
1366 5443 1813 5500 Macedonianam
1861 5444 2109 5500 haeresim
2143 5456 2554 5510 commemoret,
2603 5444 3062 5513 llacedoniusque
3114 5440 3310 5495 ohierit
3349 5454 3441 5495 an.
3477 5438 3611 5502 560,
3651 5451 3713 5491 ac
3758 5431 3984 5490 haeresis

814 5682 890 5752 (rt)
927 5682 1108 5754 ιλιι-ι,
1147 5696 1312 5738 contr.
1345 5683 1566 5752 Appian.
2493 5685 2572 5754 (ά)
2612 5683 2670 5737 1η
2697 5682 2848 5754 apol.
2875 5681 2997 5754 adv.
3033 5679 3213 5754 Rufin.

818 5745 893 5820 ib)
936 5754 1002 5804 υ.
1037 5745 1105 5804 E.
1136 5754 1224 5804 un.
1257 5771 1326 5817 γι,
1358 5745 1530 5809 ρξἐι.
2490 5769 2495 5811 ι

2490 5745 2565 5823 (ei
2590 5755 2649 5806 li.
2681 5745 2754 5806 (ἐξ
2779 5750 3016 5823 ιοιιι.ίΧ,
3043 5767 3161 5820 pag.
3195 5749 3310 5804 l09.

816 5819 889 5895 (ε)
920 5823 1048 5894 Cull-
1078 5823 1196 5877 122-
2490 5819 2557 5894 (ί)
2591 5825 2667 5878 Ad
2699 5823 2891 5878 lihion.
2919 5819 3053 5876 ll-‘L‘l‘.
3085 5836 3215 5888 xxx,
3245 5834 3396 5873 num.
3427 5819 3457 5873 4
3480 5832 3634 5888 seqq.
