4248 6438
305 414 371 477 l3
1777 406 2105 465 NOTITIA.
3491 403 3565 468 ιι

304 526 451 579 illius
479 522 741 577 damnata
774 520 990 575 demum
1028 518 1191 572 fuerit
1224 533 1314 573 an.
1344 517 1472 583 ’58I,
1494 517 1547 571 in
1580 516 1789 586 synodo
1817 516 2155 570 mcumeuica
2191 518 2425 570 secunda
2467 536 2478 571 :
2520 520 2602 571 vix
2633 519 2783 573 credi
2842 531 3020 590 potest
3048 520 3399 587 superstitem
3426 528 3557 576 tunc

304 613 482 665 adhuc
509 610 677 663 fuisse
718 607 1013 676 Iosepbum
1056 615 1328 669 nostrum,
1376 606 1469 674 qui
1506 618 1651 658 anno
1689 603 1801 672 jam
1849 602 1982 665 555,
2016 619 2123 672 quo
2161 602 2499 671 Epiphanius
2546 606 2688 660 aedes
2732 608 2879 662 illius
2926 609 3061 662 adiit
3106 608 3169 661 ad
3209 606 3555 661 invisendum

306 699 603 753 Eusebium
635 696 1036 751 Vercellensem
1069 694 1210 762 apud
1239 694 1390 747 illum
1415 692 1804 761 hospitantem,
1831 690 2102 760 decrepita
2128 692 2241 761 jam
2277 704 2393 747 erat
2419 705 2595 755 aetate,
2626 710 2800 750 annos
2827 704 2990 750 natus
3019 696 3238 749 circiter
3270 694 3360 749 70.
3400 694 3560 748 Fuis-

304 796 388 841 set
415 786 561 839 enim
591 786 809 854 quando
845 782 1137 835 damnatus
1168 791 1250 835 est
1288 780 1637 835 Macedonius
1670 793 1938 833 annorum
1977 780 2194 835 circiter
2233 780 2323 834 96.
2356 782 2505 837 Adde
2532 785 2805 838 recenseri
2838 784 2907 839 ab
2940 784 3032 838 illo
3061 784 3252 837 ultimo
3292 784 3411 838 loco
3443 784 3557 835 An-

310 872 823 942 tliropomorphitas
854 870 1163 932 haereticos,
1198 883 1431 937 quorum
1464 868 1659 938 placita
1696 868 1836 921 inter
1871 868 2170 922 monachos
2200 868 2385 923 Nitriae
2410 868 2699 925 fervebant
2735 872 2970 926 maxime
3005 886 3147 925 anno
3168 872 3291 926 399.
3320 870 3446 925 Haec
3479 885 3563 924 ra-

308 962 533 1016 tiocinia
581 962 860 1014 hominem
904 960 1179 1013 eruditum
1216 958 1600 1010 deterruerunt
1630 970 1657 1008 a
1702 954 1874 1023 priori
1915 956 2204 1018 sententia,
2243 967 2646 1027 suaseruntquc
2683 969 2935 1030 reputare
2967 957 3265 1028 Iosephum
3300 968 3549 1012 nostrum

306 1052 477 1104 alium
506 1064 537 1103 a
571 1047 878 1102 'I'ibcricnsi
912 1046 1218 1115 Epiphanio
1248 1044 1350 1114 ipsi
1382 1051 1889 1098 commemoratum.

380 1159 522 1214 XIII.
568 1158 699 1221 Sed,
736 1166 793 1213 ut
823 1158 966 1226 quod
1000 1171 1113 1210 rem
1148 1170 1271 1209 esse
1309 1162 1461 1224 puto,
1496 1152 1653 1207 fateri
1684 1151 1844 1207 velim
1897 1153 2010 1209 haec
2048 1166 2367 1225 argumenta
2399 1158 2540 1227 apud
2575 1172 2658 1211 me
2688 1159 2821 1211 tanti
2860 1172 2965 1211 non
3000 1166 3147 1220 sunt,
3176 1164 3235 1209 ut
3261 1154 3561 1226 Iosephum

307 1247 693 1304 Christianum
738 1260 767 1298 a
799 1244 1103 1299 Tiberiensi
1147 1258 1435 1297 secernere
1470 1256 1654 1308 cogar.
1700 1239 1897 1294 Fateor
1936 1257 2025 1297 an.
2071 1244 2293 1299 demum
2347 1246 2443 1299 581
2496 1246 2811 1299 damnatam
2846 1244 3461 1311 haeresimMacedonii;
3494 1260 3563 1299 an

308 1336 538 1405 proinde
567 1344 695 1388 ante
717 1348 921 1387 annum
950 1331 1101 1385 illum
1136 1340 1391 1399 tanquam
1430 1328 1671 1383 haeretici
1707 1327 1935 1397 produci
1964 1342 2072 1381 non
2103 1340 2399 1398 potuerunt
2432 1346 2697 1398 sequaces
2722 1330 2902 1383 illius?
2930 1329 3182 1383 Concedo
3206 1330 3345 1384 inter
3374 1344 3563 1383 mona-

305 1426 444 1481 chos
468 1424 659 1477 Nitriae
687 1430 1016 1492 grassatam,
1052 1434 1197 1473 anno
1244 1417 1479 1471 maxime
1516 1415 1642 1478 599,
1692 1415 2366 1485 Anthropomorphiticam
2396 1418 2680 1482 haeresim;
2730 1433 2909 1471 annon
2980 1417 3211 1486 proinde
3247 1428 3371 1472 autc
3405 1418 3558 1472 illum

311 1527 515 1566 annum
556 1512 700 1565 inter
729 1508 1020 1564 haereticos
1059 1506 1270 1562 censeri
1315 1512 1636 1575 potuerunt,
1662 1518 1785 1559 cum
1825 1503 2125 1572 prmsertim
2168 1504 2497 1558 haberentur
2524 1520 2620 1573 pro
2671 1506 2887 1559 sarculo
2930 1504 3371 1569 Manichaeorum,
3403 1515 3457 1559 et
3490 1508 3557 1560 ab

311 1602 633 1656 orthodoxis
658 1603 999 1656 evitarentur
1022 1598 1207 1653 statim
1242 1596 1312 1651 ah
1347 1595 1520 1650 Audei
1553 1595 1731 1659 obitu,
1759 1594 1852 1661 qui
1882 1599 2131 1646 mortuus
2157 1598 2242 1644 est
2275 1607 2363 1644 an.
2394 1591 2541 1645 570?
2574 1592 2735 1657 Quid,
2764 1593 2911 1662 quod
2938 1592 3347 1648 Macedonianm
3370 1603 3424 1646 et
3448 1595 3556 1648 An-

312 1688 850 1757 throliomorphiticae
888 1686 1117 1739 haeresis
1147 1682 1599 1738 commemoratio
1627 1682 2059 1734 additamentum
2091 1692 2211 1731 esse
2235 1688 2433 1744 potest,
2471 1679 2615 1747 quod
2650 1694 2714 1732 ex
2746 1681 2995 1749 margine
3033 1680 3085 1734 in
3131 1688 3339 1734 textum
3382 1680 3562 1733 immi-

313 1777 505 1845 grarit,
546 1775 692 1843 quod
727 1774 855 1827 item
880 1773 945 1827 de
980 1772 1172 1827 limresi
1207 1768 1707 1841 ’Λνορωπολατρῶν
1731 1766 1992 1838 judicium
2024 1765 2135 1819 ﬁeri
2174 1775 2373 1834 queat,
2422 1766 2466 1819 si
2508 1766 2725 1834 quidem
2764 1767 2865 1821 sub
2889 1784 2954 1822 eo
2986 1768 3209 1822 nomine
3252 1765 3564 1824 Nestoriani

312 1864 576 1920 veniunt?

382 1970 525 2026 XIV.
552 1970 737 2040 Neque
757 1970 923 2023 etiam
953 1969 1227 2023 hominem
1263 1966 1330 2022 ad
1364 1983 1457 2021 sex
1489 1975 1542 2020 et
1574 1965 1870 2035 nonaginta
1897 1963 2075 2018 astatis
2097 1977 2269 2017 annos
2296 1978 2457 2032 posse
2479 1965 2761 2032 pervenire
2787 1966 3104 2023 incredibile
3126 1968 3419 2024 admodum
3445 1979 3527 2025 est
3552 1989 3566 2025 :

316 2060 620 2131 praesertim
652 2074 774 2113 cum
818 2057 1156 2126 Epiphanius
1185 2054 1329 2110 idem
1365 2055 1453 2109 ille
1482 2056 1598 2123 ipse
1631 2054 1837 2107 amicus
1860 2062 1915 2105 et
1950 2051 2149 2118 hospes
2179 2047 2399 2118 Iosephi
2437 2049 2794 2118 Tiberiensis,
2824 2056 3045 2122 quando
3069 2057 3237 2111 cessit
3266 2056 3425 2112 CPoli
3468 2058 3570 2113 sub

313 2147 569 2211 Arcadio,
601 2156 762 2200 natus
796 2154 947 2199 esset
987 2159 1163 2198 annos
1200 2142 1298 2195 115
1340 2157 1405 2197 ac
1430 2156 1649 2195 menses
1686 2150 1821 2200 tres,
1870 2148 1927 2192 ut
1970 2148 2123 2193 notat
2151 2138 2291 2193 idem
2327 2138 2556 2193 Cavazus
2598 2140 2652 2192 iu
2688 2141 2777 2195 illo
2806 2142 2905 2211 (a).
2938 2142 3072 2198 Cum
3098 2160 3262 2214 porro
3290 2162 3395 2201 non
3428 2148 3571 2204 alius

317 2236 625 2291 innotescat
661 2249 757 2303 per
795 2247 858 2286 ea
888 2242 1130 2301 tempora
1182 2231 1269 2286 cui
1314 2230 1508 2285 melius
1534 2238 1802 2299 congruat
1826 2226 2314 2298 hypomnesticon,
2354 2241 2519 2297 quam
2552 2225 2829 2298 Iosephus
2865 2231 2955 2286 ille
2990 2232 3353 2299 Tiberieusis,
3383 2250 3485 2291 nos
3516 2236 3569 2290 in

317 2322 421 2377 hac
451 2333 607 2392 parte
638 2322 709 2381 1s.
738 2319 994 2376 Vossium
1020 2319 1327 2389 sequimur,
1357 2318 1448 2387 qui
1480 2326 1723 2372 nostrum
1756 2314 2052 2385 Iosephum
2082 2329 2113 2368 a
2148 2314 2458 2371 Tiberiensi
2496 2316 2583 2369 ille
2617 2331 2723 2371 non
2743 2317 3025 2374 discernit.

388 2432 506 2487 XV.
549 2433 705 2488 Ilunc
724 2433 826 2489 sub
862 2431 1083 2502 Iosephi
1124 2432 1343 2487 comitis
1370 2430 1588 2485 nomine
1614 2428 1774 2498 vulgo
1808 2428 2050 2499 agnosci,
2081 2437 2137 2481 et
2170 2427 2312 2481 inter
2331 2440 2552 2485 sanctos
2588 2429 2816 2485 relatum
2839 2446 3006 2486 essea
3031 2432 3234 2490 Grazcis
3259 2432 3577 2506 Latinisque

316 2531 555 2587 constat,
582 2521 741 2592 cujus
772 2519 1281 2575 counnen'torationi
1311 2520 1584 2587 assignato
1607 2517 1723 2571 dies
1746 2515 1817 2569 2?.
1871 2514 1999 2570 Iulii
2033 2515 2128 2588 (b).
2170 2516 2241 2571 Ex
2276 2517 2775 2590 ipsometIosepho
2794 2520 2983 2577 didicit
3011 2521 3132 2591 ejus
3160 2524 3326 2578 vitam
3359 2522 3418 2579 S.
3442 2524 3575 2595 Epi..

317 2611 577 2683 phauius,
612 2622 666 2665 ct
700 2612 751 2664 in
789 2627 889 2665 suo
924 2610 1165 2662 Pauario
1193 2607 1389 2672 refert,
1431 2622 1495 2661 ex
1532 2622 1645 2675 quo
1677 2605 1857 2660 caueri
1883 2606 2212 2671 hauserunt,
2239 2604 2459 2677 Fleury,
2490 2606 2704 2671 Baillet,
2730 2618 2837 2665 etc.
2862 2609 3088 2665 Summa
3118 2626 3183 2665 eo
3211 2613 3371 2667 redit.
3404 2610 3577 2667 Natus

316 2711 403 2756 est
430 2698 698 2769 Iosephus
725 2700 792 2753 A.
818 2698 881 2753 C.
912 2698 1043 2761 286,
1067 2698 1359 2752 Tiberiade
1395 2696 1617 2749 civitate
1643 2694 1965 2755 Palaestinae.
2001 2709 2068 2749 ex
2099 2693 2297 2747 illustri
2343 2694 2485 2748 inter
2519 2693 2737 2751 Iudaeos
2784 2696 3027 2762 familia,
3066 2700 3410 2770 apostolique
3432 2704 3575 2771 apud

318 2804 511 2843 eorum
560 2788 925 2856 patriarcbam
967 2786 1215 2841 Hillelem
1262 2799 1475 2839 munus
1526 2783 1732 2838 obibat.
1771 2782 1904 2837 Cum
1941 2782 1995 2836 in
2042 2782 2428 2850 gravissimum
2461 2783 2713 2839 morbum
2760 2786 3042 2842 incidisset
3071 2786 3253 2854 IIiIlel,
3285 2788 3577 2845 accersivit

325 2878 565 2933 vicinum
598 2874 907 2930 Tiberiadis
937 2874 1276 2943 episcopum,
1306 2888 1335 2926 a
1363 2886 1472 2942 quo
1500 2870 1751 2925 sanitatis
1783 2870 2009 2925 obtentu
2046 2871 2375 2938 baptismum
2410 2873 2637 2944 recepit.
2675 2874 2729 2930 Id
2765 2876 2903 2930 clam
2933 2878 3248 2934 observavit
3276 2878 3575 2950 Iosephus,

323 2967 419 3034 qui
446 2966 612 3020 etiam
650 2966 786 3020 vidit
819 2964 975 3020 HilleI
1014 2963 1157 3018 haud
1188 2978 1409 3034 parvam
1441 2960 1562 3015 auri
1604 2961 1710 3013 vim
1755 2960 1971 3014 dedisse
1999 2960 2277 3027 episcopo.
2324 2969 2382 3013 ut
2426 2976 2525 3028 pro
2556 2976 2615 3015 se
2650 2962 2981 3019 oblationem
3022 2966 3245 3022 faceret.
3280 2967 3453 3026 Biduo
3483 2972 3580 3027 tri-

323 3058 503 3110 duove
534 3066 680 3125 post,
709 3058 817 3109 vita
842 3053 1029 3108 functo
1050 3051 1259 3116 Hillele,
1290 3062 1573 3123 parentem
1610 3048 1761 3103 illum
1796 3062 1957 3102 suum
1979 3047 2032 3100 in
2070 3045 2419 3116 patriarchali
2454 3047 2720 3118 dignitate
2757 3048 2925 3105 Iudas
2958 3051 3105 3107 ﬁlius
3140 3054 3583 3114 adolescentulus

322 3144 556 3214 excepit.
587 3143 795 3198 Interea
825 3141 1026 3212 Ioseph
1050 3151 1103 3196 et
1128 3141 1349 3195 tutelam
1380 3141 1533 3210 pueri
1572 3148 1626 3192 et
1652 3135 2188 3191 administrationem
2230 3135 2676 3203 patriarchalium
2720 3154 3006 3193 munerum
3047 3143 3253 3198 obibat.
3297 3143 3373 3197 Ex
3402 3161 3469 3199 eo
3494 3146 3582 3201 fa-

324 3240 468 3284 ctum
494 3241 597 3292 est,
637 3240 695 3284 ut
736 3245 831 3299 spe
868 3228 1211 3283 invenienda:
1250 3242 1463 3299 magna:
1510 3225 1751 3293 pecunia:
1791 3223 2233 3295 gazophylacium
2271 3222 2589 3279 Tiberiensc
2629 3226 2884 3295 aperiret,
2931 3243 3029 3282 nec
3061 3237 3245 3284 tamen
3276 3233 3382 3287 nisi
3411 3233 3580 3290 libros

324 3319 589 3387 repererit
620 3336 632 3372 :
668 3318 809 3372 inter
841 3332 980 3387 quos
1010 3315 1237 3369 Joannis
1272 3314 1623 3386 Evangeliuin
1662 3322 1715 3368 ct
1754 3312 1889 3366 Acta
1921 3312 2299 3379 apostolorum
2340 3310 2607 3367 Hebraice
2648 3314 2941 3385 descripta.
2968 3316 3102 3371 Cum
3140 3318 3307 3375 Iudas
3334 3322 3389 3375 in
3418 3338 3581 3379 omne

326 3406 541 3463 facinus
564 3406 902 3477 profligatus,
925 3405 1161 3460 evidenti
1184 3405 1271 3459 Dei
1297 3405 1537 3475 potentia
1560 3403 1705 3473 turpi
1728 3401 2145 3473 spececidisset,
2164 3396 2384 3469 Iosephi
2404 3401 2649 3454 animum
2672 3417 2757 3456 res
2786 3402 2876 3456 illa
2898 3420 3069 3474 usque
3088 3406 3224 3460 adeo
3242 3408 3493 3476 perculit,
3523 3421 3584 3463 ut

326 3496 549 3566 quietus
604 3510 881 3562 nunquam
916 3495 1261 3548 consisteret.
1293 3493 1385 3547 Dei
1417 3494 1578 3547 etiam
1606 3492 1816 3545 monitu
1838 3489 2039 3560 saepius
2062 3496 2291 3543 vocatus
2323 3498 2381 3541 ut
2408 3489 2462 3542 in
2486 3488 2764 3545 Christum
2802 3491 3074 3559 crederet;
3111 3495 3328 3550 tandem
3359 3512 3584 3567 asperso

324 3597 692 3652 energumeno
729 3597 869 3651 aqua
891 3582 1045 3651 signo
1069 3582 1249 3636 crucis
1282 3598 1311 3635 a
1350 3596 1408 3635 se
1442 3582 1727 3635 benedicta
1759 3579 1825 3633 ad
1870 3577 2173 3648 perieulum
2211 3576 2331 3629 ﬁdei
2365 3577 2715 3646 capiendum,
2742 3581 2811 3635 ab
2841 3596 3019 3650 eoque
3042 3582 3289 3639 daemone
3322 3586 3575 3655 expulso,

323 3672 649 3740 vulgatoque
674 3686 772 3739 per
797 3668 985 3723 urbem
1018 3668 1321 3735 miraculo;
1364 3670 1509 3739 quod
1552 3678 1734 3722 tamen
1773 3666 1943 3721 Iudaei
1985 3672 2247 3735 putarunt
2279 3664 2430 3717 illum
2476 3675 2825 3736 perpetrasse
2860 3686 2925 3723 ex
2970 3673 3420 3739 pronuntiatione
3451 3684 3505 3729 et
3535 3677 3585 3730 vi

326 3757 563 3813 nominis
592 3756 1056 3825 tetragrammati;
1081 3754 1317 3825 Spiritus
1341 3756 1513 3811 sancti
1545 3755 1780 3825 impulsu
1798 3753 2023 3825 pronius
2040 3754 2107 3808 ad
2127 3753 2285 3808 ﬁdem
2303 3754 2551 3810 animum
2573 3757 2861 3812 inclinavit
2884 3778 2895 3813 :
2926 3770 3217 3817 nectamen
3242 3762 3348 3818 nisi
3380 3764 3590 3836 aliquot

324 3856 447 3915 post
478 3860 650 3899 annos
681 3844 948 3914 baptizari
984 3858 1102 3898 sese
1130 3858 1323 3911 passus
1348 3852 1452 3897 est.

394 3960 533 4014 XVI.
555 3962 761 4015 Interea
784 3976 909 4015 cum
940 3959 993 4013 in
1024 3958 1268 4014 Ciliciam
1296 3959 1537 4013 venisset
1562 3973 1628 4012 ex
1648 3974 1871 4013 munere
1901 3958 1983 4013 sui
2023 3958 2235 4015 Iudaici
2256 3962 2621 4031 apostolatus,
2641 3962 2711 4017 ab
2739 3962 2997 4033 episcopo
3029 3963 3267 4019 civitatis
3301 3965 3588 4036 cujusdam

326 4050 617 4119 Evangelia
650 4048 873 4118 legenda
899 4048 1132 4115 accepit.
1162 4044 1404 4101 Vexatus
1433 4061 1463 4100 a
1492 4048 1606 4102 suis
1641 4047 1706 4101 ad
1751 4047 2172 4101 Constantinum
2204 4048 2271 4101 Μ.
2306 4065 2362 4103 se
2387 4051 2616 4121 recepit,
2640 4066 2669 4105 a
2690 4066 2801 4121 quo
2833 4052 3054 4107 comitis
3082 4053 3405 4123 dignitatem
3433 4057 3581 4109 obti-

325 4141 466 4205 nuit,
496 4156 559 4194 ac
592 4142 801 4194 veniam
829 4149 1089 4209 praeterea
1131 4136 1575 4192 aadiﬁcandorum
1604 4137 1957 4205 templorum.
1991 4137 2149 4191 Anno
2174 4138 2279 4191 553
2314 4138 2613 4193 Eusebium
2634 4140 3042 4195 Vercellensem
3070 4142 3267 4196 exsilio
3293 4142 3587 4216 profugum

326 4229 381 4282 in
405 4231 548 4283 aedes
580 4245 707 4283 suas
733 4228 958 4298 recepit,
986 4228 1051 4281 ad
1079 4242 1242 4296 quem
1272 4226 1614 4279 invisendum
1641 4226 1889 4295 sequenti
1916 4240 2061 4279 anno
2097 4225 2202 4279 556
2238 4227 2525 4280 ventitavit
2567 4225 2623 4280 S.
2655 4228 3018 4296 Epiphanius.
3042 4229 3172 4284 Erat
3205 4238 3334 4284 tunc
3360 4229 3585 4300 IoSeph.

327 4318 499 4371 relatu
532 4316 588 4372 S.
624 4315 893 4378 Doctoris,
920 4330 1095 4369 annos
1154 4323 1318 4368 natus
1351 4314 1445 4379 70;
1480 4329 1651 4383 quare
1686 4324 1740 4368 et
1766 4314 1997 4368 natalem
2036 4313 2159 4381 ejus
2197 4314 2262 4365 ad
2299 4329 2502 4368 annum
2535 4315 2983 4385 eonsignavimus
3019 4316 3149 4371 286.
3182 4316 3347 4373 Beato
3370 4319 3589 4374 tandem

328 4407 435 4461 ﬁne
462 4405 742 4476 quievisse
767 4420 832 4459 cx
862 4418 926 4459 eo
963 4403 1267 4467 erudimur,
1291 4404 1434 4472 quod
1465 4403 1606 4456 inter
1634 4412 1854 4456 sanctos
1880 4402 1947 4455 ab
1967 4402 2206 4457 Ecclesia
2239 4404 2426 4458 referri
2454 4405 2722 4459 videatur.

401 4510 561 4565 XVII.
586 4511 773 4566 Editus
803 4520 885 4565 est
913 4511 1148 4580 printum
1175 4507 1394 4578 Iosephi
1414 4507 1646 4562 Libellus
1676 4509 1993 4561 memorialis
2017 4526 2045 4562 a
2071 4509 2323 4566 Fabricio
2355 4514 2407 4566 in
2443 4511 2574 4566 Cod.
2608 4512 2866 4584 Pseudep.
2908 4514 3107 4571 Veteris
3138 4516 3454 4572 Testamenli
3478 4520 3547 4590 (ε)
3575 4541 3587 4574 :

326 4603 472 4655 unde
512 4609 566 4655 et
603 4616 702 4653 nos
736 4600 1073 4668 accepimus.
1098 4598 1416 4654 Vcrsionem
1444 4608 1626 4653 tamen
1658 4608 1900 4652 nostram
1921 4598 2314 4653 adornavimus
2341 4600 2411 4654 ob
2446 4600 2714 4656 rationem
2736 4603 2863 4655 alibi
2895 4618 3037 4672 saepe
3060 4611 3591 4660 commemoratam:

326 4699 491 4759 atque
524 4689 601 4743 sic
637 4696 843 4741 textum
888 4687 1035 4741 illius
1066 4686 1467 4749 ordinavimus,
1502 4696 1560 4739 ut
1588 4686 1851 4740 lectorum
1890 4686 2182 4740 commodo
2216 4685 2452 4738 maxime
2498 4687 2913 4743 inserviremus.
2952 4688 2999 4743 Is
3026 4691 3342 4761 quicunque
3365 4694 3587 4747 demum

327 4775 515 4840 fuerit,
545 4784 639 4829 aut
665 4790 995 4845 quacunque
1018 4775 1235 4829 tandem
1264 4784 1422 4829 astate
1444 4774 1663 4836 vixerit,
1694 4774 1910 4829 erudita
1947 4774 2117 4827 multa
2148 4774 2304 4827 nobis
2336 4775 2648 4844 suppeditat
2670 4776 2797 4831 alibi
2827 4779 3060 4833 fortasse
3092 4796 3201 4833 non
3239 4780 3589 4836 invenienda.

330 4862 551 4917 Utinam
587 4864 652 4917 ad
682 4878 783 4917 nos
819 4864 1031 4931 integer
1066 4862 1436 4931 pervenisset!
1472 4870 1564 4915 aut
1585 4860 1782 4931 aliquis
1811 4861 1895 4915 vir
1923 4861 2116 4917 doctus
2158 4872 2212 4916 et
2241 4861 2445 4919 laboris
2471 4864 2686 4932 patiens
2709 4866 2878 4921 simili
2909 4877 3107 4923 conatu
3133 4868 3405 4937 jacturam
3433 4870 3595 4926 nobis

337 4962 653 5007 I'CSIII'CII'CI.

405 5148 479 5214 ίη)
512 5148 637 5217 Pag.
672 5146 794 5202 ll7.

403 5211 483 5291 (δ)
523 5218 735 5274 Βιιίιιρι.

781 5186 794 5202 .
2082 5148 2153 5217 (c)
2179 5145 2305 5219 Pag.
2336 5147 2458 5201 357.

569 5235 735 5274 ’JIIICI.
