4248 6438
243 340 310 402 91
1393 348 1762 406 LIBELLUS
1800 347 2293 406 MEMORIALIS.

3416 340 3498 402 22

244 455 491 508 ΚΕΦΑᾹ.
641 484 710 528 έ
748 455 906 528 Τίνες
938 454 989 509 οἱ
1038 456 1105 509 ἐκ
1139 455 1242 508 τοῦ
1284 457 1428 528 Κιὶῖν·
1480 459 1809 528 γενόμενοι,
1838 455 1921 516 At

1838 455 1890 516 Λ
1913 456 2064 512 CAP.
2092 458 2180 512 III.
2209 489 2278 498 --
2302 456 2532 522 Quinam
2556 472 2620 509 ex
2648 455 2781 510 Cain
2807 455 2920 507 nati
2950 461 3071 528 sunt
3098 456 3162 506 ab
3190 452 3392 524 origine
3417 454 3489 507 ad

488 525 584 577 καὶ
616 527 702 590 εὶς
735 526 994 594 ἐσδόμην
1016 528 1228 593 γενεὰν
1252 527 1564 581 ἀνέκαθεν.

310 657 380 712 α’.
415 657 576 722 Κάῖν,
626 657 668 728 β’
717 658 909 728 Ἑνὼχ,
938 657 984 727 γ’
1019 660 1274 724 Γαῖαδὰδ,
1311 661 1352 712 δ’
1382 661 1587 732 Μαῖὴλ,
1620 659 1660 713 ε’
1696 661 1816 714 Μα-

240 750 496 814 Θουσάὶα,
533 749 584 814 ς’
617 751 828 820 Λάμεχ.
863 750 906 814 ζ’
931 751 1121 822 Ἰωϐὴλ
1145 752 1238 804 καὶ
1262 753 1474 807 Ἰουὸὰλ
1503 753 1597 806 καὶ
1618 752 1813 805 Θοῦέλ.

240 842 366 894 Ἐπὶ
395 843 452 896 δὲ
483 842 687 896 τούτων
718 844 751 913 ἡ
803 843 1133 914 πανόλεϐρος
1178 843 1273 896 τοῦ
1317 845 1456 898 Κάῖν
1486 845 1677 913 γέγονε
1705 844 1818 897 δια-

242 935 440 1006 φθορά.

241 1070 493 1124 ΚΕΦΑΛ.
523 1071 596 1125 Δ’.
628 1103 696 1113 -
730 1072 894 1137 Τίνες
924 1075 978 1125 οἱ
1007 1072 1073 1124 ἐκ
1113 1071 1218 1124 τοῦ
1271 1068 1706 1138 κατακλυσμοῦ
1751 1067 1820 1120 ἐν

629 1140 703 1209 τῇ
737 1141 961 1206 κιϐωτῷ
995 1141 1416 1207 διασωθέντες.

314 1274 461 1337 Νῶε,
503 1275 598 1327 καὶ
651 1274 766 1327 υἱοὶ
795 1278 966 1344 τρεῖς,
995 1275 1139 1344 Σὴμ,
1193 1273 1343 1343 Χάμ,
1392 1272 1594 1341 ἰἀφεθ,
1638 1273 1733 1327 καὶ
1764 1273 1820 1324 αι

241 1364 450 1418 τούτων
479 1366 746 1435 τέσσαρες
768 1369 1050 1434 γυναῖκες.

244 1502 498 1556 ΚΕΦᾹΛ.
529 1503 602 1555 Ε’.
643 1533 714 1543 -
734 1502 896 1566 Τίνες
925 1501 1083 1553 εἰσὶν
1113 1503 1165 1555 ol
1189 1501 1292 1554 τοῦ
1340 1499 1553 1555 Ἰακὼϐ
1584 1499 1820 1564 παῖδες,

599 1574 654 1626 οὶ
715 1572 822 1625 τοῦ
861 1571 1016 1625 λαοῦ
1089 1570 1468 1638 πατριάρχαι.

329 1711 426 1765 Ἐκ
461 1710 560 1782 μὲν
598 1711 760 1775 Λείας
782 1729 796 1743 ·
841 1710 1090 1779 ⁹Ρου6ὶμ,
1116 1709 1364 1780 Συμεὼν,
1395 1709 1550 1770 Λευτ,
1595 1707 1822 1770 Ἰούδας,

2255 530 2528 596 septimam
2565 542 2724 595 usque
2750 526 3154 594 generationem.

1992 662 2016 715 1
2049 661 2203 724 Cain,
2229 662 2262 714 2
2313 663 2522 728 Enoch,
2563 663 2596 716 5
2623 661 2883 724 Gaiadad,
2921 660 2955 713 4
2992 659 3173 724 Maiel,
3207 659 3241 713 5
3277 657 3496 712 Mathu-

1919 753 2031 808 sala
2055 793 2067 815 ,
2105 754 2138 805 li
2163 752 2418 816 Lamech,
2476 754 2505 806 Ἰ
2536 753 2689 808 Jobel
2736 762 2790 806 et
2833 751 2992 806 Jubal
3022 760 3074 806 et
3113 749 3344 805 Thobel.
3381 751 3495 804 Sub

1921 844 2006 897 his
2031 859 2158 900 vero
2187 844 2564 898 omnimodum
2606 844 2834 915 contigit
2864 843 3202 900 Cainitarum
3237 845 3498 898 extermi-

1923 951 2116 990 ιιιυιιι-

1922 1070 2075 1124 CAP.
2111 1069 2198 1123 IV.
2229 1103 2295 1112 —
2328 1073 2560 1135 Quinam
2591 1073 2785 1126 servati
2807 1082 2926 1125 sunt
2960 1089 2990 1125 a
3024 1069 3224 1124 diluvio
3249 1069 3302 1121 in
3343 1083 3494 1121 arca.

1994 1275 2127 1342 Noe,
2165 1286 2219 1331 ct
2248 1277 2341 1331 lilii
2384 1287 2516 1342 tres,
2556 1276 2704 1343 Sem,
2736 1276 2930 1342 Cham,
2975 1274 3234 1344 Japhelh,
3269 1277 3496 1329 horum-

1924 1383 2030 1436 que
2059 1383 2258 1422 uxores
2289 1379 2529 1437 quatuor
2561 1369 2603 1420 ⁷.

1926 1506 2078 1562 CAP.
2108 1506 2172 1562 V.
2206 1508 2381 1572 —Qui
2414 1517 2532 1561 sunt
2561 1505 2750 1561 Jacobi
2776 1507 2899 1570 ﬁlii,
2932 1505 3254 1575 patriarcha:
3298 1503 3498 1573 populi.

2001 1713 2076 1767 Ex
2106 1711 2199 1766 Lia
2231 1729 2243 1765 :
2273 1710 2492 1776 Bubim,
2527 1711 2787 1779 Symoon,
2817 1708 2966 1771 Levi,
3003 1706 3196 1768 ludas,
3227 1706 3503 1769 lssachar,

255 1803 496 1873 Ἰσάχαρ,
548 1802 854 1858 Ζαϐουλὼν.
898 1804 993 1855 Ἐκ
1031 1803 1087 1855 δὲ
1131 1803 1350 1873 Ῥαχὴλ.
1390 1802 1648 1871 Βενιαμίν
1684 1798 1817 1869 (13).
1850 1789 1932 1858 Βξ

1850 1789 1896 1848 Β
1926 1803 2192 1858 Zabulou.
2244 1801 2321 1855 Ex
2380 1803 2584 1856 Rachel
2630 1820 2643 1855 :
2687 1801 2913 1871 .Ioseph,
2967 1811 3021 1854 et
3064 1798 3372 1868 Benjamin.
3427 1795 3504 1849 Ex

257 1895 355 1949 Ἐκ
399 1895 455 1946 δὲ
516 1893 747 1963 Βαλλῆς,
788 1894 915 1959 Δὰν,
948 1893 1284 1961 Νεφθαλεξμ.
1328 1892 1423 1944 Ἐκ
1470 1891 1526 1944 δὲ
1580 1888 1816 1958 Ζελφῆς,

245 1985 374 2050 Γὰδ,
420 1985 652 2054 ’Δσσήρ.
696 1978 855 2040 Οὗτοι
895 1985 952 2038 ὲν
999 1982 1111 2055 (L5)
1146 1981 1216 2036 os'
1261 1983 1462 2053 ψυχαῖς
1513 1982 1825 2049 κατέϐησαν

246 2081 327 2142 εἰς
362 2078 661 2147 Αιγυπτον.

246 2211 500 2265 ΚΕΦΔΛ.
535 2213 626 2277 ς’.
667 2241 738 2252 -
790 2210 959 2276 Τίνες
999 2211 1158 2265 εἰσὶν
1194 2212 1249 2264 οι
1298 2216 1374 2264 08'
1426 2213 1478 2265 οἱ
1523 2211 1671 2280 μετὰ
1725 2210 1829 2264 τοῦ

369 2281 579 2336 Ἰακὼϐ
609 2285 695 2348 εἰς
730 2283 1034 2351 Αἴγυπτον
1073 2282 1530 2346 καταλύσαντες
1578 2282 1717 2351 (l5).

318 2418 368 2474 α’
438 2420 665 2490 Ῥουδὶμ
721 2421 750 2472 ὁ
795 2419 1140 2490 πρωτότοκος
1167 2458 1182 2484 ,
1248 2417 1342 2470 καὶ
1383 2418 1432 2470 ol
1461 2416 1566 2470 υἱοὶ
1620 2417 1783 2470 αὑτοῦ
1815 2432 1829 2447 '

263 2510 454 2575 Ἐὐὼς,
474 2511 736 2577 Φαλλοὺς,
777 2510 1023 2581 ’Δσρὼμ,
1054 2511 1314 2582 Κάρμης.

322 2601 369 2672 β’
423 2600 668 2671 Συμεὼν,
698 2602 790 2654 καὶ
821 2601 870 2654 oi
894 2602 1001 2653 υἱοὶ
1030 2599 1216 2652 αὐτοῦ·
1237 2599 1501 2670 Ἰεμουὴλ,
1544 2597 1833 2667 Ἰαμηνὼθ,

265 2693 503 2764 Ἰακεὶμ,
533 2692 713 2762 Σαὰρ,
736 2692 930 2748 Σαούλ.

321 2793 374 2854 γ’
423 2785 575 2851 Λευὶ,
599 2787 694 2839 καὶ
721 2787 769 2838 οἱ
796 2787 902 2839 υἱοὶ
931 2785 1120 2839 αὐτοῦ’
1139 2783 1366 2850 Γεδεὼν,
1389 2785 1568 2851 Καὰθ,
1593 2786 1833 2857 Μῖραρί.

321 2875 367 2928 δ’
434 2874 657 2942 Ἰούδας,
699 2875 792 2929 καὶ
820 2875 871 2928 οἱ
903 2877 1010 2929 υἱοί
1043 2875 1234 2930 αὑτοῦ.
1268 2875 1468 2946 Σηλὼμ
1506 2877 1601 2930 καὶ
1637 2877 1836 2946 Φαρές.

253 2967 378 3020 Υἱοὶ
427 2967 483 3020 δὲ
511 2968 686 3038 Φαρές
713 2984 727 2998 ⁶
767 2967 1007 3038 Ἐσρὼμ,
1049 2969 1314 3038 Ἰεμουήλ.

325 3056 367 3110 ε’
439 3056 675 3128 Ἰσάχαρ,
703 3061 797 3112 καὶ
825 3059 874 3111 οἱ
923 3060 1030 3112 υἱοὶ
1071 3057 1236 3112 αὑτοῦ
1267 3076 1283 3092 ο
1313 3058 1492 3123 Θωλὰ,
1516 3059 1683 3125 Φουὰ,
1731 3061 1837 3112 Ἰα-

255 3149 424 3217 σοίιμ,
469 3148 714 3218 ’Δμράμη

330 3241 383 3306 ς’
441 3242 749 3308 Ζαϐουλὼν,
777 3244 870 3298 καὶ
902 3244 952 3296 οἱ
979 3244 1087 3297 υἱοὶ
1116 3244 1320 3298 αὑτοῦ·
1359 3244 1547 3316 Σέδερ,
1599 3243 1836 3315 Ἀλλὼμ,

253 3334 412 3403 Διήλ.
445 3327 686 3388 Οὖτοιὲκ
720 3334 905 3401 Λείας,
936 3333 979 3390 λ’
1012 3335 1144 3406 (16).

329 3426 373 3490 ξ’
433 3426 558 3490 Γὰδ,
594 3426 689 3480 καὶ
715 3427 767 3479 ol.
790 3428 896 3480 υἱοὶ
938 3426 1104 3481 αὐτοῦ
1128 3442 1144 3458 ο
1179 3426 1396 3495 Σαφὼν,
1453 3427 1674 3497 ’Λγγὴ;,
1702 3427 1842 3479 Σαυ-

255 3522 376 3590 νὴς,
423 3518 748 3590 Βοασαμὼν,
785 3520 963 3588 Δίδης,
1014 3518 1180 3590 Ἀρὼ,
1221 3519 1429 3589 ’Ᾱδδὴς,
1478 3520 1697 3589 Ἀροήλ.

330 3607 378 3680 η’
427 3611 618 3682 Ἀσὴρ,
644 3610 738 3663 καὶ
786 3610 834 3662 οἱ
869 3609 974 3662 υἱοὶ
999 3608 1164 3663 αὑτοῦ
1186 3624 1202 3640 ο
1241 3607 1609 3679 Ἰεμναεσσοῦ,
1655 3608 1839 3671 Ἰεοὺλ,

258 3703 470 3772 Μαρία,
497 3703 685 3773 Eappa
720 3701 949 3771 ἀδελφή.
987 3701 1104 3753 Υἱοὶ
1127 3701 1183 3754 δὲ
1222 3700 1443 3772 Μαρίας
1476 3717 1491 3732 ο
1526 3699 1704 3772 Χορὲό
1747 3701 1841 3753 καὶ

259 3793 536 3864 Μαλχιήλ.
559 3789 720 3848 Οὗτοι
747 3794 809 3846 ὲκ
843 3794 1077 3862 Ζέλφης,
1112 3790 1192 3857 ιζ’.

335 3883 380 3938 θ’
425 3885 643 3957 Ἰωσὴφ,
709 3885 801 3938 καὶ
841 3885 888 3937 οἱ
917 3884 1025 3937 υἱοὶ
1055 3882 1217 3937 αὑτοῦ
1244 3881 1523 3952 τεχθέντες
1573 3885 1630 3936 ἐν
1671 3883 1840 3951 Αἰγύ-

261 3995 384 4047 πτῳ
415 3990 430 4006 ⁸
467 3977 762 4045 Μανασσῆς
782 3978 877 4030 καὶ
915 3975 1175 4046 Ἐφραῖμ,
1208 3976 1431 4040 Σουτὰλ,
1467 3975 1839 4045 Ταλιμμέδεκ.

334 4068 365 4123 ι’
419 4069 708 4139 Βενιαμὶν,
773 4069 869 4122 καὶ
939 4070 987 4121 οἱ
1048 4067 1154 4119 υἱοὶ
1197 4066 1397 4119 αὐτοῦ’
1443 4065 1646 4130 Βαλλὰ,
1681 4068 1841 4132 Φοὺς,

277 4167 462 4238 Ἐδήλ.
501 4166 621 4219 Υἱοὶ
661 4165 841 4219 Βαλλά.
874 4180 889 4196 ·
927 4163 1097 4234 Γηρὰ,
1145 4162 1385 4233 Νεομὰν,
1434 4163 1634 4232 Ὶαχὴς,
1682 4161 1841 4228 Ῥὼς,

264 4261 537 4331 Μαμφήν.
583 4259 702 4312 Υἱοὶ
760 4257 908 4328 Γηρά
939 4275 952 4287 ·
1003 4256 1184 4326 Ἀράδ.
1243 4250 1401 4310 Οὗτοι
1446 4256 1510 4309 ἐκ
1566 4254 1666 4324 τῆς
1721 4254 1846 4308 Ῥα-

263 4350 389 4421 xiii.
435 4358 526 4422 ιη’-

341 4451 406 4496 ια⁹
462 4444 571 4498 Δὰν
596 4443 688 4497 καὶ
710 4443 759 4495 οἱ
800 4442 904 4495 υἱοὶ
933 4441 1095 4494 αὑτοῦ
1129 4455 1143 4470 ⁶
1193 4437 1400 4505 Ἀσώμ.

342 4536 407 4606 ιβ’
463 4534 802 4604 Νεφθαλεὶμ,
830 4534 924 4586 καὶ
943 4534 990 4586 oi
1023 4533 1128 4585 υἱοὶ
1163 4529 1347 4585 αὑτοῦ·
1383 4527 1588 4598 ’Λαιὴλ,
1628 4525 1840 4597 Γωῦνὴ,

277 4627 501 4693 Ἀσσὰς,
525 4624 763 4696 Συλλήμ.
792 4618 949 4678 Οὗτοι
982 4625 1045 4675 ἐκ
1063 4621 1291 4690 Βαλλῆς,
1330 4618 1395 4682 ζ’.
1428 4617 1594 4687 Ὁμοῦ
1616 4617 1712 4687 οβ’.
1738 4616 1850 4670 Καὶ

264 4721 295 4772 ὁ
324 4719 506 4790 πατὴρ
565 4716 782 4781 Ἰακὼϐ,
811 4716 905 4770 καὶ
938 4715 1098 4768 Δείνο,
1143 4715 1178 4784 ὴ
1231 4711 1502 4782 θυγάτηρ,
1536 4711 1634 4765 καὶ
1662 4710 1797 4764 Λεία
1826 4725 1842 4741 ο

265 4810 405 4881 ὁμοῦ
441 4809 613 4881 ψυχαὶ
646 4814 739 4864 σε’.

267 4948 521 5003 ΚΕΦΑΛ.
554 4945 625 5001 Z'.
664 4974 733 4988 --—
767 4945 932 5011 Τίνες
967 4947 1019 4998 οἱ
1068 4943 1174 4998 τοῦ
1233 4941 1519 5013 Σαμουὴλ
1563 4940 1849 5010 πρόγονοι

839 5015 1117 5083 ἱερατικαί
1149 5012 1283 5086 (I7).

342 5165 391 5211 α’
434 5159 604 5228 Κορὲ,
631 5160 660 5211 ὁ
687 5157 983 5220 ὲπισυστὰς
1015 5158 1108 5209 ἐπὶ
1142 5155 1371 5225 Μωῦσῆ,
1413 5155 1458 5224 β’
1487 5153 1680 5207 τούτου
1712 5151 1848 5215 υἱὸς,

279 5251 535 5319 Ἐλκανᾶ,
571 5258 612 5318 γ’
669 5248 876 5315 Ἐναὲδ,
905 5247 946 5301 δ’
1005 5248 1213 5316 Ἐλιὰδ,
1255 5247 1294 5301 ε’
1339 5246 1586 5319 Ίεραὰμ,
1626 5251 1679 5306 ς’
1725 5243 1850 5296 Ἐλ-

342 5413 364 5444 ⁷
393 5410 437 5467 Il
464 5409 611 5466 Petr.
648 5427 709 5475 ιι,
738 5409 792 5465 5.
869 5408 1034 5464 'Act.
1066 5425 1163 5476 vn,
1200 5410 1286 5465 Ii.

349 5570 460 5640 (I3)
499 5572 675 5644 Dce_st7
705 5572 907 5644 Ἰωσὴφ
935 5571 1050 5634 καί,
1081 5572 1278 5644 Joseplt
1326 5580 1402 5637 ct,
1436 5569 1568 5625 vitio
1613 5577 1852 5640 typogr.,

276 5653 337 5695 ut
369 5644 550 5696 vcrsio
586 5641 908 5696 Falnriciaua
943 5645 1205 5706 ostendit,

352 5712 463 5778 (ll)
503 5712 718 5766 Fabric.
755 5713 916 5769 vertit
955 5717 1290 5786 septuaginta
1348 5714 1489 5778 dum,
1524 5713 1685 5766 male.
1722 5710 1851 5767 Vide

282 5799 520 5852 sequens
551 5794 734 5853 caput.

1930 1897 2078 1950 Balla
2117 1914 2129 1949 :
2168 1895 2306 1957 Dan,
2335 1893 2702 1964 Nephthalim.
2739 1893 2815 1948 Ex
2848 1893 3050 1962 Zelpha
3082 1911 3093 1945 :
3129 1891 3265 1953 Gad,
3309 1892 3501 1942 Asser.

1930 1993 2020 2048 Isti
2055 1995 2106 2047 in
2131 2005 2270 2044 Lxxv
2308 1988 2598 2045 animabus
2619 1987 3019 2044 descenderunt
3051 1986 3100 2038 in
3139 1985 3427 2054 Egyplum
3459 1983 3504 2032 ⁸.

1932 2219 2084 2276 CAP.
2111 2217 2198 2273 Vl.
2237 2246 2308 2256 —
2344 2215 2574 2281 Quinam
2597 2221 2715 2265 sunt
2742 2211 2832 2264 isti
2885 2225 3025 2281 Lxxv
3066 2209 3154 2276 qui
3191 2223 3310 2260 cum
3339 2204 3508 2259 Jacob

2308 2280 2374 2340 in
2402 2282 2694 2354 Egyptnm
2720 2280 2943 2350 profecti
2979 2290 3122 2332 sunt.

2006 2428 2029 2481 I
2065 2424 2262 2479 Rubim
2285 2420 2703 2492 primOgenilus,
2733 2428 2786 2472 et
2813 2418 2904 2470 :ilii
2951 2415 3104 2485 ejus;
3142 2413 3306 2476 Enos,
3344 2411 3515 2466 Plini.-

1936 2520 2043 2582 lus,
2065 2517 2282 2580 Asrom,
2301 2515 2583 2569 Charmes.

2004 2610 2040 2663 2
2063 2608 2323 2679 Symeou,
2349 2614 2405 2660 et
2424 2604 2516 2660 lilii
2542 2604 2693 2673 ejus;
2723 2601 2951 2666 .lemuel,
2975 2599 3288 2666 Jameuoth,
3313 2596 3518 2662 Jacim,

1939 2703 2094 2765 Saar,
2123 2700 2275 2756 Saul.

2009 2798 2043 2851 5
2071 2795 2223 2860 Levi,
2255 2803 2308 2848 et
2343 2793 2436 2847 lilii
2465 2792 2583 2862 ejus
2620 2811 2632 2844 :
2668 2786 2913 2849 Gedeon,
2953 2785 3147 2847 Caath,
3182 2783 3406 2838 Merari.

2011 2885 2279 2956 HJudas,
2307 2893 2361 2939 et
2408 2883 2504 2936 lilii
2557 2882 2725 2951 ejus:
2780 2879 2959 2934 Selom
3016 2886 3070 2931 et
3129 2873 3352 2928 Phares.
3395 2870 3530 2927 Filii

1941 2992 2106 3047 porro
2141 2975 2373 3042 Phares;
2407 2975 2619 3038 Esrom,
2656 2971 2887 3026 Jemuel.

2017 3070 2048 3123 5
2099 3070 2370 3132 lssachar,
2403 3077 2456 3123 et
2510 3066 2604 3120 lilii
2641 3064 2759 3135 ejus
2800 3061 3042 3127 :Thola,
3098 3061 3270 3125 l‘liua,
3328 3057 3546 3114 Iasum

1868 3127 1909 3184 Ο
1941 3165 2187 3218 Amram.

2013 3257 2046 3310 6
2094 3253 2358 3318 Zabulon,
2409 3261 2464 3306 et
2523 3250 2618 3306 lilii
2682 3250 2802 3320 ejus
2844 3267 2857 3303 :
2897 3247 3090 3311 Sedcr,
3129 3247 3331 3311 Alium,
3374 3244 3518 3299 ιΕεΙ.

1942 3346 2036 3403 Isti
2068 3363 2133 3401 ex
2176 3345 2297 3411 Lia,
2339 3362 2467 3398 xxx.

2015 3439 2045 3491 7
2091 3437 2226 3502 Gail,
2269 3445 2324 3490 et
2379 3436 2473 3489 lilii
2534 3434 2653 3504 ejus
2692 3453 2704 3487 :
2737 3431 2984 3502 Saphon.
3034 3431 3232 3501 Agges,
3286 3427 3520 3490 Saunes,

1945 3530 2275 3592 Boasamon,
2310 3525 2492 3590 Diues,
2521 3525 2651 3587 Aro,
2683 3523 2886 3586 Addes,
2912 3520 3097 3574 Aroel.

2018 3618 2050 3672 8
2103 3619 2260 3681 Aser,
2295 3625 2348 3671 et
2402 3616 2498 3670 ﬁlii
2540 3615 2660 3684 ejus
2700 3632 2713 3669 :
2748 3612 3075 3677 Jcmnaessu,
3122 3609 3268 3674 .Icul,
3328 3607 3520 3667 Maria,

1948 3710 2152 3765 Sarrha
2199 3724 2377 3764 soror.
2415 3708 2534 3762 Filii
2582 3721 2744 3777 porro
2795 3705 3008 3772 Mariae;
3041 3703 3261 3759 Climeb
3301 3710 3356 3756 et
3392 3700 3514 3754 Mal-

1943 3803 2100 3858 cliicl.
2132 3802 2223 3857 Isti
2259 3819 2322 3856 ex
2351 3801 2574 3869 Zelpha,
2609 3816 2742 3853 xm.

2016 3894 2047 3948 9
2073 3893 2294 3962 Joseph,
2328 3903 2382 3946 et
2423 3893 2515 3946 lilii
2553 3892 2674 3961 ejus
2702 3891 2756 3944 in
2785 3889 3019 3962 {Egypto
3045 3888 3316 3960 progeniti
3358 3905 3371 3942 :
3405 3886 3518 3940 Ma-

1946 3999 2138 4039 nasses
2169 3993 2223 4037 et
2262 3983 2545 4053 Ephraiin,
2571 3982 2748 4045 Sutal,
2784 3979 3179 4035 Talimmedcc.

2019 4074 2085 4128 I0
2142 4074 2446 4144 Beujamin,
2482 4083 2532 4127 et
2595 4074 2689 4126 lilii
2736 4073 2909 4139 ejus:
2943 4071 3112 4134 Balla,
3156 4069 3328 4132 Pinus,
3373 4069 3523 4123 Ebcl.

1947 4166 2071 4222 Filii
2113 4167 2295 4234 Balla;
2319 4167 2482 4230 Cera,
2508 4165 2772 4231 Neomau,
2803 4163 3023 4226 Jaches.
3054 4164 3185 4228 llos,
3212 4163 3528 4233 Mamplien,

1947 4263 2066 4317 Filii
2103 4261 2276 4328 Gcra;
2307 4262 2473 4316 Arad.
2500 4260 2590 4316 Isti
2619 4276 2684 4314 ex
2720 4259 2945 4325 Rachel,
2973 4274 3131 4314 xuii.

1878 4463 1923 4518 ι)
2029 4439 2086 4494 Il
2128 4439 2262 4502 Dan,
2295 4449 2347 4493 ct
2382 4438 2476 4492 ﬁlii
2512 4438 2634 4508 ejus
2666 4454 2677 4488 :
2711 4440 2901 4490 Asom.

2025 4534 2090 4585 li
2120 4531 2489 4601 Nephthalim,
2528 4541 2581 4586 et
2637 4529 2729 4584 ﬁlii
2772 4529 2892 4597 ejus
2931 4544 2943 4581 :
2977 4524 3146 4588 Asiel,
3185 4524 3392 4595 Goyne,
3423 4524 3531 4579 As-

1957 4641 2068 4688 sas,
2106 4623 2327 4695 Syllum.
2363 4624 2452 4677 Isti
2502 4639 2563 4677 cx
2611 4623 2780 4684 Balla,
2840 4635 2934 4672 vn.
2985 4615 3291 4670 Universim
3334 4632 3532 4672 omnes

1957 4731 2126 4770 Lxxu.
2159 4716 2223 4769 Et
2257 4725 2409 4783 pater
2446 4713 2636 4778 Jacob,
2667 4725 2718 4768 et
2769 4712 2904 4766 Dina
2939 4710 3046 4764 lilia
3099 4720 3261 4778 atque
3296 4708 3414 4774 Lia,
3453 4708 3531 4762 si-

1955 4809 2070 4864 mul
2104 4808 2301 4861 anima:
2333 4823 2458 4860 LXX‘.
2479 4846 2491 4858 .

1954 4942 2108 5000 CAP.
2141 4941 2252 4996 VII.
2276 4972 2345 4981 --
2369 4939 2597 5005 Quinam
2634 4941 2845 5009 fuerunt
2872 4940 3133 4994 Samuelis
3170 4939 3532 5008 progenitores

2564 5011 2939 5065 sacerdotales.

2027 5151 2050 5203 I
2097 5149 2255 5210 Core,
2292 5149 2385 5216 qui
2443 5147 2768 5201 seditionem
2834 5145 3132 5204 concitavit
3181 5143 3285 5198 sub
3329 5141 3534 5209 Moyse,

1953 5243 1989 5296 2
2016 5240 2187 5309 Hujus
2209 5239 2374 5305 ﬁlius,
2409 5240 2632 5304 Eleans,
2663 5239 2696 5291 5
2721 5237 2926 5300 Enaed,
2960 5237 2992 5290 4
3025 5235 3202 5299 Eliatl,
3235 5235 3268 5289 5
3291 5233 3537 5296 Jeraam,

2031 5564 2143 5634 (l5)
2185 5563 2604 5634 Conl‘erlieues.
2644 5577 2791 5616 xui.

2029 5626 2142 5704 (16')
2180 5634 2337 5688 Forte
2365 5633 2520 5696 Zara,
2539 5635 2762 5702 quintus
2782 5629 3113 5696 tiliusJudaa,
3147 5643 3210 5682 cx
3231 5626 3364 5682 Gcn.
3389 5639 3546 5691 xui,

1957 5707 2022 5761 I2
2054 5721 2080 5758 a
2125 5707 2356 5759 librariis
2391 5705 2476 5756 IIIC
2511 5706 2750 5757 omissus
2775 5710 2875 5755 est.

2025 5779 2133 5844 (ῙῘῪ
2168 5777 2365 5830 “(Mlier
2404 5777 2414 5822 Ι
2472 5774 2626 5830 Phi-pl
2692 5791 2702 5806 .
