4248 6438
241 386 311 449 29
430 481 434 483 Α
1405 398 1775 461 LIBELLUS
1813 402 2308 469 MEMORIALIS.
3425 419 3497 483 30
3538 406 3541 409 ⁷

312 497 363 565 η’
417 496 662 561 Ἰεζονίας
693 499 720 551 6
743 500 835 553 τοῦ
874 500 1125 571 'Assou'p.

312 588 355 640 θ’
390 590 495 642 Καὶ
523 588 756 654 Φαλτίας
801 591 829 643 6
863 592 957 646 τοῦ
988 594 1238 661 Βεναὶου,
1275 598 1424 669 παρὰ
1445 599 1817 673 τοῦῚεζεκιὴλ

243 698 308 751 ar,
319 682 657 752 μαινόμενοι.

239 792 490 847 ΚΕΦΛΛ.
661 826 730 870 _—:
768 798 930 870 τίνες
961 797 1222 870 ἐξῆρχον
1248 800 1367 853 τῶν
1412 801 1626 870 φυλῶν
1664 806 1816 860 κατὰ

520 863 634 931 τὴν
662 864 879 929 ἔξοδον
922 869 1032 937 τῆς
1056 863 1357 939 Ἆὶᾷσύπτου
1389 863 1522 942 (99).

308 983 358 1033 α’
380 981 489 1050 Τῆς
522 983 618 1052 μὲν
642 985 936 1054 Λευῖτικῆς
962 985 1154 1056 φυλῆς,
1182 989 1424 1056 Μωῦσῆς
1448 989 1541 1041 καὶ
1581 992 1811 1062 Ἀαρών.

239 1070 287 1138 β’
316 1075 417 1142 τῆς
466 1074 522 1125 δὲ
581 1074 778 1141 Ἰούδα,
847 1079 1170 1148 ’Δμιναδά6’
1226 1080 1275 1150 γ’
1335 1082 1435 1151 τῆς
1488 1081 1545 1135 δὲ
1580 1084 1815 1150 Ῥουδὶν,

252 1164 483 1228 Ἐλιοὺζσ
538 1166 580 1219 δ’
615 1171 713 1237 τῆς
749 1168 808 1221 δὲ
852 1169 1101 1240 Συμεὼν,
1164 1172 1493 1242 Σαρισαλαί’
1526 1175 1565 1229 ε’
1608 1178 1708 1246 τῆς
1761 1178 1817 1231 δὲ

249 1254 493 1328 Ἰσαχαρ,
517 1260 730 1329 Δωγάρ’
754 1259 809 1325 ς’
839 1264 936 1331 τῆς
965 1262 1023 1315 δὲ
1056 1262 1366 1329 Ζαϐουλὼν,
1391 1266 1627 1320 Χελλών’
1651 1267 1695 1333 ζ’
1718 1269 1818 1338 τῆς

249 1345 511 1417 Ἐφραῒμ,
567 1350 817 1421 Σεμιούλ·
875 1359 925 1424 η’
964 1353 1067 1421 τῆς
1110 1356 1400 1425 Μανασσῆ,
1471 1360 1813 1430 Φαλασσούρ’

236 1438 281 1490 θ’
328 1439 438 1513 ητῆς
491 1441 771 1512 Βενιαμὶν,
805 1444 1039 1501 Γαδεών.
1091 1451 1120 1497 ι’
1160 1446 1262 1515 τῆς
1309 1447 1437 1515 Δάν,
1493 1452 1814 1519 Ἀμισαλᾶν.

238 1539 305 1585 ια’
326 1521 437 1601 ⁴ϊῆς
477 1531 664 1601 Ἀσὴρ,
709 1532 927 1603 Ἐχρᾶνο
966 1530 1034 1602 ιβ’
1058 1534 1156 1604 τῆς
1174 1534 1604 1609 Γὰδ,⁹Ραγουήλ·
1627 1538 1693 1607 ιγ’
1716 1540 1817 1610 τῆς

236 1624 545 1694 Νεφθαλὶμ,
598 1623 801 1694 Ἐλάμ·
838 1619 997 1678 Οὗτοι
1030 1626 1078 1679 οἱ
1119 1628 1176 1680 ὲν
1209 1630 1273 1698 τῇ
1303 1628 1468 1700 ἐξόδῳ
1500 1631 1814 1700 ἡγούμενοι,

235 1716 499 1786 φύλαρχοι
530 1714 623 1768 τοῦ
656 1715 809 1779 λαοῦ,
859 1717 908 1770 οἳ
942 1718 1037 1770 καὶ
1084 1720 1145 1772 ὲν
1174 1722 1238 1790 τῇ
1276 1722 1471 1791 ἐρήμῳ
1518 1721 1815 1775 ἀπέθανον.

235 1829 483 1882 ΚΕΦΛΛ.
511 1826 596 1883 K'.
634 1858 704 1869 —
736 1830 908 1894 Τίνας
945 1828 1096 1897 ἔσχε
1149 1832 1414 1899 Μωῢσῆς
1463 1831 1651 1898 υἱοὺς,
1705 1832 1803 1886 καὶ

869 1901 938 1952 ἐκ
995 1903 1181 1965 τίνος.

320 2013 413 2065 Ἐκ
448 2012 737 2083 Σεπφόρας
787 2012 885 2081 τῆς
918 2011 1187 2084 θυγατρὸς
1229 2014 1429 2086 Ἰωθὼρ
1482 2014 1669 2085 ἱερέως
1698 2019 1820 2071 Ma-

232 2103 375 2169 ειὰν,
408 2102 456 2157 α’
483 2101 734 2174 Γηρσὼν,
770 2102 813 2173 β’
854 2104 1119 2176 Ἐλιέζερ.

306 2216 558 2271 ΚΕΦᾹΛ.
581 2217 710 2271 KA'.
741 2249 810 2259 ——
841 2218 1014 2283 Τίνας
1076 2220 1305 2288 Ἀαρὼν
1333 2220 1523 2290 ἔσχεν
1551 2222 1747 2290 υἱούς.

320 2329 416 2384 Ἐκ
445 2329 545 2399 τῆς
588 2329 870 2384 Ἐλισάϐιτ
909 2329 1179 2399 Θυγατρδς
1238 2331 1540 2398 Ἀμιναδὰϐ
1581 2332 1819 2403 ἀδελφῆς

234 2421 292 2475 δὲ
327 2419 621 2483 Ναασσών,
645 2419 694 2474 οἳ
727 2420 821 2473 xal
845 2421 909 2474 ὲκ
930 2421 1031 2488 τῆς
1053 2421 1225 2491 φυλῆς
1259 2423 1429 2477 Ἰούδα
1459 2424 1817 2492 κατάγονται,

236 2510 283 2565 α’
324 2512 417 2565 τὸν
445 2510 657 2577 Ναδάὁ,
683 2510 730 2582 β’
756 2513 849 2566 τὸν
888 2513 1122 2575 ’Δσιοὺᾱ
1148 2514 1199 2582 γ’
1221 2514 1314 2568 τὸν
1356 2515 1639 2588 Ἐλεάζαρ,
1666 2516 1705 2569 δ’
1726 2516 1818 2570 τὸν

248 2603 499 2673 Ἰθάμαρ.

234 2718 485 2773 ΚΕΦΔΔ.
523 2716 653 2773 KB’.
686 2719 942 2793 —_Tt'ra
994 2719 1127 2793 ἐστὶ
1156 2722 1227 2774 τὰ
1282 2720 1450 2789 ἔθνη,
1498 2720 1539 2777 d
1575 2725 1609 2777 ὁ
1664 2724 1818 2793 λαὸς

766 2789 1281 2860 ἐκληρονόμησεν.

305 2902 637 2966 Χαναναῖον,
676 2900 896 2967 Εὺαῖον,
939 2902 1290 2974 Γεργεσαῖον,
1336 2902 1680 2969 Ἰεὸουσαῖον,
1708 2906 1817 2958 Χι-

232 2994 409 3060 ταῖον,
447 2993 797 3066 ’Δμορῤαῖον,
827 2993 1142 3063 Φερεζαῖον.

232 3106 486 3161 ΚΕΦΔΔ.
513 3106 639 3161 KI".
684 3135 752 3147 —
786 3108 980 3173 Τίνας,
1024 3108 1121 3161 καὶ
1164 3110 1349 3161 τίνων
1386 3108 1581 3163 ἐθνῶν
1628 3110 1814 3175 ,βασι-

552 3177 681 3243 λεῖς
710 3180 742 3231 ό
763 3179 914 3242 λαὸς
959 3177 1314 3233 ἀπέκτεινεν
1356 3178 1491 3249 (50).

305 3296 354 3345 α’
387 3291 521 3361 (51).
571 3290 692 3344 Ἐπὶ
720 3292 812 3345 τοῦ
852 3291 1133 3358 Μωῦσέως
1178 3294 1403 3347 ἐκτάσει
1448 3294 1557 3349 τῶν
1591 3297 1815 3368 χειρῶν,

248 3380 310 3434 Ἀ
322 3380 465 3451 μαλή
474 3400 526 3435 κ.

307 3473 373 3545 β’.
398 3475 497 3528 Διά
533 3474 707 3545 Ἰησοῦ
732 3475 826 3530 τοῦ
852 3476 1033 3547 Ναυῆ,
1070 3479 1161 3532 τὸν
1200 3477 1559 3547 ’Δδωνιὸέςεκ
1588 3484 1815 3555 βασιλέα

237 3565 553 3639 Ἱερουσαλή
563 3586 621 3637 μ.

302 3665 349 3729 τ’
380 3661 489 3713 Kal
516 3661 608 3714 τὸν
650 3658 802 3730 Ἰλὰμ
844 3660 1067 3731 βασιλέα
1098 3663 1351 3735 Χεόρῶν.

298 3750 342 3805 δ’
375 3751 484 3803 Kal
515 3750 607 3803 τὸν
636 3749 807 3803 Φειδὼ
833 3750 1056 3820 βασιλέα
1102 3753 1395 3825 Ἰεριμούς.

301 3847 344 3895 ε’
366 3842 474 3895 Kal
500 3841 590 3895 τὸν
615 3841 755 3911 Σιφά
779 3842 1003 3912 βασιλέα
1031 3845 1243 3914 Λάχης.

307 3934 361 4001 ς’
400 3936 493 3987 καὶ
529 3936 620 3988 τδν
645 3934 819 4004 Δαμὶς
841 3934 1063 4005 βασιλέα
1093 3936 1385 4009 Ὀδαλλάμ.

302 4026 348 4096 ζ’
380 4030 489 4084 Kal
520 4030 613 4083 τὸν
647 4028 814 4083 Ἰαόὶν
849 4028 1075 4099 βασιλέα
1100 4031 1322 4104 ’Δσσόρ.

301 4118 352 4193 η’
384 4123 489 4175 Kal
514 4121 737 4190 βασιλέα
758 4121 1040 4193 Σομόρων.

304 4201 350 4265 θ’
381 4214 489 4264 Kal
520 4211 748 4282 βασιλέα
809 4212 931 4279 Ζίφ.
960 4212 1071 4266 Καὶ
1100 4213 1296 4279 ἄλλους
1318 4214 1559 4286 βασιλεῖς
1587 4215 1692 4283 ἕως
1714 4220 1813 4289 τῆς

235 4304 517 4371 Σιδωνίας,
550 4304 678 4368 τοὺς
727 4304 937 4369 πάντας
973 4308 1001 4359 ὁ
1050 4306 1255 4377 Ἰησοῦς
1303 4309 1533 4377 ἀνεῖλεν,
1573 4310 1813 4381 βασιλεῖς

231 4397 337 4453 νβ’.
372 4396 463 4449 τὸν
487 4396 544 4450 δὲ
582 4395 735 4465 Σηὼν
781 4396 1007 4467 βασιλέα
1046 4399 1153 4452 τῶν
1195 4400 1541 4472 Ἀμορῤαῖων
1565 4404 1809 4473 Μωῦσῆς

228 4489 427 4555 ἀνεῖλε,
453 4489 544 4542 και
572 4464 666 4542 τω
696 4464 800 4559 “of
832 4489 1060 4560 βασιλέα
1089 4493 1187 4561 τῆς
1216 4464 1417 4548 stat.
1458 4494 1567 4549 Kal
1606 4496 1634 4548 ὁ
1676 4464 1805 4549 ἰοόᾷ
1835 4464 1888 4524 1)

229 4580 327 4644 δας
355 4580 410 4633 δὲ
442 4579 731 4635 ἀπέκτεινε
761 4581 851 4635 τὸν
892 4582 1269 4652 Ἀδωνιϐεζὲκ,
1296 4579 1357 4639 οὗ
1391 4585 1461 4639 τὰ
1506 4587 1651 4659 ἄκρα
1698 4590 1807 4643 τῶν

232 4671 413 4724 ποδῶν
437 4672 703 4743 πρότερον
730 4672 1008 4741 ἐξέτεμεν.
1054 4674 1123 4727 ’Ὀ
1149 4692 1207 4727 τε
1256 4676 1293 4728 Γ
1296 4676 1509 4747 οθονιὴλ
1543 4682 1570 4733 ὁ
1593 4682 1807 4751 κριτὴς,

230 4763 321 4816 τὸν
354 4763 579 4834 Χουσὰρ
607 4763 745 4816 ἐλὼν
776 4764 1002 4834 βασιλέα
1035 4766 1258 4837 Συρίας.
1286 4769 1393 4821 Kal
1426 4771 1455 4822 6
1491 4770 1625 4824 ’Λὼδ
1650 4774 1677 4825 6
1704 4774 1809 4843 ἀμ·

229 4858 609 4930 φοτεροδέξιος
632 4861 723 4915 τὸν
751 4861 981 4932 Αἰγλὼμ
1015 4862 1240 4932 βασιλέα
1296 4863 1624 4927 Μωαῦιτῶν,
1675 4864 1811 4935 δόλῳ

231 4955 671 5027 διαχρησάμενος
722 4960 887 5012 αὑτὸν
952 4962 1017 5031 τῇ
1070 4959 1197 5031 λαιᾷ
1234 4960 1395 5031 χειρί.
1456 4961 1702 5034 Δεϐόῤῥα
1752 4962 1811 5015 δὲ

232 5046 331 5101 τοῦ
354 5048 563 5121 Rapax,
608 5050 701 5104 τὸν
755 5052 965 5123 Σισάρα
1017 5053 1245 5123 βασιλέα
1310 5055 1493 5117 Ἰακὶς,
1538 5055 1597 5108 ὃν
1666 5055 1812 5123 Ἰαὴλ

234 5138 395 5209 γυνὴ,
430 5141 694 5205 πασσάλῳ
720 5141 806 5196 διὰ
824 5143 932 5197 τῶν
953 5142 1116 5197 ὢτων
1144 5144 1383 5215 διήλασε.
1414 5144 1620 5198 Γεδεὼν
1637 5144 1692 5198 δὲ
1721 5145 1811 5198 τὸν

243 5232 423 5302 Ὠρὴμ
452 5233 681 5304 Μαδιὰμ
712 5234 956 5291 βασιλέα.
994 5238 1107 5291 Kal
1136 5236 1350 5307 Ίεφθαὲ
1378 5238 1477 5310 τὴν
1500 5236 1593 5290 τηῦ
1642 5237 1809 5308 Ἀμα-

227 5321 335 5393 λὴκ
359 5322 657 5393 βασιλείαν.
1390 5367 1395 5373 .

279 5493 562 5548 "‘Jerem.
586 5513 661 5553 ιι.
687 5499 737 5551 1.

222 5562 270 5596 π
296 5564 543 5620 ibid.2l.
586 5566 772 5624 "Jud.
798 5587 871 5637 IV,
899 5573 987 5626 ιιι.

1068 5574 1110 5603 ⁷⁸
1132 5572 1178 5627 JI
1207 5574 1237 5618 ιθ
1282 5592 1382 5631 “¹;1.
1403 5576 1494 5632 9.5.

298 5724 415 5793 (29)
450 5723 651 5781 Confer
685 5725 845 5781 Num.
884 5746 895 5782 ι
936 5739 990 5785 et
1014 5748 1194 5789 δίκην.

302 5798 413 5853 (50)
442 5796 641 5852 Confer
667 5796 833 5855 Iosue
864 5817 981 5859 cao.
1020 5818 1115 5856 xu.

815 5502 858 5532 ⁷¹
880 5499 1050 5574 Exod.
1077 5517 1157 5574 vt,
1177 5502 1267 5557 25.
1346 5504 1390 5536 ⁷³
1414 5503 1588 5561 Exod.
1632 5520 1762 5571 XVII,
1790 5506 1881 5574 11,
1914 5507 1999 5563 IS.

1851 519 1896 573 Δ
1998 518 2031 571 8
2057 522 2307 576 Jezonias
2334 523 2477 577 ﬁlius
2497 522 2695 589 Assur,

1994 612 2102 667 9et
2135 613 2373 672 Plialtias
2430 617 2573 675 lilius
2621 619 2821 688 Benzei,
2874 636 3016 692 quos
3080 623 3329 692 mdigitat
3361 626 3496 681 Eze-

1925 703 2064 758 chiel
2085 705 2152 761 ⁷¹.

1926 817 2079 876 CAP.
2114 818 2253 876 XIX.
2288 852 2355 863 —
2380 823 2610 889 Quinam
2643 830 2977 898 pra-fuerunt
3009 832 3248 886 tribubus
3280 834 3332 886 in
3350 834 3497 886 exitu

2522 899 2586 950 ab
2642 898 2896 971 Egypto.

1998 1008 2021 1061 1
2057 1005 2272 1062 Praefuit
2293 1007 2543 1064 Levitica:
2567 1012 2755 1077 tribui,
2778 1014 2992 1086 Moyses
3023 1024 3077 1069 et
3102 1015 3307 1079 Aaron,
3332 1015 3367 1068 2
3393 1015 3496 1069 Ju-

1925 1098 2026 1166 dae,
2046 1100 2372 1165 Aminadab,
2401 1104 2433 1157 5
2457 1102 2661 1168 Rubin,
2690 1104 2861 1171 Eliuz,
2884 1107 2918 1161 4
2942 1108 3193 1169 Simeon,
3215 1108 3493 1174 Sarisalae,

1927 1193 1960 1247 5
1989 1193 2229 1261 Isachar,
2257 1194 2455 1264 Dogar,
2485 1195 2518 1250 6
2556 1196 2822 1260 Zabulon,
2868 1199 3112 1265 Chellon,
3146 1202 3177 1254 7
3212 1200 3496 1270 Epliraim,

1928 1285 2153 1351 Semiul,
2190 1287 2221 1341 8
2269 1288 2536 1352 Manasse,
2592 1288 2908 1355 Phalassur,
2949 1292 2981 1346 9
3028 1292 3333 1361 Benjamin,
3391 1290 3500 1347 Ga-

1925 1380 2086 1444 deon,
2130 1381 2190 1435 l0
2221 1380 2356 1443 Dan,
2388 1382 2688 1445 Amisalan,
2711 1382 2768 1437 11
2796 1384 2951 1445 Aser,
2982 1381 3219 1444 Echran,
3257 1384 3324 1436 12
3356 1382 3495 1443 Cad.

1928 1468 2197 1538 Rhaguel,
2230 1470 2296 1522 15
2334 1469 2702 1539 Nephtlialim,
2727 1471 2906 1527 Elam.
2943 1471 3034 1527 Isti
3069 1472 3120 1525 in
3155 1472 3302 1526 exitu
3345 1471 3499 1526 fuere

1923 1558 2113 1625 duces,
2144 1561 2416 1629 principes
2451 1562 2689 1617 tribuum
2723 1565 2933 1635 populi,
2981 1562 3078 1633 qui
3125 1562 3373 1618 etiamin
3405 1563 3502 1617 de-

1926 1660 2073 1707 serto
2106 1653 2307 1706 mortui
2341 1662 2490 1708 smit.

1852 1872 1899 1933 Β
1926 1849 2078 1907 CAP.
2114 1851 2234 1907 XX.
2270 1884 2340 1895 —
2371 1855 2642 1922 Quasnam
2682 1860 2913 1928 suscepit
2944 1859 3134 1913 liberos
3166 1857 3399 1929 Moyses,
3447 1866 3498 1914 et

2615 1945 2645 1980 a
2684 1946 2809 1999 qua.

1991 2039 2070 2091 Ex
2137 2038 2416 2109 Seppliora
2459 2041 2567 2095 lilia
2626 2040 2824 2097 Jotlior
2901 2044 3204 2099 sacerdotis
3254 2044 3495 2112 Madian,

1923 2130 1948 2184 1
1984 2130 2235 2193 Gersom,
2260 2133 2296 2185 ‘2
2330 2132 2541 2188 Eliezer

2097 2244 2250 2300 (ᾺΡ.
2282 2244 2422 2299 XXI.
2453 2277 2523 2287 —
2546 2246 2690 2313 Quos
2729 2249 2909 2303 habuit
2938 2250 3083 2319 ﬁlios
3117 2250 3323 2305 Aaron.

1992 2362 2071 2416 Ex
2105 2360 2347 2416 Elisahet
2396 2362 2507 2417 ﬁlia
2563 2363 2910 2429 Amiuadabi,
2939 2379 3130 2420 sorore
3177 2364 3498 2429 Naassonis,

1918 2454 2011 2525 qui
2036 2455 2199 2509 etiam
2220 2470 2286 2509 ex
2309 2455 2451 2509 tribu
2471 2454 2613 2509 Juda
2634 2455 2933 2524 ducuntur,
2958 2458 2981 2512 1
3010 2456 3220 2525 Nadab,
3241 2458 3277 2511 2
3296 2458 3497 2525 Abiud,

1919 2548 1953 2601 5
1986 2547 2234 2615 Eleazar,
2259 2547 2293 2601 4
2319 2548 2566 2603 Ithamar
2589 2549 2657 2603 ".

1918 2746 2071 2804 CAP.
2104 2748 2272 2803 XXII.
2298 2779 2369 2791 —
2397 2750 2530 2815 Quae
2564 2758 2686 2874 tutu:
2717 2760 2892 2873 ge‘ntes
2923 2768 3055 2821 quas
3083 2751 3309 2821 populus
3329 2751 3497 2806 hare—

2640 2838 2655 2874 ι
2684 2838 2765 2874 avt
2800 2862 2814 2874 .

2640 2838 2814 2876 ιιαυιι.

1987 2928 2315 2996 Cliananaaa,
2350 2932 2526 2997 Evam,
2576 2932 2886 3001 Gergeszea,
2927 2931 3200 2999 Jebuszea,
3253 2932 3495 2999 Clietma,

1919 3019 2257 3087 Amorrhaea,
2289 3023 2599 3081 Pherezaaa.

1840 3173 1883 3236 Ο
1917 3134 2068 3193 CAP.
2101 3136 2293 3193 XXIII.
2317 3170 2388 3183 --
2424 3139 2715 3236 Quasnam,
2756 3149 2804 3222 et
2841 3156 3214 3236 lqugru‘mnam
3259 3139 3497 3209 gentium

2342 3226 2483 3280 reges
2512 3212 2737 3279 populus
2778 3211 3066 3279 interfecit.

1996 3323 2017 3377 1
2049 3320 2162 3378 Sub
2215 3321 2639 3394 Moysequando
2660 3337 2856 3379 manus
2876 3323 3154 3393 expandit,
3184 3321 3408 3377 Δωριεὶς
3429 3322 3497 3377 ⁷³.

3480 3412 3517 3423 ,-

1989 3498 2024 3552 9
2078 3497 2181 3552 Per
2246 3497 2429 3553 Jesum
2484 3497 2651 3564 Nave,
2704 3498 3051 3553 Adonibezee
3114 3510 3298 3566 regem
3334 3492 3497 3549 Jeru-

1920 3588 2093 3644 salem
2120 3588 2188 3643 ⁷⁵.

1985 3680 2020 3734 5
2049 3679 2177 3735 llam
2208 3695 2387 3751 regem
2417 3679 2635 3736 IIebron
2662 3682 2725 3735 ⁷⁸.

1987 3772 2022 3826 4
2050 3770 2218 3824 Pliido
2249 3786 2428 3841 regem
2445 3771 2704 3828 Jerimus.

1985 3859 2021 3914 5
2048 3858 2214 3930 Sipha
2252 3876 2429 3929 regem
2457 3861 2686 3917 Laches.

1984 3948 2017 4002 6
2044 3948 2108 4003 Et
2144 3948 2329 4006 Damis
2351 3966 2531 4021 regem
2555 3950 2825 4006 0.lollam.

1988 4041 2019 4093 7
2043 4052 2096 4098 et
2127 4040 2284 4097 Jabin
2322 4059 2500 4112 regem
2527 4045 2716 4111 Assor,

1985 4135 2018 4189 8
2049 4144 2104 4190 et
2133 4151 2311 4205 regem
2344 4134 2633 4200 Somoron,

1985 4228 2018 4284 9
2050 4235 2104 4281 et
2127 4242 2311 4298 regem
2374 4226 2531 4297 Ziph.
2571 4226 2814 4299 Itemque
2843 4231 2980 4287 alios
3013 4248 3165 4302 reges
3208 4248 3384 4305 usque
3429 4234 3495 4289 ad

1919 4317 2223 4383 Sidoniam,
2285 4332 2425 4387 quos
2480 4333 2671 4373 omnes
2724 4318 2886 4375 Jesus
2948 4322 3225 4379 interfecit
3278 4340 3291 4376 :
3340 4338 3493 4394 reges

1898 4424 2115 4477 nempe
2139 4425 2289 4464 xxix.
2328 4409 2396 4463 At
2423 4407 2563 4463 Seou
2598 4409 3042 4466 Amorrhaeorum
3073 4429 3251 4483 regem
3282 4413 3495 4485 Moyses

1917 4500 2216 4566 interfecit,
2251 4503 2530 4571 etiamque
2582 4502 2662 4573 0g
2693 4519 2871 4574 regem
2900 4503 3097 4559 Basan.
3156 4505 3325 4560 Judas
3354 4522 3486 4561 vero

1919 4593 2589 4661 interfecitAdonibezec,
2646 4597 2806 4665 cujus
2865 4600 3242 4654 extremitates
3293 4601 3490 4668 pedum

1918 4688 2072 4757 prius
2105 4688 2398 4743 truncavit.
2429 4687 2719 4743 Gothouiel
2760 4704 2975 4759 quoque
2993 4688 3189 4757 Iudex,
3218 4692 3492 4746 interemit

1919 4779 2138 4835 Cliusan
2164 4795 2347 4850 regem
2379 4780 2635 4851 Syria".
2656 4782 2723 4836 Et
2756 4782 2876 4837 Aod
2906 4783 3247 4838 ambidexter
3288 4784 3491 4838 occidit

1919 4870 2136 4941 IEglom
2170 4887 2349 4942 regem
2372 4871 2758 4935 Moabitarum,
2791 4874 2981 4929 dolose
3016 4875 3350 4930 interﬁciens
3368 4891 3492 4930 eum

1920 4965 2142 5020 sinistra
2172 4980 2335 5019 manu
2365 4965 2431 5018 ⁷⁷.
2466 4966 2745 5020 Deborrlia
2772 4965 2963 5020 Baraci
2996 4967 3220 5022 sustulit
3248 4966 3493 5023 Sisaram

1918 5059 2299 5129 imperatorem
2336 5057 2502 5124 lacis,
2540 5075 2703 5129 quem
2734 5058 2851 5115 Jael
2898 5062 3053 5115 clavo
3102 5077 3199 5131 per
3243 5072 3484 5129 tempora

1916 5153 2111 5208 adacto
2141 5154 2453 5223 peremit".
2483 5153 2707 5210 Gedeon
2746 5164 2925 5208 autem
2972 5169 3003 5209 e
3037 5154 3219 5209 medio
3268 5153 3486 5208 sustulit

1916 5243 2079 5297 Orem
2117 5258 2294 5313 regem
2351 5241 2671 5298 Madiam".
2701 5242 2973 5313 Jephtlme
3016 5259 3235 5315 quoque
3291 5244 3488 5298 evertit

1917 5350 2146 5405 regnum
2175 5336 2415 5391 Amalec.

2104 5509 2150 5539 "
2181 5506 2359 5562 Judic.
2388 5523 2423 5573 I,
2465 5509 2512 5563 l.
2621 5510 2666 5541 τ’
2688 5505 2803 5564 Jos.
2837 5523 2889 5572 κ,
2922 5508 2975 5564 5.
3050 5507 3098 5541 ’⁸
3125 5506 3250 5563 Jud.
3293 5507 3482 5573 until

1983 5734 2097 5805 (51)
2125 5735 2348 5793 Numeri
2386 5734 2475 5794 hic
2501 5750 2530 5790 a
2557 5746 2704 5793 textu
2730 5738 2977 5793 aberant.
