4248 6438
753 422 822 482 35
2238 411 2537 471 JOSEPPI
3930 403 4004 465 36

821 535 1066 590 Fuerunt
1122 537 1285 590 etiam
1338 534 1391 587 in
1420 531 1683 586 Astaroth
1738 530 2015 585 Charnem
2062 526 2329 597 gigantes,
2363 534 2408 586 Α

751 644 888 698 quos
913 628 1109 683 cecidit
1135 626 1601 695 Chodollogomor
1635 639 1727 677 rex
1755 622 1944 675 Ellam.

826 722 1016 777 Postea
1036 721 1090 774 in
1120 719 1378 775 Chebron
1408 726 1523 773 tres
1546 715 1763 772 Sennad
1788 714 1885 768 ﬁlii
1914 733 1925 767 :
1954 730 2095 783 quos
2128 712 2333 768 Chaleb

755 811 904 865 ﬁlius
924 812 1189 879 Jephone,
1217 818 1441 878 accepta
1461 809 1516 861 in
1542 804 1923 860 [nereditatem
1943 805 2185 869 civitate,
2212 802 2334 855 fun-

754 902 901 955 ditus
932 900 1190 970 perdidit.

827 993 1191 1061 Temporibus
1212 1006 1429 1060 quoque
1450 989 1613 1043 David
1634 989 1777 1057 regis
1792 987 2119 1041 exstiterunt
2139 988 2297 1057 gigan
2311 1016 2332 1026 -

758 1093 839 1135 tes
856 1091 1112 1150 quatuor,
1131 1096 1267 1151 quos
1281 1081 1447 1134 etiam
1473 1080 1871 1134 interfecerunt
1893 1076 2109 1131 Davidis
2129 1077 2329 1132 duces:

754 1169 940 1232 Jesbc,
980 1186 1141 1241 quem
1182 1171 1411 1224 sustulit
1456 1171 1650 1236 Abisa;
1697 1169 1851 1232 Seth,
1894 1183 2058 1238 quem
2108 1169 2334 1222 sustulit

757 1260 1037 1315 Soboches
1065 1262 1208 1316 tilius
1228 1261 1474 1326 Astothi;
1503 1262 1702 1324 Elzean,
1729 1274 1891 1329 quem
1916 1259 2137 1314 sustulit
2164 1260 2335 1332 Atiog

757 1348 1163 1404 Bethleemites.
1191 1352 1432 1416 Quartus
1456 1361 1641 1404 autem
1675 1351 1890 1404 caeteris
1916 1349 2220 1418 potior,vir
2244 1351 2333 1406 ille

756 1456 919 1495 senos
950 1441 1161 1496 habens
1193 1441 1414 1510 digitos,
1454 1456 1617 1510 quem
1656 1442 1857 1496 cecidit
1884 1439 2161 1497 Jonathan
2191 1441 2335 1495 ﬁlius

757 1529 979 1583 Sanum:
1017 1531 1208 1584 fratris
1247 1531 1439 1584 David.

826 1620 1047 1676 Goliath
1079 1637 1300 1692 quoque
1360 1623 1643 1677 Chettmus
1676 1624 1819 1677 inter
1851 1624 2096 1693 gigantes
2131 1637 2322 1677 cense-

759 1722 867 1778 tur,
911 1730 1075 1784 quem
1119 1715 1308 1783 junior
1347 1714 1516 1768 David
1552 1729 1674 1768 cum
1714 1723 1865 1769 esset
1906 1713 2071 1767 funda
2104 1729 2333 1784 percus-

2522 523 2799 592 Ἐγίνοντο
2827 521 2883 575 δὲ
2919 521 3013 575 καὶ
3051 521 3107 573 ἐν
3156 518 3432 592 Ἀσταρὼθ
3473 518 3699 591 Χαρνὲμ
3729 517 4005 586 γίγαντες,

2434 613 2528 678 οὓς
2558 610 2867 685 κατέκρυψε
2905 610 3017 681 (42)
3062 608 3466 678 Χοδολλογόμορ
3497 608 3749 679 βασιλεὺς
3776 605 4007 675 Ἐλλάμ.

2505 704 2660 760 Μετά
2675 703 2849 757 ταῦτα
2868 704 2926 756 ὲν
2957 706 3022 774 τῇ
3050 702 3277 775 Χεϐρὼν
3308 703 3455 769 τρεῖς
3477 702 3525 753 oi
3551 699 3646 753 τοῦ
3674 698 3874 752 Σεννάδ
3892 698 4007 771 (45)

2437 798 2541 851 υδοί
2563 814 2575 827 ·
2618 795 2872 859 οὕστινας
2920 793 3104 847 Χάλεσ
3132 796 3162 847 6
3191 791 3288 847 τοῦ
3331 791 3577 862 Ὶεφυνῆ,
3610 788 3787 843 λαϐὼν
3809 790 3866 843 ιν
3882 787 4011 858 κλη-

2438 908 2515 959 ρῳ
2543 889 2640 961 τὴν
2674 888 2852 951 πόλιν,
2887 885 3276 956 ἐξωλόθρευσε.

2506 981 2614 1035 Καὶ
2642 981 2736 1035 ἐπὶ
2762 979 2856 1033 τοῦ
2886 978 3149 1050 βασιλέως
3177 976 3340 1031 Δαὸὶδ
3370 976 3625 1045 γεγόνασι
3654 975 3909 1043 γίγαντες
3940 971 4005 1036 δ’,

2434 1074 2527 1137 οὓς
2561 1076 2655 1127 καὶ
2684 1070 3002 1141 ἀναιροῦσιν
3029 1072 3078 1123 οί
3116 1068 3209 1123 τοῦ
3245 1069 3410 1122 Δαὸὶδ
3454 1066 3770 1138 στρατηγοί⁹
3809 1065 4006 1134 Ἰεσῦὴ,

2435 1168 2492 1219 ὂν
2530 1167 2745 1220 ἀνεῖλεν
2785 1163 2996 1217 Ἀϐισάο
3028 1162 3149 1227 Σὲθ,
3181 1160 3240 1214 δν
3280 1160 3457 1214 ἀνεῖλε
3492 1158 3733 1230 Σοσοχῆς
3755 1158 3784 1211 6
3822 1159 4006 1210 Ἀστο-

2437 1258 2550 1311 θοῦ·
2594 1258 2835 1321 Ἐλαῖαν,
2862 1255 2920 1308 ὃν
2952 1253 3163 1308 ἀνεῖλεν
3202 1250 3402 1323 Ἀριὼγ
3425 1251 3453 1304 6
3484 1249 3876 1321 Βηθλεεμίτης·
3909 1248 4009 1301 Ti-

2435 1366 2628 1419 ταρτος
2652 1349 2709 1401 δὲ
2733 1347 2935 1418 μᾶλλον
2962 1346 2991 1397 6
3021 1344 3402 1410 ἐξαδάκτυλος,
3432 1342 3492 1396 δν
3523 1342 3790 1408 ἐπάταξεν
3825 1340 4006 1395 Ἰωνά-

2437 1441 2535 1494 01v
2560 1440 2675 1503 υίὸς
2708 1438 2971 1508 Σαμαίου,
2994 1435 3220 1505 ἀδελφοῦ
3254 1434 3438 1487 Δαείδ.

2509 1622 2618 1675 Καὶ
2645 1619 2835 1674 Γολιὰθ
2856 1619 2912 1673 δὲ
2935 1620 2963 1672 6
2988 1619 3248 1681 Χετταῖος
3272 1616 3329 1669 ὲν
3358 1616 3469 1678 τοῖς
3497 1615 3717 1683 γίγασιν
3762 1611 4011 1683 ἀριθμεῖ·

2437 1731 2551 1779 ται,
2574 1713 2633 1765 ὃν
2662 1712 2782 1776 νέος
2820 1709 2895 1765 ὢν
2944 1708 3105 1762 Δαῦὶδ
3148 1708 3502 1778 σφενδονίσας
3552 1703 3763 1758 ἀνεῑλεν
3782 1720 3795 1734 ·
3824 1694 3886 1756 οὗ
3915 1702 4011 1755 καὶ

758 1823 879 1861 sum
916 1806 1194 1862 interfecit
1224 1824 1238 1859 :
1270 1806 1427 1876 cujus
1456 1805 1622 1859 etiam
1656 1804 1867 1858 hastam
1898 1805 2190 1874 arripiens,
2230 1820 2331 1859 ceu
2368 1867 2405 1876 __

2031 1805 2190 1869 tiens,
2230 1820 2331 1859 ceu
2368 1867 2405 1876 __
2436 1807 2497 1859 τὸ
2525 1805 2653 1876 δόρυ
2680 1804 3025 1873 ἀνελόμενος,
3050 1801 3320 1870 ἀνέθηκεν
3350 1800 3431 1861 είς
3454 1797 3515 1851 τὸ
3545 1796 3708 1867 ίερόν.

758 1897 1045 1952 donarium
1076 1897 1363 1966 suspendit
1392 1896 1448 1950 in
1476 1896 1861 1951 Tabernaculo
1892 1895 1987 1950 Dei
2013 1895 2079 1950 “.

756 2010 907 2065 CAP.
941 2009 1107 2064 XXX.
1134 2041 1193 2050 -—
1226 2009 1455 2076 Quinam
1490 2010 1699 2077 fuerunt
1736 2010 2021 2062 multorum
2050 2009 2336 2064 liberorum

1445 2092 1642 2149 putres.

828 2190 994 2243 Iacob
1029 2190 1296 2245 tredecim
1322 2188 1591 2243 habuerat
1624 2188 1848 2243 liberos.

830 2284 1036 2338 Gedeon
1072 2284 1239 2353 judex
1276 2299 1404 2345 Lxx,
1445 2297 1585 2351 quos
1616 2283 1781 2337 etiam
1826 2296 1855 2335 c
1897 2281 2078 2336 medio
2114 2279 2340 2336 sustulit

760 2378 963 2431 nothus
995 2376 1138 2431 ﬁlius
1179 2375 1301 2444 ejus
1335 2374 1675 2440 Abimelech,
1724 2387 1848 2428 cum
1878 2372 1981 2427 sibi
2026 2372 2215 2442 populi
2252 2388 2340 2426 re-

763 2466 943 2535 gimen
973 2465 1348 2519 conciliasset.

833 2557 975 2622 Jair,
1018 2557 1185 2626 judex
1227 2556 1537 2612 Galaatides
1570 2557 1637 2625 ⁸³,
1680 2572 1827 2610 sun
1868 2556 2012 2610 lilios
2055 2557 2169 2626 ipse
2203 2571 2341 2626 quo-

761 2666 868 2720 que
902 2648 1231 2719 procreavit.

834 2740 1076 2803 Labdon,
1115 2740 1213 2809 qui
1256 2748 1311 2793 et
1354 2738 1471 2807 ipse
1506 2736 1673 2807 judex
1704 2738 1752 2770 "'
1787 2735 1911 2802 fuit,
1954 2737 2193 2791 ﬁliorum
2234 2754 2340 2793 nx

762 2842 919 2900 pater
954 2832 1187 2886 exstitit.

838 2923 1008 2975 David
1038 2938 1133 2976 rex
1178 2936 1291 2975 xxn
1315 2918 1524 2973 liberos
1546 2919 1740 2975 habuit
1771 2919 2095 2974 universim.

834 3014 1068 3068 Roboam
1100 3013 1245 3067 ﬁlius
1282 3010 1618 3077 Solomonis,
1650 3013 1959 3081 procreavit
1982 3012 2125 3069 ﬁlios
2152 3030 2343 3083 xxviii,

765 3116 822 3161 et
857 3106 994 3161 ﬁlias
1017 3121 1084 3158 ιχ
1113 3104 1180 3158 ⁸⁵.

840 3196 1004 3250 Abias
1028 3194 1174 3248 ﬁlius
1198 3194 1317 3265 ejus
1340 3194 1534 3249 habuit
1572 3193 1715 3247 ﬁlios
1744 3209 1855 3248 χχιι
1900 3201 1954 3247 et
1990 3193 2126 3248 ﬁlias
2149 3210 2245 3249 xm
2273 3195 2341 3250 ⁸⁸.
2372 3208 2416 3267 c

839 3375 1057 3429 Achaad
1088 3388 1185 3428 rex
1214 3373 1376 3427 Israel
1406 3372 1616 3427 liberos
1648 3372 1838 3443 genuit
1870 3386 1976 3424 ιιι
2008 3370 2051 3402 ⁸⁷
2088 3387 2230 3441 quos
2252 3387 2345 3427 oc-

771 3468 905 3523 cidit
935 3465 1056 3521 Jeu.

773 3580 922 3633 CAP.
950 3578 1145 3631 XXXI.
1170 3606 1238 3617 -—-
1267 3576 1545 3641 Quomodo
1579 3578 1811 3642 partitus
1851 3586 1928 3629 est
1970 3576 2195 3644 populus
2240 3585 2347 3629 ter-

841 3665 956 3701 ram
996 3648 1379 3716 promissionis,
1402 3657 1457 3700 ut
1495 3644 1652 3700 Jesus
1683 3644 1831 3699 Nave
1854 3646 1963 3699 illis
1996 3647 2136 3715 forte
2170 3647 2349 3700 distri-

842 3721 1041 3772 buerul.

848 3829 1034 3883 Tribus
1069 3828 1256 3882 Rubim
1299 3838 1347 3881 et
1388 3826 1504 3881 Gad
1537 3837 1584 3880 et
1629 3826 1852 3879 dimidia
1887 3826 2053 3880 tribus
2080 3825 2346 3881 Manasse.

775 3922 943 3977 Primi
983 3922 1069 3976 isti
1096 3938 1127 3974 a
1151 3920 1333 3992 Moyse
1365 3921 1644 3987 regionem
1674 3917 2167 3988 transjordanieam
2192 3932 2350 3974 accc-

775 4022 997 4084 perunt,
1044 4027 1165 4082 quae
1195 4013 1348 4081 prius
1386 4010 1831 4066 Amorrhaaorum
1868 4018 1989 4065 erat
2016 4018 2073 4065 et
2110 4010 2348 4080 ltaphin,

776 4106 1146 4161 liasanitidem
1178 4106 1514 4159 universam.

850 4196 1038 4250 Tribus
1065 4195 1349 4249 Mauasse:
1381 4195 1550 4249 altera
1588 4194 1815 4250 dimidia
1841 4194 2037 4257 tribus,
2064 4193 2351 4264 regionem

2497 2010 2749 2063 ΚΕΦΑΛ.
2802 2005 2881 2061 Λ⁹.
2914 2036 2982 2047 -
3016 2006 3183 2070 Τίνες
3202 2003 3577 2069 πολύπαιδες
3607 2003 3954 2074 γεγόνασιν.

2522 2190 2731 2248 Ἰακὼό
2759 2190 2907 2259 τρεῖς
2936 2188 3032 2241 καὶ
3050 2186 3183 2241 δέκα
3212 2185 3409 2250 παῖδας
3431 2185 3678 2255 ἐσχήκει.

2512 2282 2749 2337 Γεδεὼν
2774 2283 2803 2335 6
2837 2280 3030 2351 κριτὴς
3054 2276 3119 2344 ο’,
3146 2277 3243 2343 οὓς
3274 2277 3370 2331 καὶ
3397 2277 3605 2331 ἀνεῖλεν
3629 2277 3657 2329 6
3681 2276 3834 2339 νόθος
3853 2273 4019 2328 αὑτοῦ

2441 2375 2569 2435 παῖς
2616 2371 2927 2442 ’Δὸιμέλεχ,
2960 2371 3060 2443 τὴν
3099 2369 3276 2441 ἀρχὴν
3317 2368 3495 2440 ἑαυτῷ
3545 2366 3639 2422 τοῦ
3683 2365 3815 2421 λαοῦ
3861 2380 4020 2438 περι-

2443 2463 2788 2535 ποιούμενος.

2525 2557 2689 2627 Ἰαείρ
2719 2559 2747 2610 6
2767 2556 2959 2627 κριτὴς
2996 2557 3026 2609 6
3054 2554 3093 2607 Γ
3096 2554 3389 2625 αλααδίτης
3432 2552 3510 2622 ἰβ’
3554 2552 3749 2615 παῖδας
3803 2549 3897 2604 καὶ
3929 2539 4022 2602 οὗ·

2441 2665 2533 2712 τος
2564 2650 2922 2718 ὲσυστήσατο.

2514 2739 2761 2795 Λάὅδων
2787 2740 2882 2793 καὶ
2910 2737 3072 2801 αὐτὸς
3095 2738 3153 2792 ἐν
3183 2737 3295 2800 τοῖς
3323 2737 3540 2807 κριταῖς
3571 2732 3833 2804 γεγονὼς,
3855 2730 3899 2786 λ’
3917 2749 4023 2785 πα-

2442 2829 2509 2898 τὴ
2515 2847 2545 2900 ρ
2572 2828 2778 2884 παίδων
2808 2829 3053 2898 γέγονεν.

2520 2921 2698 2974 Δαϐὶδ
2716 2922 2745 2974 6
2774 2920 3029 2990 βασιλεὺς
3059 2919 3142 2992 κβ¹
3170 2921 3298 2985 τοὺς
3328 2920 3556 2982 πάντας.

2528 3011 2773 3079 Ῥοόοὰμ
2811 3012 2839 3063 6
2867 3011 2961 3065 τοῦ
2992 3010 3306 3082 Σολομῶνος
3338 3011 3473 3077 υἱὸς,
3506 3011 3656 3072 υἱοὺς
3686 3015 3772 3080 κη’
3802 3006 3898 3062 καὶ
3927 3006 4025 3061 θυ-

2447 3104 2579 3169 γατέ
2588 3119 2685 3171 ρας
2716 3104 2778 3169 ξ’.

2532 3195 2730 3260 Ἀϐίας
2761 3194 2874 3259 υἱὸς
2917 3193 3106 3267 [αὑτοῦ
3138 3194 3276 3267 (66)]
3302 3196 3448 3259 υἱοὺς
3473 3194 3558 3266 κβ⁰
3592 3196 3684 3249 καὶ
3714 3196 4027 3267 θυγατέρας

2448 3285 2538 3356 ιγ’.

2530 3380 2745 3450 Ἀχαὰὸ
2776 3381 2805 3434 6
2833 3380 2924 3434 τοῦ
2966 3378 3186 3452 Ἰσραὴλ
3216 3378 3471 3451 βασιλεὺς
3510 3377 3552 3432 ο¹
3587 3380 3754 3446 υἱοὺς,
3799 3378 3891 3446 οὓς
3920 3380 4033 3435 ἀπο

2448 3472 2693 3527 έκτεινεν
2740 3473 2775 3525 Ἰ
2782 3472 2901 3543 ῃοῦ.

2449 3587 2699 3642 ΚΕΦΛΛ.
2720 3584 3125 3650 ΛΔ⁹.-”οπως
3145 3585 3516 3654 κατενεμήθη
3546 3587 3579 3639 ὀ
3602 3584 3753 3650 λαὸς
3775 3584 3890 3651 τὴν
3912 3585 4034 3655 γῆν

2519 3656 2630 3724 τῆς
2670 3657 3051 3726 ἐπαγγελίας,
3085 3657 3165 3723 ὡς
3215 3656 3250 3710 6
3300 3655 3471 3724 Ναυῆ
3533 3655 3774 3723 Ἰησοῦς
3822 3656 4031 3723 αὐτοῖς

2520 3726 3032 3795 ἐκληροδότησεν.

2520 3841 2690 3911 Φυλὴ
2737 3842 2971 3911 Ῥουὸὶμ
2994 3839 3093 3895 καί
3134 3840 3281 3907 Γὰδ,
3314 3840 3410 3894 καί
3443 3840 3633 3910 ἥμισυ
3666 3840 3870 3911 φυλῆς
3903 3844 4030 3911 Mar

2449 3910 2685 4001 ’νασσῇ
2717 3910 2935 4004 Πρῶτοι
2958 3926 3106 3986 οὗτοι
3134 3933 3283 4001 παρὰ
3308 3932 3587 3996 Μωῦσέως
3617 3910 3715 4005 τὴν
3735 3910 3911 4004 πέραν
3929 3910 4028 3986 τοῧ

2462 4022 2728 4093 Ἰορδάνου
2758 4022 2941 4096 χώραν
2995 4023 3423 4093 παρειλήφασιν,
3442 4024 3543 4092 τὴν
3569 4024 3836 4095 πρότερον
3859 4017 4033 4077 οὖσαν

2464 4116 2811 4188 Ἀμορραίων
2851 4115 2945 4168 καὶ
2986 4115 3213 4183 Ῥαφὶμ,
3235 4114 3335 4186 τὴν
3364 4113 3727 4168 Βασσαανῖτιν
3755 4115 3993 4168 ἃπασαν.

2523 4205 2695 4274 Φυλή
2735 4205 3062 4274 Μανασσῆ,
3093 4206 3157 4259 τὸ
3182 4206 3373 4277 ἓτερον
3397 4207 3571 4277 ἥμισυ
3600 4206 3901 4277 σκῆπτρον,
3936 4206 4033 4258 πέ-

774 4305 838 4343 θ²
894 4303 1112 4358 (ιυοειιιθ
1169 4285 1659 4356 ίτίίηδίοτάίιηίεθῐη
1706 4288 1850 4342 (εἶναι
1892 4286 2198 4350 ῧθάθηων
2229 4298 2352 4354 (ιυω
2457 4315 2556 4369 ραν
2607 4299 2701 4353 καὶ
2746 4297 2907 4351 τοῦτο
2934 4297 3031 4352 τοῦ
3072 4298 3340 4371 Ἰορδάνου
3385 4299 3514 4371 περὶ
3557 4298 3805 4369 Γαδάραν
3837 4297 4039 4369 Γεργε-

774 4380 1184 4447 Gergeseorum
1220 4385 1360 4440 erat,
1388 4387 1444 4432 et
1474 4394 1595 4446 quae
1624 4395 1773 4433 nune
1805 4378 2011 4433 dicitur
2042 4377 2353 4449 Scythopo-

777 4471 843 4523 lis
878 4484 1049 4537 usque
1079 4467 1144 4520 ad
1171 4467 1440 4521 maritima
1476 4468 1607 4533 Dor,
1638 4471 1855 4539 accepit.

2457 4388 2627 4441 σαίων
2678 4387 2886 4458 χώραν,
2941 4387 3036 4442 καὶ
3077 4388 3178 4459 τὴν
3223 4386 3318 4442 νῦν
3348 4387 3649 4460 λεγομένην
3678 4386 4037 4455 Σκυθόπολιν,

2459 4480 2623 4549 μέχρι
2655 4480 2754 4550 τῆς
2781 4479 3055 4549 παραλίας
3084 4478 3204 4550 Δώρ
3230 4479 3365 4550 (45).

854 4562 1039 4616 Tribus
1081 4560 1227 4615 Iuda
1296 4561 1487 4616 habuit
1543 4562 1821 4631 regionem
1876 4560 2189 4615 universam
2231 4574 2354 4630 qua:
2386 4567 2431 4624 υ
2529 4593 2531 4607 ι

2386 4567 2431 4624 D
2529 4571 2696 4637 Φυλὴ
2759 4567 2981 4636 Ἰούδα,
3021 4570 3121 4641 τὴν
3150 4570 3334 4625 ἐπάνω
3363 4571 3460 4641 τῆς
3502 4569 3806 4641 Ἰδουμαίας
3850 4568 4038 4640 χώραν

776 4656 918 4725 jacet
944 4653 1012 4707 ad
1034 4653 1725 4722 septentrionesldunma,
1747 4652 2157 4722 porrigiturque
2178 4666 2353 4713 usque

2462 4664 2699 4727 ἃπασαν,
2726 4662 3027 4734 διήκουσαν
3056 4662 3221 4733 μέχρι
3253 4662 3354 4732 τῆς
3387 4661 3747 4729 Σοδομίτιδος,
3776 4662 3959 4726 πόλεις
3980 4662 4036 4716 δὲ

775 4747 844 4800 ad
872 4744 1177 4800 Sodomitin
1206 4764 1219 4799 :
1248 4745 1407 4814 cujus
1437 4744 1727 4799 maritimae
1769 4744 2025 4799 civitates
2054 4744 2213 4798 fuere
2240 4742 2349 4798 Ga-

778 4853 839 4891 za
874 4846 929 4891 et
955 4838 1209 4893 Ascalon.

853 4929 1039 4983 Tribus
1087 4928 1314 5000 Symeon
1360 4929 1675 4991 idumaeam,
1709 4944 1829 4998 quae
1870 4929 2155 4985 ﬁnitimam
2188 4930 2354 4985 habet

779 5014 1017 5085 Egypto
1054 5025 1111 5070 et
1141 5017 1358 5071 Arabia:
1402 5017 1732 5071 maritimam
1761 5019 2039 5087 regionem
2071 5018 2211 5073 ultra
2240 5017 2352 5073 Ga-

780 5121 898 5160 zam
927 5107 1179 5175 positam.

855 5198 1045 5252 Tribus
1101 5198 1379 5268 Benjamin
1425 5201 1618 5255 habuit
1681 5201 1901 5257 Jericho
1966 5212 2021 5258 et
2075 5203 2259 5261 Bethel
2303 5214 2357 5259 et

782 5291 1163 5362 Hierosolyma
1193 5307 1363 5362 usque
1395 5293 1461 5348 ad
1494 5308 1663 5350 mare.
1695 5294 1751 5347 In
1786 5302 2020 5367 angusto
2051 5305 2228 5351 tractu
2255 5297 2349 5367 qui

849 5476 897 5507 “
929 5475 946 5531 Ι
984 5472 1115 5543 Reg.
1158 5490 1272 5541 ut,
1302 5474 1354 5528 9.
1430 5474 1476 5506 ⁸³
1510 5474 1634 5531 Jud.
1665 5491 1720 5540 ς,
1752 5477 1806 5541 3,
1836 5478 1947 5539 τοῖς
1970 5476 2046 5530 0’.

782 5546 828 5578 ⁸⁷
866 5545 933 5601 IV
970 5543 1106 5616 Reg.
1144 5562 1197 5610 χ,
1227 5548 1275 5600 7.

850 5700 965 5771 (6‘2)
1003 5699 1076 5753 Ex
1100 5699 1215 5755 Gen
1249 5716 1357 5765 ειν,
1382 5701 1437 5771 5,.
1478 5700 1591 5769 lege
1628 5701 1918 5771 κατέκοψε.

853 5770 968 5838 in)
1007 5771 1145 5839 Lege
1186 5772 1370 5833 'Evaix,
1406 5770 1532 5825 Jud.
1567 5788 1604 5836 ι,
1630 5772 1715 5824 20.

852 5839 965 5911 (Ui)
999 5840 1189 5895 Deerat
1225 5844 1278 5895 in
1313 5842 1521 5907 Graeco,
1558 5853 1735 5897 exstat
1772 5843 1825 5897 in
1866 5843 2114 5899 versione
2146 5842 2362 5899 Fabric.

2153 5476 2197 5507 ⁸⁵
2225 5474 2351 5530 Jud.
2386 5492 2501 5541 xu.
2536 5477 2621 5533 15.

2461 4752 2603 4804 κατὰ
2632 4751 2910 4805 Θάλασσαν
2936 4749 3186 4820 ἔχουσαν,
3224 4750 3401 4814 Γάζαν
3423 4751 3517 4804 καὶ
3558 4749 3894 4803 ’Δσκάλωνα.

2535 4932 2704 5001 Φυλή
2732 4931 2998 5003 Συμεὼν,
3029 4931 3126 5003 τὴν
3160 4930 3488 5001 Ἰδουμαίαν,
3523 4930 3620 5001 τὴν
3648 4932 3910 4998 Δίγυπτῳ
3944 4930 4040 4984 καὶ

2475 5025 2704 5095 Ἀραϐίᾳ.
2738 5024 3007 5096 πρόσορον
3048 5023 3276 5094 ἔχουσαν
3311 5020 3577 5093 παράλιον
3608 5021 3742 5093 (46),
3777 5021 3875 5091 τὴν
3908 5020 4039 5074 ἐπέ-

2463 5135 2618 5171 κεινα
2644 5117 2844 5189 Γάζης.

2530 5213 2701 5279 Φυλὴ
2730 5211 3031 5279 Βενιαμίν,
3073 5209 3405 5281 Ἱεριχοῦντα
3435 5208 3532 5262 καὶ
3574 5206 3767 5277 Βεοὴλ,
3807 5206 3901 5259 καὶ
3943 5206 4043 5260 Ἰε-

2463 5303 2736 5375 ροσόλυμα
2766 5301 2871 5365 ἕως
2902 5302 3202 5371 θαλάσσης,
3226 5303 3284 5354 ὲν
3310 5299 3481 5370 στενῷ
3501 5298 3609 5353 ἀπὸ
3634 5297 3729 5351 τοῦ
3772 5297 4041 5369 Ἰορδάνου

2735 5477 2780 5511 ⁸³
2808 5478 2850 5533 ιι
2879 5478 3058 5535 Paral.
3103 5495 3180 5544 xi,
3215 5477 3305 5534 ΞΙ.
3421 5479 3467 5512 ⁸⁸
3506 5480 3548 5536 ΙΙ
3581 5480 3761 5539 Paral.
3792 5495 3914 5546 ιιιι,
3942 5479 4035 5533 2|.

2544 5704 2656 5771 (65)
2836 5706 2987 5778 παρά
3014 5707 3273 5778 Δίδωρον.

2546 5759 2655 5846 liti)
2690 5759 2794 5833 Ms.
2830 5759 3349 5850 πρῧςδρονήέγουσα
3376 5780 3505 5849 παρ’
3532 5778 3707 5837 ἄλλον.
