4248 6438
734 382 804 444 39
2214 370 2411 436 JOSEI

2308 376 2513 436 SEPPI
3914 368 3985 431 40

805 494 882 548 Ex
912 492 1054 548 tribu
1090 490 1341 545 Issachar
1370 505 1387 542 :
1427 485 1607 555 Cisso,
1647 498 1702 545 et
1742 488 2034 555 Rhamath,
2073 496 2124 542 et
2161 487 2301 543 Deh-
2331 496 2377 549 Α

734 588 917 651 liatha,
951 593 1004 641 et
1034 584 1204 638 llelie.
1235 582 1497 638 Civitates
1527 599 1599 636 ιν.

806 769 881 823 Ex
912 767 1052 823 tribu
1090 766 1254 819 Aser:
1277 764 1503 831 Masala,
1535 774 1587 821 ct
1612 763 1851 827 Abdoth,
1876 773 1929 819 et
1950 760 2231 825 Chelcath,
2257 773 2310 817 et

736 861 905 913 Raab.
935 859 1191 914 Civitates
1225 874 1297 914 tv.

805 1037 880 1090 Ex
909 1039 1049 1092 tribu
1082 1038 1423 1106 Ncpluhah'm
1450 1038 1658 1092 :Cedes
1677 1040 1730 1091 in
1752 1036 1994 1101 Galilaea,
2013 1047 2066 1090 et
2091 1036 2306 1102 Emath,

735 1139 788 1182 et
812 1129 1025 1185 Carein.
1067 1129 1323 1184 Civitates
1355 1145 1438 1186 ιιι.

807 1316 884 1370 Ex
927 1316 1071 1371 tribu
1119 1316 1358 1369 Zabulon
1385 1331 1403 1367 :
1433 1313 1672 1380 Jeccom,
1700 1322 1755 1368 ct
1778 1311 1987 1379 Cassir,
2026 1323 2081 1368 ct
2111 1313 2312 1370 Rhem-

736 1423 885 1472 mon,
914 1417 966 1461 et
989 1407 1164 1462 Ellan.
1194 1407 1455 1462 Civitates
1488 1421 1561 1462 tv.

810 1589 886 1643 Ex
919 1589 1058 1642 tribu
1094 1587 1281 1641 Rubim
1310 1607 1328 1645 :
1367 1602 1515 1642 trans
1542 1587 1868 1654 Jordanem,
1906 1587 2100 1653 Bosor,
2135 1599 2190 1644 et
2219 1588 2311 1643 Ja-

738 1680 839 1747 zir,
865 1679 1223 1743 ctCedmoth,
1253 1686 1306 1732 et
1344 1678 1614 1746 Aphaath.
1654 1676 1919 1732 Civitates
1955 1693 2027 1734 Iv.

812 1851 884 1904 Ex
912 1852 1051 1905 tribu
1078 1849 1235 1905 Gud:
1260 1849 1514 1915 Ramoth,
1546 1859 1599 1906 et
1628 1850 1963 1918 Matthanen,
1998 1864 2049 1909 et
2074 1852 2312 1920 Esebon,
2342 1827 2391 1885 Β

737 1953 791 1999 et
818 1943 963 1997 Azir.
999 1942 1093 1998 Hae
1116 1959 1339 2014 quoque
1370 1944 1619 1999 civitates
1649 1961 1723 1998 tv.

736 2143 886 2200 CAP.
942 2144 1181 2202 XXKlV.
1235 2176 1305 2218 -τ
1348 2147 1620 2213 Quasnam
1664 2158 1910 2218 ceperunt
1964 2150 2204 2205 civitates
2263 2160 2314 2205 et

1057 2234 1197 2287 rcges
1218 2258 1232 2282 ,
1259 2216 1413 2273 Iesus
1444 2228 1492 2273 et
1523 2216 1924 2288 Caleph'ﬁdeles
1958 2221 1995 2274 ⁸.

808 2310 834 2364 1
871 2308 1069 2380 Regem
1093 2308 1332 2372 Jericho.
1365 2311 1400 2364 2
1446 2320 1500 2368 et
1528 2327 1704 2383 regem
1730 2310 1850 2377 Gai,
1885 2328 2003 2382 qua:
2028 2310 2131 2368 fuit
2152 2327 2319 2383 prope

738 2401 946 2469 Bethel,
983 2403 1016 2457 ὅ
1067 2402 1266 2472 Regem
1315 2401 1641 2470 Jerusalem,
1692 2406 1727 2459 4
1778 2403 1980 2475 Regem
2036 2404 2315 2471 Chebron,

740 2493 773 2547 ὅ
801 2492 999 2561 Regem
1037 2492 1258 2559 Lachis,
1300 2495 1333 2549 6
1369 2496 1565 2566 Regem
1595 2494 1890 2563 Jerimuth,
1920 2496 1950 2549 7
1986 2496 2187 2568 Regem
2215 2496 2319 2553 Ga-

738 2602 851 2650 zer,
885 2586 916 2641 8
952 2586 1149 2656 Regem
1187 2586 1424 2656 Eglom,
1456 2588 1489 2643 9
1519 2590 1720 2659 Regem
1750 2589 1917 2644 Ader.

811 2769 879 2823 10
913 2772 1111 2842 Regem
1144 2771 1337 2837 Daber,
1383 2774 1439 2828 ll
1483 2774 1682 2844 Regem
1718 2773 1989 2841 Odollam,
2024 2775 2092 2830 l2
2118 2775 2317 2848 Regem

740 2862 962 2927 Herma,
1014 2865 1079 2919 15
1129 2863 1330 2935 Regem
1386 2867 1676 2937 Thapphu,
1731 2869 1800 2923 14
1852 2867 2056 2940 Regem
2109 2869 2316 2939 Lebna,

743 2954 811 3009 15
847 2952 1048 3025 Regem
1082 2956 1207 3023 Bec,
1238 2958 1305 3012 16
1333 2958 1534 3029 Regem
1566 2960 1806 3027 Maceda,
1840 2962 1907 3016 l7
1937 2961 2138 3033 Regem
2164 2964 2321 3020 Sam-

742 3061 866 3109 ron,
894 3048 958 3102 l8
982 3046 1177 3118 Regem
1204 3050 1407 3120 Opher,
1451 3053 1519 3107 l9
1549 3052 1747 3123 Regem
1773 3054 2048 3126 Achsaph.

2488 488 2626 542 Ἀπὸ
2692 486 2871 558 φυλῆς
2939 485 3269 554 Ἰσσάχαρ·
3319 484 3417 554 τὴν
3479 480 3689 546 Κισσιῖι,
3742 484 3837 535 καὶ
3885 483 3986 548 τὴν

2421 577 2657 649 Ῥαμὰθ,
2693 579 2786 632 καὶ
2812 578 2910 649 τὴν
2944 576 3212 643 Δεϐἦαοὰ,
3232 578 3327 630 καὶ
3352 575 3449 646 τὴν
3496 574 3664 627 Ἦλίν.
3697 568 3867 628 Αὗται
3890 576 3988 626 πό-

2411 673 2525 734 λεις
2563 671 2625 724 δ’.

2495 762 2627 815 ’Λπὸ
2674 762 2845 834 φυλῆς
2883 762 3100 830 ’Δσήρ’
3132 760 3232 832 τὴν
3278 757 3534 823 Μασαλα,
3589 758 3682 810 καὶ
3718 755 3817 828 τὴν
3859 754 3986 808 ’Δε-

2409 856 2541 921 δὼο,
2576 856 2673 909 καὶ
2716 854 2815 925 τὴν
2858 854 3099 918 Χελκὰθ,
3149 853 3244 907 καὶ
3290 852 3390 922 τὴν
3435 848 3628 905 Ῥαὰϐ.
3679 839 3850 902 Abeat
3883 852 3982 900 πὸ-

2411 948 2521 1013 λεις
2547 948 2610 1005 δ’.

2496 1042 2628 1095 Ἀπὸ
2670 1040 2840 1110 φυλῆς
2869 1038 3208 1108 Νεφθαλείμ
3231 1052 3244 1066 ·
3280 1037 3380 1109 τὴν
3414 1035 3580 1099 Κεδὲς
3629 1036 3686 1088 έν
3727 1037 3793 1104 τῇ
3831 1032 3985 1086 Γαλι-

2412 1134 2561 1204 λαίᾳ,
2614 1134 2712 1189 καὶ
2758 1131 2858 1203 τὴν
2890 1130 3087 1202 Ἐμὰθ,
3133 1130 3228 1184 καὶ
3257 1129 3355 1201 τὴν
3389 1130 3616 1199 Καρεῖν.
3668 1121 3840 1180 Αὖται
3889 1126 3984 1177 πό-

2413 1229 2523 1289 λεις
2543 1227 2611 1296 γ’.

2497 1320 2630 1373 Ἀπὸ
2657 1320 2831 1390 φυλῆς
2876 1317 3235 1373 Ζαϐουνῑιιῖιν⁹
3284 1316 3384 1386 τὴν
3435 1312 3695 1381 ἰεκκὼμ,
3745 1310 3838 1366 καὶ
3889 1310 3986 1376 τὴν

2414 1414 2679 1483 Κασσεὶρ,
2716 1413 2809 1465 καὶ
2849 1411 2949 1481 τὴν
2988 1408 3269 1481 Ῥεμμὼν,
3307 1407 3402 1461 καὶ
3433 1405 3532 1477 τὴν
3576 1402 3785 1457 Ἐλλάν.
3817 1396 3987 1456 Abte:

2413 1502 2595 1565 πόλεις
2620 1502 2681 1555 δ’.

2494 1592 2628 1647 Ἀπὸ
2675 1592 2847 1662 φυλῆς
2887 1591 3161 1660 Ῥουόίμο
3218 1588 3394 1659 πέραν
3429 1586 3525 1640 τοῦ
3568 1584 3856 1657 Ἰορδάνου,
3891 1582 3989 1652 τὴν

2416 1685 2607 1755 Βόσορ,
2638 1684 2733 1737 καὶ
2755 1683 2853 1754 τὴν
2889 1680 3217 1751 ’1αζεὶρ,καὶ
3239 1679 3337 1749 τὴν
3354 1676 3609 1749 Κεδμὼϐ,
3634 1676 3730 1731 καὶ
3756 1673 3987 1742 Ἀφαάθ.

2418 1770 2588 1830 Αὗται
2617 1776 2801 1837 πόλεις
2828 1773 2892 1828 δ’.

2498 1864 2631 1918 ’Δπδ
2656 1865 2829 1935 φυλῆς
2877 1862 3042 1918 Γὰδο
3098 1863 3197 1935 τῆν
3242 1860 3488 1933 Ῥαμὼθ,
3529 1862 3624 1915 καὶ
3674 1857 3988 1928 Ματθανὴν,

2418 1957 2514 2010 καὶ
2550 1958 2647 2027 τὴν
2694 1955 2953 2023 Ἐσεόὦν,
3008 1957 3101 2011 καὶ
3147 1955 3248 2026 τὴν
3283 1954 3488 2023 Ἀζώρ.
3536 1953 3647 2006 Καὶ
3695 1942 3857 2005 αὗται
3891 1950 3991 2003 πό-

2417 2049 2531 2113 λεις
2565 2047 2626 2102 δ’.

2419 2161 2672 2215 ΚΕΦΑΔ.
2706 2159 2825 2216 AA'.
2858 2190 2930 2200 —
2973 2162 3145 2226 Τίνας
3182 2159 3472 2228 εἰλήφασι
3516 2157 3724 2222 πόλεις
3753 2154 3851 2228 καὶ
3876 2155 3995 2221 ,βα-

2536 2231 2752 2299 σιλεῐς,
2796 2230 3029 2299 Ἰησοῦς
3064 2232 3162 2285 καὶ
3193 2227 3397 2299 nam
3424 2232 3479 2283 οἱ
3508 2231 3712 2282 πιστοί
3735 2227 3870 2299 (51).

2491 2353 2539 2400 α’
2574 2346 2685 2417 (52)
2738 2347 2843 2400 Τὸν
2878 2346 3107 2417 βασιλέα
3153 2345 3385 2418 Ἰεριχὼ,
3433 2344 3477 2415 β’
3508 2345 3603 2400 καὶ
3634 2345 3725 2398 ιιδν
3772 2342 3996 2414 βασιλέα

2417 2439 2515 2508 τῆς
2546 2437 2666 2500 Γαῖ,
2696 2437 2731 2508 ἥ
2765 2439 2880 2490 ἐστι
2904 2437 3131 2506 πλησίον
3162 2436 3356 2508 Βεθὴλ,
3387 2442 3436 2504 γ’
3462 2434 3689 2505 βασιλέα
3721 2434 3990 2504 Ἰερουσα-

2419 2529 2550 2600 λὴμ,
2586 2527 2627 2582 δ’
2662 2529 2886 2599 βασιλέα
2908 2529 3157 2599 Χεῆρῶν,
3190 2534 3230 2580 ε’
3264 2527 3495 2598 βασιλέα
3531 2525 3721 2595 Λάχις,
3755 2524 3808 2589 ς’
3837 2523 3997 2594 βασι-

2421 2621 2516 2675 λέα
2551 2621 2846 2693 Ὶεριμοὺθ,
2871 2621 2915 2687 ζ’
2945 2620 3170 2693 βασιλέα
3198 2622 3238 2674 Γ
3241 2620 3396 2692 αζὲρ,
3417 2618 3473 2691 η’
3495 2617 3721 2690 βασιλέα
3748 2615 3994 2687 Δίγλὼμ,

2421 2713 2465 2766 θ’
2499 2712 2727 2784 βασιλέα
2766 2713 2943 2784 Ἀδέρ.

2494 2802 2523 2855 ι’
2558 2801 2794 2856 Βασιλέα
2822 2802 3029 2873 Δασὴρ,
3064 2802 3133 2857 ια’
3164 2803 3385 2873 βασιλέα
3436 2802 3718 2873 Ὀδολλὰμ,
3748 2801 3813 2871 ιβ’
3844 2801 4001 2872 βασι-

2419 2894 2515 2949 λέα
2553 2895 2753 2965 Ἑρμᾶ,
2793 2902 2859 2962 ιγ’
2888 2893 3119 2965 βασιλέα
3150 2894 3402 2965 Θαπφοῦ,
3432 2893 3494 2949 ιδ’
3521 2894 3750 2965 βασιλέα
3792 2894 3995 2957 Λεϐνᾶ,

2424 2993 2481 3039 ιε’
2517 2985 2740 3054 βασιλέα
2787 2984 2915 3047 Βὲκ,
2970 2984 3045 3048 ις’
3087 2984 3315 3055 βασιλέα
3356 2986 3615 3056 Μακηδὰ,
3662 2986 3729 3051 ιζ’
3771 2984 3999 3056 βασιλέα

2422 3083 2676 3153 Σαμρῶν,
2714 3089 2783 3153 ιη’
2818 3081 3041 3153 βασιλέα
3079 3079 3267 3151 ’οφὲρ,
3306 3077 3371 3133 ιϐ’
3406 3080 3630 3149 βασιλέα
3672 3079 3902 3150 Ἀχσάφ.

812 3139 884 3194 20
928 3139 1128 3212 Regem
1171 3144 1333 3211 Asor,
1380 3143 1444 3198 2|
1494 3143 1695 3216 Regem
1747 3144 1986 3214 Meldon,
2014 3147 2085 3201 22
2116 3147 2313 3220 Regem
2347 3167 2389 3226 ο

2347 3167 2389 3226 c
2495 3139 3048 3244 animum,
3080 3139 3166 3226 καῖ
3198 3139 3428 3244 βασιλέα
3456 3171 3699 3237 Μελδὼν,
3727 3139 3809 3241 {is
3839 3139 3997 3242 βασι-

743 3232 1027 3298 Marrhon,
1074 3236 1144 3290 2'5
1185 3236 1386 3307 Regem
1441 3236 1638 3302 Cedes,
1690 3238 1760 3292 2i
1815 3238 2016 3311 Regem
2075 3241 2321 3308 Thanac,

744 3324 816 3377 25
848 3325 1047 3395 Regem
1088 3325 1348 3383 Jeronam
1388 3328 1713 3397 Charmelis,
1749 3330 1821 3384 26
1857 3331 2054 3403 Regem
2098 3333 2223 3400 Dor,
2254 3335 2324 3389 27

746 3415 947 3488 Regem
971 3415 1184 3489 Napher
1219 3420 1347 3487 Dor,
1389 3420 1458 3476 28
1492 3420 1696 3493 Regem
1730 3423 1868 3480 Goin
1895 3424 2085 3497 Gogel,
2118 3426 2188 3483 29
2218 3427 2327 3485 Re-

744 3527 866 3579 gem
907 3512 1131 3567 Thersa.

818 3601 1019 3659 Omnes
1044 3605 1154 3671 isti,
1185 3622 1341 3679 reges
1386 3624 1517 3663 xxtx
1569 3626 1709 3681 quos
1742 3612 1964 3667 sustulit
2004 3612 2166 3671 Iesus
2196 3631 2321 3672 eum

747 3694 1060 3753 civitatibus
1094 3714 1305 3767 eorum,
1349 3718 1488 3772 quas
1525 3702 1667 3759 forte
1700 3704 1983 3761 distribuit
2014 3708 2069 3763 in
2101 3709 2325 3766 heredi-

747 3796 909 3842 tatem
944 3789 1069 3846 ﬁliis
1094 3792 1285 3850 Israel.

744 3898 900 3955 CAP.
929 3902 1245 3980 XXU._—
1266 3906 1498 3972 Quinam
1524 3927 1663 3980 reges
1688 3925 2035 3970 convenerunt
2063 3916 2116 3970 in
2135 3917 2324 3974 vallem

1077 3976 1301 4043 salsam,
1324 3995 1454 4048 quos
1478 3976 1662 4034 cecidit
1696 3984 1985 4038 Abraham.

818 4086 1063 4156 Marphal
1108 4104 1201 4144 rex
1243 4091 1531 4148 Sennaar:
1571 4095 1773 4151 Arioch
1812 4112 1905 4151 rex
1935 4097 2088 4154 Ellaa
2126 4118 2137 4151 :
2180 4102 2326 4157 Cho-

743 4178 1091 4250 dollogomor
1118 4198 1213 4237 rex
1249 4182 1401 4238 Elam
1431 4203 1445 4239 :
1482 4185 1728 4257 Thargar
1751 4202 1847 4243 rex
1880 4191 2147 4260 gentium.

744 4386 901 4443 CAP.
943 4388 1179 4445 XXXVI.
1222 4421 1293 4431 —
1346 4391 1611 4467 Quisunl
1656 4411 1819 4467 reges,
1872 4413 2003 4467 quos
2057 4398 2327 4453 Abraham

1274 4465 1495 4517 servavit
1522 4481 1638 4517 cum
1678 4465 1794 4518 Lor.

820 4596 993 4649 Ellam
1039 4611 1218 4667 regem
1271 4598 1631 4655 Sodomorum
1675 4617 1689 4655 :
1742 4603 2094 4672 Megabersan
2138 4621 2320 4674 regem

744 4688 1107 4743 Contorrhae:
1142 4689 1387 4746 Sennaar
1423 4708 1602 4764 regem
1638 4694 1969 4751 Adamorum
2005 4716 2017 4752 :
2056 4698 2326 4755 Somobor

752 4795 931 4848 regem
961 4780 1193 4836 Seboem
1224 4800 1237 4834 :
1272 4781 1431 4838 Balac
1460 4800 1636 4851 regem
1680 4783 1874 4857 Segor.
1907 4788 2019 4845 Hos
2051 4791 2322 4847 Abraham

752 4874 1036 4928 insecutus
1076 4875 1421 4945 eripiensque
1447 4893 1478 4933 a
1507 4880 1821 4949 captivitate
1870 4884 2172 4940 incolumes
2212 4902 2321 4941 ser-

752 4971 918 5035 vavit,
979 4973 1206 5026 armatis
1252 4974 1303 5026 in
1346 4974 1572 5041 gratiam
1621 4989 1813 5031 eorum
1864 4981 2040 5035 servis
2064 4981 2200 5047 suis,
2232 4982 2324 5052 qui

746 5072 908 5116 erant
938 5078 1165 5116 numero
1191 5080 1440 5119 CCCXVIII.

746 5175 904 5231 CAP.
928 5174 1263 5231 XXXVII.—
1292 5180 1522 5245 Quinam
1545 5181 1749 5238 Ilebrmi
1767 5201 1885 5237 cum
1902 5195 2071 5241 essent
2092 5186 2322 5242 etlmicas

1286 5268 1475 5305 uxores
1509 5260 1792 5309 duxerunt.

822 5357 993 5412 Judas
1022 5360 1181 5415 duxit
1228 5362 1358 5429 Sua,
1390 5381 1458 5419 ex
1489 5382 1596 5436 qua
1631 5368 1821 5422 habuit
1851 5370 1990 5425 lilios
2016 5371 2102 5425 Sir
2134 5380 2189 5425 et
2214 5371 2325 5425 Au-

749 5466 821 5506 na
846 5460 899 5505 et
925 5451 1115 5507 Silom.
1144 5454 1364 5525 Accepit
1385 5472 1547 5526 porro
1570 5476 1794 5515 uxorem
1822 5462 2060 5517 Thamar
2090 5465 2199 5518 lilio
2226 5480 2326 5518 suo

748 5544 837 5599 Sir
861 5561 877 5611 ;
907 5560 1017 5615 quo
1041 5557 1277 5614 mortuo,
1305 5548 1454 5605 dedit
1477 5567 1594 5606 eam
1621 5553 1672 5607 in
1693 5556 2104 5610 matrimonium
2135 5555 2322 5613 Annae.

822 5726 935 5795 (5|)
962 5725 1164 5783 Confer
1200 5729 1313 5783 Jos.
1346 5746 1444 5792 xtl,
1477 5731 1631 5785 9-25.

827 5798 939 5866 (52)
971 5797 1086 5867 Ipse
1110 5816 1365 5855 numeres
1398 5806 1642 5873 apposui.

2344 4511 2403 4572 1)

2425 3268 2521 3321 λέα
2565 3266 2831 3338 Μαρρὼν,
2871 3273 2953 3336 κγ’
2986 3266 3210 3337 βασιλέα
3256 3266 3455 3330 Κέδες,
3507 3265 3584 3318 κδ’
3622 3265 3846 3335 βασιλέα
3890 3264 4001 3318 Θα-

2426 3359 2550 3424 vix,
2585 3357 2663 3412 κε’
2695 3358 2919 3429 βασιλέα
2966 3356 3215 3427 Ἰεκονὰμ
3243 3357 3336 3410 τοῦ
3374 3356 3612 3427 Χερμὲλ,
3648 3361 3739 3421 κς¹
3772 3355 4001 3427 βασιλέα

2423 3452 2578 3521 Δῶρ,
2630 3448 2714 3516 κζ’
2764 3450 2991 3521 βασιλέα
3041 3449 3139 3503 τοῦ
3190 3450 3379 3519 Ναφὲρ
3435 3450 3578 3518 Δῶρ,
3631 3454 3718 3518 κη’
3774 3448 4003 3519 βασιλέα

2426 3544 2580 3615 Γωῒμ
2601 3544 2713 3617 (55)
2736 3545 2834 3614 τῆς
2865 3543 3053 3611 Γογὶλ,
3082 3544 3164 3597 κειν
3197 3543 3418 3613 βασιλέα
3441 3541 3643 3612 Θερσά.

2495 3638 2700 3701 Πάντες
2734 3630 2880 3690 οὗτοι
2912 3636 3150 3706 βασιλεῖς
3178 3635 3258 3688 κθ⁹
3289 3634 3382 3697 οὓς
3411 3635 3621 3687 ἀνεῖλεν
3669 3632 3872 3703 Ἰησοῦς
3902 3632 4003 3685 σὺν

2424 3734 2547 3794 ταῖς
2588 3730 2809 3784 πόλισιν
2857 3728 3061 3796 αὐτῶν,
3094 3729 3188 3782 καὶ
3225 3727 3652 3798 ὶςιληροδότησεν
3685 3725 3854 3789 αὑτὰς
3888 3726 4006 3789 τοῖς

2427 3822 2562 3885 υἱοῖς
2609 3820 2847 3892 Ἰσραήλ.

2426 3934 2679 3987 ΚΕΦΑᾹ.
2711 3935 2835 3987 AE'.
2876 3965 2947 3976 —
2979 3934 3143 3999 Τίνες
3166 3935 3219 3987 al
3242 3932 3527 3998 ,ϐασιλεῖς
3552 3931 3908 3997 ἐπελθόντες
3929 3928 4005 3999 τῇ

2577 4003 2781 4073 ddum}
2810 4004 3045 4058 πεδιάδι
3078 4004 3186 4069 οὓς
3217 4003 3517 4067 ἐπάταξεν
3565 4002 3840 4071 Ἀϐραάμ.

2497 4118 2760 4190 Μαρφὰλ,
2821 4117 3077 4189 βασιλεὺς
3129 4118 3405 4188 Σενναάρ’
3473 4118 3695 4187 Ἀριὼχ,
3752 4114 4008 4185 βασιλεὺς

2439 4211 2669 4266 Ἐλλαά’
2708 4208 3138 4282 Χοδολλογόμορ,
3186 4209 3442 4280 βασιλεὺς
3497 4209 3702 4280 Ἐλάμ·
3752 4208 4005 4279 Θαργὰρ,

2430 4304 2683 4374 βασιλεὺς
2716 4303 2906 4357 ἐθνῶν.

2429 4419 2677 4474 ΚΕΦΔΛ.
2709 4416 2849 4486 ΑΕΓ.
2880 4449 2950 4458 -
2980 4418 3145 4482 Τίνες
3165 4419 3218 4471 ol
3240 4416 3544 4481 βασιλεῖς.
3572 4415 3682 4483 οὓς
3710 4415 4008 4470 διέσωσεν

2864 4489 3117 4557 Ἀϐραὰμ
3140 4487 3291 4557 μετὰ
3324 4488 3432 4541 τοῦ
3464 4486 3613 4542 Λώτ.

2515 4620 2740 4692 Ἐλλὰμ,
2779 4619 3007 4690 βασιλέα
3038 4619 3313 4690 Σοδόμων·
3351 4617 3731 4691 Μεγαὸερσᾶν,
3778 4620 4011 4691 βασιλέα

2432 4712 2756 4783 Γομόρρας·
2822 4712 3085 4783 Σενναάρ,
3131 4711 3354 4781 βασιλέα
3401 4712 3685 4781 Ἀδαμῶν⁹
3740 4712 4007 4784 Σομοεδρ,

2433 4802 2660 4873 βασιλέα
2710 4802 2944 4874 Σεὸώημ
2969 4820 2985 4837 ο
3022 4803 3223 4869 Βαλὰκ,
3266 4801 3489 4873 βασιλέα
3538 4803 3729 4875 Σεγόρ.
3774 4804 4011 4869 Τούτους

2446 4895 2703 4967 Ἀϐραὰμ
2737 4895 3033 4962 ἐπιδιώξας
3066 4895 3159 4949 καὶ
3186 4894 3391 4949 ἀνελὼν
3437 4895 3503 4947 ὲκ
3526 4893 3627 4963 τῆς
3677 4895 4007 4965 ἀπαγωγῆς,

2433 4988 2777 5054 ὑπεξειλατο,
2806 4987 3235 5059 ἐπιστρατεύσας
3262 4989 3448 5052 αὐτοῖς
3488 4989 3615 5053 τοὺς
3652 4986 3849 5042 ἑαυτοῦ
3882 4992 4012 5042 παῖ-

2432 5081 2547 5145 δας,
2578 5081 2742 5145 ὄντας
2778 5080 2868 5134 τὸν
2904 5081 3140 5153 ἀριθμὸν
3167 5081 3292 5155 τιη’.

2434 5195 2684 5249 ΚΕΦΑΛ.
2719 5193 2840 5247 ΛΖ’.
2895 5224 2967 5237 -
3022 5196 3188 5269 Τίνες
3229 5197 3488 5269 Ἑϐραῖοι
3530 5196 3823 5269 γυναῖκας
3855 5197 4011 5252 ἐθνι-

2994 5265 3107 5331 κὰς
3125 5265 3441 5337 ήγάτοὲτο.

2518 5377 2740 5445 Ἰούδας
2772 5378 2872 5449 τὴν
2909 5379 3073 5443 Σουὰ,
3108 5380 3167 5444 ἐξ
3211 5375 3281 5452 ἧς
3321 5381 3481 5452 έσχεν
3532 5383 3705 5445 υἱοὺς,
3731 5381 3822 5436 τὸν
3860 5380 4011 5450 Σεὶρ,

2434 5472 2532 5525 καὶ
2570 5471 2662 5524 τὸν
2712 5472 2881 5539 Αὑνᾶ,
2929 5473 3023 5526 καὶ
3066 5471 3157 5524 τὸν
3195 5473 3400 5543 Σιλώμ.
3441 5474 3643 5528 Ἐλασε
3689 5474 3746 5528 δὲ
3778 5474 4013 5542 γυναῖκα

2436 5562 2533 5632 τὴν
2561 5563 2759 5634 Θάμαρ
2789 5564 2867 5635 τῷ
2914 5564 3016 5636 υἱῷ
3057 5565 3222 5619 αὐτοῦ
3259 5568 3404 5638 Σεὶρ,
3442 5568 3537 5621 καὶ
3583 5568 3775 5621 τούτου
3805 5563 4012 5618 ἀποθα-

2507 5740 2621 5810 (53)
2660 5738 2767 5795 |.e.
2803 5742 3033 5798 Calilurre
3064 5746 3321 5816 gentium.
