  <div class='ocr_page' id='page_1' title='image "/cluster/home/n/w/nwhite01/storage/ocr_20150623/106/nnc1.0046979980/030.png"; bbox 0 0 4248 6438; ppageno 0'>
   <div class='ocr_carea' id='block_1_1' title="bbox 271 428 3525 500">
    <p class='ocr_par' dir='ltr' id='par_1_1' title="bbox 271 428 3525 500">
     <span class='ocr_line' id='line_1_1' title="bbox 271 428 3525 500; baseline 0.001 -11"><span class='ocrx_word' id='word_1_1' title='bbox 271 434 350 500; x_wconf 77' lang='grc'><strong>45</strong></span> <span class='ocrx_word' id='word_1_2' title='bbox 1451 429 1822 490; x_wconf 83' lang='lat' dir='ltr'><strong>LIBELLUS</strong></span> <span class='ocrx_word' id='word_1_3' title='bbox 1860 428 2354 490; x_wconf 79' lang='lat' dir='ltr'><strong>MEMORIALIS.</strong></span> <span class='ocrx_word' id='word_1_4' title='bbox 3455 429 3525 493; x_wconf 69' lang='grc'><strong>46</strong></span> 
     </span>
    </p>
   </div>
   <div class='ocr_carea' id='block_1_2' title="bbox 272 540 1949 617">
    <p class='ocr_par' dir='ltr' id='par_1_2' title="bbox 272 541 1918 617">
     <span class='ocr_line' id='line_1_2' title="bbox 272 541 1918 617; baseline -0.002 -19"><span class='ocrx_word' id='word_1_5' title='bbox 272 549 521 617; x_wconf 83' lang='grc' dir='ltr'>τείχους,</span> <span class='ocrx_word' id='word_1_6' title='bbox 582 542 724 598; x_wconf 73' lang='grc' dir='ltr'>κατὰ</span> <span class='ocrx_word' id='word_1_7' title='bbox 778 543 871 597; x_wconf 82' lang='grc' dir='ltr'><strong>τοῦ</strong></span> <span class='ocrx_word' id='word_1_8' title='bbox 930 541 1164 614; x_wconf 77' lang='grc' dir='ltr'>κράνους</span> <span class='ocrx_word' id='word_1_9' title='bbox 1225 541 1389 595; x_wconf 74' lang='grc' dir='ltr'>αὐτοῦ</span> <span class='ocrx_word' id='word_1_10' title='bbox 1449 543 1841 614; x_wconf 76' lang='grc' dir='ltr'>ἀπορῤιφέντι,</span> <span class='ocrx_word' id='word_1_11' title='bbox 1875 552 1918 605; x_wconf 77' lang='grc' dir='ltr'><strong>Α</strong></span> 
     </span>
    </p>
   </div>
   <div class='ocr_carea' id='block_1_3' title="bbox 1848 540 3525 617">
    <p class='ocr_par' dir='ltr' id='par_1_3' title="bbox 1875 540 3525 612">
     <span class='ocr_line' id='line_1_3' title="bbox 1875 540 3525 612; baseline 0.002 -18"><span class='ocrx_word' id='word_1_12' title='bbox 1875 552 1918 605; x_wconf 76' lang='grc' dir='ltr'><strong>Α</strong></span> <span class='ocrx_word' id='word_1_13' title='bbox 1953 553 2134 596; x_wconf 85' lang='lat' dir='ltr'><strong>mento</strong></span> <span class='ocrx_word' id='word_1_14' title='bbox 2184 543 2251 596; x_wconf 90' lang='lat' dir='ltr'><strong>de</strong></span> <span class='ocrx_word' id='word_1_15' title='bbox 2288 556 2446 596; x_wconf 88' lang='lat' dir='ltr'><strong>muro</strong></span> <span class='ocrx_word' id='word_1_16' title='bbox 2497 543 2550 596; x_wconf 91' lang='lat' dir='ltr'><strong>in</strong></span> <span class='ocrx_word' id='word_1_17' title='bbox 2587 551 2748 612; x_wconf 87' lang='lat' dir='ltr'><strong>caput</strong></span> <span class='ocrx_word' id='word_1_18' title='bbox 2799 540 2920 609; x_wconf 86' lang='lat' dir='ltr'><strong>ejus</strong></span> <span class='ocrx_word' id='word_1_19' title='bbox 2957 542 3236 611; x_wconf 80' lang='lat' dir='ltr'><strong>projecto.</strong></span> <span class='ocrx_word' id='word_1_20' title='bbox 3269 557 3297 595; x_wconf 92' lang='lat' dir='ltr'><strong>e</strong></span> <span class='ocrx_word' id='word_1_21' title='bbox 3347 544 3525 598; x_wconf 88' lang='lat' dir='ltr'><strong>medio</strong></span> 
     </span>
    </p>
   </div>
   <div class='ocr_carea' id='block_1_4' title="bbox 271 638 559 692">
    <p class='ocr_par' dir='ltr' id='par_1_4' title="bbox 271 638 559 692">
     <span class='ocr_line' id='line_1_4' title="bbox 271 638 559 692; baseline 0.014 -4"><span class='ocrx_word' id='word_1_22' title='bbox 271 638 559 692; x_wconf 76' lang='grc' dir='ltr'>ἀνελοῦσα.</span> 
     </span>
    </p>
   </div>
   <div class='ocr_carea' id='block_1_5' title="bbox 347 724 1851 799">
    <p class='ocr_par' dir='ltr' id='par_1_5' title="bbox 347 724 1851 799">
     <span class='ocr_line' id='line_1_5' title="bbox 347 724 1851 799; baseline -0.004 -18"><span class='ocrx_word' id='word_1_23' title='bbox 347 731 454 781; x_wconf 73' lang='grc' dir='ltr'><strong>Καὶ</strong></span> <span class='ocrx_word' id='word_1_24' title='bbox 482 732 514 799; x_wconf 78' lang='grc' dir='ltr'><strong>ἡ</strong></span> <span class='ocrx_word' id='word_1_25' title='bbox 557 730 649 782; x_wconf 85' lang='grc' dir='ltr'>τὸν</span> <span class='ocrx_word' id='word_1_26' title='bbox 683 726 865 782; x_wconf 76' lang='grc' dir='ltr'>Σαΰεὲ</span> <span class='ocrx_word' id='word_1_27' title='bbox 897 726 976 790; x_wconf 83' lang='grc' dir='ltr'>δὲ,</span> <span class='ocrx_word' id='word_1_28' title='bbox 1009 725 1100 779; x_wconf 69' lang='grc' dir='ltr'><strong>τὸν</strong></span> <span class='ocrx_word' id='word_1_29' title='bbox 1129 724 1222 778; x_wconf 89' lang='grc' dir='ltr'><strong>τοῦ</strong></span> <span class='ocrx_word' id='word_1_30' title='bbox 1250 725 1460 794; x_wconf 78' lang='grc' dir='ltr'>Βοχορὶ,</span> <span class='ocrx_word' id='word_1_31' title='bbox 1491 724 1851 794; x_wconf 83' lang='grc' dir='ltr'>προκατειλη-</span> 
     </span>
    </p>
   </div>
   <div class='ocr_carea' id='block_1_6' title="bbox 273 819 1851 891">
    <p class='ocr_par' dir='ltr' id='par_1_6' title="bbox 273 819 1851 891">
     <span class='ocr_line' id='line_1_6' title="bbox 273 819 1851 891; baseline -0.003 -17"><span class='ocrx_word' id='word_1_32' title='bbox 273 825 414 888; x_wconf 77' lang='grc' dir='ltr'>φότα</span> <span class='ocrx_word' id='word_1_33' title='bbox 435 825 533 891; x_wconf 79' lang='grc' dir='ltr'>τὴν</span> <span class='ocrx_word' id='word_1_34' title='bbox 564 822 732 875; x_wconf 80' lang='grc' dir='ltr'>’Δϐελ</span> <span class='ocrx_word' id='word_1_35' title='bbox 756 822 1102 891; x_wconf 68' lang='grc' dir='ltr'><strong>καλουμένην</strong></span> <span class='ocrx_word' id='word_1_36' title='bbox 1130 820 1305 886; x_wconf 82' lang='grc' dir='ltr'>πόλιν,</span> <span class='ocrx_word' id='word_1_37' title='bbox 1336 820 1442 872; x_wconf 84' lang='grc' dir='ltr'><strong>ἀπὸ</strong></span> <span class='ocrx_word' id='word_1_38' title='bbox 1467 819 1560 872; x_wconf 88' lang='grc' dir='ltr'><strong>τοῦ</strong></span> <span class='ocrx_word' id='word_1_39' title='bbox 1588 819 1851 889; x_wconf 81' lang='grc' dir='ltr'>βασιλέως</span> 
     </span>
    </p>
   </div>
   <div class='ocr_carea' id='block_1_7' title="bbox 270 912 1851 983">
    <p class='ocr_par' dir='ltr' id='par_1_7' title="bbox 270 912 1851 983">
     <span class='ocr_line' id='line_1_7' title="bbox 270 912 1851 983; baseline -0.001 -15"><span class='ocrx_word' id='word_1_40' title='bbox 270 917 588 968; x_wconf 77' lang='grc' dir='ltr'><strong>ἀποστάντα</strong></span> <span class='ocrx_word' id='word_1_41' title='bbox 621 915 782 969; x_wconf 76' lang='grc' dir='ltr'><strong>Δαὸὶδ</strong></span> <span class='ocrx_word' id='word_1_42' title='bbox 823 913 1212 975; x_wconf 84' lang='grc' dir='ltr'>ἀποκτείνασα,</span> <span class='ocrx_word' id='word_1_43' title='bbox 1240 914 1336 966; x_wconf 79' lang='grc' dir='ltr'>καὶ</span> <span class='ocrx_word' id='word_1_44' title='bbox 1360 912 1455 983; x_wconf 80' lang='grc' dir='ltr'>τὴν</span> <span class='ocrx_word' id='word_1_45' title='bbox 1481 913 1724 983; x_wconf 80' lang='grc' dir='ltr'>κεφαλὴν</span> <span class='ocrx_word' id='word_1_46' title='bbox 1752 918 1851 966; x_wconf 80' lang='grc' dir='ltr'><strong>αὑ-</strong></span> 
     </span>
    </p>
   </div>
   <div class='ocr_carea' id='block_1_8' title="bbox 273 1005 1851 1078">
    <p class='ocr_par' dir='ltr' id='par_1_8' title="bbox 273 1005 1851 1078">
     <span class='ocr_line' id='line_1_8' title="bbox 273 1005 1851 1078; baseline -0.003 -17"><span class='ocrx_word' id='word_1_47' title='bbox 273 1009 369 1062; x_wconf 85' lang='grc' dir='ltr'><strong>τοῦ</strong></span> <span class='ocrx_word' id='word_1_48' title='bbox 397 1009 486 1062; x_wconf 71' lang='grc' dir='ltr'><strong>διὰ</strong></span> <span class='ocrx_word' id='word_1_49' title='bbox 509 1006 601 1061; x_wconf 89' lang='grc' dir='ltr'><strong>τοῦ</strong></span> <span class='ocrx_word' id='word_1_50' title='bbox 625 1009 840 1078; x_wconf 78' lang='grc' dir='ltr'>τείχους</span> <span class='ocrx_word' id='word_1_51' title='bbox 872 1007 950 1077; x_wconf 79' lang='grc' dir='ltr'>τῷ</span> <span class='ocrx_word' id='word_1_52' title='bbox 996 1006 1151 1059; x_wconf 78' lang='grc' dir='ltr'><strong>Ἰωὰὸ</strong></span> <span class='ocrx_word' id='word_1_53' title='bbox 1180 1006 1412 1076; x_wconf 76' lang='grc' dir='ltr'>ῥίψασα,</span> <span class='ocrx_word' id='word_1_54' title='bbox 1450 1005 1612 1057; x_wconf 78' lang='grc' dir='ltr'>καλὸν</span> <span class='ocrx_word' id='word_1_55' title='bbox 1641 1007 1734 1059; x_wconf 76' lang='grc' dir='ltr'>καὶ</span> <span class='ocrx_word' id='word_1_56' title='bbox 1765 1023 1851 1057; x_wconf 91' lang='grc' dir='ltr'>σο-</span> 
     </span>
    </p>
   </div>
   <div class='ocr_carea' id='block_1_9' title="bbox 273 1097 1852 1170">
    <p class='ocr_par' dir='ltr' id='par_1_9' title="bbox 273 1097 1852 1170">
     <span class='ocr_line' id='line_1_9' title="bbox 273 1097 1852 1170; baseline -0.001 -18"><span class='ocrx_word' id='word_1_57' title='bbox 273 1101 372 1166; x_wconf 75' lang='grc' dir='ltr'>φὸν</span> <span class='ocrx_word' id='word_1_58' title='bbox 402 1101 564 1170; x_wconf 72' lang='grc' dir='ltr'>ἔργον</span> <span class='ocrx_word' id='word_1_59' title='bbox 593 1099 934 1164; x_wconf 79' lang='grc' dir='ltr'><strong>ἀπεδείξατο,</strong></span> <span class='ocrx_word' id='word_1_60' title='bbox 978 1097 1107 1170; x_wconf 86' lang='grc' dir='ltr'>ὃλην</span> <span class='ocrx_word' id='word_1_61' title='bbox 1139 1098 1292 1151; x_wconf 86' lang='grc' dir='ltr'>πόλιν</span> <span class='ocrx_word' id='word_1_62' title='bbox 1324 1097 1640 1168; x_wconf 74' lang='grc' dir='ltr'><strong>πολιορκίας</strong></span> <span class='ocrx_word' id='word_1_63' title='bbox 1685 1101 1852 1169; x_wconf 80' lang='grc' dir='ltr'>ῥυσα-</span> 
     </span>
    </p>
   </div>
   <div class='ocr_carea' id='block_1_10' title="bbox 274 1194 434 1263">
    <p class='ocr_par' dir='ltr' id='par_1_10' title="bbox 274 1194 434 1263">
     <span class='ocr_line' id='line_1_10' title="bbox 274 1194 434 1263; baseline 0.025 -20"><span class='ocrx_word' id='word_1_64' title='bbox 274 1194 434 1263; x_wconf 80' lang='grc' dir='ltr'>μένη.</span> 
     </span>
    </p>
   </div>
   <div class='ocr_carea' id='block_1_11' title="bbox 343 1281 1851 1354">
    <p class='ocr_par' dir='ltr' id='par_1_11' title="bbox 343 1281 1851 1354">
     <span class='ocr_line' id='line_1_11' title="bbox 343 1281 1851 1354; baseline -0.001 -18"><span class='ocrx_word' id='word_1_65' title='bbox 343 1284 489 1354; x_wconf 78' lang='grc' dir='ltr'>Σοφὴ</span> <span class='ocrx_word' id='word_1_66' title='bbox 517 1284 573 1335; x_wconf 89' lang='grc' dir='ltr'>δὲ</span> <span class='ocrx_word' id='word_1_67' title='bbox 616 1284 708 1336; x_wconf 75' lang='grc' dir='ltr'><strong>καὶ</strong></span> <span class='ocrx_word' id='word_1_68' title='bbox 739 1286 770 1354; x_wconf 81' lang='grc' dir='ltr'><strong>η</strong></span> <span class='ocrx_word' id='word_1_69' title='bbox 804 1283 1138 1349; x_wconf 83' lang='grc' dir='ltr'>Θεκουῖτις,</span> <span class='ocrx_word' id='word_1_70' title='bbox 1172 1284 1204 1351; x_wconf 84' lang='grc' dir='ltr'><strong>ἡ</strong></span> <span class='ocrx_word' id='word_1_71' title='bbox 1234 1282 1327 1335; x_wconf 84' lang='grc' dir='ltr'>τὸν</span> <span class='ocrx_word' id='word_1_72' title='bbox 1373 1281 1724 1353; x_wconf 77' lang='grc' dir='ltr'>Ἀὄεσσαλὼμ</span> <span class='ocrx_word' id='word_1_73' title='bbox 1753 1284 1851 1352; x_wconf 80' lang='grc' dir='ltr'>τῆς</span> 
     </span>
    </p>
   </div>
   <div class='ocr_carea' id='block_1_12' title="bbox 272 1373 1852 1445">
    <p class='ocr_par' dir='ltr' id='par_1_12' title="bbox 272 1373 1852 1445">
     <span class='ocr_line' id='line_1_12' title="bbox 272 1373 1852 1445; baseline -0.001 -20"><span class='ocrx_word' id='word_1_74' title='bbox 272 1377 453 1443; x_wconf 81' lang='grc' dir='ltr'>φυγῆς</span> <span class='ocrx_word' id='word_1_75' title='bbox 493 1375 597 1427; x_wconf 79' lang='grc' dir='ltr'><strong>ὑπὸ</strong></span> <span class='ocrx_word' id='word_1_76' title='bbox 639 1374 732 1427; x_wconf 85' lang='grc' dir='ltr'><strong>τοῦ</strong></span> <span class='ocrx_word' id='word_1_77' title='bbox 773 1375 977 1445; x_wconf 84' lang='grc' dir='ltr'>πατρὸς</span> <span class='ocrx_word' id='word_1_78' title='bbox 1015 1373 1281 1444; x_wconf 83' lang='grc' dir='ltr'>κληθῆναι</span> <span class='ocrx_word' id='word_1_79' title='bbox 1312 1373 1655 1444; x_wconf 73' lang='grc' dir='ltr'><strong>ποιησαμένη</strong></span> <span class='ocrx_word' id='word_1_80' title='bbox 1681 1413 1695 1437; x_wconf 90' lang='grc'><strong>,</strong></span> <span class='ocrx_word' id='word_1_81' title='bbox 1730 1375 1852 1436; x_wconf 82' lang='grc' dir='ltr'>ταῖς</span> 
     </span>
    </p>
   </div>
   <div class='ocr_carea' id='block_1_13' title="bbox 272 1465 915 1536">
    <p class='ocr_par' dir='ltr' id='par_1_13' title="bbox 272 1465 915 1536">
     <span class='ocr_line' id='line_1_13' title="bbox 272 1465 915 1536; baseline 0.003 -19"><span class='ocrx_word' id='word_1_82' title='bbox 272 1466 368 1517; x_wconf 82' lang='grc' dir='ltr'><strong>τοῦ</strong></span> <span class='ocrx_word' id='word_1_83' title='bbox 408 1465 564 1518; x_wconf 67' lang='grc' dir='ltr'>Ίωὰὸ</span> <span class='ocrx_word' id='word_1_84' title='bbox 596 1466 915 1536; x_wconf 66' lang='grc' dir='ltr'>ὑποθήκαις.</span> 
     </span>
    </p>
   </div>
   <div class='ocr_carea' id='block_1_14' title="bbox 345 1557 1852 1628">
    <p class='ocr_par' dir='ltr' id='par_1_14' title="bbox 345 1557 1852 1628">
     <span class='ocr_line' id='line_1_14' title="bbox 345 1557 1852 1628; baseline 0 -18"><span class='ocrx_word' id='word_1_85' title='bbox 345 1558 505 1610; x_wconf 78' lang='grc' dir='ltr'>Σαϐὰ</span> <span class='ocrx_word' id='word_1_86' title='bbox 552 1557 608 1610; x_wconf 82' lang='grc' dir='ltr'>δὲ</span> <span class='ocrx_word' id='word_1_87' title='bbox 657 1559 689 1627; x_wconf 76' lang='grc' dir='ltr'>ἠ</span> <span class='ocrx_word' id='word_1_88' title='bbox 748 1557 856 1610; x_wconf 90' lang='grc' dir='ltr'><strong>τῶν</strong></span> <span class='ocrx_word' id='word_1_89' title='bbox 903 1557 1174 1612; x_wconf 78' lang='grc' dir='ltr'><strong>Αἰθιόπων</strong></span> <span class='ocrx_word' id='word_1_90' title='bbox 1225 1557 1434 1628; x_wconf 78' lang='grc' dir='ltr'>βασιλὶς</span> <span class='ocrx_word' id='word_1_91' title='bbox 1485 1560 1586 1628; x_wconf 81' lang='grc' dir='ltr'>τῆς</span> <span class='ocrx_word' id='word_1_92' title='bbox 1657 1557 1852 1626; x_wconf 79' lang='grc' dir='ltr'>σοφίας</span> 
     </span>
    </p>
   </div>
   <div class='ocr_carea' id='block_1_15' title="bbox 273 1642 1852 1719">
    <p class='ocr_par' dir='ltr' id='par_1_15' title="bbox 273 1642 1852 1719">
     <span class='ocr_line' id='line_1_15' title="bbox 273 1642 1852 1719; baseline 0.003 -21"><span class='ocrx_word' id='word_1_93' title='bbox 273 1647 438 1700; x_wconf 72' lang='grc' dir='ltr'>ἕνεκα</span> <span class='ocrx_word' id='word_1_94' title='bbox 484 1642 802 1719; x_wconf 83' lang='grc' dir='ltr'>Σολομῶνος</span> <span class='ocrx_word' id='word_1_95' title='bbox 841 1650 920 1712; x_wconf 86' lang='grc' dir='ltr'><strong>εἰς</strong></span> <span class='ocrx_word' id='word_1_96' title='bbox 975 1649 1073 1719; x_wconf 76' lang='grc' dir='ltr'>τὴν</span> <span class='ocrx_word' id='word_1_97' title='bbox 1130 1649 1391 1704; x_wconf 83' lang='grc' dir='ltr'><strong>Ἰουδαίαν</strong></span> <span class='ocrx_word' id='word_1_98' title='bbox 1422 1649 1712 1714; x_wconf 81' lang='grc' dir='ltr'>σταλείσα,</span> <span class='ocrx_word' id='word_1_99' title='bbox 1761 1650 1852 1702; x_wconf 74' lang='grc' dir='ltr'><strong>ἐπὶ</strong></span> 
     </span>
    </p>
   </div>
   <div class='ocr_carea' id='block_1_16' title="bbox 275 1738 1553 1811">
    <p class='ocr_par' dir='ltr' id='par_1_16' title="bbox 275 1738 1553 1811">
     <span class='ocr_line' id='line_1_16' title="bbox 275 1738 1553 1811; baseline 0.003 -21"><span class='ocrx_word' id='word_1_100' title='bbox 275 1739 436 1808; x_wconf 77' lang='grc' dir='ltr'>σοφία</span> <span class='ocrx_word' id='word_1_101' title='bbox 470 1741 565 1792; x_wconf 77' lang='grc' dir='ltr'>καὶ</span> <span class='ocrx_word' id='word_1_102' title='bbox 591 1738 728 1808; x_wconf 82' lang='grc' dir='ltr'>αὐτὴ</span> <span class='ocrx_word' id='word_1_103' title='bbox 754 1740 970 1795; x_wconf 87' lang='grc' dir='ltr'>δικαίαν</span> <span class='ocrx_word' id='word_1_104' title='bbox 1000 1741 1338 1811; x_wconf 78' lang='grc' dir='ltr'>ἀπενείματο</span> <span class='ocrx_word' id='word_1_105' title='bbox 1368 1743 1553 1810; x_wconf 82' lang='grc' dir='ltr'>τιμήν.</span> 
     </span>
    </p>
   </div>
   <div class='ocr_carea' id='block_1_17' title="bbox 353 1925 1847 1997">
    <p class='ocr_par' dir='ltr' id='par_1_17' title="bbox 353 1925 1847 1997">
     <span class='ocr_line' id='line_1_17' title="bbox 353 1925 1847 1997; baseline 0.002 -18"><span class='ocrx_word' id='word_1_106' title='bbox 353 1925 426 1979; x_wconf 83' lang='grc' dir='ltr'><em>Ἠ</em></span> <span class='ocrx_word' id='word_1_107' title='bbox 454 1927 641 1994; x_wconf 66' lang='grc' dir='ltr'>χήρα,</span> <span class='ocrx_word' id='word_1_108' title='bbox 676 1926 714 1994; x_wconf 79' lang='grc' dir='ltr'><strong><em>ἡ</em></strong></span> <span class='ocrx_word' id='word_1_109' title='bbox 757 1927 827 1980; x_wconf 73' lang='grc' dir='ltr'><strong>ἐν</strong></span> <span class='ocrx_word' id='word_1_110' title='bbox 866 1928 1191 1997; x_wconf 71' lang='grc' dir='ltr'>Σαρέςεθοις</span> <span class='ocrx_word' id='word_1_111' title='bbox 1232 1929 1325 1983; x_wconf 81' lang='grc' dir='ltr'>τὸν</span> <span class='ocrx_word' id='word_1_112' title='bbox 1376 1929 1561 1982; x_wconf 78' lang='grc' dir='ltr'>Ἠλίαν</span> <span class='ocrx_word' id='word_1_113' title='bbox 1593 1929 1847 1996; x_wconf 78' lang='grc' dir='ltr'>δεξιωσα-</span> 
     </span>
    </p>
   </div>
   <div class='ocr_carea' id='block_1_18' title="bbox 278 2015 1216 2088">
    <p class='ocr_par' dir='ltr' id='par_1_18' title="bbox 278 2015 1216 2088">
     <span class='ocr_line' id='line_1_18' title="bbox 278 2015 1216 2088; baseline 0.004 -22"><span class='ocrx_word' id='word_1_114' title='bbox 278 2015 438 2086; x_wconf 79' lang='grc' dir='ltr'>μένη,</span> <span class='ocrx_word' id='word_1_115' title='bbox 479 2017 574 2069; x_wconf 78' lang='grc' dir='ltr'><strong>ἐπὶ</strong></span> <span class='ocrx_word' id='word_1_116' title='bbox 607 2020 739 2088; x_wconf 84' lang='grc' dir='ltr'>τιμῇ</span> <span class='ocrx_word' id='word_1_117' title='bbox 772 2021 836 2088; x_wconf 80' lang='grc' dir='ltr'><strong>τῇ</strong></span> <span class='ocrx_word' id='word_1_118' title='bbox 879 2019 1028 2087; x_wconf 73' lang='grc' dir='ltr'>παρὰ</span> <span class='ocrx_word' id='word_1_119' title='bbox 1060 2018 1216 2072; x_wconf 82' lang='grc' dir='ltr'><strong>Θεοῦ.</strong></span> 
     </span>
    </p>
   </div>
   <div class='ocr_carea' id='block_1_19' title="bbox 355 2107 1853 2182">
    <p class='ocr_par' dir='ltr' id='par_1_19' title="bbox 355 2107 1853 2182">
     <span class='ocr_line' id='line_1_19' title="bbox 355 2107 1853 2182; baseline 0.003 -22"><span class='ocrx_word' id='word_1_120' title='bbox 355 2107 419 2160; x_wconf 82' lang='grc' dir='ltr'><strong>Ἦ</strong></span> <span class='ocrx_word' id='word_1_121' title='bbox 454 2108 592 2180; x_wconf 81' lang='grc' dir='ltr'>γυνὴ</span> <span class='ocrx_word' id='word_1_122' title='bbox 638 2110 669 2179; x_wconf 84' lang='grc' dir='ltr'>ἡ</span> <span class='ocrx_word' id='word_1_123' title='bbox 707 2110 1078 2179; x_wconf 80' lang='grc' dir='ltr'>Σουναμῐτις,</span> <span class='ocrx_word' id='word_1_124' title='bbox 1127 2112 1160 2182; x_wconf 82' lang='grc' dir='ltr'>ὴ</span> <span class='ocrx_word' id='word_1_125' title='bbox 1190 2110 1280 2164; x_wconf 82' lang='grc' dir='ltr'>τὸν</span> <span class='ocrx_word' id='word_1_126' title='bbox 1315 2110 1618 2164; x_wconf 73' lang='grc' dir='ltr'>Ἐλισσαῖον</span> <span class='ocrx_word' id='word_1_127' title='bbox 1649 2112 1853 2176; x_wconf 82' lang='grc' dir='ltr'>δεξιου-</span> 
     </span>
    </p>
   </div>
   <div class='ocr_carea' id='block_1_20' title="bbox 274 2193 1855 2273">
    <p class='ocr_par' dir='ltr' id='par_1_20' title="bbox 274 2193 1855 2273">
     <span class='ocr_line' id='line_1_20' title="bbox 274 2193 1855 2273; baseline 0.003 -22"><span class='ocrx_word' id='word_1_128' title='bbox 274 2198 434 2267; x_wconf 82' lang='grc' dir='ltr'>μένη,</span> <span class='ocrx_word' id='word_1_129' title='bbox 465 2200 559 2252; x_wconf 69' lang='grc' dir='ltr'>καὶ</span> <span class='ocrx_word' id='word_1_130' title='bbox 589 2196 736 2253; x_wconf 75' lang='grc' dir='ltr'>οἶκον</span> <span class='ocrx_word' id='word_1_131' title='bbox 763 2201 912 2271; x_wconf 75' lang='grc' dir='ltr'>αὐτῷ</span> <span class='ocrx_word' id='word_1_132' title='bbox 945 2193 1191 2272; x_wconf 78' lang='grc' dir='ltr'>σχολαῖον</span> <span class='ocrx_word' id='word_1_133' title='bbox 1221 2203 1611 2273; x_wconf 79' lang='grc' dir='ltr'>εὑτρεπίσασα,</span> <span class='ocrx_word' id='word_1_134' title='bbox 1646 2202 1855 2272; x_wconf 85' lang='grc' dir='ltr'>μεγάλα</span> 
     </span>
    </p>
   </div>
   <div class='ocr_carea' id='block_1_21' title="bbox 274 2288 1854 2364">
    <p class='ocr_par' dir='ltr' id='par_1_21' title="bbox 274 2288 1854 2364">
     <span class='ocr_line' id='line_1_21' title="bbox 274 2288 1854 2364; baseline 0.006 -24"><span class='ocrx_word' id='word_1_135' title='bbox 274 2288 371 2341; x_wconf 73' lang='grc' dir='ltr'>καὶ</span> <span class='ocrx_word' id='word_1_136' title='bbox 398 2290 487 2340; x_wconf 75' lang='grc' dir='ltr'><strong>τὸν</strong></span> <span class='ocrx_word' id='word_1_137' title='bbox 515 2291 685 2362; x_wconf 83' lang='grc' dir='ltr'>ἄνδρα</span> <span class='ocrx_word' id='word_1_138' title='bbox 721 2293 815 2346; x_wconf 76' lang='grc' dir='ltr'>καὶ</span> <span class='ocrx_word' id='word_1_139' title='bbox 847 2292 936 2345; x_wconf 85' lang='grc' dir='ltr'>τὸν</span> <span class='ocrx_word' id='word_1_140' title='bbox 967 2293 1165 2363; x_wconf 79' lang='grc' dir='ltr'>ἑαυτῆς</span> <span class='ocrx_word' id='word_1_141' title='bbox 1193 2291 1343 2347; x_wconf 72' lang='grc' dir='ltr'>οἶκον</span> <span class='ocrx_word' id='word_1_142' title='bbox 1372 2294 1601 2364; x_wconf 86' lang='grc' dir='ltr'>ῶνησεν.</span> <span class='ocrx_word' id='word_1_143' title='bbox 1639 2295 1767 2348; x_wconf 84' lang='grc' dir='ltr'>Υίόν</span> <span class='ocrx_word' id='word_1_144' title='bbox 1795 2314 1854 2349; x_wconf 85' lang='grc' dir='ltr'><strong>τε</strong></span> 
     </span>
    </p>
   </div>
   <div class='ocr_carea' id='block_1_22' title="bbox 274 2380 1856 2457">
    <p class='ocr_par' dir='ltr' id='par_1_22' title="bbox 274 2380 1856 2457">
     <span class='ocr_line' id='line_1_22' title="bbox 274 2380 1856 2457; baseline 0.007 -26"><span class='ocrx_word' id='word_1_145' title='bbox 274 2380 383 2450; x_wconf 74' lang='grc' dir='ltr'><strong>γὰρ</strong></span> <span class='ocrx_word' id='word_1_146' title='bbox 423 2382 482 2433; x_wconf 74' lang='grc' dir='ltr'>οὐ</span> <span class='ocrx_word' id='word_1_147' title='bbox 525 2384 790 2455; x_wconf 85' lang='grc' dir='ltr'>πρότερον</span> <span class='ocrx_word' id='word_1_148' title='bbox 824 2384 954 2439; x_wconf 73' lang='grc' dir='ltr'>ὄντα</span> <span class='ocrx_word' id='word_1_149' title='bbox 999 2385 1137 2455; x_wconf 82' lang='grc' dir='ltr'>αὐτῇ</span> <span class='ocrx_word' id='word_1_150' title='bbox 1188 2386 1477 2457; x_wconf 76' lang='grc' dir='ltr'>ἐκτήσατο,</span> <span class='ocrx_word' id='word_1_151' title='bbox 1527 2387 1622 2440; x_wconf 84' lang='grc' dir='ltr'>καὶ</span> <span class='ocrx_word' id='word_1_152' title='bbox 1666 2388 1856 2442; x_wconf 83' lang='grc' dir='ltr'>τοῦτον</span> 
     </span>
    </p>
   </div>
   <div class='ocr_carea' id='block_1_23' title="bbox 273 2473 1196 2548">
    <p class='ocr_par' dir='ltr' id='par_1_23' title="bbox 273 2473 1196 2548">
     <span class='ocr_line' id='line_1_23' title="bbox 273 2473 1196 2548; baseline 0.009 -24"><span class='ocrx_word' id='word_1_153' title='bbox 273 2473 640 2537; x_wconf 81' lang='grc' dir='ltr'>ἀποθανόντα,</span> <span class='ocrx_word' id='word_1_154' title='bbox 677 2476 853 2540; x_wconf 80' lang='grc' dir='ltr'>ζῶντα</span> <span class='ocrx_word' id='word_1_155' title='bbox 883 2477 1196 2548; x_wconf 79' lang='grc' dir='ltr'><strong>ἀπειλήφει.</strong></span> 
     </span>
    </p>
   </div>
   <div class='ocr_carea' id='block_1_24' title="bbox 356 2566 1853 2641">
    <p class='ocr_par' dir='ltr' id='par_1_24' title="bbox 356 2566 1853 2641">
     <span class='ocr_line' id='line_1_24' title="bbox 356 2566 1853 2641; baseline 0.002 -22"><span class='ocrx_word' id='word_1_156' title='bbox 356 2566 446 2619; x_wconf 84' lang='grc' dir='ltr'>Ἑν</span> <span class='ocrx_word' id='word_1_157' title='bbox 471 2566 527 2619; x_wconf 80' lang='grc' dir='ltr'>δὲ</span> <span class='ocrx_word' id='word_1_158' title='bbox 552 2569 615 2638; x_wconf 78' lang='grc' dir='ltr'>τῇ</span> <span class='ocrx_word' id='word_1_159' title='bbox 648 2568 830 2638; x_wconf 84' lang='grc' dir='ltr'>χάριτι</span> <span class='ocrx_word' id='word_1_160' title='bbox 858 2571 924 2639; x_wconf 82' lang='grc' dir='ltr'><strong>τῇ</strong></span> <span class='ocrx_word' id='word_1_161' title='bbox 957 2571 1095 2622; x_wconf 77' lang='grc' dir='ltr'>κατά</span> <span class='ocrx_word' id='word_1_162' title='bbox 1119 2568 1374 2641; x_wconf 76' lang='grc' dir='ltr'>Χριστὸν,</span> <span class='ocrx_word' id='word_1_163' title='bbox 1397 2569 1493 2640; x_wconf 81' lang='grc' dir='ltr'>τὴν</span> <span class='ocrx_word' id='word_1_164' title='bbox 1523 2569 1617 2624; x_wconf 89' lang='grc' dir='ltr'><strong>τοῦ</strong></span> <span class='ocrx_word' id='word_1_165' title='bbox 1649 2571 1853 2640; x_wconf 74' lang='grc' dir='ltr'>κόσμου</span> 
     </span>
    </p>
   </div>
   <div class='ocr_carea' id='block_1_25' title="bbox 272 2658 1855 2732">
    <p class='ocr_par' dir='ltr' id='par_1_25' title="bbox 272 2658 1855 2732">
     <span class='ocr_line' id='line_1_25' title="bbox 272 2658 1855 2732; baseline 0.005 -24"><span class='ocrx_word' id='word_1_166' title='bbox 272 2658 552 2725; x_wconf 81' lang='grc' dir='ltr'>σωτηρίαν</span> <span class='ocrx_word' id='word_1_167' title='bbox 619 2660 817 2726; x_wconf 83' lang='grc' dir='ltr'>Μαρία</span> <span class='ocrx_word' id='word_1_168' title='bbox 878 2660 1273 2729; x_wconf 84' lang='grc' dir='ltr'>διηκονήσατο,</span> <span class='ocrx_word' id='word_1_169' title='bbox 1345 2661 1657 2732; x_wconf 81' lang='grc' dir='ltr'>γεννήσασα</span> <span class='ocrx_word' id='word_1_170' title='bbox 1722 2664 1855 2732; x_wconf 79' lang='grc' dir='ltr'>ἡμῖν</span> 
     </span>
    </p>
   </div>
   <div class='ocr_carea' id='block_1_26' title="bbox 273 2748 1855 2822">
    <p class='ocr_par' dir='ltr' id='par_1_26' title="bbox 273 2748 1855 2822">
     <span class='ocr_line' id='line_1_26' title="bbox 273 2748 1855 2822; baseline 0.004 -24"><span class='ocrx_word' id='word_1_171' title='bbox 273 2750 439 2817; x_wconf 79' lang='grc' dir='ltr'>σαρκὶ</span> <span class='ocrx_word' id='word_1_172' title='bbox 467 2748 557 2800; x_wconf 85' lang='grc' dir='ltr'>τὸν</span> <span class='ocrx_word' id='word_1_173' title='bbox 591 2751 852 2818; x_wconf 82' lang='grc' dir='ltr'>μονογενῆ</span> <span class='ocrx_word' id='word_1_174' title='bbox 883 2749 1012 2802; x_wconf 80' lang='grc' dir='ltr'>Υίδν</span> <span class='ocrx_word' id='word_1_175' title='bbox 1035 2749 1129 2802; x_wconf 87' lang='grc' dir='ltr'><strong>τοῦ</strong></span> <span class='ocrx_word' id='word_1_176' title='bbox 1155 2749 1314 2815; x_wconf 80' lang='grc' dir='ltr'>Θεοῦ,</span> <span class='ocrx_word' id='word_1_177' title='bbox 1346 2749 1437 2804; x_wconf 80' lang='grc' dir='ltr'>τὸν</span> <span class='ocrx_word' id='word_1_178' title='bbox 1461 2752 1666 2821; x_wconf 77' lang='grc' dir='ltr'>Κύριον</span> <span class='ocrx_word' id='word_1_179' title='bbox 1697 2752 1855 2822; x_wconf 83' lang='grc' dir='ltr'>ἡμῶν</span> 
     </span>
    </p>
   </div>
   <div class='ocr_carea' id='block_1_27' title="bbox 285 2838 781 2907">
    <p class='ocr_par' dir='ltr' id='par_1_27' title="bbox 285 2838 781 2907">
     <span class='ocr_line' id='line_1_27' title="bbox 285 2838 781 2907; baseline 0.004 -16"><span class='ocrx_word' id='word_1_180' title='bbox 285 2838 496 2907; x_wconf 78' lang='grc' dir='ltr'>Ἰησοῦν</span> <span class='ocrx_word' id='word_1_181' title='bbox 525 2840 781 2907; x_wconf 81' lang='grc' dir='ltr'>Χριστόν.</span> 
     </span>
    </p>
   </div>
   <div class='ocr_carea' id='block_1_28' title="bbox 358 2931 1854 3006">
    <p class='ocr_par' dir='ltr' id='par_1_28' title="bbox 358 2931 1854 3006">
     <span class='ocr_line' id='line_1_28' title="bbox 358 2931 1854 3006; baseline 0.001 -20"><span class='ocrx_word' id='word_1_182' title='bbox 358 2931 667 2986; x_wconf 78' lang='grc' dir='ltr'>Ἐλισάόετ</span> <span class='ocrx_word' id='word_1_183' title='bbox 686 2973 702 2997; x_wconf 89' lang='grc'><strong>,</strong></span> <span class='ocrx_word' id='word_1_184' title='bbox 738 2933 771 3003; x_wconf 76' lang='grc' dir='ltr'><strong>ἡ</strong></span> <span class='ocrx_word' id='word_1_185' title='bbox 799 2933 888 2986; x_wconf 88' lang='grc' dir='ltr'><strong>τοῦ</strong></span> <span class='ocrx_word' id='word_1_186' title='bbox 918 2933 1190 3005; x_wconf 78' lang='grc' dir='ltr'>Ζαχαρίου</span> <span class='ocrx_word' id='word_1_187' title='bbox 1218 2937 1376 3004; x_wconf 78' lang='grc' dir='ltr'>γυνὴ,</span> <span class='ocrx_word' id='word_1_188' title='bbox 1408 2936 1499 2988; x_wconf 79' lang='grc' dir='ltr'><strong>τὸν</strong></span> <span class='ocrx_word' id='word_1_189' title='bbox 1546 2934 1854 3006; x_wconf 85' lang='grc' dir='ltr'>πρόδρομον</span> 
     </span>
    </p>
   </div>
   <div class='ocr_carea' id='block_1_29' title="bbox 270 3018 1849 3096">
    <p class='ocr_par' dir='ltr' id='par_1_29' title="bbox 270 3018 1849 3096">
     <span class='ocr_line' id='line_1_29' title="bbox 270 3018 1849 3096; baseline 0.003 -22"><span class='ocrx_word' id='word_1_190' title='bbox 270 3018 368 3074; x_wconf 86' lang='grc' dir='ltr'><strong>τοῦ</strong></span> <span class='ocrx_word' id='word_1_191' title='bbox 425 3020 630 3092; x_wconf 77' lang='grc' dir='ltr'>Κυρίου</span> <span class='ocrx_word' id='word_1_192' title='bbox 678 3023 931 3092; x_wconf 75' lang='grc' dir='ltr'>Ἰωάννην</span> <span class='ocrx_word' id='word_1_193' title='bbox 974 3025 1066 3078; x_wconf 83' lang='grc' dir='ltr'>τὸν</span> <span class='ocrx_word' id='word_1_194' title='bbox 1113 3023 1418 3096; x_wconf 84' lang='grc' dir='ltr'>βαπτιστὴν</span> <span class='ocrx_word' id='word_1_195' title='bbox 1474 3025 1849 3092; x_wconf 79' lang='grc' dir='ltr'>συλλαϐοῦσα,</span> 
     </span>
    </p>
   </div>
   <div class='ocr_carea' id='block_1_30' title="bbox 273 3112 1050 3183">
    <p class='ocr_par' dir='ltr' id='par_1_30' title="bbox 273 3112 1050 3183">
     <span class='ocr_line' id='line_1_30' title="bbox 273 3112 1050 3183; baseline 0.005 -18"><span class='ocrx_word' id='word_1_196' title='bbox 273 3112 369 3165; x_wconf 79' lang='grc' dir='ltr'>καὶ</span> <span class='ocrx_word' id='word_1_197' title='bbox 401 3114 768 3183; x_wconf 79' lang='grc' dir='ltr'>προφητεύειν</span> <span class='ocrx_word' id='word_1_198' title='bbox 801 3114 1050 3181; x_wconf 71' lang='grc' dir='ltr'>ἠξίωται.</span> 
     </span>
    </p>
   </div>
   <div class='ocr_carea' id='block_1_31' title="bbox 1954 634 2191 686">
    <p class='ocr_par' dir='ltr' id='par_1_31' title="bbox 1954 634 2191 686">
     <span class='ocr_line' id='line_1_31' title="bbox 1954 634 2191 686; baseline 0.008 -2"><span class='ocrx_word' id='word_1_199' title='bbox 1954 634 2191 686; x_wconf 81' lang='lat' dir='ltr'><strong>sustulit.</strong></span> 
     </span>
    </p>
   </div>
   <div class='ocr_carea' id='block_1_32' title="bbox 2026 724 3530 796">
    <p class='ocr_par' dir='ltr' id='par_1_32' title="bbox 2026 724 3530 796">
     <span class='ocr_line' id='line_1_32' title="bbox 2026 724 3530 796; baseline 0.004 -20"><span class='ocrx_word' id='word_1_200' title='bbox 2026 724 2156 777; x_wconf 91' lang='lat' dir='ltr'><strong>Item</strong></span> <span class='ocrx_word' id='word_1_201' title='bbox 2183 740 2304 793; x_wconf 70' lang='lat' dir='ltr'><strong>quae</strong></span> <span class='ocrx_word' id='word_1_202' title='bbox 2325 724 2486 780; x_wconf 76' lang='lat' dir='ltr'><strong>Sabce</strong></span> <span class='ocrx_word' id='word_1_203' title='bbox 2518 725 2686 778; x_wconf 81' lang='lat' dir='ltr'><strong>lilium</strong></span> <span class='ocrx_word' id='word_1_204' title='bbox 2724 724 2979 790; x_wconf 87' lang='lat' dir='ltr'><strong>Bochori,</strong></span> <span class='ocrx_word' id='word_1_205' title='bbox 3002 729 3093 794; x_wconf 86' lang='lat' dir='ltr'><strong>qui</strong></span> <span class='ocrx_word' id='word_1_206' title='bbox 3115 727 3226 796; x_wconf 88' lang='lat' dir='ltr'><strong>jam</strong></span> <span class='ocrx_word' id='word_1_207' title='bbox 3255 741 3530 796; x_wconf 59' lang='lat' dir='ltr'><strong>praeoccu-</strong></span> 
     </span>
    </p>
   </div>
   <div class='ocr_carea' id='block_1_33' title="bbox 1955 819 3528 888">
    <p class='ocr_par' dir='ltr' id='par_1_33' title="bbox 1955 819 3528 888">
     <span class='ocr_line' id='line_1_33' title="bbox 1955 819 3528 888; baseline 0.003 -21"><span class='ocrx_word' id='word_1_208' title='bbox 1955 826 2175 885; x_wconf 78' lang='lat' dir='ltr'><strong>paverat</strong></span> <span class='ocrx_word' id='word_1_209' title='bbox 2205 819 2476 872; x_wconf 83' lang='lat' dir='ltr'><strong>civitatem</strong></span> <span class='ocrx_word' id='word_1_210' title='bbox 2513 819 2734 873; x_wconf 85' lang='lat' dir='ltr'><strong>nomine</strong></span> <span class='ocrx_word' id='word_1_211' title='bbox 2761 819 2915 882; x_wconf 86' lang='lat' dir='ltr'><strong>Abel,</strong></span> <span class='ocrx_word' id='word_1_212' title='bbox 2948 819 3327 888; x_wconf 77' lang='lat' dir='ltr'><strong>defeceratqne</strong></span> <span class='ocrx_word' id='word_1_213' title='bbox 3361 836 3390 874; x_wconf 93' lang='lat' dir='ltr'><strong>a</strong></span> <span class='ocrx_word' id='word_1_214' title='bbox 3425 822 3528 873; x_wconf 85' lang='lat' dir='ltr'><strong>Da-</strong></span> 
     </span>
    </p>
   </div>
   <div class='ocr_carea' id='block_1_34' title="bbox 1959 908 3529 980">
    <p class='ocr_par' dir='ltr' id='par_1_34' title="bbox 1959 908 3529 980">
     <span class='ocr_line' id='line_1_34' title="bbox 1959 908 3529 980; baseline 0.003 -21"><span class='ocrx_word' id='word_1_215' title='bbox 1959 909 2077 962; x_wconf 78' lang='lat' dir='ltr'><strong>ride</strong></span> <span class='ocrx_word' id='word_1_216' title='bbox 2102 923 2243 978; x_wconf 77' lang='lat' dir='ltr'><strong>rege,</strong></span> <span class='ocrx_word' id='word_1_217' title='bbox 2273 908 2562 972; x_wconf 73' lang='lat' dir='ltr'><strong>interfecit,</strong></span> <span class='ocrx_word' id='word_1_218' title='bbox 2587 920 2640 964; x_wconf 91' lang='lat' dir='ltr'><strong>et</strong></span> <span class='ocrx_word' id='word_1_219' title='bbox 2662 919 2824 980; x_wconf 86' lang='lat' dir='ltr'><strong>caput</strong></span> <span class='ocrx_word' id='word_1_220' title='bbox 2850 910 2971 978; x_wconf 86' lang='lat' dir='ltr'><strong>ejus</strong></span> <span class='ocrx_word' id='word_1_221' title='bbox 2994 927 3089 980; x_wconf 91' lang='lat' dir='ltr'><strong>per</strong></span> <span class='ocrx_word' id='word_1_222' title='bbox 3118 927 3333 964; x_wconf 86' lang='lat' dir='ltr'><strong>murum</strong></span> <span class='ocrx_word' id='word_1_223' title='bbox 3355 909 3529 964; x_wconf 81' lang='lat' dir='ltr'><strong>Joabo</strong></span> 
     </span>
    </p>
   </div>
   <div class='ocr_carea' id='block_1_35' title="bbox 1957 999 3530 1071">
    <p class='ocr_par' dir='ltr' id='par_1_35' title="bbox 1957 999 3530 1071">
     <span class='ocr_line' id='line_1_35' title="bbox 1957 999 3530 1071; baseline 0.003 -21"><span class='ocrx_word' id='word_1_224' title='bbox 1957 999 2187 1068; x_wconf 83' lang='lat' dir='ltr'><strong>projecit</strong></span> <span class='ocrx_word' id='word_1_225' title='bbox 2219 1018 2233 1053; x_wconf 87' lang='lat'><strong>:</strong></span> <span class='ocrx_word' id='word_1_226' title='bbox 2261 1016 2373 1069; x_wconf 88' lang='lat' dir='ltr'><strong>quo</strong></span> <span class='ocrx_word' id='word_1_227' title='bbox 2402 1011 2710 1070; x_wconf 77' lang='lat' dir='ltr'><strong>perpetrato</strong></span> <span class='ocrx_word' id='word_1_228' title='bbox 2751 1004 2983 1071; x_wconf 88' lang='lat' dir='ltr'><strong>pulchro</strong></span> <span class='ocrx_word' id='word_1_229' title='bbox 3010 1017 3075 1056; x_wconf 86' lang='lat' dir='ltr'><strong>ac</strong></span> <span class='ocrx_word' id='word_1_230' title='bbox 3119 1002 3352 1069; x_wconf 83' lang='lat' dir='ltr'><strong>sapienti</strong></span> <span class='ocrx_word' id='word_1_231' title='bbox 3398 1001 3530 1055; x_wconf 78' lang='lat' dir='ltr'><strong>faci-</strong></span> 
     </span>
    </p>
   </div>
   <div class='ocr_carea' id='block_1_36' title="bbox 1956 1091 3276 1158">
    <p class='ocr_par' dir='ltr' id='par_1_36' title="bbox 1956 1091 3276 1158">
     <span class='ocr_line' id='line_1_36' title="bbox 1956 1091 3276 1158; baseline 0.002 -13"><span class='ocrx_word' id='word_1_232' title='bbox 1956 1108 2118 1158; x_wconf 88' lang='lat' dir='ltr'><strong>nore,</strong></span> <span class='ocrx_word' id='word_1_233' title='bbox 2159 1091 2346 1147; x_wconf 89' lang='lat' dir='ltr'><strong>urbem</strong></span> <span class='ocrx_word' id='word_1_234' title='bbox 2386 1101 2554 1147; x_wconf 82' lang='lat' dir='ltr'><strong>totam</strong></span> <span class='ocrx_word' id='word_1_235' title='bbox 2587 1093 2656 1147; x_wconf 91' lang='lat' dir='ltr'><strong>ab</strong></span> <span class='ocrx_word' id='word_1_236' title='bbox 2689 1094 2975 1150; x_wconf 82' lang='lat' dir='ltr'><strong>obsidione</strong></span> <span class='ocrx_word' id='word_1_237' title='bbox 3001 1094 3276 1148; x_wconf 65' lang='lat' dir='ltr'><strong>liberat-it.</strong></span> 
     </span>
    </p>
   </div>
   <div class='ocr_carea' id='block_1_37' title="bbox 2029 1271 3531 1344">
    <p class='ocr_par' dir='ltr' id='par_1_37' title="bbox 2029 1271 3531 1344">
     <span class='ocr_line' id='line_1_37' title="bbox 2029 1271 3531 1344; baseline 0.007 -20"><span class='ocrx_word' id='word_1_238' title='bbox 2029 1271 2292 1326; x_wconf 81' lang='lat' dir='ltr'><strong>Thecuitis</strong></span> <span class='ocrx_word' id='word_1_239' title='bbox 2322 1282 2376 1327; x_wconf 91' lang='lat' dir='ltr'><strong>et</strong></span> <span class='ocrx_word' id='word_1_240' title='bbox 2413 1273 2528 1343; x_wconf 87' lang='lat' dir='ltr'><strong>ipsa</strong></span> <span class='ocrx_word' id='word_1_241' title='bbox 2559 1274 2778 1343; x_wconf 82' lang='lat' dir='ltr'><strong>sapiens</strong></span> <span class='ocrx_word' id='word_1_242' title='bbox 2801 1315 2815 1337; x_wconf 91' lang='lat'><strong>,</strong></span> <span class='ocrx_word' id='word_1_243' title='bbox 2849 1291 2969 1344; x_wconf 71' lang='lat' dir='ltr'><strong>qua:</strong></span> <span class='ocrx_word' id='word_1_244' title='bbox 3001 1277 3328 1332; x_wconf 86' lang='lat' dir='ltr'><strong>adhortante</strong></span> <span class='ocrx_word' id='word_1_245' title='bbox 3358 1278 3531 1333; x_wconf 77' lang='lat' dir='ltr'><strong>Joabo</strong></span> 
     </span>
    </p>
   </div>
   <div class='ocr_carea' id='block_1_38' title="bbox 1954 1363 3528 1437">
    <p class='ocr_par' dir='ltr' id='par_1_38' title="bbox 1954 1363 3528 1437">
     <span class='ocr_line' id='line_1_38' title="bbox 1954 1363 3528 1437; baseline 0.004 -19"><span class='ocrx_word' id='word_1_246' title='bbox 1954 1363 2150 1429; x_wconf 73' lang='lat' dir='ltr'><strong>ell&#39;rcit,</strong></span> <span class='ocrx_word' id='word_1_247' title='bbox 2191 1374 2247 1418; x_wconf 85' lang='grc' dir='ltr'><strong>ιιι</strong></span> <span class='ocrx_word' id='word_1_248' title='bbox 2278 1366 2536 1420; x_wconf 80' lang='lat' dir='ltr'><strong>Absalom</strong></span> <span class='ocrx_word' id='word_1_249' title='bbox 2574 1368 2643 1421; x_wconf 88' lang='lat' dir='ltr'><strong>ab</strong></span> <span class='ocrx_word' id='word_1_250' title='bbox 2685 1367 2881 1421; x_wconf 80' lang='lat' dir='ltr'><strong>exsilio</strong></span> <span class='ocrx_word' id='word_1_251' title='bbox 2912 1383 2941 1420; x_wconf 91' lang='lat' dir='ltr'><strong>a</strong></span> <span class='ocrx_word' id='word_1_252' title='bbox 2977 1379 3129 1437; x_wconf 92' lang='lat' dir='ltr'><strong>patre</strong></span> <span class='ocrx_word' id='word_1_253' title='bbox 3157 1382 3528 1427; x_wconf 77' lang='lat' dir='ltr'><strong>revocaretur.</strong></span> 
     </span>
    </p>
   </div>
   <div class='ocr_carea' id='block_1_39' title="bbox 2027 1555 3533 1627">
    <p class='ocr_par' dir='ltr' id='par_1_39' title="bbox 2027 1555 3533 1627">
     <span class='ocr_line' id='line_1_39' title="bbox 2027 1555 3533 1627; baseline 0.003 -18"><span class='ocrx_word' id='word_1_254' title='bbox 2027 1555 2169 1609; x_wconf 87' lang='lat' dir='ltr'><strong>Saba</strong></span> <span class='ocrx_word' id='word_1_255' title='bbox 2202 1570 2419 1624; x_wconf 90' lang='lat' dir='ltr'><strong>quoque</strong></span> <span class='ocrx_word' id='word_1_256' title='bbox 2451 1556 2634 1624; x_wconf 79' lang='lat' dir='ltr'><strong>regina</strong></span> <span class='ocrx_word' id='word_1_257' title='bbox 2669 1555 3010 1627; x_wconf 65' lang='lat' dir='ltr'><strong>Althiopum,</strong></span> <span class='ocrx_word' id='word_1_258' title='bbox 3038 1572 3158 1627; x_wconf 75' lang='lat' dir='ltr'><strong>qua:</strong></span> <span class='ocrx_word' id='word_1_259' title='bbox 3185 1558 3256 1612; x_wconf 85' lang='lat' dir='ltr'><strong>ob</strong></span> <span class='ocrx_word' id='word_1_260' title='bbox 3281 1557 3533 1614; x_wconf 80' lang='lat' dir='ltr'><strong>Salomo-</strong></span> 
     </span>
    </p>
   </div>
   <div class='ocr_carea' id='block_1_40' title="bbox 1958 1648 3536 1717">
    <p class='ocr_par' dir='ltr' id='par_1_40' title="bbox 1958 1648 3536 1717">
     <span class='ocr_line' id='line_1_40' title="bbox 1958 1648 3536 1717; baseline 0.001 -17"><span class='ocrx_word' id='word_1_261' title='bbox 1958 1651 2042 1701; x_wconf 74' lang='lat' dir='ltr'><strong>nis</strong></span> <span class='ocrx_word' id='word_1_262' title='bbox 2074 1648 2396 1717; x_wconf 85' lang='lat' dir='ltr'><strong>sapientiam</strong></span> <span class='ocrx_word' id='word_1_263' title='bbox 2431 1648 2532 1702; x_wconf 82' lang='lat' dir='ltr'><strong>iter</strong></span> <span class='ocrx_word' id='word_1_264' title='bbox 2561 1649 2613 1702; x_wconf 92' lang='lat' dir='ltr'><strong>in</strong></span> <span class='ocrx_word' id='word_1_265' title='bbox 2665 1649 2900 1705; x_wconf 63' lang='lat' dir='ltr'><strong>Iudaeam</strong></span> <span class='ocrx_word' id='word_1_266' title='bbox 2931 1651 3198 1712; x_wconf 81' lang='lat' dir='ltr'><strong>instituit.</strong></span> <span class='ocrx_word' id='word_1_267' title='bbox 3232 1667 3296 1707; x_wconf 90' lang='lat' dir='ltr'><strong>ac</strong></span> <span class='ocrx_word' id='word_1_268' title='bbox 3339 1655 3410 1706; x_wconf 88' lang='lat' dir='ltr'><strong>ob</strong></span> <span class='ocrx_word' id='word_1_269' title='bbox 3445 1668 3536 1707; x_wconf 80' lang='lat' dir='ltr'><strong>sa-</strong></span> 
     </span>
    </p>
   </div>
   <div class='ocr_carea' id='block_1_41' title="bbox 1956 1739 3534 1810">
    <p class='ocr_par' dir='ltr' id='par_1_41' title="bbox 1956 1739 3534 1810">
     <span class='ocr_line' id='line_1_41' title="bbox 1956 1739 3534 1810; baseline 0.005 -18"><span class='ocrx_word' id='word_1_270' title='bbox 1956 1739 2216 1809; x_wconf 89' lang='lat' dir='ltr'><strong>pientiam</strong></span> <span class='ocrx_word' id='word_1_271' title='bbox 2269 1740 2385 1810; x_wconf 88' lang='lat' dir='ltr'><strong>ipsa</strong></span> <span class='ocrx_word' id='word_1_272' title='bbox 2427 1739 2680 1795; x_wconf 86' lang='lat' dir='ltr'><strong>similiter</strong></span> <span class='ocrx_word' id='word_1_273' title='bbox 2708 1742 3065 1810; x_wconf 77' lang='lat' dir='ltr'><strong>promeritam</strong></span> <span class='ocrx_word' id='word_1_274' title='bbox 3101 1743 3362 1801; x_wconf 78' lang='lat' dir='ltr'><strong>honorem</strong></span> <span class='ocrx_word' id='word_1_275' title='bbox 3401 1761 3534 1801; x_wconf 88' lang='lat' dir='ltr'><strong>con-</strong></span> 
     </span>
    </p>
   </div>
   <div class='ocr_carea' id='block_1_42' title="bbox 1963 1837 2283 1882">
    <p class='ocr_par' dir='ltr' id='par_1_42' title="bbox 1963 1837 2283 1882">
     <span class='ocr_line' id='line_1_42' title="bbox 1963 1837 2283 1882; baseline 0 0"><span class='ocrx_word' id='word_1_276' title='bbox 1963 1837 2153 1882; x_wconf 85' lang='lat' dir='ltr'><strong>secuta</strong></span> <span class='ocrx_word' id='word_1_277' title='bbox 2177 1839 2283 1882; x_wconf 90' lang='lat' dir='ltr'><strong>est.</strong></span> 
     </span>
    </p>
   </div>
   <div class='ocr_carea' id='block_1_43' title="bbox 2044 1918 3535 1999">
    <p class='ocr_par' dir='ltr' id='par_1_43' title="bbox 2044 1918 3535 1999">
     <span class='ocr_line' id='line_1_43' title="bbox 2044 1918 3535 1999; baseline 0.009 -28"><span class='ocrx_word' id='word_1_278' title='bbox 2044 1918 2208 1972; x_wconf 67' lang='lat' dir='ltr'><strong>Vidua</strong></span> <span class='ocrx_word' id='word_1_279' title='bbox 2247 1918 2636 1990; x_wconf 81' lang='lat' dir='ltr'><strong>Sareplithana,</strong></span> <span class='ocrx_word' id='word_1_280' title='bbox 2690 1937 2812 1993; x_wconf 74' lang='lat' dir='ltr'><strong>qua:</strong></span> <span class='ocrx_word' id='word_1_281' title='bbox 2843 1922 3012 1980; x_wconf 87' lang='lat' dir='ltr'><strong>Eliam</strong></span> <span class='ocrx_word' id='word_1_282' title='bbox 3046 1927 3261 1998; x_wconf 80' lang='lat' dir='ltr'><strong>excepit</strong></span> <span class='ocrx_word' id='word_1_283' title='bbox 3296 1928 3535 1999; x_wconf 85' lang='lat' dir='ltr'><strong>hospitio</strong></span> 
     </span>
    </p>
   </div>
   <div class='ocr_carea' id='block_1_44' title="bbox 1957 2013 2617 2070">
    <p class='ocr_par' dir='ltr' id='par_1_44' title="bbox 1957 2013 2617 2070">
     <span class='ocr_line' id='line_1_44' title="bbox 1957 2013 2617 2070; baseline 0.002 -2"><span class='ocrx_word' id='word_1_284' title='bbox 1957 2014 2027 2069; x_wconf 90' lang='lat' dir='ltr'><strong>ob</strong></span> <span class='ocrx_word' id='word_1_285' title='bbox 2055 2013 2298 2068; x_wconf 77' lang='lat' dir='ltr'><strong>divinum</strong></span> <span class='ocrx_word' id='word_1_286' title='bbox 2333 2015 2617 2070; x_wconf 87' lang='lat' dir='ltr'><strong>honorem.</strong></span> 
     </span>
    </p>
   </div>
   <div class='ocr_carea' id='block_1_45' title="bbox 2031 2105 3534 2180">
    <p class='ocr_par' dir='ltr' id='par_1_45' title="bbox 2031 2105 3534 2180">
     <span class='ocr_line' id='line_1_45' title="bbox 2031 2105 3534 2180; baseline 0.007 -22"><span class='ocrx_word' id='word_1_287' title='bbox 2031 2105 2225 2161; x_wconf 81' lang='lat' dir='ltr'><strong>Mulier</strong></span> <span class='ocrx_word' id='word_1_288' title='bbox 2271 2105 2601 2174; x_wconf 78' lang='lat' dir='ltr'><strong>Sunamitis,</strong></span> <span class='ocrx_word' id='word_1_289' title='bbox 2636 2124 2758 2179; x_wconf 64' lang='lat' dir='ltr'><strong>qua</strong></span> <span class='ocrx_word' id='word_1_290' title='bbox 2785 2111 3002 2180; x_wconf 78' lang='lat' dir='ltr'><strong>excepit</strong></span> <span class='ocrx_word' id='word_1_291' title='bbox 3042 2110 3327 2178; x_wconf 72' lang='lat' dir='ltr'><strong>Eliszeum,</strong></span> <span class='ocrx_word' id='word_1_292' title='bbox 3356 2123 3410 2168; x_wconf 90' lang='lat' dir='ltr'><strong>et</strong></span> <span class='ocrx_word' id='word_1_293' title='bbox 3436 2116 3534 2169; x_wconf 87' lang='lat' dir='ltr'><strong>ha-</strong></span> 
     </span>
    </p>
   </div>
   <div class='ocr_carea' id='block_1_46' title="bbox 1958 2197 3533 2275">
    <p class='ocr_par' dir='ltr' id='par_1_46' title="bbox 1958 2197 3533 2275">
     <span class='ocr_line' id='line_1_46' title="bbox 1958 2197 3533 2275; baseline 0.006 -25"><span class='ocrx_word' id='word_1_294' title='bbox 1958 2197 2254 2253; x_wconf 86' lang='lat' dir='ltr'><strong>bitaculum</strong></span> <span class='ocrx_word' id='word_1_295' title='bbox 2286 2201 2387 2269; x_wconf 89' lang='lat' dir='ltr'><strong>ipsi</strong></span> <span class='ocrx_word' id='word_1_296' title='bbox 2420 2212 2703 2257; x_wconf 72' lang='lat' dir='ltr'><strong>vacantem</strong></span> <span class='ocrx_word' id='word_1_297' title='bbox 2729 2204 3074 2272; x_wconf 71' lang='lat' dir='ltr'><strong>prmparavit,</strong></span> <span class='ocrx_word' id='word_1_298' title='bbox 3105 2219 3214 2275; x_wconf 88' lang='lat' dir='ltr'><strong>quo</strong></span> <span class='ocrx_word' id='word_1_299' title='bbox 3241 2206 3533 2274; x_wconf 83' lang='lat' dir='ltr'><strong>plurimum</strong></span> 
     </span>
    </p>
   </div>
   <div class='ocr_carea' id='block_1_47' title="bbox 1951 2291 3536 2360">
    <p class='ocr_par' dir='ltr' id='par_1_47' title="bbox 1951 2291 3536 2360">
     <span class='ocr_line' id='line_1_47' title="bbox 1951 2291 3536 2360; baseline 0.007 -18"><span class='ocrx_word' id='word_1_300' title='bbox 1951 2291 2094 2360; x_wconf 80' lang='lat' dir='ltr'><strong>juvit</strong></span> <span class='ocrx_word' id='word_1_301' title='bbox 2124 2301 2179 2346; x_wconf 92' lang='lat' dir='ltr'><strong>et</strong></span> <span class='ocrx_word' id='word_1_302' title='bbox 2206 2293 2460 2346; x_wconf 88' lang='lat' dir='ltr'><strong>maritum</strong></span> <span class='ocrx_word' id='word_1_303' title='bbox 2494 2311 2653 2348; x_wconf 87' lang='lat' dir='ltr'><strong>suum</strong></span> <span class='ocrx_word' id='word_1_304' title='bbox 2675 2305 2730 2350; x_wconf 94' lang='lat' dir='ltr'><strong>et</strong></span> <span class='ocrx_word' id='word_1_305' title='bbox 2750 2297 2974 2351; x_wconf 91' lang='lat' dir='ltr'><strong>domum</strong></span> <span class='ocrx_word' id='word_1_306' title='bbox 3001 2314 3154 2353; x_wconf 89' lang='lat' dir='ltr'><strong>suam</strong></span> <span class='ocrx_word' id='word_1_307' title='bbox 3187 2299 3536 2354; x_wconf 88' lang='lat' dir='ltr'><strong>tutam.Cum</strong></span> 
     </span>
    </p>
   </div>
   <div class='ocr_carea' id='block_1_48' title="bbox 1954 2382 3538 2459">
    <p class='ocr_par' dir='ltr' id='par_1_48' title="bbox 1954 2382 3538 2459">
     <span class='ocr_line' id='line_1_48' title="bbox 1954 2382 3538 2459; baseline 0.007 -24"><span class='ocrx_word' id='word_1_308' title='bbox 1954 2382 2099 2436; x_wconf 87' lang='lat' dir='ltr'><strong>enim</strong></span> <span class='ocrx_word' id='word_1_309' title='bbox 2150 2393 2312 2439; x_wconf 89' lang='lat' dir='ltr'><strong>antea</strong></span> <span class='ocrx_word' id='word_1_310' title='bbox 2355 2385 2544 2441; x_wconf 87' lang='lat' dir='ltr'><strong>liberis</strong></span> <span class='ocrx_word' id='word_1_311' title='bbox 2572 2397 2815 2450; x_wconf 85' lang='lat' dir='ltr'><strong>careret,</strong></span> <span class='ocrx_word' id='word_1_312' title='bbox 2855 2389 3024 2442; x_wconf 81' lang='lat' dir='ltr'><strong>lilium</strong></span> <span class='ocrx_word' id='word_1_313' title='bbox 3059 2391 3281 2459; x_wconf 77' lang='lat' dir='ltr'><strong>genuit,</strong></span> <span class='ocrx_word' id='word_1_314' title='bbox 3313 2402 3367 2445; x_wconf 91' lang='lat' dir='ltr'><strong>et</strong></span> <span class='ocrx_word' id='word_1_315' title='bbox 3391 2391 3538 2446; x_wconf 90' lang='lat' dir='ltr'><strong>hunc</strong></span> 
     </span>
    </p>
   </div>
   <div class='ocr_carea' id='block_1_49' title="bbox 1955 2473 3339 2549">
    <p class='ocr_par' dir='ltr' id='par_1_49' title="bbox 1955 2473 3339 2549">
     <span class='ocr_line' id='line_1_49' title="bbox 1955 2473 3339 2549; baseline 0.004 -21"><span class='ocrx_word' id='word_1_316' title='bbox 1955 2473 2206 2528; x_wconf 85' lang='lat' dir='ltr'><strong>eumdem</strong></span> <span class='ocrx_word' id='word_1_317' title='bbox 2238 2475 2342 2528; x_wconf 72' lang='lat' dir='ltr'><strong>vita</strong></span> <span class='ocrx_word' id='word_1_318' title='bbox 2373 2474 2643 2541; x_wconf 80' lang='lat' dir='ltr'><strong>functum,</strong></span> <span class='ocrx_word' id='word_1_319' title='bbox 2673 2478 2867 2532; x_wconf 88' lang='lat' dir='ltr'><strong>iterum</strong></span> <span class='ocrx_word' id='word_1_320' title='bbox 2905 2479 3084 2532; x_wconf 73' lang='lat' dir='ltr'><strong>rivum</strong></span> <span class='ocrx_word' id='word_1_321' title='bbox 3117 2481 3339 2549; x_wconf 85' lang='lat' dir='ltr'><strong>recepit.</strong></span> 
     </span>
    </p>
   </div>
   <div class='ocr_carea' id='block_1_50' title="bbox 2027 2565 3531 2635">
    <p class='ocr_par' dir='ltr' id='par_1_50' title="bbox 2027 2565 3531 2635">
     <span class='ocr_line' id='line_1_50' title="bbox 2027 2565 3531 2635; baseline 0.007 -17"><span class='ocrx_word' id='word_1_322' title='bbox 2027 2565 2291 2635; x_wconf 77' lang='lat' dir='ltr'><strong>Tempore</strong></span> <span class='ocrx_word' id='word_1_323' title='bbox 2332 2569 2518 2635; x_wconf 63' lang='lat' dir='ltr'><strong>gratim</strong></span> <span class='ocrx_word' id='word_1_324' title='bbox 2563 2567 2803 2633; x_wconf 82' lang='lat' dir='ltr'><strong>Christi,</strong></span> <span class='ocrx_word' id='word_1_325' title='bbox 2857 2569 3031 2623; x_wconf 71' lang='lat' dir='ltr'><strong>Maria</strong></span> <span class='ocrx_word' id='word_1_326' title='bbox 3075 2573 3265 2625; x_wconf 90' lang='lat' dir='ltr'><strong>mundi</strong></span> <span class='ocrx_word' id='word_1_327' title='bbox 3298 2572 3531 2628; x_wconf 81' lang='lat' dir='ltr'><strong>salutem</strong></span> 
     </span>
    </p>
   </div>
   <div class='ocr_carea' id='block_1_51' title="bbox 1957 2655 3534 2731">
    <p class='ocr_par' dir='ltr' id='par_1_51' title="bbox 1957 2655 3534 2731">
     <span class='ocr_line' id='line_1_51' title="bbox 1957 2655 3534 2731; baseline 0.006 -22"><span class='ocrx_word' id='word_1_328' title='bbox 1957 2655 2309 2718; x_wconf 82' lang='lat' dir='ltr'><strong>ministravit,</strong></span> <span class='ocrx_word' id='word_1_329' title='bbox 2339 2673 2459 2726; x_wconf 76' lang='lat' dir='ltr'><strong>qua:</strong></span> <span class='ocrx_word' id='word_1_330' title='bbox 2487 2659 2642 2712; x_wconf 93' lang='lat' dir='ltr'><strong>nobis</strong></span> <span class='ocrx_word' id='word_1_331' title='bbox 2658 2674 2821 2714; x_wconf 88' lang='lat' dir='ltr'><strong>carne</strong></span> <span class='ocrx_word' id='word_1_332' title='bbox 2845 2662 3033 2730; x_wconf 76' lang='lat' dir='ltr'><strong>genuit</strong></span> <span class='ocrx_word' id='word_1_333' title='bbox 3067 2663 3407 2731; x_wconf 78' lang='lat' dir='ltr'><strong>unigenitum</strong></span> <span class='ocrx_word' id='word_1_334' title='bbox 3439 2665 3534 2720; x_wconf 88' lang='lat' dir='ltr'><strong>Dei</strong></span> 
     </span>
    </p>
   </div>
   <div class='ocr_carea' id='block_1_52' title="bbox 1959 2746 3320 2812">
    <p class='ocr_par' dir='ltr' id='par_1_52' title="bbox 1959 2746 3320 2812">
     <span class='ocr_line' id='line_1_52' title="bbox 1959 2746 3320 2812; baseline 0.006 -12"><span class='ocrx_word' id='word_1_335' title='bbox 1959 2746 2179 2812; x_wconf 83' lang='lat' dir='ltr'><strong>Filium,</strong></span> <span class='ocrx_word' id='word_1_336' title='bbox 2200 2746 2490 2804; x_wconf 89' lang='lat' dir='ltr'><strong>Dominum</strong></span> <span class='ocrx_word' id='word_1_337' title='bbox 2524 2757 2770 2805; x_wconf 87' lang='lat' dir='ltr'><strong>nostrum</strong></span> <span class='ocrx_word' id='word_1_338' title='bbox 2799 2749 2985 2806; x_wconf 80' lang='lat' dir='ltr'><strong>Jesum</strong></span> <span class='ocrx_word' id='word_1_339' title='bbox 3024 2752 3320 2809; x_wconf 90' lang='lat' dir='ltr'><strong>Christum.</strong></span> 
     </span>
    </p>
   </div>
   <div class='ocr_carea' id='block_1_53' title="bbox 2029 2928 3536 3000">
    <p class='ocr_par' dir='ltr' id='par_1_53' title="bbox 2029 2928 3536 3000">
     <span class='ocr_line' id='line_1_53' title="bbox 2029 2928 3536 3000; baseline 0.008 -15"><span class='ocrx_word' id='word_1_340' title='bbox 2029 2931 2322 2997; x_wconf 82' lang='lat' dir='ltr'><strong>Elisabeth,</strong></span> <span class='ocrx_word' id='word_1_341' title='bbox 2365 2949 2501 2988; x_wconf 75' lang='lat' dir='ltr'><strong>uxor</strong></span> <span class='ocrx_word' id='word_1_342' title='bbox 2528 2928 2828 2999; x_wconf 74' lang='lat' dir='ltr'><strong>Zachariae,</strong></span> <span class='ocrx_word' id='word_1_343' title='bbox 2865 2951 3258 3000; x_wconf 64' lang='lat' dir='ltr'><strong>praecursorem</strong></span> <span class='ocrx_word' id='word_1_344' title='bbox 3317 2939 3536 2997; x_wconf 87' lang='lat' dir='ltr'><strong>Domini</strong></span> 
     </span>
    </p>
   </div>
   <div class='ocr_carea' id='block_1_54' title="bbox 1953 3021 3538 3099">
    <p class='ocr_par' dir='ltr' id='par_1_54' title="bbox 1953 3021 3538 3099">
     <span class='ocr_line' id='line_1_54' title="bbox 1953 3021 3538 3099; baseline 0.008 -22"><span class='ocrx_word' id='word_1_345' title='bbox 1953 3021 2218 3079; x_wconf 85' lang='lat' dir='ltr'><strong>Joannem</strong></span> <span class='ocrx_word' id='word_1_346' title='bbox 2248 3024 2543 3096; x_wconf 83' lang='lat' dir='ltr'><strong>Baptistam</strong></span> <span class='ocrx_word' id='word_1_347' title='bbox 2579 3028 2862 3097; x_wconf 88' lang='lat' dir='ltr'><strong>concepit,</strong></span> <span class='ocrx_word' id='word_1_348' title='bbox 2894 3039 3058 3099; x_wconf 90' lang='lat' dir='ltr'><strong>atque</strong></span> <span class='ocrx_word' id='word_1_349' title='bbox 3087 3032 3385 3089; x_wconf 74' lang='lat' dir='ltr'><strong>prophetia:</strong></span> <span class='ocrx_word' id='word_1_350' title='bbox 3415 3049 3538 3090; x_wconf 85' lang='lat' dir='ltr'><strong>mu-</strong></span> 
     </span>
    </p>
   </div>
   <div class='ocr_carea' id='block_1_55' title="bbox 1955 3117 2471 3186">
    <p class='ocr_par' dir='ltr' id='par_1_55' title="bbox 1955 3117 2471 3186">
     <span class='ocr_line' id='line_1_55' title="bbox 1955 3117 2471 3186; baseline 0.002 -16"><span class='ocrx_word' id='word_1_351' title='bbox 1955 3131 2086 3171; x_wconf 90' lang='lat' dir='ltr'><strong>nere</strong></span> <span class='ocrx_word' id='word_1_352' title='bbox 2112 3117 2332 3186; x_wconf 74' lang='lat' dir='ltr'><strong>dignata</strong></span> <span class='ocrx_word' id='word_1_353' title='bbox 2366 3126 2471 3171; x_wconf 92' lang='lat' dir='ltr'><strong>est.</strong></span> 
     </span>
    </p>
   </div>
   <div class='ocr_carea' id='block_1_56' title="bbox 345 3204 2022 3294">
    <p class='ocr_par' dir='ltr' id='par_1_56' title="bbox 345 3204 1931 3294">
     <span class='ocr_line' id='line_1_56' title="bbox 345 3204 1931 3294; baseline 0.004 -38"><span class='ocrx_word' id='word_1_354' title='bbox 345 3204 457 3275; x_wconf 81' lang='grc' dir='ltr'><strong>Τήν</strong></span> <span class='ocrx_word' id='word_1_355' title='bbox 495 3222 555 3258; x_wconf 88' lang='grc' dir='ltr'><strong>τε</strong></span> <span class='ocrx_word' id='word_1_356' title='bbox 597 3205 892 3259; x_wconf 79' lang='grc' dir='ltr'>ἀνάστασιν</span> <span class='ocrx_word' id='word_1_357' title='bbox 935 3207 1028 3260; x_wconf 85' lang='grc' dir='ltr'><strong>τοῦ</strong></span> <span class='ocrx_word' id='word_1_358' title='bbox 1079 3207 1284 3278; x_wconf 83' lang='grc' dir='ltr'>Κυρίου</span> <span class='ocrx_word' id='word_1_359' title='bbox 1323 3209 1382 3261; x_wconf 75' lang='grc' dir='ltr'>αἱ</span> <span class='ocrx_word' id='word_1_360' title='bbox 1435 3208 1589 3276; x_wconf 73' lang='grc' dir='ltr'>τρεῖς</span> <span class='ocrx_word' id='word_1_361' title='bbox 1637 3209 1853 3277; x_wconf 83' lang='grc' dir='ltr'>Μαρίαι</span> <span class='ocrx_word' id='word_1_362' title='bbox 1881 3229 1931 3294; x_wconf 77' lang='lat' dir='ltr'>c</span> 
     </span>
    </p>
   </div>
   <div class='ocr_carea' id='block_1_57' title="bbox 1858 3204 3535 3294">
    <p class='ocr_par' dir='ltr' id='par_1_57' title="bbox 1881 3205 3535 3294">
     <span class='ocr_line' id='line_1_57' title="bbox 1881 3205 3535 3294; baseline 0.008 -36"><span class='ocrx_word' id='word_1_363' title='bbox 1881 3229 1931 3294; x_wconf 65' lang='grc' dir='ltr'>α</span> <span class='ocrx_word' id='word_1_364' title='bbox 2038 3205 2508 3262; x_wconf 85' lang='lat' dir='ltr'><strong>Resurrectionem</strong></span> <span class='ocrx_word' id='word_1_365' title='bbox 2566 3224 2785 3280; x_wconf 90' lang='lat' dir='ltr'><strong>quoque</strong></span> <span class='ocrx_word' id='word_1_366' title='bbox 2838 3210 3049 3266; x_wconf 85' lang='lat' dir='ltr'><strong>Domini</strong></span> <span class='ocrx_word' id='word_1_367' title='bbox 3079 3214 3124 3246; x_wconf 79' lang='lat'>”</span> <span class='ocrx_word' id='word_1_368' title='bbox 3184 3224 3290 3270; x_wconf 75' lang='lat' dir='ltr'><strong>(res</strong></span> <span class='ocrx_word' id='word_1_369' title='bbox 3346 3214 3535 3271; x_wconf 69' lang='lat' dir='ltr'><strong>Maria</strong></span> 
     </span>
    </p>
   </div>
   <div class='ocr_carea' id='block_1_58' title="bbox 273 3295 1712 3372">
    <p class='ocr_par' dir='ltr' id='par_1_58' title="bbox 273 3295 1712 3372">
     <span class='ocr_line' id='line_1_58' title="bbox 273 3295 1712 3372; baseline 0.006 -25"><span class='ocrx_word' id='word_1_370' title='bbox 273 3295 490 3366; x_wconf 79' lang='grc' dir='ltr'>πρῶται</span> <span class='ocrx_word' id='word_1_371' title='bbox 519 3297 874 3369; x_wconf 86' lang='grc' dir='ltr'>θεασάμεναι,</span> <span class='ocrx_word' id='word_1_372' title='bbox 902 3301 1015 3362; x_wconf 86' lang='grc' dir='ltr'>τοῖς</span> <span class='ocrx_word' id='word_1_373' title='bbox 1039 3299 1311 3370; x_wconf 81' lang='grc' dir='ltr'>μαθηταῖς</span> <span class='ocrx_word' id='word_1_374' title='bbox 1345 3302 1712 3372; x_wconf 85' lang='grc' dir='ltr'>ἀπήγγειλαν.</span> 
     </span>
    </p>
   </div>
   <div class='ocr_carea' id='block_1_59' title="bbox 357 3387 1855 3465">
    <p class='ocr_par' dir='ltr' id='par_1_59' title="bbox 357 3387 1855 3465">
     <span class='ocr_line' id='line_1_59' title="bbox 357 3387 1855 3465; baseline 0.004 -25"><span class='ocrx_word' id='word_1_375' title='bbox 357 3387 521 3441; x_wconf 77' lang='grc' dir='ltr'>’Δλλὰ</span> <span class='ocrx_word' id='word_1_376' title='bbox 577 3389 673 3442; x_wconf 78' lang='grc' dir='ltr'><strong>καὶ</strong></span> <span class='ocrx_word' id='word_1_377' title='bbox 731 3388 982 3444; x_wconf 83' lang='grc' dir='ltr'><em>Ἰωὰννα</em></span> <span class='ocrx_word' id='word_1_378' title='bbox 1028 3391 1060 3460; x_wconf 85' lang='grc' dir='ltr'><strong>ή</strong></span> <span class='ocrx_word' id='word_1_379' title='bbox 1112 3391 1207 3443; x_wconf 85' lang='grc' dir='ltr'><strong>τοῦ</strong></span> <span class='ocrx_word' id='word_1_380' title='bbox 1266 3392 1564 3461; x_wconf 73' lang='grc' dir='ltr'>ἐπιτρόπου</span> <span class='ocrx_word' id='word_1_381' title='bbox 1615 3393 1855 3465; x_wconf 83' lang='grc' dir='ltr'>Ἡρώδου</span> 
     </span>
    </p>
   </div>
   <div class='ocr_carea' id='block_1_60' title="bbox 272 3480 1858 3552">
    <p class='ocr_par' dir='ltr' id='par_1_60' title="bbox 272 3480 1858 3552">
     <span class='ocr_line' id='line_1_60' title="bbox 272 3480 1858 3552; baseline 0.004 -20"><span class='ocrx_word' id='word_1_382' title='bbox 272 3480 434 3550; x_wconf 82' lang='grc' dir='ltr'>γυνὴ,</span> <span class='ocrx_word' id='word_1_383' title='bbox 467 3483 605 3551; x_wconf 74' lang='grc' dir='ltr'>μετὰ</span> <span class='ocrx_word' id='word_1_384' title='bbox 639 3483 731 3534; x_wconf 76' lang='grc' dir='ltr'>καὶ</span> <span class='ocrx_word' id='word_1_385' title='bbox 757 3483 932 3537; x_wconf 77' lang='grc' dir='ltr'>ἄλλων</span> <span class='ocrx_word' id='word_1_386' title='bbox 960 3483 1301 3536; x_wconf 82' lang='grc' dir='ltr'>πιστοτάτων</span> <span class='ocrx_word' id='word_1_387' title='bbox 1331 3484 1606 3552; x_wconf 88' lang='grc' dir='ltr'>γυναικῶν</span> <span class='ocrx_word' id='word_1_388' title='bbox 1633 3486 1858 3539; x_wconf 80' lang='grc' dir='ltr'>ἀκολου-</span> 
     </span>
    </p>
   </div>
   <div class='ocr_carea' id='block_1_61' title="bbox 273 3571 1856 3648">
    <p class='ocr_par' dir='ltr' id='par_1_61' title="bbox 273 3571 1856 3648">
     <span class='ocr_line' id='line_1_61' title="bbox 273 3571 1856 3648; baseline 0.004 -23"><span class='ocrx_word' id='word_1_389' title='bbox 273 3571 442 3626; x_wconf 85' lang='grc' dir='ltr'>θοῦσα</span> <span class='ocrx_word' id='word_1_390' title='bbox 473 3574 551 3642; x_wconf 85' lang='grc' dir='ltr'>τῷ</span> <span class='ocrx_word' id='word_1_391' title='bbox 589 3575 797 3646; x_wconf 85' lang='grc' dir='ltr'>Κυρίῳ,</span> <span class='ocrx_word' id='word_1_392' title='bbox 828 3576 896 3630; x_wconf 80' lang='grc' dir='ltr'>τὰ</span> <span class='ocrx_word' id='word_1_393' title='bbox 937 3577 1191 3646; x_wconf 79' lang='grc' dir='ltr'>χρήματα</span> <span class='ocrx_word' id='word_1_394' title='bbox 1221 3577 1590 3647; x_wconf 74' lang='grc' dir='ltr'>ἐπιφερομένη</span> <span class='ocrx_word' id='word_1_395' title='bbox 1624 3579 1856 3648; x_wconf 78' lang='grc' dir='ltr'>κατηνάο</span> 
     </span>
    </p>
   </div>
   <div class='ocr_carea' id='block_1_62' title="bbox 272 3664 1748 3740">
    <p class='ocr_par' dir='ltr' id='par_1_62' title="bbox 272 3664 1748 3740">
     <span class='ocr_line' id='line_1_62' title="bbox 272 3664 1748 3740; baseline 0.005 -24"><span class='ocrx_word' id='word_1_396' title='bbox 272 3664 370 3716; x_wconf 81' lang='grc' dir='ltr'><strong>λου</strong></span> <span class='ocrx_word' id='word_1_397' title='bbox 405 3667 483 3727; x_wconf 81' lang='grc' dir='ltr'><strong>είς</strong></span> <span class='ocrx_word' id='word_1_398' title='bbox 517 3666 616 3736; x_wconf 76' lang='grc' dir='ltr'>τὴν</span> <span class='ocrx_word' id='word_1_399' title='bbox 647 3666 923 3722; x_wconf 81' lang='grc' dir='ltr'>διακονίαν</span> <span class='ocrx_word' id='word_1_400' title='bbox 953 3667 1063 3721; x_wconf 91' lang='grc' dir='ltr'><strong>τῶν</strong></span> <span class='ocrx_word' id='word_1_401' title='bbox 1096 3668 1380 3738; x_wconf 79' lang='grc' dir='ltr'>ἑπομένων</span> <span class='ocrx_word' id='word_1_402' title='bbox 1409 3671 1484 3739; x_wconf 80' lang='grc' dir='ltr'>τῷ</span> <span class='ocrx_word' id='word_1_403' title='bbox 1514 3671 1748 3740; x_wconf 76' lang='grc' dir='ltr'>Σωτῆρι.</span> 
     </span>
    </p>
   </div>
   <div class='ocr_carea' id='block_1_63' title="bbox 275 3821 1855 3896">
    <p class='ocr_par' dir='ltr' id='par_1_63' title="bbox 275 3821 1855 3896">
     <span class='ocr_line' id='line_1_63' title="bbox 275 3821 1855 3896; baseline 0.006 -22"><span class='ocrx_word' id='word_1_404' title='bbox 275 3821 528 3876; x_wconf 71' lang='grc' dir='ltr'><strong>ΚΕΦΑΛ.</strong></span> <span class='ocrx_word' id='word_1_405' title='bbox 572 3823 707 3878; x_wconf 83' lang='lat' dir='ltr'><strong>MA&#39;.</strong></span> <span class='ocrx_word' id='word_1_406' title='bbox 739 3855 810 3865; x_wconf 92' lang='lat'><strong><em>—</em></strong></span> <span class='ocrx_word' id='word_1_407' title='bbox 860 3826 1029 3890; x_wconf 79' lang='grc' dir='ltr'>Τίνες</span> <span class='ocrx_word' id='word_1_408' title='bbox 1075 3827 1295 3893; x_wconf 78' lang='grc' dir='ltr'>ἄνδρες</span> <span class='ocrx_word' id='word_1_409' title='bbox 1344 3827 1442 3882; x_wconf 77' lang='grc' dir='ltr'><strong>ἐπὶ</strong></span> <span class='ocrx_word' id='word_1_410' title='bbox 1486 3829 1671 3896; x_wconf 76' lang='grc' dir='ltr'>σοφίᾳ</span> <span class='ocrx_word' id='word_1_411' title='bbox 1712 3831 1855 3883; x_wconf 69' lang='lat' dir='ltr'><strong>0m)-</strong></span> 
     </span>
    </p>
   </div>
   <div class='ocr_carea' id='block_1_64' title="bbox 789 3898 1342 3966">
    <p class='ocr_par' dir='ltr' id='par_1_64' title="bbox 789 3898 1342 3966">
     <span class='ocr_line' id='line_1_64' title="bbox 789 3898 1342 3966; baseline 0.002 -17"><span class='ocrx_word' id='word_1_412' title='bbox 789 3898 1009 3964; x_wconf 80' lang='grc' dir='ltr'>μαστοὶ</span> <span class='ocrx_word' id='word_1_413' title='bbox 1039 3899 1342 3966; x_wconf 74' lang='grc' dir='ltr'>γεγόνασι.</span> 
     </span>
    </p>
   </div>
   <div class='ocr_carea' id='block_1_65' title="bbox 346 4051 1856 4128">
    <p class='ocr_par' dir='ltr' id='par_1_65' title="bbox 346 4051 1856 4128">
     <span class='ocr_line' id='line_1_65' title="bbox 346 4051 1856 4128; baseline 0.003 -22"><span class='ocrx_word' id='word_1_414' title='bbox 346 4051 477 4122; x_wconf 69' lang='lat' dir='ltr'><strong>Sim</strong></span> <span class='ocrx_word' id='word_1_415' title='bbox 511 4053 604 4106; x_wconf 75' lang='grc' dir='ltr'>καὶ</span> <span class='ocrx_word' id='word_1_416' title='bbox 662 4052 884 4122; x_wconf 64' lang='grc' dir='ltr'>Ἰἀφεθ,</span> <span class='ocrx_word' id='word_1_417' title='bbox 920 4055 1307 4126; x_wconf 84' lang='grc' dir='ltr'>ὀπισθοφανεῖς</span> <span class='ocrx_word' id='word_1_418' title='bbox 1351 4056 1716 4121; x_wconf 75' lang='grc' dir='ltr'>ἐπιϐαίνοντες</span> <span class='ocrx_word' id='word_1_419' title='bbox 1757 4057 1856 4128; x_wconf 79' lang='grc' dir='ltr'>τὴν</span> 
     </span>
    </p>
   </div>
   <div class='ocr_carea' id='block_1_66' title="bbox 275 4145 1395 4220">
    <p class='ocr_par' dir='ltr' id='par_1_66' title="bbox 275 4145 1395 4220">
     <span class='ocr_line' id='line_1_66' title="bbox 275 4145 1395 4220; baseline 0.005 -22"><span class='ocrx_word' id='word_1_420' title='bbox 275 4145 373 4199; x_wconf 85' lang='grc' dir='ltr'><strong>τοῦ</strong></span> <span class='ocrx_word' id='word_1_421' title='bbox 408 4147 613 4218; x_wconf 81' lang='grc' dir='ltr'>πατρὸς</span> <span class='ocrx_word' id='word_1_422' title='bbox 647 4148 1031 4219; x_wconf 65' lang='grc' dir='ltr'>κατακαλύψας,</span> <span class='ocrx_word' id='word_1_423' title='bbox 1061 4151 1395 4220; x_wconf 82' lang='grc' dir='ltr'>γυμνότητα.</span> 
     </span>
    </p>
   </div>
   <div class='ocr_carea' id='block_1_67' title="bbox 361 4239 1853 4314">
    <p class='ocr_par' dir='ltr' id='par_1_67' title="bbox 361 4239 1853 4314">
     <span class='ocr_line' id='line_1_67' title="bbox 361 4239 1853 4314; baseline 0.001 -20"><span class='ocrx_word' id='word_1_424' title='bbox 361 4239 582 4308; x_wconf 71' lang='grc' dir='ltr'>Ἰωσὴφ</span> <span class='ocrx_word' id='word_1_425' title='bbox 604 4281 620 4305; x_wconf 92' lang='grc'><strong>,</strong></span> <span class='ocrx_word' id='word_1_426' title='bbox 656 4241 754 4304; x_wconf 77' lang='grc' dir='ltr'>τὰς</span> <span class='ocrx_word' id='word_1_427' title='bbox 789 4242 910 4296; x_wconf 79' lang='grc' dir='ltr'>καθ’</span> <span class='ocrx_word' id='word_1_428' title='bbox 955 4244 1146 4298; x_wconf 78' lang='grc' dir='ltr'>ἑαυτὸν</span> <span class='ocrx_word' id='word_1_429' title='bbox 1181 4243 1470 4314; x_wconf 79' lang='grc' dir='ltr'>ὑποφέρων</span> <span class='ocrx_word' id='word_1_430' title='bbox 1502 4243 1680 4311; x_wconf 82' lang='grc' dir='ltr'>σοφῶς</span> <span class='ocrx_word' id='word_1_431' title='bbox 1712 4261 1853 4313; x_wconf 80' lang='grc' dir='ltr'>συμο</span> 
     </span>
    </p>
   </div>
   <div class='ocr_carea' id='block_1_68' title="bbox 276 4333 1856 4407">
    <p class='ocr_par' dir='ltr' id='par_1_68' title="bbox 276 4333 1856 4407">
     <span class='ocr_line' id='line_1_68' title="bbox 276 4333 1856 4407; baseline 0.003 -21"><span class='ocrx_word' id='word_1_432' title='bbox 276 4334 479 4404; x_wconf 69' lang='grc' dir='ltr'>φοράς,</span> <span class='ocrx_word' id='word_1_433' title='bbox 501 4333 596 4387; x_wconf 74' lang='grc' dir='ltr'>καὶ</span> <span class='ocrx_word' id='word_1_434' title='bbox 625 4334 692 4386; x_wconf 80' lang='grc' dir='ltr'><strong>τά</strong></span> <span class='ocrx_word' id='word_1_435' title='bbox 720 4334 975 4404; x_wconf 84' lang='grc' dir='ltr'>ὀνείρατα</span> <span class='ocrx_word' id='word_1_436' title='bbox 1005 4335 1256 4401; x_wconf 79' lang='grc' dir='ltr'>διαλύων,</span> <span class='ocrx_word' id='word_1_437' title='bbox 1289 4335 1383 4391; x_wconf 78' lang='grc' dir='ltr'>καὶ</span> <span class='ocrx_word' id='word_1_438' title='bbox 1416 4335 1506 4388; x_wconf 80' lang='grc' dir='ltr'>τὸν</span> <span class='ocrx_word' id='word_1_439' title='bbox 1530 4337 1719 4407; x_wconf 80' lang='grc' dir='ltr'>καιρὸν</span> <span class='ocrx_word' id='word_1_440' title='bbox 1747 4337 1856 4390; x_wconf 87' lang='grc' dir='ltr'><strong>τῶν</strong></span> 
     </span>
    </p>
   </div>
   <div class='ocr_carea' id='block_1_69' title="bbox 276 4424 1675 4497">
    <p class='ocr_par' dir='ltr' id='par_1_69' title="bbox 276 4424 1675 4497">
     <span class='ocr_line' id='line_1_69' title="bbox 276 4424 1675 4497; baseline 0.004 -22"><span class='ocrx_word' id='word_1_441' title='bbox 276 4424 547 4493; x_wconf 82' lang='grc' dir='ltr'>εὐφοριῶν</span> <span class='ocrx_word' id='word_1_442' title='bbox 580 4426 671 4478; x_wconf 74' lang='grc' dir='ltr'><strong>καὶ</strong></span> <span class='ocrx_word' id='word_1_443' title='bbox 704 4424 798 4478; x_wconf 88' lang='grc' dir='ltr'><strong>τοῦ</strong></span> <span class='ocrx_word' id='word_1_444' title='bbox 829 4425 987 4495; x_wconf 86' lang='grc' dir='ltr'>λιμοῦ</span> <span class='ocrx_word' id='word_1_445' title='bbox 1024 4429 1315 4495; x_wconf 87' lang='grc' dir='ltr'>πανσόφως</span> <span class='ocrx_word' id='word_1_446' title='bbox 1355 4427 1675 4497; x_wconf 73' lang='grc' dir='ltr'>οἰκονομῶν.</span> 
     </span>
    </p>
   </div>
   <div class='ocr_carea' id='block_1_70' title="bbox 350 4515 1852 4588">
    <p class='ocr_par' dir='ltr' id='par_1_70' title="bbox 350 4515 1852 4588">
     <span class='ocr_line' id='line_1_70' title="bbox 350 4515 1852 4588; baseline 0.002 -20"><span class='ocrx_word' id='word_1_447' title='bbox 350 4516 706 4582; x_wconf 76' lang='grc' dir='ltr'>Βεσσελεὴλ</span> <span class='ocrx_word' id='word_1_448' title='bbox 730 4519 757 4570; x_wconf 78' lang='grc' dir='ltr'>ὁ</span> <span class='ocrx_word' id='word_1_449' title='bbox 784 4515 880 4569; x_wconf 90' lang='grc' dir='ltr'><strong>τοῦ</strong></span> <span class='ocrx_word' id='word_1_450' title='bbox 917 4517 1055 4588; x_wconf 70' lang='grc' dir='ltr'><strong>Ὀρὶ,</strong></span> <span class='ocrx_word' id='word_1_451' title='bbox 1090 4519 1182 4571; x_wconf 75' lang='grc' dir='ltr'>καὶ</span> <span class='ocrx_word' id='word_1_452' title='bbox 1215 4518 1422 4572; x_wconf 75' lang='grc' dir='ltr'><em>Ἐλιὰϐ</em></span> <span class='ocrx_word' id='word_1_453' title='bbox 1447 4521 1474 4570; x_wconf 84' lang='grc' dir='ltr'>ὁ</span> <span class='ocrx_word' id='word_1_454' title='bbox 1498 4518 1592 4571; x_wconf 90' lang='grc' dir='ltr'><strong>τοῦ</strong></span> <span class='ocrx_word' id='word_1_455' title='bbox 1634 4521 1852 4588; x_wconf 81' lang='grc' dir='ltr'>’Δχισα-</span> 
     </span>
    </p>
   </div>
   <div class='ocr_carea' id='block_1_71' title="bbox 279 4607 1451 4679">
    <p class='ocr_par' dir='ltr' id='par_1_71' title="bbox 279 4607 1451 4679">
     <span class='ocr_line' id='line_1_71' title="bbox 279 4607 1451 4679; baseline 0.003 -20"><span class='ocrx_word' id='word_1_456' title='bbox 279 4608 414 4677; x_wconf 73' lang='grc' dir='ltr'>μὰχ,</span> <span class='ocrx_word' id='word_1_457' title='bbox 444 4611 491 4661; x_wconf 87' lang='grc' dir='ltr'>οἰ</span> <span class='ocrx_word' id='word_1_458' title='bbox 517 4609 616 4679; x_wconf 74' lang='grc' dir='ltr'>τὴν</span> <span class='ocrx_word' id='word_1_459' title='bbox 646 4608 796 4677; x_wconf 72' lang='grc' dir='ltr'>ἱεράν</span> <span class='ocrx_word' id='word_1_460' title='bbox 825 4607 1029 4678; x_wconf 83' lang='grc' dir='ltr'>σκηνὴν</span> <span class='ocrx_word' id='word_1_461' title='bbox 1063 4610 1451 4679; x_wconf 79' lang='grc' dir='ltr'>ἐργασάμενοι.</span> 
     </span>
    </p>
   </div>
   <div class='ocr_carea' id='block_1_72' title="bbox 349 4700 1858 4774">
    <p class='ocr_par' dir='ltr' id='par_1_72' title="bbox 349 4700 1858 4774">
     <span class='ocr_line' id='line_1_72' title="bbox 349 4700 1858 4774; baseline 0 -19"><span class='ocrx_word' id='word_1_462' title='bbox 349 4702 562 4768; x_wconf 74' lang='grc' dir='ltr'>Χουσὶ,</span> <span class='ocrx_word' id='word_1_463' title='bbox 595 4705 624 4756; x_wconf 81' lang='grc' dir='ltr'>ὁ</span> <span class='ocrx_word' id='word_1_464' title='bbox 646 4701 738 4754; x_wconf 83' lang='grc' dir='ltr'><strong>τοῦ</strong></span> <span class='ocrx_word' id='word_1_465' title='bbox 773 4700 939 4754; x_wconf 80' lang='grc' dir='ltr'><strong>Δαὸὶδ</strong></span> <span class='ocrx_word' id='word_1_466' title='bbox 964 4700 1282 4771; x_wconf 76' lang='grc' dir='ltr'>σύμϐουλος,</span> <span class='ocrx_word' id='word_1_467' title='bbox 1312 4703 1409 4774; x_wconf 78' lang='grc' dir='ltr'>τὴν</span> <span class='ocrx_word' id='word_1_468' title='bbox 1440 4702 1534 4756; x_wconf 81' lang='grc' dir='ltr'><strong>τοῦ</strong></span> <span class='ocrx_word' id='word_1_469' title='bbox 1579 4703 1858 4773; x_wconf 74' lang='grc' dir='ltr'>Ἀχιτόφελ</span> 
     </span>
    </p>
   </div>
   <div class='ocr_carea' id='block_1_73' title="bbox 277 4795 1044 4863">
    <p class='ocr_par' dir='ltr' id='par_1_73' title="bbox 277 4795 1044 4863">
     <span class='ocr_line' id='line_1_73' title="bbox 277 4795 1044 4863; baseline -0.001 -14"><span class='ocrx_word' id='word_1_470' title='bbox 277 4795 474 4862; x_wconf 76' lang='grc' dir='ltr'>σοφίαν</span> <span class='ocrx_word' id='word_1_471' title='bbox 499 4795 1044 4863; x_wconf 82' lang='grc' dir='ltr'>μεταχειρισάμενος.</span> 
     </span>
    </p>
   </div>
   <div class='ocr_carea' id='block_1_74' title="bbox 251 4885 1740 4956">
    <p class='ocr_par' dir='ltr' id='par_1_74' title="bbox 251 4885 1740 4956">
     <span class='ocr_line' id='line_1_74' title="bbox 251 4885 1740 4956; baseline -0.002 -14"><span class='ocrx_word' id='word_1_472' title='bbox 251 4925 258 4930; x_wconf 89' lang='grc'><strong>-</strong></span> <span class='ocrx_word' id='word_1_473' title='bbox 349 4886 653 4955; x_wconf 77' lang='grc' dir='ltr'>Σολομὼν,</span> <span class='ocrx_word' id='word_1_474' title='bbox 685 4885 827 4956; x_wconf 81' lang='grc' dir='ltr'>ὁτῆς</span> <span class='ocrx_word' id='word_1_475' title='bbox 858 4885 1051 4953; x_wconf 73' lang='grc' dir='ltr'>σοφίας</span> <span class='ocrx_word' id='word_1_476' title='bbox 1083 4886 1328 4956; x_wconf 87' lang='grc' dir='ltr'>χάρισμα</span> <span class='ocrx_word' id='word_1_477' title='bbox 1355 4885 1740 4955; x_wconf 84' lang='grc' dir='ltr'>κομισάμενος.</span> 
     </span>
    </p>
   </div>
   <div class='ocr_carea' id='block_1_75' title="bbox 260 4973 1858 5045">
    <p class='ocr_par' dir='ltr' id='par_1_75' title="bbox 260 4973 1858 5045">
     <span class='ocr_line' id='line_1_75' title="bbox 260 4973 1858 5045; baseline 0.001 -19"><span class='ocrx_word' id='word_1_478' title='bbox 260 4991 263 4993; x_wconf 92' lang='grc'>·</span> <span class='ocrx_word' id='word_1_479' title='bbox 353 4977 416 5026; x_wconf 76' lang='grc' dir='ltr'><em>Οἱ</em></span> <span class='ocrx_word' id='word_1_480' title='bbox 448 4976 561 5027; x_wconf 64' lang='lat' dir='ltr'><strong>vlo!</strong></span> <span class='ocrx_word' id='word_1_481' title='bbox 596 4973 804 5027; x_wconf 72' lang='grc' dir='ltr'>Μαοὺλ</span> <span class='ocrx_word' id='word_1_482' title='bbox 825 5013 840 5038; x_wconf 96' lang='grc'><strong>,</strong></span> <span class='ocrx_word' id='word_1_483' title='bbox 868 4973 1035 5027; x_wconf 81' lang='grc' dir='ltr'>Αίθὰν</span> <span class='ocrx_word' id='word_1_484' title='bbox 1065 4975 1157 5027; x_wconf 78' lang='grc' dir='ltr'>καὶ</span> <span class='ocrx_word' id='word_1_485' title='bbox 1197 4974 1391 5045; x_wconf 80' lang='grc' dir='ltr'>Ἐσρᾶν</span> <span class='ocrx_word' id='word_1_486' title='bbox 1425 4978 1519 5029; x_wconf 64' lang='grc' dir='ltr'><strong>καλ⁸</strong></span> <span class='ocrx_word' id='word_1_487' title='bbox 1555 4977 1730 5044; x_wconf 84' lang='grc' dir='ltr'><strong>Ἦμᾶν</strong></span> <span class='ocrx_word' id='word_1_488' title='bbox 1764 4977 1858 5028; x_wconf 76' lang='grc' dir='ltr'>καὶ</span> 
     </span>
    </p>
   </div>
   <div class='ocr_carea' id='block_1_76' title="bbox 275 5059 1853 5136">
    <p class='ocr_par' dir='ltr' id='par_1_76' title="bbox 275 5059 1853 5136">
     <span class='ocr_line' id='line_1_76' title="bbox 275 5059 1853 5136; baseline 0.002 -19"><span class='ocrx_word' id='word_1_489' title='bbox 275 5063 500 5132; x_wconf 76' lang='grc' dir='ltr'>Χαλχάλ</span> <span class='ocrx_word' id='word_1_490' title='bbox 551 5065 646 5117; x_wconf 71' lang='grc' dir='ltr'>καὶ</span> <span class='ocrx_word' id='word_1_491' title='bbox 678 5065 908 5136; x_wconf 78' lang='grc' dir='ltr'>Δαρδᾶν.</span> <span class='ocrx_word' id='word_1_492' title='bbox 957 5067 1091 5136; x_wconf 79' lang='grc' dir='ltr'>Περὶ</span> <span class='ocrx_word' id='word_1_493' title='bbox 1137 5059 1211 5119; x_wconf 78' lang='grc' dir='ltr'>ὧν</span> <span class='ocrx_word' id='word_1_494' title='bbox 1241 5065 1336 5118; x_wconf 71' lang='grc' dir='ltr'>καὶ</span> <span class='ocrx_word' id='word_1_495' title='bbox 1373 5069 1420 5119; x_wconf 79' lang='grc' dir='ltr'>οἱ</span> <span class='ocrx_word' id='word_1_496' title='bbox 1461 5069 1517 5119; x_wconf 86' lang='grc' dir='ltr'>ὲν</span> <span class='ocrx_word' id='word_1_497' title='bbox 1551 5072 1667 5130; x_wconf 72' lang='grc' dir='ltr'>ταῖς</span> <span class='ocrx_word' id='word_1_498' title='bbox 1696 5067 1853 5120; x_wconf 78' lang='grc' dir='ltr'>Βασι-</span> 
     </span>
    </p>
   </div>
   <div class='ocr_carea' id='block_1_77' title="bbox 275 5157 1852 5232">
    <p class='ocr_par' dir='ltr' id='par_1_77' title="bbox 275 5157 1852 5232">
     <span class='ocr_line' id='line_1_77' title="bbox 275 5157 1852 5232; baseline 0.003 -22"><span class='ocrx_word' id='word_1_499' title='bbox 275 5157 469 5220; x_wconf 83' lang='grc' dir='ltr'>λείαις,</span> <span class='ocrx_word' id='word_1_500' title='bbox 493 5160 568 5221; x_wconf 88' lang='grc' dir='ltr'>ὼς</span> <span class='ocrx_word' id='word_1_501' title='bbox 588 5159 790 5226; x_wconf 81' lang='grc' dir='ltr'>σοφῶν,</span> <span class='ocrx_word' id='word_1_502' title='bbox 808 5158 951 5212; x_wconf 84' lang='grc' dir='ltr'>κατὰ</span> <span class='ocrx_word' id='word_1_503' title='bbox 973 5157 1084 5232; x_wconf 83' lang='grc'>(59)</span> <span class='ocrx_word' id='word_1_504' title='bbox 1113 5161 1180 5214; x_wconf 80' lang='grc' dir='ltr'><strong>τά</strong></span> <span class='ocrx_word' id='word_1_505' title='bbox 1201 5159 1291 5213; x_wconf 86' lang='grc' dir='ltr'><strong>τοῦ</strong></span> <span class='ocrx_word' id='word_1_506' title='bbox 1316 5161 1645 5231; x_wconf 69' lang='grc' dir='ltr'>Σολομῶνος,</span> <span class='ocrx_word' id='word_1_507' title='bbox 1666 5163 1852 5232; x_wconf 80' lang='grc' dir='ltr'>μνήμη</span> 
     </span>
    </p>
   </div>
   <div class='ocr_carea' id='block_1_78' title="bbox 184 5249 507 5319">
    <p class='ocr_par' dir='ltr' id='par_1_78' title="bbox 184 5249 507 5319">
     <span class='ocr_line' id='line_1_78' title="bbox 184 5249 507 5319; baseline 0.022 -22"><span class='ocrx_word' id='word_1_508' title='bbox 184 5285 201 5297; x_wconf 93' lang='grc'><strong>.</strong></span> <span class='ocrx_word' id='word_1_509' title='bbox 274 5249 507 5319; x_wconf 87' lang='grc' dir='ltr'>γίνεται.</span> 
     </span>
    </p>
   </div>
   <div class='ocr_carea' id='block_1_79' title="bbox 362 5343 1855 5414">
    <p class='ocr_par' dir='ltr' id='par_1_79' title="bbox 362 5343 1855 5414">
     <span class='ocr_line' id='line_1_79' title="bbox 362 5343 1855 5414; baseline 0.022 -45"><span class='ocrx_word' id='word_1_510' title='bbox 362 5343 563 5397; x_wconf 69' lang='grc' dir='ltr'><strong>νιωδαέ</strong></span> <span class='ocrx_word' id='word_1_511' title='bbox 593 5345 620 5397; x_wconf 71' lang='grc' dir='ltr'>ὁ</span> <span class='ocrx_word' id='word_1_512' title='bbox 658 5344 966 5414; x_wconf 72' lang='grc' dir='ltr'>ἀρχιερεὺς,</span> <span class='ocrx_word' id='word_1_513' title='bbox 1012 5345 1041 5398; x_wconf 79' lang='grc' dir='ltr'><strong>ὁ</strong></span> <span class='ocrx_word' id='word_1_514' title='bbox 1070 5345 1168 5414; x_wconf 78' lang='grc' dir='ltr'>τὴν</span> <span class='ocrx_word' id='word_1_515' title='bbox 1205 5345 1461 5398; x_wconf 80' lang='grc' dir='ltr'>Γοθολίαν</span> <span class='ocrx_word' id='word_1_516' title='bbox 1506 5348 1855 5413; x_wconf 84' lang='grc' dir='ltr'>ἀποκτείνας,</span> 
     </span>
    </p>
   </div>
   <div class='ocr_carea' id='block_1_80' title="bbox 277 5433 1855 5509">
    <p class='ocr_par' dir='ltr' id='par_1_80' title="bbox 277 5433 1855 5509">
     <span class='ocr_line' id='line_1_80' title="bbox 277 5433 1855 5509; baseline 0.002 -21"><span class='ocrx_word' id='word_1_517' title='bbox 277 5433 498 5488; x_wconf 74' lang='grc' dir='ltr'>καὶτὸν</span> <span class='ocrx_word' id='word_1_518' title='bbox 539 5436 604 5487; x_wconf 83' lang='grc' dir='ltr'>ὲκ</span> <span class='ocrx_word' id='word_1_519' title='bbox 647 5434 742 5488; x_wconf 84' lang='grc' dir='ltr'><strong>τοῦ</strong></span> <span class='ocrx_word' id='word_1_520' title='bbox 785 5435 1072 5490; x_wconf 80' lang='grc' dir='ltr'>Δασιδικοῦ</span> <span class='ocrx_word' id='word_1_521' title='bbox 1105 5436 1293 5504; x_wconf 84' lang='grc' dir='ltr'>γένους</span> <span class='ocrx_word' id='word_1_522' title='bbox 1347 5437 1501 5502; x_wconf 78' lang='grc' dir='ltr'>Ἱωάς</span> <span class='ocrx_word' id='word_1_523' title='bbox 1548 5439 1724 5509; x_wconf 82' lang='grc' dir='ltr'>σοφῶς</span> <span class='ocrx_word' id='word_1_524' title='bbox 1778 5441 1855 5504; x_wconf 86' lang='grc' dir='ltr'><strong>εἰς</strong></span> 
     </span>
    </p>
   </div>
   <div class='ocr_carea' id='block_1_81' title="bbox 278 5525 938 5596">
    <p class='ocr_par' dir='ltr' id='par_1_81' title="bbox 278 5525 938 5596">
     <span class='ocr_line' id='line_1_81' title="bbox 278 5525 938 5596; baseline 0.002 -17"><span class='ocrx_word' id='word_1_525' title='bbox 278 5525 558 5596; x_wconf 79' lang='grc' dir='ltr'>βασιλείαν</span> <span class='ocrx_word' id='word_1_526' title='bbox 585 5527 938 5595; x_wconf 79' lang='grc' dir='ltr'>προαγαγών.</span> 
     </span>
    </p>
   </div>
   <div class='ocr_carea' id='block_1_82' title="bbox 349 5701 1413 5772">
    <p class='ocr_par' dir='ltr' id='par_1_82' title="bbox 349 5701 1413 5772">
     <span class='ocr_line' id='line_1_82' title="bbox 349 5701 1413 5772; baseline 0.004 -15"><span class='ocrx_word' id='word_1_527' title='bbox 349 5702 398 5736; x_wconf 72' lang='grc'><strong><em>⁸⁸</em></strong></span> <span class='ocrx_word' id='word_1_528' title='bbox 433 5701 628 5758; x_wconf 76' lang='lat' dir='ltr'><strong>Matth.</strong></span> <span class='ocrx_word' id='word_1_529' title='bbox 663 5719 834 5771; x_wconf 77' lang='lat' dir='ltr'><strong>xxv&quot;,</strong></span> <span class='ocrx_word' id='word_1_530' title='bbox 869 5705 975 5771; x_wconf 86' lang='lat'><strong>56;</strong></span> <span class='ocrx_word' id='word_1_531' title='bbox 1017 5703 1180 5763; x_wconf 86' lang='lat' dir='ltr'><strong>Marc.</strong></span> <span class='ocrx_word' id='word_1_532' title='bbox 1226 5723 1334 5772; x_wconf 69' lang='lat' dir='ltr'><strong>M’I,</strong></span> <span class='ocrx_word' id='word_1_533' title='bbox 1365 5707 1413 5761; x_wconf 83' lang='lat' dir='ltr'><strong>l.</strong></span> 
     </span>
    </p>
   </div>
   <div class='ocr_carea' id='block_1_83' title="bbox 354 5864 842 5933">
    <p class='ocr_par' dir='ltr' id='par_1_83' title="bbox 354 5864 842 5933">
     <span class='ocr_line' id='line_1_83' title="bbox 354 5864 842 5933; baseline -0.002 -14"><span class='ocrx_word' id='word_1_534' title='bbox 354 5865 466 5933; x_wconf 87' lang='lat'><strong>(59)</strong></span> <span class='ocrx_word' id='word_1_535' title='bbox 495 5864 657 5922; x_wconf 77' lang='lat' dir='ltr'><strong>Forte</strong></span> <span class='ocrx_word' id='word_1_536' title='bbox 686 5865 842 5931; x_wconf 84' lang='grc' dir='ltr'>μετά.</span> 
     </span>
    </p>
   </div>
   <div class='ocr_carea' id='block_1_84' title="bbox 1523 5706 2008 5772">
    <p class='ocr_par' dir='ltr' id='par_1_84' title="bbox 1523 5706 2008 5772">
     <span class='ocr_line' id='line_1_84' title="bbox 1523 5706 2008 5772; baseline 0 -12"><span class='ocrx_word' id='word_1_537' title='bbox 1523 5707 1566 5738; x_wconf 85' lang='grc'><strong>⁹⁰</strong></span> <span class='ocrx_word' id='word_1_538' title='bbox 1611 5706 1742 5760; x_wconf 87' lang='lat' dir='ltr'><strong>Luc.</strong></span> <span class='ocrx_word' id='word_1_539' title='bbox 1801 5723 1918 5772; x_wconf 83' lang='lat' dir='ltr'><strong>\‘lll,</strong></span> <span class='ocrx_word' id='word_1_540' title='bbox 1955 5708 2008 5762; x_wconf 77' lang='lat'><strong>5.</strong></span> 
     </span>
    </p>
   </div>
   <div class='ocr_carea' id='block_1_85' title="bbox 1958 3299 3357 3372">
    <p class='ocr_par' dir='ltr' id='par_1_85' title="bbox 1958 3299 3357 3372">
     <span class='ocr_line' id='line_1_85' title="bbox 1958 3299 3357 3372; baseline 0.006 -19"><span class='ocrx_word' id='word_1_541' title='bbox 1958 3315 2078 3369; x_wconf 72' lang='lat' dir='ltr'><strong>qua:</strong></span> <span class='ocrx_word' id='word_1_542' title='bbox 2113 3301 2300 3368; x_wconf 77' lang='lat' dir='ltr'><strong>prima:</strong></span> <span class='ocrx_word' id='word_1_543' title='bbox 2326 3299 2598 3367; x_wconf 79' lang='lat' dir='ltr'><strong>viderunt,</strong></span> <span class='ocrx_word' id='word_1_544' title='bbox 2640 3303 2905 3372; x_wconf 87' lang='lat' dir='ltr'><strong>apostolis</strong></span> <span class='ocrx_word' id='word_1_545' title='bbox 2940 3305 3357 3362; x_wconf 90' lang='lat' dir='ltr'><strong>annuntiarunt.</strong></span> 
     </span>
    </p>
   </div>
   <div class='ocr_carea' id='block_1_86' title="bbox 2026 3389 3534 3464">
    <p class='ocr_par' dir='ltr' id='par_1_86' title="bbox 2026 3389 3534 3464">
     <span class='ocr_line' id='line_1_86' title="bbox 2026 3389 3534 3464; baseline 0.007 -21"><span class='ocrx_word' id='word_1_546' title='bbox 2026 3389 2240 3444; x_wconf 80' lang='lat' dir='ltr'><strong>Joanne</strong></span> <span class='ocrx_word' id='word_1_547' title='bbox 2266 3390 2431 3444; x_wconf 88' lang='lat' dir='ltr'><strong>etiam</strong></span> <span class='ocrx_word' id='word_1_548' title='bbox 2462 3391 2507 3421; x_wconf 82' lang='lat'><strong>’°</strong></span> <span class='ocrx_word' id='word_1_549' title='bbox 2539 3407 2676 3446; x_wconf 81' lang='lat' dir='ltr'><strong>uxor</strong></span> <span class='ocrx_word' id='word_1_550' title='bbox 2707 3391 2942 3464; x_wconf 72' lang='lat' dir='ltr'><strong>(Citam)</strong></span> <span class='ocrx_word' id='word_1_551' title='bbox 2966 3398 3335 3464; x_wconf 88' lang='lat' dir='ltr'><strong>procuratoris</strong></span> <span class='ocrx_word' id='word_1_552' title='bbox 3362 3396 3534 3454; x_wconf 85' lang='lat' dir='ltr'><strong>Hero-</strong></span> 
     </span>
    </p>
   </div>
   <div class='ocr_carea' id='block_1_87' title="bbox 1959 3479 3534 3546">
    <p class='ocr_par' dir='ltr' id='par_1_87' title="bbox 1959 3479 3534 3546">
     <span class='ocr_line' id='line_1_87' title="bbox 1959 3479 3534 3546; baseline 0.006 -12"><span class='ocrx_word' id='word_1_553' title='bbox 1959 3480 2065 3546; x_wconf 90' lang='lat' dir='ltr'><strong>dis,</strong></span> <span class='ocrx_word' id='word_1_554' title='bbox 2091 3495 2214 3535; x_wconf 91' lang='lat' dir='ltr'><strong>cum</strong></span> <span class='ocrx_word' id='word_1_555' title='bbox 2248 3479 2373 3534; x_wconf 90' lang='lat' dir='ltr'><strong>aliis</strong></span> <span class='ocrx_word' id='word_1_556' title='bbox 2407 3479 2737 3536; x_wconf 83' lang='lat' dir='ltr'><strong>ﬁdelissimis</strong></span> <span class='ocrx_word' id='word_1_557' title='bbox 2767 3481 3089 3539; x_wconf 88' lang='lat' dir='ltr'><strong>mulieribus</strong></span> <span class='ocrx_word' id='word_1_558' title='bbox 3118 3484 3408 3542; x_wconf 80' lang='lat' dir='ltr'><strong>Dominum</strong></span> <span class='ocrx_word' id='word_1_559' title='bbox 3445 3503 3534 3544; x_wconf 82' lang='lat' dir='ltr'><strong>se-</strong></span> 
     </span>
    </p>
   </div>
   <div class='ocr_carea' id='block_1_88' title="bbox 1959 3568 3537 3641">
    <p class='ocr_par' dir='ltr' id='par_1_88' title="bbox 1959 3568 3537 3641">
     <span class='ocr_line' id='line_1_88' title="bbox 1959 3568 3537 3641; baseline 0.004 -17"><span class='ocrx_word' id='word_1_560' title='bbox 1959 3580 2118 3631; x_wconf 86' lang='lat' dir='ltr'><strong>cuta.</strong></span> <span class='ocrx_word' id='word_1_561' title='bbox 2169 3584 2405 3637; x_wconf 79' lang='lat' dir='ltr'><strong>opesque</strong></span> <span class='ocrx_word' id='word_1_562' title='bbox 2459 3584 2642 3622; x_wconf 85' lang='lat' dir='ltr'><strong>secum</strong></span> <span class='ocrx_word' id='word_1_563' title='bbox 2681 3568 2914 3625; x_wconf 75' lang='lat' dir='ltr'><strong>aﬂerens</strong></span> <span class='ocrx_word' id='word_1_564' title='bbox 2961 3573 3305 3641; x_wconf 81' lang='lat' dir='ltr'><strong>impendebat</strong></span> <span class='ocrx_word' id='word_1_565' title='bbox 3338 3578 3391 3629; x_wconf 91' lang='lat' dir='ltr'><strong>in</strong></span> <span class='ocrx_word' id='word_1_566' title='bbox 3433 3577 3537 3631; x_wconf 83' lang='lat' dir='ltr'><strong>mi-</strong></span> 
     </span>
    </p>
   </div>
   <div class='ocr_carea' id='block_1_89' title="bbox 1960 3663 3391 3734">
    <p class='ocr_par' dir='ltr' id='par_1_89' title="bbox 1960 3663 3391 3734">
     <span class='ocr_line' id='line_1_89' title="bbox 1960 3663 3391 3734; baseline 0.005 -15"><span class='ocrx_word' id='word_1_567' title='bbox 1960 3665 2244 3720; x_wconf 89' lang='lat' dir='ltr'><strong>nisterium</strong></span> <span class='ocrx_word' id='word_1_568' title='bbox 2267 3680 2480 3728; x_wconf 86' lang='lat' dir='ltr'><strong>corum,</strong></span> <span class='ocrx_word' id='word_1_569' title='bbox 2508 3665 2601 3734; x_wconf 86' lang='lat' dir='ltr'><strong>qui</strong></span> <span class='ocrx_word' id='word_1_570' title='bbox 2633 3663 2927 3720; x_wconf 87' lang='lat' dir='ltr'><strong>Dominum</strong></span> <span class='ocrx_word' id='word_1_571' title='bbox 2969 3670 3391 3726; x_wconf 83' lang='lat' dir='ltr'><strong>comitabantur.</strong></span> 
     </span>
    </p>
   </div>
   <div class='ocr_carea' id='block_1_90' title="bbox 1958 3823 3537 3895">
    <p class='ocr_par' dir='ltr' id='par_1_90' title="bbox 1958 3823 3537 3895">
     <span class='ocr_line' id='line_1_90' title="bbox 1958 3823 3537 3895; baseline 0.003 -16"><span class='ocrx_word' id='word_1_572' title='bbox 1958 3823 2111 3880; x_wconf 80' lang='lat' dir='ltr'><strong>CAP.</strong></span> <span class='ocrx_word' id='word_1_573' title='bbox 2151 3823 2286 3878; x_wconf 75' lang='lat' dir='ltr'><strong>XLI.</strong></span> <span class='ocrx_word' id='word_1_574' title='bbox 2323 3855 2387 3864; x_wconf 95' lang='lat'>—</span> <span class='ocrx_word' id='word_1_575' title='bbox 2435 3823 2664 3890; x_wconf 83' lang='lat' dir='ltr'><strong>Quinam</strong></span> <span class='ocrx_word' id='word_1_576' title='bbox 2703 3825 2799 3879; x_wconf 83' lang='lat' dir='ltr'><strong>viri</strong></span> <span class='ocrx_word' id='word_1_577' title='bbox 2848 3824 2910 3878; x_wconf 84' lang='lat' dir='ltr'><strong>ob</strong></span> <span class='ocrx_word' id='word_1_578' title='bbox 2948 3827 3260 3895; x_wconf 70' lang='lat' dir='ltr'><strong>sapientiam</strong></span> <span class='ocrx_word' id='word_1_579' title='bbox 3301 3829 3537 3884; x_wconf 85' lang='lat' dir='ltr'><strong>admira-</strong></span> 
     </span>
    </p>
   </div>
   <div class='ocr_carea' id='block_1_91' title="bbox 2553 3895 2945 3964">
    <p class='ocr_par' dir='ltr' id='par_1_91' title="bbox 2553 3895 2945 3964">
     <span class='ocr_line' id='line_1_91' title="bbox 2553 3895 2945 3964; baseline 0 -16"><span class='ocrx_word' id='word_1_580' title='bbox 2553 3895 2685 3948; x_wconf 82' lang='lat' dir='ltr'><strong>tioni</strong></span> <span class='ocrx_word' id='word_1_581' title='bbox 2711 3896 2945 3964; x_wconf 75' lang='lat' dir='ltr'><strong>fuerunt.</strong></span> 
     </span>
    </p>
   </div>
   <div class='ocr_carea' id='block_1_92' title="bbox 2027 4050 3532 4123">
    <p class='ocr_par' dir='ltr' id='par_1_92' title="bbox 2027 4050 3532 4123">
     <span class='ocr_line' id='line_1_92' title="bbox 2027 4050 3532 4123; baseline 0.005 -18"><span class='ocrx_word' id='word_1_582' title='bbox 2027 4051 2147 4105; x_wconf 77' lang='lat' dir='ltr'><strong>Sent</strong></span> <span class='ocrx_word' id='word_1_583' title='bbox 2177 4062 2231 4106; x_wconf 90' lang='lat' dir='ltr'><strong>et</strong></span> <span class='ocrx_word' id='word_1_584' title='bbox 2259 4050 2507 4120; x_wconf 75' lang='lat' dir='ltr'><strong>lup/tem.</strong></span> <span class='ocrx_word' id='word_1_585' title='bbox 2540 4053 2632 4121; x_wconf 87' lang='lat' dir='ltr'><strong>qui</strong></span> <span class='ocrx_word' id='word_1_586' title='bbox 2667 4061 2813 4123; x_wconf 81' lang='lat' dir='ltr'><strong>terga</strong></span> <span class='ocrx_word' id='word_1_587' title='bbox 2848 4062 3118 4109; x_wconf 83' lang='lat' dir='ltr'><strong>vertentes</strong></span> <span class='ocrx_word' id='word_1_588' title='bbox 3143 4066 3532 4122; x_wconf 85' lang='lat' dir='ltr'><strong>accesserunt,</strong></span> 
     </span>
    </p>
   </div>
   <div class='ocr_carea' id='block_1_93' title="bbox 1957 4139 2998 4210">
    <p class='ocr_par' dir='ltr' id='par_1_93' title="bbox 1957 4139 2998 4210">
     <span class='ocr_line' id='line_1_93' title="bbox 1957 4139 2998 4210; baseline 0.002 -17"><span class='ocrx_word' id='word_1_589' title='bbox 1957 4155 2066 4210; x_wconf 90' lang='lat' dir='ltr'><strong>quo</strong></span> <span class='ocrx_word' id='word_1_590' title='bbox 2091 4139 2262 4209; x_wconf 89' lang='lat' dir='ltr'><strong>patris</strong></span> <span class='ocrx_word' id='word_1_591' title='bbox 2295 4140 2595 4194; x_wconf 85' lang='lat' dir='ltr'><strong>nuditatem</strong></span> <span class='ocrx_word' id='word_1_592' title='bbox 2630 4142 2998 4210; x_wconf 89' lang='lat' dir='ltr'><strong>cooperirent.</strong></span> 
     </span>
    </p>
   </div>
   <div class='ocr_carea' id='block_1_94' title="bbox 2028 4231 3533 4301">
    <p class='ocr_par' dir='ltr' id='par_1_94' title="bbox 2028 4231 3533 4301">
     <span class='ocr_line' id='line_1_94' title="bbox 2028 4231 3533 4301; baseline 0.003 -16"><span class='ocrx_word' id='word_1_593' title='bbox 2028 4231 2222 4300; x_wconf 60' lang='grc' dir='ltr'>δοκερή</span> <span class='ocrx_word' id='word_1_594' title='bbox 2281 4247 2411 4287; x_wconf 86' lang='lat' dir='ltr'><strong>suas</strong></span> <span class='ocrx_word' id='word_1_595' title='bbox 2487 4233 2828 4287; x_wconf 75' lang='lat' dir='ltr'><strong>calamitates</strong></span> <span class='ocrx_word' id='word_1_596' title='bbox 2887 4233 3161 4301; x_wconf 89' lang='lat' dir='ltr'><strong>sapienter</strong></span> <span class='ocrx_word' id='word_1_597' title='bbox 3216 4235 3533 4298; x_wconf 82' lang='lat' dir='ltr'><strong>sustinens,</strong></span> 
     </span>
    </p>
   </div>
   <div class='ocr_carea' id='block_1_95' title="bbox 1959 4323 3538 4394">
    <p class='ocr_par' dir='ltr' id='par_1_95' title="bbox 1959 4323 3538 4394">
     <span class='ocr_line' id='line_1_95' title="bbox 1959 4323 3538 4394; baseline 0.003 -14"><span class='ocrx_word' id='word_1_598' title='bbox 1959 4325 2170 4379; x_wconf 87' lang='lat' dir='ltr'><strong>sonmia</strong></span> <span class='ocrx_word' id='word_1_599' title='bbox 2203 4323 2331 4378; x_wconf 89' lang='lat' dir='ltr'><strong>item</strong></span> <span class='ocrx_word' id='word_1_600' title='bbox 2371 4325 2735 4393; x_wconf 89' lang='lat' dir='ltr'><strong>interpretans</strong></span> <span class='ocrx_word' id='word_1_601' title='bbox 2757 4365 2771 4385; x_wconf 83' lang='lat'><strong>,</strong></span> <span class='ocrx_word' id='word_1_602' title='bbox 2807 4333 3128 4394; x_wconf 89' lang='lat' dir='ltr'><strong>tempusque</strong></span> <span class='ocrx_word' id='word_1_603' title='bbox 3162 4327 3454 4384; x_wconf 80' lang='lat' dir='ltr'><strong>fertilitatis</strong></span> <span class='ocrx_word' id='word_1_604' title='bbox 3480 4341 3538 4384; x_wconf 83' lang='lat' dir='ltr'><strong>et</strong></span> 
     </span>
    </p>
   </div>
   <div class='ocr_carea' id='block_1_96' title="bbox 1965 4417 2932 4487">
    <p class='ocr_par' dir='ltr' id='par_1_96' title="bbox 1965 4417 2932 4487">
     <span class='ocr_line' id='line_1_96' title="bbox 1965 4417 2932 4487; baseline 0.002 -16"><span class='ocrx_word' id='word_1_605' title='bbox 1965 4417 2127 4474; x_wconf 77' lang='lat' dir='ltr'><strong>famis</strong></span> <span class='ocrx_word' id='word_1_606' title='bbox 2151 4418 2555 4487; x_wconf 85' lang='lat' dir='ltr'><strong>sapientissime</strong></span> <span class='ocrx_word' id='word_1_607' title='bbox 2585 4419 2932 4487; x_wconf 86' lang='lat' dir='ltr'><strong>dispensans.</strong></span> 
     </span>
    </p>
   </div>
   <div class='ocr_carea' id='block_1_97' title="bbox 2031 4512 3532 4584">
    <p class='ocr_par' dir='ltr' id='par_1_97' title="bbox 2031 4512 3532 4584">
     <span class='ocr_line' id='line_1_97' title="bbox 2031 4512 3532 4584; baseline 0.005 -17"><span class='ocrx_word' id='word_1_608' title='bbox 2031 4513 2311 4580; x_wconf 73' lang='lat' dir='ltr'><strong>Besseleel,</strong></span> <span class='ocrx_word' id='word_1_609' title='bbox 2356 4513 2501 4568; x_wconf 80' lang='lat' dir='ltr'><strong>ﬁlius</strong></span> <span class='ocrx_word' id='word_1_610' title='bbox 2540 4512 2655 4578; x_wconf 91' lang='lat' dir='ltr'><strong>Ori,</strong></span> <span class='ocrx_word' id='word_1_611' title='bbox 2696 4525 2748 4569; x_wconf 88' lang='lat' dir='ltr'><strong>et</strong></span> <span class='ocrx_word' id='word_1_612' title='bbox 2783 4513 2962 4579; x_wconf 80' lang='lat' dir='ltr'><strong>Eliab,</strong></span> <span class='ocrx_word' id='word_1_613' title='bbox 2992 4515 3133 4572; x_wconf 77' lang='lat' dir='ltr'><strong>[ilius</strong></span> <span class='ocrx_word' id='word_1_614' title='bbox 3152 4517 3532 4584; x_wconf 81' lang='lat' dir='ltr'><strong>Achisamach,</strong></span> 
     </span>
    </p>
   </div>
   <div class='ocr_carea' id='block_1_98' title="bbox 1961 4606 3235 4676">
    <p class='ocr_par' dir='ltr' id='par_1_98' title="bbox 1961 4606 3235 4676">
     <span class='ocr_line' id='line_1_98' title="bbox 1961 4606 3235 4676; baseline 0.002 -16"><span class='ocrx_word' id='word_1_615' title='bbox 1961 4608 2050 4676; x_wconf 87' lang='lat' dir='ltr'><strong>qui</strong></span> <span class='ocrx_word' id='word_1_616' title='bbox 2080 4622 2298 4660; x_wconf 86' lang='lat' dir='ltr'><strong>sacrum</strong></span> <span class='ocrx_word' id='word_1_617' title='bbox 2328 4606 2756 4661; x_wconf 82' lang='lat' dir='ltr'><strong>Tabernaculum</strong></span> <span class='ocrx_word' id='word_1_618' title='bbox 2790 4618 3235 4663; x_wconf 76' lang='lat' dir='ltr'><strong>construxerunt.</strong></span> 
     </span>
    </p>
   </div>
   <div class='ocr_carea' id='block_1_99' title="bbox 2030 4695 3534 4768">
    <p class='ocr_par' dir='ltr' id='par_1_99' title="bbox 2030 4695 3534 4768">
     <span class='ocr_line' id='line_1_99' title="bbox 2030 4695 3534 4768; baseline 0.003 -16"><span class='ocrx_word' id='word_1_619' title='bbox 2030 4696 2209 4762; x_wconf 69' lang='lat' dir='ltr'><strong>Clausi,</strong></span> <span class='ocrx_word' id='word_1_620' title='bbox 2239 4695 2458 4751; x_wconf 78' lang='lat' dir='ltr'><strong>Davidis</strong></span> <span class='ocrx_word' id='word_1_621' title='bbox 2493 4698 2872 4765; x_wconf 88' lang='lat' dir='ltr'><strong>consiliarius,</strong></span> <span class='ocrx_word' id='word_1_622' title='bbox 2919 4699 3010 4768; x_wconf 89' lang='lat' dir='ltr'><strong>qui</strong></span> <span class='ocrx_word' id='word_1_623' title='bbox 3050 4699 3270 4754; x_wconf 75' lang='lat' dir='ltr'><strong>dextere</strong></span> <span class='ocrx_word' id='word_1_624' title='bbox 3310 4702 3534 4757; x_wconf 78' lang='lat' dir='ltr'><strong>Achito-</strong></span> 
     </span>
    </p>
   </div>
   <div class='ocr_carea' id='block_1_100' title="bbox 1961 4789 2725 4859">
    <p class='ocr_par' dir='ltr' id='par_1_100' title="bbox 1961 4789 2725 4859">
     <span class='ocr_line' id='line_1_100' title="bbox 1961 4789 2725 4859; baseline 0.003 -18"><span class='ocrx_word' id='word_1_625' title='bbox 1961 4789 2134 4859; x_wconf 84' lang='lat' dir='ltr'><strong>phelis</strong></span> <span class='ocrx_word' id='word_1_626' title='bbox 2164 4789 2484 4857; x_wconf 88' lang='lat' dir='ltr'><strong>sapientiam</strong></span> <span class='ocrx_word' id='word_1_627' title='bbox 2512 4791 2725 4843; x_wconf 77' lang='lat' dir='ltr'><strong>evertit.</strong></span> 
     </span>
    </p>
   </div>
   <div class='ocr_carea' id='block_1_101' title="bbox 2031 4880 3532 4951">
    <p class='ocr_par' dir='ltr' id='par_1_101' title="bbox 2031 4880 3532 4951">
     <span class='ocr_line' id='line_1_101' title="bbox 2031 4880 3532 4951; baseline 0.003 -16"><span class='ocrx_word' id='word_1_628' title='bbox 2031 4880 2304 4944; x_wconf 88' lang='lat' dir='ltr'><strong>Salomon,</strong></span> <span class='ocrx_word' id='word_1_629' title='bbox 2342 4881 2434 4951; x_wconf 87' lang='lat' dir='ltr'><strong>qui</strong></span> <span class='ocrx_word' id='word_1_630' title='bbox 2467 4883 2746 4950; x_wconf 56' lang='lat' dir='ltr'><strong>sapientia</strong></span> <span class='ocrx_word' id='word_1_631' title='bbox 2779 4882 3051 4938; x_wconf 85' lang='lat' dir='ltr'><strong>charisma</strong></span> <span class='ocrx_word' id='word_1_632' title='bbox 3085 4895 3412 4940; x_wconf 90' lang='lat' dir='ltr'><strong>consecutus</strong></span> <span class='ocrx_word' id='word_1_633' title='bbox 3432 4898 3532 4940; x_wconf 90' lang='lat' dir='ltr'><strong>est.</strong></span> 
     </span>
    </p>
   </div>
   <div class='ocr_carea' id='block_1_102' title="bbox 2034 4972 3534 5041">
    <p class='ocr_par' dir='ltr' id='par_1_102' title="bbox 2034 4972 3534 5041">
     <span class='ocr_line' id='line_1_102' title="bbox 2034 4972 3534 5041; baseline 0.005 -16"><span class='ocrx_word' id='word_1_634' title='bbox 2034 4972 2165 5026; x_wconf 81' lang='lat' dir='ltr'><strong>Filii</strong></span> <span class='ocrx_word' id='word_1_635' title='bbox 2199 4973 2369 5036; x_wconf 79' lang='lat' dir='ltr'><strong>Maul,</strong></span> <span class='ocrx_word' id='word_1_636' title='bbox 2408 4972 2612 5027; x_wconf 62' lang='lat' dir='ltr'><strong>JEIhan</strong></span> <span class='ocrx_word' id='word_1_637' title='bbox 2643 4984 2695 5028; x_wconf 91' lang='lat' dir='ltr'><strong>et</strong></span> <span class='ocrx_word' id='word_1_638' title='bbox 2727 4974 2921 5038; x_wconf 83' lang='lat' dir='ltr'><strong>Esran.</strong></span> <span class='ocrx_word' id='word_1_639' title='bbox 2955 4985 3009 5030; x_wconf 89' lang='lat' dir='ltr'><strong>et</strong></span> <span class='ocrx_word' id='word_1_640' title='bbox 3038 4975 3265 5041; x_wconf 87' lang='lat' dir='ltr'><strong>Heman,</strong></span> <span class='ocrx_word' id='word_1_641' title='bbox 3290 4987 3343 5030; x_wconf 90' lang='lat' dir='ltr'><strong>et</strong></span> <span class='ocrx_word' id='word_1_642' title='bbox 3372 4979 3534 5032; x_wconf 85' lang='lat' dir='ltr'><strong>Chal-</strong></span> 
     </span>
    </p>
   </div>
   <div class='ocr_carea' id='block_1_103' title="bbox 1961 5064 3533 5137">
    <p class='ocr_par' dir='ltr' id='par_1_103' title="bbox 1961 5064 3533 5137">
     <span class='ocr_line' id='line_1_103' title="bbox 1961 5064 3533 5137; baseline 0.003 -18"><span class='ocrx_word' id='word_1_643' title='bbox 1961 5066 2104 5128; x_wconf 87' lang='lat' dir='ltr'><strong>chal,</strong></span> <span class='ocrx_word' id='word_1_644' title='bbox 2137 5076 2186 5119; x_wconf 93' lang='lat' dir='ltr'><strong>et</strong></span> <span class='ocrx_word' id='word_1_645' title='bbox 2222 5064 2455 5119; x_wconf 79' lang='lat' dir='ltr'><strong>Dardan.</strong></span> <span class='ocrx_word' id='word_1_646' title='bbox 2489 5065 2561 5119; x_wconf 88' lang='lat' dir='ltr'><strong>De</strong></span> <span class='ocrx_word' id='word_1_647' title='bbox 2583 5066 2786 5132; x_wconf 84' lang='lat' dir='ltr'><strong>quibus</strong></span> <span class='ocrx_word' id='word_1_648' title='bbox 2806 5066 2968 5120; x_wconf 87' lang='lat' dir='ltr'><strong>etiam</strong></span> <span class='ocrx_word' id='word_1_649' title='bbox 2995 5067 3047 5119; x_wconf 92' lang='lat' dir='ltr'><strong>in</strong></span> <span class='ocrx_word' id='word_1_650' title='bbox 3069 5067 3219 5122; x_wconf 89' lang='lat' dir='ltr'><strong>libris</strong></span> <span class='ocrx_word' id='word_1_651' title='bbox 3246 5067 3447 5137; x_wconf 80' lang='lat' dir='ltr'><strong>Regum</strong></span> <span class='ocrx_word' id='word_1_652' title='bbox 3466 5071 3533 5135; x_wconf 81' lang='lat'><strong>&quot;,</strong></span> 
     </span>
    </p>
   </div>
   <div class='ocr_carea' id='block_1_104' title="bbox 1962 5159 3392 5230">
    <p class='ocr_par' dir='ltr' id='par_1_104' title="bbox 1962 5159 3392 5230">
     <span class='ocr_line' id='line_1_104' title="bbox 1962 5159 3392 5230; baseline 0.002 -16"><span class='ocrx_word' id='word_1_653' title='bbox 1962 5177 2057 5214; x_wconf 88' lang='lat' dir='ltr'><strong>ceu</strong></span> <span class='ocrx_word' id='word_1_654' title='bbox 2089 5171 2208 5230; x_wconf 89' lang='lat' dir='ltr'><strong>post</strong></span> <span class='ocrx_word' id='word_1_655' title='bbox 2241 5159 2584 5213; x_wconf 81' lang='lat' dir='ltr'><strong>Salumonem</strong></span> <span class='ocrx_word' id='word_1_656' title='bbox 2618 5160 3058 5230; x_wconf 81' lang='lat' dir='ltr'><strong>sapientissimis,</strong></span> <span class='ocrx_word' id='word_1_657' title='bbox 3087 5161 3143 5215; x_wconf 81' lang='lat' dir='ltr'><strong>iit</strong></span> <span class='ocrx_word' id='word_1_658' title='bbox 3173 5165 3392 5218; x_wconf 88' lang='lat' dir='ltr'><strong>mentio.</strong></span> 
     </span>
    </p>
   </div>
   <div class='ocr_carea' id='block_1_105' title="bbox 2029 5343 3534 5414">
    <p class='ocr_par' dir='ltr' id='par_1_105' title="bbox 2029 5343 3534 5414">
     <span class='ocr_line' id='line_1_105' title="bbox 2029 5343 3534 5414; baseline 0.004 -18"><span class='ocrx_word' id='word_1_659' title='bbox 2029 5345 2198 5399; x_wconf 83' lang='lat' dir='ltr'><strong>Jodne</strong></span> <span class='ocrx_word' id='word_1_660' title='bbox 2228 5344 2487 5414; x_wconf 78' lang='lat' dir='ltr'><strong>pontifex,</strong></span> <span class='ocrx_word' id='word_1_661' title='bbox 2519 5348 2605 5413; x_wconf 85' lang='lat' dir='ltr'><strong>qui</strong></span> <span class='ocrx_word' id='word_1_662' title='bbox 2637 5343 2946 5399; x_wconf 82' lang='lat' dir='ltr'><strong>Gotholiam</strong></span> <span class='ocrx_word' id='word_1_663' title='bbox 2979 5344 3284 5409; x_wconf 82' lang='lat' dir='ltr'><strong>interfecit,</strong></span> <span class='ocrx_word' id='word_1_664' title='bbox 3317 5355 3371 5401; x_wconf 91' lang='lat' dir='ltr'><strong>et</strong></span> <span class='ocrx_word' id='word_1_665' title='bbox 3402 5345 3534 5402; x_wconf 84' lang='lat' dir='ltr'><strong>Joas</strong></span> 
     </span>
    </p>
   </div>
   <div class='ocr_carea' id='block_1_106' title="bbox 1958 5437 3531 5514">
    <p class='ocr_par' dir='ltr' id='par_1_106' title="bbox 1958 5437 3531 5514">
     <span class='ocr_line' id='line_1_106' title="bbox 1958 5437 3531 5514; baseline 0.001 -22"><span class='ocrx_word' id='word_1_666' title='bbox 1958 5453 2023 5492; x_wconf 80' lang='lat' dir='ltr'><strong>ex</strong></span> <span class='ocrx_word' id='word_1_667' title='bbox 2054 5437 2306 5490; x_wconf 78' lang='lat' dir='ltr'><strong>Daridico</strong></span> <span class='ocrx_word' id='word_1_668' title='bbox 2330 5453 2524 5505; x_wconf 71' lang='lat' dir='ltr'><strong>genere</strong></span> <span class='ocrx_word' id='word_1_669' title='bbox 2549 5445 2735 5490; x_wconf 85' lang='lat' dir='ltr'><strong>natum</strong></span> <span class='ocrx_word' id='word_1_670' title='bbox 2763 5437 3037 5506; x_wconf 80' lang='lat' dir='ltr'><strong>sapienter</strong></span> <span class='ocrx_word' id='word_1_671' title='bbox 3066 5437 3133 5492; x_wconf 89' lang='lat' dir='ltr'><strong>ad</strong></span> <span class='ocrx_word' id='word_1_672' title='bbox 3158 5453 3383 5510; x_wconf 77' lang='lat' dir='ltr'><strong>regnum</strong></span> <span class='ocrx_word' id='word_1_673' title='bbox 3403 5453 3531 5514; x_wconf 83' lang='lat' dir='ltr'><strong>pro-</strong></span> 
     </span>
    </p>
   </div>
   <div class='ocr_carea' id='block_1_107' title="bbox 1961 5539 2124 5584">
    <p class='ocr_par' dir='ltr' id='par_1_107' title="bbox 1961 5539 2124 5584">
     <span class='ocr_line' id='line_1_107' title="bbox 1961 5539 2124 5584; baseline 0.006 -3"><span class='ocrx_word' id='word_1_674' title='bbox 1961 5539 2124 5584; x_wconf 75' lang='lat' dir='ltr'><strong>\‘8Xll.</strong></span> 
     </span>
    </p>
   </div>
   <div class='ocr_carea' id='block_1_108' title="bbox 2115 5707 2723 5779">
    <p class='ocr_par' dir='ltr' id='par_1_108' title="bbox 2115 5707 2723 5779">
     <span class='ocr_line' id='line_1_108' title="bbox 2115 5707 2723 5779; baseline 0.003 -16"><span class='ocrx_word' id='word_1_675' title='bbox 2115 5708 2155 5740; x_wconf 83' lang='lat'><strong>°&#39;</strong></span> <span class='ocrx_word' id='word_1_676' title='bbox 2197 5707 2260 5763; x_wconf 89' lang='lat' dir='ltr'><strong>Ill</strong></span> <span class='ocrx_word' id='word_1_677' title='bbox 2311 5709 2442 5779; x_wconf 80' lang='lat' dir='ltr'><strong>Reg.</strong></span> <span class='ocrx_word' id='word_1_678' title='bbox 2500 5724 2571 5773; x_wconf 79' lang='lat' dir='ltr'><strong>tv,</strong></span> <span class='ocrx_word' id='word_1_679' title='bbox 2631 5709 2723 5766; x_wconf 78' lang='lat'><strong>5|.</strong></span> 
     </span>
    </p>
   </div>
  </div>
