4248 6438
724 431 792 493 47
2223 432 2399 493 JOSE

2299 432 2523 493 DSEI’PI
3899 436 3976 499 Δξι

796 546 1007 613 Daniel,
1040 542 1132 616 qui
1173 549 1433 619 mysticus
1483 563 1671 618 regum
1726 548 1961 604 \isiones
2014 547 2291 601 revelavit.
2327 557 2368 610 Α
2468 586 2473 602 .

2327 557 2368 610 Α
2468 550 2711 618 Δανιὴλ,
2764 553 2789 604 ὁ
2840 550 2905 604 τὰ
2960 549 3195 622 μυστικὰ
3247 550 3357 604 τῶν
3411 552 3671 621 βασιλέων
3732 554 3978 624 θεάματα

728 642 800 696 De
830 656 940 711 quo
967 642 1131 696 etiam
1163 643 1228 695 ad
1258 643 1537 696 diabolum
1562 644 1766 696 dictum
1791 652 1873 696 est
1906 660 1917 695 :
1960 640 2215 711 Nunquid
2247 651 2301 694 tn

724 735 1012 804 sapientior
1037 751 1093 789 es
1126 735 1343 789 Daniele
1372 735 1458 788 ἠ

798 826 1024 893 Esdras,
1048 827 1143 895 qui
1182 842 1370 884 sacras
1400 828 1631 883 Litteras
1682 838 1804 893 p05t
1840 825 2074 881 reditum
2118 825 2301 897 populi

725 914 930 972 Iudaici
960 917 1028 973 de
1061 915 1339 990 Babylone
1373 918 1645 975 recensuit
1672 918 1738 971 °'.

723 1121 872 1176 CAP.
898 1119 1057 1179 XLII.
1080 1152 1150 1163 —
1181 1123 1313 1188 Qua:
1346 1119 1598 1243 mulieres!
1623 1121 1884 1191 sapientia
1924 1119 2154 1173 maxime
2191 1116 2303 1170 cla-

1381 1206 1574 1243 ruerun
1606 1232 1619 1243 .

1381 1206 1619 1245 ruerunt.

792 1303 1048 1371 Thamar,
1071 1302 1401 1373 quaeiudam
1435 1304 1499 1357 ad
1534 1301 1898 1374 procreaudos
1926 1302 2126 1356 liberos
2143 1298 2292 1353 val’re

723 1396 961 1465 pellexit.

793 1487 1041 1552 Rebecca,
1071 1501 1192 1557 quae
1219 1502 1305 1541 res
1332 1488 1404 1540 ita
1434 1486 1856 1550 administravit,
1882 1496 1943 1539 ut
1971 1483 2176 1539 Jacobo
2205 1497 2301 1553 pa-

722 1592 891 1634 terna:
922 1579 1332 1633 benedictiones
1364 1578 1647 1642 darentur,
1677 1591 1916 1647 eumque
1961 1577 2016 1631 in
2049 1577 2301 1647 Mesopo-

720 1672 941 1725 tamian
986 1672 1053 1725 ad
1080 1671 1463 1741 cognationem
1503 1685 1660 1725 suam
1702 1669 1889 1734 misit,
1916 1677 2134 1739 propter
2163 1670 2298 1724 iram

719 1763 883 1817 Esau.

786 1854 1025 1922 Josabel,
1041 1851 1520 1924 ﬁlia'regisloram,
1538 1850 1850 1907 uxoriodae
1866 1852 2155 1921 pontiﬁcis.
2177 1851 2300 1910 llaec

2402 641 2828 706 ἀποκαλύπτων,
2856 659 2919 695 πε
2929 644 2983 713 p‘t
3004 637 3065 693 οὗ
3089 644 3185 695 ml.
3212 643 3350 711 πρὸς
3369 643 3459 695 τὸν
3483 644 3727 698 διάϐολον
3744 648 3972 717 εἴρηται⁸

2403 734 2499 800 Μὴ
2525 734 2607 787 σὺ
2637 735 2976 804 σοφώτερος
3002 730 3058 788 εἶ
3079 734 3187 788 τοῦ
3221 733 3445 803 Δανιή]
3464 750 3484 799 ;

2477 827 2762 895 Ἔσδρας,
2784 829 2813 880 ὁ
2835 827 2946 881 τῶν
2969 826 3128 898 ιερῶν
3151 828 3408 898 Γραφῶν,
3435 829 3573 899 μετά
3594 827 3694 899 τὴν
3722 829 3785 880 ὲκ
3812 828 3979 882 Βαϐυ-

2402 918 2570 983 λῶνος
2607 920 2702 973 τοῦ
2745 918 3035 975 Ἰουδαῖκοῦ
3057 920 3187 975 λαοῦ
3223 921 3522 988 ἐπάνοδον,
3552 924 3774 992 μνήμην
3818 940 3976 991 ποιη-

2404 1026 2473 1063 σα
2480 1025 2664 1078 μενος.

2401 1121 2652 1180 ΚΕΦΛΔ.
2688 1122 2817 1179 MB‘.
2847 1152 2917 1163 —
2954 1125 3120 1190 Τίνες
3162 1123 3259 1178 ἐπὶ
3298 1126 3483 1194 σοφίᾳ
3516 1124 3798 1194 γυναῖκες
3840 1131 3978 1180 θαυ-

2902 1195 3129 1263 μασταί
3164 1196 3467 1265 γεγόνασι.

2476 1303 2676 1375 Θάμαρ
2701 1345 2717 1371 ,
2749 1307 2841 1360 ἐπὶ
2875 1306 3220 1376 παιδογονίαν
3251 1309 3342 1362 τὸν
3384 1310 3586 1365 Ἰούδαν
3618 1314 3976 1384 σοφισαμένη.

2486 1486 2787 1551 Ῥεϐέκκα,
2821 1489 2898 1559 τῷ
2932 1489 3127 1544 Ἰακὼϐ
3152 1490 3248 1557 τάς
3279 1494 3429 1564 παρά
3458 1495 3551 1550 τοῦ
3586 1497 3791 1566 πατρὸς
3825 1497 3978 1550 εὐλο-

2403 1579 2527 1645 γίας
2585 1582 2992 1652 οἰκονομήσασα
3029 1584 3282 1654 δοθῆναι,
3322 1586 3417 1641 καὶ
3451 1588 3531 1651 είς
3580 1590 3679 1660 τὴν
3728 1590 3978 1644 Μεσοπο-

2401 1674 2608 1742 ταμίαν
2656 1674 2820 1729 αὑτὸν
2868 1677 3002 1746 πρὸς
3033 1677 3131 1747 τὴν
3172 1680 3369 1749 ἑαυτῆς
3408 1682 3728 1751 συγγένειαν
3770 1684 3979 1755 ἐκπέμ-

2402 1782 2603 1829 πουσα,
2635 1766 2721 1819 διὰ
2749 1769 2847 1836 τὴν
2871 1768 2964 1821 τοῦ
3007 1769 3177 1824 Ἠσαῦ
3216 1771 3397 1841 μῆνιν.

2489 1858 2842 1929 Ἰωστιόὲ.1,ἠ
2868 1862 2960 1913 τοῦ
2983 1861 3244 1931 βασιλέως
3271 1864 3476 1935 Ἰωρὰμ
3492 1865 3760 1938 θυγάτηρ,
3801 1868 3981 1922 Ἰωδαὲ

723 1947 1009 2001 occultavit
1036 1945 1169 2001 Joas
1201 1946 1370 1999 lilium
1405 1944 1657 2000 Ochozire
1686 1942 1873 2000 fratris
1919 1945 2005 1999 sui
2034 1982 2049 2009 ,
2082 1954 2140 1999 ut
2172 1961 2238 2001 ne
2266 1962 2295 2001 a
2332 1916 2372 1972 Β

2332 1916 2372 1972 Β
2401 1950 2455 2005 δὲ
2486 1952 2578 2005 τοῦ
2613 1916 2913 2024 ἀρχιερέως
2939 1916 3098 2026 γυνὴ,
3126 1916 3384 2026 κρύφασά
3426 1916 3583 2022 θιυέάέ

720 2039 945 2094 Godolia
978 2023 1664 2105 interﬁceretur,'eumque
1695 2036 1956 2100 servavit,
1986 2053 2094 2107 quo
2119 2038 2294 2106 palam

718 2131 870 2185 ticret
901 2130 1092 2183 adesse
1122 2142 1502 2184 successorem
1540 2127 1780 2182 Davidici
1813 2131 1984 2198 regni.

787 2308 1083 2364 Snnamitis
1115 2308 1259 2361 haud
1312 2308 1493 2362 minus
1536 2306 1778 2377 sapiens,
1810 2322 1931 2377 qua:
1978 2312 2293 2379 pr0phetam

721 2401 975 2456 Elismum
1029 2401 1267 2470 hospitio
1308 2400 1544 2470 excepit,
1584 2400 1700 2454 sive
1732 2398 1803 2455 ob
1837 2413 2191 2470 pra-paratam
2217 2403 2296 2456 illi

720 2496 977 2559 domum,
1010 2492 1123 2547 sive
1168 2492 1241 2546 ob
1284 2492 1665 2547 assidui:atem
1710 2507 1837 2562 erga
1886 2494 2206 2562 prophetam
2226 2495 2294 2549 ³⁵.

720 2605 868 2662 CAP.
905 2603 1091 2659 XLIII.
1124 2634 1193 2646 —
1218 2604 1449 2670 Quinam
1474 2604 1535 2657 ob
1568 2604 1787 2656 nimiam
1818 2604 2154 2673 sapientiam,
2184 2607 2297 2675 ipsa

1123 2692 1224 2730 sua
1249 2676 1509 2744 sapientia
1539 2675 1873 2728 interierunt.

789 2789 894 2853 Qui
937 2788 1128 2841 turrim
1163 2788 1228 2841 ad
1269 2787 1469 2841 coelum
1514 2801 1686 2856 usque
1730 2787 2123 2857 pertingentem
2165 2791 2297 2843 ardi-

720 2879 883 2933 Iicare
927 2879 1215 2942 volebant,
1247 2877 1555 2945 linguarum
1602 2878 1871 2933 divisione
1901 2880 2115 2947 disjecti
2149 2890 2293 2935 sunt.

792 2971 1030 3033 Pharao,
1062 2970 1155 3039 qui
1183 2979 1305 3023 astu
1334 2970 1518 3038 populi
1545 2971 1823 3024 interitum
1856 2972 2293 3035 maehiuabatur,

721 3078 925 3134 eosque
961 3064 1014 3116 in
1040 3076 1227 3117 servos
1262 3062 1496 3116 retinuere
1532 3063 1746 3117 volebat
1776 3102 1792 3129 ,
1824 3063 2059 3133 ipsumet
2098 3074 2295 3119 conatu

721 3172 820 3208 suo
853 3155 1078 3209 interiit.

788 3244 1107 3303 Abrmelech,
1143 3241 1413 3297 Gedeouis
1446 3242 1607 3307 ﬁlius,
1631 3242 1761 3296 dum
1793 3242 1940 3298 val're
1965 3246 2031 3298 ad
2066 3259 2125 3300 se
2158 3245 2295 3315 regi-
2322 3262 2367 3323 ρ

723 3355 843 3391 men
873 3339 1090 3391 trahere
1121 3338 1350 3401 nititur,
1380 3350 1445 3390 ac
1495 3337 1691 3391 iratres
1724 3352 1855 3391 suos
1880 3354 1982 3391 Lxx
2019 3340 2147 3394 inter
2164 3342 2292 3403 iicit,

722 3445 751 3482 a
786 3429 1102 3482 muliercula
1134 3444 1232 3482 ceu
1265 3428 1420 3482 cauis
1453 3428 1813 3498 interemptus
1836 3439 1941 3485 est.

793 3520 950 3585 Suul,
991 3520 1336 3574 machinatus
1374 3517 1594 3574 Davidis
1625 3534 1835 3585 necem,
1887 3521 2207 3592 hastamque
2240 3522 2292 3576 in

721 3611 872 3664 illum
913 3621 1308 3682 contorquens,
1333 3610 1557 3682 preprio
1582 3610 1765 3682 gladio
1787 3612 2007 3667 interiit.

790 3800 1098 3870 Aclritophel
1130 3800 1345 3857 funesta
1371 3800 1599 3856 consilia
1633 3798 1956 3861 meditatus.
1983 3801 2076 3854 sed
2112 3801 2294 3857 minus

722 3895 980 3963 probatus
1011 3895 1154 3962 apud
1203 3893 1526 3949 Abessalon]
1573 3891 1841 3947 industria
1882 3890 2071 3957 Chusi,
2100 3893 2295 3962 laqueo

720 3986 883 4039 vitam
908 3985 1099 4039 iinivit.

795 4080 899 4144 Qui
954 4077 1223 4132 Daniclem
1276 4076 1523 4133 leonibus
1579 4075 1944 4147 objiciendum
1993 4085 2291 4146 curarunt,

720 4177 939 4244 ipsitnet
971 4171 1100 4224 l'eris
1127 4169 1348 4238 objecti.

793 4267 855 4317 Et
885 4263 1064 4317 adhuc
1094 4271 1277 4326 antea,
1304 4258 1520 4329 Josephi
1548 4260 1762 4330 fratres,
1788 4260 1881 4331 qui
1915 4269 2096 4315 astuto
2119 4260 2295 4316 consi-

717 4358 793 4409 lio
838 4353 921 4407 usi
954 4360 1120 4415 sunt,
1163 4358 1223 4404 ut
1265 4350 1475 4404 irritam
1533 4349 1824 4405 redderent
1869 4364 2017 4419 spem
2067 4347 2187 4417 ejus
2228 4349 2294 4401 de

719 4444 940 4513 propria
975 4442 1147 4511 gloria
1180 4455 1245 4494 ex
1276 4439 1503 4494 somniis
1538 4447 1857 4507 conceptam
1886 4477 1901 4501 ,
1932 4438 2001 4491 ab
2033 4438 2179 4491 illius
2202 4436 2292 4506 ju-

720 4539 862 4591 dicio
883 4550 941 4589 se
970 4546 1211 4602 suasque
1234 4547 1319 4586 res
1339 4544 1532 4586 omnes
1552 4531 1785 4600 pendere
1806 4529 2012 4599 experti
2040 4538 2187 4583 sunt.

720 4651 873 4706 CAP.
908 4647 1092 4702 XLIV.
1123 4675 1194 4688 ——
1223 4645 1455 4710 Quinam
1484 4646 1701 4700 veritate
1726 4645 1987 4714 sapienter
2007 4644 2293 4709 occultata,

1216 4718 1443 4771 salutent
1470 4717 1795 4769 invenerunt.

797 4832 1091 4896 Abraham,
1115 4832 1208 4901 qui
1234 4831 1369 4886 dixit
1403 4830 1664 4885 Sarrham
1692 4844 1935 4884 sororem
1967 4844 2123 4885 suam
2152 4842 2296 4894 esse,

720 4942 790 4980 ne
829 4934 1046 4993 propter
1074 4924 1219 4976 illam
1252 4922 1321 4975 ab
1351 4920 1619 4992 Egyptiis
1645 4922 2014 4976 occumberet.

794 5017 1002 5086 Moyses
1047 5016 1113 5070 ad
1149 5013 1467 5085 Egyptium
1495 5015 1681 5068 dit-ens
1703 5054 1717 5078 ,
1745 5014 1911 5068 trium
1943 5015 2154 5069 dierum
2200 5013 2294 5067 iti-

722 5124 850 5164 nere
878 5124 937 5163 se
966 5108 1224 5178 populum
1252 5121 1350 5175 pro
1373 5104 1465 5160 Dei
1491 5106 1640 5161 cultu
1663 5107 2043 5160 abducturum.

794 5200 1013 5253 Samuel
1048 5214 1256 5269 ungens
1286 5198 1453 5254 David
1486 5198 1536 5252 iu
1572 5212 1778 5267 regem,
1806 5207 1859 5252 et
1885 5197 2074 5253 dicens
2104 5212 2162 5252 se
2194 5211 2292 5266 pro

720 5290 996 5347 oil‘crenda
1026 5290 1243 5345 victima
1274 5290 1489 5345 venisse
1518 5289 1851 5343 Bethlehem.

788 5380 1061 5434 Jonathan
1092 5380 1279 5435 dicens
1310 5381 1374 5435 ad
1407 5389 1615 5452 patrem
1648 5396 1805 5434 suum
1837 5377 1964 5433 Saul
1999 5378 2067 5434 de
2101 5377 2292 5445 David,

717 5472 865 5543 quod
895 5473 964 5527 ab
1009 5486 1068 5528 se
1114 5473 1503 5543 postulaverit,
1567 5483 1628 5528 ut
1676 5472 1781 5528 sibi
1852 5473 2038 5527 liceret
2087 5472 2166 5527 ire
2240 5473 2294 5525 in

717 5564 1055 5621 Iletlrlehem.

788 5656 963 5709 David
1008 5656 1223 5727 fugiens
1265 5656 1484 5713 Saulem
1510 5696 1526 5723 ,
1575 5667 1627 5712 et
1665 5657 1851 5713 dicens
1879 5658 1945 5712 ad
1977 5658 2290 5714 Abimelech

2398 2043 2490 2096 τοῦ
2532 2044 2763 2114 ἀδελφοῦ
2792 2047 2963 2117 αὐτῆς
3010 2048 3147 2111 υίὸν,
3190 2050 3278 2103 ἴνα
3309 2050 3385 2122 μὴ
3434 2050 3571 2121 πρὸς
3598 2052 3699 2122 τῆς
3728 2053 3981 2117 Γοδολίας

2398 2138 2681 2208 ἀναιρεθῇ,
2716 2140 2808 2193 καὶ
2835 2139 3120 2208 φυλάξασα
3149 2142 3229 2205 είς
3251 2142 3348 2213 τὴν
3375 2143 3472 2212 τῆς
3504 2143 3796 2215 Δαυῖτικῆς
3823 2143 3977 2215 βασι-

2399 2227 2547 2291 λείας
2576 2230 2862 2298 ἔκφανσιν,

2470 2320 2616 2391 Σοφὴ
2663 2322 2755 2373 καὶ
2784 2322 2821 2388 ἢ
2854 2324 3206 2393 Σουναμῖτις
3232 2364 3246 2390 ,
3284 2326 3316 2395 ἠ
3351 2323 3442 2378 τὸν
3473 2325 3761 2396 προφήτην
3799 2325 3948 2381 Ἐλισ

2401 2413 2551 2466 σαῖον
2595 2414 3010 2486 δεξιωσαμένη,
3065 2418 3131 2488 τῇ
3177 2435 3237 2471 τε
3289 2418 3388 2488 τῆς
3422 2417 3597 2483 οἰκίας
3631 2422 3976 2491 παρασκευῇ,

2399 2505 2495 2557 καὶ
2516 2507 2581 2576 τῇ
2611 2511 2905 2579 παραμονῇ
2933 2510 2998 2579 τῇ
3030 2508 3127 2562 τοῦ
3157 2511 3457 2581 προφήτου.

2399 2619 2821 2697 KE¢:\A.»_MI".
2868 2653 2937 2697 -—_-
2983 2624 3150 2697 Tir-ec
3174 2624 3280 2697 ρπί
3326 2625 3622 2694 δεινότητι
3667 2627 3977 2697 γενόμενοι

2503 2692 2701 2758 σοφοί,
2737 2691 2834 2746 διὰ
2863 2693 2973 2761 τῆς
3014 2694 3244 2749 ἑαυτῶν
3278 2697 3501 2766 σοφίας
3531 2691 3868 2753 ἆπώλονίο.

2474 2804 2538 2854 Ol
2566 2802 2673 2855 τὸν
2692 2804 2924 2873 πύργον
2944 2807 3246 2878 οἰκοδομεῖν
3265 2808 3370 2872 ἕως
3385 2809 3619 2881 ούρανοῦ
3639 2809 3973 2882 βουλόμενοι.

2400 2890 2668 2947 διελύοντο
2696 2897 2763 2964 τῇ
2798 2896 3137 2969 πολυφωνίᾳ.

2471 2986 2680 3077 Φαραὼ
2708 2986 3208 3059 κατασοφιζόμενος
3230 2990 3330 3063 τὴν
3360 2993 3456 3047 τοῦ
3497 2994 3624 3048 λαοῦ
3656 2994 3973 3077 διαφθορὰν,

2400 3077 2492 3129 καὶ
2516 3076 2770 3145 κατέχειν
2789 3079 2868 3141 εἰς
2885 3079 3104 3144 δούλους
3130 3080 3477 3151 βουλόμενος,
3505 3076 3977 3155 συναπολλύμενος

2398 3170 2463 3237 τῇ
2500 3168 2722 3240 τοιαύτῃ
2755 3172 3114 3241 ἐπιχειρήσει.

2485 3262 2789 3331 Ἀϐιμέλεχ
2827 3262 2856 3315 ὁ
2886 3263 2978 3317 τοῦ
3013 3264 3217 3319 Γεδεὼν
3251 3265 3384 3331 υίὸς,
3416 3267 3770 3339 σοφιζόμενος
3795 3268 3979 3340 ἑαυτῷ

2397 3352 2499 3423 τὴν
2549 3353 2723 3424 ἀρχὴν
2761 3356 3262 3426 περιποιήσασθαι,
3311 3358 3409 3412 καὶ
3446 3360 3574 3423 τοὺς
3627 3366 3670 3413 ο¹
3711 3359 3975 3429 ἀδελφοὺς

2399 3446 2706 3514 φονεύσας,
2764 3447 2869 3499 ὑπὸ
2921 3448 3179 3515 γυναικὸς
3233 3450 3309 3513 ὡς
3356 3449 3506 3505 κύων
3562 3453 3973 3524 ἀναιρούμενος.

2469 3533 2668 3590 Σαοὺλ
2695 3535 3091 3609 μηχανώμενος
3117 3539 3218 3609 τὴν
3245 3540 3341 3594 τοῦ
3363 3542 3526 3597 Δαδὶδ
3552 3536 3853 3613 ἀναίρεσιν,
3883 3545 3976 3597 καὶ

2395 3624 2458 3677 τὸ
2491 3625 2618 3696 δόρυ
2668 3627 2792 3682 κατ’
2839 3629 3005 3683 αὐτοῦ
3051 3630 3292 3701 βάλλων,
3333 3632 3439 3686 ὑπὸ
3480 3633 3575 3688 τοῦ
3625 3634 3758 3688 ίὸίου
3787 3635 3975 3705 ξίφους

2395 3714 2570 3767 διολλύ
2577 3731 2755 3785 μενος.

2479 3808 2789 3878 Ἀχιτόφελ
2809 3809 2961 3864 δεινά
2988 3808 3340 3882 σοφιζόμενος
3364 3812 3461 3867 καὶ
3483 3815 3977 3887 παρευδοκιμηθεὶς

2396 3900 2533 3971 πρὸς
2562 3902 2654 3956 τὸν
2695 3903 3069 3976 ’Δόεσσαλὼμ,
3102 3904 3208 3959 ὑπὸ
3238 3904 3333 3959 τοῦ
3362 3906 3570 3979 Χουσῆ.
3602 3909 3809 3983 ἀγχόνῃ
3841 3927 3975 3981 χρη-

2398 3992 2654 4062 σάμενος.

2474 4086 2539 4139 οι
2566 4084 2676 4138 τὸν
2698 4086 2923 4153 Δανιὴλ
2948 4091 3418 4162 συσκευασάμενοι
3447 4096 3560 4158 τοῖς
3581 4094 3795 4149 λέουσιν
3820 4096 3974 4150 ἔκδο-

2398 4174 2577 4245 θῆναι,
2611 4176 2765 4230 αὐτοὶ
2795 4180 2906 4241 τοῖς
2939 4179 3148 4251 θηρίοις
3179 4181 3512 4247 ἑκδοθέντες.

2468 4269 2577 4322 Καὶ
2633 4268 2713 4322 ἔτι
2766 4271 3068 4343 πρότερον,
3127 4276 3182 4329 ol
3244 4276 3353 4331 τοῦ
3417 4278 3631 4349 Ἰωσὴφ
3682 4280 3973 4350 ἀδελφοί,

2395 4360 2683 4428 ἀφανίζειν
2738 4363 2902 4417 αὐτοῦ
2959 4365 3059 4435 τὴν
3108 4367 3174 4419 ὲκ
3228 4366 3339 4421 τῶν
3387 4367 3681 4438 ὀνειράτων
3730 4371 3975 4439 ἐπίδοξον

2399 4457 2728 4526 προσδοκίαν
2761 4461 3113 4531 σοφισάμενοι
3133 4503 3148 4527 .
3176 4462 3282 4517 ὐπὸ
3308 4464 3408 4536 τὴν
3434 4465 3617 4535 κρίσιν
3644 4466 3814 4521 αὐτοῦ
3835 4468 3976 4539 περὶ

2398 4547 2492 4602 τοῦ
2524 4550 2724 4613 παντὸς
2754 4551 2981 4608 ἔκειντο.

2402 4662 2653 4717 ΚΕΦΔΛ.
2687 4663 2818 4718 MA’.
2864 4694 2949 4739 -Δ
2983 4668 3148 4733 Τίνες
3188 4667 3503 4739 ἐπικρύψει
3548 4667 3656 4738 τῆς
3691 4670 3977 4739 ἀληθείας

2773 4734 2973 4805 σοφοί,
3002 4738 3306 4806 σωτηρίαν
3322 4734 3602 4808 εὕραντο.

2485 4846 2733 4918 Ἀϐραὰμ
2753 4848 2988 4920 ἀδελφὴν
3014 4850 3210 4905 ἑαυτοῦ
3238 4852 3413 4921 λέγων
3440 4847 3581 4908 εἶναι
3608 4854 3709 4926 τὴν
3735 4856 3972 4928 Σάῥραν,

2402 4938 2488 4993 ἵνα
2529 4939 2603 5011 μὴ
2631 4940 2735 4993 ὑπὸ
2762 4939 2871 4994 τῶν
2899 4943 3214 5012 Αἰγυπτίων
3243 4944 3313 4998 δι’
3340 4946 3511 5016 αὐτὴν
3549 4947 3831 5019 ἀναιρεθῇ.

2472 5030 2734 5100 Μωῦσῆς
2749 5033 2884 5104 πρὸς
2908 5032 2998 5087 τὸν
3021 5034 3316 5103 Αίγύπτιον
3340 5035 3537 5105 λέγων,
3565 5039 3732 5109 τριῶν
3752 5040 3978 5111 ἡμερῶν

2398 5119 2490 5173 τὸν
2515 5119 2643 5172 λαὸν
2670 5121 2763 5173 ἐπὶ
2784 5120 2882 5193 τὴν
2907 5121 3042 5175 Θεοῦ
3074 5123 3329 5197 λατρείαν
3348 5126 3595 5192 ἀπάξειν.

2472 5211 2760 5280 Σαμουὴλ
2806 5214 2977 5284 χρίων
3018 5215 3111 5269 τὸν
3140 5216 3305 5270 Δασὶδ
3334 5219 3415 5281 είς
3464 5218 3689 5286 βασιλέα
3712 5261 3728 5287 ,
3758 5222 3851 5275 ἐπὶ
3891 5222 3978 5276 θυ-

2404 5300 2525 5354 σίαν
2552 5302 2781 5369 φάσκων
2813 5304 2893 5367 είς
2922 5304 3020 5375 τὴν
3045 5305 3293 5377 Βηθλεὲμ
3324 5310 3693 5377 ἀφικνεῖσθαι.

2486 5392 2770 5447 Ἰωνάθην
2818 5394 2992 5464 λέγων
3047 5396 3184 5468 πρὸς
3230 5398 3321 5452 τὸν
3362 5400 3560 5453 ἑαυτοῦ
3618 5403 3832 5476 πατέρα
3883 5404 3976 5459 τὸν

2404 5478 2576 5534 Σαοὺλ
2626 5482 2756 5553 περὶ
2787 5483 2881 5537 τοῦ
2915 5485 3111 5552 Δασὶδ,
3149 5487 3222 5551 ὡς
3263 5488 3356 5541 ὑπ’
3390 5489 3556 5544 αὐτοῦ
3602 5494 3977 5567 παρακληθεὶς

2402 5573 2487 5645 εἴη
2527 5573 2605 5637 είς
2628 5576 2728 5647 τὴν
2764 5575 3008 5648 Βηθλεὲμ
3035 5579 3278 5634 ἀπιέναι.

2485 5665 2538 5716 '0
2571 5666 2747 5719 Δαῦὶό
2773 5666 2991 5738 φεύγων
3031 5669 3121 5725 τὸν
3152 5670 3344 5741 Σαοὺλ,
3393 5673 3530 5745 πρὸς
3564 5673 3654 5730 τδν
3688 5676 3839 5750 ἱερέα
3880 5676 3977 5737 τὸν

778 5840 830 5875 ³³
860 5841 1060 5899 Ezech.
1097 5859 1291 5912 xxvm,
1317 5844 1371 5899 5.
1448 5844 1493 5877 9³
1513 5842 1556 5897 ιι
1577 5844 1734 5899 Esdr.
1758 5859 1877 5912 vui,
1905 5845 1958 5898 2.
2037 5845 2081 5876 ⁸⁵
2105 5844 2167 5899 ιγ
2222 5845 2352 5916 Reg.
2398 5860 2450 5900 iv

1046 5882 1060 5896 .
1097 5844 1371 5912 xxvm,5.
1448 5842 1556 5897 9³11
1577 5844 1734 5899 Esdr.
1758 5859 1877 5912 vui,
1905 5845 1958 5898 2.
2037 5844 2167 5899 ἐιν
2222 5845 2352 5916 Reg.
2398 5860 2472 5910 tv,
2517 5847 2603 5913 lo,
2634 5847 2722 5903 50.
