4248 6438
280 398 351 460 49
1467 399 1836 459 LIBELLUS
1875 402 2375 481 MEMORIALIS.
3469 418 3542 478 50

289 507 584 575 ’Λὸιμέλεχ
618 506 866 574 φάσκων,
887 505 961 569 ὡς
988 505 1092 558 ὑπὸ
1118 504 1210 558 τοῦ
1237 506 1500 575 βασιλέως
1523 509 1863 577 ἀπεσταλμέ-
1894 514 1936 570 Λ

1894 514 1936 570 Λ
1969 516 2300 582 pontificem,
2337 518 2480 586 quod
2514 533 2542 571 a
2581 533 2705 588 rege
2745 521 2948 576 missus
2985 533 3129 577 esset
3163 540 3260 593 pro
3304 529 3544 596 quadam

273 616 364 661 vo;
399 600 483 667 εἴη
520 598 611 650 ἐπί
634 614 686 649 τι
717 599 946 668 πρᾶγμα
966 597 1242 666 προσῆκον
1268 597 1436 667 αὐτῷ.
1470 599 1579 651 Καὶ
1611 599 1745 668 πρὸς
1769 601 1861 653 τὸν

232 689 233 692 “
275 691 575 758 ἀλλόφυλον
603 689 773 744 ἐλθὼν
795 730 809 754 ,
842 690 1027 752 δείσας
1069 689 1166 759 μὴ,
1198 692 1274 754 ὼς
1305 691 1611 761 στρατηγὸς
1646 691 1721 745 ὢν
1765 693 1860 746 τοῖ’)

275 784 429 845 λαοῦ,
467 783 749 853 ἀποθάνῃ,
783 782 982 851 μανίαν
1011 783 1320 852 ἐσκήψατο,
1354 785 1584 853 πρᾶγμα
1623 786 1863 856 προεαλ-

274 877 501 944 λόμειεος
539 877 639 927 οὐκ
673 874 891 943 ἀληθὲς,
925 875 1013 928 διὰ
1044 876 1340 944 σωτηρίαν.

349 968 460 1020 Καὶ
507 966 758 1034 Malsz
792 967 846 1020 δὲ
876 1005 889 1027 ,
939 965 1034 1019 τοῦ
1089 967 1299 1037 πατρὸς
1352 969 1863 1036 ὲπαγανακτοῦντος

277 1061 413 1128 αὐτῇ
435 1058 523 1111 διὰ
541 1058 638 1128 τὴν
659 1057 755 1110 τοῦ
779 1058 944 1110 Δασὶδ
962 1057 1242 1122 ἀπόλυσιν,
1264 1060 1603 1130 ἀναιρεῖσθαι
1630 1061 1862 1130 λέγουσα

281 1147 415 1216 πρὸς
440 1146 630 1210 αὑτοῦ,
653 1148 702 1200 εἰ
732 1147 807 1218 μὴ
831 1147 989 1202 τοῦτο
1011 1151 1327 1219 πεποιήκει.

281 1264 529 1318 KEI‘AA.
559 1262 692 1317 ME'.
715 1293 784 1303 —-
817 1265 982 1336 Τίνες
1013 1263 1266 1336 erodat,»
1294 1265 1690 1334 δικαιοσύνης
1719 1269 1862 1336 ἔργα

863 1333 1282 1402 διεπράξαντο.

362 1444 503 1497 Ἀὼδ
535 1446 563 1498 6
608 1444 801 1515 κριτὴς
845 1446 938 1499 τὸν
987 1446 1243 1516 Αἰγλὼμ,
1279 1448 1370 1500 τον
1417 1448 1526 1500 τῶν
1558 1448 1864 1502 Μωαϐιτῶν

283 1538 529 1606 βασιλέα,
556 1537 631 1600 ὡς
654 1538 891 1607 ὑπήκοος
922 1539 1059 1608 προς
1087 1540 1249 1591 αὑτὸν
1277 1540 1416 1608 μετά
1445 1540 1636 1611 δώρων
1666 1542 1859 1608 ἐλθὼν,

281 1628 488 1681 ἀνελὼν
515 1629 674 1699 δόλῳ.

365 1723 545 1787 Ἰαίιλ,
593 1724 625 1791 ή
677 1723 771 1774 τοῦ
803 1724 1030 1776 Κιναίου
1082 1725 1269 1794 Χαδὲρ
1325 1727 1490 1796 γυνὴ,
1525 1726 1616 1778 τὸν
1657 1727 1863 1798 Σισάρα

1970 622 2026 660 re
2053 623 2280 662 suorum
2318 612 2684 680 negotiorum.
2720 613 2787 666 Et
2828 614 2894 666 ad
2926 613 3260 669 Philistaaum
3295 620 3539 684 veniens,

1965 696 2172 750 veritus
2216 713 2283 752 nc
2327 701 2740 766 interficeretur,
2800 703 3000 773 quippe
3055 707 3150 774 qui
3209 709 3390 776 populi
3431 713 3543 767 dux

1963 795 2114 851 erat,
2146 790 2430 844 stultitiam
2477 794 2783 860 simulavit,
2815 797 3023 864 [ingens
3056 811 3169 851 rem
3201 798 3424 854 minimc
3450 817 3542 856 ve-

1965 894 2080 931 ram
2121 879 2511 938 incolumitatis
2546 887 2736 952 gratia.

2037 970 2262 1026 Melclrot
2286 989 2525 1042 quoque,
2546 988 2696 1043 patre
2719 994 2820 1033 suo
2843 979 2916 1033 illi
2941 991 3296 1036 succcnsente
3323 992 3546 1053 propter

1969 1059 2186 1116 Davitlis
2243 1063 2658 1128 dimissionem,
2702 1068 2954 1137 inquiens
2994 1087 3054 1126 se
3101 1071 3294 1126 abillo
3335 1074 3545 1127 interli-

1965 1154 2212 1208 ciendam
2246 1154 2417 1211 fuisse
2439 1198 2453 1221 ,
2484 1157 2589 1211 nisi
2623 1158 2726 1214 hoc
2755 1163 3117 1226 przeslilissct.

1963 1269 2119 1324 CAP.
2157 1269 2318 1325 XLV.
2364 1300 2404 1306 -η
2479 1271 2709 1337 Quinam
2741 1274 2862 1396 dolo
2902 1277 3132 1344 justitia:
3161 1295 3320 1348 opera
3361 1281 3547 1348 eﬁ'ere-

2687 1361 2784 1396 ruu
2817 1385 2830 1396 .

2687 1361 2830 1398 rum.

2036 1453 2148 1504 Aod
2172 1453 2354 1522 iudex,
2376 1456 2468 1524 qui
2497 1455 2624 1510 dolo
2643 1457 2913 1513 interfecit
2938 1458 3156 1528 Eglon,
3187 1458 3546 1516 Moabitarum

1967 1559 2188 1612 regem,
2233 1545 2310 1599 uti
2357 1546 2608 1601 subditus
2647 1549 2713 1601 ad
2758 1565 2884 1603 eum
2938 1567 3063 1605 cum
3101 1551 3421 1605 muneribus
3454 1567 3546 1606 ve-

1967 1653 2144 1690 lllt’llS.

2032 1729 2175 1794 Jael,
2198 1731 2412 1785 Chaber
2439 1732 2608 1786 Cinaei
2641 1748 2802 1798 uxor,
2832 1749 2955 1803 qua:
2983 1734 3222 1788 Sisaram
3254 1735 3546 1803 fugientem

283 1812 557 1878 φεύγοντα
590 1812 928 1882 φιλοφρόνως
969 1815 1231 1884 δεχομένη
1256 1857 1268 1879 ,
1307 1818 1399 1868 καὶ
1444 1817 1674 1884 γάλακτι
1712 1817 1864 1871 ποτί-
1901 1853 1941 1908 Β

1901 1853 1941 1908 Β
1970 1821 2144 1876 amice
2171 1823 2419 1891 excepit,
2451 1824 2695 1892 laetoque
2724 1827 2930 1894 potavit
2959 1837 3014 1879 et
3047 1827 3365 1881 obdormire
3397 1827 3546 1893 fecit,

284 1899 452 1962 ζουσα
489 1903 956 1972 κατακοιμήσασά
983 1920 1063 1969 τε,
1094 1905 1194 1974 τὴν
1225 1906 1465 1976 κεφαλὴν
1501 1907 1666 1960 αὑτοῦ
1690 1908 1864 1962 τελευ-

283 1996 433 2044 ταῖον
470 1994 732 2060 πασσάλῳ
759 1993 1077 2050 διελάσασα.

285 2107 535 2182 ΚΕΦΛᾼ.
565 2105 711 2182 MCT:
753 2138 820 2182 _—-
851 2109 1014 2182 Τίνες
1045 2109 1428 2178 προσχήματι
1459 2129 1518 2178 χι
1535 2112 1867 2182 ηστότητος

459 2178 498 2244 ἡ
523 2179 836 2242 εὐσεϐείας
857 2220 870 2242 ,
913 2180 1176 2232 θάνατον
1199 2178 1689 2250 κατειργάσαντο.

359 2292 581 2358 Πρῶτος
606 2295 637 2344 o'
670 2293 803 2361 ὄφις
832 2294 932 2364 τὴν
968 2293 1114 2348 Εὕαν
1140 2294 1228 2348 διὰ
1256 2297 1623 2368 χρηστότητος
1653 2299 1869 2354 ἔπεισεν

285 2382 629 2451 ἐφάπτεσθαι
651 2385 746 2436 τοῦ
780 2388 878 2455 τῆς
911 2385 1168 2453 γνώσεως
1200 2387 1369 2455 φυτοῦ
1391 2430 1404 2451 ,
1431 2390 1506 2453 ὡς
1552 2391 1690 2445 θεῶν
1727 2410 1869 2460 γινοο

286 2474 467 2544 μένων
490 2477 538 2527 εἰ
565 2476 811 2545 φάγοιεν,
836 2477 928 2530 καὶ
943 2477 1030 2531 διὰ
1046 2477 1251 2551 ταύτης
1276 2480 1355 2543 είς
1379 2479 1603 2534 θάνατον
1627 2483 1867 2538 ἐνέϐαλε.

357 2667 506 2720 Κάῖν
525 2665 610 2719 τὸν
627 2665 852 2732 ἀδελφὸν
871 2665 1210 2736 φιλοφρόνως
1234 2665 1308 2729 ὡς
1333 2668 1411 2729 είς
1444 2667 1712 2739 αἰώρησιν
1739 2687 1872 2740 προσ

284 2760 649 2829 τρεπόμενος,
709 2761 1040 2828 Διέλθωμεν
1087 2760 1177 2824 είς
1229 2760 1293 2813 τὸ
1347 2759 1578 2828 πεδίον,
1611 2765 1870 2836 φάμενος,

284 2852 460 2914 οὕτως
493 2851 754 2920 ἀναιρῶν.

371 2943 445 2997 ’11
480 2943 727 3004 Ἰεζάϐελ
779 2945 1124 3015 προσχήματι
1155 2948 1408 3018 νηστείας
1437 2949 1558 3021 Θεῷ
1601 2969 1874 3023 προσαγο-

293 3037 466 3106 μένης
500 3037 646 3106 ὑπὲρ
675 3037 767 3091 τοῦ
814 3039 1112 3110 βασιλέως,
1144 3041 1236 3095 τὸν
1276 3042 1557 3098 Ναϐουθαὶ
1603 3062 1875 3116 συκοφαν-

293 3148 388 3182 του
401 3149 486 3183 32..

1976 1928 2040 1968 ac
2068 1913 2283 1968 tandem
2315 1925 2479 1984 caput
2516 1915 2663 1969 illius
2687 1915 2842 1970 clavo
2884 1918 3369 1972 transverberavit.

1976 2123 2128 2178 CAP.
2168 2123 2350 2178 XLVI.
2386 2155 2451 2165 —
2485 2125 2713 2189 Quinam
2741 2135 2998 2192 pra'textu
3034 2127 3310 2194 probitatis
3340 2136 3430 2179 aut
3471 2143 3548 2180 re-

2326 2195 2537 2265 ligionis
2573 2195 2766 2249 aedem
2813 2197 3014 2264 operati
3057 2208 3202 2250 sunt.

2047 2309 2264 2364 Primus
2307 2326 2514 2379 serpens
2548 2311 2671 2366 Eva:
2707 2311 2888 2380 specie
2932 2311 3090 2364 bona;
3131 2325 3257 2379 erga
3292 2309 3437 2363 illam
3469 2309 3550 2362 af-

1979 2402 2229 2459 fectionis
2253 2406 2542 2472 persuasit,
2562 2413 2620 2458 ut
2644 2413 2887 2474 tangeret
2917 2404 3169 2459 arborem
3199 2403 3555 2473 cegnitionic,

1977 2497 2179 2565 quippe
2213 2495 2382 2550 futuri
2414 2506 2673 2567 tanquam
2713 2497 2788 2553 dii
2830 2497 2876 2554 si
2910 2495 3285 2559 comederent,
3315 2503 3370 2550 et
3393 2495 3472 2549 sic.
3498 2495 3552 2549 in

1980 2598 2208 2642 mortem
2240 2589 2615 2658 prtecipitavit.

2053 2680 2189 2734 Cain
2232 2679 2452 2735 fratrem
2498 2682 2676 2735 amice
2714 2682 2870 2752 quasi
2903 2683 2971 2737 ad
3018 2682 3263 2739 caelestia
3308 2689 3553 2735 contem-

1983 2770 2173 2839 planda
2205 2771 2554 2834 adhortatus,
2599 2771 2861 2828 Exeamus
2914 2775 2968 2828 in
3019 2790 3241 2843 agrum,
3294 2771 3557 2843 inquit".

1981 2870 2143 2931 atque
2173 2862 2255 2917 sic
2281 2862 2570 2918 interfecit.

2004 3012 2010 3017 ,
2052 2953 2264 3008 Iezabel
2304 2955 2409 3009 sub
2450 2965 2713 3026 praetextu
2759 2958 2951 3027 jejunii
2987 2957 3098 3012 Deo
3142 2956 3405 3012 oﬂerendi
3459 2974 3562 3028 pro

1985 3060 2132 3116 rege,
2155 3045 2414 3102 Nabuthae
2441 3064 2536 3119 per
2567 3051 2898 3104 calumniam
2929 3067 2959 3104 e
2989 3050 3166 3107 medio
3189 3051 3436 3108 sustulit.

376 3223 440 3275 '0
481 3225 727 3293 ἰσμα-ὴλ
758 3227 939 3292 φιλίας
969 3230 1317 3299 προσχήματι
1347 3229 1482 3300 πρὸς
1511 3231 1601 3283 τὸν
1641 3232 1878 3301 προστά-
1902 3207 1946 3268 C

1902 3207 1946 3268 Ο
2053 3228 2251 3283 Ismael
2299 3230 2482 3300 specie
2529 3232 2787 3285 amicitia:
2841 3233 3069 3285 veniens
3123 3231 3191 3287 ad
3241 3231 3557 3300 prafecttttn

293 3328 397 3384 την
444 3314 538 3367 τοῦ
586 3317 1008 3384 ὑπολειφθέντος
1040 3323 1120 3384 είς
1152 3321 1250 3392 τὴν
1303 3322 1662 3393 Ἰερουσαλὴμ
1713 3323 1876 3386 λαοῦ,

293 3405 389 3458 τὸν
446 3407 735 3474 Γοδολίαν,
788 3412 1272 3482 παραγενόμενος,
1329 3415 1422 3468 καὶ
1467 3413 1658 3469 τοῦτον
1706 3416 1880 3482 οὕτως

295 3500 522 3556 ἀνελών.

368 3614 620 3668 ΚΕΦΑΛ.
655 3616 789 3668 MZ'.
823 3645 892 3654 —
934 3616 1101 3683 Τίνες
1143 3617 1361 3673 δίκαιοι
1402 3621 1806 3691 ἀνῃρέθησαν.

370 3729 671 3797 Ζαχαρίας
701 3731 728 3781 6
751 3727 848 3780 τοῦ
878 3729 1179 3799 ἀρχιερέως
1233 3729 1410 3785 Ἰωδαὲ
1443 3733 1580 3798 υίὸς,
1619 3737 1880 3806 ἐπιπλήτ-

297 3837 408 3873 των
427 3818 777 3873 δυσσεθοῦντι
804 3821 882 3891 τῷ
921 3821 1094 3885 Ίωᾶς,
1123 3821 1463 3887 λιθόλευστος
1486 3825 1762 3896 ἀναμέσον
1787 3829 1881 3882 τοῦ

299 3905 433 3960 ναοῦ
464 3907 557 3961 καὶ
588 3906 683 3959 τοῦ
716 3908 1103 3980 θυσιαστηρίου
1129 3910 1455 3980 ἀναιρεῖται.

370 4001 588 4068 Οὐρίας
611 4002 638 4053 6
660 4002 964 4071 προφήτης,
993 4003 1210 4070 φεύγων
1228 4004 1330 4064 τὰς
1354 4004 1583 4066 ἀπειλὰς
1609 4006 1704 4059 τοῦ
1726 4007 1879 4074 λαοῦ,

300 4095 534 4164 ἐπείπερ
584 4095 818 4165 παρῄνει
878 4095 952 4162 μὴ
990 4094 1306 4158 δυσσεϐεἶν,
1351 4096 1568 4164 κληθεὶς
1619 4100 1728 4153 ἀπὸ
1781 4101 1883 4170 τῆς

301 4188 580 4255 Αἰγύπτου
609 4189 690 4250 είς
717 4187 816 4257 τὴν
852 4188 1225 4258 Ἰερουσαλὴμ,
1259 4189 1564 4257 ἐφονεύετο.

375 4279 670 4334 Ναϐουθαί
713 4283 740 4333 6
791 4281 1193 4350 Ἰεζραηλίτης,
1244 4281 1336 4334 τὸν
1375 4281 1570 4336 ἑαυτοῦ
1618 4287 1883 4356 πατρικὸν

304 4371 610 4443 ἀμπελῶνα
633 4371 710 4442 μὴ
742 4371 1023 4441 βουληθεὶς
1053 4371 1238 4426 δοῦναι
1262 4372 1342 4443 τῷ
1388 4375 1615 4444 Ἀχαά6,
1648 4378 1752 4430 ὑπὸ
1783 4380 1884 4449 τῆς

319 4466 555 4532 Ἰεζάϐελ
608 4465 1137 4537 συκοφαντούμενος,
1191 4466 1355 4531 Λίθοις
1399 4467 1731 4539 βαλλόμενος
1786 4473 1882 4525 ἀν-

305 4563 502 4636 ῄρητο.
1093 4557 1102 4565 ·

381 4656 712 4723 Γοδολιας,
760 4657 789 4708 6
840 4655 936 4709 τοῦ
987 4656 1119 4710 λαου
1177 4657 1313 4728 μετά
1362 4659 1460 4728 τὴν
1511 4659 1890 4728 αἰχμαλωσίαν

310 4749 732 4820 προϊστάμενος,
756 4748 863 4801 ὑπὸ
895 4749 1183 4819 Ἰσμαήλου
1208 4749 1296 4804 διὰ
1321 4749 1381 4804 τὸ
1410 4745 1547 4804 εἶναι
1577 4752 1891 4822 προστάτην

309 4840 570 4912 ἀνῄρητο.

395 4934 637 4998 Ἡσαΐας
664 4935 692 4986 ὁ
720 4933 1004 5004 προφήτης
1034 4931 1138 4985 ὑπὸ
1167 4931 1432 5000 Μανασσῆ
1464 4929 1718 5001 ὲπρίσθη,
1748 4930 1825 4995 ὡς
1857 4931 1889 5001 ή

313 5027 616 5098 παράδοσις
637 5026 752 5096 ἔχει
779 5025 915 5095 (60),
941 5024 1064 5078 οὒτε
1087 5027 1199 5096 γὰρ
1220 5027 1253 5094 ή
1278 5025 1471 5095 Γραφὴ
1492 5024 1649 5077 τοῦτο
1665 5024 1888 5093 ἔφησεν.

398 5118 629 5184 Ἰούδας
656 5119 684 5170 6
711 5116 1087 5179 Μακκαϐαῖος,
1119 5117 1212 5168 καὶ
1237 5118 1289 5170 οί
1330 5116 1732 5184 Ἀσαμοναίου
1761 5115 1892 5169 παῖ-

314 5216 440 5281 δες,
467 5214 572 5265 ὑπο
588 5211 860 5280 Ἀντιόχου
883 5208 976 5263 τοῦ
995 5207 1320 5278 Ἐπιφανοῦς
1349 5209 1436 5261 ἐπ’
1457 5208 1685 5278 εὐνομία
1703 5207 1892 5272 δεινῶς

316 5303 656 5366 αἰκισθέντες
678 5301 1045 5374 ἀνῃρέθησαν.

401 5397 678 5462 Ἰάκωϐος
711 5396 738 5447 6
766 5393 989 5461 ἀδελφὸς
1016 5391 1111 5445 τοῦ
1145 5393 1379 5463 Κυρίου,
1412 5394 1441 5445 ὁ
1468 5394 1554 5446 διὰ
1584 5393 1681 5461 τὴν
1723 5393 1892 5461 ὑπερ-

317 5489 619 5543 ϐάλλουσαν
656 5489 856 5560 ἀρετήν
887 5487 1093 5550 δίκαιος
1121 5485 1438 5557 ἐπικληθεὶς
1462 5526 1475 5551 ,
1514 5486 1618 5539 ὑπὸ
1648 5485 1740 5540 τοῦ
1764 5484 1894 5538 λαοῦ

318 5581 585 5654 ἀνῃρέθη.

392 5723 438 5756 ’⁵
468 5722 602 5777 Gen.
639 5736 711 5785 tv,
738 5720 790 5773 8.
869 5721 914 5751 ⁹⁶
960 5719 1160 5776 Jerem.
1200 5738 1345 5786 xxvi,
1397 5723 1486 5776 ‘25.

1982 3321 2153 3375 relicti
2195 3321 2586 3394 Hierosolymis
2617 3324 2798 3393 populi
2840 3323 3122 3379 Godol'tam
3143 3363 3160 3388 ,
3190 3339 3315 3378 eum
3355 3326 3439 3380 sic
3471 3325 3554 3379 iu-

1981 3413 2211 3472 terfecit.

2124 3620 2278 3676 CAP.
2315 3619 2524 3678 XLVII.
2558 3653 2622 3661 —
2659 3620 2884 3685 Quinam
2912 3622 3049 3689 justi
3076 3622 3236 3676 occisi
3268 3630 3414 3675 tum.

2054 3733 2368 3795 Zacharias,
2405 3732 2675 3801 pontificis
2706 3731 2876 3785 ειοάαυ
2906 3732 3070 3793 lilins,
3110 3731 3233 3784 dum
3283 3730 3562 3801 redarguit

1985 3826 2149 3894 impie
2176 3835 2424 3896 agentem
2455 3823 2607 3890 Joas,
2642 3824 2913 3894 lapidatus
2947 3824 3087 3876 inter
3115 3822 3375 3891 ten'tplutn
3402 3831 3457 3875 et
3484 3821 3559 3874 al-

1985 3928 2098 3972 tare
2118 3918 2397 3972 occubuit.

2059 4009 2214 4063 Uria;
2241 4011 2525 4080 propheta,
2557 4008 2794 4078 fugitans
2831 4009 3006 4063 minas
3034 4008 3245 4077 populi,
3275 4007 3404 4076 quia
3432 4006 3562 4060 hor-

1987 4103 2203 4156 tabatur
2238 4117 2364 4155 eum
2405 4117 2474 4154 ne
2501 4101 2665 4169 impie
2698 4111 2911 4168 ageret,
2948 4111 3174 4154 vocatus
3216 4115 3283 4154 ex
3327 4097 3568 4168 .Egypto

1986 4196 2038 4249 in
2072 4193 2408 4257 Jerusalem,
2448 4192 2766 4248 interfectus
2792 4203 2873 4246 est
2897 4193 2963 4246 ’°.

2059 4285 2321 4340 Nabutha:
2376 4285 2724 4350 Jezraelites,
2786 4285 2912 4338 dum
2969 4285 3233 4338 detrectat
3283 4292 3559 4352 paternam

1985 4381 2196 4435 vineam
2224 4394 2380 4433 suam
2407 4379 2603 4432 dedere
2633 4378 2874 4440 Achaho,
2899 4377 2967 4431 ab
2985 4375 3204 4432 Iezabel
3235 4391 3330 4444 per
3347 4366 3566 4429 calum-

1987 4470 2132 4525 niam
2175 4469 2446 4538 lapidibus
2469 4469 2704 4523 ohrutus
2738 4468 2857 4522 neci
2890 4467 3072 4522 datur.

2063 4653 2338 4720 Godolt‘as,
2383 4653 2672 4724 pmfectus
2705 4652 2885 4722 populi
2924 4661 3048 4722 post
3075 4651 3469 4720 captivitatem,
3499 4650 3572 4704 ab

1995 4749 2237 4812 lsmaele,
2267 4762 2333 4803 eo
2357 4747 2504 4818 quod
2534 4746 2824 4817 praefectus
2848 4755 3020 4807 esset,
3047 4742 3390 4798 interficitm.

2069 4929 2244 4986 Isaias
2281 4930 2540 5000 propheta
2583 4944 2613 4983 a
2656 4927 2907 4983 Manasse
2954 4941 3106 4981 serra
3139 4935 3322 4980 sectus
3355 4934 3462 4986 est,
3511 4935 3570 4980 ut

1996 5024 2217 5079 traditio
2241 5023 2421 5078 hahet.
2438 5020 2548 5077 Nec
2583 5031 2763 5078 tamen
2794 5020 3076 5089 Scriptura
3105 5018 3250 5072 istud
3285 5028 3472 5072 narrat
3497 5019 3565 5070 ".

2065 5113 2236 5168 Iudas
2275 5112 2629 5177 Maccahzeus,
2649 5120 2702 5166 et
2722 5112 3051 5165 Assamona't'
3077 5111 3180 5177 ﬁlii
3207 5109 3278 5163 ab
3304 5109 3573 5163 Antiocho

1997 5206 2194 5261 lllustri
2218 5213 2438 5275 propter
2469 5203 2603 5273 legis
2625 5202 3029 5256 observantiam
3053 5200 3343 5255 crudeliter
3364 5210 3416 5253 et
3439 5215 3563 5254 cou-

1999 5296 2286 5352 tumeliose
2307 5296 2434 5348 εαθεί
2468 5291 2735 5346 interfecti
2765 5298 2913 5343 sunt.

2074 5385 2323 5450 Jacobus,
2355 5383 2522 5438 frater
2554 5380 2786 5446 Domini,
2807 5381 2900 5449 qui
2940 5388 3158 5449 propter
3196 5377 3431 5433 eximias
3461 5377 3572 5428 vit-

2004 5489 2145 5536 tutes
2171 5477 2310 5533 Justi
2335 5489 2639 5548 cognomen
2661 5472 2922 5540 obtinuit,
2952 5489 2983 5527 a
3009 5470 3208 5544 populo
3232 5471 3452 5529 occisus
3472 5477 3572 5526 est-

1566 5723 1606 5752 ”
1642 5719 1803 5774 llehr.
1830 5735 1906 5782 tu,
1935 5719 2024 5773 57.

396 5860 510 5932 (60)
543 5861 742 5917 Confer
773 5860 1044 5934 llippolyt.
1083 5862 1156 5917 De
1195 5862 1400 5917 Anticlr.
1435 5878 1484 5918 c.
1515 5861 1606 5927 50,
1636 5868 1686 5920 ct
1728 5860 2069 5930 interpretes.
