4248 6438
704 359 774 425 59
2199 348 2504 410 JOSEPPI
3897 342 3969 404 60

704 490 881 529 rorem
911 471 1151 526 Thamar
1182 468 1443 537 virginem
1476 464 1709 531 vitiavit,
1743 474 1798 521 et
1834 472 1956 535 post
1989 473 2277 521 contume-
2304 472 2351 528 Α

2304 472 2351 528 Α
2382 466 2479 536 τὴν
2522 464 2756 536 ἀδελφὴν
2806 464 3006 533 Θάμαρ
3056 461 3325 533 παρθένον
3368 461 3639 531 φοεέρας,
3699 461 3795 514 καὶ
3830 464 3968 530 μετά

699 567 826 618 liam
852 580 882 617 e
916 563 1080 617 domo
1112 577 1209 616 sua
1236 561 1381 613 illam
1405 560 1586 630 ejccit.
1616 558 1949 622 Abessalom,
1975 557 2068 626 qui
2102 568 2283 626 pater-

2385 559 2485 627 τὴν
2517 557 2674 627 ὖὸριν
2704 557 2802 627 τῆς
2832 554 3029 609 ἑαυτοῦ
3052 555 3260 617 οἰκείας
3283 552 3638 623 ἀποπέμψας.
3678 552 3963 606 Ἀϐεσσα-

702 673 802 711 nas
833 672 1033 710 uxores
1066 655 1117 708 in
1151 654 1321 721 patris
1360 651 1741 723 ignominiam,
1780 648 2016 703 consilio
2050 648 2280 704 Achito-

2384 648 2514 718 λὼμ
2534 648 2630 711 τὰς
2652 649 2746 703 τοῦ
2777 649 2979 720 πατρδις
3003 650 3270 717 γυναῖκας
3293 646 3379 699 ἐπ’
3404 645 3600 714 ἀτιμία
3619 646 3714 700 τοῦ
3738 645 3963 715 πατρὸς,

700 750 898 821 phclis,
921 748 1129 803 incestu
1158 745 1369 816 polluit.

2386 742 2580 814 γνώμῃ
2606 741 2703 796 τοῦ
2738 741 3042 814 Ἃχιτόφελ.
3071 740 3414 811 διαφθείρας.

805 885 959 941 CAP.
1000 883 1188 940 LXIII.
1217 914 1287 925 —
1314 885 1546 949 Quinam
1599 883 1888 937 binomines
1932 882 2172 951 fuerunt.

2485 874 2734 931 ΚΕΦΔΛ.
2765 873 2882 929 ΞΓ.
2916 905 2985 915 -
3020 875 3187 941 Τίνες
3208 872 3490 942 διώνυμοι
3522 872 3866 943 γεγόνασιν.

809 1000 960 1052 οιΙιον
988 998 1189 1070 Moysis
1220 1012 1399 1062 socer,
1430 997 1721 1067 qui_ctiam
1760 994 1968 1066 Raguel
1997 1002 2052 1049 et
2095 992 2273 1049 Jobab
2471 992 2484 1012 '

2471 990 2658 1057 Ἰοθὸρ
2686 992 2716 1043 6
2773 989 2867 1043 τοῦ
2911 990 3189 1052 Μωῡσέως
3235 987 3508 1059 γαμόρδς,
3562 988 3659 1041 καὶ
3699 986 3972 1058 Ῥαγουὴλ

706 1089 881 1144 audit.

2389 1082 2484 1136 καὶ
2524 1081 2719 1135 ἰωσέιϐ
2748 1081 3128 1150 κικλήσκεται.

778 1182 890 1236 Rea:
954 1181 1083 1236 Geth
1130 1181 1175 1214 “
1239 1196 1404 1251 penes
1491 1195 1654 1251 quem
1712 1178 1882 1234 David
1946 1177 2162 1250 fugiens
2229 1192 2289 1233 se

2472 1172 2536 1225 '0
2559 1173 2861 1240 ,ϐασιλεὺς
2876 1175 3015 1238 Γὲθ,
3034 1172 3163 1244 παρ’
3186 1172 3246 1226 ὃν
3273 1173 3439 1227 Δασιδ
3464 1170 3654 1242 φυγὼν
3677 1172 3971 1241 κατήγετο.

881 1276 960 1327 lit.

707 1284 960 1328 contulit.

776 1364 1048 1434 Iosephus
1120 1380 1285 1435 porro
1360 1364 1454 1432 ait,
1516 1362 1800 1418 Melchiam
1868 1361 2287 1417 denominatum

2475 1353 2780 1424 Ἰώσηππος
2814 1352 2869 1406 δέ
2905 1370 3040 1422 φησι
3070 1354 3207 1425 (69.),
3241 1353 3481 1423 Μελχίαν
3524 1350 3844 1419 ὠνομάςθαι
3869 1351 3978 1403 ὑπὸ

707 1456 879 1511 fuisse
909 1472 937 1509 a
965 1457 1283 1526 parentibus
1314 1455 1553 1525 Moysem
1575 1455 1718 1509 inter
1747 1454 2283 1515 circumcidendum,

2390 1445 2499 1499 τῶν
2545 1445 2749 1511 γονέων
2790 1445 3031 1514 Μωῡοῆν
3077 1445 3134 1496 ὲν
3168 1446 3233 1513 τῇ
3284 1446 3581 1513 περιτομῇ,
3627 1443 3734 1494 ὑπὸ
3781 1442 3835 1493 δὲ
3876 1442 3978 1508 τῆς

708 1550 797 1615 qui
832 1555 1014 1600 tamen
1057 1562 1086 1599 a
1122 1547 1416 1617 recipiente
1445 1563 1569 1602 eum
1609 1547 1907 1602 Pharaonis
1938 1546 2044 1599 lilia
2078 1544 2290 1616 Moyses

2390 1535 2770 1605 ἀναλαϐούσης
2795 1536 2958 1588 αὐτὸν
2985 1538 3086 1607 τῆς
3118 1534 3213 1589 τοῦ
3245 1534 3447 1605 Φαραὼ
3481 1534 3775 1604 θυγατρὸς,
3809 1535 3979 1588 Μωῡ-

709 1638 1016 1707 appellatus
1048 1637 1171 1693 fuit.

2394 1630 2493 1683 σέα
2526 1628 3006 1699 προσωνομάσθαι.

780 1728 989 1783 Gedeou
1034 1731 1219 1799 judex,
1247 1730 1340 1799 qui
1373 1730 1514 1784 idem
1538 1738 1621 1785 est
1652 1738 1817 1800 atque
1849 1727 2129 1783 Jerobaal.
2322 1713 2364 1769 Β

2089 1728 2129 1782 1.
2322 1713 2364 1769 Β
2462 1719 2698 1775 Γεδεὼν
2725 1720 2754 1773 6
2783 1722 2996 1792 κριτὴς,
3014 1714 3059 1790 ᾧ
3087 1720 3247 1783 αὐτός
3281 1721 3433 1773 ἐστιν
3466 1715 3766 1789 Ἰεροὸαάλ.

783 1820 1039 1883 Adonias,
1077 1820 1169 1889 qui
1199 1829 1251 1873 et
1274 1818 1492 1873 Ornias.

2479 1812 2643 1866 Ἀδον
2656 1811 2771 1877 ίας,
2798 1813 2826 1863 6
2853 1812 2949 1864 καὶ
2988 1811 3204 1881 Ὀρνξας
3235 1810 3375 1881 (65).

786 1910 1039 1964 Ocltosias
1065 1951 1079 1972 ,
1104 1911 1195 1979 qui
1226 1920 1278 1963 et
1308 1909 1521 1965 Lazias.

2482 1903 2769 1973 Ὀχοζῖας,
2798 1907 2826 1958 6
2854 1906 2947 1957 καὶ
2971 1905 3202 1970 Λαζίας.

783 1999 1068 2061 Heliacim,
1099 2003 1189 2070 qui
1230 2015 1283 2057 et
1314 2002 1544 2057 Joacim.

2480 1998 2806 2069 Ἡλιακεὶμ,
2831 2002 2859 2053 6
2887 2002 2979 2053 καὶ
3017 2001 3293 2070 Ίωακείμ.

787 2093 1021 2145 [dit/mm
1051 2094 1273 2163 psaltes,
1321 2094 1414 2163 qui
1445 2104 1497 2148 et
1529 2095 1743 2148 Etham.

2482 2090 2738 2161 Ἰδιθοὺμ
2769 2092 2798 2146 6
2823 2090 3138 2163 ψαλμῳδὺς,
3170 2094 3198 2145 6
3231 2092 3324 2146 καὶ
3368 2092 3564 2162 Ἐθάμ.

785 2185 1030 2250 Chiram,
1059 2187 1153 2255 qui
1204 2189 1306 2241 sub
1347 2187 1643 2244 Salomone
1689 2190 1953 2259 templum
1985 2190 2298 2257 aediﬁcavit,

2468 2184 2685 2253 Χειρὰμ
2716 2186 2744 2237 6
2789 2185 2882 2237 ἐπὶ
2928 2182 3021 2237 τοῦ
3062 2184 3381 2253 Σαλομῶνος
3423 2186 3515 2239 τὸν
3546 2185 3674 2241 ναὸν
3715 2184 3985 2257 δειμάμι-

717 2280 828 2332 alio
864 2280 1088 2333 nomine
1124 2278 1345 2336 Echias.

1275 2296 1345 2336 IS.
2401 2296 2515 2342 νος,
2548 2280 2577 2331 6
2612 2278 2706 2330 καὶ
2748 2277 2952 2347 Ἐχίας.

792 2370 1017 2435 Esdras,
1053 2373 1146 2443 qui
1176 2382 1229 2427 ct
1264 2372 1543 2427 Salathiel.

2478 2368 2758 2437 Ἔσδρας,
2785 2370 2815 2422 6
2841 2369 2937 2422 καὶ
2964 2368 3256 2439 Σαλαθιήλ.

794 2462 1117 2527 Nat/iunius,
1181 2480 1342 2533 quem
1392 2464 1902 2521 Nabuchodonosor
1957 2469 2299 2523 transnomi-

2474 2462 2797 2529 Ναθανίας,
2841 2462 2899 2515 ὃν
2950 2462 3337 2532 μετωνόμασεν
3374 2462 3853 2532 Ναϐουχοδονόσορ
3887 2464 3986 2516 Σε-

721 2556 871 2609 navit
902 2555 1211 2611 Selleeiam.
2405 2554 2611 2608 δεκεαν.

794 2647 849 2702 In
880 2648 1030 2703 Novo
1060 2648 1449 2703 Testamento:
1482 2647 1696 2714 Petrus,
1730 2650 1823 2719 qui
1863 2659 1917 2705 et
1959 2650 2150 2705 Simon
2214 2652 2298 2706 vel

2482 2649 2591 2701 Καὶ
2630 2650 2687 2701 ὲν
2733 2652 2799 2719 τῇ
2848 2650 2996 2720 Νέᾳ·
3036 2649 3276 2718 Πέτρος,
3309 2651 3337 2703 6
3364 2649 3458 2703 καὶ
3508 2648 3694 2719 Σίμων
3744 2648 3837 2701 καὶ
3883 2648 3987 2699 Συ-

726 2739 989 2810 Symeon,
1018 2750 1113 2793 aut
1146 2739 1385 2808 Cephas.

1263 2740 1385 2793 has.
2413 2740 2560 2809 μεὼν
2588 2741 2684 2794 καὶ
2716 2743 2936 2812 Κηφᾶς.

799 2831 1045 2893 Thomas,
1079 2832 1172 2901 qui
1203 2840 1258 2886 et
1298 2831 1579 2899 Didymus.

1506 2848 1579 2885 IS.
2484 2832 2714 2899 Θωμᾶς,
2744 2837 2772 2887 6
2801 2837 2894 2891 καὶ
2928 2835 3183 2904 Δίδυμος.

798 2922 1127 2989 Thaddmns,
1201 2923 1293 2992 qui
1334 2932 1388 2977 et
1429 2922 1716 2987 Lehhazns,
1750 2935 1804 2979 ct
1858 2924 2030 2979 Judas
2085 2926 2298 2981 Jacobi.

2484 2922 2800 2990 Θαδδαῖος,
2832 2928 2861 2977 6
2890 2927 2983 2978 καὶ
3022 2926 3288 2989 Λεϐϐαῖος
3332 2925 3428 2979 καὶ
3464 2923 3668 2979 Ἰούδας
3705 2919 3985 2975 Ἰακώὅου.

802 3014 1035 3081 Marcus,
1067 3016 1159 3085 qui
1192 3024 1244 3070 et
1266 3015 1523 3069 Joannes.
2334 3048 2380 3108 ο

2334 3048 2380 3108 C
2481 3017 2743 3085 Μάρκος.
2779 3019 2807 3071 6
2831 3019 2927 3070 xui.
2967 3018 3246 3089 Ἰωάννης.

727 3149 878 3204 CAP.
920 3149 1103 3206 LXIV.
1134 3181 1205 3189 —
1235 3151 1463 3217 Quinam
1486 3152 1735 3224 Aserundo
1793 3154 2001 3207 nomine
2032 3156 2306 3224 cognomi-

2411 3148 2659 3204 ΚΕΦΔΛ.
2710 3147 2828 3203 ΞΣ.
2862 3180 2931 3189 —-
2963 3151 3130 3224 Τίνες
3173 3150 3450 3217 δευτέρῳ
3473 3149 3719 3220 ὀνόματι
3763 3149 3989 3202 ἐπωνο-

1381 3222 1494 3274 nati
1518 3233 1662 3277 sunt.
2099 3221 2112 3224 ⁷
3021 3240 3058 3289 μ

2099 3221 2112 3224 ⁷
3021 3221 3370 3289 μάσθησαν.

798 3335 992 3387 Abram
1020 3335 1438 3405 cognominatus
1475 3346 1560 3389 est
1592 3336 1893 3392 Abraham.

1746 3336 1868 3390 ham
1880 3377 1893 3392 .
2490 3334 2707 3403 Ἀΰρὰμ
2737 3334 3101 3405 ἐπωνομάσθη
3147 3335 3242 3390 ‘A6
3249 3336 3355 3407 ραά
3363 3353 3423 3404 μ.

798 3426 989 3491 Jacob,
1023 3429 1207 3483 Israel.

2495 3426 2713 3493 Ἰακὼϐ,
2760 3428 2998 3497 Ἰσραήλ.

799 3519 1016 3586 Ioseph,
1047 3521 1418 3590 Komphthom
1471 3521 1708 3575 banech.

2494 3517 2737 3585 Ἰωσὴφ,
2772 3518 3047 3588 Κόμφοομ
3084 3518 3256 3589 βανήχ
3287 3519 3421 3587 (64).

802 3612 1063 3677 Anauias,
1100 3610 1361 3678 Sedrach,
1405 3612 1655 3679 Azarias,
1686 3612 1913 3680 Misacb,
1947 3612 2163 3679 Misael,
2199 3614 2311 3669 Ah-

2496 3610 2794 3675 Ἀνανίας,
2840 3611 3082 3681 Σεδράχ’
3141 3609 3407 3680 Ἀζαρίας
3458 3614 3647 3669 Μισάκ
3674 3633 3687 3646 ·
3724 3612 3994 3683 Μισαῆλ,

731 3705 959 3773 denego,
988 3702 1202 3770 Daniel,
1227 3702 1493 3758 Baltasar.

2425 3702 2763 3771 ’Δϐδενεγάν
2809 3705 3057 3771 Δανιὴλ,
3090 3704 3401 3777 Βαλτάσαρ.

803 3796 1061 3860 Paschor,
1086 3797 1503 3867 transmigrator
1536 3798 1599 3854 ¹⁹.

1399 3807 1503 3852 Itor
1536 3798 1599 3854 ".
2481 3796 2764 3865 Πασχὼρ,
2802 3797 3076 3866 μέτοικος.

805 3889 869 3943 Ει
899 3889 952 3943 in
980 3887 1132 3944 Novo
1153 3888 1505 3946 Testamento
1526 3909 1540 3947 :
1562 3889 1747 3945 Simon
1773 3891 2195 3962 eosnominatus
2221 3901 2307 3947 est

2160 3907 2195 3948 δ
2221 3901 2307 3947 est
2482 3888 2591 3941 Καὶ
2617 3890 2677 3943 ὲν
2703 3890 2769 3960 τῇ
2804 3888 2921 3961 Νέᾳ
2939 3906 2952 3918 ·
2988 3890 3186 3959 Σίμων
3208 3890 3576 3959 ἐπωνομάσθη
3612 3891 3837 3961 Πέτρος.

733 3984 954 4038 Petrus.

799 4076 1033 4132 Joannes
1064 4088 1118 4132 et
1140 4076 1372 4133 Iacobus
1423 4080 1685 4149 apostoli,
1724 4080 2056 4153 Boanerges,
2092 4080 2198 4137 hoc
2223 4089 2313 4137 est

2494 4059 2768 4129 Ἰωάννης
2797 4061 2892 4116 xui.
2927 4061 3200 4130 Ἰάκωϐος
3228 4064 3278 4116 οἱ
3320 4064 3632 4129 ἀπόστολοι,
3670 4064 3999 4135 Βοανεργὶς,

736 4169 830 4224 lilii
862 4171 1110 4225 tonitrui.
2410 4179 2413 4201 ‘

2410 4156 2439 4208 ὃ
2468 4154 2639 4219 ἐστιν,
2670 4154 2778 4208 υἱοὶ
2806 4153 3064 4227 βροντῆς.

1342 4370 1569 4426 LIBER
1623 4370 1705 4429 11.
2341 4324 2395 4384 D

2341 4324 2395 4384 D
3019 4365 3290 4419 meum:
3326 4366 3411 4419 B'.

803 4487 956 4542 CAP.
984 4484 1141 4539 LXV.
1174 4516 1242 4527 —
1261 4484 1395 4551 Qua'
1426 4487 1493 4540 de
1518 4504 1623 4542 una
1653 4487 1930 4542 divinitate
1960 4496 2309 4557 usurpantur.
2423 4475 2480 4528 ΚῘ

2423 4475 2673 4529 ΚΕΦΑΛ.
2712 4474 2831 4529 EE’.
2870 4502 2940 4513 —
2971 4474 3111 4557 τίνα
3148 4474 3231 4557 τα²
3251 4472 3352 4557 ἐπι
3398 4472 3508 4541 τῆς
3537 4472 3681 4544 μιᾶς
3719 4474 4002 4544 θεότητος

2909 4544 3511 4614 παραλαμϐανόμενα.

806 4660 967 4723 Audi,
997 4658 1188 4721 Israel,
1224 4658 1478 4713 Dominus
1507 4660 1642 4714 Deus
1697 4671 1818 4715 tuus
1845 4700 1861 4724 ,
1889 4661 2144 4716 Dominus
2175 4679 2312 4719 unus

2496 4661 2703 4714 Ἄκουε
2756 4658 3027 4727 Ἰσραὴλ.
3083 4658 3301 4726 Κύριος
3346 4660 3381 4712 ό
3419 4657 3565 4723 Θεός
3588 4671 3727 4722 σου,
3784 4659 4001 4728 Κύριος

735 4761 832 4808 est.
873 4750 984 4820 Ego
1024 4768 1141 4805 sum
1191 4750 1448 4804 Dominus
1491 4751 1629 4805 Deus
1670 4764 1810 4806 tuus.
1856 4752 1922 4807 Et
1964 4764 2307 4823 cognoscant,

2416 4746 2502 4817 εἷς
2525 4750 2715 4803 ἐστιν.
2758 4747 2907 4818 Ἰἰνώ
2930 4749 3049 4817 ειμι
3079 4748 3295 4816 Κύριος
3319 4750 3352 4802 ό
3381 4748 3525 4814 Θεός
3552 4761 3693 4801 σου.
3717 4747 3826 4801 Καὶ
3853 4749 3999 4819 γνώ-

737 4846 875 4911 quod
904 4855 958 4895 tu
990 4843 1243 4897 Dominus
1280 4843 1445 4908 solus,
1477 4843 1767 4898 altissimus
1790 4845 1839 4897 in
1860 4860 2064 4899 onmem
2093 4856 2309 4901 terram.

2414 4859 2636 4908 τωσαν,
2673 4843 2764 4896 ὅτι
2794 4842 2877 4896 σὺ
2922 4840 3138 4909 Κύριος
3187 4841 3397 4910 μόνος,
3434 4841 3695 4909 ὕψιστος
3730 4841 3830 4895 ἐπὶ
3878 4840 3995 4897 πᾶ-

742 4933 810 4985 Ει
850 4932 1111 4987 Dominus
1149 4932 1356 5002 inquit:
1396 4932 1462 4986 Ut
1486 4943 1804 5003 cognoscant
1841 4944 1889 4989 te
1951 4935 2121 4989 solum
2138 4953 2314 4991 verum
2415 4962 2419 4984 ε

2415 4951 2539 4988 σαν
2560 4933 2673 5003 τὴν
2702 4933 2839 5003 γῆν.
2862 4931 2973 4986 Καὶ
2998 4932 3027 4984 6
3050 4931 3254 5001 Κύριός
3285 4948 3450 5002 φησιν
3470 4948 3485 4963 ·
3511 4931 3637 4986 Ἵνα
3659 4933 3999 5002 γινώσκωσι

742 5022 927 5076 Deum.
990 5022 1131 5075 Area
1186 5038 1405 5093 quoque
1457 5023 1513 5077 in
1580 5039 1688 5094 qua
1762 5025 1878 5079 Noe
1933 5038 2181 5082 servatus
2210 5037 2315 5089 cst,
2416 5054 2419 5071 ‹

2416 5038 2491 5077 σε
2519 5024 2626 5078 τὸν
2645 5024 2841 5093 μόνον
2866 5022 3161 5091 ἀληθινὸν
3194 5023 3363 5077 Θεόν.
3397 5024 3508 5076 Καὶ
3534 5022 3567 5093 ἡ
3613 5022 3844 5088 κιϐωτὸς
3872 5025 3934 5076 ὲν
3965 5018 4000 5097 ᾗ

739 5116 794 5170 in
831 5132 994 5168 unum
1032 5116 1274 5171 cubitum
1330 5118 1742 5174 terminabatur.
1779 5118 1952 5173 Unum
2011 5130 2130 5176 erat
2173 5132 2314 5177 tem-

2418 5119 2447 5171 6
2491 5118 2615 5171 Νῶε
2659 5116 2914 5188 διεσώθη,
2944 5118 3028 5180 εἰς
3067 5116 3178 5171 ἕνα
3202 5117 3384 5188 πῆχυν
3428 5119 3782 5174 συνετελεῖτο.
3835 5115 3942 5185 Εἷς
3970 5121 4001 5173 6

741 5210 912 5277 plum,
945 5209 998 5263 in
1035 5224 1145 5280 quo
1180 5209 1319 5266 Deus
1348 5212 1652 5267 colebatur.
1692 5209 1811 5267 Una
1847 5211 1980 5279 Lex,
2009 5214 2150 5269 Area
2188 5231 2315 5271 una.

2421 5211 2567 5275 ναὸς,
2593 5210 2651 5264 ἐν
2679 5202 2725 5279 ᾧ
2744 5211 2772 5266 6
2796 5209 2931 5271 Θεὸς
2957 5208 3300 5282 ἑλατρεύετο.
3326 5204 3433 5278 Εἷς
3456 5211 3485 5265 6
3506 5211 3693 5284 νόμος.
3733 5193 4001 5268 Ἦκιόωο

2422 5302 2515 5365 τὸς
2532 5303 2666 5372 μία.

816 5472 915 5528 ⁸⁸1
967 5473 1098 5543 Reg.
1129 5491 1299 5540 xxvn,
1341 5476 1397 5535 2.
1503 5477 1543 5509 ’⁷
1589 5476 1793 5533 iorem.
1853 5495 1946 5542 xx,
2020 5481 2072 5534 3.

819 5633 932 5700 (62)
964 5634 1040 5719 De
1076 5632 1449 5719 loco_Jo_sephi
1488 5652 1596 5719 non
1633 5648 1865 5719 constat.
1896 5638 2028 5694 Vide
2056 5640 2320 5719 Clemcnt.
2444 5642 2617 5719 “166)
2652 5641 2734 5696 AI.
2769 5639 3276 5714 Psontomphanech.
3312 5641 3372 5699 ν.
3413 5641 3600 5699 Kircb.
3636 5641 3688 5698 in
3722 5638 3916 5697 Prodr.
3950 5650 4003 5698 ει

751 5704 949 5783 Strom.
974 5704 1025 5783 1.
1056 5721 1179 5775 pag.
1209 5705 1419 5783 643,53}
1448 5707 1633 5783 confer
1662 5707 1875 5783 Denter.
1905 5726 2096 5779 xum,
2125 5710 2178 5765 5.
2434 5704 2658 5783 αἰιίὶιὶο.

823 5776 934 5842 (65)
974 5775 1197 5845 Ριλοεοιι.
1236 5776 1287 5830 ἰιι
1321 5776 1406 5830 ΙΙΙ
1454 5776 1572 5846 licg.
1613 5794 1648 5847 I,
