4248 6438
705 373 777 435 63
2197 364 2497 426 JOSEPPI
3902 370 3936 428 ϐ
3948 368 3978 426 ι

780 491 1004 547 Decima
1037 489 1094 544 in
1120 490 1283 544 aliam
1320 487 1482 542 Elim.
2321 488 2367 543 Α

1391 488 1482 541 im.
2321 488 2367 543 Α
2469 479 2499 534 ι’
2531 482 2619 546 lii;
2651 483 2818 551 ἄλλην
2862 482 3068 553 Ἐλεῑμ.

776 580 1075 638 Undecima
1103 582 1155 636 in
1190 579 1501 649 Rapliidim,
1525 579 1613 633 ubi
1639 576 1859 631 Amalec
1895 588 2188 645 aggressus
2209 580 2293 627 est

2470 583 2536 629 ια’
2585 578 2678 640 Εἰς
2720 576 3030 645 Ῥαφιδεὶμ,
3065 576 3201 629 ὅπου
3254 572 3492 643 ὲπῆλθεν
3522 573 3551 627 ὁ
3599 572 3845 654 Ἀμαλὴκ
3896 573 3978 642 τῷ

711 672 969 741 populum
1032 671 1128 726 sed
1158 670 1390 726 sublatis
1414 686 1443 724 a
1475 668 1659 739 Moyse
1692 667 1946 722 manibus
1971 664 2292 736 protligatus

2394 668 2530 737 λαῷ,
2560 669 2654 722 καὶ
2684 671 2805 732 ταῖς
2852 668 3119 739 ὲπὰρσεσι
3148 666 3257 722 τῶν
3296 666 3579 732 Μωῦσέως
3613 667 3813 737 χειρῶν
3851 683 3981 719 aia-ro

710 773 815 820 est.
2396 758 2621 820 εὸλήθη.

788 774 815 818 Ι.
2396 760 2465 813 εὖ]

788 855 1115 910 Duodecima
1148 855 1204 908 in
1222 854 1495 910 desertum
1523 852 1679 908 Sina.

2396 760 2621 830 εὸλήθη.

1523 852 1679 908 Sina.
2471 848 2536 921 ιβ’
2575 850 2663 904 Ἑν
2694 852 2760 921 τῇ
2801 851 2994 920 ἐρήμῳ
3026 849 3176 920 Σινᾷ.

788 948 1003 1002 Decima
1044 948 1203 1003 tertia
1236 948 1289 1001 in
1326 948 1640 1017 sepulcrum
1694 944 2170 1015 concupiscentia},
2204 946 2297 1002 ubi

2472 941 2539 1012 ιγ’
2606 944 2692 996 Ἐν
2725 944 2967 1012 μνήματι
2997 941 3098 1010 τῆς
3134 941 3454 1009 ἐπιθυμίας,
3495 938 3624 991 ἔνθα
3653 939 3823 992 πολλὰ
3848 956 3980 1006 γογ-

715 1042 949 1095 multum
984 1050 1410 1104 murmurantes,
1440 1040 1567 1109 quia
1587 1040 1639 1093 in
1670 1039 1993 1092 memoriam
2038 1049 2296 1095 venerunt

2401 1037 2691 1107 γύσαντες,
2735 1037 2967 1108 ἐπείπερ
3014 1038 3094 1098 εἰς
3124 1036 3432 1103 ἀνάμνησιν
3468 1024 3633 1104 ἦλθον
3683 1026 3760 1085 ὧν
3789 1034 3982 1101 ἢσθιον

717 1132 875 1203 panis
907 1133 1270 1201 carniumque
1326 1147 1463 1201 quas
1521 1132 1572 1184 in
1614 1129 1849 1201 Egypto
1900 1131 2292 1197 comedebant,

2402 1130 2583 1201 ἄρτων
2613 1131 2673 1182 ἐν
2702 1128 2967 1197 Αἰγύπτῳ
3016 1127 3108 1180 καὶ
3134 1126 3336 1195 κρεῶν,
3363 1125 3640 1179 κατεϐόων
3675 1127 3770 1178 τοῦ
3810 1127 3948 1178 Μωῡ
3966 1156 3981 1164 -

718 1223 1091 1277 clamavernnt
1119 1232 1309 1277 contra
1335 1221 1599 1291 Moyscm,
1622 1230 1677 1275 et
1698 1219 2123 1290 promissionem
2145 1236 2302 1275 accc-

2405 1225 2566 1288 σέως,
2593 1220 2686 1274 τοῦ
2729 1221 2905 1292 μάννα
2943 1219 3037 1274 τοῦ
3076 1219 3134 1286 ἐξ
3168 1217 3402 1289 οὐρανοῦ
3429 1218 3720 1287 νιφομένου
3750 1216 3983 1286 βρώμα-

719 1324 918 1384 perunt
948 1331 1182 1376 mannm.
1216 1315 1321 1369 cibi
1366 1315 1675 1369 viilclicetc
1733 1314 1874 1368 coelo
1920 1313 2215 1383 ningcntis.
2258 1314 2301 1368 A

2258 1314 2301 1368 Α
2402 1334 2492 1378 τος
2520 1314 2619 1384 τὴν
2648 1314 2941 1382 ὑπόσχεσιν
2976 1313 3324 1379 ἐκομίσαντο.
3369 1311 3501 1363 Ἀπὸ
3528 1310 3621 1363 τοῦ
3656 1310 3752 1340 "‘-
3798 1308 3916 1345 =—-'\

720 1408 975 1477 sepulcro
1001 1408 1484 1478 concupiscentiae,

1193 1408 1484 1477 piscentiae,
2407 1410 2536 1480 μίας
2568 1409 2870 1478 μνήματος.

792 1499 1013 1555 Decima
1071 1510 1263 1570 quarta
1344 1500 1581 1556 statione
1638 1508 1907 1554 venerunt
1932 1499 1987 1554 in
2046 1499 2299 1554 Asc-roth.

1745 1508 1907 1554 erunt
1932 1499 1987 1554 in
2046 1499 2299 1554 Ascroth.
2477 1501 2536 1557 ιδ
2566 1497 3001 1572 Σταθμδνπῆλθον
3025 1503 3104 1564 εἰς
3146 1498 3416 1572 ’Λσηρὼ0.

792 1587 1014 1644 Decima
1044 1590 1237 1660 quinta
1269 1591 1323 1645 in
1352 1590 1641 1644 Ramatba.

1299 1607 1323 1645 τι
1352 1590 1641 1644 Ramatba.
2482 1594 2541 1649 ιε’
2570 1597 2659 1659 Εἰς
2707 1595 2976 1664 Ῥαμαθὰ.

792 1680 1010 1737 Decima
1037 1693 1188 1737 sexta
1221 1682 1275 1737 in
1308 1683 1761 1751 Remmopheres.

1459 1683 1761 1751 inopheres.
2482 1696 2556 1753 ις’
2588 1689 2680 1751 Εἰς
2723 1686 3136 1757 Ῥεμμωφερές.

796 1773 1016 1830 Decima
1047 1778 1274 1846 septima
1305 1777 1358 1829 in
1384 1775 1613 1831 Elbona.
2342 1821 2384 1875 Β

1305 1777 1358 1829 in
1384 1775 1613 1831 Elbona.
2342 1821 2384 1875 Β
2486 1780 2552 1844 ιζ’
2577 1782 2670 1842 Εἰς
2715 1779 2977 1832 Ἐλϐῶνα.

801 1867 1016 1923 Decima
1044 1879 1234 1923 octava
1271 1870 1324 1924 in
1359 1870 1630 1926 Descleth.
2344 1867 2380 1875 ⁷

1293 1886 1324 1923 ιι
1359 1870 1630 1926 Dcscleth.
2344 1867 2380 1875 ⁷
2486 1873 2553 1945 ιη’
2590 1875 2680 1935 Εἰς
2717 1870 2967 1924 Δεσελέο.

798 1958 1016 2013 Decima
1043 1976 1185 2014 nona
1207 1961 1259 2014 in
1294 1961 1640 2018 lsmacelath.

1409 1963 1640 2018 acelath.
2485 1970 2548 2022 ιθ⁴
2583 1966 2678 2031 Εἰς
2711 1964 3082 2036 Εῑσμακελάθ.

801 2049 1069 2106 Vicesima
1097 2052 1150 2106 in
1189 2053 1420 2123 Saphar.

1216 2055 1420 2123 iapbar.
2482 2063 2531 2118 κ’
2561 2064 2653 2127 Εἰς
2679 2061 2893 2130 Σαφάρ.

800 2141 1074 2199 Vicosima
1097 2149 1270 2216 prima
1312 2150 1365 2203 in
1397 2149 1729 2210 Cluarailath.

1334 2165 1365 2203 n
1397 2149 1729 2210 Charadatli.
2484 2155 2568 2211 κα⁹
2595 2157 2691 2217 Εἰς
2721 2151 3005 2221 Χαραδάθ.

800 2232 1071 2289 Vicesima
1094 2238 1335 2292 secunda
1368 2239 1420 2293 in
1461 2240 1748 2299 lllacclntb.

1368 2239 1420 2293 in
1461 2240 1748 2299 lllacclntli.
2486 2248 2570 2316 κβ¹
2602 2247 2696 2309 Εἰς
2721 2240 3014 2299 Μακε).ώθ.

803 2323 1072 2381 Vicesima
1106 2331 1263 2383 tertia
1292 2330 1344 2383 in
1372 2330 1691 2388 Chattoatb.

1315 2348 1344 2383 ιι
1372 2330 1691 2388 Chattontb.
2486 2336 2571 2406 κγ’
2608 2338 2695 2398 Εἰς
2722 2333 2992 2388 Χαττοάθ.

812 2418 1074 2474 vicesima
1103 2431 1299 2491 quarta
1341 2425 1394 2479 in
1429 2424 1652 2482 Taratb.
2485 2448 2489 2479 τ

1252 2431 1299 2479 ta
1341 2425 1394 2479 in
1429 2424 1652 2482 Taratb.
2485 2428 2565 2483 κδ’
2598 2429 2694 2491 Εἰς
2717 2425 2929 2497 Ταράο.

807 2507 1076 2565 Vicesima
1103 2514 1295 2583 quinta
1324 2516 1377 2569 in
1416 2515 1681 2589 Malgciza.

1331 2516 1377 2569 in
1416 2515 1681 2589 Malgcea.
2488 2521 2565 2576 κε’
2598 2522 2691 2583 Εἰς
2721 2517 3008 2585 Ματγεκά.

805 2598 1079 2658 Vieesima
1112 2616 1263 2659 sexta
1301 2608 1355 2661 in
1387 2607 1663 2666 Selmona.

1332 2623 1355 2661 ri
1387 2607 1663 2666 Selmona.
2487 2611 2579 2679 σις’
2609 2613 2704 2677 Εἰς
2727 2612 3009 2683 Σελμῶνα.

808 2689 1078 2749 Vicesima
1107 2698 1338 2766 septima
1373 2700 1427 2753 in
1451 2702 1763 2756 Masurutb.

1395 2716 1427 2753 ιι
1451 2702 1763 2756 Masnrutli.
2489 2706 2571 2770 κζ’
2601 2707 2694 2769 Εἰς
2723 2703 3069 2775 Μασουρούθ.

814 2787 1082 2845 Vicesima
1111 2802 1303 2849 octava
1336 2794 1391 2851 in
1424 2795 1650 2852 Babeth.

1256 2809 1303 2849 fa
1336 2794 1391 2851 in
1424 2795 1650 2852 Babeth.
2492 2798 2578 2870 κη’
2610 2801 2703 2863 Εἰς
2736 2799 2933 2855 Βάϐεθ.

810 2880 1085 2938 γίνοείηια
1117 2899 1261 2940 nona
1291 2886 1344 2940 in
1371 2900 1607 2944 montem
1638 2890 1865 2948 Galaad.

1531 2905 1607 2944 em
1638 2890 1865 2948 Galaad.
2496 2893 2579 2947 κθ⁹
2608 2895 2701 2957 Εἰς
2727 2893 2788 2947 τὸ
2816 2892 2946 2963 ὅρος
2974 2890 3208 2945 Γαλαὰδ.

811 2971 1111 3032 Tricesima
1146 2977 1202 3032 in
1232 2978 1566 3036 Senahatba.

1308 2981 1566 3036 nabatha.
2491 2986 2535 3042 λ’
2559 2988 2652 3051 Εἰς
2679 2985 2980 3039 Σεναϐαθά.

810 3063 1110 3122 Tricesima
1136 3071 1310 3138 prima
1350 3072 1404 3125 in
1437 3071 1705 3130 Serbona.

1350 3072 1404 3125 in
1437 3071 1705 3130 Serbona.
2495 3079 2575 3133 λα’
2603 3079 2694 3139 Ei;
2726 3075 3002 3147 Σεόρωνά.

813 3158 1115 3216 Triccsima
1143 3164 1383 3218 secunda
1414 3164 1467 3218 in
1499 3165 1699 3221 Ceston
1731 3169 1919 3239 gaber.
2344 3172 2389 3230 C

1499 3165 1699 3221 Ceston
1731 3169 1919 3239 gaber.
2344 3172 2389 3230 ο
2490 3172 2568 3242 λβ⁹
2597 3173 2692 3231 Εἰς
2729 3168 2936 3222 Γεσιῶν
2966 3166 3160 3238 γαδέρ.

814 3270 1113 3329 Tricesima
1144 3276 1326 3342 tertia,
1361 3276 1415 3331 in
1468 3294 1655 3335 mense
1680 3282 1842 3337 tertio
1908 3284 1977 3338 ab
2043 3286 2213 3349 exitu,
2268 3303 2321 3340 ιη

2498 3285 2578 3354 λγ⁹
2614 3286 2702 3340 Ἐν
2731 3283 2862 3355 μηνὶ⁵
2907 3281 3078 3354 τρίτῳ
3103 3280 3213 3334 ἀπὸ
3247 3282 3346 3348 τῆς
3388 3278 3592 3345 ἐξόδου,
3620 3279 3677 3331 ὲν
3708 3278 3773 3348 τῇ
3807 3277 4004 3346 ἐρήμῳ

743 3366 1022 3421 desertum
1061 3365 1216 3423 Sina.
1247 3366 1348 3424 llic
1401 3368 1596 3426 Jotlior
1633 3388 1791 3428 socer
1826 3375 2027 3446 Moysis
2066 3379 2213 3432 venit
2257 3380 2325 3434 ad

2317 3380 2325 3434 l
2428 3377 2579 3448 Σινᾷ.
2639 3372 2905 3428 Ἐνταῦθα
2964 3371 3134 3443 Ίοθὸρ
3184 3372 3214 3424 ὁ
3257 3370 3541 3432 Μωῦσέως
3589 3368 3838 3440 γαμϐρὸς
3898 3386 3994 3421 1:1—

744 3472 893 3520 eum,
932 3458 1211 3515 adducens
1240 3460 1289 3515 ei
1345 3478 1574 3518 uxorem
1603 3473 1659 3519 et
1694 3466 1917 3523 liberos.
1973 3468 2073 3523 llic
2125 3470 2323 3542 obtigit

2433 3470 2712 3542 ραγῑνεται
2742 3467 2880 3536 πρὸς
2917 3464 3102 3529 αὐτὸν,
3144 3462 3296 3531 ἄγων
3328 3463 3476 3532 αὐτῷ
3512 3463 3613 3532 τὴν
3641 3464 3875 3529 γυναῖκα
3909 3462 4005 3514 καὶ

747 3552 1016 3619 apparitio
1037 3552 1129 3607 Dei
1161 3553 1304 3609 facta
1339 3554 1532 3626 Moysi,
1552 3566 1607 3612 et
1635 3558 2023 3616 documentum
2047 3571 2102 3617 et
2131 3564 2327 3619 admu-

2428 3562 2555 3621 τοὺς
2583 3558 2752 3621 υἱούς.
2799 3553 3068 3610 Ἐνταῦοα
3099 3553 3236 3607 Θεοῦ
3259 3553 3550 3621 ἐπιφάνεια
3578 3553 3714 3623 πρδς
3739 3552 4003 3617 Μωῦσῆν.

748 3645 883 3697 nitio
918 3645 982 3699 ad
1004 3650 1287 3716 pepulum,
1322 3649 1508 3719 populi
1565 3667 1787 3721 quoque
1838 3654 2092 3723 impietas
2134 3657 2207 3712 ob
2250 3657 2331 3711 vi-

2431 3654 2527 3708 καὶ
2554 3649 2874 3706 διδασκαλία
2899 3648 3037 3720 πρὸς
3068 3647 3162 3700 τὸν
3194 3646 3323 3700 λαὸν
3353 3644 3447 3698 καὶ
3474 3645 3746 3707 νουθεσία,
3783 3644 3883 3706 καὶ
3911 3644 4007 3697 τοῦ

749 3736 866 3791 tulo
895 3736 1109 3793 oblatas
1160 3740 1435 3796 victimas.
1494 3740 1725 3811 Propter
1772 3744 1938 3814 impia
2003 3762 2136 3802 vero
2158 3750 2330 3805 scele-

2430 3745 2562 3799 λαοῦ
2595 3742 2885 3798 δυσσέϐεια
2923 3740 3019 3793 ἐπὶ
3058 3742 3126 3810 τῇ
3175 3737 3529 3809 μοσχοθυσίᾳ.
3594 3736 3750 3790 Ἐπεὶ
3788 3735 3903 3807 (66)
3949 3737 4008 3790 δὲ

750 3844 811 3882 ra
845 3828 1067 3895 punitus
1097 3833 1353 3901 populus,
1379 3841 1565 3889 utnon
1594 3834 1736 3891 [oret
1793 3836 2145 3908 ingressurus
2215 3850 2328 3895 ter-

2430 3834 2771 3898 δυσσεϐείαις
2795 3831 3208 3902 τιμωρούμενος
3236 3830 3267 3882 ὁ
3291 3827 3417 3891 λαὸς
3441 3828 3581 3899 πρὸς
3613 3827 3678 3880 τὸ
3705 3827 3780 3897 μὴ
3812 3828 4008 3898 ξπιόἦ.

751 3936 867 3974 ram
896 3923 1299 3993 promissionis,
1324 3925 1681 3982 excidebatur
1700 3928 2047 3987 errabundus
2090 3946 2184 4000 per
2233 3932 2329 3987 de—

2431 3949 2518 3985 ναι
2566 3930 2632 4000 τῇ
2681 3928 2753 3996 γῇ
2802 3926 2902 3996 τῆς
2950 3921 3305 3990 ἐπαγγελίας,
3357 3919 3668 3991 περιείλετο
3710 3920 3856 3974 κατὰ
3912 3920 4011 3991 τὴν

750 4025 980 4070 scrtum.
1009 4017 1075 4072 Et

2434 4024 2641 4095 ἔρημον
2665 4017 3040 4088 πλανώμενος,
3068 4016 3163 4069 καὶ

823 4129 1121 4187 Tricesima
1154 4144 1347 4203 quarta
1383 4136 1670 4192 mansione
1692 4136 1912 4194 deducti
1938 4148 2068 4196 sunt
2122 4139 2178 4195 in
2231 4140 2331 4196 de-

2504 4135 2576 4189 λδ¹
2601 4133 2939 4205 Τριακοστὸν
2988 4131 3250 4202 τέταρτον
3285 4128 3528 4200 σταθμὸν
3549 4128 3631 4190 εἰς
3674 4127 3773 4200 τὴν
3806 4126 4012 4199 ἔρημον

751 4229 958 4277 scrtum
988 4222 1230 4294 I‘Inagan,
1266 4240 1387 4295 qure
1414 4236 1498 4281 est
1526 4228 1723 4285 Cades.

1710 4268 1723 4281 .
2434 4230 2617 4298 Φαγᾶν
2644 4227 2937 4297 κατήγετο,
2972 4225 3007 4296 ἦ
3037 4226 3155 4278 ἐστι
3187 4222 3385 4286 Κὰδες.

828 4312 1125 4368 Tricesima
1161 4316 1350 4384 quinta
1383 4331 1412 4370 a
1441 4316 1616 4372 Gades
1651 4317 1702 4371 in
1757 4326 1999 4373 montem
2059 4319 2331 4375 Idumzeaz.
2504 4325 2505 4330 ‘

2504 4322 2579 4375 λε’
2619 4321 2751 4375 Ἀπδ
2812 4319 3021 4388 Κάδης.
3074 4319 3155 4380 εἱς
3203 4316 3266 4370 τὸ
3320 4316 3446 4388 ὅρος
3497 4315 3598 4385 τῆς
3639 4314 3838 4386 Ἕδὼμ.
3884 4309 4014 4369 Ὧδε

757 4405 858 4461 llic
913 4408 1142 4461 moritur
1188 4408 1405 4474 Aaron,
1460 4423 1607 4463 anno
1659 4409 2085 4478 quadragesimo
2147 4413 2331 4466 exitus

2437 4412 2769 4482 ἀποθνήσκει
2811 4409 3044 4480 ’Δαρὼν,
3098 4409 3156 4461 ὲν
3200 4407 3310 4461 ἔτει
3349 4406 3777 4477 τεσσαρακοστῷ
3805 4407 3903 4476 τῆς
3930 4406 4016 4470 ἐξ·

754 4499 939 4569 populi
959 4499 1026 4553 de
1049 4497 1305 4569 Egynto,
1343 4514 1531 4554 mense
1581 4500 1793 4570 quinto,
1830 4501 1923 4571 qui
1956 4501 2097 4571 apud
2149 4500 2329 4557 Mace-
2362 4513 2407 4569 Ι)

2362 4513 2407 4569 Ῑ)
2432 4502 2553 4556 όδου
2591 4500 2697 4554 ἀπὸ
2741 4498 3018 4566 Αἰγύπτου
3049 4497 3142 4550 τοῦ
3177 4496 3331 4560 λαοῦ,
3372 4496 3451 4568 τῷ
3486 4496 3727 4565 πέμπτῳ
3766 4496 3921 4565 μηνὶ,
3956 4496 4012 4559 ὃς

754 4591 928 4645 donas
957 4598 1041 4645 est
1070 4590 1236 4657 Lous,
1268 4591 1511 4646 calcndis
1545 4593 1772 4657 mensis,
1805 4608 1930 4647 cum
1955 4601 2109 4648 esset
2158 4608 2333 4648 anno-

2434 4598 2551 4650 ὲστι
2576 4590 3012 4664 παρᾶιΜακεδόσι
3036 4589 3194 4655 λῶος,
3232 4591 3330 4661 μιᾷ
3352 4588 3446 4642 τοῦ
3474 4588 3665 4659 μηνὸς,
3694 4584 3763 4660 ἦν
3789 4588 3847 4641 δὲ
3878 4588 4015 4641 ἒτῶν

756 4700 877 4751 rum
907 4682 1143 4740 CXXIII.
2441 4692 2581 4757 ρκγθ.

827 4777 1128 4832 Tricesima
1159 4784 1312 4833 sexta
1345 4777 1631 4834 mansione
1684 4779 1755 4835 ab
1787 4777 1862 4836 0r
1918 4789 2107 4837 monte
2160 4796 2327 4836 vene-

2507 4776 2617 4849 (67)
2644 4775 2734 4841 λς’
2780 4774 2914 4829 Ἀπὸ
2944 4776 3043 4846 ’Ὠρ
3088 4774 3183 4828 τοῦ
3238 4773 3421 4845 ὅρους,
3470 4773 3801 4847 τριακοστὸν
3856 4774 4018 4829 ἕκτον

759 4879 885 4924 runt
908 4869 962 4923 in
998 4868 1247 4923 Elmona.

2442 4870 2702 4941 σταθμὸν,
2736 4866 2902 4941 ἦλθον
2932 4870 3010 4933 εἰς
3045 4868 3320 4940 Ἐλμῶνα.

830 4959 1126 5015 Tricesima
1161 4962 1388 5031 septima
1419 4961 1474 5016 in
1499 4964 1695 5019 Pliino.

1227 4962 1388 5031 ptima
1419 4961 1474 5016 in
1499 4964 1695 5019 Pliino.
2516 4964 2593 5027 λζ’
2622 4966 2714 5028 Ei;
2742 4963 2904 5018 Φινὼ,

831 5050 1129 5109 Triccsima
1166 5060 1359 5108 octava
1379 5054 1433 5107 in
1468 5051 1665 5108 Obotb.

1279 5054 1433 5108 n'ain
1468 5051 1665 5108 Obotb.
2515 5054 2597 5125 λη’
2632 5058 2724 5119 Εἰς
2765 5054 2956 5109 ’06ώο.

833 5143 1130 5197 'I'ricesima
1162 5159 1301 5197 nona
1331 5144 1383 5197 in
1400 5143 1511 5210 Gaz,
1530 5145 1581 5199 in
1598 5144 1795 5201 ﬁnibus
1819 5144 1996 5200 Moab.
2029 5142 2084 5198 In
2114 5144 2200 5198 bis
2221 5142 2342 5198 [ini-

2518 5148 2596 5205 >.θ¹
2629 5149 2722 5211 Εἰς
2743 5147 2863 5208 Γαὶ,
2889 5146 2984 5200 ἐπὶ
3008 5144 3115 5199 τῶν
3137 5144 3302 5216 ὁρίων
3329 5144 3525 5201 Μωάσ.
3564 5146 3653 5200 Ἐν
3675 5146 3886 5221 τούτοις
3911 5150 4021 5212 τοῖς

764 5238 867 5295 bus
902 5253 992 5291 rex
1033 5235 1391 5292 Moabitarum
1438 5240 1670 5295 advocat
1731 5254 1949 5311 magum
2006 5238 2247 5303 Balaam,
2279 5244 2339 5291 ut

2443 5242 2615 5314 ὁρίοις
2639 5242 2668 5294 ὁ
2697 5238 2953 5309 βασιλεὺς
3002 5237 3115 5291 τῶν
3147 5236 3453 5290 Μωαϐιτῶν
3501 5235 3659 5291 καλεῖ
3701 5238 3794 5292 τὸν
3848 5240 4022 5310 μάγον

766 5330 1052 5385 maledicat
1086 5330 1307 5399 populo.

2449 5333 2540 5388 τὸν
2574 5330 2824 5399 Βαλαὰμ,
2859 5327 3272 5398 καταράσασθαι
3306 5327 3397 5381 τὸν
3426 5328 3572 5383 λαόν.

835 5441 1267 5511 Quadragesima
1288 5442 1545 5508 statione.
1593 5458 1623 5499 a
1656 5442 1835 5508 Moab,
1856 5443 2078 5513 punitus
2106 5440 2342 5513 populus

2523 5443 2575 5515 μ’
2610 5442 2880 5514 Σταθμδν,
2928 5440 3037 5496 ἀπὸ
3077 5440 3171 5495 τοῦ
3204 5440 3403 5505 Μωᾶὄ,
3450 5444 3786 5515 τιμωρηθεὶς
3827 5447 3922 5500 ἐπὶ
3952 5447 4029 5518 τῷ

769 5544 1049 5605 propterea
1082 5536 1225 5604 quod
1256 5536 1454 5594 initiati
1481 5536 1715 5596 fuissent
1746 5539 2135 5610 Beelplnegoro,
2172 5551 2340 5593 vene-

2102 5554 2135 5603 ι,
2172 5551 2340 5593 vene—
2452 5536 2767 5607 τελεσθῆναι
2797 5533 2875 5605 τῷ
2900 5533 3243 5605 Βεελφεγὼρ,
3274 5530 3437 5606 ἦλθον
3469 5536 3548 5600 εἰς
3580 5536 3779 5607 Ζαρέθ.

770 5640 897 5684 runt
920 5629 973 5684 in
998 5628 1215 5685 Zaretb.

843 5832 956 5909 (66)
996 5833 1154 5890 Forte
1184 5836 1294 5901 ὲπέ,
1327 5844 1379 5893 et
1415 5852 1536 5893 mox
1563 5838 1762 5908 Φαρᾱν.

2539 5838 2645 5897 (ϐτ-
2674 5839 2829 5893 Deest
2861 5836 2974 5890 hzcc
3027 5838 3152 5887 nota
3180 5826 3231 5886 in
3250 5825 3401 5883 edito
3438 5823 3689 5880 Fabricii.
