  <div class='ocr_page' id='page_1' title='image "/cluster/home/n/w/nwhite01/storage/ocr_20150623/106/nnc1.0046979980/040.png"; bbox 0 0 4248 6438; ppageno 0'>
   <div class='ocr_carea' id='block_1_1' title="bbox 206 383 3476 460">
    <p class='ocr_par' dir='ltr' id='par_1_1' title="bbox 206 383 3476 460">
     <span class='ocr_line' id='line_1_1' title="bbox 206 383 3476 460; baseline 0.006 -20"><span class='ocrx_word' id='word_1_1' title='bbox 206 389 279 449; x_wconf 79' lang='grc'>65</span> <span class='ocrx_word' id='word_1_2' title='bbox 1384 383 1760 445; x_wconf 80' lang='lat' dir='ltr'><strong>LIBELLUS</strong></span> <span class='ocrx_word' id='word_1_3' title='bbox 1801 388 2298 452; x_wconf 75' lang='lat' dir='ltr'><strong>MEMORIALIS.</strong></span> <span class='ocrx_word' id='word_1_4' title='bbox 3404 398 3476 460; x_wconf 74' lang='lat'><strong><em>66</em></strong></span> 
     </span>
    </p>
   </div>
   <div class='ocr_carea' id='block_1_2' title="bbox 281 491 1168 570">
    <p class='ocr_par' dir='ltr' id='par_1_2' title="bbox 281 491 1168 570">
     <span class='ocr_line' id='line_1_2' title="bbox 281 491 1168 570; baseline -0.009 -17"><span class='ocrx_word' id='word_1_5' title='bbox 281 499 374 570; x_wconf 77' lang='grc' dir='ltr'>μα’</span> <span class='ocrx_word' id='word_1_6' title='bbox 408 500 497 560; x_wconf 79' lang='lat' dir='ltr'><strong>EE;</strong></span> <span class='ocrx_word' id='word_1_7' title='bbox 526 497 762 567; x_wconf 69' lang='grc' dir='ltr'>σοπερᾶν</span> <span class='ocrx_word' id='word_1_8' title='bbox 795 496 904 566; x_wconf 74' lang='lat' dir='ltr'><strong>(US)</strong></span> <span class='ocrx_word' id='word_1_9' title='bbox 943 491 1168 564; x_wconf 71' lang='grc' dir='ltr'>Ἀρνῶν.</span> 
     </span>
    </p>
   </div>
   <div class='ocr_carea' id='block_1_3' title="bbox 284 592 737 663">
    <p class='ocr_par' dir='ltr' id='par_1_3' title="bbox 284 592 737 663">
     <span class='ocr_line' id='line_1_3' title="bbox 284 592 737 663; baseline 0 -19"><span class='ocrx_word' id='word_1_10' title='bbox 284 593 373 663; x_wconf 73' lang='grc' dir='ltr'>μβ⁹</span> <span class='ocrx_word' id='word_1_11' title='bbox 407 593 496 654; x_wconf 81' lang='grc' dir='ltr'>Εἰς</span> <span class='ocrx_word' id='word_1_12' title='bbox 535 592 737 661; x_wconf 77' lang='grc' dir='ltr'>Φρέαρ.</span> 
     </span>
    </p>
   </div>
   <div class='ocr_carea' id='block_1_4' title="bbox 285 681 844 753">
    <p class='ocr_par' dir='ltr' id='par_1_4' title="bbox 285 681 844 753">
     <span class='ocr_line' id='line_1_4' title="bbox 285 681 844 753; baseline -0.009 -16"><span class='ocrx_word' id='word_1_13' title='bbox 285 683 373 753; x_wconf 78' lang='grc' dir='ltr'>μγ⁸</span> <span class='ocrx_word' id='word_1_14' title='bbox 405 685 496 746; x_wconf 78' lang='grc' dir='ltr'>Εἰς</span> <span class='ocrx_word' id='word_1_15' title='bbox 527 681 844 749; x_wconf 75' lang='grc' dir='ltr'>Δεϐϐωγάδ.</span> 
     </span>
    </p>
   </div>
   <div class='ocr_carea' id='block_1_5' title="bbox 280 772 1064 846">
    <p class='ocr_par' dir='ltr' id='par_1_5' title="bbox 280 772 1064 846">
     <span class='ocr_line' id='line_1_5' title="bbox 280 772 1064 846; baseline -0.003 -18"><span class='ocrx_word' id='word_1_16' title='bbox 280 775 366 846; x_wconf 64' lang='grc' dir='ltr'>με</span> <span class='ocrx_word' id='word_1_17' title='bbox 397 776 489 839; x_wconf 78' lang='grc' dir='ltr'>Εἰς</span> <span class='ocrx_word' id='word_1_18' title='bbox 513 774 734 844; x_wconf 80' lang='grc' dir='ltr'>ιάιμῶν</span> <span class='ocrx_word' id='word_1_19' title='bbox 765 772 1064 842; x_wconf 79' lang='grc' dir='ltr'>Δεδλαθέμ.</span> 
     </span>
    </p>
   </div>
   <div class='ocr_carea' id='block_1_6' title="bbox 282 866 1620 939">
    <p class='ocr_par' dir='ltr' id='par_1_6' title="bbox 282 866 1620 939">
     <span class='ocr_line' id='line_1_6' title="bbox 282 866 1620 939; baseline 0 -19"><span class='ocrx_word' id='word_1_20' title='bbox 282 868 368 939; x_wconf 84' lang='grc' dir='ltr'>με’</span> <span class='ocrx_word' id='word_1_21' title='bbox 399 871 488 931; x_wconf 86' lang='grc' dir='ltr'>Εἰς</span> <span class='ocrx_word' id='word_1_22' title='bbox 514 869 581 922; x_wconf 70' lang='grc' dir='ltr'>τὰ</span> <span class='ocrx_word' id='word_1_23' title='bbox 606 868 708 938; x_wconf 80' lang='grc' dir='ltr'><strong>ὅρη</strong></span> <span class='ocrx_word' id='word_1_24' title='bbox 741 867 809 920; x_wconf 79' lang='grc' dir='ltr'><strong>τά</strong></span> <span class='ocrx_word' id='word_1_25' title='bbox 843 866 1090 936; x_wconf 82' lang='grc' dir='ltr'>Ἀμωρῆ,</span> <span class='ocrx_word' id='word_1_26' title='bbox 1123 866 1382 922; x_wconf 79' lang='grc' dir='ltr'><strong>ἀπέναντι</strong></span> <span class='ocrx_word' id='word_1_27' title='bbox 1405 866 1620 920; x_wconf 77' lang='grc' dir='ltr'>Ναὸαῦ.</span> 
     </span>
    </p>
   </div>
   <div class='ocr_carea' id='block_1_7' title="bbox 279 1044 1458 1117">
    <p class='ocr_par' dir='ltr' id='par_1_7' title="bbox 279 1044 1458 1117">
     <span class='ocr_line' id='line_1_7' title="bbox 279 1044 1458 1117; baseline 0.024 -24"><span class='ocrx_word' id='word_1_28' title='bbox 279 1045 376 1117; x_wconf 80' lang='grc' dir='ltr'><strong>μς’</strong></span> <span class='ocrx_word' id='word_1_29' title='bbox 420 1047 542 1099; x_wconf 78' lang='grc' dir='ltr'><strong>Ἐπὶ</strong></span> <span class='ocrx_word' id='word_1_30' title='bbox 569 1044 790 1116; x_wconf 84' lang='grc' dir='ltr'>δυσμῶν</span> <span class='ocrx_word' id='word_1_31' title='bbox 822 1044 1018 1110; x_wconf 66' lang='grc' dir='ltr'>Μωάδ,</span> <span class='ocrx_word' id='word_1_32' title='bbox 1051 1046 1195 1098; x_wconf 79' lang='grc' dir='ltr'>κατᾶ</span> <span class='ocrx_word' id='word_1_33' title='bbox 1228 1046 1458 1116; x_wconf 71' lang='grc' dir='ltr'>ἰερίγὼο</span> 
     </span>
    </p>
   </div>
   <div class='ocr_carea' id='block_1_8' title="bbox 280 1221 1791 1296">
    <p class='ocr_par' dir='ltr' id='par_1_8' title="bbox 280 1221 1791 1296">
     <span class='ocr_line' id='line_1_8' title="bbox 280 1221 1791 1296; baseline 0.001 -19"><span class='ocrx_word' id='word_1_34' title='bbox 280 1222 368 1296; x_wconf 79' lang='grc' dir='ltr'><strong>μζ⁹</strong></span> <span class='ocrx_word' id='word_1_35' title='bbox 411 1225 531 1277; x_wconf 85' lang='grc' dir='ltr'>Ἐπί</span> <span class='ocrx_word' id='word_1_36' title='bbox 559 1223 651 1276; x_wconf 84' lang='grc' dir='ltr'><strong>τὸν</strong></span> <span class='ocrx_word' id='word_1_37' title='bbox 694 1221 987 1295; x_wconf 82' lang='grc' dir='ltr'>Ἰορδάνην,</span> <span class='ocrx_word' id='word_1_38' title='bbox 1015 1223 1290 1293; x_wconf 83' lang='grc' dir='ltr'>ἀναμέσον</span> <span class='ocrx_word' id='word_1_39' title='bbox 1311 1224 1494 1294; x_wconf 78' lang='grc' dir='ltr'>Σιμὼο</span> <span class='ocrx_word' id='word_1_40' title='bbox 1523 1227 1624 1290; x_wconf 77' lang='grc' dir='ltr'>ἓως</span> <span class='ocrx_word' id='word_1_41' title='bbox 1647 1227 1791 1282; x_wconf 83' lang='grc' dir='ltr'>Μελ-</span> 
     </span>
    </p>
   </div>
   <div class='ocr_carea' id='block_1_9' title="bbox 205 1315 1788 1390">
    <p class='ocr_par' dir='ltr' id='par_1_9' title="bbox 205 1315 1788 1390">
     <span class='ocr_line' id='line_1_9' title="bbox 205 1315 1788 1390; baseline 0.001 -20"><span class='ocrx_word' id='word_1_42' title='bbox 205 1319 325 1380; x_wconf 70' lang='grc' dir='ltr'>σλτ,</span> <span class='ocrx_word' id='word_1_43' title='bbox 363 1317 422 1370; x_wconf 77' lang='grc' dir='ltr'><strong>τὸ</strong></span> <span class='ocrx_word' id='word_1_44' title='bbox 449 1316 589 1370; x_wconf 84' lang='grc' dir='ltr'><strong>κατά</strong></span> <span class='ocrx_word' id='word_1_45' title='bbox 630 1315 862 1386; x_wconf 80' lang='grc' dir='ltr'>δυσμάς.</span> <span class='ocrx_word' id='word_1_46' title='bbox 917 1316 1188 1370; x_wconf 79' lang='grc' dir='ltr'>Ἐνταῦθα</span> <span class='ocrx_word' id='word_1_47' title='bbox 1221 1320 1462 1387; x_wconf 76' lang='grc' dir='ltr'>Μωῦσής</span> <span class='ocrx_word' id='word_1_48' title='bbox 1504 1322 1788 1390; x_wconf 76' lang='grc' dir='ltr'>κατέληξε,</span> 
     </span>
    </p>
   </div>
   <div class='ocr_carea' id='block_1_10' title="bbox 204 1409 1787 1482">
    <p class='ocr_par' dir='ltr' id='par_1_10' title="bbox 204 1409 1787 1482">
     <span class='ocr_line' id='line_1_10' title="bbox 204 1409 1787 1482; baseline 0.004 -22"><span class='ocrx_word' id='word_1_49' title='bbox 204 1414 301 1461; x_wconf 73' lang='grc' dir='ltr'><strong>καὶ</strong></span> <span class='ocrx_word' id='word_1_50' title='bbox 330 1410 392 1460; x_wconf 80' lang='grc' dir='ltr'>τὸ</span> <span class='ocrx_word' id='word_1_51' title='bbox 439 1409 860 1479; x_wconf 82' lang='grc' dir='ltr'>Δευτερονόμιον</span> <span class='ocrx_word' id='word_1_52' title='bbox 893 1409 1108 1478; x_wconf 75' lang='grc' dir='ltr'>γράψας</span> <span class='ocrx_word' id='word_1_53' title='bbox 1157 1413 1333 1478; x_wconf 84' lang='grc' dir='ltr'>πέραν</span> <span class='ocrx_word' id='word_1_54' title='bbox 1380 1413 1474 1464; x_wconf 85' lang='grc' dir='ltr'><strong>τοῦ</strong></span> <span class='ocrx_word' id='word_1_55' title='bbox 1523 1414 1787 1482; x_wconf 75' lang='grc' dir='ltr'><strong>Ἰορδάνου</strong></span> 
     </span>
    </p>
   </div>
   <div class='ocr_carea' id='block_1_11' title="bbox 203 1501 1788 1576">
    <p class='ocr_par' dir='ltr' id='par_1_11' title="bbox 203 1501 1788 1576">
     <span class='ocr_line' id='line_1_11' title="bbox 203 1501 1788 1576; baseline 0.005 -24"><span class='ocrx_word' id='word_1_56' title='bbox 203 1503 263 1552; x_wconf 80' lang='grc' dir='ltr'><strong>ἐν</strong></span> <span class='ocrx_word' id='word_1_57' title='bbox 289 1506 357 1572; x_wconf 78' lang='grc' dir='ltr'>τῇ</span> <span class='ocrx_word' id='word_1_58' title='bbox 385 1504 576 1572; x_wconf 78' lang='grc' dir='ltr'>ἐρήμῳ</span> <span class='ocrx_word' id='word_1_59' title='bbox 605 1501 740 1570; x_wconf 76' lang='grc' dir='ltr'>πρὸς</span> <span class='ocrx_word' id='word_1_60' title='bbox 773 1501 1006 1571; x_wconf 72' lang='grc' dir='ltr'>δυσμὰς,</span> <span class='ocrx_word' id='word_1_61' title='bbox 1035 1502 1288 1568; x_wconf 75' lang='grc' dir='ltr'>κατέλεξε</span> <span class='ocrx_word' id='word_1_62' title='bbox 1321 1504 1396 1574; x_wconf 70' lang='lat' dir='ltr'><strong>:q.</strong></span> <span class='ocrx_word' id='word_1_63' title='bbox 1421 1505 1554 1576; x_wconf 74' lang='grc' dir='ltr'>λαῷ,</span> <span class='ocrx_word' id='word_1_64' title='bbox 1585 1509 1643 1558; x_wconf 85' lang='grc' dir='ltr'><strong>ἐν</strong></span> <span class='ocrx_word' id='word_1_65' title='bbox 1679 1508 1788 1560; x_wconf 74' lang='grc' dir='ltr'>ἔτει</span> 
     </span>
    </p>
   </div>
   <div class='ocr_carea' id='block_1_12' title="bbox 201 1593 1788 1667">
    <p class='ocr_par' dir='ltr' id='par_1_12' title="bbox 201 1593 1788 1667">
     <span class='ocr_line' id='line_1_12' title="bbox 201 1593 1788 1667; baseline 0.006 -22"><span class='ocrx_word' id='word_1_66' title='bbox 201 1593 638 1665; x_wconf 81' lang='grc' dir='ltr'>τεσσαρακοστῷ</span> <span class='ocrx_word' id='word_1_67' title='bbox 665 1597 763 1663; x_wconf 77' lang='grc' dir='ltr'>τῆς</span> <span class='ocrx_word' id='word_1_68' title='bbox 806 1593 1008 1657; x_wconf 68' lang='grc' dir='ltr'>ἐξόδου,</span> <span class='ocrx_word' id='word_1_69' title='bbox 1045 1595 1316 1667; x_wconf 74' lang='grc' dir='ltr'><strong>ἑνδεκάτῳ</strong></span> <span class='ocrx_word' id='word_1_70' title='bbox 1350 1599 1500 1666; x_wconf 77' lang='grc' dir='ltr'>μηνὶ.</span> <span class='ocrx_word' id='word_1_71' title='bbox 1548 1594 1701 1663; x_wconf 75' lang='grc' dir='ltr'>οὗτος</span> <span class='ocrx_word' id='word_1_72' title='bbox 1731 1601 1788 1654; x_wconf 76' lang='grc' dir='ltr'>δέ</span> 
     </span>
    </p>
   </div>
   <div class='ocr_carea' id='block_1_13' title="bbox 203 1687 1783 1762">
    <p class='ocr_par' dir='ltr' id='par_1_13' title="bbox 203 1687 1783 1762">
     <span class='ocr_line' id='line_1_13' title="bbox 203 1687 1783 1762; baseline 0.004 -23"><span class='ocrx_word' id='word_1_73' title='bbox 203 1691 322 1739; x_wconf 78' lang='grc' dir='ltr'>ἐστι</span> <span class='ocrx_word' id='word_1_74' title='bbox 372 1687 586 1758; x_wconf 82' lang='grc' dir='ltr'>δίστρος</span> <span class='ocrx_word' id='word_1_75' title='bbox 635 1688 784 1757; x_wconf 71' lang='grc' dir='ltr'>παρὰ</span> <span class='ocrx_word' id='word_1_76' title='bbox 813 1687 1110 1754; x_wconf 80' lang='grc' dir='ltr'><strong>Μακεδόσι,</strong></span> <span class='ocrx_word' id='word_1_77' title='bbox 1163 1694 1424 1760; x_wconf 72' lang='grc' dir='ltr'>νεομηνία</span> <span class='ocrx_word' id='word_1_78' title='bbox 1466 1690 1558 1743; x_wconf 79' lang='grc' dir='ltr'><strong>τοῦ</strong></span> <span class='ocrx_word' id='word_1_79' title='bbox 1596 1693 1783 1762; x_wconf 70' lang='grc' dir='ltr'>μηνός.</span> 
     </span>
    </p>
   </div>
   <div class='ocr_carea' id='block_1_14' title="bbox 205 1782 1785 1855">
    <p class='ocr_par' dir='ltr' id='par_1_14' title="bbox 205 1782 1785 1855">
     <span class='ocr_line' id='line_1_14' title="bbox 205 1782 1785 1855; baseline 0.003 -22"><span class='ocrx_word' id='word_1_80' title='bbox 205 1783 318 1834; x_wconf 75' lang='grc' dir='ltr'><strong>Καὶ</strong></span> <span class='ocrx_word' id='word_1_81' title='bbox 351 1782 664 1844; x_wconf 75' lang='grc' dir='ltr'>κελευσθεὶς</span> <span class='ocrx_word' id='word_1_82' title='bbox 711 1783 955 1836; x_wconf 78' lang='grc' dir='ltr'><strong>ἀνελθεῖν</strong></span> <span class='ocrx_word' id='word_1_83' title='bbox 995 1784 1090 1838; x_wconf 78' lang='grc' dir='ltr'>ἐπὶ</span> <span class='ocrx_word' id='word_1_84' title='bbox 1122 1788 1188 1854; x_wconf 77' lang='grc' dir='ltr'><strong>τῇ</strong></span> <span class='ocrx_word' id='word_1_85' title='bbox 1239 1788 1451 1854; x_wconf 78' lang='grc' dir='ltr'>κορυφῇ</span> <span class='ocrx_word' id='word_1_86' title='bbox 1502 1784 1596 1837; x_wconf 88' lang='grc' dir='ltr'><strong>τοῦ</strong></span> <span class='ocrx_word' id='word_1_87' title='bbox 1625 1785 1785 1855; x_wconf 72' lang='grc' dir='ltr'>ὅρους</span> 
     </span>
    </p>
   </div>
   <div class='ocr_carea' id='block_1_15' title="bbox 1962 501 3470 576">
    <p class='ocr_par' dir='ltr' id='par_1_15' title="bbox 1962 501 3470 576">
     <span class='ocr_line' id='line_1_15' title="bbox 1962 501 3470 576; baseline 0.011 -24"><span class='ocrx_word' id='word_1_88' title='bbox 1962 501 2390 569; x_wconf 70' lang='lat' dir='ltr'><strong>Quadragesima</strong></span> <span class='ocrx_word' id='word_1_89' title='bbox 2428 504 2671 574; x_wconf 84' lang='lat' dir='ltr'><strong>primain</strong></span> <span class='ocrx_word' id='word_1_90' title='bbox 2721 508 2997 576; x_wconf 78' lang='lat' dir='ltr'><strong>regionem</strong></span> <span class='ocrx_word' id='word_1_91' title='bbox 3060 511 3201 566; x_wconf 89' lang='lat' dir='ltr'><strong>ultra</strong></span> <span class='ocrx_word' id='word_1_92' title='bbox 3261 513 3470 568; x_wconf 77' lang='lat' dir='ltr'><strong>Arium.</strong></span> 
     </span>
    </p>
   </div>
   <div class='ocr_carea' id='block_1_16' title="bbox 1967 592 3040 664">
    <p class='ocr_par' dir='ltr' id='par_1_16' title="bbox 1967 592 3040 664">
     <span class='ocr_line' id='line_1_16' title="bbox 1967 592 3040 664; baseline 0.012 -22"><span class='ocrx_word' id='word_1_93' title='bbox 1967 592 2397 664; x_wconf 83' lang='lat' dir='ltr'><strong>Quadragesima</strong></span> <span class='ocrx_word' id='word_1_94' title='bbox 2435 599 2675 650; x_wconf 84' lang='lat' dir='ltr'><strong>secunda</strong></span> <span class='ocrx_word' id='word_1_95' title='bbox 2719 598 2771 650; x_wconf 92' lang='lat' dir='ltr'><strong>in</strong></span> <span class='ocrx_word' id='word_1_96' title='bbox 2815 599 3040 654; x_wconf 70' lang='lat' dir='ltr'><strong>l‘brcar.</strong></span> 
     </span>
    </p>
   </div>
   <div class='ocr_carea' id='block_1_17' title="bbox 1965 686 3025 763">
    <p class='ocr_par' dir='ltr' id='par_1_17' title="bbox 1965 686 3025 763">
     <span class='ocr_line' id='line_1_17' title="bbox 1965 686 3025 763; baseline 0.009 -25"><span class='ocrx_word' id='word_1_97' title='bbox 1965 686 2392 757; x_wconf 79' lang='lat' dir='ltr'><strong>Quadragcsima</strong></span> <span class='ocrx_word' id='word_1_98' title='bbox 2429 691 2585 744; x_wconf 89' lang='lat' dir='ltr'><strong>tertia</strong></span> <span class='ocrx_word' id='word_1_99' title='bbox 2630 692 2680 745; x_wconf 93' lang='lat' dir='ltr'><strong>in</strong></span> <span class='ocrx_word' id='word_1_100' title='bbox 2713 691 3025 763; x_wconf 72' lang='lat' dir='ltr'><strong>Debbogatl.</strong></span> 
     </span>
    </p>
   </div>
   <div class='ocr_carea' id='block_1_18' title="bbox 1964 782 3323 853">
    <p class='ocr_par' dir='ltr' id='par_1_18' title="bbox 1964 782 3323 853">
     <span class='ocr_line' id='line_1_18' title="bbox 1964 782 3323 853; baseline 0.007 -20"><span class='ocrx_word' id='word_1_101' title='bbox 1964 782 2392 852; x_wconf 83' lang='lat' dir='ltr'><strong>Quadragcsinta</strong></span> <span class='ocrx_word' id='word_1_102' title='bbox 2423 793 2618 853; x_wconf 87' lang='lat' dir='ltr'><strong>quarta</strong></span> <span class='ocrx_word' id='word_1_103' title='bbox 2649 785 2701 838; x_wconf 92' lang='lat' dir='ltr'><strong>in</strong></span> <span class='ocrx_word' id='word_1_104' title='bbox 2730 782 2954 840; x_wconf 72' lang='lat' dir='ltr'><strong>Gmtnon</strong></span> <span class='ocrx_word' id='word_1_105' title='bbox 2981 786 3323 843; x_wconf 85' lang='lat' dir='ltr'><strong>Deblatltem.</strong></span> 
     </span>
    </p>
   </div>
   <div class='ocr_carea' id='block_1_19' title="bbox 1963 875 3475 966">
    <p class='ocr_par' dir='ltr' id='par_1_19' title="bbox 1963 875 3475 966">
     <span class='ocr_line' id='line_1_19' title="bbox 1963 875 3475 966; baseline 0.009 -39"><span class='ocrx_word' id='word_1_106' title='bbox 1963 875 2395 946; x_wconf 80' lang='lat' dir='ltr'><strong>Quadragesima</strong></span> <span class='ocrx_word' id='word_1_107' title='bbox 2422 879 2612 950; x_wconf 88' lang='lat' dir='ltr'><strong>quinta</strong></span> <span class='ocrx_word' id='word_1_108' title='bbox 2663 879 2716 935; x_wconf 92' lang='lat' dir='ltr'><strong>in</strong></span> <span class='ocrx_word' id='word_1_109' title='bbox 2782 889 2995 966; x_wconf 74' lang='lat' dir='ltr'><strong>moan</strong></span> <span class='ocrx_word' id='word_1_110' title='bbox 3059 883 3475 949; x_wconf 69' lang='lat' dir='ltr'><strong>Amomos,re-</strong></span> 
     </span>
    </p>
   </div>
   <div class='ocr_carea' id='block_1_20' title="bbox 1892 967 2287 1039">
    <p class='ocr_par' dir='ltr' id='par_1_20' title="bbox 1892 967 2287 1039">
     <span class='ocr_line' id='line_1_20' title="bbox 1892 967 2287 1039; baseline 0.01 -19"><span class='ocrx_word' id='word_1_111' title='bbox 1892 968 2052 1039; x_wconf 84' lang='lat' dir='ltr'><strong>gione</strong></span> <span class='ocrx_word' id='word_1_112' title='bbox 2081 967 2287 1024; x_wconf 82' lang='lat' dir='ltr'><strong>Nabau.</strong></span> 
     </span>
    </p>
   </div>
   <div class='ocr_carea' id='block_1_21' title="bbox 1962 1062 3474 1137">
    <p class='ocr_par' dir='ltr' id='par_1_21' title="bbox 1962 1062 3474 1137">
     <span class='ocr_line' id='line_1_21' title="bbox 1962 1062 3474 1137; baseline 0.005 -23"><span class='ocrx_word' id='word_1_113' title='bbox 1962 1062 2389 1131; x_wconf 83' lang='lat' dir='ltr'><strong>Quadragesima</strong></span> <span class='ocrx_word' id='word_1_114' title='bbox 2431 1072 2581 1117; x_wconf 76' lang='lat' dir='ltr'><strong>sexta</strong></span> <span class='ocrx_word' id='word_1_115' title='bbox 2605 1063 2658 1118; x_wconf 91' lang='lat' dir='ltr'><strong>in</strong></span> <span class='ocrx_word' id='word_1_116' title='bbox 2681 1065 3048 1121; x_wconf 86' lang='lat' dir='ltr'><strong>occidentales</strong></span> <span class='ocrx_word' id='word_1_117' title='bbox 3078 1077 3262 1137; x_wconf 83' lang='lat' dir='ltr'><strong>partes</strong></span> <span class='ocrx_word' id='word_1_118' title='bbox 3316 1069 3474 1126; x_wconf 78' lang='lat' dir='ltr'><strong>lloah</strong></span> 
     </span>
    </p>
   </div>
   <div class='ocr_carea' id='block_1_22' title="bbox 1891 1154 2311 1210">
    <p class='ocr_par' dir='ltr' id='par_1_22' title="bbox 1891 1154 2311 1210">
     <span class='ocr_line' id='line_1_22' title="bbox 1891 1154 2311 1210; baseline 0 -2"><span class='ocrx_word' id='word_1_119' title='bbox 1891 1154 2036 1208; x_wconf 85' lang='lat' dir='ltr'><strong>circa</strong></span> <span class='ocrx_word' id='word_1_120' title='bbox 2071 1154 2311 1210; x_wconf 81' lang='lat' dir='ltr'><strong>.lerielin.</strong></span> 
     </span>
    </p>
   </div>
   <div class='ocr_carea' id='block_1_23' title="bbox 1964 1246 3474 1316">
    <p class='ocr_par' dir='ltr' id='par_1_23' title="bbox 1964 1246 3474 1316">
     <span class='ocr_line' id='line_1_23' title="bbox 1964 1246 3474 1316; baseline 0.007 -19"><span class='ocrx_word' id='word_1_121' title='bbox 1964 1247 2396 1316; x_wconf 75' lang='lat' dir='ltr'><strong>Quadragesima</strong></span> <span class='ocrx_word' id='word_1_122' title='bbox 2449 1247 2678 1316; x_wconf 72' lang='lat' dir='ltr'><strong>septima</strong></span> <span class='ocrx_word' id='word_1_123' title='bbox 2702 1247 2770 1301; x_wconf 91' lang='lat' dir='ltr'><strong>ad</strong></span> <span class='ocrx_word' id='word_1_124' title='bbox 2828 1246 3121 1304; x_wconf 77' lang='lat' dir='ltr'><strong>Jordanem</strong></span> <span class='ocrx_word' id='word_1_125' title='bbox 3186 1250 3330 1306; x_wconf 86' lang='lat' dir='ltr'><strong>inter</strong></span> <span class='ocrx_word' id='word_1_126' title='bbox 3383 1251 3474 1308; x_wconf 78' lang='lat' dir='ltr'><strong>Si-</strong></span> 
     </span>
    </p>
   </div>
   <div class='ocr_carea' id='block_1_24' title="bbox 1893 1338 3473 1416">
    <p class='ocr_par' dir='ltr' id='par_1_24' title="bbox 1893 1338 3473 1416">
     <span class='ocr_line' id='line_1_24' title="bbox 1893 1338 3473 1416; baseline 0.005 -24"><span class='ocrx_word' id='word_1_127' title='bbox 1893 1343 2041 1392; x_wconf 82' lang='lat' dir='ltr'><strong>motli</strong></span> <span class='ocrx_word' id='word_1_128' title='bbox 2073 1356 2244 1408; x_wconf 84' lang='lat' dir='ltr'><strong>usque</strong></span> <span class='ocrx_word' id='word_1_129' title='bbox 2273 1341 2337 1394; x_wconf 88' lang='lat' dir='ltr'><strong>ad</strong></span> <span class='ocrx_word' id='word_1_130' title='bbox 2382 1338 2572 1394; x_wconf 78' lang='lat' dir='ltr'><strong>MeISat</strong></span> <span class='ocrx_word' id='word_1_131' title='bbox 2606 1340 2670 1394; x_wconf 86' lang='lat' dir='ltr'><strong>ad</strong></span> <span class='ocrx_word' id='word_1_132' title='bbox 2714 1339 3086 1396; x_wconf 73' lang='lat' dir='ltr'><strong>Occidentem.</strong></span> <span class='ocrx_word' id='word_1_133' title='bbox 3119 1343 3217 1399; x_wconf 85' lang='lat' dir='ltr'><strong>llic</strong></span> <span class='ocrx_word' id='word_1_134' title='bbox 3261 1346 3473 1416; x_wconf 83' lang='lat' dir='ltr'><strong>Moyses</strong></span> 
     </span>
    </p>
   </div>
   <div class='ocr_carea' id='block_1_25' title="bbox 1891 1432 3474 1504">
    <p class='ocr_par' dir='ltr' id='par_1_25' title="bbox 1891 1432 3474 1504">
     <span class='ocr_line' id='line_1_25' title="bbox 1891 1432 3474 1504; baseline 0.006 -21"><span class='ocrx_word' id='word_1_135' title='bbox 1891 1432 2072 1485; x_wconf 81' lang='lat' dir='ltr'><strong>vivere</strong></span> <span class='ocrx_word' id='word_1_136' title='bbox 2118 1433 2299 1496; x_wconf 85' lang='lat' dir='ltr'><strong>desiit,</strong></span> <span class='ocrx_word' id='word_1_137' title='bbox 2331 1433 2568 1501; x_wconf 82' lang='lat' dir='ltr'><strong>quicum</strong></span> <span class='ocrx_word' id='word_1_138' title='bbox 2619 1432 3120 1490; x_wconf 83' lang='lat' dir='ltr'><strong>Deutcronomtum.</strong></span> <span class='ocrx_word' id='word_1_139' title='bbox 3162 1438 3474 1504; x_wconf 75' lang='lat' dir='ltr'><strong>scripsisset</strong></span> 
     </span>
    </p>
   </div>
   <div class='ocr_carea' id='block_1_26' title="bbox 1891 1525 3472 1599">
    <p class='ocr_par' dir='ltr' id='par_1_26' title="bbox 1891 1525 3472 1599">
     <span class='ocr_line' id='line_1_26' title="bbox 1891 1525 3472 1599; baseline 0.003 -20"><span class='ocrx_word' id='word_1_140' title='bbox 1891 1525 2032 1579; x_wconf 89' lang='lat' dir='ltr'><strong>ultra</strong></span> <span class='ocrx_word' id='word_1_141' title='bbox 2073 1525 2365 1580; x_wconf 80' lang='lat' dir='ltr'><strong>lordanem</strong></span> <span class='ocrx_word' id='word_1_142' title='bbox 2394 1526 2447 1579; x_wconf 90' lang='lat' dir='ltr'><strong>in</strong></span> <span class='ocrx_word' id='word_1_143' title='bbox 2467 1525 2685 1580; x_wconf 84' lang='lat' dir='ltr'><strong>deserto</strong></span> <span class='ocrx_word' id='word_1_144' title='bbox 2709 1527 2774 1580; x_wconf 89' lang='lat' dir='ltr'><strong>ad</strong></span> <span class='ocrx_word' id='word_1_145' title='bbox 2802 1526 3177 1588; x_wconf 81' lang='lat' dir='ltr'><strong>Occidentem,</strong></span> <span class='ocrx_word' id='word_1_146' title='bbox 3214 1530 3343 1583; x_wconf 84' lang='lat' dir='ltr'><strong>illud</strong></span> <span class='ocrx_word' id='word_1_147' title='bbox 3377 1545 3472 1599; x_wconf 84' lang='lat' dir='ltr'><strong>po-</strong></span> 
     </span>
    </p>
   </div>
   <div class='ocr_carea' id='block_1_27' title="bbox 1891 1615 3472 1688">
    <p class='ocr_par' dir='ltr' id='par_1_27' title="bbox 1891 1615 3472 1688">
     <span class='ocr_line' id='line_1_27' title="bbox 1891 1615 3472 1688; baseline 0.008 -24"><span class='ocrx_word' id='word_1_148' title='bbox 1891 1615 2016 1683; x_wconf 92' lang='lat' dir='ltr'><strong>ptth</strong></span> <span class='ocrx_word' id='word_1_149' title='bbox 2051 1616 2321 1680; x_wconf 90' lang='lat' dir='ltr'><strong>recitavit,</strong></span> <span class='ocrx_word' id='word_1_150' title='bbox 2361 1631 2505 1669; x_wconf 90' lang='lat' dir='ltr'><strong>anno</strong></span> <span class='ocrx_word' id='word_1_151' title='bbox 2529 1618 2596 1670; x_wconf 90' lang='lat' dir='ltr'><strong>ab</strong></span> <span class='ocrx_word' id='word_1_152' title='bbox 2626 1617 2772 1670; x_wconf 75' lang='lat' dir='ltr'><strong>exitu</strong></span> <span class='ocrx_word' id='word_1_153' title='bbox 2813 1619 3252 1688; x_wconf 84' lang='lat' dir='ltr'><strong>quadragesimo,</strong></span> <span class='ocrx_word' id='word_1_154' title='bbox 3284 1636 3472 1677; x_wconf 91' lang='lat' dir='ltr'><strong>mense</strong></span> 
     </span>
    </p>
   </div>
   <div class='ocr_carea' id='block_1_28' title="bbox 1890 1708 3464 1780">
    <p class='ocr_par' dir='ltr' id='par_1_28' title="bbox 1890 1708 3464 1780">
     <span class='ocr_line' id='line_1_28' title="bbox 1890 1708 3464 1780; baseline 0.003 -20"><span class='ocrx_word' id='word_1_155' title='bbox 1890 1708 2205 1769; x_wconf 84' lang='lat' dir='ltr'><strong>undecimo.</strong></span> <span class='ocrx_word' id='word_1_156' title='bbox 2242 1708 2335 1777; x_wconf 87' lang='lat' dir='ltr'><strong>qui</strong></span> <span class='ocrx_word' id='word_1_157' title='bbox 2392 1717 2481 1762; x_wconf 77' lang='lat' dir='ltr'><strong>est.</strong></span> <span class='ocrx_word' id='word_1_158' title='bbox 2515 1708 2869 1762; x_wconf 85' lang='lat' dir='ltr'><strong>Macedonum</strong></span> <span class='ocrx_word' id='word_1_159' title='bbox 2903 1708 3134 1775; x_wconf 88' lang='lat' dir='ltr'><strong>Distros,</strong></span> <span class='ocrx_word' id='word_1_160' title='bbox 3164 1711 3298 1780; x_wconf 78' lang='lat' dir='ltr'><strong>ipsis</strong></span> <span class='ocrx_word' id='word_1_161' title='bbox 3319 1727 3464 1764; x_wconf 79' lang='lat' dir='ltr'><strong>nien-</strong></span> 
     </span>
    </p>
   </div>
   <div class='ocr_carea' id='block_1_29' title="bbox 1890 1799 3466 1871">
    <p class='ocr_par' dir='ltr' id='par_1_29' title="bbox 1890 1799 3466 1871">
     <span class='ocr_line' id='line_1_29' title="bbox 1890 1799 3466 1871; baseline 0.004 -19"><span class='ocrx_word' id='word_1_162' title='bbox 1890 1801 1967 1854; x_wconf 87' lang='lat' dir='ltr'><strong>sis</strong></span> <span class='ocrx_word' id='word_1_163' title='bbox 1997 1801 2258 1854; x_wconf 87' lang='lat' dir='ltr'><strong>calendis.</strong></span> <span class='ocrx_word' id='word_1_164' title='bbox 2297 1799 2496 1857; x_wconf 85' lang='lat' dir='ltr'><strong>Jussus</strong></span> <span class='ocrx_word' id='word_1_165' title='bbox 2532 1817 2696 1871; x_wconf 91' lang='lat' dir='ltr'><strong>porro</strong></span> <span class='ocrx_word' id='word_1_166' title='bbox 2742 1802 3041 1857; x_wconf 83' lang='lat' dir='ltr'><strong>ascendere</strong></span> <span class='ocrx_word' id='word_1_167' title='bbox 3093 1803 3145 1855; x_wconf 89' lang='lat' dir='ltr'><strong>in</strong></span> <span class='ocrx_word' id='word_1_168' title='bbox 3211 1803 3466 1860; x_wconf 74' lang='lat' dir='ltr'><strong>verticem</strong></span> 
     </span>
    </p>
   </div>
   <div class='ocr_carea' id='block_1_30' title="bbox 200 1873 1877 1963">
    <p class='ocr_par' dir='ltr' id='par_1_30' title="bbox 200 1873 1864 1948">
     <span class='ocr_line' id='line_1_30' title="bbox 200 1873 1864 1948; baseline 0.002 -24"><span class='ocrx_word' id='word_1_169' title='bbox 200 1875 417 1942; x_wconf 81' lang='grc' dir='ltr'>Φασγᾶ,</span> <span class='ocrx_word' id='word_1_170' title='bbox 469 1876 565 1929; x_wconf 76' lang='grc' dir='ltr'>καὶ</span> <span class='ocrx_word' id='word_1_171' title='bbox 616 1874 912 1932; x_wconf 75' lang='grc' dir='ltr'>θεάσασθαι</span> <span class='ocrx_word' id='word_1_172' title='bbox 955 1882 1138 1934; x_wconf 78' lang='grc' dir='ltr'>πᾶσαν</span> <span class='ocrx_word' id='word_1_173' title='bbox 1168 1878 1266 1948; x_wconf 76' lang='grc' dir='ltr'>τὴν</span> <span class='ocrx_word' id='word_1_174' title='bbox 1315 1878 1413 1948; x_wconf 80' lang='grc' dir='ltr'>τῆς</span> <span class='ocrx_word' id='word_1_175' title='bbox 1457 1879 1788 1946; x_wconf 73' lang='grc' dir='ltr'><strong>ἐπαγγελίας</strong></span> <span class='ocrx_word' id='word_1_176' title='bbox 1826 1873 1864 1928; x_wconf 84' lang='grc' dir='ltr'><strong><em>Β</em></strong></span> 
     </span>
    </p>
   </div>
   <div class='ocr_carea' id='block_1_31' title="bbox 1792 1873 3469 1963">
    <p class='ocr_par' dir='ltr' id='par_1_31' title="bbox 1826 1873 3469 1963">
     <span class='ocr_line' id='line_1_31' title="bbox 1826 1873 3469 1963; baseline 0.002 -18"><span class='ocrx_word' id='word_1_177' title='bbox 1826 1873 1864 1928; x_wconf 72' lang='grc' dir='ltr'><strong><em>Β</em></strong></span> <span class='ocrx_word' id='word_1_178' title='bbox 1899 1892 2098 1945; x_wconf 90' lang='lat' dir='ltr'><strong>montis</strong></span> <span class='ocrx_word' id='word_1_179' title='bbox 2134 1892 2365 1962; x_wconf 71' lang='lat' dir='ltr'><strong>l’liasga,</strong></span> <span class='ocrx_word' id='word_1_180' title='bbox 2403 1903 2451 1947; x_wconf 91' lang='lat' dir='ltr'><strong>et</strong></span> <span class='ocrx_word' id='word_1_181' title='bbox 2480 1894 2676 1947; x_wconf 82' lang='lat' dir='ltr'><strong>intueri</strong></span> <span class='ocrx_word' id='word_1_182' title='bbox 2707 1909 2923 1948; x_wconf 91' lang='lat' dir='ltr'><strong>omnem</strong></span> <span class='ocrx_word' id='word_1_183' title='bbox 2947 1894 3332 1963; x_wconf 78' lang='lat' dir='ltr'><strong>promissionis</strong></span> <span class='ocrx_word' id='word_1_184' title='bbox 3355 1902 3469 1950; x_wconf 82' lang='lat' dir='ltr'><strong>tor-</strong></span> 
     </span>
    </p>
   </div>
   <div class='ocr_carea' id='block_1_32' title="bbox 202 1967 1788 2043">
    <p class='ocr_par' dir='ltr' id='par_1_32' title="bbox 202 1967 1788 2043">
     <span class='ocr_line' id='line_1_32' title="bbox 202 1967 1788 2043; baseline 0.004 -25"><span class='ocrx_word' id='word_1_185' title='bbox 202 1967 310 2034; x_wconf 63' lang='grc' dir='ltr'>γῆν</span> <span class='ocrx_word' id='word_1_186' title='bbox 346 1967 654 2039; x_wconf 68' lang='grc' dir='ltr'>πόρρωθεν,</span> <span class='ocrx_word' id='word_1_187' title='bbox 705 1971 824 2025; x_wconf 81' lang='grc' dir='ltr'>ἐκεῖ</span> <span class='ocrx_word' id='word_1_188' title='bbox 859 1974 1153 2043; x_wconf 85' lang='grc' dir='ltr'>γενόμενος</span> <span class='ocrx_word' id='word_1_189' title='bbox 1200 1970 1339 2025; x_wconf 81' lang='grc' dir='ltr'>ἐτῶν</span> <span class='ocrx_word' id='word_1_190' title='bbox 1376 1971 1569 2025; x_wconf 82' lang='grc' dir='ltr'>ἑκατὸν</span> <span class='ocrx_word' id='word_1_191' title='bbox 1614 1973 1788 2025; x_wconf 74' lang='grc' dir='ltr'>εἴκοσι</span> 
     </span>
    </p>
   </div>
   <div class='ocr_carea' id='block_1_33' title="bbox 200 2061 455 2132">
    <p class='ocr_par' dir='ltr' id='par_1_33' title="bbox 200 2061 455 2132">
     <span class='ocr_line' id='line_1_33' title="bbox 200 2061 455 2132; baseline 0.012 -21"><span class='ocrx_word' id='word_1_192' title='bbox 200 2061 455 2132; x_wconf 68' lang='grc' dir='ltr'>τελευτᾷ.</span> 
     </span>
    </p>
   </div>
   <div class='ocr_carea' id='block_1_34' title="bbox 808 2251 1202 2308">
    <p class='ocr_par' dir='ltr' id='par_1_34' title="bbox 808 2251 1202 2308">
     <span class='ocr_line' id='line_1_34' title="bbox 808 2251 1202 2308; baseline 0.01 -4"><span class='ocrx_word' id='word_1_193' title='bbox 808 2251 982 2306; x_wconf 84' lang='grc' dir='ltr'><strong>ΒΙΒΛ</strong></span> <span class='ocrx_word' id='word_1_194' title='bbox 996 2255 1087 2307; x_wconf 90' lang='grc' dir='ltr'><strong><em>ΟΣ</em></strong></span> <span class='ocrx_word' id='word_1_195' title='bbox 1125 2259 1202 2308; x_wconf 86' lang='grc' dir='ltr'><strong>Δ’.</strong></span> 
     </span>
    </p>
   </div>
   <div class='ocr_carea' id='block_1_35' title="bbox 207 2363 1798 2429">
    <p class='ocr_par' dir='ltr' id='par_1_35' title="bbox 207 2363 1798 2429">
     <span class='ocr_line' id='line_1_35' title="bbox 207 2363 1798 2429; baseline 0.004 -13"><span class='ocrx_word' id='word_1_196' title='bbox 207 2363 460 2418; x_wconf 72' lang='grc' dir='ltr'><strong>ΚΕΦΛΛ.</strong></span> <span class='ocrx_word' id='word_1_197' title='bbox 486 2364 605 2420; x_wconf 87' lang='grc' dir='ltr'>ΞΘ’.</span> <span class='ocrx_word' id='word_1_198' title='bbox 640 2396 706 2407; x_wconf 88' lang='lat'><strong>-—</strong></span> <span class='ocrx_word' id='word_1_199' title='bbox 743 2365 886 2418; x_wconf 83' lang='grc' dir='ltr'><strong>Τίνα</strong></span> <span class='ocrx_word' id='word_1_200' title='bbox 925 2367 1116 2429; x_wconf 80' lang='grc' dir='ltr'>ἐστίν,</span> <span class='ocrx_word' id='word_1_201' title='bbox 1159 2366 1197 2421; x_wconf 78' lang='grc' dir='ltr'><em>ἃ</em></span> <span class='ocrx_word' id='word_1_202' title='bbox 1241 2368 1507 2422; x_wconf 81' lang='grc' dir='ltr'><strong>τεθέαται</strong></span> <span class='ocrx_word' id='word_1_203' title='bbox 1545 2373 1578 2424; x_wconf 82' lang='grc' dir='ltr'><em>ὀ</em></span> <span class='ocrx_word' id='word_1_204' title='bbox 1617 2370 1798 2423; x_wconf 58' lang='lat' dir='ltr'><strong>Muli--</strong></span> 
     </span>
    </p>
   </div>
   <div class='ocr_carea' id='block_1_36' title="bbox 299 2437 1700 2508">
    <p class='ocr_par' dir='ltr' id='par_1_36' title="bbox 299 2437 1700 2508">
     <span class='ocr_line' id='line_1_36' title="bbox 299 2437 1700 2508; baseline 0.004 -21"><span class='ocrx_word' id='word_1_205' title='bbox 299 2437 421 2503; x_wconf 73' lang='grc' dir='ltr'>σῆς</span> <span class='ocrx_word' id='word_1_206' title='bbox 449 2437 775 2506; x_wconf 79' lang='grc' dir='ltr'>θαυμάσια,</span> <span class='ocrx_word' id='word_1_207' title='bbox 806 2437 904 2490; x_wconf 84' lang='grc' dir='ltr'><strong>καί</strong></span> <span class='ocrx_word' id='word_1_208' title='bbox 933 2437 1008 2490; x_wconf 80' lang='grc' dir='ltr'>δι’</span> <span class='ocrx_word' id='word_1_209' title='bbox 1030 2438 1220 2492; x_wconf 85' lang='grc' dir='ltr'>αὑτοῦ</span> <span class='ocrx_word' id='word_1_210' title='bbox 1258 2441 1700 2508; x_wconf 79' lang='grc' dir='ltr'><strong>κατείργασται.</strong></span> 
     </span>
    </p>
   </div>
   <div class='ocr_carea' id='block_1_37' title="bbox 289 2547 1787 2625">
    <p class='ocr_par' dir='ltr' id='par_1_37' title="bbox 289 2547 1787 2625">
     <span class='ocr_line' id='line_1_37' title="bbox 289 2547 1787 2625; baseline 0.004 -25"><span class='ocrx_word' id='word_1_211' title='bbox 289 2549 380 2600; x_wconf 82' lang='grc' dir='ltr'>Ἐν</span> <span class='ocrx_word' id='word_1_212' title='bbox 404 2547 480 2618; x_wconf 82' lang='grc' dir='ltr'><strong>τῷ</strong></span> <span class='ocrx_word' id='word_1_213' title='bbox 519 2550 650 2621; x_wconf 79' lang='grc' dir='ltr'>Σινᾷ</span> <span class='ocrx_word' id='word_1_214' title='bbox 678 2550 794 2620; x_wconf 79' lang='grc' dir='ltr'>ὄρει</span> <span class='ocrx_word' id='word_1_215' title='bbox 833 2551 934 2622; x_wconf 75' lang='grc' dir='ltr'>τὴν</span> <span class='ocrx_word' id='word_1_216' title='bbox 973 2553 1134 2622; x_wconf 78' lang='grc' dir='ltr'>βάτον</span> <span class='ocrx_word' id='word_1_217' title='bbox 1167 2554 1270 2625; x_wconf 76' lang='grc' dir='ltr'><strong>δρᾷ</strong></span> <span class='ocrx_word' id='word_1_218' title='bbox 1305 2557 1625 2624; x_wconf 73' lang='grc' dir='ltr'><strong>καιομένην,</strong></span> <span class='ocrx_word' id='word_1_219' title='bbox 1654 2553 1787 2608; x_wconf 87' lang='grc' dir='ltr'><strong>ἀλλά</strong></span> 
     </span>
    </p>
   </div>
   <div class='ocr_carea' id='block_1_38' title="bbox 204 2641 1788 2720">
    <p class='ocr_par' dir='ltr' id='par_1_38' title="bbox 204 2641 1788 2720">
     <span class='ocr_line' id='line_1_38' title="bbox 204 2641 1788 2720; baseline 0.006 -28"><span class='ocrx_word' id='word_1_220' title='bbox 204 2641 548 2710; x_wconf 72' lang='grc' dir='ltr'>χλοάζουσαν</span> <span class='ocrx_word' id='word_1_221' title='bbox 572 2645 666 2696; x_wconf 76' lang='grc' dir='ltr'>καὶ</span> <span class='ocrx_word' id='word_1_222' title='bbox 695 2645 769 2716; x_wconf 77' lang='grc' dir='ltr'>μὴ</span> <span class='ocrx_word' id='word_1_223' title='bbox 796 2648 1259 2719; x_wconf 81' lang='grc' dir='ltr'>κατακαιομένην.</span> <span class='ocrx_word' id='word_1_224' title='bbox 1296 2648 1529 2716; x_wconf 82' lang='grc' dir='ltr'>Σημεῖον</span> <span class='ocrx_word' id='word_1_225' title='bbox 1559 2649 1788 2720; x_wconf 79' lang='grc' dir='ltr'><strong>αἰτήσας</strong></span> 
     </span>
    </p>
   </div>
   <div class='ocr_carea' id='block_1_39' title="bbox 205 2736 1786 2812">
    <p class='ocr_par' dir='ltr' id='par_1_39' title="bbox 205 2736 1786 2812">
     <span class='ocr_line' id='line_1_39' title="bbox 205 2736 1786 2812; baseline 0.004 -26"><span class='ocrx_word' id='word_1_226' title='bbox 205 2739 514 2803; x_wconf 75' lang='grc' dir='ltr'>παρασχεῖν</span> <span class='ocrx_word' id='word_1_227' title='bbox 540 2736 638 2806; x_wconf 81' lang='grc' dir='ltr'>τῆς</span> <span class='ocrx_word' id='word_1_228' title='bbox 671 2740 749 2800; x_wconf 79' lang='grc' dir='ltr'><strong>εἰς</strong></span> <span class='ocrx_word' id='word_1_229' title='bbox 795 2738 896 2808; x_wconf 76' lang='grc' dir='ltr'>τὴν</span> <span class='ocrx_word' id='word_1_230' title='bbox 941 2739 1218 2807; x_wconf 78' lang='grc' dir='ltr'>Αἴγυπτον</span> <span class='ocrx_word' id='word_1_231' title='bbox 1255 2739 1420 2793; x_wconf 85' lang='grc' dir='ltr'>αὑτοῦ</span> <span class='ocrx_word' id='word_1_232' title='bbox 1465 2742 1786 2812; x_wconf 85' lang='grc' dir='ltr'>ἀποστολῆς,</span> 
     </span>
    </p>
   </div>
   <div class='ocr_carea' id='block_1_40' title="bbox 204 2829 1786 2904">
    <p class='ocr_par' dir='ltr' id='par_1_40' title="bbox 204 2829 1786 2904">
     <span class='ocr_line' id='line_1_40' title="bbox 204 2829 1786 2904; baseline 0.004 -24"><span class='ocrx_word' id='word_1_233' title='bbox 204 2829 308 2897; x_wconf 77' lang='grc' dir='ltr'>τὴν</span> <span class='ocrx_word' id='word_1_234' title='bbox 335 2829 532 2898; x_wconf 80' lang='grc' dir='ltr'>ρἀδον</span> <span class='ocrx_word' id='word_1_235' title='bbox 572 2831 672 2900; x_wconf 79' lang='grc' dir='ltr'>τὴν</span> <span class='ocrx_word' id='word_1_236' title='bbox 709 2834 1035 2903; x_wconf 79' lang='grc' dir='ltr'>ποιμενικὴν</span> <span class='ocrx_word' id='word_1_237' title='bbox 1090 2835 1304 2904; x_wconf 72' lang='grc' dir='ltr'>ῥίπτειν</span> <span class='ocrx_word' id='word_1_238' title='bbox 1352 2834 1659 2898; x_wconf 74' lang='grc' dir='ltr'><strong>ἐκελεύετο,</strong></span> <span class='ocrx_word' id='word_1_239' title='bbox 1694 2837 1786 2886; x_wconf 73' lang='grc' dir='ltr'><strong>καὶ</strong></span> 
     </span>
    </p>
   </div>
   <div class='ocr_carea' id='block_1_41' title="bbox 206 2920 1788 2998">
    <p class='ocr_par' dir='ltr' id='par_1_41' title="bbox 206 2920 1788 2998">
     <span class='ocr_line' id='line_1_41' title="bbox 206 2920 1788 2998; baseline 0.004 -27"><span class='ocrx_word' id='word_1_240' title='bbox 206 2920 374 2971; x_wconf 64' lang='grc' dir='ltr'>πάλιν</span> <span class='ocrx_word' id='word_1_241' title='bbox 428 2920 518 2973; x_wconf 82' lang='grc' dir='ltr'><strong>τὸν</strong></span> <span class='ocrx_word' id='word_1_242' title='bbox 557 2922 682 2989; x_wconf 60' lang='grc' dir='ltr'>ὅφιν</span> <span class='ocrx_word' id='word_1_243' title='bbox 731 2924 839 2976; x_wconf 82' lang='grc' dir='ltr'>ἀπὸ</span> <span class='ocrx_word' id='word_1_244' title='bbox 889 2925 990 2993; x_wconf 75' lang='grc' dir='ltr'>τῆς</span> <span class='ocrx_word' id='word_1_245' title='bbox 1041 2927 1241 2996; x_wconf 83' lang='grc' dir='ltr'>κέρκου</span> <span class='ocrx_word' id='word_1_246' title='bbox 1291 2927 1645 2998; x_wconf 78' lang='grc' dir='ltr'><strong>δραξάμενος,</strong></span> <span class='ocrx_word' id='word_1_247' title='bbox 1708 2930 1788 2990; x_wconf 86' lang='grc' dir='ltr'><strong>εἰς</strong></span> 
     </span>
    </p>
   </div>
   <div class='ocr_carea' id='block_1_42' title="bbox 206 3011 1788 3088">
    <p class='ocr_par' dir='ltr' id='par_1_42' title="bbox 206 3011 1788 3088">
     <span class='ocr_line' id='line_1_42' title="bbox 206 3011 1788 3088; baseline 0.004 -25"><span class='ocrx_word' id='word_1_248' title='bbox 206 3011 409 3082; x_wconf 69' lang='grc' dir='ltr'>ῥάϐδον</span> <span class='ocrx_word' id='word_1_249' title='bbox 456 3013 715 3082; x_wconf 84' lang='grc' dir='ltr'>ἐπανῆγε.</span> <span class='ocrx_word' id='word_1_250' title='bbox 771 3015 881 3086; x_wconf 80' lang='grc' dir='ltr'><strong>Τὴν</strong></span> <span class='ocrx_word' id='word_1_251' title='bbox 929 3019 1086 3087; x_wconf 85' lang='grc' dir='ltr'>χεῖρα</span> <span class='ocrx_word' id='word_1_252' title='bbox 1143 3019 1522 3088; x_wconf 77' lang='grc' dir='ltr'><strong>ἀποκρύπτειν</strong></span> <span class='ocrx_word' id='word_1_253' title='bbox 1572 3021 1652 3079; x_wconf 85' lang='grc' dir='ltr'><strong>εἰς</strong></span> <span class='ocrx_word' id='word_1_254' title='bbox 1694 3018 1788 3071; x_wconf 83' lang='grc' dir='ltr'>τὸν</span> 
     </span>
    </p>
   </div>
   <div class='ocr_carea' id='block_1_43' title="bbox 205 3104 1784 3182">
    <p class='ocr_par' dir='ltr' id='par_1_43' title="bbox 205 3104 1784 3182">
     <span class='ocr_line' id='line_1_43' title="bbox 205 3104 1784 3182; baseline 0.001 -26"><span class='ocrx_word' id='word_1_255' title='bbox 205 3104 413 3158; x_wconf 81' lang='grc' dir='ltr'><strong>κόλπον</strong></span> <span class='ocrx_word' id='word_1_256' title='bbox 458 3107 831 3176; x_wconf 75' lang='grc' dir='ltr'><strong>κελευόμενος,</strong></span> <span class='ocrx_word' id='word_1_257' title='bbox 868 3109 1066 3179; x_wconf 79' lang='grc' dir='ltr'>λευκὴν</span> <span class='ocrx_word' id='word_1_258' title='bbox 1095 3109 1226 3162; x_wconf 70' lang='grc' dir='ltr'><strong>ὡσεὶ</strong></span> <span class='ocrx_word' id='word_1_259' title='bbox 1261 3109 1394 3180; x_wconf 87' lang='grc' dir='ltr'>χιὼν</span> <span class='ocrx_word' id='word_1_260' title='bbox 1445 3111 1536 3162; x_wconf 71' lang='grc' dir='ltr'><strong>καὶ</strong></span> <span class='ocrx_word' id='word_1_261' title='bbox 1569 3110 1784 3182; x_wconf 76' lang='grc' dir='ltr'>παρηλ-</span> 
     </span>
    </p>
   </div>
   <div class='ocr_carea' id='block_1_44' title="bbox 1893 1985 3466 2060">
    <p class='ocr_par' dir='ltr' id='par_1_44' title="bbox 1893 1985 3466 2060">
     <span class='ocr_line' id='line_1_44' title="bbox 1893 1985 3466 2060; baseline 0.006 -24"><span class='ocrx_word' id='word_1_262' title='bbox 1893 1999 2008 2037; x_wconf 84' lang='lat' dir='ltr'><strong>ratn</strong></span> <span class='ocrx_word' id='word_1_263' title='bbox 2051 1986 2289 2048; x_wconf 85' lang='lat' dir='ltr'><strong>eminus,</strong></span> <span class='ocrx_word' id='word_1_264' title='bbox 2349 1985 2632 2040; x_wconf 88' lang='lat' dir='ltr'><strong>ibiannos</strong></span> <span class='ocrx_word' id='word_1_265' title='bbox 2680 1997 2840 2041; x_wconf 82' lang='lat' dir='ltr'><strong>natus</strong></span> <span class='ocrx_word' id='word_1_266' title='bbox 2893 1998 3114 2044; x_wconf 84' lang='lat' dir='ltr'><strong>centum</strong></span> <span class='ocrx_word' id='word_1_267' title='bbox 3163 1999 3217 2045; x_wconf 87' lang='lat' dir='ltr'><strong>ct</strong></span> <span class='ocrx_word' id='word_1_268' title='bbox 3277 1989 3466 2060; x_wconf 81' lang='lat' dir='ltr'><strong>viginti</strong></span> 
     </span>
    </p>
   </div>
   <div class='ocr_carea' id='block_1_45' title="bbox 1892 2071 2346 2128">
    <p class='ocr_par' dir='ltr' id='par_1_45' title="bbox 1892 2071 2346 2128">
     <span class='ocr_line' id='line_1_45' title="bbox 1892 2071 2346 2128; baseline 0.004 -3"><span class='ocrx_word' id='word_1_269' title='bbox 1892 2071 2018 2127; x_wconf 80' lang='lat' dir='ltr'><strong>latis</strong></span> <span class='ocrx_word' id='word_1_270' title='bbox 2051 2072 2346 2128; x_wconf 85' lang='lat' dir='ltr'><strong>concessit.</strong></span> 
     </span>
    </p>
   </div>
   <div class='ocr_carea' id='block_1_46' title="bbox 2497 2256 2850 2314">
    <p class='ocr_par' dir='ltr' id='par_1_46' title="bbox 2497 2256 2850 2314">
     <span class='ocr_line' id='line_1_46' title="bbox 2497 2256 2850 2314; baseline 0.011 -4"><span class='ocrx_word' id='word_1_271' title='bbox 2497 2256 2721 2313; x_wconf 85' lang='lat' dir='ltr'><strong><em>LIBER</em></strong></span> <span class='ocrx_word' id='word_1_272' title='bbox 2751 2258 2850 2314; x_wconf 83' lang='lat' dir='ltr'><strong>ll’.</strong></span> 
     </span>
    </p>
   </div>
   <div class='ocr_carea' id='block_1_47' title="bbox 1889 2367 3468 2446">
    <p class='ocr_par' dir='ltr' id='par_1_47' title="bbox 1889 2367 3468 2446">
     <span class='ocr_line' id='line_1_47' title="bbox 1889 2367 3468 2446; baseline 0.004 -22"><span class='ocrx_word' id='word_1_273' title='bbox 1889 2367 2043 2424; x_wconf 71' lang='lat' dir='ltr'><strong>CAP.</strong></span> <span class='ocrx_word' id='word_1_274' title='bbox 2088 2368 2668 2446; x_wconf 24' lang='lat' dir='ltr'><strong>LXIXs—Quwnatn</strong></span> <span class='ocrx_word' id='word_1_275' title='bbox 2737 2373 2863 2426; x_wconf 78' lang='lat' dir='ltr'><strong>vidit</strong></span> <span class='ocrx_word' id='word_1_276' title='bbox 2912 2374 3183 2428; x_wconf 76' lang='lat' dir='ltr'><strong>mirabilia</strong></span> <span class='ocrx_word' id='word_1_277' title='bbox 3239 2374 3468 2446; x_wconf 65' lang='lat' dir='ltr'><strong>Moyses,</strong></span> 
     </span>
    </p>
   </div>
   <div class='ocr_carea' id='block_1_48' title="bbox 2212 2443 3147 2512">
    <p class='ocr_par' dir='ltr' id='par_1_48' title="bbox 2212 2443 3147 2512">
     <span class='ocr_line' id='line_1_48' title="bbox 2212 2443 3147 2512; baseline 0.005 -18"><span class='ocrx_word' id='word_1_278' title='bbox 2212 2443 2288 2495; x_wconf 78' lang='lat' dir='ltr'><strong>vel</strong></span> <span class='ocrx_word' id='word_1_279' title='bbox 2329 2443 2490 2496; x_wconf 80' lang='lat' dir='ltr'><strong>etiam</strong></span> <span class='ocrx_word' id='word_1_280' title='bbox 2524 2443 2587 2495; x_wconf 84' lang='lat' dir='ltr'><strong>ab</strong></span> <span class='ocrx_word' id='word_1_281' title='bbox 2615 2444 2730 2512; x_wconf 81' lang='lat' dir='ltr'><strong>ipso</strong></span> <span class='ocrx_word' id='word_1_282' title='bbox 2757 2452 2975 2510; x_wconf 84' lang='lat' dir='ltr'><strong>patrata</strong></span> <span class='ocrx_word' id='word_1_283' title='bbox 3003 2455 3147 2499; x_wconf 72' lang='lat' dir='ltr'><strong>sunt.</strong></span> 
     </span>
    </p>
   </div>
   <div class='ocr_carea' id='block_1_49' title="bbox 1963 2554 3466 2623">
    <p class='ocr_par' dir='ltr' id='par_1_49' title="bbox 1963 2554 3466 2623">
     <span class='ocr_line' id='line_1_49' title="bbox 1963 2554 3466 2623; baseline 0.003 -15"><span class='ocrx_word' id='word_1_284' title='bbox 1963 2554 2019 2609; x_wconf 92' lang='lat' dir='ltr'><strong>In</strong></span> <span class='ocrx_word' id='word_1_285' title='bbox 2054 2556 2182 2610; x_wconf 83' lang='lat' dir='ltr'><strong>Sina</strong></span> <span class='ocrx_word' id='word_1_286' title='bbox 2214 2565 2398 2611; x_wconf 88' lang='lat' dir='ltr'><strong>monte</strong></span> <span class='ocrx_word' id='word_1_287' title='bbox 2438 2556 2636 2610; x_wconf 86' lang='lat' dir='ltr'><strong>rubum</strong></span> <span class='ocrx_word' id='word_1_288' title='bbox 2663 2557 2807 2611; x_wconf 80' lang='lat' dir='ltr'><strong>videt</strong></span> <span class='ocrx_word' id='word_1_289' title='bbox 2839 2557 3142 2623; x_wconf 82' lang='lat' dir='ltr'><strong>ardentem,</strong></span> <span class='ocrx_word' id='word_1_290' title='bbox 3165 2557 3258 2613; x_wconf 72' lang='lat' dir='ltr'><strong>sed</strong></span> <span class='ocrx_word' id='word_1_291' title='bbox 3285 2567 3466 2614; x_wconf 87' lang='lat' dir='ltr'><strong>tamen</strong></span> 
     </span>
    </p>
   </div>
   <div class='ocr_carea' id='block_1_50' title="bbox 1891 2650 3470 2722">
    <p class='ocr_par' dir='ltr' id='par_1_50' title="bbox 1891 2650 3470 2722">
     <span class='ocr_line' id='line_1_50' title="bbox 1891 2650 3470 2722; baseline 0.005 -20"><span class='ocrx_word' id='word_1_292' title='bbox 1891 2651 2176 2713; x_wconf 88' lang='lat' dir='ltr'><strong>virentem,</strong></span> <span class='ocrx_word' id='word_1_293' title='bbox 2207 2665 2305 2704; x_wconf 87' lang='lat' dir='ltr'><strong>nec</strong></span> <span class='ocrx_word' id='word_1_294' title='bbox 2337 2651 2687 2720; x_wconf 89' lang='lat' dir='ltr'><strong>absumptum</strong></span> <span class='ocrx_word' id='word_1_295' title='bbox 2719 2651 2857 2718; x_wconf 77' lang='lat' dir='ltr'><strong>igne.</strong></span> <span class='ocrx_word' id='word_1_296' title='bbox 2927 2650 3062 2705; x_wconf 90' lang='lat' dir='ltr'><strong>Cum</strong></span> <span class='ocrx_word' id='word_1_297' title='bbox 3131 2655 3470 2722; x_wconf 80' lang='lat' dir='ltr'><strong>postulasset</strong></span> 
     </span>
    </p>
   </div>
   <div class='ocr_carea' id='block_1_51' title="bbox 1891 2743 3469 2814">
    <p class='ocr_par' dir='ltr' id='par_1_51' title="bbox 1891 2743 3469 2814">
     <span class='ocr_line' id='line_1_51' title="bbox 1891 2743 3469 2814; baseline 0.005 -19"><span class='ocrx_word' id='word_1_298' title='bbox 1891 2759 2051 2814; x_wconf 84' lang='lat' dir='ltr'><strong>posse</strong></span> <span class='ocrx_word' id='word_1_299' title='bbox 2082 2743 2338 2799; x_wconf 72' lang='lat' dir='ltr'><strong>exhibere</strong></span> <span class='ocrx_word' id='word_1_300' title='bbox 2362 2744 2574 2814; x_wconf 90' lang='lat' dir='ltr'><strong>signum</strong></span> <span class='ocrx_word' id='word_1_301' title='bbox 2611 2759 2722 2797; x_wconf 75' lang='lat' dir='ltr'><strong>sua:</strong></span> <span class='ocrx_word' id='word_1_302' title='bbox 2759 2745 2811 2796; x_wconf 91' lang='lat' dir='ltr'><strong>in</strong></span> <span class='ocrx_word' id='word_1_303' title='bbox 2841 2743 3132 2814; x_wconf 66' lang='lat' dir='ltr'><strong>Egyptum</strong></span> <span class='ocrx_word' id='word_1_304' title='bbox 3168 2747 3469 2812; x_wconf 83' lang='lat' dir='ltr'><strong>missionis.</strong></span> 
     </span>
    </p>
   </div>
   <div class='ocr_carea' id='block_1_52' title="bbox 1892 2835 3464 2907">
    <p class='ocr_par' dir='ltr' id='par_1_52' title="bbox 1892 2835 3464 2907">
     <span class='ocr_line' id='line_1_52' title="bbox 1892 2835 3464 2907; baseline 0.003 -19"><span class='ocrx_word' id='word_1_305' title='bbox 1892 2835 2219 2905; x_wconf 60' lang='lat' dir='ltr'><strong>pastoralem</strong></span> <span class='ocrx_word' id='word_1_306' title='bbox 2253 2838 2456 2904; x_wconf 84' lang='lat' dir='ltr'><strong>virgam</strong></span> <span class='ocrx_word' id='word_1_307' title='bbox 2489 2836 2754 2904; x_wconf 76' lang='lat' dir='ltr'><strong>projicere</strong></span> <span class='ocrx_word' id='word_1_308' title='bbox 2778 2836 3020 2904; x_wconf 77' lang='lat' dir='ltr'><strong>julretur,</strong></span> <span class='ocrx_word' id='word_1_309' title='bbox 3057 2847 3222 2907; x_wconf 81' lang='lat' dir='ltr'><strong>atque</strong></span> <span class='ocrx_word' id='word_1_310' title='bbox 3268 2839 3464 2893; x_wconf 83' lang='lat' dir='ltr'><strong>iterum</strong></span> 
     </span>
    </p>
   </div>
   <div class='ocr_carea' id='block_1_53' title="bbox 1891 2928 3469 2998">
    <p class='ocr_par' dir='ltr' id='par_1_53' title="bbox 1891 2928 3469 2998">
     <span class='ocr_line' id='line_1_53' title="bbox 1891 2928 3469 2998; baseline 0.001 -16"><span class='ocrx_word' id='word_1_311' title='bbox 1891 2937 2196 2996; x_wconf 84' lang='lat' dir='ltr'><strong>serpentem</strong></span> <span class='ocrx_word' id='word_1_312' title='bbox 2241 2929 2411 2981; x_wconf 81' lang='lat' dir='ltr'><strong>cauda</strong></span> <span class='ocrx_word' id='word_1_313' title='bbox 2444 2928 2855 2998; x_wconf 79' lang='lat' dir='ltr'><strong>apprehendens</strong></span> <span class='ocrx_word' id='word_1_314' title='bbox 2888 2928 2939 2983; x_wconf 87' lang='lat' dir='ltr'><strong>in</strong></span> <span class='ocrx_word' id='word_1_315' title='bbox 2973 2929 3176 2998; x_wconf 76' lang='lat' dir='ltr'><strong>virgam</strong></span> <span class='ocrx_word' id='word_1_316' title='bbox 3235 2929 3469 2984; x_wconf 75' lang='lat' dir='ltr'><strong>reduxit.</strong></span> 
     </span>
    </p>
   </div>
   <div class='ocr_carea' id='block_1_54' title="bbox 1894 3019 3469 3090">
    <p class='ocr_par' dir='ltr' id='par_1_54' title="bbox 1894 3019 3469 3090">
     <span class='ocr_line' id='line_1_54' title="bbox 1894 3019 3469 3090; baseline 0.004 -18"><span class='ocrx_word' id='word_1_317' title='bbox 1894 3019 2115 3074; x_wconf 69' lang='lat' dir='ltr'><strong>Manium</strong></span> <span class='ocrx_word' id='word_1_318' title='bbox 2149 3021 2429 3076; x_wconf 83' lang='lat' dir='ltr'><strong>occultare</strong></span> <span class='ocrx_word' id='word_1_319' title='bbox 2469 3022 2521 3074; x_wconf 91' lang='lat' dir='ltr'><strong>in</strong></span> <span class='ocrx_word' id='word_1_320' title='bbox 2556 3021 2680 3077; x_wconf 87' lang='lat' dir='ltr'><strong>sinu</strong></span> <span class='ocrx_word' id='word_1_321' title='bbox 2711 3021 2920 3090; x_wconf 82' lang='lat' dir='ltr'><strong>jussus,</strong></span> <span class='ocrx_word' id='word_1_322' title='bbox 2954 3023 3131 3076; x_wconf 84' lang='lat' dir='ltr'><strong>albam</strong></span> <span class='ocrx_word' id='word_1_323' title='bbox 3162 3037 3261 3077; x_wconf 89' lang='lat' dir='ltr'><strong>ceu</strong></span> <span class='ocrx_word' id='word_1_324' title='bbox 3289 3024 3469 3079; x_wconf 87' lang='lat' dir='ltr'><strong>nivem</strong></span> 
     </span>
    </p>
   </div>
   <div class='ocr_carea' id='block_1_55' title="bbox 1891 3115 3467 3184">
    <p class='ocr_par' dir='ltr' id='par_1_55' title="bbox 1891 3115 3467 3184">
     <span class='ocr_line' id='line_1_55' title="bbox 1891 3115 3467 3184; baseline 0.002 -16"><span class='ocrx_word' id='word_1_325' title='bbox 1891 3123 1942 3168; x_wconf 86' lang='lat' dir='ltr'><strong>et</strong></span> <span class='ocrx_word' id='word_1_326' title='bbox 1968 3115 2308 3168; x_wconf 86' lang='lat' dir='ltr'><strong>immutatam</strong></span> <span class='ocrx_word' id='word_1_327' title='bbox 2344 3116 2553 3180; x_wconf 74' lang='lat' dir='ltr'><strong>eduxit,</strong></span> <span class='ocrx_word' id='word_1_328' title='bbox 2591 3117 2898 3184; x_wconf 82' lang='lat' dir='ltr'><strong>iterumque</strong></span> <span class='ocrx_word' id='word_1_329' title='bbox 2930 3131 3051 3169; x_wconf 88' lang='lat' dir='ltr'><strong>eam</strong></span> <span class='ocrx_word' id='word_1_330' title='bbox 3078 3116 3378 3180; x_wconf 82' lang='lat' dir='ltr'><strong>occultans,</strong></span> <span class='ocrx_word' id='word_1_331' title='bbox 3411 3117 3467 3171; x_wconf 90' lang='lat' dir='ltr'><strong>in</strong></span> 
     </span>
    </p>
   </div>
   <div class='ocr_carea' id='block_1_56' title="bbox 204 3197 1881 3294">
    <p class='ocr_par' dir='ltr' id='par_1_56' title="bbox 204 3197 1856 3294">
     <span class='ocr_line' id='line_1_56' title="bbox 204 3197 1856 3294; baseline 0.005 -48"><span class='ocrx_word' id='word_1_332' title='bbox 204 3197 495 3268; x_wconf 80' lang='grc' dir='ltr'>λαγμένην</span> <span class='ocrx_word' id='word_1_333' title='bbox 525 3198 785 3267; x_wconf 75' lang='grc' dir='ltr'>ἐξήγαγε,</span> <span class='ocrx_word' id='word_1_334' title='bbox 819 3201 911 3252; x_wconf 82' lang='grc' dir='ltr'><strong>καὶ</strong></span> <span class='ocrx_word' id='word_1_335' title='bbox 945 3201 1108 3254; x_wconf 81' lang='grc' dir='ltr'>πάλιν</span> <span class='ocrx_word' id='word_1_336' title='bbox 1137 3202 1462 3272; x_wconf 78' lang='grc' dir='ltr'>ἀποκρύψας</span> <span class='ocrx_word' id='word_1_337' title='bbox 1487 3203 1679 3272; x_wconf 79' lang='grc' dir='ltr'>αὐτὴν,</span> <span class='ocrx_word' id='word_1_338' title='bbox 1709 3204 1786 3264; x_wconf 89' lang='grc' dir='ltr'><strong>εἰς</strong></span> <span class='ocrx_word' id='word_1_339' title='bbox 1813 3233 1856 3294; x_wconf 79' lang='lat' dir='ltr'>C</span> 
     </span>
    </p>
   </div>
   <div class='ocr_carea' id='block_1_57' title="bbox 1791 3197 3468 3294">
    <p class='ocr_par' dir='ltr' id='par_1_57' title="bbox 1813 3208 3468 3294">
     <span class='ocr_line' id='line_1_57' title="bbox 1813 3208 3468 3294; baseline 0.005 -36"><span class='ocrx_word' id='word_1_340' title='bbox 1813 3233 1856 3294; x_wconf 68' lang='grc' dir='ltr'>Ο</span> <span class='ocrx_word' id='word_1_341' title='bbox 1895 3208 2198 3262; x_wconf 86' lang='lat' dir='ltr'><strong>naturalem</strong></span> <span class='ocrx_word' id='word_1_342' title='bbox 2234 3218 2434 3262; x_wconf 87' lang='lat' dir='ltr'><strong>statum</strong></span> <span class='ocrx_word' id='word_1_343' title='bbox 2473 3209 2776 3263; x_wconf 82' lang='lat' dir='ltr'><strong>restitutam</strong></span> <span class='ocrx_word' id='word_1_344' title='bbox 2809 3210 3065 3264; x_wconf 70' lang='lat' dir='ltr'><strong>extraxit.</strong></span> <span class='ocrx_word' id='word_1_345' title='bbox 3104 3208 3468 3266; x_wconf 75' lang='lat' dir='ltr'><strong>l’roﬁciscens</strong></span> 
     </span>
    </p>
   </div>
   <div class='ocr_carea' id='block_1_58' title="bbox 203 3289 1786 3365">
    <p class='ocr_par' dir='ltr' id='par_1_58' title="bbox 203 3289 1786 3365">
     <span class='ocr_line' id='line_1_58' title="bbox 203 3289 1786 3365; baseline 0.003 -24"><span class='ocrx_word' id='word_1_346' title='bbox 203 3290 268 3342; x_wconf 77' lang='grc' dir='ltr'>τὸ</span> <span class='ocrx_word' id='word_1_347' title='bbox 294 3289 439 3342; x_wconf 80' lang='grc' dir='ltr'>κατὰ</span> <span class='ocrx_word' id='word_1_348' title='bbox 477 3290 641 3359; x_wconf 74' lang='grc' dir='ltr'>φύσιν</span> <span class='ocrx_word' id='word_1_349' title='bbox 670 3293 1132 3346; x_wconf 79' lang='grc' dir='ltr'>ἀποκαταστᾶσαν</span> <span class='ocrx_word' id='word_1_350' title='bbox 1159 3295 1526 3365; x_wconf 78' lang='grc' dir='ltr'>ἐπανήγαγεν,</span> <span class='ocrx_word' id='word_1_351' title='bbox 1569 3295 1786 3347; x_wconf 76' lang='grc' dir='ltr'>Κατιὼν</span> 
     </span>
    </p>
   </div>
   <div class='ocr_carea' id='block_1_59' title="bbox 201 3382 1787 3456">
    <p class='ocr_par' dir='ltr' id='par_1_59' title="bbox 201 3382 1787 3456">
     <span class='ocr_line' id='line_1_59' title="bbox 201 3382 1787 3456; baseline 0.009 -30"><span class='ocrx_word' id='word_1_352' title='bbox 201 3383 303 3435; x_wconf 68' lang='grc' dir='ltr'><strong>ιτὶ</strong></span> <span class='ocrx_word' id='word_1_353' title='bbox 329 3382 428 3454; x_wconf 71' lang='grc' dir='ltr'>τὴν</span> <span class='ocrx_word' id='word_1_354' title='bbox 464 3382 815 3453; x_wconf 76' lang='grc' dir='ltr'>προτεθεῖσαν</span> <span class='ocrx_word' id='word_1_355' title='bbox 840 3385 989 3455; x_wconf 82' lang='grc' dir='ltr'>αὐτῷ</span> <span class='ocrx_word' id='word_1_356' title='bbox 1013 3385 1358 3456; x_wconf 86' lang='grc' dir='ltr'>λειτουργίαν</span> <span class='ocrx_word' id='word_1_357' title='bbox 1390 3388 1469 3449; x_wconf 89' lang='grc' dir='ltr'><strong>εἰς</strong></span> <span class='ocrx_word' id='word_1_358' title='bbox 1497 3387 1593 3456; x_wconf 80' lang='grc' dir='ltr'>τὴν</span> <span class='ocrx_word' id='word_1_359' title='bbox 1624 3388 1787 3454; x_wconf 81' lang='grc' dir='ltr'><strong>Αἴγυ-</strong></span> 
     </span>
    </p>
   </div>
   <div class='ocr_carea' id='block_1_60' title="bbox 210 3477 1786 3550">
    <p class='ocr_par' dir='ltr' id='par_1_60' title="bbox 210 3477 1786 3550">
     <span class='ocr_line' id='line_1_60' title="bbox 210 3477 1786 3550; baseline 0.001 -22"><span class='ocrx_word' id='word_1_360' title='bbox 210 3493 367 3540; x_wconf 79' lang='grc' dir='ltr'>πτον,</span> <span class='ocrx_word' id='word_1_361' title='bbox 403 3477 620 3546; x_wconf 83' lang='grc' dir='ltr'>ἀγγέλῳ</span> <span class='ocrx_word' id='word_1_362' title='bbox 671 3477 978 3548; x_wconf 84' lang='grc' dir='ltr'>περιτυχὼν</span> <span class='ocrx_word' id='word_1_363' title='bbox 1027 3479 1384 3548; x_wconf 81' lang='grc' dir='ltr'>ἀπεπνίγετο,</span> <span class='ocrx_word' id='word_1_364' title='bbox 1437 3479 1555 3533; x_wconf 77' lang='grc' dir='ltr'>ἀλλ’</span> <span class='ocrx_word' id='word_1_365' title='bbox 1587 3483 1618 3550; x_wconf 68' lang='grc' dir='ltr'>ἡ</span> <span class='ocrx_word' id='word_1_366' title='bbox 1650 3480 1786 3549; x_wconf 79' lang='grc' dir='ltr'>γυνὴ</span> 
     </span>
    </p>
   </div>
   <div class='ocr_carea' id='block_1_61' title="bbox 205 3568 1787 3642">
    <p class='ocr_par' dir='ltr' id='par_1_61' title="bbox 205 3568 1787 3642">
     <span class='ocr_line' id='line_1_61' title="bbox 205 3568 1787 3642; baseline -0.001 -20"><span class='ocrx_word' id='word_1_367' title='bbox 205 3568 436 3636; x_wconf 85' lang='grc' dir='ltr'>γνοῦσα,</span> <span class='ocrx_word' id='word_1_368' title='bbox 466 3570 556 3622; x_wconf 81' lang='grc' dir='ltr'>τὸν</span> <span class='ocrx_word' id='word_1_369' title='bbox 584 3571 815 3639; x_wconf 74' lang='grc' dir='ltr'>ἄγγελον</span> <span class='ocrx_word' id='word_1_370' title='bbox 841 3572 1311 3642; x_wconf 79' lang='grc' dir='ltr'>ἐξευμενισαμένη</span> <span class='ocrx_word' id='word_1_371' title='bbox 1334 3589 1350 3604; x_wconf 85' lang='grc'><strong>·</strong></span> <span class='ocrx_word' id='word_1_372' title='bbox 1398 3574 1669 3641; x_wconf 65' lang='grc' dir='ltr'>Νυμφίος</span> <span class='ocrx_word' id='word_1_373' title='bbox 1705 3573 1787 3626; x_wconf 86' lang='grc' dir='ltr'><strong>σύ</strong></span> 
     </span>
    </p>
   </div>
   <div class='ocr_carea' id='block_1_62' title="bbox 200 3661 1790 3735">
    <p class='ocr_par' dir='ltr' id='par_1_62' title="bbox 200 3661 1790 3735">
     <span class='ocr_line' id='line_1_62' title="bbox 200 3661 1790 3735; baseline 0.001 -21"><span class='ocrx_word' id='word_1_374' title='bbox 200 3679 307 3728; x_wconf 83' lang='grc' dir='ltr'><strong>μοι</strong></span> <span class='ocrx_word' id='word_1_375' title='bbox 371 3661 448 3713; x_wconf 81' lang='grc' dir='ltr'><strong>δι’</strong></span> <span class='ocrx_word' id='word_1_376' title='bbox 500 3662 785 3731; x_wconf 73' lang='grc' dir='ltr'>αἱμάτων,</span> <span class='ocrx_word' id='word_1_377' title='bbox 814 3663 964 3735; x_wconf 81' lang='grc' dir='ltr'>αὐτῷ</span> <span class='ocrx_word' id='word_1_378' title='bbox 1021 3664 1280 3734; x_wconf 77' lang='grc' dir='ltr'>φήσασα,</span> <span class='ocrx_word' id='word_1_379' title='bbox 1337 3666 1436 3733; x_wconf 83' lang='grc' dir='ltr'>τῆς</span> <span class='ocrx_word' id='word_1_380' title='bbox 1490 3663 1790 3727; x_wconf 80' lang='grc' dir='ltr'>ἐπιθέσεως</span> 
     </span>
    </p>
   </div>
   <div class='ocr_carea' id='block_1_63' title="bbox 204 3753 459 3824">
    <p class='ocr_par' dir='ltr' id='par_1_63' title="bbox 204 3753 459 3824">
     <span class='ocr_line' id='line_1_63' title="bbox 204 3753 459 3824; baseline 0.004 -17"><span class='ocrx_word' id='word_1_381' title='bbox 204 3753 459 3824; x_wconf 77' lang='grc' dir='ltr'>ἀπεῖρξε.</span> 
     </span>
    </p>
   </div>
   <div class='ocr_carea' id='block_1_64' title="bbox 281 3842 1787 3915">
    <p class='ocr_par' dir='ltr' id='par_1_64' title="bbox 281 3842 1787 3915">
     <span class='ocr_line' id='line_1_64' title="bbox 281 3842 1787 3915; baseline 0.001 -19"><span class='ocrx_word' id='word_1_382' title='bbox 281 3842 578 3897; x_wconf 83' lang='grc' dir='ltr'>Κατελθὼν</span> <span class='ocrx_word' id='word_1_383' title='bbox 608 3845 687 3907; x_wconf 90' lang='grc' dir='ltr'><strong>εἰς</strong></span> <span class='ocrx_word' id='word_1_384' title='bbox 727 3844 825 3915; x_wconf 79' lang='grc' dir='ltr'>τὴν</span> <span class='ocrx_word' id='word_1_385' title='bbox 854 3845 1152 3914; x_wconf 73' lang='grc' dir='ltr'>Αἴγυπτον,</span> <span class='ocrx_word' id='word_1_386' title='bbox 1191 3845 1255 3898; x_wconf 83' lang='grc' dir='ltr'>τὸ</span> <span class='ocrx_word' id='word_1_387' title='bbox 1296 3845 1671 3915; x_wconf 78' lang='grc' dir='ltr'>δαμαζόμενον</span> <span class='ocrx_word' id='word_1_388' title='bbox 1697 3847 1787 3899; x_wconf 89' lang='grc' dir='ltr'><strong>τοῦ</strong></span> 
     </span>
    </p>
   </div>
   <div class='ocr_carea' id='block_1_65' title="bbox 205 3937 1790 4020">
    <p class='ocr_par' dir='ltr' id='par_1_65' title="bbox 205 3937 1790 4020">
     <span class='ocr_line' id='line_1_65' title="bbox 205 3937 1790 4020; baseline 0.001 -31"><span class='ocrx_word' id='word_1_389' title='bbox 205 3937 338 3990; x_wconf 88' lang='grc' dir='ltr'>λαοῦ</span> <span class='ocrx_word' id='word_1_390' title='bbox 367 3937 572 4006; x_wconf 83' lang='grc' dir='ltr'>πλῆθος</span> <span class='ocrx_word' id='word_1_391' title='bbox 596 3937 700 3990; x_wconf 78' lang='grc' dir='ltr'>ὑπὸ</span> <span class='ocrx_word' id='word_1_392' title='bbox 717 3940 784 4009; x_wconf 81' lang='grc' dir='ltr'>τῇ</span> <span class='ocrx_word' id='word_1_393' title='bbox 811 3938 918 3990; x_wconf 85' lang='grc' dir='ltr'><strong>τῶν</strong></span> <span class='ocrx_word' id='word_1_394' title='bbox 947 3939 1259 4007; x_wconf 73' lang='grc' dir='ltr'>Αἰγυπτίων</span> <span class='ocrx_word' id='word_1_395' title='bbox 1278 3938 1619 4020; x_wconf 67' lang='grc' dir='ltr'>δουλαγωγία</span> <span class='ocrx_word' id='word_1_396' title='bbox 1648 3958 1790 4011; x_wconf 83' lang='grc' dir='ltr'>παρ-</span> 
     </span>
    </p>
   </div>
   <div class='ocr_carea' id='block_1_66' title="bbox 208 4031 1789 4102">
    <p class='ocr_par' dir='ltr' id='par_1_66' title="bbox 208 4031 1789 4102">
     <span class='ocr_line' id='line_1_66' title="bbox 208 4031 1789 4102; baseline 0 -18"><span class='ocrx_word' id='word_1_397' title='bbox 208 4032 562 4102; x_wconf 83' lang='grc' dir='ltr'>εμυθήσατο,</span> <span class='ocrx_word' id='word_1_398' title='bbox 618 4031 692 4094; x_wconf 84' lang='grc' dir='ltr'><strong>ὡς</strong></span> <span class='ocrx_word' id='word_1_399' title='bbox 743 4033 846 4085; x_wconf 77' lang='grc' dir='ltr'>ὑπὸ</span> <span class='ocrx_word' id='word_1_400' title='bbox 897 4031 1034 4086; x_wconf 83' lang='grc' dir='ltr'>Θεοῦ</span> <span class='ocrx_word' id='word_1_401' title='bbox 1096 4032 1182 4102; x_wconf 74' lang='grc' dir='ltr'><strong>εἴη</strong></span> <span class='ocrx_word' id='word_1_402' title='bbox 1231 4033 1638 4102; x_wconf 84' lang='grc' dir='ltr'>ἀπεσταλμένος</span> <span class='ocrx_word' id='word_1_403' title='bbox 1692 4034 1789 4102; x_wconf 77' lang='grc' dir='ltr'>τὴν</span> 
     </span>
    </p>
   </div>
   <div class='ocr_carea' id='block_1_67' title="bbox 207 4123 1790 4194">
    <p class='ocr_par' dir='ltr' id='par_1_67' title="bbox 207 4123 1790 4194">
     <span class='ocr_line' id='line_1_67' title="bbox 207 4123 1790 4194; baseline 0 -19"><span class='ocrx_word' id='word_1_404' title='bbox 207 4123 527 4194; x_wconf 75' lang='grc' dir='ltr'>ἐλευθερίαν</span> <span class='ocrx_word' id='word_1_405' title='bbox 559 4123 743 4187; x_wconf 84' lang='grc' dir='ltr'>αὐτοῖς</span> <span class='ocrx_word' id='word_1_406' title='bbox 771 4123 1120 4194; x_wconf 87' lang='grc' dir='ltr'>πορίσασθαι,</span> <span class='ocrx_word' id='word_1_407' title='bbox 1150 4124 1260 4178; x_wconf 71' lang='grc' dir='ltr'><strong>Καὶ</strong></span> <span class='ocrx_word' id='word_1_408' title='bbox 1290 4123 1368 4194; x_wconf 75' lang='grc' dir='ltr'>τῷ</span> <span class='ocrx_word' id='word_1_409' title='bbox 1395 4123 1605 4194; x_wconf 87' lang='grc' dir='ltr'>βασιλεῖ</span> <span class='ocrx_word' id='word_1_410' title='bbox 1629 4125 1790 4178; x_wconf 86' lang='grc' dir='ltr'>ἀπει-</span> 
     </span>
    </p>
   </div>
   <div class='ocr_carea' id='block_1_68' title="bbox 207 4214 1788 4286">
    <p class='ocr_par' dir='ltr' id='par_1_68' title="bbox 207 4214 1788 4286">
     <span class='ocr_line' id='line_1_68' title="bbox 207 4214 1788 4286; baseline 0 -18"><span class='ocrx_word' id='word_1_411' title='bbox 207 4215 396 4269; x_wconf 83' lang='grc' dir='ltr'>θοῦντι</span> <span class='ocrx_word' id='word_1_412' title='bbox 425 4217 726 4286; x_wconf 84' lang='grc' dir='ltr'>συγχωρεῖν</span> <span class='ocrx_word' id='word_1_413' title='bbox 741 4215 831 4268; x_wconf 82' lang='grc' dir='ltr'>τὸν</span> <span class='ocrx_word' id='word_1_414' title='bbox 855 4214 983 4269; x_wconf 82' lang='grc' dir='ltr'>λαὸν</span> <span class='ocrx_word' id='word_1_415' title='bbox 1007 4216 1101 4268; x_wconf 77' lang='grc' dir='ltr'>ἐπὶ</span> <span class='ocrx_word' id='word_1_416' title='bbox 1121 4215 1258 4270; x_wconf 91' lang='grc' dir='ltr'>Θεοῦ</span> <span class='ocrx_word' id='word_1_417' title='bbox 1283 4216 1540 4286; x_wconf 78' lang='grc' dir='ltr'>λατρείαν</span> <span class='ocrx_word' id='word_1_418' title='bbox 1565 4217 1788 4280; x_wconf 77' lang='grc' dir='ltr'>ἐξιέναι,</span> 
     </span>
    </p>
   </div>
   <div class='ocr_carea' id='block_1_69' title="bbox 211 4309 1789 4380">
    <p class='ocr_par' dir='ltr' id='par_1_69' title="bbox 211 4309 1789 4380">
     <span class='ocr_line' id='line_1_69' title="bbox 211 4309 1789 4380; baseline -0.001 -18"><span class='ocrx_word' id='word_1_419' title='bbox 211 4310 311 4370; x_wconf 75' lang='grc' dir='ltr'><strong>τὰς</strong></span> <span class='ocrx_word' id='word_1_420' title='bbox 342 4309 474 4362; x_wconf 86' lang='grc' dir='ltr'>δέκα</span> <span class='ocrx_word' id='word_1_421' title='bbox 507 4309 722 4378; x_wconf 72' lang='grc' dir='ltr'>πληγὰς</span> <span class='ocrx_word' id='word_1_422' title='bbox 769 4311 1038 4380; x_wconf 72' lang='grc' dir='ltr'>ἐπήγαγε,</span> <span class='ocrx_word' id='word_1_423' title='bbox 1073 4309 1166 4363; x_wconf 88' lang='grc' dir='ltr'><strong>τοῦ</strong></span> <span class='ocrx_word' id='word_1_424' title='bbox 1208 4309 1337 4363; x_wconf 90' lang='grc' dir='ltr'>λαοῦ</span> <span class='ocrx_word' id='word_1_425' title='bbox 1379 4311 1628 4372; x_wconf 72' lang='grc' dir='ltr'>συνόντος</span> <span class='ocrx_word' id='word_1_426' title='bbox 1678 4311 1789 4372; x_wconf 86' lang='grc' dir='ltr'>τοῖς</span> 
     </span>
    </p>
   </div>
   <div class='ocr_carea' id='block_1_70' title="bbox 211 4399 1789 4472">
    <p class='ocr_par' dir='ltr' id='par_1_70' title="bbox 211 4399 1789 4472">
     <span class='ocr_line' id='line_1_70' title="bbox 211 4399 1789 4472; baseline -0.001 -18"><span class='ocrx_word' id='word_1_427' title='bbox 211 4402 552 4466; x_wconf 81' lang='grc' dir='ltr'>Αἰγυπτίοις,</span> <span class='ocrx_word' id='word_1_428' title='bbox 585 4403 680 4453; x_wconf 77' lang='grc' dir='ltr'>καὶ</span> <span class='ocrx_word' id='word_1_429' title='bbox 715 4400 883 4470; x_wconf 78' lang='grc' dir='ltr'>μηδὲν</span> <span class='ocrx_word' id='word_1_430' title='bbox 914 4401 978 4454; x_wconf 85' lang='grc' dir='ltr'>ἐκ</span> <span class='ocrx_word' id='word_1_431' title='bbox 1005 4400 1116 4454; x_wconf 85' lang='grc' dir='ltr'><strong>τῶν</strong></span> <span class='ocrx_word' id='word_1_432' title='bbox 1151 4399 1377 4472; x_wconf 83' lang='grc' dir='ltr'>πληγῶν</span> <span class='ocrx_word' id='word_1_433' title='bbox 1414 4401 1500 4454; x_wconf 68' lang='grc' dir='ltr'><strong>διὰ</strong></span> <span class='ocrx_word' id='word_1_434' title='bbox 1541 4400 1638 4471; x_wconf 80' lang='grc' dir='ltr'>τὴν</span> <span class='ocrx_word' id='word_1_435' title='bbox 1667 4418 1789 4453; x_wconf 87' lang='grc' dir='ltr'>ουν-</span> 
     </span>
    </p>
   </div>
   <div class='ocr_carea' id='block_1_71' title="bbox 209 4491 820 4561">
    <p class='ocr_par' dir='ltr' id='par_1_71' title="bbox 209 4491 820 4561">
     <span class='ocr_line' id='line_1_71' title="bbox 209 4491 820 4561; baseline 0 -16"><span class='ocrx_word' id='word_1_436' title='bbox 209 4493 401 4545; x_wconf 78' lang='grc' dir='ltr'>ουσίαν</span> <span class='ocrx_word' id='word_1_437' title='bbox 433 4491 820 4561; x_wconf 79' lang='grc' dir='ltr'>ὑφισταμένου.</span> 
     </span>
    </p>
   </div>
   <div class='ocr_carea' id='block_1_72' title="bbox 283 4676 1788 4750">
    <p class='ocr_par' dir='ltr' id='par_1_72' title="bbox 283 4676 1788 4750">
     <span class='ocr_line' id='line_1_72' title="bbox 283 4676 1788 4750; baseline 0.001 -19"><span class='ocrx_word' id='word_1_438' title='bbox 283 4676 484 4748; x_wconf 68' lang='grc' dir='ltr'>Πρώτη</span> <span class='ocrx_word' id='word_1_439' title='bbox 520 4677 620 4747; x_wconf 85' lang='grc' dir='ltr'>μὲν</span> <span class='ocrx_word' id='word_1_440' title='bbox 660 4678 768 4748; x_wconf 77' lang='grc' dir='ltr'><strong>γὰρ</strong></span> <span class='ocrx_word' id='word_1_441' title='bbox 817 4677 1000 4750; x_wconf 81' lang='grc' dir='ltr'><strong>πληγῇ</strong></span> <span class='ocrx_word' id='word_1_442' title='bbox 1050 4680 1118 4731; x_wconf 74' lang='grc' dir='ltr'>τὰ</span> <span class='ocrx_word' id='word_1_443' title='bbox 1153 4678 1434 4747; x_wconf 83' lang='grc' dir='ltr'>Αἰγύπτου</span> <span class='ocrx_word' id='word_1_444' title='bbox 1489 4679 1654 4734; x_wconf 80' lang='grc' dir='ltr'>ὕδατα</span> <span class='ocrx_word' id='word_1_445' title='bbox 1709 4681 1788 4745; x_wconf 83' lang='grc' dir='ltr'><strong>εἰς</strong></span> 
     </span>
    </p>
   </div>
   <div class='ocr_carea' id='block_1_73' title="bbox 211 4769 1788 4845">
    <p class='ocr_par' dir='ltr' id='par_1_73' title="bbox 211 4769 1788 4845">
     <span class='ocr_line' id='line_1_73' title="bbox 211 4769 1788 4845; baseline 0.003 -22"><span class='ocrx_word' id='word_1_446' title='bbox 211 4770 423 4838; x_wconf 85' lang='grc' dir='ltr'>αῖματα</span> <span class='ocrx_word' id='word_1_447' title='bbox 467 4769 753 4840; x_wconf 72' lang='grc' dir='ltr'>μετέϐαλε,</span> <span class='ocrx_word' id='word_1_448' title='bbox 791 4771 880 4824; x_wconf 77' lang='grc' dir='ltr'><strong>καὶ</strong></span> <span class='ocrx_word' id='word_1_449' title='bbox 909 4771 1071 4825; x_wconf 68' lang='grc' dir='ltr'>πάλιν</span> <span class='ocrx_word' id='word_1_450' title='bbox 1103 4771 1474 4845; x_wconf 77' lang='grc' dir='ltr'>παρακληθεὶς</span> <span class='ocrx_word' id='word_1_451' title='bbox 1521 4773 1788 4827; x_wconf 78' lang='grc' dir='ltr'>ἀντεκαθ-</span> 
     </span>
    </p>
   </div>
   <div class='ocr_carea' id='block_1_74' title="bbox 215 4861 1788 4936">
    <p class='ocr_par' dir='ltr' id='par_1_74' title="bbox 215 4861 1788 4936">
     <span class='ocr_line' id='line_1_74' title="bbox 215 4861 1788 4936; baseline 0.001 -20"><span class='ocrx_word' id='word_1_452' title='bbox 215 4865 337 4935; x_wconf 83' lang='grc' dir='ltr'>ίστη</span> <span class='ocrx_word' id='word_1_453' title='bbox 363 4880 377 4894; x_wconf 70' lang='grc'><strong>⁸</strong></span> <span class='ocrx_word' id='word_1_454' title='bbox 413 4861 459 4933; x_wconf 86' lang='grc' dir='ltr'><strong>β’</strong></span> <span class='ocrx_word' id='word_1_455' title='bbox 489 4863 693 4934; x_wconf 74' lang='grc' dir='ltr'>πληγῇ.</span> <span class='ocrx_word' id='word_1_456' title='bbox 734 4862 1023 4935; x_wconf 84' lang='grc' dir='ltr'>βατράχων</span> <span class='ocrx_word' id='word_1_457' title='bbox 1072 4865 1265 4936; x_wconf 78' lang='grc' dir='ltr'>πλήθει</span> <span class='ocrx_word' id='word_1_458' title='bbox 1310 4866 1407 4936; x_wconf 80' lang='grc' dir='ltr'>τὴν</span> <span class='ocrx_word' id='word_1_459' title='bbox 1456 4866 1670 4921; x_wconf 75' lang='grc' dir='ltr'>ἃπασαν</span> <span class='ocrx_word' id='word_1_460' title='bbox 1699 4867 1788 4919; x_wconf 80' lang='grc' dir='ltr'><strong>Δί’-</strong></span> 
     </span>
    </p>
   </div>
   <div class='ocr_carea' id='block_1_75' title="bbox 214 4955 1787 5028">
    <p class='ocr_par' dir='ltr' id='par_1_75' title="bbox 214 4955 1787 5028">
     <span class='ocr_line' id='line_1_75' title="bbox 214 4955 1787 5028; baseline 0.001 -18"><span class='ocrx_word' id='word_1_461' title='bbox 214 4974 423 5025; x_wconf 89' lang='grc' dir='ltr'>γυπτον</span> <span class='ocrx_word' id='word_1_462' title='bbox 455 4955 716 5028; x_wconf 75' lang='grc' dir='ltr'>ἐπλήρου.</span> <span class='ocrx_word' id='word_1_463' title='bbox 763 4957 913 5010; x_wconf 82' lang='grc' dir='ltr'>Ἐπεὶ</span> <span class='ocrx_word' id='word_1_464' title='bbox 947 4957 1114 5010; x_wconf 80' lang='grc' dir='ltr'>δὲκαὶ</span> <span class='ocrx_word' id='word_1_465' title='bbox 1134 4957 1344 5022; x_wconf 78' lang='grc' dir='ltr'>τούτοις</span> <span class='ocrx_word' id='word_1_466' title='bbox 1375 4961 1624 5022; x_wconf 87' lang='grc' dir='ltr'>ἀπεῖπον,</span> <span class='ocrx_word' id='word_1_467' title='bbox 1660 4977 1787 5012; x_wconf 85' lang='grc' dir='ltr'>συν-</span> 
     </span>
    </p>
   </div>
   <div class='ocr_carea' id='block_1_76' title="bbox 213 5046 1787 5121">
    <p class='ocr_par' dir='ltr' id='par_1_76' title="bbox 213 5046 1787 5121">
     <span class='ocr_line' id='line_1_76' title="bbox 213 5046 1787 5121; baseline 0.002 -20"><span class='ocrx_word' id='word_1_468' title='bbox 213 5046 440 5117; x_wconf 83' lang='grc' dir='ltr'>αγαγὼν</span> <span class='ocrx_word' id='word_1_469' title='bbox 489 5047 698 5100; x_wconf 84' lang='grc' dir='ltr'>σκιπῶν</span> <span class='ocrx_word' id='word_1_470' title='bbox 726 5047 836 5121; x_wconf 87' lang='lat'><strong>(69)</strong></span> <span class='ocrx_word' id='word_1_471' title='bbox 889 5049 1120 5103; x_wconf 76' lang='grc' dir='ltr'>ἄπλετον</span> <span class='ocrx_word' id='word_1_472' title='bbox 1164 5050 1342 5118; x_wconf 81' lang='grc' dir='ltr'>γένος,</span> <span class='ocrx_word' id='word_1_473' title='bbox 1386 5051 1478 5104; x_wconf 69' lang='grc' dir='ltr'><strong>τὸν</strong></span> <span class='ocrx_word' id='word_1_474' title='bbox 1520 5052 1659 5121; x_wconf 81' lang='grc' dir='ltr'>ἀέρα</span> <span class='ocrx_word' id='word_1_475' title='bbox 1691 5051 1787 5120; x_wconf 82' lang='grc' dir='ltr'>τῆς</span> 
     </span>
    </p>
   </div>
   <div class='ocr_carea' id='block_1_77' title="bbox 213 5141 1796 5214">
    <p class='ocr_par' dir='ltr' id='par_1_77' title="bbox 213 5141 1796 5214">
     <span class='ocr_line' id='line_1_77' title="bbox 213 5141 1796 5214; baseline 0 -20"><span class='ocrx_word' id='word_1_476' title='bbox 213 5141 492 5211; x_wconf 74' lang='grc' dir='ltr'>Αἰγύπτου</span> <span class='ocrx_word' id='word_1_477' title='bbox 536 5141 940 5210; x_wconf 84' lang='grc' dir='ltr'>συνεμέστωσε.</span> <span class='ocrx_word' id='word_1_478' title='bbox 979 5142 1295 5214; x_wconf 82' lang='grc' dir='ltr'>Κυνόμυιάν</span> <span class='ocrx_word' id='word_1_479' title='bbox 1338 5159 1395 5195; x_wconf 89' lang='grc' dir='ltr'><strong>τε</strong></span> <span class='ocrx_word' id='word_1_480' title='bbox 1447 5144 1540 5196; x_wconf 81' lang='grc' dir='ltr'>ἐπὶ</span> <span class='ocrx_word' id='word_1_481' title='bbox 1587 5144 1796 5207; x_wconf 75' lang='grc' dir='ltr'>τούτοις</span> 
     </span>
    </p>
   </div>
   <div class='ocr_carea' id='block_1_78' title="bbox 215 5233 1792 5306">
    <p class='ocr_par' dir='ltr' id='par_1_78' title="bbox 215 5233 1792 5306">
     <span class='ocr_line' id='line_1_78' title="bbox 215 5233 1792 5306; baseline -0.002 -19"><span class='ocrx_word' id='word_1_482' title='bbox 215 5237 315 5302; x_wconf 72' lang='grc' dir='ltr'>τὴν</span> <span class='ocrx_word' id='word_1_483' title='bbox 347 5233 849 5302; x_wconf 68' lang='grc' dir='ltr'>ἀναισχυντοτάτην</span> <span class='ocrx_word' id='word_1_484' title='bbox 890 5234 1125 5304; x_wconf 78' lang='grc' dir='ltr'>ἐπέφερε</span> <span class='ocrx_word' id='word_1_485' title='bbox 1173 5235 1287 5297; x_wconf 91' lang='grc' dir='ltr'>τοῖς</span> <span class='ocrx_word' id='word_1_486' title='bbox 1329 5236 1672 5303; x_wconf 84' lang='grc' dir='ltr'>Αἰγυπτίοις,</span> <span class='ocrx_word' id='word_1_487' title='bbox 1705 5236 1792 5306; x_wconf 75' lang='grc' dir='ltr'>ὴν,</span> 
     </span>
    </p>
   </div>
   <div class='ocr_carea' id='block_1_79' title="bbox 213 5324 1794 5398">
    <p class='ocr_par' dir='ltr' id='par_1_79' title="bbox 213 5324 1794 5398">
     <span class='ocr_line' id='line_1_79' title="bbox 213 5324 1794 5398; baseline 0.001 -20"><span class='ocrx_word' id='word_1_488' title='bbox 213 5330 316 5378; x_wconf 73' lang='grc' dir='ltr'><strong>οὐκ</strong></span> <span class='ocrx_word' id='word_1_489' title='bbox 347 5325 662 5378; x_wconf 68' lang='grc' dir='ltr'>ἐνδιδόντων</span> <span class='ocrx_word' id='word_1_490' title='bbox 703 5325 796 5378; x_wconf 82' lang='grc' dir='ltr'>τὸν</span> <span class='ocrx_word' id='word_1_491' title='bbox 835 5324 960 5379; x_wconf 82' lang='grc' dir='ltr'>λαὸν</span> <span class='ocrx_word' id='word_1_492' title='bbox 1004 5327 1083 5389; x_wconf 78' lang='grc' dir='ltr'><strong>εἰς</strong></span> <span class='ocrx_word' id='word_1_493' title='bbox 1112 5326 1210 5397; x_wconf 77' lang='grc' dir='ltr'>τὴν</span> <span class='ocrx_word' id='word_1_494' title='bbox 1241 5325 1336 5380; x_wconf 89' lang='grc' dir='ltr'><strong>τοῦ</strong></span> <span class='ocrx_word' id='word_1_495' title='bbox 1366 5326 1502 5380; x_wconf 87' lang='grc' dir='ltr'>Θεοῦ</span> <span class='ocrx_word' id='word_1_496' title='bbox 1539 5327 1794 5398; x_wconf 85' lang='grc' dir='ltr'>λατρείαν</span> 
     </span>
    </p>
   </div>
   <div class='ocr_carea' id='block_1_80' title="bbox 216 5415 1793 5490">
    <p class='ocr_par' dir='ltr' id='par_1_80' title="bbox 216 5415 1793 5490">
     <span class='ocr_line' id='line_1_80' title="bbox 216 5415 1793 5490; baseline 0.004 -23"><span class='ocrx_word' id='word_1_497' title='bbox 216 5415 533 5486; x_wconf 83' lang='grc' dir='ltr'>προελθεῖν,</span> <span class='ocrx_word' id='word_1_498' title='bbox 585 5417 902 5488; x_wconf 83' lang='grc' dir='ltr'>εἰργάσατο.</span> <span class='ocrx_word' id='word_1_499' title='bbox 964 5418 1091 5474; x_wconf 77' lang='grc' dir='ltr'><strong>Ἐπὶ</strong></span> <span class='ocrx_word' id='word_1_500' title='bbox 1140 5417 1196 5472; x_wconf 80' lang='grc' dir='ltr'>δὲ</span> <span class='ocrx_word' id='word_1_501' title='bbox 1246 5417 1497 5483; x_wconf 86' lang='grc' dir='ltr'>τούτοις,</span> <span class='ocrx_word' id='word_1_502' title='bbox 1549 5419 1793 5490; x_wconf 76' lang='grc' dir='ltr'>χάλαζαν</span> 
     </span>
    </p>
   </div>
   <div class='ocr_carea' id='block_1_81' title="bbox 214 5509 1793 5583">
    <p class='ocr_par' dir='ltr' id='par_1_81' title="bbox 214 5509 1793 5583">
     <span class='ocr_line' id='line_1_81' title="bbox 214 5509 1793 5583; baseline 0 -17"><span class='ocrx_word' id='word_1_503' title='bbox 214 5510 500 5579; x_wconf 76' lang='grc' dir='ltr'>ἐπήγαγεν</span> <span class='ocrx_word' id='word_1_504' title='bbox 527 5510 856 5581; x_wconf 85' lang='grc' dir='ltr'>ἀναιροῦσαν</span> <span class='ocrx_word' id='word_1_505' title='bbox 892 5510 1033 5583; x_wconf 72' lang='grc' dir='ltr'>ἅπερ</span> <span class='ocrx_word' id='word_1_506' title='bbox 1063 5509 1307 5582; x_wconf 74' lang='grc' dir='ltr'>ὕπαιθρα</span> <span class='ocrx_word' id='word_1_507' title='bbox 1333 5511 1793 5582; x_wconf 74' lang='grc' dir='ltr'>κατελαμϐάνετο.</span> 
     </span>
    </p>
   </div>
   <div class='ocr_carea' id='block_1_82' title="bbox 294 5665 760 5734">
    <p class='ocr_par' dir='ltr' id='par_1_82' title="bbox 294 5665 760 5734">
     <span class='ocr_line' id='line_1_82' title="bbox 294 5665 760 5734; baseline 0.004 -12"><span class='ocrx_word' id='word_1_508' title='bbox 294 5667 341 5701; x_wconf 78' lang='grc'><strong>¹⁹</strong></span> <span class='ocrx_word' id='word_1_509' title='bbox 367 5665 540 5723; x_wconf 79' lang='lat' dir='ltr'><strong>Exod.</strong></span> <span class='ocrx_word' id='word_1_510' title='bbox 565 5683 637 5734; x_wconf 82' lang='lat' dir='ltr'><strong>tv,</strong></span> <span class='ocrx_word' id='word_1_511' title='bbox 668 5668 760 5724; x_wconf 70' lang='lat'><strong>26.</strong></span> 
     </span>
    </p>
   </div>
   <div class='ocr_carea' id='block_1_83' title="bbox 292 5825 1199 5900">
    <p class='ocr_par' dir='ltr' id='par_1_83' title="bbox 292 5825 1199 5900">
     <span class='ocr_line' id='line_1_83' title="bbox 292 5825 1199 5900; baseline 0.003 -20"><span class='ocrx_word' id='word_1_512' title='bbox 292 5826 406 5898; x_wconf 77' lang='lat'><strong>(68)</strong></span> <span class='ocrx_word' id='word_1_513' title='bbox 439 5825 578 5882; x_wconf 81' lang='lat' dir='ltr'><strong>Puto</strong></span> <span class='ocrx_word' id='word_1_514' title='bbox 614 5827 898 5899; x_wconf 84' lang='lat' dir='ltr'><strong>legendum</strong></span> <span class='ocrx_word' id='word_1_515' title='bbox 919 5829 981 5882; x_wconf 76' lang='grc' dir='ltr'>τὸ</span> <span class='ocrx_word' id='word_1_516' title='bbox 1007 5830 1199 5900; x_wconf 79' lang='grc' dir='ltr'>πέραν.</span> 
     </span>
    </p>
   </div>
   <div class='ocr_carea' id='block_1_84' title="bbox 1891 3296 3471 3370">
    <p class='ocr_par' dir='ltr' id='par_1_84' title="bbox 1891 3296 3471 3370">
     <span class='ocr_line' id='line_1_84' title="bbox 1891 3296 3471 3370; baseline 0.001 -17"><span class='ocrx_word' id='word_1_517' title='bbox 1891 3300 1945 3353; x_wconf 88' lang='lat' dir='ltr'><strong>in</strong></span> <span class='ocrx_word' id='word_1_518' title='bbox 1976 3296 2268 3370; x_wconf 70' lang='lat' dir='ltr'><strong>Egyptum</strong></span> <span class='ocrx_word' id='word_1_519' title='bbox 2296 3301 2361 3352; x_wconf 85' lang='lat' dir='ltr'><strong>ad</strong></span> <span class='ocrx_word' id='word_1_520' title='bbox 2389 3315 2588 3354; x_wconf 58' lang='lat' dir='ltr'><strong>n‘tunns</strong></span> <span class='ocrx_word' id='word_1_521' title='bbox 2623 3300 2897 3368; x_wconf 85' lang='lat' dir='ltr'><strong>pul.licnm</strong></span> <span class='ocrx_word' id='word_1_522' title='bbox 2929 3301 3030 3355; x_wconf 83' lang='lat' dir='ltr'><strong>sibi</strong></span> <span class='ocrx_word' id='word_1_523' title='bbox 3071 3301 3330 3355; x_wconf 85' lang='lat' dir='ltr'><strong>divinitus</strong></span> <span class='ocrx_word' id='word_1_524' title='bbox 3363 3298 3471 3354; x_wconf 84' lang='lat' dir='ltr'><strong>im-</strong></span> 
     </span>
    </p>
   </div>
   <div class='ocr_carea' id='block_1_85' title="bbox 1893 3391 3471 3461">
    <p class='ocr_par' dir='ltr' id='par_1_85' title="bbox 1893 3391 3471 3461">
     <span class='ocr_line' id='line_1_85' title="bbox 1893 3391 3471 3461; baseline 0.003 -18"><span class='ocrx_word' id='word_1_525' title='bbox 1893 3391 2375 3461; x_wconf 83' lang='lat' dir='ltr'><strong>positum.angelo</strong></span> <span class='ocrx_word' id='word_1_526' title='bbox 2426 3392 2655 3445; x_wconf 80' lang='lat' dir='ltr'><strong>obvinns</strong></span> <span class='ocrx_word' id='word_1_527' title='bbox 2709 3392 3078 3447; x_wconf 75' lang='lat' dir='ltr'><strong>suilocabatur</strong></span> <span class='ocrx_word' id='word_1_528' title='bbox 3137 3394 3275 3447; x_wconf 87' lang='lat' dir='ltr'><strong>:sed</strong></span> <span class='ocrx_word' id='word_1_529' title='bbox 3330 3409 3471 3448; x_wconf 74' lang='lat' dir='ltr'><strong>uxor</strong></span> 
     </span>
    </p>
   </div>
   <div class='ocr_carea' id='block_1_86' title="bbox 1895 3482 3470 3556">
    <p class='ocr_par' dir='ltr' id='par_1_86' title="bbox 1895 3482 3470 3556">
     <span class='ocr_line' id='line_1_86' title="bbox 1895 3482 3470 3556; baseline 0.003 -20"><span class='ocrx_word' id='word_1_530' title='bbox 1895 3482 1997 3536; x_wconf 85' lang='lat' dir='ltr'><strong>ltoc</strong></span> <span class='ocrx_word' id='word_1_531' title='bbox 2035 3499 2356 3553; x_wconf 83' lang='lat' dir='ltr'><strong>agnoscens,</strong></span> <span class='ocrx_word' id='word_1_532' title='bbox 2384 3485 2595 3554; x_wconf 70' lang='lat' dir='ltr'><strong>placato</strong></span> <span class='ocrx_word' id='word_1_533' title='bbox 2621 3487 2833 3556; x_wconf 90' lang='lat' dir='ltr'><strong>angelo,</strong></span> <span class='ocrx_word' id='word_1_534' title='bbox 2866 3486 2993 3539; x_wconf 90' lang='lat' dir='ltr'><strong>dum</strong></span> <span class='ocrx_word' id='word_1_535' title='bbox 3027 3486 3095 3539; x_wconf 89' lang='lat' dir='ltr'><strong>ait</strong></span> <span class='ocrx_word' id='word_1_536' title='bbox 3121 3487 3206 3541; x_wconf 88' lang='lat' dir='ltr'><strong>ci:</strong></span> <span class='ocrx_word' id='word_1_537' title='bbox 3237 3484 3470 3555; x_wconf 71' lang='lat' dir='ltr'><strong>Sponsus</strong></span> 
     </span>
    </p>
   </div>
   <div class='ocr_carea' id='block_1_87' title="bbox 1895 3577 3350 3648">
    <p class='ocr_par' dir='ltr' id='par_1_87' title="bbox 1895 3577 3350 3648">
     <span class='ocr_line' id='line_1_87' title="bbox 1895 3577 3350 3648; baseline 0.003 -19"><span class='ocrx_word' id='word_1_538' title='bbox 1895 3586 1950 3629; x_wconf 83' lang='lat' dir='ltr'><strong>tu</strong></span> <span class='ocrx_word' id='word_1_539' title='bbox 1972 3577 2100 3628; x_wconf 80' lang='lat' dir='ltr'><strong>mihi</strong></span> <span class='ocrx_word' id='word_1_540' title='bbox 2125 3593 2216 3646; x_wconf 80' lang='lat' dir='ltr'><strong>per</strong></span> <span class='ocrx_word' id='word_1_541' title='bbox 2245 3578 2599 3646; x_wconf 72' lang='lat' dir='ltr'><strong>sanguines&quot;,</strong></span> <span class='ocrx_word' id='word_1_542' title='bbox 2624 3579 2693 3632; x_wconf 85' lang='lat' dir='ltr'><strong>ab</strong></span> <span class='ocrx_word' id='word_1_543' title='bbox 2709 3579 3062 3648; x_wconf 83' lang='lat' dir='ltr'><strong>aggressione</strong></span> <span class='ocrx_word' id='word_1_544' title='bbox 3087 3581 3350 3634; x_wconf 87' lang='lat' dir='ltr'><strong>coercuit.</strong></span> 
     </span>
    </p>
   </div>
   <div class='ocr_carea' id='block_1_88' title="bbox 1964 3842 3468 3914">
    <p class='ocr_par' dir='ltr' id='par_1_88' title="bbox 1964 3842 3468 3914">
     <span class='ocr_line' id='line_1_88' title="bbox 1964 3842 3468 3914; baseline 0 -16"><span class='ocrx_word' id='word_1_545' title='bbox 1964 3845 2099 3898; x_wconf 82' lang='lat' dir='ltr'><strong>Cum</strong></span> <span class='ocrx_word' id='word_1_546' title='bbox 2125 3845 2236 3913; x_wconf 84' lang='lat' dir='ltr'><strong>jam</strong></span> <span class='ocrx_word' id='word_1_547' title='bbox 2264 3844 2318 3898; x_wconf 90' lang='lat' dir='ltr'><strong>in</strong></span> <span class='ocrx_word' id='word_1_548' title='bbox 2353 3842 2643 3914; x_wconf 67' lang='lat' dir='ltr'><strong>Egyptuut</strong></span> <span class='ocrx_word' id='word_1_549' title='bbox 2690 3843 3085 3904; x_wconf 85' lang='lat' dir='ltr'><strong>descendisset,</strong></span> <span class='ocrx_word' id='word_1_550' title='bbox 3144 3857 3468 3912; x_wconf 84' lang='lat' dir='ltr'><strong>oppressum</strong></span> 
     </span>
    </p>
   </div>
   <div class='ocr_carea' id='block_1_89' title="bbox 1893 3932 3471 4004">
    <p class='ocr_par' dir='ltr' id='par_1_89' title="bbox 1893 3932 3471 4004">
     <span class='ocr_line' id='line_1_89' title="bbox 1893 3932 3471 4004; baseline -0.002 -15"><span class='ocrx_word' id='word_1_551' title='bbox 1893 3935 2289 4004; x_wconf 85' lang='lat' dir='ltr'><strong>subactumque</strong></span> <span class='ocrx_word' id='word_1_552' title='bbox 2325 3935 2582 4004; x_wconf 87' lang='lat' dir='ltr'><strong>populum</strong></span> <span class='ocrx_word' id='word_1_553' title='bbox 2647 3933 3045 4003; x_wconf 87' lang='lat' dir='ltr'><strong>amplissimum</strong></span> <span class='ocrx_word' id='word_1_554' title='bbox 3070 3934 3140 3986; x_wconf 90' lang='lat' dir='ltr'><strong>ab</strong></span> <span class='ocrx_word' id='word_1_555' title='bbox 3185 3932 3471 4003; x_wconf 57' lang='lat' dir='ltr'><strong>[Egyptia-</strong></span> 
     </span>
    </p>
   </div>
   <div class='ocr_carea' id='block_1_90' title="bbox 1894 4025 3472 4095">
    <p class='ocr_par' dir='ltr' id='par_1_90' title="bbox 1894 4025 3472 4095">
     <span class='ocr_line' id='line_1_90' title="bbox 1894 4025 3472 4095; baseline 0.001 -15"><span class='ocrx_word' id='word_1_556' title='bbox 1894 4043 2012 4080; x_wconf 88' lang='lat' dir='ltr'><strong>rutn</strong></span> <span class='ocrx_word' id='word_1_557' title='bbox 2043 4029 2305 4080; x_wconf 83' lang='lat' dir='ltr'><strong>servitute</strong></span> <span class='ocrx_word' id='word_1_558' title='bbox 2344 4028 2750 4093; x_wconf 85' lang='lat' dir='ltr'><strong>consolabatur,</strong></span> <span class='ocrx_word' id='word_1_559' title='bbox 2792 4025 3087 4090; x_wconf 83' lang='lat' dir='ltr'><strong>allirmans,</strong></span> <span class='ocrx_word' id='word_1_560' title='bbox 3116 4027 3257 4095; x_wconf 88' lang='lat' dir='ltr'><strong>quod</strong></span> <span class='ocrx_word' id='word_1_561' title='bbox 3283 4042 3314 4080; x_wconf 88' lang='lat' dir='ltr'><strong>a</strong></span> <span class='ocrx_word' id='word_1_562' title='bbox 3362 4025 3472 4082; x_wconf 85' lang='lat' dir='ltr'><strong>Deo</strong></span> 
     </span>
    </p>
   </div>
   <div class='ocr_carea' id='block_1_91' title="bbox 1895 4116 3468 4189">
    <p class='ocr_par' dir='ltr' id='par_1_91' title="bbox 1895 4116 3468 4189">
     <span class='ocr_line' id='line_1_91' title="bbox 1895 4116 3468 4189; baseline 0.003 -19"><span class='ocrx_word' id='word_1_563' title='bbox 1895 4119 2096 4172; x_wconf 87' lang='lat' dir='ltr'><strong>missus</strong></span> <span class='ocrx_word' id='word_1_564' title='bbox 2156 4119 2348 4172; x_wconf 77' lang='lat' dir='ltr'><strong>fuisset</strong></span> <span class='ocrx_word' id='word_1_565' title='bbox 2375 4120 2440 4173; x_wconf 88' lang='lat' dir='ltr'><strong>ad</strong></span> <span class='ocrx_word' id='word_1_566' title='bbox 2490 4116 2889 4189; x_wconf 79' lang='lat' dir='ltr'><strong>procurandani</strong></span> <span class='ocrx_word' id='word_1_567' title='bbox 2953 4118 3084 4187; x_wconf 87' lang='lat' dir='ltr'><strong>ipsis</strong></span> <span class='ocrx_word' id='word_1_568' title='bbox 3147 4119 3468 4174; x_wconf 82' lang='lat' dir='ltr'><strong>libertatein.</strong></span> 
     </span>
    </p>
   </div>
   <div class='ocr_carea' id='block_1_92' title="bbox 1897 4211 3468 4281">
    <p class='ocr_par' dir='ltr' id='par_1_92' title="bbox 1897 4211 3468 4281">
     <span class='ocr_line' id='line_1_92' title="bbox 1897 4211 3468 4281; baseline 0 -16"><span class='ocrx_word' id='word_1_569' title='bbox 1897 4211 2023 4280; x_wconf 69' lang='lat' dir='ltr'><strong>llegi</strong></span> <span class='ocrx_word' id='word_1_570' title='bbox 2061 4220 2257 4273; x_wconf 88' lang='lat' dir='ltr'><strong>autem,</strong></span> <span class='ocrx_word' id='word_1_571' title='bbox 2284 4211 2376 4280; x_wconf 89' lang='lat' dir='ltr'><strong>qui</strong></span> <span class='ocrx_word' id='word_1_572' title='bbox 2408 4228 2514 4265; x_wconf 93' lang='lat' dir='ltr'><strong>non</strong></span> <span class='ocrx_word' id='word_1_573' title='bbox 2551 4212 2788 4266; x_wconf 87' lang='lat' dir='ltr'><strong>obedivit</strong></span> <span class='ocrx_word' id='word_1_574' title='bbox 2815 4211 3115 4266; x_wconf 84' lang='lat' dir='ltr'><strong>concedere</strong></span> <span class='ocrx_word' id='word_1_575' title='bbox 3161 4213 3381 4281; x_wconf 81' lang='lat' dir='ltr'><strong>populo,</strong></span> <span class='ocrx_word' id='word_1_576' title='bbox 3411 4222 3468 4265; x_wconf 84' lang='lat' dir='ltr'><strong>ut</strong></span> 
     </span>
    </p>
   </div>
   <div class='ocr_carea' id='block_1_93' title="bbox 1894 4305 3469 4375">
    <p class='ocr_par' dir='ltr' id='par_1_93' title="bbox 1894 4305 3469 4375">
     <span class='ocr_line' id='line_1_93' title="bbox 1894 4305 3469 4375; baseline -0.001 -15"><span class='ocrx_word' id='word_1_577' title='bbox 1894 4308 2079 4362; x_wconf 82' lang='lat' dir='ltr'><strong>liceret</strong></span> <span class='ocrx_word' id='word_1_578' title='bbox 2104 4306 2152 4359; x_wconf 90' lang='lat' dir='ltr'><strong>ei</strong></span> <span class='ocrx_word' id='word_1_579' title='bbox 2177 4305 2447 4375; x_wconf 88' lang='lat' dir='ltr'><strong>prollcisci</strong></span> <span class='ocrx_word' id='word_1_580' title='bbox 2479 4318 2576 4374; x_wconf 89' lang='lat' dir='ltr'><strong>pro</strong></span> <span class='ocrx_word' id='word_1_581' title='bbox 2608 4305 2835 4360; x_wconf 85' lang='lat' dir='ltr'><strong>colendo</strong></span> <span class='ocrx_word' id='word_1_582' title='bbox 2868 4305 3000 4370; x_wconf 79' lang='lat' dir='ltr'><strong>Deo,</strong></span> <span class='ocrx_word' id='word_1_583' title='bbox 3033 4305 3223 4359; x_wconf 81' lang='lat' dir='ltr'><strong>decem</strong></span> <span class='ocrx_word' id='word_1_584' title='bbox 3283 4305 3469 4372; x_wconf 78' lang='lat' dir='ltr'><strong>plagas</strong></span> 
     </span>
    </p>
   </div>
   <div class='ocr_carea' id='block_1_94' title="bbox 1893 4396 3469 4468">
    <p class='ocr_par' dir='ltr' id='par_1_94' title="bbox 1893 4396 3469 4468">
     <span class='ocr_line' id='line_1_94' title="bbox 1893 4396 3469 4468; baseline -0.003 -14"><span class='ocrx_word' id='word_1_585' title='bbox 1893 4400 2136 4454; x_wconf 77' lang='lat' dir='ltr'><strong>adduxit.</strong></span> <span class='ocrx_word' id='word_1_586' title='bbox 2161 4399 2238 4452; x_wconf 84' lang='lat' dir='ltr'><strong>Ae</strong></span> <span class='ocrx_word' id='word_1_587' title='bbox 2257 4399 2484 4468; x_wconf 89' lang='lat' dir='ltr'><strong>populus</strong></span> <span class='ocrx_word' id='word_1_588' title='bbox 2506 4399 2722 4466; x_wconf 83' lang='lat' dir='ltr'><strong>quidem</strong></span> <span class='ocrx_word' id='word_1_589' title='bbox 2758 4413 2862 4451; x_wconf 82' lang='lat' dir='ltr'><strong>una</strong></span> <span class='ocrx_word' id='word_1_590' title='bbox 2891 4413 3014 4451; x_wconf 90' lang='lat' dir='ltr'><strong>cum</strong></span> <span class='ocrx_word' id='word_1_591' title='bbox 3046 4396 3317 4468; x_wconf 58' lang='lat' dir='ltr'><strong>{Egyptiis</strong></span> <span class='ocrx_word' id='word_1_592' title='bbox 3347 4411 3469 4450; x_wconf 87' lang='lat' dir='ltr'><strong>ver-</strong></span> 
     </span>
    </p>
   </div>
   <div class='ocr_carea' id='block_1_95' title="bbox 1894 4489 3467 4560">
    <p class='ocr_par' dir='ltr' id='par_1_95' title="bbox 1894 4489 3467 4560">
     <span class='ocr_line' id='line_1_95' title="bbox 1894 4489 3467 4560; baseline -0.002 -14"><span class='ocrx_word' id='word_1_593' title='bbox 1894 4493 2159 4557; x_wconf 65' lang='lat' dir='ltr'><strong>saltatur;</strong></span> <span class='ocrx_word' id='word_1_594' title='bbox 2193 4491 2328 4544; x_wconf 74' lang='lat' dir='ltr'><strong>nillil</strong></span> <span class='ocrx_word' id='word_1_595' title='bbox 2365 4501 2540 4544; x_wconf 87' lang='lat' dir='ltr'><strong>tamen</strong></span> <span class='ocrx_word' id='word_1_596' title='bbox 2564 4491 2896 4545; x_wconf 83' lang='lat' dir='ltr'><strong>incommodi</strong></span> <span class='ocrx_word' id='word_1_597' title='bbox 2920 4505 2984 4544; x_wconf 80' lang='lat' dir='ltr'><strong>ex</strong></span> <span class='ocrx_word' id='word_1_598' title='bbox 3013 4489 3186 4560; x_wconf 86' lang='lat' dir='ltr'><strong>plagis</strong></span> <span class='ocrx_word' id='word_1_599' title='bbox 3212 4489 3318 4544; x_wconf 69' lang='lat' dir='ltr'><strong>illis</strong></span> <span class='ocrx_word' id='word_1_600' title='bbox 3341 4505 3467 4560; x_wconf 82' lang='lat' dir='ltr'><strong>pro-</strong></span> 
     </span>
    </p>
   </div>
   <div class='ocr_carea' id='block_1_96' title="bbox 1825 4585 2864 4655">
    <p class='ocr_par' dir='ltr' id='par_1_96' title="bbox 1825 4585 2864 4655">
     <span class='ocr_line' id='line_1_96' title="bbox 1825 4585 2864 4655; baseline -0.001 -17"><span class='ocrx_word' id='word_1_601' title='bbox 1825 4591 1866 4645; x_wconf 87' lang='lat' dir='ltr'>D</span> <span class='ocrx_word' id='word_1_602' title='bbox 1898 4595 2014 4655; x_wconf 82' lang='lat' dir='ltr'><strong>pter</strong></span> <span class='ocrx_word' id='word_1_603' title='bbox 2045 4587 2512 4639; x_wconf 85' lang='lat' dir='ltr'><strong>conversationem</strong></span> <span class='ocrx_word' id='word_1_604' title='bbox 2544 4585 2864 4640; x_wconf 88' lang='lat' dir='ltr'><strong>sustinebat.</strong></span> 
     </span>
    </p>
   </div>
   <div class='ocr_carea' id='block_1_97' title="bbox 1969 4675 3470 4748">
    <p class='ocr_par' dir='ltr' id='par_1_97' title="bbox 1969 4675 3470 4748">
     <span class='ocr_line' id='line_1_97' title="bbox 1969 4675 3470 4748; baseline 0.001 -17"><span class='ocrx_word' id='word_1_605' title='bbox 1969 4677 2144 4732; x_wconf 83' lang='lat' dir='ltr'><strong>Prima</strong></span> <span class='ocrx_word' id='word_1_606' title='bbox 2180 4693 2412 4746; x_wconf 88' lang='lat' dir='ltr'><strong>namque</strong></span> <span class='ocrx_word' id='word_1_607' title='bbox 2448 4678 2600 4748; x_wconf 84' lang='lat' dir='ltr'><strong>plaga</strong></span> <span class='ocrx_word' id='word_1_608' title='bbox 2647 4676 2865 4748; x_wconf 57' lang='grc' dir='ltr'><strong>κεκεριί</strong></span> <span class='ocrx_word' id='word_1_609' title='bbox 2898 4692 3070 4748; x_wconf 90' lang='lat' dir='ltr'><strong>aquas</strong></span> <span class='ocrx_word' id='word_1_610' title='bbox 3093 4677 3146 4731; x_wconf 90' lang='lat' dir='ltr'><strong>in</strong></span> <span class='ocrx_word' id='word_1_611' title='bbox 3175 4675 3470 4747; x_wconf 74' lang='lat' dir='ltr'><strong>sanguines</strong></span> 
     </span>
    </p>
   </div>
   <div class='ocr_carea' id='block_1_98' title="bbox 1896 4771 3471 4840">
    <p class='ocr_par' dir='ltr' id='par_1_98' title="bbox 1896 4771 3471 4840">
     <span class='ocr_line' id='line_1_98' title="bbox 1896 4771 3471 4840; baseline 0.001 -17"><span class='ocrx_word' id='word_1_612' title='bbox 1896 4772 2164 4825; x_wconf 90' lang='lat' dir='ltr'><strong>convertit</strong></span> <span class='ocrx_word' id='word_1_613' title='bbox 2196 4790 2207 4823; x_wconf 89' lang='lat'><strong>:</strong></span> <span class='ocrx_word' id='word_1_614' title='bbox 2241 4786 2570 4840; x_wconf 89' lang='lat' dir='ltr'><strong>rursumque</strong></span> <span class='ocrx_word' id='word_1_615' title='bbox 2591 4781 2812 4840; x_wconf 76' lang='lat' dir='ltr'><strong>rogatus</strong></span> <span class='ocrx_word' id='word_1_616' title='bbox 2844 4771 2896 4825; x_wconf 92' lang='lat' dir='ltr'><strong>in</strong></span> <span class='ocrx_word' id='word_1_617' title='bbox 2932 4772 3205 4840; x_wconf 89' lang='lat' dir='ltr'><strong>propriam</strong></span> <span class='ocrx_word' id='word_1_618' title='bbox 3235 4785 3329 4824; x_wconf 84' lang='lat' dir='ltr'><strong>eas</strong></span> <span class='ocrx_word' id='word_1_619' title='bbox 3375 4785 3471 4824; x_wconf 90' lang='lat' dir='ltr'><strong>na-</strong></span> 
     </span>
    </p>
   </div>
   <div class='ocr_carea' id='block_1_99' title="bbox 1902 4862 3468 4932">
    <p class='ocr_par' dir='ltr' id='par_1_99' title="bbox 1902 4862 3468 4932">
     <span class='ocr_line' id='line_1_99' title="bbox 1902 4862 3468 4932; baseline -0.001 -14"><span class='ocrx_word' id='word_1_620' title='bbox 1902 4872 2079 4918; x_wconf 89' lang='lat' dir='ltr'><strong>turam</strong></span> <span class='ocrx_word' id='word_1_621' title='bbox 2109 4864 2362 4917; x_wconf 87' lang='lat' dir='ltr'><strong>restituit.</strong></span> <span class='ocrx_word' id='word_1_622' title='bbox 2397 4863 2647 4917; x_wconf 81' lang='lat' dir='ltr'><strong>Secunda</strong></span> <span class='ocrx_word' id='word_1_623' title='bbox 2697 4867 2874 4932; x_wconf 82' lang='lat' dir='ltr'><strong>plaga.</strong></span> <span class='ocrx_word' id='word_1_624' title='bbox 2915 4877 3170 4916; x_wconf 90' lang='lat' dir='ltr'><strong>ranarum</strong></span> <span class='ocrx_word' id='word_1_625' title='bbox 3227 4862 3468 4917; x_wconf 80' lang='lat' dir='ltr'><strong>multitu-</strong></span> 
     </span>
    </p>
   </div>
   <div class='ocr_carea' id='block_1_100' title="bbox 1897 4951 3475 5025">
    <p class='ocr_par' dir='ltr' id='par_1_100' title="bbox 1897 4951 3475 5025">
     <span class='ocr_line' id='line_1_100' title="bbox 1897 4951 3475 5025; baseline 0 -17"><span class='ocrx_word' id='word_1_626' title='bbox 1897 4955 2022 5008; x_wconf 88' lang='lat' dir='ltr'><strong>dine</strong></span> <span class='ocrx_word' id='word_1_627' title='bbox 2055 4955 2362 5008; x_wconf 74' lang='lat' dir='ltr'><strong>universam</strong></span> <span class='ocrx_word' id='word_1_628' title='bbox 2407 4952 2700 5025; x_wconf 61' lang='lat' dir='ltr'><strong>Egypturn</strong></span> <span class='ocrx_word' id='word_1_629' title='bbox 2751 4954 3011 5022; x_wconf 88' lang='lat' dir='ltr'><strong>implevit.</strong></span> <span class='ocrx_word' id='word_1_630' title='bbox 3063 4951 3198 5006; x_wconf 88' lang='lat' dir='ltr'><strong>Cum</strong></span> <span class='ocrx_word' id='word_1_631' title='bbox 3247 4967 3377 5006; x_wconf 85' lang='lat' dir='ltr'><strong>vero</strong></span> <span class='ocrx_word' id='word_1_632' title='bbox 3419 4964 3475 5008; x_wconf 91' lang='lat' dir='ltr'><strong>et</strong></span> 
     </span>
    </p>
   </div>
   <div class='ocr_carea' id='block_1_101' title="bbox 1901 5044 3471 5113">
    <p class='ocr_par' dir='ltr' id='par_1_101' title="bbox 1901 5044 3471 5113">
     <span class='ocr_line' id='line_1_101' title="bbox 1901 5044 3471 5113; baseline -0.001 -13"><span class='ocrx_word' id='word_1_633' title='bbox 1901 5047 1984 5100; x_wconf 82' lang='lat' dir='ltr'><strong>Itis</strong></span> <span class='ocrx_word' id='word_1_634' title='bbox 2011 5046 2382 5101; x_wconf 89' lang='lat' dir='ltr'><strong>inobedientes</strong></span> <span class='ocrx_word' id='word_1_635' title='bbox 2405 5055 2613 5110; x_wconf 86' lang='lat' dir='ltr'><strong>essent,</strong></span> <span class='ocrx_word' id='word_1_636' title='bbox 2635 5045 2912 5100; x_wconf 87' lang='lat' dir='ltr'><strong>adducens</strong></span> <span class='ocrx_word' id='word_1_637' title='bbox 2933 5045 3200 5113; x_wconf 82' lang='lat' dir='ltr'><strong>ingentem</strong></span> <span class='ocrx_word' id='word_1_638' title='bbox 3231 5044 3471 5098; x_wconf 88' lang='lat' dir='ltr'><strong>culicum</strong></span> 
     </span>
    </p>
   </div>
   <div class='ocr_carea' id='block_1_102' title="bbox 1903 5135 3473 5206">
    <p class='ocr_par' dir='ltr' id='par_1_102' title="bbox 1903 5135 3473 5206">
     <span class='ocr_line' id='line_1_102' title="bbox 1903 5135 3473 5206; baseline 0 -15"><span class='ocrx_word' id='word_1_639' title='bbox 1903 5135 2191 5203; x_wconf 66' lang='lat' dir='ltr'><strong>iariiiiliam,</strong></span> <span class='ocrx_word' id='word_1_640' title='bbox 2226 5153 2406 5190; x_wconf 87' lang='lat' dir='ltr'><strong>aerem</strong></span> <span class='ocrx_word' id='word_1_641' title='bbox 2443 5135 2663 5206; x_wconf 65' lang='lat' dir='ltr'><strong>Egypti</strong></span> <span class='ocrx_word' id='word_1_642' title='bbox 2697 5136 3006 5201; x_wconf 86' lang='lat' dir='ltr'><strong>complevit.</strong></span> <span class='ocrx_word' id='word_1_643' title='bbox 3032 5136 3112 5190; x_wconf 80' lang='lat' dir='ltr'><strong>Ad</strong></span> <span class='ocrx_word' id='word_1_644' title='bbox 3159 5136 3295 5204; x_wconf 66' lang='lat' dir='ltr'><strong>haec,</strong></span> <span class='ocrx_word' id='word_1_645' title='bbox 3321 5152 3473 5192; x_wconf 80' lang='lat' dir='ltr'><strong>mus-</strong></span> 
     </span>
    </p>
   </div>
   <div class='ocr_carea' id='block_1_103' title="bbox 1901 5228 3472 5301">
    <p class='ocr_par' dir='ltr' id='par_1_103' title="bbox 1901 5228 3472 5301">
     <span class='ocr_line' id='line_1_103' title="bbox 1901 5228 3472 5301; baseline -0.001 -17"><span class='ocrx_word' id='word_1_646' title='bbox 1901 5246 2019 5285; x_wconf 80' lang='lat' dir='ltr'><strong>eam</strong></span> <span class='ocrx_word' id='word_1_647' title='bbox 2109 5246 2325 5301; x_wconf 77' lang='lat' dir='ltr'><strong>qucque</strong></span> <span class='ocrx_word' id='word_1_648' title='bbox 2409 5233 2685 5295; x_wconf 89' lang='lat' dir='ltr'><strong>caninam,</strong></span> <span class='ocrx_word' id='word_1_649' title='bbox 2755 5228 3286 5298; x_wconf 81' lang='lat' dir='ltr'><strong>inipudentissimum</strong></span> <span class='ocrx_word' id='word_1_650' title='bbox 3342 5228 3472 5283; x_wconf 91' lang='lat' dir='ltr'><strong>illud</strong></span> 
     </span>
    </p>
   </div>
   <div class='ocr_carea' id='block_1_104' title="bbox 1899 5318 3472 5393">
    <p class='ocr_par' dir='ltr' id='par_1_104' title="bbox 1899 5318 3472 5393">
     <span class='ocr_line' id='line_1_104' title="bbox 1899 5318 3472 5393; baseline -0.003 -16"><span class='ocrx_word' id='word_1_651' title='bbox 1899 5323 2122 5390; x_wconf 82' lang='lat' dir='ltr'><strong>animal,</strong></span> <span class='ocrx_word' id='word_1_652' title='bbox 2155 5323 2366 5378; x_wconf 80' lang='lat' dir='ltr'><strong>induxit</strong></span> <span class='ocrx_word' id='word_1_653' title='bbox 2401 5323 2452 5376; x_wconf 91' lang='lat' dir='ltr'><strong>in</strong></span> <span class='ocrx_word' id='word_1_654' title='bbox 2491 5321 2794 5393; x_wconf 63' lang='lat' dir='ltr'><strong>Egyptios,</strong></span> <span class='ocrx_word' id='word_1_655' title='bbox 2833 5336 2994 5390; x_wconf 87' lang='lat' dir='ltr'><strong>quam</strong></span> <span class='ocrx_word' id='word_1_656' title='bbox 3052 5321 3217 5375; x_wconf 86' lang='lat' dir='ltr'><strong>etiam</strong></span> <span class='ocrx_word' id='word_1_657' title='bbox 3269 5318 3472 5383; x_wconf 91' lang='lat' dir='ltr'><strong>intulit,</strong></span> 
     </span>
    </p>
   </div>
   <div class='ocr_carea' id='block_1_105' title="bbox 1900 5408 3472 5487">
    <p class='ocr_par' dir='ltr' id='par_1_105' title="bbox 1900 5408 3472 5487">
     <span class='ocr_line' id='line_1_105' title="bbox 1900 5408 3472 5487; baseline -0.003 -16"><span class='ocrx_word' id='word_1_658' title='bbox 1900 5418 2009 5471; x_wconf 79' lang='lat' dir='ltr'><strong>illis</strong></span> <span class='ocrx_word' id='word_1_659' title='bbox 2035 5431 2226 5487; x_wconf 87' lang='lat' dir='ltr'><strong>nempe</strong></span> <span class='ocrx_word' id='word_1_660' title='bbox 2257 5430 2365 5470; x_wconf 90' lang='lat' dir='ltr'><strong>non</strong></span> <span class='ocrx_word' id='word_1_661' title='bbox 2399 5415 2864 5487; x_wconf 88' lang='lat' dir='ltr'><strong>permittentibus,</strong></span> <span class='ocrx_word' id='word_1_662' title='bbox 2908 5422 2967 5467; x_wconf 90' lang='lat' dir='ltr'><strong>ut</strong></span> <span class='ocrx_word' id='word_1_663' title='bbox 3001 5414 3232 5484; x_wconf 90' lang='lat' dir='ltr'><strong>populus</strong></span> <span class='ocrx_word' id='word_1_664' title='bbox 3257 5411 3323 5466; x_wconf 88' lang='lat' dir='ltr'><strong>ad</strong></span> <span class='ocrx_word' id='word_1_665' title='bbox 3380 5408 3472 5466; x_wconf 74' lang='lat' dir='ltr'><strong>Dei</strong></span> 
     </span>
    </p>
   </div>
   <div class='ocr_carea' id='block_1_106' title="bbox 1907 5503 3474 5579">
    <p class='ocr_par' dir='ltr' id='par_1_106' title="bbox 1907 5503 3474 5579">
     <span class='ocr_line' id='line_1_106' title="bbox 1907 5503 3474 5579; baseline -0.004 -12"><span class='ocrx_word' id='word_1_666' title='bbox 1907 5511 2111 5566; x_wconf 91' lang='lat' dir='ltr'><strong>cultum</strong></span> <span class='ocrx_word' id='word_1_667' title='bbox 2179 5511 2516 5579; x_wconf 89' lang='lat' dir='ltr'><strong>procederet.</strong></span> <span class='ocrx_word' id='word_1_668' title='bbox 2573 5507 2815 5563; x_wconf 90' lang='lat' dir='ltr'><strong>Subinde</strong></span> <span class='ocrx_word' id='word_1_669' title='bbox 2865 5508 3186 5579; x_wconf 84' lang='lat' dir='ltr'><strong>grandinem</strong></span> <span class='ocrx_word' id='word_1_670' title='bbox 3252 5503 3474 5561; x_wconf 80' lang='lat' dir='ltr'><strong>adduxit</strong></span> 
     </span>
    </p>
   </div>
   <div class='ocr_carea' id='block_1_107' title="bbox 1976 5825 3021 5898">
    <p class='ocr_par' dir='ltr' id='par_1_107' title="bbox 1976 5825 3021 5898">
     <span class='ocr_line' id='line_1_107' title="bbox 1976 5825 3021 5898; baseline 0 -17"><span class='ocrx_word' id='word_1_671' title='bbox 1976 5828 2086 5898; x_wconf 80' lang='lat'><strong>(69)</strong></span> <span class='ocrx_word' id='word_1_672' title='bbox 2153 5828 2312 5882; x_wconf 73' lang='lat' dir='ltr'><strong>Forte</strong></span> <span class='ocrx_word' id='word_1_673' title='bbox 2343 5825 2570 5888; x_wconf 78' lang='grc' dir='ltr'>κνιπῶν,</span> <span class='ocrx_word' id='word_1_674' title='bbox 2601 5839 2786 5881; x_wconf 87' lang='lat' dir='ltr'><strong>errore</strong></span> <span class='ocrx_word' id='word_1_675' title='bbox 2811 5836 3021 5897; x_wconf 86' lang='lat' dir='ltr'><strong>typogr.</strong></span> 
     </span>
    </p>
   </div>
  </div>
