4248 6438
759 401 826 464 67
2242 394 2543 454 JUSEI‘PI
3947 402 4020 455 68

760 509 1136 566 conﬁcientem
1197 522 1537 581 quaecunque
1572 506 1675 561 sub
1722 507 1811 561 dio
1855 504 2157 575 deprendit.
2206 503 2343 558 Fue~
2380 521 2421 568 Α

2341 536 2343 540 τ
2380 521 2421 568 Α
2458 506 2684 557 Ἔπειτα
2722 502 2957 573 ἀκρίδων
2983 502 3140 572 vim,
3163 503 3288 565 τοὺς
3332 505 3574 572 καρποὺς
3602 504 3845 566 ἅπαντας
3890 522 4018 556 κατ-

759 611 885 655 runt
914 610 1096 670 postea
1124 601 1453 655 locustarum
1489 599 1680 662 nubes,
1710 612 1831 666 qua:
1880 604 2339 664 consumpserunt

757 692 943 762 fruges
994 693 1325 755 universas;
1392 689 1629 743 tenebrae
1685 689 1812 741 item
1846 686 1992 741 solos
2057 685 2339 757 Algyptios

757 784 1069 848 obruentes,
1098 783 1190 836 sed
1224 782 1355 835 nihil
1382 780 1732 836 obscuritatis
1769 778 2008 833 Hebraeis
2031 778 2334 831 aﬂerentcs.

761 877 1032 930 Decimum
1062 889 1298 944 eamqu.
1346 888 1653 944 supremam
1680 872 1815 942 ipsis
1863 872 2073 941 plagam
2120 869 2335 933 inﬂixit,

762 967 1257 1037 primogenitornm
1312 975 1564 1029 mortem,
1608 981 1730 1035 quae
1787 965 2077 1019 confertim
2140 963 2337 1017 accidit

764 1074 875 1113 uno
904 1058 1205 1128 eodemque
1233 1057 1491 1125 temporis
1516 1066 1812 1111 momento.

830 1150 953 1205 POsI
1009 1166 1284 1219 egressum
1349 1148 1530 1217 populi
1572 1164 1636 1201 ex
1703 1146 1972 1217 Aigyplo,
2022 1146 2339 1216 insequente

754 1257 880 1295 eum
912 1240 1291 1312 {Egyptiorum
1331 1240 1594 1302 exercitu,
1634 1237 1975 1309 Erythrzcum
2014 1252 2163 1291 mare
2202 1237 2341 1289 divi-

756 1333 827 1385 sit
861 1340 919 1385 ut
947 1332 1174 1399 populus
1200 1329 1590 1400 pertransiret:
1634 1329 1939 1396 iterumque
1965 1328 2092 1380 illud
2129 1328 2343 1381 reduxit

757 1434 921 1489 super
958 1420 1334 1489 insequentem
1363 1432 1566 1487 regem,
1621 1432 1781 1486 quem
1836 1419 2021 1470 obruit
2071 1417 2341 1486 profundo

758 1512 948 1575 maris,
985 1513 1129 1581 quod
1157 1512 1304 1583 virga
1332 1511 1620 1580 percussit,
1640 1510 2099 1579 quemadmodum
2119 1510 2247 1564 illud
2271 1509 2341 1565 ad

756 1604 1045 1658 transitum
1075 1604 1254 1674 populi
1308 1604 1472 1657 etiam
1503 1613 1660 1656 antea
1695 1612 2059 1671 percusserat.

823 1779 1233 1834 Amarulcntam
1268 1795 1465 1849 aquam
1512 1778 1740 1833 Mcrrha:
1773 1778 1939 1834 fontis
1968 1780 2019 1833 in
2077 1778 2338 1835 ﬂuentum

2447 595 2813 648 αναλὼσασαι.
2854 595 3051 656 Σκότος
3098 612 3153 647 τε
3186 595 3381 663 μόνους
3428 596 3673 660 σκοτίζον
3701 597 3825 657 τοὺς
3854 596 4021 662 Λίγυ-

2446 690 2658 751 πτίους,
2700 690 2808 749 τοῖς
2851 686 3121 756 Ἑϐραίοις
3151 686 3210 737 οὐ
3251 685 3655 755 μελαινόμενον.
3686 688 3929 755 Δεκάτην
3958 686 4019 738 δὲ

2447 784 2540 835 καὶ
2584 779 2899 834 τελευταίαν
2954 778 3251 849 ἐπέρριψεν
3282 779 3462 839 αὐτοῖς
3510 778 3748 849 πληγὴν,
3785 778 3875 831 τὸν
3904 776 4019 830 τῶν

2446 872 2830 944 πρωτοτόκων,
2869 871 3077 943 ’ἀθρόον
3128 872 3232 924 ὑπὸ
3289 872 3420 942 μίαν
3470 863 3661 941 καῖροῦ
3715 869 3890 941 ῥοπὴν
3918 868 4017 922 θά-

2446 980 2625 1018 νατον.

2516 1144 2671 1199 Μετὰ
2699 1143 2755 1196 δὲ
2798 1142 2897 1211 τὴν
2930 1140 3107 1209 ἔξοδον
3133 1140 3227 1195 τοῦ
3276 1139 3407 1193 λαοῦ
3455 1140 3553 1209 τὴν
3594 1140 3689 1193 ἀπ’
3713 1139 4016 1207 Αἰγύπτου,

2447 1235 2824 1297 ἐπιδιώκοντος
2855 1233 3015 1287 αὐτὸν
3036 1232 3130 1285 τοῦ
3158 1232 3452 1301 Αἰγυπτίου
3473 1232 3723 1301 στρατοῦ,
3741 1230 3839 1300 τὴν
3868 1230 4023 1299 Ἐρυο

2449 1330 2584 1399 ορὰν
2616 1328 2809 1379 διεῖλεν
2841 1326 3116 1379 θάλασσαν
3152 1327 3232 1387 είς
3270 1324 3441 1378 δίοδον
3468 1323 3563 1377 τοῦ
3592 1324 3743 1389 λαοῦ,
3774 1325 3869 1376 καὶ
3909 1325 4021 1377 πά-

2448 1419 2533 1471 λιν
2559 1419 2837 1487 ἐπήγαγεν
2867 1415 3072 1485 ταύτην
3103 1415 3244 1468 κατὰ
3271 1414 3366 1467 τοῦ
3400 1414 3683 1476 διώκοντος
3730 1413 4018 1482 βασιλέως,

2447 1508 2853 1577 ὂνοέπεκάλυψε
2888 1508 2967 1578 τῷ
3013 1508 3110 1578 τῆς
3144 1506 3419 1576 θαλάσσης
3468 1506 3635 1577 βυθῷ,
3668 1506 3876 1575 πλήξας
3916 1506 4020 1576 τὴν

2447 1597 2723 1650 θάλασσαν
2774 1597 2972 1667 ῥάϐδῳ,
3004 1596 3196 1666 ὥσπερ
3250 1596 3419 1666 αὐτὴν
3463 1598 3544 1659 είς
3596 1596 3695 1668 τὴν
3735 1596 3832 1649 τοῦ
3884 1596 4018 1649 λαοῦ

2447 1688 2618 1743 δίοδον
2652 1690 2746 1741 καὶ
2779 1689 3045 1759 πρότερον
3069 1688 3291 1752 ἔπληξε.

2520 1778 2592 1832 Τὸ
2620 1778 2812 1849 πικρὸν
2837 1777 2980 1849 ὕδωρ
3011 1779 3234 1851 Μερῤἄς
3259 1778 3361 1849 τῆς
3385 1778 3567 1849 πηγῆς
3591 1780 3670 1841 είς
3701 1778 3848 1848 νᾶμα
3884 1794 4022 1846 μετ-

756 1871 1027 1922 couvertit
1058 1870 1311 1939 potabile,
1348 1871 1607 1924 immerso
1635 1869 1686 1923 in
1738 1886 1857 1924 eam
1929 1872 2098 1942 ligno,
2143 1888 2335 1941 quem-
2373 1838 2413 1894 Β

2373 1838 2413 1894 Β
2444 1871 2602 1924 έὸαλε
2632 1838 2881 1939 πότιμον,
2920 1838 3079 1937 ξύλον
3098 1838 3281 1940 ’βάψας
3598 1838 3789 1941 ὥσπερ
3817 1838 3898 1939 δὴ·
3921 1869 4020 1921 καὶ

757 1963 1046 2017 admodum
1078 1964 1285 2017 scilicet
1314 1963 1572 2031 etjussus
1604 1961 1801 2017 fuerat.
1857 1961 2049 2017 Manna
2095 1965 2341 2034 pnedixit

758 2056 1053 2124 pluiturum
1093 2055 1258 2109 Deum
1297 2056 1349 2108 in
1380 2055 1594 2109 deserto
1623 2053 1688 2107 ad
1729 2056 1909 2124 populi
1964 2056 2337 2121 uutritionem,

756 2156 918 2216 atque
947 2147 1019 2199 ita
1054 2145 1254 2199 evenit.
1282 2142 1720 2213 Ortygomctratu
1775 2144 2147 2199 devolaturam
2199 2160 2341 2213 prm—

756 2238 963 2301 dicens,
989 2240 1405 2306 concupisceute
1435 2238 1634 2307 populo
1660 2237 1992 2292 manducare
2020 2252 2233 2303 carnes,
2265 2237 2338 2291 ita

757 2330 810 2383 in
848 2330 939 2383 Dei
966 2330 1330 2399 cognitionem
1354 2329 1651 2398 ipsummet
1678 2331 1937 2400 pepulum
1967 2330 2224 2384 erudivit.
2259 2329 2337 2384 Ex

754 2421 908 2475 arida
943 2430 1093 2491 petra
1132 2420 1329 2475 baculo
1377 2435 1661 2490 percussa,
1722 2420 2019 2476 ﬂuvialium
2074 2436 2338 2491 aquarum

757 2514 1035 2583 copiosum
1061 2513 1263 2567 ﬂuxum
1286 2512 1573 2569 derivavit.
1599 2513 1856 2569 Manuum
1875 2515 2192 2570 extensione
2212 2514 2337 2569 belli

758 2606 1044 2659 victoriam
1079 2605 1343 2659 adversus
1375 2605 1671 2660 irruentem
1701 2606 2125 2661 Amalccitarum
2181 2621 2338 2660 exer-

757 2700 926 2753 citum
998 2698 1198 2768 p0pulo
1222 2700 1573 2769 comparavit.

832 2789 1028 2859 Legem
1064 2806 1093 2843 a
1127 2791 1235 2846 Deo
1279 2793 1488 2861 accepit
1531 2794 1584 2846 in
1644 2792 1846 2862 duplici
1896 2793 2079 2848 tabula
2131 2794 2341 2850 descri-

757 2890 929 2948 ptam,
955 2888 1244 2949 postquam
1276 2880 1637 2950 quadraginta
1659 2880 1966 2950 jejunasset
1988 2881 2106 2936 dies
2137 2900 2149 2935 :
2175 2891 2339 2952 atque

760 2986 977 3025 rursum
1012 2980 1231 3040 propter
1262 2971 1444 3041 populi
1483 2972 1836 3042 impietatem,
1875 2971 2063 3027 fractis
2105 2973 2212 3027 illis
2252 2973 2337 3027 di-

758 3063 960 3118 vinitus
990 3063 1275 3134 descriptis
1308 3064 1525 3125 tabulis,
1554 3064 1750 3118 iterum
1779 3065 2081 3119 ascendens
2109 3066 2161 3118 in
2184 3079 2340 3119 mon-

761 3166 863 3210 tem
896 3155 1047 3220 Sina,
1078 3172 1202 3211 cum
1226 3155 1799 3227 similiterjejunasset
1860 3156 1996 3211 alios
2032 3158 2147 3213 dies
2204 3172 2339 3226 qua-

758 3248 1027 3317 draginta,
1054 3249 1223 3319 legem
1248 3250 1445 3303 iterum
1477 3251 1770 3319 reportavit
1789 3248 1842 3303 in
1874 3248 1940 3304 iis
1967 3248 2185 3312 tabulis,
2204 3262 2340 3318 quas

757 3354 821 3392 ex
856 3338 1027 3407 lapide
1060 3341 1273 3394 excisas
1306 3355 1492 3395 secum
1533 3340 1853 3394 adduxerat.
1888 3339 2183 3395 Descendit
2216 3341 2335 3409 glo-

761 3429 1004 3485 rilicatus
1047 3429 1187 3485 facie
1214 3432 1368 3497 adeo,
1414 3440 1568 3486 utne
1595 3434 1827 3503 populus
1880 3433 2098 3502 quidem
2157 3443 2340 3502 posset

762 3518 815 3572 in
846 3534 968 3573 eum
996 3520 1169 3574 aciem
1195 3521 1494 3575 intendere.
1538 3520 1656 3591 Ipse
1685 3524 1847 3577 etiam
1894 3524 2169 3592 legislator
2240 3523 2339 3577 fuit

762 3610 1237 3681 omniumjuriom
1267 3612 1474 3682 populi.
1534 3612 1758 3669 Divinas
1806 3615 2044 3669 visiones
2090 3616 2338 3685 accipere

759 3717 870 3773 pne
898 3702 1164 3758 universis
1193 3703 1474 3774 prophetis
1506 3704 1762 3775 dignatus
1797 3716 1901 3761 est.
1949 3705 2333 3762 Intellectualis

759 3792 1076 3846 substantiae
1093 3792 1445 3848 admirandos
1477 3793 1822 3850 characteres
1850 3796 2202 3865 conspicatus
2230 3806 2333 3863 est,

760 3882 828 3937 ad
859 3898 1094 3952 quorum
1153 3884 1421 3940 rationem
1460 3900 1678 3941 sacrum
1727 3887 2137 3944 tabernaculum
2200 3904 2335 3945 con-

758 3979 970 4030 struere
993 3976 1182 4046 jussus
1213 3977 1334 4031 fuit.

833 4069 1065 4125 Sacrum
1130 4072 1544 4127 tabernaculum
1592 4073 1756 4128 veluti
1816 4072 2050 4128 formam
2111 4072 2333 4128 intelle-

758 4161 960 4216 ctualis
997 4163 1249 4218 essentia!
1309 4162 1614 4220 fabricavit.
1645 4163 1874 4220 Sacrum
1927 4165 2188 4225 chrisma,
2240 4180 2333 4233 per

758 4253 907 4323 quod
970 4255 1333 4310 sacerdotium
1390 4256 1644 4323 initiavit,
1686 4258 2017 4326 composuit.
2071 4255 2331 4311 Summos

764 4346 1077 4401 sacerdotes
1109 4348 1315 4401 creavit
1340 4352 1613 4403 Aaronem
1646 4349 1869 4403 fratrem
1920 4347 2148 4418 ejusque
2198 4349 2332 4402 libeo

759 4452 874 4502 ros,
922 4453 1017 4507 per
1049 4437 1179 4492 illud
1210 4438 1451 4493 chrisma
1513 4442 1659 4508 quod
1712 4439 2045 4494 confecerat.
2095 4440 2328 4493 Sacrum

2441 1964 2744 2019 ἐκελεύετο.
2773 1965 2962 2019 Μάννα
2986 1965 3212 2035 προεῖπε
3234 1962 3348 2018 ὕειν
3370 1963 3460 2018 τὸν
3486 1963 3621 2017 Θεὸν
3647 1965 3705 2016 ἐν
3727 1965 3794 2034 τῇ
3821 1962 4020 2032 ἐρήμῳ

2441 2059 2520 2121 είς
2571 2056 2671 2127 τὴν
2717 2056 2811 2110 τοῦ
2859 2057 2990 2109 λαοῦ
3042 2056 3361 2127 διατροφὴν,
3420 2057 3516 2109 καὶ
3556 2054 3727 2117 οὕτως
3782 2054 4015 2121 ἐγίνετο.

2452 2148 2899 2220 Ὀρτυγομήτραν
2923 2147 3293 2201 καθίπτασθαι
3316 2145 3611 2216 προειπὼν,
3637 2144 4017 2214 ἐπιθυμήσαν-

2439 2257 2529 2303 τος
2556 2242 2695 2309 κρέα
2726 2242 2921 2309 φαγεῖν
2950 2238 3045 2292 τοῦ
3077 2237 3231 2301 λαοῦ,
3265 2240 3345 2301 είς
3385 2238 3711 2304 θεογνωσίαν
3760 2236 3850 2288 τὸν
3884 2235 4016 2287 λαὸν

2440 2330 2832 2399 ἐπαιδαγώγει.
2870 2331 2964 2384 Ἐκ
2991 2330 3162 2401 ξηρᾶς
3200 2331 3406 2401 πέτρας
3455 2329 3637 2400 ῥάϐδῳ
3686 2328 4014 2399 πληγείσης,

2442 2424 2720 2492 ποταμίων
2762 2423 2972 2478 ὑδάτων
3015 2422 3210 2495 ἁθρόον
3267 2422 3423 2495 ῥύσιν
3458 2424 3758 2493 προήκατο.
3794 2420 4015 2490 Χειρῶν

2441 2516 2660 2569 ἐκτάσει
2686 2516 2922 2586 πολέμου
2946 2515 3129 2585 νίκην,
3162 2516 3303 2568 κατά
3324 2515 3416 2570 τοῦ
3438 2515 3757 2579 ἐπελθόντος
3774 2514 4014 2585 στρατοῦ

2441 2607 2536 2661 τοῦ
2588 2608 2855 2679 Ἀμαλὴκ,
2889 2608 2965 2677 τῷ
2997 2607 3112 2678 λαῷ
3137 2608 3455 2678 εἰργάσατο.

2509 2786 2694 2857 Νόμον
2747 2785 2965 2851 ἐδέξατο
2993 2785 3141 2856 παρά
3166 2785 3301 2838 Θεοῦ
3355 2784 3411 2837 ἐν
3441 2784 3686 2855 διπτύχῳ
3730 2783 4014 2854 γραφέντα

2441 2880 2612 2933 πλακὶ
2640 2880 3051 2948 τεσσαράκοντα
3100 2879 3403 2949 νηστεύσας
3448 2878 3686 2947 ἡμέρας,
3719 2878 3810 2929 καὶ
3850 2876 4014 2929 πάλιν

2437 2972 2527 3025 διὰ
2554 2972 2656 3041 τὴν
2687 2970 2781 3025 τοῦ
2807 2971 2935 3024 λαοῦ
2964 2971 3305 3034 δυσσέϐειαν,
3339 2972 3437 3035 τὰς
3480 2970 3851 3040 θεογράπτους
3884 2985 4016 3021 συν-

2439 3062 2636 3131 τρίψας
2687 3061 2920 3127 πλάκας,
2956 3060 3206 3131 δεύτερον
3237 3060 3432 3124 ἐπιϐὰς
3475 3061 3552 3130 τῷ
3577 3061 3707 3132 Σινᾷ
3745 3060 3882 3131 ὄρει,
3916 3058 4016 3113 καὶ

2365 3184 2408 3240 c
2440 3152 2741 3222 νηστεύσας
2766 3153 2967 3223 ὁμοίως
2999 3153 3165 3215 ἄλλας
3205 3155 3416 3224 ἡμέρας
3446 3153 3876 3223 τεσσαράκοντα,
3918 3152 4015 3205 τὸν

2451 3248 2508 3301 νύ
2516 3265 2614 3316 μον
2631 3249 2686 3300 ἐν
2707 3242 2791 3310 αἷς
2816 3247 3108 3316 ἀνεκόμισε
3129 3245 3395 3311 λαξεύσας
3413 3244 3628 3310 πλαξὶν,
3651 3246 4012 3299 ἀνενεώσατο.

2440 3341 2514 3393 Τὸ
2560 3340 2851 3409 πρόσωπον
2906 3339 3110 3409 κατέϐη
3154 3338 3555 3409 δεδοξασμένος,
3602 3337 3676 3402 ὡς
3725 3340 3862 3407 μήτε
3917 3338 4016 3391 τὶν

2439 3434 2566 3487 λαὸν
2596 3434 2788 3503 ένορᾷν
2820 3431 2967 3502 αὐτῷ
2991 3431 3276 3485 δύνασθαι.
3310 3432 3418 3485 Καὶ
3437 3430 3597 3494 αὐτὸς
3622 3431 3680 3483 δὲ
3712 3430 4015 3501 νομοθέτης

2438 3528 2524 3578 ἐπὶ
2561 3528 2695 3578 πᾶσι
2720 3527 2831 3588 τοῖς
2858 3524 3191 3593 δικαιώμασι
3222 3522 3314 3576 τοῦ
3342 3523 3471 3576 λαοῦ
3497 3524 3813 3594 γεγένηται.
3847 3523 4014 3586 Θείας

2436 3620 2700 3683 ὀπτασίας
2728 3620 2878 3689 παρά
2910 3619 3119 3682 πάντας
3148 3620 3276 3681 τοὺς
3298 3620 3581 3688 προφήτας
3614 3618 3863 3686 ἠξίωται.
3896 3618 4014 3687 Τῆς

2437 3713 2630 3781 νοερᾶς
2686 3712 2873 3774 οὐσίας
2920 3711 3266 3779 θαυμαστοὺς
3308 3711 3667 3779 χαρακτῆρας
3720 3710 4012 3776 ἐθεάσατο,

2438 3803 2573 3874 πρὸς
2598 3802 2691 3866 οὓς
2711 3803 2811 3873 τὴν
2841 3802 2993 3873 ἱεράν
3013 3801 3219 3872 σκηνὴν
3243 3800 3675 3866 κατασκευάζειν
3705 3799 4011 3856 ἐκελεύετο.

2508 4063 2621 4132 Τὴν
2672 4061 2826 4130 ἱεράν
2890 4058 3095 4130 σκηνὴν
3147 4058 3440 4112 ἀντίτυπον
3488 4055 3587 4125 τῆς
3643 4058 3835 4128 νοερᾶς
3882 4074 4013 4110 κατ·
4092 4095 4101 4103 -

2433 4157 2729 4209 εσκεύασεν
2750 4155 2955 4216 οὐσίας.
2985 4152 3057 4207 To
3096 4154 3238 4223 ἱερὸν
3268 4154 3498 4223 χρίσμα,
3556 4154 3615 4202 ἐν
3644 4146 3689 4221 ᾧ
3727 4152 3825 4220 τὴν
3850 4155 4012 4222 ἱερω-

2436 4249 2602 4319 σύνην
2636 4248 2926 4309 καθεσθεὶς
2982 4246 3131 4319 [sic],
3170 4246 3487 4316 συνέθηκεν.
3535 4246 3850 4315 Ἀρχιερέας
3896 4245 4007 4296 ἁπο

2434 4343 2600 4407 έδειξε
2635 4342 2723 4395 τὸν
2755 4340 2982 4407 ἀδελφὸν
3022 4337 3231 4409 Ἀαρὼν
3270 4339 3364 4391 καὶ
3408 4338 3535 4399 τοὺς
3565 4337 3755 4391 τούτου
3791 4338 4007 4402 παῖδας,

2434 4436 2503 4488 δι’
2546 4429 2608 4486 οὗ
2637 4432 3011 4486 κατεσκεύασε
3065 4431 3389 4501 χρίσματος.
3421 4430 3533 4500 Τὴν
3594 4429 3744 4499 ἱεράν
3801 4430 4010 4499 σκηνὴν

759 4526 1172 4581 tabernaculum
1201 4535 1255 4581 et
1277 4541 1620 4598 quaecunque
1673 4528 1727 4582 in
1769 4529 1887 4598 ipso
1929 4538 2089 4583 erant
2139 4538 2329 4583 sancto
2364 4526 2405 4579 D

2364 4526 2405 4579 D
2436 4528 2529 4581 καὶ
2568 4528 2746 4579 πάντα
2799 4527 2868 4577 τὰ
2921 4528 2977 4578 ἐν
3026 4526 3163 4595 αὐτῇ
3195 4524 3273 4595 τῷ
3303 4522 3445 4594 ἁγίῳ
3502 4522 3764 4592 χρίσματι
3810 4522 4010 4591 χρίσας

757 4618 1054 4673 chrismate
1078 4633 1286 4688 ungens
1309 4620 1688 4674 sanetiﬂcavit.

828 4707 1127 4762 Sabbatum
1182 4711 1300 4779 ipse
1334 4711 1545 4780 primus
1600 4711 1887 4777 stabilivit,
1943 4712 2329 4769 demonstrans

756 4800 889 4854 illud
923 4816 1019 4870 per
1060 4801 1331 4871 duplicem
1362 4819 1577 4857 manna:
1607 4805 2005 4871 collectionem,
2063 4815 2117 4860 et
2150 4808 2331 4861 incoro

755 4903 970 4961 reptant
1006 4893 1129 4962 ejus
1166 4897 1660 4959 conservationem,
1690 4912 1812 4951 cum
1864 4908 2024 4952 antea
2082 4898 2327 4969 ignotum

755 4994 921 5040 esset.
958 4984 1094 5040 Tres
1127 4986 1246 5057 lege
1290 5000 1462 5043 statas
1523 4990 1894 5044 solemnitates
1940 4991 2137 5059 populo
2194 5007 2329 5059 pra:-

756 5079 981 5147 scripsit
1017 5080 1313 5146 quotannis
1342 5080 1717 5136 celebrandas.
1753 5080 1809 5134 In
1847 5095 1943 5136 eos
1975 5083 2068 5151 qui
2098 5084 2325 5137 vitulum

754 5170 1131 5224 conﬂaverant
1166 5172 1552 5226 animadvertit
1582 5188 1677 5243 per
1705 5183 2055 5229 accurrentes
2084 5174 2209 5240 sibi,
2242 5175 2326 5229 in-

757 5262 1001 5316 terfectis
1041 5262 1214 5317 tribus
1247 5264 1657 5319 obstinatorum
1706 5266 1968 5323 millibus.

827 5351 1034 5420 Populo
1072 5352 1217 5422 leges
1277 5354 1420 5408 tulit.
1484 5354 1801 5409 Numeravit
1832 5357 1993 5411 etiam
2038 5356 2252 5413 Levitas
2295 5372 2326 5412 a

754 5445 952 5516 populo
985 5461 1300 5501 secernens.
1344 5446 1418 5501 De
1443 5448 1729 5502 sacriﬁciis
1756 5449 2026 5519 agitandis
2052 5450 2159 5506 illis
2197 5466 2328 5523 pra:-

755 5546 917 5608 cepta
957 5537 1127 5602 dedit,
1166 5547 1220 5592 et
1249 5538 1318 5593 de
1348 5541 1647 5608 gestatione
1675 5541 1816 5594 sacri
1854 5543 2212 5606 tabernaculi,
2273 5552 2327 5598 et

754 5631 822 5685 de
856 5630 996 5684 bene
1019 5631 1269 5685 ordinata
1294 5631 1651 5700 profectimie.
1695 5632 1876 5703 Ignem
1910 5648 2073 5703 super
2128 5635 2321 5700 altare,

757 5722 846 5775 ubi
874 5724 1108 5791 primum
1141 5724 1277 5777 ritus
1310 5724 1587 5792 religionis
1611 5739 1952 5789 processere,
1977 5726 2196 5780 coalitus
2230 5727 2326 5780 de-

756 5815 1102 5869 scendentem
1140 5815 1398 5876 ostendit,
1426 5816 1515 5883 qui
1554 5824 1607 5869 et
1646 5814 2000 5873 inexstinctus
2032 5818 2318 5873 remansit.

2434 4622 2651 4694 ἡγίασε.

2502 4712 2779 4767 Σάῦδατον
2834 4711 2997 4775 αὐτὸς
3052 4708 3267 4781 πρῶτος
3321 4709 3582 4781 ὡρίσατο,
3634 4708 3808 4774 δείξας
3848 4710 4006 4773 αὐτὸ,

2430 4804 2517 4858 διὰ
2552 4804 2651 4873 τῆς
2685 4803 2878 4872 διπλῆς
2922 4802 3153 4871 ἐκλογῆς
3186 4802 3282 4856 τυῦ
3341 4802 3539 4871 μάννα,
3595 4801 3685 4853 καὶ
3728 4803 3823 4869 τῆς
3873 4804 4009 4871 ἀσή-

2431 4913 2569 4948 πτου
2628 4894 2889 4964 διαμονῆς
2941 4892 3132 4959 αὑτοῦ,
3190 4893 3251 4947 οὐ
3307 4893 3579 4965 πρότερον
3638 4892 4004 4962 ἐγνωσμένον.

2432 4989 2595 5058 Τρεῖς
2653 4988 2922 5057 νομίμους
2993 4987 3186 5057 ἐορτάς
3246 4985 3325 5055 τῷ
3382 4986 3494 5054 λαῷ
3550 4986 3839 5055 παρέδωκε
3907 4986 4006 5040 τοῦ

2431 5081 2682 5135 ἐνιαυτοῦ
2712 5082 3012 5151 ἑορτάζειν.
3050 5081 3189 5143 Τοὺς
3241 5080 3746 5150 μοσχοποιὴσαντας
3795 5081 4005 5148 ἐτιμω-

2432 5175 2636 5246 ρήσατο
2664 5175 2751 5227 διὰ
2778 5175 2886 5227 τῶν
2937 5172 3501 5244 προσδεδραμηκότων
3553 5170 3721 5241 αὐτῷ,
3786 5188 4004 5242 τρισχι-

2429 5266 2579 5330 λίους
2608 5268 2735 5328 τοὺς
2758 5266 3231 5337 ἀνεπιστρέπτους
3258 5264 3613 5326 ἀποκτείνας.

2500 5358 2605 5410 Τὸν
2637 5356 2766 5409 λαὸν
2821 5355 3235 5427 ἐνομοθέτησεν.
3303 5355 3682 5427 ’Δπηρίθμησε
3725 5357 3820 5410 καὶ
3874 5356 4004 5420 τοὺς

2430 5448 2663 5509 Δευῖτας
2710 5448 2805 5501 ἀπ’
2836 5447 3016 5502 αὐτῶν
3059 5445 3270 5503 διελών.
3303 5447 3436 5519 Περὶ
3467 5448 3671 5502 θυσιῶν
3700 5448 3881 5510 αὐτοῖς
3915 5446 4003 5499 δι-

2429 5538 2677 5603 ετάξατο,
2696 5540 2791 5591 καὶ
2810 5538 3103 5610 ἀπάρσεως
3120 5539 3217 5610 τῆς
3243 5539 3392 5609 ίερᾶς
3417 5538 3751 5609 σκηνῆς,καὶ
3774 5538 4003 5608 πορείας

2429 5632 2715 5686 εὐτάκτου.
2755 5631 2873 5702 Πῦρ
2896 5632 2990 5685 ἐπὶ
3009 5632 3071 5685 τὸ
3102 5632 3511 5704 θυσιαστήριον,
3547 5638 3686 5686 κατὰ
3716 5634 3813 5702 τὴν
3844 5630 4001 5701 πρώ-

2427 5741 2526 5793 την
2555 5725 2780 5796 πρόοδον
2823 5725 2883 5791 ἐξ
2941 5727 3172 5796 οὐρανοῦ
3228 5727 3728 5798 καταϐιόαζόμενον
3777 5726 3997 5790 ἔδειξεν,

2425 5818 2455 5871 δ
2486 5820 2579 5873 καὶ
2611 5819 2881 5891 διέμεινεν
2916 5821 3205 5877 ἄσϐεστον.
3239 5821 3380 5886 Τοὺς
3410 5824 3861 5891 προσαγαγόντας
3897 5822 3996 5874 οὐκ
