4248 6438
245 382 332 445 69
1430 379 1802 437 LIBELLUS
1841 377 2340 438 MEMORIALIS.
3427 377 3503 440 70

249 497 330 551 ἐκ
367 492 556 545 τούτου
600 491 798 560 πυρὸς,
837 489 1024 543 Ναδὰιῖ
1079 490 1172 543 καὶ
1218 487 1428 542 Ἀϐιοὶιδ
1467 491 1592 547 τοὺς
1652 487 1834 556 ἀρχιεο
1868 497 1907 550 Α

1822 517 1834 528 -
1868 497 1907 550 Α
1941 485 2238 542 ΟΠυι-οιιιοε
2271 504 2336 541 ex
2363 501 2469 540 non
2508 485 2613 539 isto
2644 484 2763 554 igne
2799 483 2983 539 Nadab
3015 494 3068 538 et
3103 485 3279 540 Abiud
3316 500 3499 538 sacer—

248 587 398 648 ρεῖς,
428 581 676 652 θεηλάτῳ
704 581 888 651 πληγῇ
914 597 1122 634 καταπε
1134 582 1323 642 σόντας
1354 578 1625 642 ἀπέδειξε.

331 762 607 833 Καθαρῶν
633 763 728 815 καὶ
761 762 835 832 μὴ
869 759 1128 830 καθαρῶν
1159 759 1312 823 ζώων
1343 759 1616 830 διάκρισιν
1643 759 1833 826 ἐποιή-

252 872 414 910 σατο.
462 855 634 924 ’Υπὲρ
700 838 986 924 ἁμαρτιῶν
1040 853 1247 915 λύσεως
1294 852 1394 913 τας
1446 853 1838 920 ἀφωρισμένας

250 949 456 1010 Θυσίας
487 948 716 1010 ἐπέταξε
746 947 858 1000 δεῖν
893 944 1284 1014 προσάγεσθαι.
1317 944 1550 1013 Λεπρῶν
1585 945 1677 995 καὶ
1711 945 1839 994 ἁνα-

255 1044 458 1110 τ.ήρων
511 1024 814 1110 διακρίσεις
865 1039 974 1091 ἀπὸ
1032 1037 1132 1106 τῆς
1167 1037 1321 1106 ἱερᾶς
1360 1036 1685 1102 συναγωγῆς
1736 1034 1838 1085 ὑπ-

257 1133 464 1197 έδειξε,
485 1131 732 1200 καὶπερὶ
759 1130 1079 1199 καθάρσεως
1107 1128 1284 1181 αὐτῶν
1318 1127 1438 1180 τίνα
1468 1125 1837 1196 προσάγεσθαι

255 1227 358 1276 καὶ
392 1226 541 1285 ὅπως
593 1221 700 1291 χρὴ
748 1220 1051 1283 διετάξατο.
1101 1220 1239 1281 Τοὺς
1279 1218 1646 1288 Ἀμορραίους
1681 1218 1837 1269 ἀναι-

261 1320 411 1384 μωτὶ
443 1314 744 1374 κατελθὼν,
771 1314 867 1381 τὴν
893 1313 995 1381 γῆν
1019 1313 1200 1364 αὐτῶν
1229 1313 1348 1373 ταῖς
1383 1311 1476 1362 δύο
1510 1309 1708 1378 φυλαῖς
1742 1307 1837 1360 τοῦ

279 1408 502 1460 Ῥουῦιν
521 1409 612 1460 καὶ
635 1406 727 1458 τοῦ
761 1407 866 1458 Γὰδ
893 1404 1188 1472 ἀπένειμεν
1217 1404 1293 1464 είς
1319 1403 1574 1472 κλήρους.
1603 1402 1703 1453 Τὸν
1733 1400 1839 1452 τῶν

259 1501 614 1556 Μαδιανιτῶν
652 1500 830 1553 ἀνεῖλε
874 1498 1119 1567 βασιλέα,
1152 1497 1359 1548 καὶτὸν
1386 1497 1579 1565 μάντιν
1608 1494 1839 1565 Βαλαὰμ

262 1591 718 1661 κακοσύμόουλον
774 1589 923 1660 αὑτῷ
986 1591 1128 1642 κατὰ
1181 1587 1276 1640 τοῦ
1326 1587 1458 1640 λαοῦ
1525 1587 1838 1656 γενόμενον.

263 1684 407 1744 Τοὺς
462 1681 819 1742 τελεσθέντας
853 1681 931 1748 τῷ
970 1678 1295 1748 Βεελφεγὼρ
1321 1679 1383 1730 ἐκ
1416 1677 1507 1730 τοῦ
1556 1677 1684 1731 λαοῦ
1728 1676 1842 1728 δισ-

276 1777 506 1846 μυρίους
562 1773 1027 1843 τετρακισχιλίους
1046 1771 1570 1842 ἁναιρεθησομένους
1591 1771 1836 1839 προεῖπε.

337 1949 573 2018 Σημεῖον
597 1950 692 2002 καὶ
715 1947 885 2000 τύπον
911 1945 1011 2000 τοῦ
1042 1945 1310 2016 σωτηρίου
1337 1945 1569 2015 σταυροῦ
1606 1945 1664 1996 ἐν
1689 1936 1840 2013 ᾧπερ

264 2043 566 2111 ἀνέστησεν
597 2042 717 2110 ὄφει
740 2038 927 2110 χαλκῷ
955 2038 1420 2111 προκατεὸάλετο,
1550 2037 1844 2108 προσέχον-

264 2150 355 2196 τες
378 2135 424 2185 οἱ
455 2133 777 2202 δακνόμενοι
810 2132 914 2185 ὑπὸ
940 2131 1048 2183 τῶν
1070 2130 1250 2200 δφεων
1276 2131 1374 2184 οὐκ
1396 2129 1737 2185 ἀπώλλυντο.

339 2319 510 2370 Πέντε
554 2316 771 2386 βίϐλους
801 2315 877 2386 τῷ
921 2314 1036 2385 λαῷ
1067 2313 1372 2380 συνέταξεν,
1399 2313 1474 2374 εἴς
1515 2329 1574 2364 τε
1606 2312 1835 2382 μελέτην

258 2411 489 2478 διηνεκῆ
537 2409 632 2462 καὶ
659 2407 1011 2461 διδασκαλίαν
1039 2407 1214 2474 λόγων
1263 2407 1445 2476 ιερῶν,
1487 2407 1580 2458 καὶ
1621 2408 1841 2475 μνήμην

259 2502 373 2555 τῶν
406 2500 548 2570 ὑπὲρ
581 2499 762 2554 αὐτῶν
793 2499 888 2552 καὶ
933 2500 1010 2562 εἰς
1049 2499 1246 2561 αὐτοὺς
1288 2497 1693 2566 γεγενημένων,
1749 2497 1841 2548 καὶ

266 2592 613 2662 προφητείαν
633 2589 742 2642 τῶν
775 2590 1035 2642 ἐπιόντων
1065 2589 1246 2650 αὐτοῖς
1268 2586 1476 2648 δεινῶν,
1505 2585 1747 2655 ῥᾳθυμίᾳ⁴
1780 2602 1838 2637 τε

261 2684 378 2736 ἀπὸ
404 2684 500 2750 τῆς
520 2681 826 2746 εὐσεϐείας,
857 2681 952 2732 κα.)⁸
977 2679 1263 2734 ἁποκλίσει
1285 2681 1349 2747 τῇ
1376 2678 1468 2728 ἐπὶ
1499 2677 1840 2738 δυσσέϐειαν,

263 2777 582 2828 κατέλιπεν.
640 2773 798 2826 Ἀλλὰ
846 2774 940 2826 καὶ
1169 2771 1377 2832 αὐτοῖς,
1435 2769 1571 2837 μετα
1612 2768 1709 2837 τὴν
1752 2770 1841 2819 ἐπὶ

261 2869 365 2936 τὴν
389 2866 477 2919 διὰ
510 2865 786 2936 θαλάσσης
818 2863 1092 2932 σωτηρίαν
1141 2860 1589 2929 καταλεχθεῖσαν,
1645 2860 1840 2927 ἑτέραν

250 2957 418 3031 ᾖσεν,
465 2958 538 3022 ὡς
570 2959 638 3010 τὰ
665 2957 792 3024 ἔθνη
839 2954 1306 3025 προ-τιμηθήσεται
1338 2953 1519 3004 αὐτῶν
1569 2953 1837 3020 δυσσεὸη-

265 3052 501 3112 σάντων,
535 3051 600 3101 τα
629 3050 871 3118 πρότερα
923 3046 1183 3108 ἀσύνετα,
1217 3046 1309 3096 καὶ
1341 3044 1445 3096 ὑπὸ
1476 3043 1609 3095 Θεοῦ
1671 3060 1841 3112 προσ-

1937 581 2112 643 dotes,
2145 579 2407 634 divinitus
2458 577 2706 632 itmnisse
2739 579 2962 632 vulnere
3008 578 3392 632 eccumbentes
3421 594 3509 632 es-

1939 669 2131 723 tendit.

2008 760 2334 813 Mundorum
2364 770 2418 814 et
2444 775 2550 814 non
2588 758 2917 814 nmnderum
2953 760 3275 814 animalium
3313 760 3506 815 discri-

1939 870 2061 909 men
2090 853 2287 908 ellecit.
2322 853 2426 906 Pro
2454 861 2799 922 peccatorum
2849 853 3169 907 remissione
3211 853 3506 905 constituta

1941 947 2210 1000 sacriﬁcia
2252 947 2504 1014 prtecepit
2533 946 2713 999 ellerri
2750 955 3025 1014 oportere.
3058 943 3420 1013 Leprosorum
3445 958 3509 998 ac

1940 1040 2152 1094 defectu
2181 1039 2543 1092 laborantium
2587 1042 2919 1092 sccretienes
2970 1052 3000 1090 a
3033 1051 3194 1090 sacro
3222 1046 3365 1090 etetu
3406 1037 3505 1089 eb-

1941 1131 2237 1187 servaudas
2260 1130 2448 1193 edixit,
2476 1139 2638 1198 atque
2671 1143 2768 1198 pro
2789 1128 3101 1182 eorumdem
3133 1128 3509 1196 pnriticatiene

1941 1239 2061 1293 quae
2117 1232 2172 1277 et
2236 1222 2513 1292 quomodo
2574 1219 2848 1274 elferenda
2908 1229 3090 1273 essent
3155 1218 3507 1288 prmscripsit.

1939 1315 2270 1370 Amorrbaeis
2294 1314 2412 1368 sine
2440 1327 2664 1367 suorum
2689 1313 2954 1380 sanguine
2987 1312 3249 1375 subactis,
3308 1321 3506 1364 terram

1946 1409 2163 1462 illorum
2201 1407 2413 1460 duabus
2443 1405 2692 1459 tribubus
2719 1403 2908 1458 Ruben
2941 1412 2997 1457 et
3072 1403 3187 1456 Gad
3230 1404 3281 1455 in
3326 1412 3506 1456 sertes

1941 1499 2247 1556 distribuit.
2287 1499 2698 1552 Madianitarum
2732 1511 2908 1565 regem
2953 1493 3191 1556 sustulit,
3222 1502 3508 1560 vatemque

1941 1591 2160 1646 Balaam
2195 1591 2414 1660 pessimi
2451 1591 2590 1659 apud
2615 1605 2738 1642 eum
2772 1598 3049 1642 auctorem
3075 1584 3288 1638 consilii
3317 1583 3507 1636 adver-

1943 1699 2038 1738 sus
2066 1683 2348 1753 populum.
2378 1680 2623 1735 initiatos
2656 1680 3017 1748 lleelpltcgoro
3046 1692 3109 1730 ex
3140 1676 3357 1746 populo,
3415 1675 3509 1747 qui

1944 1777 2008 1830 ad
2041 1775 2229 1846 viginti
2262 1784 2495 1845 quatuor
2522 1774 2687 1828 millia
2718 1781 2893 1834 erant,
2921 1768 3274 1823 internecioni
3303 1767 3513 1822 dandos

1945 1870 2215 1940 pra-dixit.

2017 1961 2242 2031 Signum
2274 1975 2339 2015 ac
2371 1970 2555 2030 typum
2607 1955 2900 2012 salutifera:
2925 1955 3106 2010 crucis
3162 1955 3215 2008 in
3249 1962 3501 2008 anteces-

1945 2071 2068 2110 sum
2099 2053 2346 2109 exhibuit
2379 2053 2431 2105 in
2457 2067 2522 2105 eo
2557 2064 2718 2120 quem
2750 2048 2923 2102 erexit
2975 2062 3127 2101 :eneo
3177 2053 3426 2115 serpente
3491 2060 3506 2098 :

1943 2148 1998 2201 in
2033 2162 2194 2216 quem
2229 2146 2571 2199 intendentes
2617 2142 2710 2212 qui
2749 2156 2778 2194 a
2803 2138 3146 2210 serpentibus
3193 2136 3362 2191 mersi
3394 2135 3510 2190 fue-

1942 2246 2087 2299 rant,
2120 2251 2224 2290 non
2269 2235 2584 2287 interibant.

2015 2329 2269 2395 Quinque
2308 2327 2476 2379 libros
2510 2325 2709 2393 populo
2737 2324 3062 2394 composuit,
3095 2336 3233 2390 quos
3294 2320 3374 2374 eis
3424 2334 3509 2373 rc-

1943 2422 2102 2491 liquit
2141 2421 2204 2473 ad
2235 2420 2419 2488 jugem
2472 2416 2877 2470 meditationem
2910 2430 2972 2468 ac
3024 2413 3368 2482 disciplinam
3423 2427 3513 2465 sa-

1943 2529 2164 2568 crorum
2191 2524 2532 2590 sermonum,
2565 2507 2631 2561 ad
2661 2506 2980 2560 memoriam
3016 2507 3144 2559 item
3171 2519 3362 2558 eorum
3390 2517 3512 2573 qua:

1943 2622 2042 2674 pro
2088 2604 2218 2671 ipsis
2263 2602 2346 2655 vel
2403 2609 2594 2654 contra
2646 2601 2793 2668 ipsos
2834 2598 2971 2652 facta
3006 2607 3151 2662 sunt,
3189 2595 3240 2650 in
3280 2596 3512 2664 prophe-

1945 2698 2072 2748 tiam
2103 2707 2318 2760 quoque
2338 2692 2765 2744 obventurorum
2791 2687 2923 2758 ipsis
2951 2687 3241 2748 malorum,
3273 2685 3388 2738 sive
3440 2683 3513 2736 ob

1944 2786 2256 2842 socordiam
2291 2785 2344 2836 in
2372 2785 2533 2837 rebus
2567 2781 2864 2851 religionis,
2906 2780 3020 2833 sive
3075 2778 3147 2832 ob
3190 2776 3514 2848 propensio—

1945 2895 2064 2932 nem
2103 2880 2154 2931 in
2189 2872 2542 2945 impietatem.
2576 2875 2717 2942 Quin
2748 2873 2911 2927 etiam
2938 2887 3158 2926 carmen
3192 2871 3320 2935 illis,
3369 2884 3506 2939 pra:-

1946 2979 2026 3022 ter
2055 2967 2182 3022 illud
2214 2966 2360 3036 quod
2396 2965 2684 3018 recitatum
2746 2962 2927 3017 fuerat
2956 2961 3025 3015 ob
3048 2959 3360 3014 cvasionem
3420 2970 3514 3025 per

1946 3061 2186 3114 medium
2223 3074 2394 3118 mare.
2443 3057 2590 3109 aliud
2619 3055 2842 3112 cecinit.
2893 3054 3046 3106 aiens
3085 3059 3271 3121 gentes
3321 3049 3514 3118 praela-

263 3142 611 3210 ληφθήσεται
637 3140 772 3209 πρὸς
810 3137 1192 3209 παροργισμὸν
1223 3136 1419 3199 αὐτῶν,
1455 3137 1562 3187 τῶν
1605 3138 1697 3188 ἐπὶ
1722 3137 1838 3195 ταῖς
1867 3173 1914 3234 C

1836 3153 1838 3160 ’
1867 3173 1914 3234 C
1937 3165 2061 3219 tum
2093 3153 2157 3205 iri
2196 3152 2329 3222 ipsis
2361 3151 2525 3219 impie
2563 3148 2877 3217 agentibus,
2914 3161 3034 3215 qua!
3069 3144 3219 3213 prius
3248 3142 3513 3210 insipien-

265 3233 492 3293 πολλαῖς
552 3229 1018 3308 είδωλολατρείαις
1052 3230 1508 3298 παροργισάντων
1554 3229 1644 3279 τὸν
1687 3228 1836 3278 Θεὸν.

270 3325 430 3375 Ἐστι
464 3324 521 3375 δὲ
550 3324 618 3377 τὰ
653 3324 813 3375 πέντε
863 3320 1028 3375 αὐτοῦ
1081 3320 1259 3390 βιϐλία
1312 3322 1549 3385 Γένεσις,
1600 3320 1837 3385 Ἐξοδος,

265 3414 572 3481 Λευῖτικδν,
618 3412 890 3485 Ἀριθμοὶ,
931 3410 1376 3482 Δευτερονόμιον.

261 3748 513 3802 ΚΕΦΑΛ.
544 3745 620 3802 0’.
675 3775 744 3786 —
779 3746 914 3801 τίνα
955 3745 1026 3801 τὰ
1080 3744 1178 3801 διὰ
1259 3746 1462 3815 Ἰησοῦ
1509 3746 1616 3801 τοῦ
1670 3746 1837 3816 Ναυῆ

337 3818 803 3872 ἐπιτελεσθέντα
852 3818 1091 3886 σημεῖα,
1131 3817 1227 3870 καὶ
1259 3819 1330 3872 δι’
1365 3820 1553 3872 αὐτοῦ
1609 3819 1687 3884 τῷ
1716 3820 1841 3885 Jac?)

338 3887 825 3958 κατεργτισθέντα
862 3890 1152 3958 θαύματα.

339 4051 445 4102 Τὸν
489 4051 762 4120 Ἰορδάνην
791 4047 1058 4118 ποταμὸν,
1084 4050 1162 4110 είς
1186 4048 1248 4100 τὸ
1283 4047 1569 4118 παρελθεῖν
1604 4050 1693 4101 τὸν
1718 4051 1840 4102 λα’,ν

271 4144 366 4194 ἐπὶ
398 4142 496 4207 τὴν
525 4143 623 4209 τῆς
658 4142 999 4207 ἐπαγγελίας
1033 4140 1158 4209 γῆν,
1183 4141 1368 4192 διεῖλε,
1399 4140 1612 4192 Δώδεκα
1639 4140 1839 4204 λίθους,

269 4236 418 4287 κατὰ
458 4233 688 4302 ἀριθμὸν
715 4232 821 4284 τῶν
855 4232 1062 4284 δώδεκα
1102 4230 1305 4300 φυλῶν,
1353 4233 1417 4283 ὲκ
1450 4231 1546 4284 τοῦ
1595 4232 1840 4301 ποταμοῦ

267 4324 708 4394 ἀνακομισθῆναι
744 4324 1037 4392 μεγάλους,
1072 4324 1151 4386 είς
1187 4324 1530 4393 μνημόσυνον
1557 4323 1840 4376 ἀποτεθει-

269 4420 468 4487 μένους
499 4416 574 4487 τῷ
602 4416 714 4485 λαῷ
748 4416 847 4486 τῆς
875 4416 1101 4486 πορείας
1141 4415 1330 4479 αὑτοῦ,
1356 4416 1453 4484 τῆς
1479 4415 1566 4468 διὰ
1589 4416 1684 4469 τοῦ
1745 4417 1841 4485 ξη-

1944 3259 2024 3303 tes
2054 3257 2231 3309 erant,
2280 3262 2509 3316 qumque
2537 3260 2563 3298 a
2600 3246 2707 3298 Dee
2738 3251 3090 3296 assumentur
3131 3240 3197 3294 ad
3251 3238 3510 3293 irritatio-

1945 3356 2068 3394 nem
2100 3341 2364 3409 ipsorum,
2397 3338 2593 3405 quippe
2638 3335 2732 3402 qui
2763 3333 2952 3388 multis
3013 3331 3333 3386 idelolatriis
3379 3344 3510 3384 esa-

1943 3432 2282 3489 cerbavcrint
2315 3429 2506 3483 Deum.
2565 3427 2706 3481 Sunt
2735 3441 2898 3496 perro
2949 3424 3192 3494 quinque
3214 3421 3335 3476 libri
3393 3420 3510 3490 ejus

1943 3524 2191 3586 Genesis,
2249 3523 2486 3584 Exedus,
2520 3519 2812 3580 Leviticus.
2865 3517 3105 3581 Numeri,
3174 3513 3513 3568 Deutcrene-

1944 3634 2136 3674 ιιιιυιιι.

1942 3771 2097 3828 CAP.
2136 3769 2300 3822 LXX.
2329 3797 2396 3807 —
2432 3767 2565 3833 Quae
2592 3775 2712 3820 sunt
2758 3763 3024 3833 prodigia;
3057 3762 3121 3815 ab
3167 3759 3301 3833 [esu
3363 3756 3512 3833 Nare

2014 3851 2330 3911 perpetrata,
2398 3830 2466 3894 σι’
2499 3855 2590 3908 per
2647 3830 2812 3906 ipsum
2867 3830 3058 3903 populo
3118 3831 3306 3898 effecta
3343 3830 3510 3880 mira-

2013 3918 2152 3966 cuiu.

2012 4065 2299 4119 Jerdauem
2342 4065 2562 4117 ﬂuvium
2594 4061 2796 4121 divisit,
2832 4069 2888 4112 ut
2917 4057 3148 4126 populus
3173 4052 3426 4106 transiret
3456 4049 3508 4103 in

1947 4166 2148 4211 terram
2209 4156 2611 4226 promissionis.
2695 4151 2983 4206 Duodecim
3055 4147 3279 4216 lapides.
3349 4144 3504 4212 juxta

1944 4265 2230 4302 numerum
2267 4248 2552 4301 duodecim
2605 4246 2868 4306 tribuum,
2920 4255 3146 4310 magnos
3179 4255 3245 4292 ex
3291 4234 3513 4290 ﬂumine

1947 4339 2128 4392 aﬂerri
2184 4339 2369 4406 jussit,
2404 4337 2709 4405 deponique
2744 4350 2775 4388 a
2825 4333 3024 4403 pepulo
3081 4331 3134 4383 in
3188 4326 3508 4382 memoriam

1947 4430 2160 4484 itineris
2189 4431 2296 4493 sui,
2333 4431 2478 4499 quod
2511 4430 2816 4483 confecerat
2863 4441 2958 4496 per
3013 4422 3252 4478 medium
3329 4416 3509 4473 arefa-

269 4509 369 4578 ροῦ
408 4509 706 4578 γενομένου
738 4507 1010 4577 ποταμοῦ,
1042 4505 1394 4578 προσέταξεν.
1434 4508 1545 4569 Τὰς
1575 4509 1838 4578 ἐξήκοντα
1871 4517 1914 4572 ι)
1943 4549 1946 4570 .

1832 4529 1838 4560 ι
1871 4517 1914 4572 ι)
1943 4533 2087 4578 ctum
2120 4523 2340 4576 ﬂumen.
2370 4522 2633 4576 Sescenta
2665 4521 2833 4574 millia
2858 4516 3040 4588 populi
3073 4512 3298 4583 lapideis
3314 4508 3509 4580 gladiis

270 4601 541 4671 μυριάδας
571 4602 665 4654 τοῦ
711 4600 842 4654 λαοῦ
889 4600 1168 4670 πετρίναις
1191 4601 1484 4668 περιέτεμε
1518 4603 1835 4671 μαχαίραις.

265 4695 350 4746 ἰἀ
385 4696 440 4744 ὲν
486 4692 696 4762 Ίεριχὼ
732 4694 886 4762 τείχη
926 4691 1242 4759 σαλπίγγων
1272 4694 1375 4761 ἠχῇ
1418 4694 1837 4762 κατεστρέψατο.

266 4786 374 4838 Τὸν
407 4786 834 4852 ἱεροσυλήσαντα
871 4784 1184 4852 Ἀχαραῖον,
1224 4783 1290 4835 δ.’
1325 4784 1382 4835 δν
1410 4788 1436 4836 ὁ
1469 4783 1593 4846 λαὸς
1620 4787 1837 4853 ἡττᾶτο,

266 4877 548 4947 κληρωτὸν
616 4877 912 4946 ἀνεύρηκε,
978 4877 1070 4927 καὶ
1125 4876 1460 4929 λιθόλευστον
1495 4878 1692 4932 ἀνεῖλε.
1731 4879 1840 4940 Τὰς

267 4971 453 5030 πόλεις
477 4967 585 5021 τῶν
611 4967 802 5031 ἐθνῶν,
835 4973 928 5020 καὶ
951 4969 1075 5029 τοὺς
1097 4965 1333 5035 βασιλεῖς
1366 4969 1544 5021 αὐτῶν
1571 4969 1840 5037 ἁναιμω.ὶ

265 5063 629 5132 παρείληφεν.

264 5154 345 5224 τῷ
367 5152 480 5223 λαῴ
511 5152 836 5220 γεγονότων,
872 5153 1146 5224 πολεμῶν,
1181 5155 1261 5216 είς
1294 5153 1506 5207 τελείαν
1551 5153 1706 5223 νίκην
1743 5156 1840 5224 τὴν

268 5245 410 5313 ὑπὲρ
437 5243 618 5298 αὐτῶν
644 5244 734 5295 τὸν
756 5243 910 5313 ἡλίου
933 5244 1132 5314 δρόμον
1159 5244 1380 5315 ἔστησε.

337 5337 475 5398 Ταῖς
529 5335 725 5404 φυλαῖς
781 5335 923 5389 κατὰ
977 5336 1214 5406 κλήρους
1246 5337 1426 5390 αὐτῶν
1477 5337 1575 5408 τὴν
1607 5339 1732 5407 γῆν,
1775 5341 1841 5408 ἣν

269 5428 594 5499 παρειλήφει
624 5427 773 5497 παρὰ
792 5427 901 5482 τῶν
925 5427 1116 5490 ἐθνῶν,
1146 5428 1453 5498 κατένειμε.
1505 5429 1595 5500 Τῷ
1653 5447 1840 5483 πιστο-

265 5524 413 5593 τάτῳ
437 5522 613 5575 Χαλὲϐ
650 5521 727 5592 τῷ
754 5521 848 5576 τοῦ
895 5523 1137 5594 Ἰεφωνῆ,
1171 5524 1261 5578 τὸν
1294 5524 1442 5590 ἄξιον
1493 5525 1658 5578 αὑτοῦ
1708 5525 1840 5596 κλῆ-

269 5631 362 5684 ρον
394 5615 678 5684 ἀπένειμε.
708 5614 818 5685 Τὴν
853 5616 1039 5678 Ῥαὰϐ,
1072 5617 1170 5685 τὴν
1200 5619 1322 5680 τοὺς
1352 5619 1724 5676 κατασκόπους
1755 5619 1837 5671 δε-

270 5708 532 5778 ξαμένην,
587 5709 832 5778 ἐτίμησε,
889 5708 968 5777 τῷ
1019 5707 1133 5779 λαῷ
1192 5711 1602 5778 συγκαταταξας
1648 5715 1838 5782 αὑτήν.

268 5800 392 5862 Τοῖς
427 5800 632 5868 ἱερεῦσι
685 5803 775 5854 καὶ
824 5802 936 5864 τοῖς
981 5802 1234 5867 Λευῖταις
1263 5803 1360 5864 τὰς
1393 5804 1574 5867 πόλεις
1633 5807 1725 5858 καὶ
1775 5807 1840 5858 τὰ

701 5061 868 5132 Ὑπὲρ
919 5061 1300 5124 Γαὸαωνιτῶν,
1363 5061 1470 5112 τῶν
1527 5061 1840 5130 αὐτομόλων

1945 4612 2306 4666 circumcidit.
2324 4609 2658 4666 Jericliuntis
2678 4622 2862 4662 mures
2878 4608 3131 4660 tubarum
3149 4597 3508 4657 senoeverlit.

1943 4705 2263 4758 Acbaraaum
2298 4703 2474 4758 iurem
2509 4702 2858 4772 sacrilegum,
2889 4708 3109 4770 propter
3138 4709 3298 4766 quem
3331 4705 3507 4761 popu-

1946 4800 2030 4850 Ius
2063 4799 2313 4851 hostibus
2347 4798 2733 4859 succubuerat,
2767 4811 2861 4864 per
2891 4803 3068 4848 sortes
3097 4786 3325 4849 invenit,
3357 4792 3409 4836 et
3432 4782 3510 4835 la-

1944 4891 2184 4960 pidatum
2220 4890 2338 4942 neci
2367 4890 2536 4942 dedit.
2566 4887 2824 4942 Gentium
2890 4886 3072 4946 urbes,
3127 4890 3182 4934 et
3216 4891 3370 4946 reges
3419 4888 3512 4927 ea-

1946 4997 2066 5034 rum
2124 4983 2260 5034 citra
2319 4982 2640 5048 sanguinem
2684 4981 2846 5048 cepit.
2887 4978 2992 5031 Pro
3023 4971 3362 5030 Gabaonitis.
3415 4964 3507 5034 qui

1943 5089 2062 5128 sc'se
2091 5083 2282 5141 sponte
2332 5073 2592 5126 dederant
2654 5071 2874 5140 populo,
2930 5069 3124 5121 bellum
3171 5077 3385 5134 gerens.
3439 5057 3508 5111 ad

1947 5162 2241 5233 periei-tam
2268 5165 2549 5217 victoriam
2579 5177 2678 5232 pro
2697 5162 2802 5214 illis
2835 5155 3196 5218 referendam.
3226 5153 3361 5208 solis
3385 5165 3506 5203 cur-

1946 5272 2066 5310 sum
2103 5258 2259 5310 stitit.

2015 5346 2290 5402 Tribubus
2360 5362 2455 5416 per
2495 5356 2670 5402 sortes
2702 5360 2891 5400 earum
2960 5354 3181 5404 terram,
3237 5353 3397 5410 quam
3444 5335 3511 5388 de

1945 5442 2198 5511 gentibus
2237 5449 2542 5510 acceperat,
2593 5439 2890 5493 distribuit.
2943 5436 3236 5490 Fidissime
3303 5428 3510 5486 Chaleb

1941 5530 2203 5600 Jeplienis
2229 5531 2362 5597 tilio,
2402 5531 2620 5599 dignam
2669 5531 2761 5582 illo
2794 5528 3158 5583 bazreditatem
3191 5519 3511 5591 assignavit.
3570 5541 3579 5559 ε

1951 5623 2122 5686 ltaab,
2188 5637 2311 5691 qua:
2368 5624 2744 5690 exploratores
2801 5629 3138 5688 susceperat,
3201 5614 3509 5678 honoravit,

1945 5731 2068 5768 eam
2101 5716 2282 5784 populi
2312 5715 2531 5768 civitate
2561 5715 2835 5768 donando.
2877 5712 3264 5767 Sacerdotibus
3309 5722 3372 5761 ac
3405 5704 3507 5758 Le-

1949 5811 2071 5863 vitis
2114 5811 2276 5864 urbes
2308 5820 2469 5879 atque
2503 5811 2760 5865 suburbia
2794 5808 3112 5878 assignavit.
3153 5806 3259 5860 Sex
3317 5799 3510 5870 rel'tti‘sii
