4248 6438
725 352 787 416 71
2201 349 2500 410 JOSEPPI
3905 348 3979 411 79

726 462 974 515 civitates
997 457 1301 521 constituit.
1334 457 1588 511 universa
1621 467 1876 527 operatus
1901 455 1967 509 ad
2028 458 2295 508 amussim
2325 459 2371 515 Λ
2402 481 2403 487 η

2325 459 2371 515 Λ
2402 456 2699 524 προάστεια
2716 453 3039 508 ἀποδέδωκε.
3086 454 3194 517 Τὰς
3213 454 3673 525 φυγαδευτηρίους
3704 456 3761 522 ἐξ
3796 458 3984 523 πόλεις

730 554 1095 607 Mosaicarum
1143 550 1623 605 constitutiouum.
1665 551 1799 601 llum
1863 547 2160 601 dimitteret
2196 561 2293 615 po-

730 647 915 714 pulum
972 646 1039 699 ad
1096 644 1439 698 luereditates
1487 657 1622 713 quas
1667 644 1887 711 ipsemet
1920 639 2293 703 distribuerat,

732 739 962 806 lapidem
993 734 1164 790 erexit
1194 734 1247 787 iu
1307 734 1678 788 testimonium
1729 746 1945 796 eorum,
1996 746 2118 800 qua:
2176 731 2307 799 ipsis

732 831 874 882 dicta
909 827 1144 889 fuerant,
1176 826 1323 894 quod
1385 839 1507 877 vera
1535 831 1737 877 essent.
1774 820 1849 875 Ea
1910 835 2073 890 porro
2134 819 2305 884 fluere,

732 922 876 989 quod
919 927 1040 988 post
1086 917 1291 970 obitum
1344 916 1488 969 illius
1527 912 1841 967 derelicturi
1906 920 2089 965 essent
2142 910 2308 962 Deum

735 1010 1059 1061 salvatorem
1159 1015 1320 1069 atque
1406 1002 1759 1071 praepositum
1841 1015 1999 1055 suum
2098 1011 2308 1051 necnon

736 1099 1006 1152 adluesuri
1043 1098 1279 1165 gentium
1317 1096 1524 1147 idolis:
1582 1093 1937 1163 quamobrem
2004 1098 2059 1145 et
2117 1089 2216 1158 ipsi
2278 1103 2309 1141 a

752 1193 862 1246 l)eo
888 1190 1154 1251 derelicti,
1186 1188 1529 1241 da'ntuuibus
1583 1201 1718 1255 quos
1750 1185 2028 1254 elegerunt
2061 1183 2309 1237 tradendi

739 1295 942 1345 essent.
1000 1297 1063 1336 ac
1124 1291 1246 1350 post
1308 1281 1506 1334 multas
1562 1277 2085 1341 animadversiones,
2169 1290 2310 1344 quas

738 1382 897 1430 etiam
954 1377 1007 1428 in
1040 1375 1283 1444 paternis
1338 1370 1745 1425 bzeieditatibus
1780 1372 2035 1436 degentes
2078 1368 2311 1423 subituri

736 1477 885 1533 sunt,
923 1467 1245 1535 ejectiouem
1303 1464 1370 1517 de
1440 1473 1581 1516 terra
1630 1462 1742 1523 illa.
1810 1461 2313 1530 dispersionemque

736 1561 878 1615 inter
917 1567 1101 1627 gentes
1139 1555 1559 1625 ignominiosam
1590 1553 1695 1608 sibi
1724 1554 2084 1607 obventuram
2116 1552 2309 1606 scient.

737 1716 890 1772 CAP.
944 1714 1129 1771 LXXI.
1186 1743 1256 1755 ——
1308 1714 1565 1778 Quanam
1612 1711 1881 1766 mirabilia
1934 1725 2028 1778 per
2094 1707 2311 1762 Judiccr

1372 1784 1515 1853 facta
1541 1792 1685 1836 sunt.

808 1946 1243 2001 Adonibezecum
1274 1957 1452 2014 regem
1499 1940 1931 2003 Pbilistinorum,
1961 1939 2055 2009 qui
2095 1937 2314 2007 regibus

740 2040 1080 2110 septuaginta
1109 2047 1350 2091 extrema
1378 2034 1744 2088 membrorum
1768 2038 2137 2095 truncaverat,
2190 2029 2315 2081 vin-

738 2143 925 2187 centes
958 2132 1120 2194 bello,
1181 2130 1300 2196 ejus
1347 2127 1511 2195 pedes
1567 2138 1872 2193 manusque
1937 2122 2310 2185 succiderunt,

739 2227 1116 2296 plurimosque
1152 2221 1353 2275 milites
1379 2219 1526 2273 illius
1558 2233 1653 2288 per
1689 2216 1891 2271 tribum
1951 2212 2087 2269 Jnda
2148 2213 2317 2268 inter-

742 2314 956 2369 necioni
991 2313 1280 2366 dederunt.

819 2406 1019 2475 Regem
1058 2402 1418 2456 Mnabitarum
1454 2398 1622 2468 quiin
1662 2397 1983 2451 servitutem
2054 2394 2314 2465 populum

741 2500 1062 2568 redegerat;
1100 2494 1246 2547 Edon
1282 2488 1496 2564 [Eglon]
1521 2491 1634 2559 ipse
1667 2490 2003 2553 vocabatur;
2040 2488 2154 2542 Aod
2219 2487 2312 2557 ju-

741 2588 845 2639 dex
889 2584 1201 2642 adveniens,
1252 2592 1511 2648 tauquam
1550 2580 1643 2649 qui
1699 2579 1994 2633 benevolus
2041 2578 2140 2647 ipsi
2193 2594 2316 2648 p-o-

741 2687 860 2747 pter
898 2675 1219 2743 obsequium
1250 2673 1464 2727 futurus
1495 2681 1660 2734 esset,
1696 2687 2031 2741 muneraque
2061 2671 2315 2734 atterens,

742 2771 867 2821 dolo
903 2766 1193 2820 interfecit.
1229 2764 1363 2818 tium
1393 2765 1538 2817 enim
1594 2763 1948 2816 ambidexter
1980 2772 2126 2817 esset
2174 2763 2315 2824 Aod,

743 2862 897 2931 quasi
929 2859 1089 2913 vellet
1136 2857 1211 2911 illi
1268 2857 1522 2927 privatim
1573 2857 1729 2909 utilia
1765 2856 2012 2926 quaedam
2066 2872 2311 2919 narrare,

743 2955 966 3007 sinistra
1005 2966 1190 3016 manu,
1220 2950 1437 3005 nemine
1466 2958 1752 3020 praesente,
1788 2948 1841 3003 in
1894 2948 2150 3003 cubiculo
2190 2963 2315 3003 eum

744 3047 1011 3101 confodit.

2340 1813 2388 1873 B

2407 549 2679 612 ἀπέδειξε,
2743 547 2918 599 πάντα
2977 546 3335 616 κατορθώσας
3389 548 3532 599 κατὰ
3586 548 3683 611 τὰς
3737 549 3985 612 Μωσέως

2409 640 2713 709 ὑποθήκας.
2784 638 3061 691 Ἀπολύων
3105 639 3198 692 τὸν
3232 638 3361 693 λαὸν
3411 640 3505 691 ἐπὶ
3530 641 3655 703 τοὺς
3724 639 3985 711 κλήρους,

2408 730 2501 793 οὓς
2542 731 2865 800 κατένειμεν
2915 730 3100 794 αὐτὸς,
3137 731 3285 784 λίθον
3313 733 3541 801 ἔστησεν
3568 732 3647 795 είς
3684 731 3988 802 μαρτύριον

2408 824 2516 877 τῶν
2547 823 2640 876 ὑπ’
2701 822 2869 876 αὑτοῦ
2900 823 3210 894 λεγομένων
3270 826 3475 887 αὐτοῖς,
3517 823 3593 887 ὡς
3656 824 3832 895 ἀληθῆ
3874 826 3983 893 εῖη.

2418 918 2482 971 Ἀ
2515 917 2571 971 δὲ
2625 912 2716 988 ἦν,
2761 916 2837 979 ὡς
2879 919 2993 987 μετ’
3020 917 3184 972 αὐτὸν
3206 918 3596 986 καταλείψουσι
3627 917 3724 970 τὸν
3769 917 3987 987 σωτῆρα

2414 1010 2508 1061 καὶ
2542 1008 2855 1079 προστάτην
2895 1009 3074 1063 αὐτῶν
3097 1008 3390 1079 γενόμενον
3418 1009 3574 1073 Θεὸν,
3618 1014 3713 1063 καὶ
3742 1013 3856 1071 τοῖς
3878 1010 3991 1061 τῶν

2413 1098 2585 1152 ἐθνῶν
2614 1100 2857 1164 εἰδώλοις
2887 1101 3374 1172 προστεθήσονται,
3400 1100 3521 1154 ὅθεν
3557 1101 3650 1155 καὶ
3684 1100 3841 1153 αὐτοὶ
3879 1119 3989 1153 πα-

2416 1188 2794 1258 ραλειφθέντες
2848 1191 2954 1245 ὑπὸ
3006 1189 3164 1253 Θεοῦ,
3211 1190 3465 1258 δαίμοσιν
3524 1187 3721 1261 οἷσπερ
3776 1190 3991 1243 εῖλαντο

2412 1280 2814 1350 ἑκδοθήσονται,
2876 1284 2969 1335 καὶ
3002 1281 3141 1353 μετὰ
3192 1282 3395 1344 πολλὰς
3451 1281 3743 1351 τιμωρίας,
3778 1281 3843 1344 ἃς
3891 1282 3991 1334 καὶ

2413 1379 2472 1431 ἐν
2505 1382 2619 1443 τοῖς
2653 1378 2931 1450 πατρῴοις
2972 1380 3195 1450 κλήροις
3220 1373 3638 1448 ὑποστήσονται,
3667 1378 3765 1448 τὴν
3827 1377 3989 1431 ἐκϐο-

2413 1468 2532 1540 λὴν,
2560 1470 2658 1541 τὴν
2686 1471 2792 1523 ἀπὸ
2814 1471 2913 1539 τῆς
2936 1470 3064 1539 τῆς,
3090 1473 3183 1523 καὶ
3204 1473 3285 1534 είς
3307 1470 3377 1523 τὰ
3399 1470 3527 1541 ἐθνη
3552 1468 3858 1540 διασπορὰν
3892 1486 3991 1537 γε·

2414 1561 2720 1632 νησομένην
2755 1561 2935 1615 αὐτῶν
2962 1561 3159 1630 ἄτιμον
3195 1561 3609 1629 ἐπιγνώσονται.

2418 1714 2665 1770 ΚΕΦᾹΛ.
2706 1718 2831 1773 OA'.
2858 1748 2926 1759 -
2961 1717 3099 1772 Τίνα
3130 1719 3200 1770 τὰ
3231 1716 3328 1771 διὰ
3357 1716 3477 1772 τῶν
3504 1713 3719 1785 κριτῶν
3761 1714 3994 1783 θαυμά-

2974 1803 3077 1841 σια
3116 1789 3426 1857 γενόμενα.

2490 1944 2595 1997 Τδν
2636 1942 2993 2001 ’Δδωνιϐεζέκ
3022 1940 3246 2011 βασιλέα
3272 1941 3380 1995 τῶν
3421 1940 3784 2013 Ἀλλοιρύλων,
3837 1940 3992 1993 ἐϐδο-

2419 2036 2669 2105 μήκοντα
2706 2034 2945 2104 βασιλεῖς
3001 2034 3522 2104 άκρωτηριάσαντα,
3574 2034 3995 2104 πολεμήσαντες

2418 2126 2595 2179 ποδῶν
2644 2126 2739 2179 καὶ
2765 2124 2967 2195 χειρῶν
3028 2124 3306 2193 ἐξέτεμον,
3366 2124 3460 2175 καὶ
3529 2122 3760 2192 μυρίους
3819 2120 3994 2174 αὑτοῦ

2418 2218 2756 2291 στρατιώτας
2783 2218 2871 2270 διὰ
2891 2219 2988 2287 τῆς
3010 2214 3104 2269 τοῦ
3149 2215 3321 2270 ’ἰούδα
3351 2214 3523 2285 φυλῆς
3554 2216 3782 2268 ἀνεῖλον.

2487 2401 2592 2455 Τὸν
2620 2398 2844 2471 βασιλέα
2908 2397 3219 2452 Μωαϐιτῶν
3245 2394 3693 2465 δουλαγωγοῦντα
3723 2394 3815 2447 τδν
3837 2394 3995 2454 λαὸν.

2429 2491 2592 2543 Ἐδὼν
2622 2486 2885 2563 [Ἐγλὼν]
2932 2489 2987 2542 δέ
3009 2483 3162 2553 οὗτος
3211 2489 3477 2549 ἐκαλεῖτο,
3539 2486 3675 2539 ’Λὼδ
3725 2489 3755 2541 ὁ
3798 2487 3999 2558 κριτὴς

2418 2582 2681 2646 ἐπελθὼν,
2714 2582 2790 2646 ὼς
2821 2580 3007 2644 εὖνους
3032 2579 3183 2651 αύτῷ
3214 2579 3341 2649 περὶ
3372 2579 3469 2649 τὴν
3513 2579 3759 2650 ὑπακοὴν
3795 2580 3995 2649 ἐσόμε-

2416 2692 2527 2737 νος.
2557 2674 2649 2726 καὶ
2678 2673 3078 2745 δωροδοκήσας,
3106 2672 3283 2725 ἀνεῖλε
3315 2671 3473 2742 δόλῳ.
3517 2671 3999 2742 Ἀμφοτεροδέξιος

2418 2768 2523 2838 γάρ
2546 2766 2620 2820 ὢν
2646 2768 2673 2819 ὁ
2715 2766 2875 2831 Ἀὼδ,
2903 2765 2977 2827 ὡς
3010 2764 3337 2834 βουλόμενος
3364 2765 3513 2835 αύτῷ
3555 2765 3660 2836 ἰδίᾳ
3715 2782 3767 2818 τι
3815 2764 4000 2829 λέγειν

2417 2859 2529 2910 τῶν
2582 2857 2991 2928 συμφερόντων,
3057 2859 3124 2927 τῇ
3180 2856 3450 2927 εὐωνύμῳ
3504 2858 3669 2926 χειρὶ,
3726 2856 3998 2927 παρόντος

2418 2949 2659 3014 οὐθενὸς,
2684 2950 2765 3014 είς
2794 2949 2885 3001 τὸν
2916 2948 3152 3002 κοιτῶνα
3187 2949 3348 3002 αὐτὸν
3375 2948 3755 3020 διεχειρίσατο.

813 3137 1056 3191 Sisaram
1125 3150 1363 3207 quoque.
1402 3134 1838 3189 Cbauaumorum
1898 3133 2306 3203 imperatorem,
2344 3154 2388 3212 ο

2344 3154 2388 3212 c
2492 3129 2596 3181 Τὸν
2625 3127 2830 3197 Σισάρα
2868 3126 3030 3182 πάλιν
3059 3126 3286 3198 βασιλέα
3325 3129 3435 3181 τῶν
3472 3130 3793 3184 Χαναναίων
3852 3148 3994 3202 κρα-

745 3232 838 3295 qui
880 3230 1081 3300 pepulo
1109 3229 1496 3283 dominabatur
1527 3236 1746 3297 propter
1799 3226 1916 3297 ejus
1975 3226 2140 3296 impia
2190 3225 2320 3281 faci-

750 3338 900 3384 nora,
939 3320 1135 3373 mulier
1185 3317 1432 3388 quaedam
1490 3315 1759 3381 Debbora,
1806 3316 2027 3371 mittens
2055 3314 2318 3369 Baracum

749 3411 1026 3463 hominem
1079 3410 1145 3463 de
1204 3408 1345 3461 tribu
1402 3405 1771 3476 Nepbtbalim,
1824 3405 1971 3460 hunc
2014 3405 2320 3467 debellavit,

749 3510 913 3568 atque
945 3500 1142 3552 milites
1171 3499 1390 3567 quidem
1440 3497 1559 3565 ejus
1617 3508 1856 3566 quatuor
1894 3497 2064 3550 millia
2090 3496 2317 3561 cecidit;

750 3594 929 3659 ipsum
974 3606 1103 3645 vero
1139 3590 1379 3645 Sisaram
1435 3591 1610 3644 solum
1646 3588 2013 3657 aufugieutem
2075 3606 2105 3644 e
2157 3589 2320 3653 bello,

751 3682 902 3737 .lazel
944 3685 1191 3753 quaedam
1225 3683 1415 3736 animo
1462 3682 1700 3750 gestiens
1737 3681 1933 3735 mulier
1984 3682 2036 3734 in
2093 3684 2321 3735 domum

759 3792 914 3829 suam
946 3776 1350 3845 coul'ugientem
1404 3774 1567 3829 veluti
1617 3773 1669 3827 iu
1728 3774 1937 3844 asylum
2000 3774 2321 3842 suscipiens,

755 3869 893 3922 lacte
930 3877 1080 3936 potat
1114 3868 1413 3929 sitientem,
1438 3876 1491 3919 ct
1540 3866 1691 3919 bumi
1723 3865 1861 3934 sopit
1891 3881 1906 3930 ;
1964 3863 2322 3918 dormientem

752 3969 935 4013 autem
970 3960 1170 4027 ipsum,
1203 3958 1356 4012 clavo
1388 3973 1483 4028 per
1531 3966 1775 4027 tempora
1824 3955 2037 4020 adacto,
2065 3955 2322 4009 confecit.

756 4050 961 4101 Baraco
983 4064 1106 4101 eum
1183 4063 1375 4117 capere
1434 4047 1726 4116 quaeremi,
1784 4044 1931 4099 Jazel
1978 4047 2213 4100 ostendit
2267 4046 2321 4100 iu

753 4152 897 4195 terra
925 4142 1265 4195 transﬁxum.

826 4232 1012 4286 Itidem
1043 4232 1376 4285 instantibus
1432 4231 1629 4301 populo
1670 4230 2001 4295 Madianitis,
2035 4238 2325 4300 propterea

753 4325 897 4391 quod
928 4340 956 4376 a
1000 4322 1108 4376 Deo
1134 4324 1205 4376 ob
1266 4323 1572 4393 impietates
1630 4323 1810 4377 fuerat
1856 4323 2169 4386 derelictus,
2221 4322 2327 4376 Ge-

754 4418 894 4471 deon
953 4432 1048 4485 per
1092 4415 1342 4485 angelum
1398 4416 1559 4485 jtnlex
1623 4415 1964 4484 proponitur.
2010 4412 2117 4467 lste
2163 4428 2326 4482 porro

2419 3220 2615 3272 τοῦντα
2670 3219 2765 3272 τοῦ
2821 3218 2953 3273 λαοῦ
2988 3219 3074 3273 διὰ
3125 3219 3184 3272 τὸ
3236 3219 3560 3286 δυσσεϐεῖν,
3621 3221 3867 3295 Δεὸὀρρα
3912 3240 4000 3288 τις

2422 3313 2579 3381 γυνὴ,
2626 3314 2883 3366 στείλασα
2912 3313 3003 3366 τὸν
3026 3312 3235 3383 Βαράκ,
3264 3313 3355 3364 τὸν
3375 3315 3438 3365 ἐκ
3461 3313 3631 3384 φυλῆς
3654 3315 3996 3385 Νεφθαλείμ,

2424 3406 2616 3459 τοῦτον
2644 3403 3078 3475 κατεπολέμησε,
3111 3405 3205 3457 κα¹ι
3234 3406 3706 3476 τετρακισχιλίους
3766 3408 3864 3478 μὲν
3899 3410 4002 3461 αὐ-

2422 3498 2516 3551 τοῦ
2550 3497 2889 3568 στρατιώτας
2913 3498 3149 3569 ἀναιρεῖ,
3176 3499 3338 3552 αὑτὸν
3359 3499 3415 3552 δὲ
3440 3500 3531 3553 τὸν
3574 3501 3783 3570 Σισάρα
3837 3502 4002 3571 μόνον

2424 3591 2738 3660 ἀποδράντα
2758 3589 2852 3642 τοῦ
2882 3590 3147 3659 πολέμου,
3189 3589 3369 3660 Ἰαζήλ
3397 3607 3481 3654 τις
3517 3593 3817 3662 μαινομένη
3862 3594 4003 3664 γυνὴ

2426 3682 2696 3751 φεύγοντα
2729 3682 2863 3749 πρὸς
2893 3682 2992 3750 τὴν
3022 3681 3222 3749 ἑαυτῆς
3254 3682 3456 3746 οίκίαν,
3495 3683 3571 3745 ὡς
3624 3684 3703 3747 είς
3748 3701 4001 3753 καταφυ-

2425 3777 2529 3844 γὴν
2574 3774 2994 3844 προσηκαμένη,
3054 3773 3262 3837 ποτίζει
3295 3774 3528 3842 γάλακτι
3583 3774 3843 3844 διψῶντα,
3905 3782 4018 3852 καὶ.

2426 3868 2807 3937 κατακοιμίςει
2854 3866 2981 3938 τρὸς
3041 3865 3119 3936 τῷ
3174 3867 3383 3935 ἐδάφει.
3455 3868 4004 3939 Ἀποκαθευδήσαντα

2426 3958 2483 4011 δὲ
2518 3958 2701 4020 αὑτὸν,
2736 3958 3013 4011 πάσσαλον
3051 3957 3140 4011 διὰ
3166 3958 3260 4011 τοῦ
3289 3959 3522 4029 κράνους
3552 3960 3866 4030 περάσασα,
3887 3962 4006 4016 δια-

2427 4052 2655 4121 χρᾶταιο
2699 4049 2952 4120 ζητοῦντι
2980 4050 3034 4104 δὲ
3075 4051 3238 4104 αὐτὸν
3279 4051 3610 4105 καταλαϐεῖν
3658 4052 3736 4122 τῷ
3789 4054 4000 4126 Βαράκ,

2426 4143 2698 4196 δείκνυσιν
2743 4142 2923 4212 Ἰαζὴλ
2950 4144 3008 4196 ἐν
3037 4146 3102 4213 τῇ
3134 4145 3205 4214 γῇ
3236 4145 3753 4215 καταπεπαρμένον.

2500 4236 2669 4289 Πάλιν
2700 4237 3015 4290 Μαδιναίων
3046 4238 3416 4308 ἐπικειμένων
3439 4237 3519 4309 τῷ
3547 4238 3682 4310 λαῷ,
3708 4239 3795 4292 διά
3823 4240 3886 4292 τὸ
3908 4240 4004 4292 ἐπὶ

2427 4329 2549 4390 ταῖς
2584 4327 2931 4389 δυσσεϐείαις
2955 4329 3061 4381 ὑπὸ
3092 4329 3228 4382 Θεοῦ
3259 4330 3765 4399 ἐγκαταλελεῖφθαι,
3798 4331 4006 4386 Γεδεὼν

2431 4419 2498 4472 δι’
2526 4419 2759 4487 ἀγγέλου
2792 4420 3153 4490 προόάλλεται
3183 4421 3401 4491 κριτής.
3432 4423 3541 4475 Καὶ
3568 4425 3793 4493 σημεῖον
3846 4417 4005 4489 οὗτος

757 4510 972 4578 signum
1029 4517 1269 4576 postulat
1294 4508 1604 4578 bnjusmodi
1646 4507 1749 4562 sibi
1809 4506 1949 4569 dari,
2007 4506 2052 4559 si
2102 4504 2321 4575 quidem
2358 4517 2434 4572 οι

2358 4517 2398 4572 D
2429 4513 2591 4577 αἰτεῖ,
2635 4513 2683 4565 εἰ
2715 4514 3020 4583 προστῆναι
3050 4507 3161 4577 οἷός
3199 4531 3257 4566 τε
3310 4516 3394 4584 εἴη
3448 4516 3543 4568 τοῦ
3576 4515 3729 4579 λαοῦ,
3763 4518 4005 4573 τοιοῦτον

758 4612 993 4665 pra-esse
1019 4597 1218 4665 populo
1252 4612 1349 4665 par
1373 4605 1539 4651 esset.
1610 4595 1812 4649 Lanam
1873 4595 1929 4648 in
1985 4604 2126 4648 terra
2159 4594 2327 4662 depo-

760 4702 914 4745 nens.
953 4701 1073 4738 eam
1107 4687 1402 4755 postulavit
1429 4686 1599 4741 imbui
1632 4701 1777 4749 rore,
1835 4693 1977 4739 terra
2014 4700 2134 4754 qua:
2177 4684 2322 4738 circa

757 4778 928 4832 vellus
954 4788 1119 4838 esset,
1148 4778 1279 4831 uibil
1319 4780 1542 4831 omnino
1579 4778 1823 4832 humoris
1853 4776 2163 4846 recipiente.
2222 4774 2325 4831 Ubi

756 4885 886 4922 vero
912 4869 1052 4922 istud
1083 4868 1289 4933 evenit,
1318 4868 1514 4922 iterant
1547 4869 1865 4938 postulavit,
1908 4880 1967 4923 ut
1998 4869 2156 4923 tellus
2205 4884 2328 4938 qua:

756 4960 901 5014 circa
936 4960 1116 5013 lanam
1163 4969 1282 5013 erat
1318 4959 1549 5014 lmmore
1598 4960 1957 5023 madesceret,
2018 4959 2141 5013 laua
2205 4975 2330 5013 vero

758 5050 1019 5117 impluvia
1050 5057 1310 5103 maneret.
1347 5050 1481 5104 Cum
1534 5064 1696 5119 porro
1740 5050 1965 5104 vidisset
2014 5050 2094 5104 sic
2159 5050 2331 5105 conti-

757 5142 903 5209 gisse
939 5142 1395 5208 quemadmodum
1431 5141 1821 5209 postulaverat,
1857 5157 1978 5211 qua:
2022 5142 2126 5197 sibi
2175 5158 2329 5196 mau-

756 5236 881 5285 data
930 5232 1146 5285 fuerant
1195 5235 1528 5303 aggreditur.
1582 5234 1861 5289 Convocat
1911 5235 2092 5303 igitur,
2139 5243 2196 5288 ut
2228 5235 2330 5289 sibi

757 5341 914 5393 opem
943 5326 1119 5380 terant
1148 5337 1421 5397 quotquot
1452 5343 1518 5382 ex
1552 5334 1752 5398 populo
1806 5330 1855 5383 id
1907 5340 2163 5400 praestare
2218 5332 2330 5385 vel-

756 5416 893 5478 lent,
934 5417 984 5469 in
1037 5416 1178 5471 bello
1219 5419 1481 5474 adversus
1530 5421 1715 5475 hostes
1764 5421 2131 5492 suscipiendo.
2192 5421 2321 5477 Con-

756 5508 984 5561 veniunt
1028 5510 1135 5564 duo
1173 5519 1228 5565 et
1268 5511 1452 5579 viginti
1493 5512 1684 5568 millia.
1724 5514 1919 5569 Multos
1980 5531 2145 5583 porro
2204 5532 2329 5570 cum

756 5599 991 5654 dixisset
1020 5601 1068 5654 ei
1106 5601 1249 5657 Deus
1283 5620 1405 5659 esse
1428 5621 1523 5660 eos
1547 5609 1636 5675 qui
1669 5618 2064 5672 convenerant,
2103 5609 2332 5663 meticu—

761 5692 909 5745 losos
940 5693 1293 5749 dimittendos
1322 5698 1564 5751 mandat.
1604 5698 1697 5753 llis
1740 5699 1984 5755 dimissis
2050 5710 2333 5756 remanent

763 5782 947 5839 decem
988 5788 1176 5840 millia.
1211 5786 1460 5857 Cumque
1494 5791 1649 5846 vellet
1683 5791 1826 5847 Deus
1886 5793 1962 5848 illi
2017 5794 2327 5861 ostendere,

2428 4604 2578 4675 αύτῷ
2604 4603 2842 4673 δοθῆναι.
2903 4607 3076 4658 Πόκον
3118 4606 3456 4677 ἀποθέμενος
3482 4609 3538 4661 ἐν
3585 4612 3652 4679 τῇ
3684 4613 3779 4681 γῇ,
3814 4610 4007 4665 τοῦτον

2429 4695 2548 4767 ᾔτει
2571 4697 2745 4769 δρόσῳ
2777 4697 3135 4768 πληροῦσθαι,
3170 4699 3267 4767 τῆς
3297 4717 3362 4751 πε
3374 4700 3424 4770 pi.
3438 4700 3529 4753 τὸν
3554 4703 3719 4755 πόκον
3739 4704 3841 4773 γῆς
3868 4703 4007 4773 μηδ-

2426 4786 2569 4849 ὁλως
2633 4788 3055 4859 ὑγραινομένης.
3098 4788 3186 4852 Ὦς
3233 4790 3288 4843 δὲ
3321 4790 3495 4855 οὓτως
3548 4793 3780 4862 ἐγίνετο,
3840 4796 4008 4851 πάλιν

2431 4878 2574 4947 ᾔτει.
2607 4880 2667 4933 τὸ
2699 4881 2799 4949 μὲν
2827 4883 2959 4952 περὶ
2981 4883 3072 4936 τὸν
3102 4883 3269 4936 πόκον
3296 4883 3489 4953 ἔδαφος
3512 4886 3890 4957 ὑγραίνεσθαι,
3914 4889 4008 4943 τδν

2429 4970 2485 5024 δὲ
2518 4971 2684 5024 πόκον
2713 4973 2905 5026 ἀΰετον
2943 4975 3150 5043 μένειν.
3188 4976 3277 5040 Ὠς
3307 4976 3363 5031 δέ
3399 4974 3506 5032 εἶδε
3540 4977 3684 5032 οὕτω
3712 4982 4009 5051 γενόμενον

2431 5062 2507 5124 ὼς
2533 5064 2747 5134 ᾐτήκει,
2783 5063 3041 5135 ἐνεχείρει
3088 5067 3200 5130 τοῖς
3255 5069 3774 5140 προστεταγμένοις.
3830 5071 4013 5124 Καλεῖ

2432 5153 2565 5221 γοῦν
2591 5154 2932 5224 συνάρασθαι
2971 5154 3120 5226 αὐτῷ
3154 5156 3280 5220 τοὺς
3339 5157 3698 5229 βουλομένους
3730 5159 3826 5213 τοῦ
3875 5160 4009 5213 λαοῦ

2433 5247 2525 5299 ἐπὶ
2556 5248 2645 5301 τὸν
2677 5246 2888 5318 ἐχθρῶν
2917 5248 3174 5319 πόλεμον.
3207 5250 3315 5303 Καὶ
3369 5251 3727 5323 συνέρχονται
3758 5251 4011 5322 δισχίλιοι

2433 5338 2527 5391 καὶ
2578 5339 2877 5409 δισμύριοι.
2934 5339 3169 5403 Πολλοὺς
3217 5341 3274 5394 δὲ
3326 5341 3477 5414 αὐτῷ
3538 5342 3666 5406 τοὺς
3717 5343 4013 5415 συνεληλυ-

2434 5428 2592 5491 θότας
2639 5430 2667 5481 ὁ
2723 5430 2856 5494 Θεὸς
2902 5430 3072 5484 εἰπὼν
3105 5426 3265 5498 εἶναι,
3320 5432 3675 5505 ἀποπέμπειν
3727 5433 4013 5490 ἐκελεύετο

2432 5520 2561 5582 τοὺς
2583 5518 2811 5583 δειλούς.
2849 5521 3084 5576 Μένουσι
3134 5523 3221 5594 δὴ,
3254 5522 3461 5579 τούτων
3514 5524 4006 5595 άποπεμφθέντων,

2437 5611 2641 5682 μύριοι.
2701 5612 3036 5687 Βουλόμενος
3083 5615 3139 5669 δὲ
3168 5618 3196 5670 ὁ
3224 5617 3355 5681 Θεὸς
3419 5616 3569 5687 αύτῷ
3611 5617 3900 5684 δεικνύειν,
3929 5617 4007 5682 ὼς

2431 5704 2492 5756 οὔ
2547 5704 2929 5775 πολεμούντων
2985 5708 3185 5778 πλήθει
3227 5710 3513 5780 περιέσται
3569 5709 3678 5762 τῶν
3726 5708 4003 5780 πολεμίων

2436 5796 2678 5866 ἀπείρων
2708 5798 2898 5868 ὄντων,
2930 5800 3064 5856 ἀλλὰ
3094 5800 3213 5874 θεία
3236 5803 3403 5874 χειρὶ,
3430 5802 3593 5857 πάλιν
3613 5800 3760 5875 αὐτῷ
3792 5800 4005 5860 κελεύει
