4248 6438
249 440 320 498 73
1417 435 1788 495 LIBELLUS
1827 431 2326 494 MEMORIALIS.
3427 427 3500 488 ⁸74

247 553 494 608 κατιέναι
551 555 689 622 πρὸς
739 553 816 623 τῷ
849 552 1240 624 παρακειμένῳ
1301 551 1554 622 ποταμῷ,
1605 552 1826 605 κάκεῖσε
1859 557 1901 612 Α

1820 569 1826 601 ;
1859 549 2076 618 Aquod
2149 557 2491 616 nequaquam
2564 545 2634 595 ob
2701 539 3024 594 bellatorum
3097 539 3497 593 multitudinem

241 643 480 696 δεικνύει
513 645 640 705 τοὶις
701 641 1188 711 συνελευσομένονς
1223 642 1282 693 ὲν
1316 643 1382 710 τῇ
1416 641 1584 710 μάχῃ.
1622 638 1709 700 Ὠς
1767 638 1821 690 δὲ

244 737 328 796 είς
365 733 510 803 ὕδωρ
546 736 689 786 πιεῖν
715 735 766 786 οί
831 733 1016 804 μύριοι
1053 731 1386 802 κατέϐησαν,
1445 729 1823 799 ἐπιτηρεῖσθαι

245 826 538 879 κελεύεται
588 826 657 878 τὰ
709 826 954 895 στόματα
993 827 1105 887 τοῖς
1159 824 1310 877 ὕδασι
1365 823 1824 884 καταϐάλλοντας,

246 916 819 985 κατακαμπτομένους
865 917 922 969 ὲν
957 915 1035 984 τῷ
1087 917 1280 976 πίνειν,
1339 915 1593 976 καὶτοὺς
1641 915 1827 983 χερσὶν

247 1009 625 1078 ἀνιμωμένους
659 1009 721 1060 τὸ
761 1008 948 1070 ποτὸν,
981 1009 1076 1060 καὶ
1108 1006 1410 1067 λάπτοντας
1439 1006 1570 1058 ὡσεὶ
1635 1004 1815 1062 κύνες.

247 1092 410 1150 Οὗτοι
449 1099 505 1151 δὲ
537 1098 802 1166 ὤφθησαν
831 1101 982 1158 ϐντες
1013 1098 1166 1165 μόνοι
1195 1100 1523 1165 τριακόσιοι.
1560 1096 1669 1147 Καὶ
1722 1096 1822 1147 πά-

248 1188 333 1240 λιν
396 1186 620 1256 πέμψας
706 1187 1072 1246 ἑπτακοσίους
1154 1187 1248 1236 καὶ
1320 1185 1821 1253 ἑννεακισχιλίους,

247 1279 442 1330 ἀκούει
509 1277 583 1340 ὡς
632 1277 719 1329 διὶ
783 1276 892 1328 τῶν
951 1277 1285 1345 τριακοσίων
1349 1276 1477 1338 τοὺς
1533 1275 1825 1345 πολεμίους

251 1365 503 1436 ἀμαχητὶ
533 1364 899 1432 τροπώσεται.
943 1363 1158 1432 Ὑδρίας
1185 1360 1277 1416 οὖν
1327 1364 1509 1425 αὐτοῖς
1569 1365 1826 1432 ἐπιφέρε-

253 1458 378 1510 σθαι
414 1458 510 1509 κα“ι
559 1456 848 1524 λαμπάδας
897 1457 954 1508 ὲν
1010 1458 1076 1524 τῇ
1124 1455 1387 1523 εὐωνύμῳ
1417 1458 1560 1525 χειρὶ
1594 1455 1825 1519 κελεύει,

251 1552 349 1603 καὶ
377 1549 682 1616 σάλπιγγας
707 1550 767 1600 ἐν
789 1550 855 1616 τῇ
879 1547 1061 1616 δεξιᾷ*
1097 1541 1215 1599 εἶτα
1262 1547 1673 1620 ἀπορρίψαντας
1730 1548 1827 1608 τὰς

251 1640 464 1711 ὑδρίας,
502 1640 785 1703 σαλπίζειν
815 1639 907 1692 καὶ
944 1637 1173 1706 ὲττιϐοᾷν
1201 1654 1213 1666 ·
1263 1637 1552 1706 Ῥομφαία
1579 1635 1658 1700 τῷ
1708 1635 1829 1701 Θεῷ

250 1734 351 1786 καί
390 1731 470 1797 τῷ
502 1734 551 1786 Γ
552 1732 758 1785 εδεών.
825 1731 1042 1784 Τούτων
1087 1731 1143 1784 δὲ
1192 1729 1334 1782 οὕτω
1374 1730 1732 1799 τελουμένων,
1779 1732 1827 1782 οί

254 1825 508 1894 πολέμιοι
546 1824 611 1876 δι’
635 1823 846 1877 ἑαυτῶν
870 1823 1186 1885 ἐκόπτοντο,
1217 1821 1423 1891 πλῆθος
1471 1821 1624 1885 ὄντες
1667 1821 1827 1876 ἀπει-

1933 643 2102 694 victor
2133 649 2276 693 esset
2307 638 2544 701 futurus,
2579 635 2830 704 quamvis
2863 633 3056 687 infiniti
3080 643 3261 687 essent
3285 634 3464 688 hostes
3484 671 3499 694 .

1929 733 2020 786 sed
2063 731 2133 784 ob
2158 732 2402 783 divinum
2439 727 2704 782 auxilium
2737 745 2749 779 ε
2803 726 2997 778 iterum
3029 725 3077 778 ei
3131 722 3401 792 praecipit,
3441 733 3503 778 ut

1930 829 1994 879 ad
2029 842 2193 896 prope
2227 825 2463 893 positum
2489 826 2686 877 fiumen
2736 820 3050 883 descendat,
3088 819 3270 888 ibique
3301 818 3376 872 illi
3410 834 3497 873 osc

1931 920 2100 973 tendit
2136 918 2227 987 qui
2261 931 2385 969 cum
2421 917 2512 968 illo
2543 915 2607 967 ad
2639 929 2874 984 pugnam
2924 920 3110 967 essent
3141 911 3290 964 ituri.
3323 910 3501 976 Quum

1931 1009 2075 1062 enim
2112 1009 2299 1063 decem
2331 1006 2643 1060 niillen'rilli
2696 1006 2758 1056 ad
2813 1004 3099 1058 bibendam
3149 1017 3345 1071 aquam
3401 1003 3500 1056 de-

1933 1102 2296 1162 scemlissent,
2329 1097 2696 1152 observandos
2748 1096 2911 1150 edicit
2951 1097 3220 1161 homines,
3259 1095 3352 1164 qui
3407 1109 3501 1148 ora

1933 1196 2092 1264 aquis
2145 1193 2516 1262 imprimerent
2577 1191 2995 1259 procumbentes
3053 1188 3117 1242 ad
3185 1187 3500 1253 bibendum,

1928 1303 2023 1341 eos
2055 1289 2181 1342 item
2228 1289 2320 1355 qui
2377 1285 2575 1354 palmis
2624 1284 2879 1336 haustum
2931 1283 3224 1347 traherent,
3291 1282 3499 1335 lambe-

1933 1388 2162 1447 rentqne
2207 1387 2266 1431 ut
2315 1393 2496 1431 canes.
2551 1375 2660 1429 Visi
2697 1385 2824 1430 sunt
2880 1375 3192 1441 huiusmodi
3251 1375 3500 1428 homines

1931 1467 2218 1521 dumtaxat
2245 1470 2495 1521 trecenti.
2529 1467 2726 1520 Iterum
2761 1481 2891 1536 ergo
2923 1466 3046 1520 data
3079 1465 3312 1519 abeundi
3342 1466 3498 1519 venia

1933 1568 2123 1607 novem
2161 1555 2268 1607 illis
2311 1555 2553 1608 millibus
2575 1566 2631 1609 et
2655 1557 3030 1624 septingentis,
3058 1555 3209 1608 audit
3234 1554 3500 1614 futurum.

1933 1655 1990 1697 ut
2035 1660 2135 1713 npe
2180 1654 2543 1699 trecentorum
2599 1661 2789 1700 eorum
2845 1646 3189 1702 adversarios
3225 1662 3333 1702 non
3373 1661 3504 1702 con-

1933 1748 2077 1791 serta
2112 1739 2227 1793 acic
2259 1739 2310 1792 in
2337 1739 2520 1808 fugam
2554 1748 2747 1794 vertat.
2775 1738 2938 1793 lubet
2992 1753 3123 1807 ergo
3174 1748 3230 1792 ut
3285 1739 3504 1807 lagenas

1939 1829 2042 1882 sibi
2095 1829 2323 1882 aderant
2381 1831 2765 1898 lampadasquc
2825 1830 2878 1883 in
2920 1830 3143 1884 sinistra
3203 1843 3393 1888 manu,
3442 1843 3506 1881 ac

255 1934 371 1986 ρον,
408 1917 504 1970 καὶ
532 1917 803 1986 τέσσαρας
837 1915 1077 1984 βασιλεῖς
1107 1919 1233 1978 τοὺς
1287 1914 1583 1983 πολεμίους
1628 1931 1824 1984 χειρω-
1859 1937 1898 1990 Β
1929 1936 1932 1974 ι

1823 1948 1824 1953 η
1859 1937 1898 1990 Β
1929 1924 2085 1978 tubas
2115 1924 2168 1977 in
2203 1924 2449 1977 dextera.
2490 1923 2696 1976 Deinde
2727 1935 2785 1978 ut
2807 1924 3037 1993 abiectis
3081 1923 3312 1992 lagenis,
3345 1924 3500 1978 clan-

256 2010 494 2079 σάμενος
523 2008 820 2072 πελεκίζει,
855 2009 946 2061 τὸν
979 2006 1164 2076 Ὠρὴ6,
1195 2008 1290 2060 καὶ
1323 2008 1415 2059 τὸν
1447 2006 1584 2077 Ζηφ,
1621 2008 1714 2059 καὶ
1736 2009 1826 2060 τὸν

253 2101 443 2166 Ζεϐεὲ,
481 2100 575 2153 καὶ
615 2100 894 2171 Σαλμανᾶ,
921 2099 1266 2154 Μαδιανιτῶν
1317 2101 1412 2152 καὶ
1450 2099 1827 2170 Ἀμαληκιτῶν

251 2194 382 2256 τοὺς
411 2192 688 2262 βασιλέας.

1936 2023 2064 2084 gant
2091 2025 2144 2068 et
2177 2017 2515 2085 obstrepant,
2556 2015 2778 2070 Gladius
2830 2014 2934 2069 beo
2967 2026 3016 2069 et
3066 2014 3314 2068 Gedeoni.
3373 2015 3507 2080 Quae

1936 2127 2058 2162 cum
2084 2111 2157 2163 ita
2223 2123 2439 2179 peracta
2493 2109 2746 2181 fuissent,
2791 2110 2978 2166 hostes
3041 2125 3136 2179 per
3165 2125 3225 2165 se
3269 2109 3502 2164 invicem

1939 2198 2341 2269 feriuntur,’qui
2388 2203 2734 2256 multitudine
2761 2210 2918 2256 erant
2956 2202 3177 2265 inﬁniti,
3235 2209 3501 2270 qualum--

254 2298 364 2352 que
385 2301 538 2357 reges
571 2286 914 2342 adversarios
943 2287 1159 2358 subegit
1203 2295 1256 2340 et
1305 2286 1483 2341 securi
1536 2289 1832 2357 percussit,
1867 2289 2012 2347 Oreb
2058 2304 2110 2348 et
2165 2292 2333 2364 Zeph,
2372 2303 2424 2348 et
2455 2292 2631 2349 Zebee
2651 2303 2706 2348 et
2752 2293 3032 2356 Salmana,
3092 2293 3186 2363 qui
3241 2292 3506 2346 Madiani-

256 2387 441 2433 tarum
462 2379 956 2433 Amalecitarumve
996 2394 1152 2450 reges
1176 2389 1353 2437 erant.

327 2471 484 2524 Μετὰ
538 2473 593 2524 δὲ
654 2472 830 2526 ταῦτα
886 2471 1049 2525 πάλιν
1105 2475 1407 2544 ἁμαρτόντι
1460 2475 1538 2544 τῷ
1574 2475 1688 2545 λαῷ
1738 2483 1832 2533 καὶ

250 2560 624 2624 δυσσεϐοὖντι,
663 2564 981 2633 ἐπικρατεῖς
1011 2565 1060 2617 οί
1093 2566 1344 2636 πολέμιοι
1374 2566 1641 2634 γίνονται.
1687 2572 1822 2640 Κρι-

252 2654 358 2724 τὴς
400 2654 608 2723 Ἰεφθάε
638 2656 668 2708 ό
694 2655 1030 2729 Γαλααδίτης
1054 2658 1440 2728 προϐάλλεται.
1477 2661 1538 2724 ὃς
1582 2663 1835 2733 πολεμιῖιν

252 2747 320 2799 τὸ
349 2746 459 2802 τῶν
503 2748 855 2818 ’Δμμανιτῶν
885 2751 1061 2815 εθνος,
1093 2750 1368 2821 ἐπηύξατο
1394 2753 1529 2823 πρὸς
1572 2759 1638 2825 τῃ
1688 2757 1830 2827 νίκῃ,

251 2839 352 2892 τὸν
372 2839 702 2894 ἀπαντῶντα
747 2841 896 2914 αὐτῷ
925 2843 1133 2896 ἀνιόντι
1163 2844 1228 2896 ὲκ
1260 2844 1360 2912 τῆς
1390 2845 1586 2898 ἑαυτοῦ
1609 2846 1828 2918 πρῶτον

254 2929 440 2994 οἰκίας
488 2935 863 3002 προσαγαγεῖν
921 2935 1064 3003 ὑπὲρ
1120 2932 1223 3004 τῆς
1271 2935 1430 3001 νίκης
1473 2939 1552 3000 είς
1615 2937 1826 2992 Θυσίαν.

269 3023 521 3097 Ἀπαντᾷ
548 3023 680 3092 γοῦν
710 3026 858 3095 αὐτῷ
902 3026 1200 3097 μονογενὴς
1247 3026 1540 3097 παρθένος,
1581 3029 1649 3099 ῆν
1692 3026 1830 3100 εἷχε,

257 3113 532 3185 θυγάτηρ,
565 3115 663 3170 καὶ
703 3119 1021 3189 προσήγαγε
1049 3118 1277 3187 ταύτην,
1307 3120 1600 3192 ἐπιδούσης
1632 3124 1832 3194 ἑαυτὴν

259 3206 358 3257 καὶ
383 3205 481 3276 τῆς
509 3206 698 3277 κόρης.

331 3297 504 3352 Πάλιν
531 3298 587 3351 δὲ
613 3297 721 3352 ἀπὸ
750 3299 850 3368 τῆς
880 3299 1166 3364 εὐσεϐείας
1196 3302 1726 3374 ἀπορῤᾳθυμὴσαντι
1751 3308 1830 3378 τῷ

256 3388 375 3459 λαῷ
407 3390 499 3442 καὶ
527 3393 1007 3462 καταπατουμένῳ
1028 3393 1164 3461 πρὸς
1193 3394 1542 3459 Φιλισθαίων,
1575 3398 1669 3450 καὶ
1692 3398 1828 3469 θρη-

255 3481 440 3536 νοῦντι
473 3484 572 3554 τὴν
598 3483 923 3554 ἐπαχθειαν,
958 3486 1198 3557 Σαμψὼν
1247 3487 1563 3558 Ναζηραῖος
1589 3494 1655 3561 τῇ
1699 3493 1830 3545 ἀνα-

258 3577 470 3648 στροφῇ
492 3575 703 3644 γίνεται
731 3577 946 3648 κριτὴς,
979 3578 1037 3642 ὃς
1074 3581 1132 3631 ὲν
1156 3581 1273 3643 ταῖς
1332 3580 1509 3652 θριξὶν
1556 3578 1670 3652 εἶχε
1729 3585 1827 3656 τὴν

258 3667 516 3736 δύναμιν.
551 3669 662 3721 Καὶ
697 3668 912 3737 πρῶτον
967 3671 1068 3739 μὲν
1118 3670 1308 3725 λέοντα
1372 3674 1513 3727 κατὰ
1575 3674 1673 3744 τὴν
1717 3676 1832 3729 ὁδὸν

259 3758 409 3827 αύτῴ
435 3761 900 3830 περιτετυχηκότα
935 3761 1168 3824 ἔκτεινε,
1205 3765 1327 3826 ταῖς
1360 3765 1518 3834 χερσὶ
1563 3767 1829 3838 περιδρα·

261 3849 518 3919 ξάμενος.
547 3851 780 3906 Ἔπειτα
808 3851 1066 3904 εἰσελθὼν
1099 3857 1177 3915 εἰς
1197 3854 1326 3908 θέαν
1353 3856 1444 3908 τοῦ
1473 3858 1668 3927 νεκροῦ
1696 3860 1833 3912 λέον-

260 3959 376 4005 τος,
404 3943 499 3995 καὶ
523 3941 702 4014 εὑρὼν
734 3944 900 4014 ἑσμὸν
938 3944 1208 4014 μελισσῶν
1237 3948 1698 4017 ὲπικαθεζὸμενον
1731 3953 1829 4004 αύ-

262 4033 359 4086 τοῦ
389 4033 471 4104 τῷ
518 4035 750 4106 κρανίῳ,
792 4036 913 4105 μέλι
961 4036 1143 4090 λαϐὼν
1198 4037 1255 4102 ἐξ
1305 4038 1470 4091 αὑτοῦ
1531 4041 1826 4111 βέϐρωκεν.

274 4127 666 4200 ’Δθετούμενος
715 4132 803 4183 διὰ
833 4135 1088 4199 γυναῖκα,
1117 4134 1186 4204 ἣν
1221 4133 1438 4206 ἐθνικὴν
1487 4134 1651 4187 οὖσαν
1691 4137 1832 4206 ἠγά-

262 4235 413 4286 γετο,
462 4221 613 4292 παρὰ
658 4221 754 4275 τοῦ
817 4221 1022 4292 πατρὸς
1095 4216 1286 4293 αὐτῆς,
1335 4228 1660 4294 τιμωρεῖται
1709 4228 1831 4290 τοὺς

267 4313 585 4383 συμφύλους
643 4312 808 4366 αὑτοῦ
866 4315 1060 4386 ταύτῃ.
1127 4316 1483 4386 Τριακοσίους
1541 4318 1833 4382 ἀλώπεκας

267 4405 691 4476 συλλαϐόμενος,
730 4407 993 4460 καὶκατὰ
1020 4407 1114 4460 δύο
1156 4409 1472 4479 προσδήσας
1515 4410 1697 4464 αὐτῶν
1736 4414 1835 4474 τὰς

266 4496 502 4566 κέρκους
559 4497 841 4566 λαμπάσιν
894 4497 1252 4567 ἐξημμέναις,
1304 4501 1444 4553 κατὰ
1495 4502 1594 4564 τὰς
1651 4503 1835 4573 χώρας

2006 2482 2134 2538 Post
2165 2483 2278 2538 hzec
2309 2497 2500 2538 rursus
2527 2482 2806 2552 peccantis
2833 2482 3016 2552 pepuli
3063 2489 3119 2538 et
3143 2481 3308 2552 impie
3343 2497 3507 2551 agen-

1935 2576 2002 2628 lis
2025 2576 2226 2629 domini
2256 2575 2494 2629 evadunt
2532 2577 2735 2632 hostes.
2796 2574 2972 2631 Judex
3004 2575 3296 2646 prteﬁcitur
3339 2575 3508 2647 Jcph-

1937 2668 2059 2724 thzie
2085 2666 2416 2734 Galaadites,
2457 2669 2549 2737 qui
2574 2683 2698 2724 cum
2731 2679 2888 2738 gente
2909 2669 3275 2725 Ammanitica
3305 2670 3504 2726 bellum

1935 2757 2337 2813 commissurus
2365 2759 2513 2812 vovit
2569 2773 2669 2828 pro
2706 2760 2958 2823 victoria,
3012 2761 3326 2815 oblaturum
3352 2775 3412 2816 se
3452 2761 3508 2816 in

1937 2851 2269 2905 sacrificium
2305 2866 2403 2921 pro
2453 2851 2676 2905 victoria
2726 2866 3110 2923 quemcunque
3155 2854 3394 2922 primum
3443 2854 3512 2909 de

1934 2941 2097 2996 domo
2123 2955 2222 2995 sua
2258 2943 2548 2998 revertenti
2597 2951 2976 2998 occurrentem
3044 2943 3378 3002 oﬂendisset.
3407 2944 3512 3001 Oc-

1934 3035 2103 3087 currit
2137 3048 2262 3088 vero
2293 3034 2342 3088 ei
2381 3034 2657 3102 unigenita
2689 3035 2840 3105 virgo
2867 3035 2996 3100 ﬁlia,
3020 3053 3185 3104 quam
3218 3038 3456 3093 habebat
3492 3057 3504 3092 :

1935 3139 2099 3193 quam
2149 3127 2313 3179 etiam
2371 3125 2588 3190 obtulit,
2624 3126 2804 3194 puella
2838 3141 2898 3181 se
2925 3128 3103 3197 ipsam
3151 3145 3371 3199 quoque
3429 3130 3509 3180 ul-

1863 3215 1907 3274 C
1942 3221 2026 3267 tro
2053 3213 2334 3268 oﬂ‘erente.

2012 3301 2208 3358 Iterum
2247 3305 2300 3358 in
2333 3305 2528 3374 pietate
2559 3303 2943 3375 refrigescente
2973 3306 3196 3375 populo,
3227 3308 3512 3363 conculca-

1942 3402 2105 3462 toque
2161 3409 2191 3446 a
2254 3393 2607 3455 Philisthmis,
2648 3409 2770 3448 cum
2802 3394 3168 3448 calamitatem
3219 3409 3514 3464 conquere-

1942 3493 2110 3551 retur,
2145 3483 2204 3539 fit
2247 3485 2413 3556 judex
2469 3485 2701 3539 Samson
2739 3483 3017 3540 Nazirazus
3069 3487 3511 3548 conversatione.

1939 3574 2035 3644 qui
2075 3576 2128 3629 in
2160 3577 2369 3646 capillis
2401 3591 2530 3631 suas
2555 3577 2698 3631 vires
2738 3575 2992 3632 habebat.
3032 3577 3114 3632 Ac
3163 3579 3343 3647 primo
3393 3579 3515 3648 qni-

1939 3668 2062 3722 dem
2099 3668 2307 3722 leonem
2337 3668 2556 3722 obvium
2594 3668 2696 3722 sibi
2720 3684 2786 3722 ex
2816 3669 3010 3723 itinere
3041 3668 3314 3724 interfecit
3339 3669 3514 3724 mani—

1941 3765 2044 3820 bus
2075 3766 2478 3836 apprehensum
2538 3782 2551 3818 :
2604 3764 2797 3819 deinde
2842 3779 3120 3834 regressus
3174 3766 3240 3818 ad
3291 3767 3514 3836 conspi-

1940 3859 2195 3913 ciendum
2229 3867 2504 3912 mortuum
2541 3858 2692 3912 illum
2717 3857 2928 3912 leonem
2955 3896 2971 3921 ,
3011 3874 3135 3912 cum
3171 3874 3333 3926 apum
3383 3876 3515 3912 exa-

1943 3965 2063 4002 men
2101 3950 2400 4003 invenisset
2431 3949 2672 4004 insidens
2725 3949 2780 4002 in
2819 3950 2937 4018 ejus
2982 3949 3238 4013 calvaria,
3295 3961 3516 4019 arrepto

1944 4042 2128 4104 melle,
2189 4058 2254 4095 ex
2291 4042 2382 4094 iilo
2409 4041 2665 4095 comedit.
2727 4040 3087 4111 Repudiatus,
3159 4058 3228 4096 ne
3286 4058 3513 4097 uxorem

1945 4133 2166 4185 haberet
2197 4133 2476 4186 mulierem
2523 4134 2819 4196 cthnicam,
2859 4149 3022 4202 quam
3050 4134 3250 4189 ducere
3277 4135 3514 4200 volebat,

1943 4221 2011 4272 ab
2037 4220 2150 4285 ejus
2203 4229 2372 4288 patre,
2409 4220 2743 4274 contribulcs
2779 4219 2925 4274 illius
2971 4231 3252 4289 propterea
3297 4221 3375 4277 sic
3435 4224 3519 4278 nl-

1945 4319 2033 4364 tus
2062 4321 2168 4362 est.
2225 4309 2410 4378 Captis
2442 4310 2694 4364 trecentis
2728 4308 3005 4378 vulpibus,
3044 4310 3296 4378 binisque
3319 4327 3512 4367 earum

1945 4402 2136 4454 calidis
2196 4400 2469 4469 colligatis
2535 4415 2660 4454 cum
2720 4398 2969 4454 accensis
3044 4399 3407 4470 lampadibus,
3461 4403 3514 4457 in

1946 4510 2105 4560 agi-os
2135 4493 2378 4546 dimittit.
2410 4491 2522 4545 lloc
2552 4491 2715 4561 igitur
2752 4491 2915 4544 modo
2941 4491 3121 4562 fruges
3147 4507 3335 4546 eorum
3390 4494 3514 4547 unio

261 4584 555 4639 ἀπέλυσεν.
582 4584 739 4638 Οὕτω
768 4585 901 4653 γοῦν
925 4587 1106 4640 αὐτῶν
1130 4586 1373 4651 ἅπαντας
1404 4589 1530 4652 τοὺς
1590 4589 1839 4660 καρποὺς
1874 4578 1913 4632 D

1833 4609 1839 4647 _-
1874 4578 1913 4632 Β
1949 4602 2133 4638 versas
2169 4587 2322 4654 (erat
2352 4600 2589 4654 namque
2620 4585 2815 4639 messis
2879 4583 3129 4654 tempus)
3188 4587 3510 4644 combussit.

265 4678 381 4744 (καὶ
410 4677 519 4746 γὰρ
540 4671 608 4746 ἦν
636 4678 848 4748 ἀμητοῦ
873 4677 1085 4748 καιρὸς)
1136 4681 1454 4750 ἐνέπρησεν.
1479 4682 1708 4734 Ἔπειτα
1742 4699 1839 4734 1:0-

269 4768 499 4837 λεμοῦσι
531 4772 645 4831 τοῖς
687 4770 1033 4834 ’Δλλοφύλοις
1064 4773 1155 4823 τὶν
1181 4773 1309 4825 λαὸν
1341 4773 1428 4826 διὰ
1456 4774 1555 4842 τὴν
1579 4774 1840 4844 τοιαύτην

267 4864 364 4914 τοῦ
401 4861 642 4929 Σαμψὼν
679 4862 917 4925 ἀδικίαν,
970 4861 1120 4924 λύσις
1152 4862 1497 4932 ὁμολογεῖται
1536 4865 1629 4918 τοῦ
1680 4867 1841 4920 πολέσ-

270 4970 374 5023 μου
406 4953 680 5020 γενέσθαι,
712 4954 760 5005 εί
792 4955 881 5006 τὸν
918 4952 1154 5024 Σαμψὼν
1194 4955 1414 5024 δέσμιον
1449 4957 1631 5019 αὐτοῖς
1662 4975 1839 5028 παρα-

277 5045 438 5116 δῴεν.
469 5047 578 5099 Καὶ
605 5045 869 5115 δήσαντες
901 5045 1096 5098 ἑκόντα
1137 5047 1185 5096 οξ
1235 5049 1605 5116 προσήκοντες
1664 5049 1842 5102 καλω·

264 5139 422 5202 eam,
459 5138 764 5209 παρέδοσαν
791 5139 902 5200 τοῖς
952 5138 1320 5204 ’Δλλοφύλοι;.
1361 5139 1418 5192 Ὀ
1451 5140 1506 5192 δὲ
1532 5143 1843 5211 παραυτίκα

266 5233 337 5285 τὰ
367 5231 546 5301 δεσμὰ
572 5230 895 5300 διαρρήξας,
925 5229 1019 5281 καὶ
1077 5230 1322 5297 σιαγόνος
1369 5232 1561 5284 ὀστέου
1622 5249 1846 5303 περιτυ-

267 5325 381 5396 χὼν
404 5324 553 5388 ϐνου,
586 5322 793 5392 χιλίους
828 5321 1009 5374 αὐτῶν
1035 5323 1092 5374 ἐν
1117 5321 1264 5391 αύτῴ
1288 5321 1462 5374 παίων
1500 5324 1842 5380 ἀπέκτεινεν.

283 5419 378 5472 Ἐκ
410 5417 466 5469 δὲ
492 5415 587 5468 τοῦ
617 5417 786 5467 κόπου
811 5414 910 5484 τῆς
942 5415 1278 5483 ἀναιρέσεως
1309 5415 1488 5467 αὐτῶν
1534 5415 1676 5484 δίψει
1719 5417 1846 5484 φλε-

271 5513 529 5579 γόμενος,
567 5507 870 5563 ἀπώλλυτο.
905 5508 1013 5560 Καὶ
1046 5506 1204 5559 πάλιν
1252 5505 1544 5561 ἀπολαϐὼν
1586 5507 1683 5577 τὴν
1727 5525 1845 5560 σια-

269 5605 432 5670 γόνα,
463 5601 610 5671 ὕδωρ
639 5599 789 5670 αὐτῷ
824 5599 1066 5670 ρύσασαν
1096 5601 1217 5653 ὅσον
1248 5601 1502 5656 ἰάσασθαι
1552 5605 1648 5672 τὴν
1689 5602 1846 5670 δίψαν

273 5696 531 5764 ἠδύνατο,
571 5692 790 5765 εὕρατο.
861 5693 1084 5746 Ἀλλοτε
1135 5693 1191 5746 δὲ
1245 5693 1570 5764 προσϐαλὼν
1624 5698 1689 5764 τῇ
1743 5695 1780 5746 Γ
1785 5714 1846 5747 αο

274 5789 447 5853 ζαίων
514 5787 702 5852 πόλει,
758 5785 854 5838 καὶ
915 5785 1261 5855 καθεσθήσας
1339 5789 1486 5857 παρά
1567 5804 1671 5839 τινι
1753 5806 1849 5855 γυ-

279 5884 449 5946 ναικὶ,
480 5880 805 5950 ἐφυλάττετο
831 5879 977 5948 παρὰ
996 5879 1103 5930 τῶν
1131 5878 1361 5931 πολιτῶν
1395 5880 1526 5950 πρὸς
1547 5879 1846 5950 ἀναίρεσιν·

599 5973 867 6034 Ρλτιιοι..
913 5974 1026 6034 Gn.
1075 5974 1223 6034 CVI.

1948 4673 2190 4728 Subinde
2226 4673 2557 4727 bellantibus
2591 4671 2924 4727 Philistlneis
2957 4687 3081 4725 eum
3124 4674 3322 4742 popqu
3349 4690 3504 4744 prop-

1946 4779 2026 4820 ter
2059 4769 2196 4821 hanc
2224 4766 2510 4821 Samsonis
2543 4781 2762 4830 noxam,
2792 4766 3114 4820 coavenitur
3145 4767 3508 4824 dirimendum

1947 4861 2168 4921 bellum,
2189 4863 2232 4913 si
2251 4859 2466 4928 quidem
2491 4857 2813 4912 Samsonem
2834 4859 2943 4912 illis
2964 4859 3202 4912 vinctum
3221 4861 3512 4916 traderent.

1950 4951 2259 5005 Vincientes
2291 4965 2421 5019 ergo
2469 4949 2554 5003 sui
2613 4949 2888 5003 hominem
2928 4950 2979 5002 id
3053 4950 3197 5004 ultro
3249 4949 3513 5007 ferentem

1948 5043 2205 5104 restibus,
2234 5042 2569 5094 tradiderunt
2598 5039 2951 5096 Philistliatis.
2977 5041 3044 5095 At
3071 5042 3157 5094 ille
3186 5043 3368 5096 statim
3397 5043 3515 5097 vin-

1948 5136 2070 5188 cula
2096 5138 2432 5204 dirumpens,
2466 5135 2796 5202 inventoque
2818 5150 2941 5187 esse
2983 5135 3217 5188 maxilla:
3263 5136 3424 5202 asini,
3451 5153 3517 5192 eo

1951 5229 2200 5283 millenos
2221 5243 2410 5282 eorum
2445 5227 2659 5282 caedetis
2688 5225 2978 5282 interfecit.
3012 5225 3094 5280 Ob
3122 5227 3362 5281 laborem
3390 5246 3516 5282 vero

1952 5323 2340 5376 internecionis
2376 5321 2593 5376 illorum
2630 5322 2718 5376 siti
2761 5321 2978 5384 ardens,
3023 5322 3244 5390 jamjam
3291 5323 3520 5377 deficere

1951 5415 2255 5469 videbatur.
2317 5415 2517 5468 lterum
2583 5415 2747 5484 igitur
2819 5427 3035 5482 arrepta
3101 5415 3359 5481 maxilla,
3413 5417 3518 5470 sibi

1951 5523 2150 5577 aquam
2183 5509 2568 5562 scatuiicntcm
2597 5507 2817 5576 reperit,
2847 5518 3047 5576 quanta
3081 5507 3168 5561 siti
3202 5510 3403 5562 mederi
3430 5525 3521 5576 po-

1953 5612 2110 5656 terat.
2143 5603 2447 5672 Aliquando
2471 5604 2734 5655 acccdcns
2771 5600 2836 5655 ad
2872 5600 3188 5656 Gazzeoruin
3222 5603 3521 5667 civitatem,

1956 5695 2371 5764 hospitatusqne
2401 5708 2562 5761 penes
2596 5692 2886 5762 quamdam
2922 5692 3224 5757 mulierem,
3259 5695 3519 5748 observa-

1955 5787 2083 5839 bant
2114 5802 2236 5839 eum
2271 5785 2639 5848 cititatenses,
2679 5793 2733 5836 ut
2763 5797 2793 5835 e
2824 5781 3002 5835 medio
3035 5783 3301 5836 tollerent.
3337 5784 3404 5835 At
3435 5785 3522 5837 ille

1958 5889 2120 5932 noctu
2199 5884 2572 5945 experrectus,
2640 5875 3099 5944 eonspiealusque
3154 5875 3409 5928 custodes
3465 5873 3517 5928 in

3131 5970 3168 6028 3
