4248 6438
716 402 790 464 75
2187 402 2486 464 JOSEPPi
3897 407 3968 468 76

719 511 889 580 portis
942 510 1298 576 dormientes,
1352 524 1516 581 super
1576 509 1821 565 humeris
1870 524 1993 563 eum
2043 511 2290 580 postibus
2322 519 2364 575 Α

2289 519 2364 575 ηΑ
2397 516 2424 566 ὀ
2458 513 2512 566 δέ
2549 514 2764 584 νύκτωρ
2815 515 3081 586 ἐγερθεὶς,
3130 517 3223 570 καὶ
3276 517 3402 580 τοὺς
3440 515 3686 586 φύλακας
3736 514 3793 567 ὲν
3848 517 3966 576 ταῖς

716 604 1070 674 vectibusque
1101 605 1233 673 ipsis
1266 612 1320 658 et
1347 604 1628 674 apsidibus
1656 614 1842 672 portas
1874 604 2192 668 sustollens,
2232 605 2282 658 iit

714 699 967 768 opposito
995 697 1201 753 civitati
1237 695 1382 752 clivo
1419 695 1694 765 deposuit,
1721 696 1816 765 qui
1851 696 2037 750 decem
2094 696 2285 751 stadiis

713 790 921 843 aberat.

787 969 970 1021 Victus
1002 982 1220 1038 quoque
1273 975 1460 1036 postea
1489 964 1722 1020 ethnicae
1747 965 2082 1020 muliercula:
2135 963 2280 1017 desi-

711 1060 886 1124 derio,
936 1075 1060 1113 cum
1109 1059 1300 1114 fuisset
1332 1059 1740 1114 circumventus
1811 1067 1868 1111 ut
1915 1057 2170 1118 ediceret,
2230 1055 2283 1108 in

711 1165 949 1220 quanam
985 1166 1040 1204 re
1071 1158 1283 1204 tantum
1341 1151 1509 1204 robur
1540 1148 1863 1219 possideret,
1898 1147 2148 1203 hostibus
2188 1145 2284 1200 de-

709 1247 858 1299 ditos
893 1253 994 1299 est.
1027 1243 1324 1314 Postquam
1357 1244 1503 1298 enim
1550 1252 1699 1299 ηονιι
1740 1240 2060 1296 muliercula
2119 1239 2287 1292 robur

710 1337 762 1390 in
803 1337 1050 1392 crinibus
1087 1338 1206 1405 ejus
1241 1336 1476 1404 positum
1507 1349 1646 1396 esse,
1680 1334 1951 1387 imbellem
2006 1347 2130 1388 eum
2161 1331 2284 1385 red-

708 1430 845 1484 didit
890 1430 1070 1485 crines
1125 1428 1432 1482 attondens.
1494 1425 1836 1494 Accipientes
1887 1425 2052 1492 igitur
2107 1424 2282 1486 illum,

709 1525 981 1590 captivum
1039 1521 1277 1576 habuere
1312 1521 1520 1584 hostes,
1581 1519 1986 1588 illudebantque
2042 1518 2090 1571 ei
2143 1513 2284 1584 apnd

712 1617 843 1670 deos
873 1630 1005 1669 suos
1035 1613 1413 1674 convivantes,
1449 1613 1778 1680 caecatisquc
1814 1610 1988 1664 oculis
2035 1623 2157 1660 eum
2205 1606 2286 1661 sic

709 1708 1036 1762 multarunt.
1073 1707 1144 1760 At
1174 1705 1270 1760 ubi
1295 1705 1470 1759 sensit
1504 1705 1730 1772 capillos
1754 1719 1886 1758 suos
1921 1703 2284 1764 succrevisse,

708 1815 772 1854 ac
815 1800 981 1854 robur
1012 1799 1191 1853 inesse
1229 1797 1364 1862 sibi,
1398 1805 1521 1850 orat
1561 1795 1754 1860 Deum,
1788 1806 1843 1849 ut
1871 1795 2164 1850 vindictam
2199 1794 2283 1850 sui

644 1886 648 1889 ’
708 1890 898 1946 faciat.
940 1889 1077 1945 Cum
1111 1904 1240 1958 ergo
1274 1889 1696 1943 convivantibns
1727 1887 1979 1943 hostibus
2004 1888 2147 1956 apud
2191 1901 2283 1941 eo-
2314 1871 2321 1929 ἶ

1502 1889 1696 1941 ηηιίιιιιε
1727 1887 1979 1943 hostibus
2004 1888 2147 1956 apud
2191 1901 2283 1941 eo-
2314 1871 2363 1930 Β
2392 1886 2683 1940 ποιεῖσθαι.
2743 1887 2854 1940 Καὶ
2923 1887 3138 1958 βληθεὶς
3166 1929 3179 1952 ,

705 2000 828 2040 rum
865 1984 1019 2050 deos,
1053 1982 1324 2037 adductus
1352 1979 1546 2035 fuisset
1589 1990 1648 2034 ιιι
1683 1980 2036 2044 illuderetur;
2090 1981 2283 2033 ducem

706 2082 1056 2149 precabatur,
1097 2085 1154 2130 ut
1180 2089 1237 2130 se
1262 2074 1327 2127 ad
1368 2072 1653 2127 columnas
1681 2070 1926 2135 duceret,
1987 2085 2106 2140 qua:
2142 2079 2282 2124 tem-

708 2173 854 2240 plum
879 2168 1242 2224 sustinebant.
1275 2166 1379 2221 Ubi
1403 2165 1491 2220 ille
1517 2179 1616 2220 nec
1637 2164 1908 2218 videntem
1933 2177 1998 2218 eo
2025 2163 2278 2226 adduxit,

709 2260 1122 2333 apprehendens
1175 2259 1429 2314 manibus
1483 2258 1675 2312 ambas
1717 2256 2023 2318 columnas.
2087 2270 2283 2325 magna

708 2372 838 2410 voce
871 2354 1116 2409 clamans
1165 2351 1229 2405 ad
1263 2351 1454 2415 Deum,
1483 2350 1534 2403 in
1585 2349 1860 2402 interitum
1885 2348 1968 2401 sui
1990 2347 2285 2417 populique

709 2448 802 2518 qui
835 2452 1165 2500 convenerat
1192 2441 1257 2495 ad
1292 2438 1740 2510 conspiciendum
1790 2453 1915 2494 eum
1966 2455 2031 2493 ex
2089 2447 2284 2494 contu-

710 2538 894 2602 melia,
932 2534 1192 2604 templum
1221 2531 1445 2587 evulsit.
1476 2527 1590 2586 Hoc
1643 2529 1806 2601 igitur
1833 2527 1997 2584 modo
2048 2537 2103 2584 et
2147 2535 2286 2582 tem-

710 2629 858 2701 plum
892 2627 1184 2686 convulsit.
1218 2635 1267 2681 et
1308 2626 1548 2695 seipsum
1615 2639 1737 2679 cum
1787 2638 1981 2693 magna
2046 2621 2285 2678 civitatis

710 2722 1061 2777 multitudine
1096 2737 1125 2776 e
1151 2719 1330 2775 medio
1365 2717 1608 2781 sustulit,
1650 2716 1808 2786 longe
1836 2715 2019 2785 plures
2079 2712 2286 2768 interli-

711 2817 864 2872 ciens
893 2817 1022 2871 dum
1049 2813 1302 2879 moritur,
1327 2827 1490 2882 quam
1525 2825 1665 2880 quos
1693 2810 1848 2864 vivus
1880 2807 2178 2864 occiderat.

815 2950 967 3006 CAP.
1001 2947 1209 3004 LXXII.
1239 2978 1305 2989 -—-
1343 2946 1473 3012 Quae
1499 2947 1634 2998 mira
1668 2945 1899 3015 patravit
1938 2943 2180 3001 Samuel.

775 3133 912 3186 Cum
948 3130 1128 3184 adhuc
1165 3129 1375 3199 puellus
1401 3135 1569 3189 esset,
1598 3125 1837 3181 divinam
1871 3124 2044 3178 audiit
2093 3138 2285 3178 vocem

2395 605 2595 668 πύλαις
2631 605 2992 670 καθεύδοντας
3055 608 3415 679 θεασάμενος,
3480 609 3568 661 ἐπ’
3619 608 3785 675 ὤμων
3833 608 3971 675 μετά

2393 698 2503 750 τῶν
2553 699 2943 768 παραστάδων,
3005 701 3222 770 μοχλοῖς
3291 700 3476 762 αὐτοῖς
3507 701 3599 753 καὶ
3645 698 3822 768 actu,
3875 700 3969 760 τὰς

2393 787 2569 850 πύλας
2602 789 2902 860 ἀράμενος,
2956 791 3037 854 είς
3070 792 3161 844 τὸν
3215 792 3557 861 κατάντικρυ
3600 791 3697 861 τῆς
3762 790 3969 852 πόλεως

2394 877 2583 948 βουνὸν
2610 880 2868 943 ἀπέθετο,
2899 882 3032 934 δέκα
3064 882 3312 946 σταδίους
3345 883 3633 952 ἀπέχοντα.

2475 969 2754 1040 Ἦττηθεὶς
2802 970 2848 1024 δ’
2905 974 2984 1036 είς
3035 973 3262 1044 ὕστερον
3301 972 3618 1034 ἀλλοεθνοῦς
3667 970 3819 1040 πόθῳ
3871 989 3970 1038 γυ-

2391 1062 2598 1125 ναικὸς,
2635 1063 2730 1116 καὶ
2754 1064 2854 1133 τὴν
2896 1064 3070 1133 ἀλκὴν
3097 1066 3156 1117 ἐν
3193 1066 3300 1118 τίνι
3336 1064 3599 1132 κέκτηται
3634 1064 3969 1133 βιασαμένης

2393 1153 2553 1207 αὑτὸν
2586 1153 2846 1219 ἐξειπεῖν,
2902 1154 3172 1224 προύδόθη
3203 1158 3315 1218 τοῖς
3348 1154 3647 1224 πολεμίοις.
3693 1155 3840 1205 Ἐπεὶ
3862 1152 3971 1220 γάρ

2393 1245 2534 1312 ἔγνω
2556 1246 2614 1298 τὸ
2641 1246 2859 1312 γύναιον
2879 1247 2974 1316 τὴν
2998 1246 3166 1316 ἀλκὴν
3196 1249 3250 1299 ἐν
3279 1265 3324 1299 τ’
3349 1250 3398 1311 ῖς
3419 1249 3592 1319 θριξὶν
3610 1245 3758 1314 αμὶτῷ
3784 1249 3975 1316 παρεῖ-

2393 1355 2501 1398 ναι,
2530 1336 2738 1406 ἀναλκῆ
2765 1337 3018 1402 διέδειξεν
3053 1337 3240 1390 τοῦτον
3268 1340 3681 1409 ἀποξυράσασα.
3703 1339 3972 1398 Δαεόντες

2391 1428 2448 1480 δὲ
2472 1429 2539 1482 αὑ
2555 1429 2653 1492 δὸν,
2685 1429 3036 1497 αἰχμάλωτον
3063 1425 3207 1500 εἶχον
3226 1432 3274 1482 oi.
3296 1431 3563 1501 πολέμιοι,
3595 1431 3687 1484 καὶ
3705 1431 3970 1483 κατέπαιο

2394 1518 2484 1583 ζον
2510 1519 2674 1572 αὑτοῦ
2709 1522 2857 1590 παρά
2883 1523 3012 1583 τοὺς
3037 1523 3244 1574 ἐαυτῶν
3275 1522 3430 1586 θεοὺς
3461 1523 3849 1591 εὐωχούμενοι,
3877 1523 3971 1572 καὶ

2391 1613 2508 1674 τοῖς
2541 1611 2787 1682 ὄμμασιν
2838 1614 3000 1666 αὑτὸν
3058 1615 3414 1684 πηρώσαντες
3463 1615 3744 1677 ἐκόλαζον.
3787 1612 3874 1675 Ὦς
3911 1611 3969 1663 δὲ

2393 1703 2612 1771 ἐπέγνω
2642 1705 2741 1768 τὰς
2800 1705 2993 1777 τρίχας
3025 1706 3189 1760 αὑτοῦ
3215 1707 3491 1776 προϊέναι,
3527 1713 3620 1759 καί
3654 1705 3752 1775 τὴν
3801 1701 3971 1773 ἀλκὴ)

2395 1793 2732 1863 ἐγγίνεσθαι,
2765 1796 3058 1865 ἐπεύχεται
3095 1797 3170 1868 τῷ
3197 1797 3317 1866 Θεῷ
3345 1797 3444 1867 τὴν
3489 1798 3770 1865 ἐκδίκησιν
3802 1795 3971 1848 αὑτοῦ

3244 1888 3449 1958 εύωχου
3457 1889 3636 1957 μένων
3710 1885 3817 1938 τῶν
3883 1889 3974 1955 ἐχ-

2389 1977 2533 2048 θρῶν
2562 1978 2718 2049 παρά
2755 1981 2879 2042 τοὺς
2904 1981 3134 2034 ἐκείνων
3165 1981 3340 2044 θεοὺς,
3390 1981 3470 2043 είς
3529 1981 3589 2032 τὸ
3637 1978 3972 2041 καταπαέζε-

2389 2069 2531 2134 σθαι,
2567 2070 2721 2138 ἠξίου
2780 2070 2871 2123 τὸν
2926 2071 3138 2140 ὁδηγὸν,
3184 2071 3336 2142 παρά
3361 2071 3488 2133 τοὺς
3541 2072 3727 2130 κίονας
3786 2069 3967 2136 ἄγειν,

2386 2164 2513 2225 τοὺς
2573 2162 2665 2214 τὸν
2717 2163 2844 2216 ναὸν
2913 2163 3312 2233 ὑποφέροντας.
3386 2165 3474 2227 Ὠς
3551 2163 3610 2216 δέ
3680 2157 3815 2232 ἦγεν
3872 2161 3974 2230 οὐχ

2385 2257 2621 2326 ὁρῶντα,
2661 2257 2997 2328 δραξάμενος
3028 2259 3135 2314 τῶν
3183 2259 3277 2314 δύο
3303 2260 3516 2324 κιόνων,
3551 2259 3647 2312 καὶ
3675 2261 3816 2329 μέγα
3849 2260 3978 2330 βοη-

2390 2365 2488 2411 ca;
2522 2351 2658 2419 πρὸς
2689 2349 2784 2404 τὸν
2815 2351 2968 2417 Θεὸν,
2998 2352 3119 2405 καθ’
3161 2352 3355 2407 ἐαυτοῦ
3417 2354 3512 2406 καὶ
3565 2351 3660 2405 τοῦ
3715 2356 3970 2405 συναυλι-

2387 2441 2611 2505 σθέντος
2671 2443 2752 2506 είς
2797 2443 2897 2513 τὴν
2946 2445 3035 2512 ἐφ’
3089 2445 3247 2514 ὓϐριν
3299 2445 3429 2498 θέαν
3465 2445 3632 2499 αὑτοῦ
3693 2444 3846 2510 λαοῦ,
3879 2446 3972 2497 τὸν

2386 2534 2515 2588 ναὸν
2541 2535 2909 2589 ἐπεσπάσατο.
2931 2535 3088 2591 Οὕτω
3117 2537 3246 2604 γοῦν
3292 2537 3384 2590 τόν
3425 2554 3485 2590 τε
3517 2537 3645 2591 ναὸν
3688 2539 3969 2591 κατέσπα-

2391 2645 2504 2691 σεν,
2563 2629 2660 2682 καὶ
2719 2629 2914 2682 ἐαυτὸν
2964 2629 3102 2699 μετά
3149 2647 3244 2683 του
3303 2630 3404 2699 τῆς
3471 2631 3680 2694 πόλεως
3731 2629 3972 2700 πλήθους

2387 2719 2591 2783 ἀνεῖλε,
2630 2719 2854 2783 πλείους
2897 2721 3224 2785 ἀποκτείνας
3291 2723 3350 2776 ἐν
3377 2721 3454 2792 τῷ
3495 2721 3775 2793 θνήσκειν,
3820 2722 3970 2792 ἢπερ

2386 2808 2500 2874 ζῶν
2533 2812 2880 2866 ἀπέκτεινεν.

2390 2945 2641 3000 ΚΕΦΑΛ.
2678 2947 2796 3000 OB'.
2825 2976 2894 2988 —-
2934 2947 3070 3001 Τίνα
3105 2947 3235 3018 ἐστί
3267 2948 3340 3001 τὰ
3371 2948 3468 3001 διὰ
3522 2948 3809 3018 Σαμουὴλ
3838 2947 3969 3002 δισ-

2813 3017 3198 3087 πεπραγμένα
3252 3021 3542 3087 θαύματα.

2463 3151 2766 3221 Μειράκιον
2825 3151 2900 3205 ῶν
2931 3152 3033 3217 ἔτι,
3085 3153 3234 3216 θείας
3261 3154 3425 3226 ἠκουε
3452 3154 3636 3223 φωνῆς
3663 3155 3722 3207 ἐν
3749 3157 3817 3226 τῇ
3849 3155 3970 3226 ίερᾷ

714 3226 979 3279 educatus
1012 3224 1065 3277 in
1098 3236 1255 3277 sacro
1287 3221 1662 3284 tabernaculo,
1700 3219 1944 3273 futurum
1975 3217 2182 3273 scilicet
2230 3226 2288 3272 nt
2315 3223 2357 3280 C

2315 3223 2357 3280 θ
2394 3217 2955 3314 σκηνῇντρεφόμενος.
2986 3246 3061 3310 ὼς
3107 3247 3256 3299 Ἠλεὶ
3345 3217 3637 3319 ἀρχιερεῦς
3678 3217 3968 3310 πανέστίος

713 3317 828 3372 llcli
859 3333 982 3371 cuin
1013 3325 1126 3368 tota
1158 3315 1325 3368 domo
1378 3313 1622 3383 pontich
1652 3327 1681 3366 a
1715 3310 1992 3379 pontiﬁcio
2021 3307 2280 3364 detrude-

710 3420 884 3464 retur.
918 3407 1045 3463 Fuit
1073 3407 1328 3463 sacerdos
1361 3408 1524 3460 simul
1573 3415 1626 3459 et
1685 3404 1946 3474 propheta
2006 3411 2060 3457 et
2116 3402 2286 3472 judex

709 3502 915 3573 populi,
954 3511 1115 3572 atque
1149 3501 1201 3554 in
1231 3499 1577 3554 aristocratia
1611 3497 1826 3552 clavum
1862 3497 2180 3566 reipublicae
2208 3506 2287 3550 te-

709 3610 845 3649 nens
879 3593 1109 3661 insignis
1153 3590 1253 3645 fuit
1290 3606 1384 3660 per
1423 3590 1628 3644 omnia.
1664 3590 1931 3658 Populum
1964 3588 2183 3642 edocuit
2210 3587 2286 3640 leo

708 3701 835 3755 gum
875 3681 1249 3737 observationi
1279 3695 1501 3750 operam
1540 3680 1698 3745 dare;
1738 3690 1797 3733 ut
1850 3685 2117 3749 pugnaret
2161 3691 2285 3730 cum

706 3775 1100 3832 Pliilistltaeis"
1135 3773 1398 3828 doctrina:
1442 3782 1687 3841 tempore
1719 3771 2123 3841 ingruentibus,
2166 3769 2287 3822 ani-

706 3883 829 3922 mos
861 3866 1095 3930 suﬂ‘ecit,
1125 3864 1254 3919 dum
1285 3863 1542 3918 admonet
1567 3879 1633 3918 ne
1661 3870 1964 3917 metuerent
1989 3861 2288 3930 aggressio-

719 3977 838 4016 nem
878 3960 1246 4014 multitudinis
1292 3957 1754 4013 adversariorum.
1789 3956 1983 4011 Statim
2043 3955 2207 4026 igitur
2255 3969 2284 4007 a

710 4049 1109 4119 supplicatione
1153 4058 1377 4119 peracto
1408 4048 1703 4114 sacriﬁcio,
1765 4048 1951 4102 hostes
1999 4045 2052 4099 in
2102 4043 2285 4116 fugam

708 4143 889 4203 vertit,
921 4155 987 4194 ac
1011 4140 1299 4194 victoriam
1328 4139 1394 4193 de
1429 4139 1536 4193 illis
1591 4137 1794 4208 papulo
1851 4135 2098 4200 tradidit,
2147 4149 2287 4203 quos

710 4235 906 4288 divites
964 4233 1145 4287 eilecit
1168 4247 1234 4285 ex
1291 4231 1506 4300 spoliis,
1535 4246 1656 4300 qua:
1717 4229 2082 4290 abstulerunt,
2137 4237 2288 4298 post-

709 4342 873 4396 quant
910 4341 1006 4382 eos
1069 4325 1413 4379 interiecere.
1467 4322 1676 4391 Populo
1723 4322 2036 4391 postulante
2085 4328 2145 4373 ut
2189 4335 2287 4374 ceu

709 4420 932 4487 reliqua:
965 4427 1156 4487 gentes
1189 4431 1218 4470 a
1245 4430 1371 4486 rege
1400 4416 1820 4484 gubernaretur,
1862 4412 2085 4468 Saulem
2110 4412 2285 4479 nnxit,

707 4513 869 4580 eique
933 4518 1098 4563 uncto
1163 4509 1412 4576 prmdixit
1477 4522 1726 4577 qna-nam
1792 4505 1991 4561 indicia
2055 4521 2121 4559 ex
2192 4505 2286 4559 iti-

708 4617 837 4654 nere
903 4599 1121 4652 abcunti
1181 4606 1534 4653 occurrerent
1587 4610 1755 4664 regno
1786 4595 1931 4649 illius
1988 4593 2147 4648 ﬁdem
2201 4592 2282 4648 fa-

708 4694 926 4748 cientia.
1825 4705 1848 4713 "

779 4784 972 4838 llabita
1006 4782 1147 4852 apud
1187 4783 1452 4853 populum
1507 4780 1770 4836 concione
1829 4780 1895 4835 de
1945 4781 2150 4849 optima
2197 4779 2280 4834 sui

711 4877 980 4946 superiori
1015 4886 1258 4944 tempore
1312 4875 1701 4944 rempublicam
1740 4874 2159 4929 administrandi
2194 4889 2282 4926 ra-

710 4970 878 5032 tione,
911 4967 1130 5020 edocuit
1155 4974 1205 5020 et
1263 4973 1319 5019 ut
1353 4964 1566 5034 legibus
1599 4966 1927 5020 adhaereret.
1959 4971 2014 5017 et
2046 4978 2168 5033 quae
2194 4978 2282 5017 es-

709 5069 790 5113 set
819 5058 968 5124 regni
1000 5066 1274 5125 poteslas;
1306 5072 1481 5126 neque
1503 5059 1648 5110 enim
1685 5065 1886 5127 quanta
1915 5067 2060 5111 esset
2119 5071 2282 5110 nove-

707 5163 854 5207 rant.
899 5151 1146 5206 Ostendit
1197 5151 1332 5221 ipsis
1369 5151 1654 5204 innnctum
1717 5166 1922 5221 regem.
1975 5149 2097 5217 Quo
2153 5165 2284 5205 vero

710 5244 869 5297 ﬁdem
922 5241 1240 5297 conciliaret
1298 5242 1601 5296 verissimis
1662 5242 1845 5298 verbis
1902 5245 2018 5298 suis
2067 5244 2284 5313 Deoqne

709 5319 968 5402 acceptis,
1005 5331 1175 5386 Deum
1207 5333 1422 5402 rogavit
1457 5341 1514 5386 ut
1543 5332 1757 5401 pluvias
1791 5333 2098 5388 exhiberet.
2160 5333 2283 5386 Sta-

708 5426 918 5494 timque
944 5424 1259 5479 tonitrnbus
1289 5439 1352 5479 ac
1377 5424 1644 5480 divinitus
1679 5425 1944 5482 immissis
1974 5427 2145 5497 signis
2187 5428 2284 5482 ob-

706 5519 1073 5583 venientibus,
1111 5532 1284 5585 usque
1317 5518 1452 5573 adeo
1487 5518 1626 5574 Deus
1650 5519 1808 5589 pluit,
1834 5529 1894 5572 ut
1936 5521 2141 5575 veritus
2190 5537 2284 5590 po-

708 5610 869 5680 polus
909 5609 1106 5678 pluvia:
1133 5611 1262 5675 vim,
1296 5611 1648 5667 conﬁteretur
1697 5627 1811 5667 rem
1871 5613 1975 5668 sibi
2004 5613 2284 5684 [divinitus

710 5701 1055 5757 manifestam
1089 5715 1231 5767 esse,
1263 5715 1549 5776 oraretque
1598 5705 1864 5776 propheta
1925 5706 2117 5774 Deum,
2177 5724 2285 5778 quo

781 5855 825 5886 ‘°
854 5855 870 5908 l
899 5854 1026 5924 Reg.
1058 5873 1154 5912 vit.

2391 3337 2499 3390 ἀπὸ
2531 3336 2630 3406 τῆς
2677 3337 3074 3407 ἀρχιεροσύνης
3135 3338 3506 3409 καθαιρεῖται.
3577 3339 3776 3410 Ἰερεὺς
3833 3341 3970 3411 ὁμοῦ

2391 3431 2486 3483 καὶ
2509 3430 2804 3500 προφήτης
2852 3431 2945 3484 καὶ
2987 3430 3184 3501 κριτὴς
3218 3430 3512 3501 γενόμενος
3558 3431 3653 3484 τοῦ
3703 3433 3857 3495 λαοῦ,
3911 3435 3970 3484 ἐν

2388 3519 2785 3592 ἀριστοκρατίᾳ
2819 3522 3201 3590 πρυτανεύσας
3231 3521 3522 3592 διέπρεψεν
3551 3526 3608 3575 ἐν
3631 3523 3824 3577 ἅπασι.
3864 3525 3970 3575 Τὸν

2390 3610 2518 3665 λαὸν
2545 3613 2601 3664 εῦ
2610 3629 2665 3663 νο
2673 3615 2792 3681 μεῖν
2808 3612 3077 3665 ἐδίδασκε·
3094 3615 3188 3665 καὶ
3201 3631 3229 3666 τ
3239 3613 3314 3665 ῶν
3341 3613 3678 3681 Ἀλλοφύλων
3692 3615 3818 3668 πολε
3827 3617 3968 3684 μεῖ·.·,

2389 3703 2530 3758 κατά
2555 3704 2645 3758 τὸν
2668 3704 2770 3774 τῆς
2798 3704 3145 3768 διδασκαλίας
3194 3707 3386 3777 καιρὸν
3444 3705 3780 3760 ἐπελθόντων
3825 3723 3972 3776 παρ·

2391 3795 2680 3867 εθάρῤυνε,
2720 3797 3005 3866 παραινῶν
3035 3797 3109 3867 μὴ
3156 3798 3391 3851 δεδιέναι
3441 3801 3536 3851 τοῦ
3581 3798 3818 3867 πλήθους
3858 3799 3968 3855 τῶν

2395 3889 2672 3960 πολεμίων
2705 3890 2804 3960 τὴν
2837 3889 3046 3957 ἔφοδον.
3085 3890 3404 3960 Παραυτίκα
3434 3891 3491 3944 δὲ
3524 3889 3622 3959 τῆς
3658 3893 3963 3958 ἐντεύξεως

2394 3982 2715 4052 ἱερουργῶν,
2761 3983 2886 4044 τοὺς
2919 3983 3213 4052 πολεμίους
3248 3984 3542 4053 ἐτρέψατο,
3575 3985 3670 4036 καὶ
3697 3985 3796 4053 τὴν
3839 3987 3967 4037 κατ’

2391 4073 2573 4125 αὐτῶν
2593 4073 2845 4126 ἀπεδίδου
2869 4073 2947 4143 τῷ
2975 4073 3091 4143 λαῷ
3119 4073 3302 4143 νίκην,
3328 4073 3621 4138 πλουσίους
3648 4073 3706 4140 ἐξ
3727 4068 3803 4128 ῶν
3834 4091 3938 4128 κατ
3957 4105 3968 4114 -

2390 4165 2646 4236 ειλήφασι
2695 4165 2907 4218 σκύλων
2960 4165 3096 4234 μετά
3141 4165 3239 4236 τὴν
3277 4166 3490 4236 αἵρεσιν
3513 4166 3693 4221 αὺ-ῶν
3739 4168 3970 4237 ποιησά-

2393 4273 2574 4328 μενος.
2603 4259 2898 4327 Δίτήσαντι
2932 4257 3008 4328 τῷ
3035 4257 3150 4328 λαῷ
3179 4261 3291 4322 τοῖς
3334 4258 3542 4312 ἔθνεσιν
3570 4260 3660 4313 ῖσα
3690 4258 3972 4330 βασιλεύεο

2392 4349 2539 4414 σθαι,
2576 4349 2801 4420 κέχρικε
2832 4349 2923 4403 τδν
2947 4351 3143 4416 Σαοὺλ,
3187 4353 3280 4404 καὶ
3328 4352 3593 4421 προεῖπεν
3651 4350 3801 4420 αὐτῷ
3846 4368 3970 4422 χρι-

2394 4439 2574 4493 σθέντι
2596 4443 2663 4494 τά
2696 4440 2839 4494 κατά
2870 4441 2967 4510 τὴν
2993 4441 3110 4495 ὀδδν
3156 4442 3374 4496 ἀπιόντι
3397 4443 3701 4496 πιστωτικά
3727 4443 3825 4514 τῆς
3870 4443 3972 4514 βα-

2393 4532 2599 4595 σιλείας
2635 4533 3018 4602 ἀπαντήσοντα
3045 4533 3314 4604 σύμϐολα.

2456 4795 2860 4864 Δημηγορὴσας
2893 4794 2969 4861 τῷ
2994 4793 3107 4863 λαῷ
3144 4794 3275 4864 περὶ
3315 4795 3412 4866 τῆς
3464 4796 3660 4850 ἐαυτοῦ
3693 4798 3960 4870 πρότερον

2385 4885 2834 4955 ἀριστοκρατίας,
2871 4887 2967 4939 καὶ
3009 4886 3225 4953 διδάξας
3260 4887 3532 4956 εὐνομεῖν,
3570 4890 3662 4942 καὶ
3713 4891 3812 4961 τὴν
3858 4889 3959 4962 βα-

2389 4976 2592 5040 σιλείας
2628 4977 2913 5040 ἐξουσίαν·
2946 4979 3066 5032 οὐδὲ
3113 4979 3222 5050 γὰρ
3267 4979 3486 5049 ᾔδεισαν
3544 4981 3705 5052 ἡλίκη
3742 4999 3755 5012 ο
3824 4987 3957 5035 ἀσαο

2385 5068 2656 5121 δείκνυσιν
2688 5070 2872 5131 αὐτοῖς
2913 5071 3003 5122 τὴν
3051 5072 3416 5140 κεχρισμένον
3456 5071 3701 5142 βασιλέα.
3737 5075 3874 5144 Πρὶ,
3902 5075 3960 5128 δὲ

2388 5160 2654 5212 πίστωσιν
2685 5161 2852 5214 αὑτοῦ
2880 5162 2986 5215 τῶν
3013 5163 3279 5232 ἀληθινῶν
3305 5165 3394 5216 καί
3426 5163 3533 5216 τῶν
3563 5165 3682 5234 Θεῴ
3735 5166 3961 5236 εὐδοκή-
3994 5214 3997 5217 .
4053 5193 4056 5197 ’

2385 5270 2495 5306 των
2517 5252 2710 5321 λόγων,
2744 5253 2986 5323 ὄμϐρους
3042 5255 3276 5324 αἰτήσας
3303 5256 3397 5310 τὸν
3445 5257 3580 5309 Θεὸν
3629 5263 3959 5327 παρασχεῖν,

2387 5344 2481 5398 καὶ
2523 5345 2840 5414 παραυτίκα
2871 5344 3109 5416 βροντῶν
3142 5347 3234 5399 καὶ
3265 5347 3607 5419 θεοτημειῶν
3630 5350 3962 5418 γινομένων,

2387 5428 2516 5490 ὗσεν
2544 5437 2572 5490 ὁ
2613 5435 2745 5501 Θεὸς
2783 5437 3058 5502 τοσοῦτον,
3111 5438 3186 5503 ῶς
3245 5439 3497 5494 δείσαντα
3552 5442 3646 5495 τὸν
3694 5442 3821 5494 λαὸν
3865 5445 3966 5514 τὴν

2387 5527 2724 5600 ἐπομϐρίαν,
2755 5529 3092 5600 ὁμολογῆσαι
3142 5532 3344 5599 γνῶσιν
3380 5533 3527 5603 ἔχειν
3571 5534 3640 5589 δι’
3674 5535 3838 5590 αὑτοῦ
3870 5536 3964 5588 τοῦ

2386 5621 2546 5686 Θεοῦ,
2586 5624 2680 5676 καὶ
2709 5624 2967 5694 δεηθῆναι
2999 5623 3094 5677 τοῦ
3133 5625 3270 5679 Θεοῦ
3321 5626 3415 5680 τοῦ
3468 5629 3773 5699 προφήτου,
3831 5631 3964 5694 περὶ

2385 5713 2482 5781 τῆς
2511 5713 2621 5766 τῶν
2660 5714 2883 5786 ὄμϐρων
2909 5715 3126 5786 ἀνοχῆς.
3177 5719 3504 5790 ’Δμαρτόντι
3537 5719 3616 5789 τῷ
3664 5716 3837 5774 Σαοὺλ
3867 5721 3964 5775 καὶ
