4248 6438
239 441 308 500 77
1416 429 1788 491 LIBEI.I.US
1827 426 2326 486 MEMORIALIS.
3429 416 3502 477 73

241 544 668 616 ἀνηκουστοῦντι
713 543 842 611 περὶ
898 543 967 596 τὰ
1002 543 1480 612 προστασσόμενα,
1544 542 1675 610 περὶ
1727 557 1824 592 κα·
1861 545 1900 594 Α

1861 545 1900 594 Α
1933 536 2140 604 pluvias
2183 541 2587 588 averruncarct.
2614 533 2748 587 Cum
2784 538 3060 600 peccasset
3087 526 3237 592 Saul,
3286 543 3387 582 nec
3435 528 3501 582 iis

241 637 548 704 Oztpésaw;
593 637 859 704 προσεῖπε
892 636 991 703 τῆς
1047 634 1349 704 βασιλείας,
1406 636 1501 685 καὶ
1534 633 1610 694 ὼς
1658 634 1829 702 ἑτέρῳ

244 728 478 792 δέδοται,
521 727 728 791 ζῶντος
782 726 864 778 ἔτι
925 726 1114 786 αὐτοῦ,
1166 726 1314 793 παρὰ
1356 727 1452 778 τοῦ
1513 725 1674 777 Θεοῦ.
1728 724 1830 777 Τὸν

246 819 416 872 Δαὸὶδ
440 820 557 871 υίδν
593 819 793 872 Ἰεσσαὶ
825 818 918 871 τοῦ
969 817 1348 888 Βηθλεεμίτου
1389 819 1530 887 χρίει
1584 817 1830 886 βασιλέα,

249 910 584 981 κρατιῦντος
613 910 694 963 ἑτι
727 911 822 963 τοῦ
879 911 1075 969 Σαοὺλ,
1116 912 1211 962 καὶ
1252 914 1516 978 προεῖπεν
1566 909 1716 978 αὐτῷ
1756 909 1831 970 ὡς

250 1004 544 1072 εῦαρεστος
582 1002 734 1054 ἐσται
763 1001 841 1072 τῷ
867 1003 1006 1071 θεῷ.
1035 1003 1272 1071 Γηραιὸς
1300 1003 1591 1069 γενόμενος
1621 1003 1700 1063 είς
1731 1002 1832 1070 τὴν

250 1093 448 1146 ἐλυτοῦ
474 1093 628 1145 πόλιν
651 1093 900 1164 τελευτᾷ,
933 1095 1084 1155 oio-‘4;
1142 1093 1481 1163 καταλείψας
1512 1096 1612 1146 οὐκ
1651 1093 1836 1156 ἀξίους

253 1185 353 1253 τῆς
395 1185 590 1238 ἐαυτοῦ
631 1185 900 1256 διαδοχῆς.

260 1405 512 1456 ΚΕΦΑΛ.
551 1405 669 1456 ΟΡ.
707 1435 774 1445 -——
817 1406 956 1457 Τίνα
999 1406 1128 1458 ἐστὶ
1166 1405 1235 1458 τὰ
1282 1405 1359 1467 τῷ
1393 1406 1571 1458 Δαϐὶδ
1616 1424 1838 1469 πεπρα-

294 1474 502 1542 γμένα,
523 1474 620 1528 καί
640 1477 727 1540 εἰς
748 1477 936 1528 αὑτὸν
956 1478 1254 1542 θαύματος
1276 1475 1414 1538 ἄξια
1434 1478 1790 1542 πραχθέντα.

332 1584 593 1653 Χρισθεὶς
629 1587 708 1648 εἰς
742 1584 968 1654 βασιλέα
1011 1584 1168 1653 ἐμενε
1203 1586 1268 1637 τὰ
1300 1589 1391 1638 τοῦ
1426 1587 1631 1656 πατρὶς
1664 1587 1843 1654 νέμων

262 1677 512 1744 ποίμνια,
563 1679 699 1739 τέως
756 1680 866 1738 τοῖς
919 1677 1229 1747 ἀνθρώποις
1273 1676 1347 1728 ὢν
1392 1678 1690 1744 ἄγνωστος.
1741 1678 1845 1729 Τὸν

262 1768 522 1820 ιἐτθαῖον
568 1768 762 1820 Γολιάθ
811 1769 981 1838 ἄνδρα
1037 1771 1270 1837 γίγαντα
1321 1770 1463 1822 κατά
1512 1769 1716 1830 παντὸς
1749 1769 1844 1821 τοῦ

1933 642 2054 697 qua:
2082 627 2358 695 sibijussa
2411 627 2628 681 fuerant
2678 624 2874 678 fuisset
2925 622 3072 676 dicto
3131 621 3396 683 audiens,
3437 622 3505 673 de

1935 718 2235 772 auferendo
2286 719 2336 771 ei
2377 733 2545 786 regno
2593 717 2925 787 praelocutus
2953 721 3060 776 est,
3089 712 3346 781 quodque
3395 712 3505 781 jam

1935 811 2087 864 alteri
2120 810 2378 864 traditum
2427 809 2609 872 fuerit,
2644 809 2763 878 ipso
2817 807 2998 860 adhuc
3061 806 3378 874 superstite,
3440 804 3511 857 ab

1936 904 2054 971 ipso
2083 902 2212 956 Deo.
2248 901 2506 955 Davidem
2555 903 2724 955 filium
2766 899 2938 956 Jessa:
2989 899 3403 953 Betltlehemita‘.
3457 899 3510 952 in

1939 1011 2116 1063 regem
2149 995 2323 1064 ungit,
2365 995 2527 1048 Saule
2556 993 2734 1048 adbuc
2777 994 3066 1061 imperium
3099 992 3402 1054 obtinente,
3435 993 3512 1043 ei-

1937 1103 2046 1156 que
2109 1087 2358 1156 prtedixit
2407 1085 2520 1139 fore
2580 1088 2788 1153 utique,
2839 1095 2898 1138 ut
2953 1086 3066 1139 Deo
3122 1091 3377 1150 acceptus
3423 1083 3513 1135 sit.

1939 1179 2074 1231 Cum
2109 1194 2272 1231 senex
2298 1187 2466 1240 esset,
2501 1177 2554 1230 in
2585 1193 2682 1231 sua
2717 1178 2934 1230 civitate
2966 1178 3214 1238 moritur,
3246 1175 3388 1228 filios
3433 1189 3519 1226 re-

1944 1266 2197 1334 linquens
2229 1267 2371 1319 baud
2408 1281 2539 1320 sane
2568 1266 2762 1336 dignos
2791 1265 2883 1335 qui
2918 1265 2992 1318 illi
3016 1266 3387 1319 succederent.

1943 1399 2092 1452 CAP.
2137 1397 2370 1453 LXXIII.
2405 1430 2475 1437 —
2509 1399 2765 1463 Qumttam
2815 1410 2935 1451 sunt
2991 1397 3203 1451 Daridis
3254 1410 3421 1467 gesta,
3467 1411 3517 1452 et

2247 1472 2486 1538 prodigia
2513 1471 2658 1522 illius
2692 1472 2865 1539 gratia
2897 1480 3214 1538 perpetrata.

2019 1583 2227 1639 Unetus
2266 1585 2319 1639 in
2357 1601 2537 1654 regem
2584 1585 2952 1654 perseveravit
3002 1599 3222 1652 pascere
3269 1593 3524 1650 paternos

1948 1694 2159 1747 greges,
2195 1679 2412 1747 ignotus
2445 1678 2662 1731 interim
2701 1676 3035 1729 Itoniiniizus.
3072 1675 3374 1730 Gettbaeum
3412 1678 3524 1729 (ἱοο

1951 1770 2078 1823 liatb
2118 1772 2292 1824 virum
2340 1772 2636 1839 gigantem,
2678 1771 2770 1840 qui
2829 1770 3093 1823 adversus
3145 1784 3364 1823 omnem
3422 1767 3518 1822 IIe-

276 1852 552 1926 Ἒὸραίων
578 1860 941 1927 στρατοπέδου
977 1860 1519 1929 κατακενοτομοῦντα
1549 1859 1847 1913 κατέϐαλεν
1876 1877 1922 1934 Β

1876 1877 1922 1934 Β
1953 1860 2222 1914 brzeorum
2251 1861 2552 1914 exercitum
2583 1859 2819 1915 inaniter
2848 1861 3194 1924 efferebatur,
3222 1859 3528 1928 profligavit

265 1949 382 2011 ἐνὸς
430 1948 581 2002 λίθου
617 1949 768 2020 βολῇ.
798 1951 1032 2013 Δέοντας
1062 1952 1278 2022 ἀναιρεῖ
1307 1953 1400 2005 καὶ
1429 1953 1687 2022 ἄρκτους,
1728 1955 1848 2005 ἐπι-

268 2041 480 2106 πνίγων
514 2042 658 2111 χειρὶ
692 2043 816 2104 τοὺς
850 2043 1102 2104 ἐπιόντας
1133 2043 1209 2112 τῷ
1255 2043 1419 2095 αὐτοῦ
1460 2045 1715 2113 ποιμνίῳ.
1748 2044 1851 2096 ἰ’ὸν

267 2133 590 2202 ἐνοχλοῦντα
615 2135 843 2204 δαίμονα
878 2135 956 2204 τῷ
982 2137 1154 2200 Σαοὺλ
1178 2136 1396 2206 ψάλλων
1420 2138 1589 2189 ἐπαυε
1638 2141 1736 2208 τῆς
1765 2139 1852 2188 ἐν-

265 2225 569 2295 οχλήσεως,
621 2229 714 2280 καὶ
766 2230 1111 2298 κατεπράὓνε
1170 2230 1247 2298 τῷ
1301 2229 1411 2300 (70)
1465 2229 1638 2282 Σαοὺλ
1669 2229 1851 2300 ἄχθος.

271 2315 414 2378 Τοὺς
436 2316 832 2382 δεκαπλασίως
860 2320 1011 2386 παρά
1035 2321 1126 2372 τὸν
1154 2319 1377 2388 βασιλέα
1405 2321 1493 2374 τὸν
1516 2322 1688 2375 Σαοὺλ
1713 2342 1856 2392 μαρ-

269 2406 610 2476 τυρούμενος
641 2409 785 2478 ἔχειν
838 2410 988 2481 παρά
1039 2411 1501 2481 προςητευουσῶν
1532 2414 1589 2464 ἐν
1619 2414 1858 2482 χορείαις

275 2499 586 2568 παρθένων,
637 2501 738 2554 οὐκ
785 2503 1046 2572 ἐπαίρετο
1083 2502 1194 2571 (Ἠ)
1248 2506 1358 2566 τοῖς
1414 2504 1690 2568 ἐπαίνοις,
1744 2506 1856 2558 ἀλλ’

274 2591 558 2660 ἐφθονεῖτο
589 2594 725 2662 πρὶς
770 2593 864 2646 τοῦ
907 2594 1192 2662 βασιλέως.
1227 2595 1338 2658 Τὰς
1369 2594 1461 2647 τοῦ
1498 2596 1856 2663 φθονοῦντος,

278 2685 530 2755 ἀναιρεῖν
581 2685 746 2738 αὐτὸν
790 2686 1053 2748 πολλάκις
1098 2688 1473 2756 ὁρμήσαντος,
1509 2689 1734 2759 προνοίᾳ
1767 2690 1860 2742 τοῦ

276 2775 418 2829 Θεοῦ
467 2775 693 2846 διέφυγε
746 2779 954 2847 χεῖρας.
1007 2778 1118 2840 Τὰς
1163 2777 1477 2848 ὁρισθείσας
1523 2781 1670 2849 αὐτῷ
1721 2783 1861 2852 ὑπὲρ

283 2871 582 2938 μνηστείας
612 2870 713 2940 τῆς
742 2871 958 2940 Μελχδλ
992 2872 1136 2924 κατὰ
1166 2872 1448 2942 δεινότητα
1483 2875 1576 2927 τοῦ
1618 2876 1824 2946 πατρὸς
1844 2918 1859 2940 ,

280 2961 481 3013 ἑκατὸν
511 2962 768 3033 ἐκόμισεν
794 2963 1184 3032 ἀκροϐυστίας.
1211 2965 1350 3028 Τοὺς
1386 2966 1734 3037 πεμφθέντας
1759 2968 1865 3020 ὑπὸ

281 3051 381 3104 τοῦ
407 3053 581 3105 Σαοὺλ
605 3056 760 3120 ἄγειν
786 3053 948 3106 αὑτὸν
974 3055 1060 3106 ἐπ’
1088 3056 1389 3126 ἀναιρέσει,
1421 3058 1865 3128 προφητεύοντας

285 3143 517 3197 ἐόλεπεν
561 3144 728 3197 αὐτοῦ
765 3147 862 3215 τὴν
894 3146 1191 3214 βασιλείαν.
1244 3147 1354 3201 Kal
1387 3149 1548 3202 πάλιν
1599 3152 1724 3212 τοὺς
1772 3151 1865 3204 ἄλ-

1925 1954 2117 2007 unius
2150 1953 2343 2020 lapidis
2367 1951 2540 2021 jactu.
2586 1951 2796 2006 Leones
2831 1952 3082 2006 interficit
3115 1962 3168 2006 et
3201 1967 3378 2016 ursos,
3411 1951 3530 2006 suf-

1955 2046 2143 2100 focans
2169 2061 2264 2113 eos
2291 2045 2406 2102 suis
2432 2047 2706 2111 manibus,
2730 2047 2860 2099 dum
2898 2046 3174 2114 proprium
3207 2045 3530 2112 aggrediun-

1955 2149 2043 2193 tur
2078 2155 2315 2209 gregem.
2367 2138 2676 2193 Dzemonem
2713 2139 3020 2192 turbantem
3059 2136 3185 2191 Saul
3224 2138 3462 2206 psallens
3501 2152 3532 2188 a

1955 2233 2259 2288 divexando
2289 2231 2646 2301 compescuit,
2698 2230 2984 2300 Saulisqne
3037 2229 3340 2284 molestiam
3385 2229 3534 2282 miti-

1955 2327 2118 2396 gavit.
2159 2323 2396 2392 Deeuplo
2451 2322 2687 2391 majores
2725 2321 2914 2376 Iaudes
2947 2337 3056 2392 prae
3086 2337 3208 2390 rege
3236 2320 3399 2375 Saule
3428 2319 3533 2375 sibi

1957 2433 2078 2472 esse
2110 2417 2323 2470 debitas
2350 2431 2476 2470 eum
2529 2423 2740 2471 testatae
2785 2413 3007 2468 fuissent
3060 2413 3446 2483 prepbetantes
3480 2412 3534 2464 itt

1960 2508 2174 2562 choreis
2225 2506 2486 2577 virgines,
2544 2521 2650 2559 non
2686 2505 2806 2559 ideo
2852 2504 3178 2558 efferebatur
3218 2502 3485 2558 encomiis
3519 2521 3533 2556 :

1961 2601 2092 2669 quin
2156 2599 2298 2670 apud
2367 2599 2512 2668 regis
2572 2597 2828 2652 invidiam
2893 2596 3138 2650 offendit.
3209 2595 3536 2660 Invidentis,

1964 2706 2196 2758 eumque
2246 2705 2387 2760 saepe
2430 2688 2677 2743 occidere
2723 2686 3019 2741 annitetttis
3079 2700 3272 2740 manus
3315 2686 3538 2756 cffugit,

1965 2784 2144 2837 divina
2181 2783 2281 2837 sibi
2332 2781 2636 2850 opitulante
2681 2779 3042 2850 providentia.
3079 2777 3212 2844 Quae
3257 2779 3360 2833 sibi
3404 2795 3540 2850 pra:-

1965 2874 2156 2926 stituta
2191 2873 2408 2928 fuerant
2439 2872 2511 2927 ob
2544 2872 2763 2941 nuptias
2797 2869 3026 2925 Ielcbol
3059 2887 3124 2924 ex
3175 2872 3416 2926 saevitate
3443 2886 3542 2942 pa-

1969 2965 2067 3020 tris
2100 2965 2269 3032 illius,
2309 2975 2526 3019 centum
2560 2965 2824 3035 praeputia
2853 2962 3054 3017 attulit.
3089 2963 3216 3025 Eos,
3249 2963 3344 3033 qui
3389 2963 3542 3017 missi

1967 3057 2186 3113 fuerant
2237 3074 2268 3113 a
2321 3056 2486 3112 Saule
2529 3066 2590 3112 ut
2641 3057 2973 3111 adducerent
3017 3072 3277 3127 eutnqno
3312 3056 3544 3110 interfici

1969 3160 2184 3220 posset,
2243 3149 2628 3221 prophetantes
2677 3149 2809 3202 vidit
2858 3165 3018 3202 suum
3074 3150 3245 3218 ipsius
3296 3165 3543 3220 regnum.

287 3235 417 3299 λους
463 3239 845 3308 πεμφθέντας,
885 3241 953 3293 τά
985 3241 1124 3294 αὖτά
1167 3243 1280 3304 τοῖς
1326 3243 1615 3312 προτέροις
1651 3260 1868 3314 προφη·
1896 3243 1941 3302 C

1866 3243 1941 3302 VC
1975 3241 2320 3312 Rursumque
2362 3241 2531 3304 alios,
2583 3241 2672 3309 qui
2705 3241 2830 3294 item
2877 3241 3028 3295 missi
3069 3240 3304 3304 fuerant,
3354 3241 3543 3297 eadem

288 3329 566 3393 τεύοντας.
631 3332 785 3385 Ἐπεὶ
837 3333 891 3384 δὲ
939 3334 1300 3403 παρεγίνετο,
1343 3334 1417 3403 μὴ
1449 3335 1720 3388 πιστεύων
1759 3340 1870 3400 τοῖς

289 3424 702 3490 ἀπαγγέλλουσι
745 3425 873 3495 περὶ
916 3425 1026 3477 τῶν
1068 3427 1526 3496 προφητευόντων
1556 3469 1570 3490 ,
1623 3430 1649 3480 ό
1699 3429 1872 3483 Σαοὺλ

287 3513 576 3582 ἀναίρεσιν
629 3513 792 3567 αὑτοῦ
838 3515 906 3568 δι’
945 3515 1139 3568 ἐαυτοῦ
1191 3518 1462 3570 ποιεῖσθαι
1517 3519 1871 3590 βουλόμενος,

289 3607 388 3658 καὶ
422 3607 583 3669 αὐτὸς
611 3607 872 3661 ἐϐλέπετο
906 3609 1266 3680 προφητεύων
1297 3612 1622 3681 ἀσχημόνως
1648 3613 1744 3682 τὴν
1775 3613 1870 3666 τοῦ

290 3698 430 3751 Θεοῦ
491 3698 800 3769 βασιλείανο
861 3701 920 3766 ἐξ
975 3703 1167 3755 ἐαυτοῦ
1230 3704 1338 3774 γάρ
1401 3706 1718 3776 γενόμενος,
1781 3708 1876 3760 καὶ

290 3795 672 3864 γυμνούμενος
721 3797 778 3847 ἐν
831 3797 1105 3866 ὑπαίθρῳ,
1153 3797 1325 3850 ταῦτα
1361 3799 1572 3866 ἀγνοῶν
1606 3802 1869 3869 ἀνεφθέγ-

294 3904 444 3953 ⁸ςετο.
472 3887 694 3955 Φεύγων
728 3889 820 3940 τὸν
849 3890 1044 3950 Σαοὺλ,
1079 3891 1159 3953 είς
1185 3890 1284 3961 τὴν
1323 3893 1604 3960 ἱερατικὴν
1634 3893 1876 3946 ἐπελθὼν

295 3979 477 4046 πόλιν,
503 3981 604 4050 τὴν
634 3980 729 4033 τοῦ
769 3981 962 4034 ramo
993 3982 1282 4052 ἐκομίζετο
1325 3985 1622 4052 μάχαιραν,
1654 3985 1752 4055 τὴν
1785 3987 1875 4038 ὑπ’

297 4073 467 4126 αὐτοῦ
498 4075 762 4144 πρότερον
793 4075 1167 4140 ἀνατεθεῖσαν,
1201 4077 1295 4128 καὶ
1326 4078 1451 4136 τοὺς
1487 4076 1665 4146 ἱεροὺς
1692 4078 1879 4148 ἢσθιεν

297 4167 417 4234 ἃμα
466 4169 579 4228 τοῖς
616 4166 766 4234 αὑτῷ
818 4165 1070 4219 συνοῦσιν
1124 4169 1343 4238 ἄρτους.
1395 4168 1519 4236 Ὑφ’
1566 4164 1633 4240 ἦς
1669 4170 1880 4240 εἰλήφει

296 4259 617 4328 κακοσχόλῳ
646 4259 740 4312 τοῦ
787 4260 995 4330 πατρὸς
1030 4259 1221 4330 γνώμῃ
1264 4259 1522 4327 γυναικὸς
1551 4260 1687 4330 πρὸς
1723 4261 1878 4312 ἀναί-

300 4368 475 4423 ρεσιν,
523 4353 626 4404 ὑπὸ
660 4351 862 4423 ταύτης
899 4351 1222 4418 διεσώζετο,
1259 4353 1346 4406 διὰ
1383 4352 1600 4424 θυρίδος
1630 4355 1788 4406 αὑτὸν
1819 4355 1881 4406 ἐκ

300 4442 412 4493 τῶν
443 4444 680 4512 φονικῶν
720 4443 815 4496 τοῦ
869 4445 1072 4514 πατρὸς
1113 4444 1308 4514 χειρῶν
1355 4447 1433 4506 εἰς
1466 4448 1642 4514 φυγὴν
1673 4447 1881 4515 ἐκπεμ-

299 4534 506 4604 ιξιάσης.
555 4535 647 4597 Ei;
703 4535 928 4604 βασιλέα
977 4536 1076 4606 τῆς
1109 4536 1367 4604 Γετθίνης
1415 4535 1587 4587 ἐλθὼν
1635 4535 1881 4604 Ἀγχοῦς,

303 4628 400 4681 καὶ
436 4627 799 4694 ἐπιγνωσθεὶς
828 4628 988 4690 αὐτὸς
1012 4625 1088 4681 ὢν
1131 4629 1160 4680 ὁ
1191 4629 1278 4681 τὸν
1304 4627 1496 4680 Γολιάθ
1538 4627 1882 4694 καταϐαλὼν,

303 4719 602 4789 ἐπιληψίαν
636 4722 1018 4790 σοφισάμενος,
1052 4722 1146 4775 καὶ
1183 4720 1272 4774 διὰ
1303 4720 1505 4789 ταύτην
1551 4720 1882 4786 οίκτισθεῖς,

302 4811 572 4865 ἀπελύετο
591 4815 691 4880 τῆς
721 4813 1072 4883 ἀναιρέσεως.

375 4903 486 4960 Τοῦ
514 4906 684 4958 Σαοὺλ
709 4905 797 4958 διὰ
827 4906 927 4974 τὴν
966 4904 1130 4956 αὑτοῦ
1173 4905 1417 4968 δεξίωσιν
1452 4904 1729 4967 ἀνελόντος
1760 4905 1884 4968 τοὺς

305 5003 386 5050 τν⁹
441 4998 626 5068 ἱερεῖς.
660 4999 972 5064 πεφευγότα
1005 4996 1095 5048 τὸν
1128 4996 1391 5065 Ἀϐιάθαρ
1423 4996 1765 5065 ὑποδέχεται,
1793 4996 1887 5050 καὶ

306 5092 474 5155 αὐτὸς
514 5094 570 5144 ἐν
615 5093 812 5158 φυγαῖς
854 5091 1078 5159 διάγων,
1125 5091 1216 5143 καὶ
1249 5092 1307 5142 ἐν
1333 5094 1445 5151 τοῖς
1473 5091 1683 5142 δέουσιν
1729 5090 1885 5158 ἱερω-

312 5186 512 5253 μένων.
555 5183 693 5244 Τοὺς
740 5183 994 5243 ἐπιόντας
1035 5180 1324 5250 πολεμίους
1354 5181 1430 5250 τῷ
1459 5179 1594 5250 λαῷ,
1628 5179 1886 5232 ἐκδιωκό-

314 5292 476 5344 μενος
505 5274 604 5341 τῆς
643 5273 924 5337 Ἰουδαίας,
967 5273 1058 5327 ἐπὶ
1089 5268 1162 5327 ὧν
1190 5273 1301 5342 (72)
1335 5272 1624 5343 ἐπολέμει,
1662 5274 1754 5324 καί
1778 5274 1890 5334 τοῖς

311 5369 666 5420 ἐκδιώκουσιν
705 5368 869 5420 αὑτὸν
908 5367 1157 5436 ἔπεμπεν
1190 5364 1592 5434 ἀφαιρούμενος
1643 5364 1751 5416 ἀπὸ
1785 5365 1892 5416 τῶν

311 5462 593 5531 πολεμίων
637 5460 808 5514 ἐθνῶν
855 5459 924 5512 τὰ
971 5459 1164 5513 σκύλα.
1218 5458 1544 5512 Ἐπελθόντα
1597 5458 1687 5510 τὸν
1723 5457 1895 5509 Σαοὺλ

311 5554 590 5622 δεύτερον,
628 5554 728 5605 οὐκ
759 5553 990 5615 ἀνεῖλεν,
1031 5551 1168 5605 ἀλλὰ
1209 5552 1300 5603 καὶ
1347 5553 1549 5620 σημεῖα
1596 5549 1696 5617 τῆς
1739 5549 1892 5601 ἐκδό-

315 5661 456 5705 σεως
488 5642 676 5707 αὑτοῦ,
709 5643 785 5712 πῆ
819 5642 919 5713 μὲν
948 5643 1016 5696 τὰ
1058 5641 1156 5712 τῆς
1188 5639 1461 5711 χλαμύδος
1491 5639 1794 5709 κράσπεδα,
1820 5640 1894 5709 πῆ

389 5802 501 5865 (70)
544 5799 702 5854 Forte
737 5798 817 5854 τό.

389 5873 500 5942 (71)
539 5873 792 5943 ἐπῄρετο.

1973 3352 2097 3392 cum
2127 3335 2401 3404 prioribus
2429 3333 2811 3404 proplietantes
2835 3334 2990 3388 vidit.
3008 3333 3144 3388 Cum
3176 3345 3357 3389 autem
3389 3335 3552 3391 adve-

1977 3430 2167 3490 nisset,
2220 3438 2503 3499 propterea
2553 3430 2697 3500 quod
2764 3431 2835 3486 iis
2877 3443 2986 3483 non
3017 3429 3294 3493 credebat,
3334 3445 3454 3499 quae
3485 3431 3552 3484 de

1976 3522 2428 3592 proplietantibus
2460 3522 2706 3576 nuntiata
2738 3521 2972 3584 fuerant,
3024 3523 3252 3590 ipsemet
3286 3521 3417 3576 Saul
3454 3539 3551 3576 ιο-

1981 3614 2096 3667 lens
2139 3629 2234 3682 per
2280 3629 2339 3667 se
2389 3613 2542 3667 illum
2592 3628 2622 3666 e
2674 3613 2856 3666 medio
2904 3613 3122 3679 tollere;
3183 3612 3296 3682 ipse
3333 3627 3554 3681 quoque.

1977 3715 2161 3760 cretus
2194 3714 2278 3760 est
2303 3705 2632 3776 proplietans
2662 3705 2805 3759 baud
2839 3705 2912 3760 ita
2947 3706 3142 3760 decore
3183 3721 3405 3776 regnum
3437 3705 3555 3766 Dei.

1979 3799 2142 3854 Extra
2174 3814 2233 3854 se
2263 3801 2406 3854 enim
2432 3808 2639 3870 raptus,
2672 3798 2964 3870 nudusque
2986 3800 3087 3852 sub
3117 3797 3229 3863 dio,
3268 3799 3556 3866 limcigno-

1975 3907 2108 3948 rans
2150 3893 2642 3948 sermocinabatur.
2698 3893 2915 3946 Saulent
2969 3892 3204 3962 fugiens,
3242 3891 3466 3946 veniens
3501 3891 3555 3945 in

1979 3986 2251 4040 civitatem
2283 3985 2697 4048 sacerdotalem,
2725 3986 3048 4053 gestandum
3077 3985 3286 4054 accepit
3315 3984 3554 4054 gladium

1981 4074 2219 4139 Goliatb,
2250 4075 2342 4144 qui
2375 4077 2444 4128 ab
2476 4075 2595 4144 ipso
2625 4075 2778 4144 prius
2807 4074 3088 4128 dedicatus
3117 4074 3294 4127 fuerat
3323 4090 3335 4126 :
3370 4088 3560 4129 sacros

1983 4166 2170 4220 itidem
2211 4165 2447 4219 comedit
2494 4181 2662 4235 panes
2699 4181 2825 4218 cum
2861 4165 2927 4218 iis
2960 4165 3052 4233 qui
3089 4179 3272 4218 secum
3309 4163 3559 4218 aderant.

1982 4259 2022 4311 A
2061 4259 2287 4312 muliere
2316 4273 2479 4327 quam
2525 4266 2810 4326 acceperat
2835 4273 2900 4310 ex
2923 4257 3193 4310 malitiosa
3232 4255 3402 4325 patris
3433 4271 3563 4309 sen-

1984 4351 2181 4417 tentia,
2231 4366 2340 4419 quo
2390 4350 2598 4404 scilicet
2645 4349 3077 4412 interficeretur,
3128 4349 3195 4403 ab
3227 4349 3330 4404 liae
3369 4349 3559 4403 eadem

1986 4455 2234 4499 servatus
2260 4452 2363 4509 est,
2391 4444 2521 4498 dum
2550 4444 2699 4498 illum
2731 4459 2828 4512 per
2855 4442 3146 4497 fenestram
3174 4458 3238 4496 ex
3268 4441 3565 4510 sanguino—

1990 4536 2149 4591 lentis
2189 4537 2357 4604 patris
2381 4537 2635 4591 manibus
2677 4537 2731 4589 in
2767 4534 2948 4605 fugam
2979 4535 3181 4590 emisit.
3224 4533 3305 4588 Ad
3340 4534 3566 4588 Ancltus

1991 4627 2213 4681 veniens
2253 4643 2432 4696 regem
2472 4627 2722 4692 Gettinze,
2774 4626 3100 4695 agnitusque
3137 4624 3281 4695 quod
3323 4625 3371 4680 is
3419 4632 3568 4678 esset

1991 4721 2081 4788 qui
2107 4719 2322 4773 Goliatb
2354 4720 2755 4790 profligaverat,
2795 4720 3114 4789 epilepsiam
3163 4717 3454 4782 simulans,
3494 4718 3566 4772 ob

1990 4827 2220 4880 eamque
2253 4813 2304 4864 in
2331 4812 2702 4866 misericordia
2731 4812 2972 4874 habitus,
2998 4825 3183 4865 necem
3214 4809 3407 4864 evasit.

2063 4901 2198 4955 Cum
2249 4900 2402 4963 Saul,
2453 4902 2546 4972 qui
2607 4917 2731 4956 eum
2779 4903 3228 4972 persequebatur,
3274 4900 3570 4957 occidisset.

1994 5010 2122 5049 cccc
2172 4994 2502 5057 sacerdotes,
2564 4993 2858 5064 fugientem
2896 4992 3254 5047 Abiatliarum
3304 4993 3563 5061 suscipit,

1996 5104 2119 5141 eum
2154 5096 2208 5140 et
2254 5086 2370 5154 ipse
2402 5087 2453 5138 in
2507 5085 2634 5155 fuga
2686 5087 2930 5156 degeret,
2962 5085 3329 5152 indigeretque
3364 5084 3431 5137 iis
3476 5085 3569 5152 qui

2000 5196 2111 5232 rem
2149 5177 2250 5232 sibi
2292 5193 2503 5232 sacram
2541 5179 2803 5232 facerent.
2841 5175 3036 5231 Hostes
3075 5177 3333 5245 populum
3377 5190 3570 5246 aggre-

1999 5274 2230 5336 dientes,
2264 5273 2388 5324 dum
2438 5273 2491 5325 in
2523 5271 2708 5326 Juda-a
2748 5271 2836 5325 vix
2864 5270 3081 5340 quietus
3119 5269 3422 5324 consistere
3449 5281 3574 5336 pos-

2002 5373 2104 5424 set.
2143 5365 2532 5434 superveniens
2574 5363 2941 5434 oppugnabat,
2972 5372 3027 5415 et
3061 5361 3126 5416 ad
3161 5376 3255 5415 eos
3293 5358 3384 5427 qui
3420 5356 3571 5411 illum

2005 5457 2491 5526 persequebantur,
2527 5457 2702 5526 spolia
2745 5455 3014 5519 mittebat,
3063 5468 3182 5522 qua:
3225 5452 3293 5505 ab
3341 5449 3577 5504 inimicis

2005 5550 2255 5618 gentibus
2313 5549 2641 5602 detraxerat.
2693 5546 3042 5603 Invadentem
3101 5545 3298 5599 iterum
3353 5541 3577 5598 Sauletu

2006 5656 2350 5710 nequaquam
2403 5640 2672 5696 interfecit
2703 5658 2719 5696 :
2755 5641 2889 5712 quin
2935 5638 3118 5710 potius
3149 5636 3347 5692 indicia
3387 5631 3581 5690 diruis-

2078 5797 2190 5866 (ἹΞ)
2229 5797 2388 5852 Forte
2419 5797 2610 5854 ἐπιών.
