4248 6438
720 389 790 450 79
2204 387 2507 450 JOSEPPI
3908 392 3978 454 80

717 507 888 561 sionis
903 505 1044 575 ejus,
1071 504 1232 560 modo
1252 503 1557 575 chlamydis
1581 501 1870 570 fimbriam,
1898 502 2059 559 modo
2080 501 2292 559 hastam
2330 515 2376 570 Α

2330 515 2376 570 Α
2406 507 2462 559 δὲ
2489 508 2549 561 τὸ
2577 507 2704 578 δόρυ
2734 509 2829 562 καὶ
2859 507 2919 560 τὸ
2951 505 3295 561 νυκτιπότιον
3325 505 3658 577 ἀφελόμενος
3699 507 3975 572 ἀπεδίδου,

717 611 771 654 et
803 599 946 667 quod
994 598 1297 653 abstulerat
1336 605 1662 651 nocturnum
1699 596 1977 666 poculum,
2005 596 2293 662 reddebat;

717 694 1011 748 ostendens
1057 706 1278 746 manere
1312 705 1371 745 se
1407 691 1576 744 Deum
1620 689 1917 756 vindicem,
1953 692 2169 745 tametsi
2204 702 2298 743 ac-

718 787 953 856 cepisset
981 783 1049 837 ab
1078 798 1143 838 eo
1173 783 1223 837 id
1249 781 1536 852 praestandi
1569 780 1902 836 facultatem.
1933 781 1989 835 In
2020 781 2296 836 montibus

720 893 773 933 et
811 876 1042 932 desertis
1069 884 1315 946 tempore
1345 873 1486 944 fugae
1517 873 1741 945 degens,
1792 874 2072 928 custodem
2103 875 2298 944 agebat

718 985 967 1041 gregum,
1005 968 1182 1037 iisque
1226 965 1392 1020 etiam
1425 969 1517 1036 qui
1554 979 1745 1035 greges
1779 963 2149 1034 possidebant,
2201 964 2297 1019 de-

715 1064 988 1118 fensorem
1013 1076 1072 1115 se
1091 1060 1384 1130 prmbcbat.
1411 1056 1818 1112 Couviciantem
1849 1054 2137 1120 Nabalum,
2165 1056 2294 1110 dum

716 1156 785 1210 ab
814 1173 878 1210 eo
915 1165 1157 1224 tempore
1207 1163 1448 1207 tonsurae
1477 1150 1660 1204 ovium
1709 1149 2035 1204 munuscula
2075 1150 2146 1203 ob
2194 1165 2294 1204 cu-

715 1251 948 1303 slodiam
989 1261 1215 1318 gregum
1248 1244 1582 1314 postularet,
1628 1256 1730 1296 nec
1763 1241 2154 1296 contumeliam
2185 1241 2294 1312 pati

713 1354 871 1408 aequo
918 1339 1104 1392 animo
1155 1334 1443 1404 potuisset,
1473 1329 1700 1401 jamjam
1739 1327 2131 1383 interfecturus
2165 1343 2294 1398 proo

712 1431 968 1502 perabat,
1011 1427 1116 1482 nisi
1164 1426 1383 1495 sapiens
1435 1424 1681 1493 quaedam
1735 1419 1957 1476 Nabalis
1998 1435 2157 1482 uxor,
2205 1419 2291 1472 cui

712 1538 910 1578 nomen
957 1520 1170 1589 Abigma
1205 1525 1343 1581 erat,
1379 1531 1503 1571 cum
1536 1514 1854 1568 muneribus
1888 1513 1936 1567 ei
1967 1525 2286 1572 occurrens,

712 1614 1048 1685 propheticis
1087 1609 1333 1665 leniisset
1366 1607 1735 1664 sermonibus.
1780 1604 1986 1659 Vindex
2031 1603 2154 1673 ejus
2189 1601 2294 1656 fuit

712 1711 860 1765 llcus
894 1727 908 1764 :
960 1705 1132 1762 Nabal
1167 1706 1362 1776 quippe
1394 1704 1660 1758 citissime
1696 1699 1948 1756 moritur.
1982 1698 2119 1754 Cum
2148 1698 2292 1753 enim

712 1805 759 1859 is
780 1803 892 1873 jam
921 1801 1195 1870 crapulam
1246 1795 1690 1860 obdormivisset,
1737 1793 2155 1864 agnovissetque
2185 1806 2290 1860 qua

713 1911 835 1949 cum
873 1892 1146 1947 affecisset
1192 1888 1547 1953 contumelia,
1596 1897 1650 1943 et
1697 1901 1818 1957 quae
1853 1897 2117 1955 passurus
2152 1889 2289 1946 erat,
2325 1858 2366 1916 Β

712 1993 860 2040 metu
891 1981 1175 2053 perculsus
1205 1978 1361 2033 obiit.
1394 1977 1531 2031 Cum
1563 1977 1787 2030 Anchus
1817 1974 1978 2028 vellet
2009 1971 2165 2026 illum
2196 1972 2289 2025 ha-

709 2079 841 2133 bere
865 2075 1074 2130 socimn
1103 2073 1155 2125 in
1183 2072 1323 2125 bello
1351 2069 1614 2123 adversus
1638 2067 1880 2128 Saulem,
1912 2080 2019 2118 non
2047 2065 2294 2118 siverunt

715 2172 765 2226 id
799 2171 906 2234 sui,
955 2166 1206 2238 quamvis
1245 2165 1295 2217 id
1328 2178 1546 2232 quoque
1585 2161 1750 2214 llavid
1804 2160 1987 2215 vellet.
2032 2159 2208 2212 Aliam
2239 2166 2293 2211 et

717 2264 803 2319 hic
840 2262 908 2318 ab
958 2261 1075 2330 ipso
1125 2257 1232 2311 Di-o
1267 2270 1427 2327 Opem
1461 2254 1601 2308 tulit.
1631 2252 1766 2306 Cum
1796 2252 1938 2306 enim
1974 2250 2133 2304 vellet
2180 2250 2292 2318 ipse

715 2371 954 2428 pugnare
985 2369 1106 2407 cum
1142 2349 1472 2404 i’hilislhmis
1514 2361 1623 2415 quo
1663 2345 1851 2415 praelio
1880 2344 2009 2398 Saul
2037 2359 2101 2398 ac
2123 2341 2292 2397 Jona-

716 2453 840 2505 thas
869 2447 1049 2502 casuri
1092 2451 1308 2506 essent,
1339 2439 1604 2494 dimissus
1637 2439 1705 2492 ab
1749 2437 1971 2490 Anchus
2008 2449 2074 2490 ex
2112 2449 2292 2505 pugna

712 2541 978 2595 adversus
1001 2537 1260 2607 pepulum
1284 2549 1468 2597 suum,
1500 2531 1764 2586 intellexit
1791 2529 2040 2585 civitates
2066 2526 2202 2582 Juda
2227 2530 2295 2583 ab

714 2633 1030 2688 Amalecitis
1074 2630 1316 2700 spoliari.
1383 2625 1568 2697 Itaque
1611 2640 1706 2680 eos
1741 2625 2022 2679 insecutus
2079 2622 2218 2676 tollit
2265 2637 2295 2675 e

717 2729 896 2784 medio
931 2725 1306 2787 adversarios,
1353 2737 1416 2777 ac
1444 2720 1672 2776 remittit
1702 2720 1768 2774 iis
1806 2717 1900 2790 qui
1933 2717 2146 2787 spoliati
2179 2716 2296 2771 fue-

713 2832 838 2878 rant
885 2835 1014 2876 suas
1050 2834 1240 2873 eorum
1277 2829 1473 2870 uxores
1506 2829 1570 2868 ac
1609 2812 1830 2877 liberos,
1880 2811 2069 2881 sicque
2100 2810 2206 2864 dux
2243 2817 2297 2863 et

715 2923 1088 2987 propugnator
1121 2926 1221 2981 pro
1271 2909 1493 2962 inimico
1531 2905 1707 2961 factus
1744 2913 1830 2960 est
1858 2905 1992 2960 suis.
2045 2901 2184 2959 Hinc
2214 2903 2284 2957 le-

714 3025 836 3081 gem
866 3007 1022 3072 tulit,
1057 3003 1294 3058 hostium
1332 2999 1504 3069 spolia
1550 2997 2065 3068 impedimentorum
2107 3003 2295 3049 custo-

717 3101 878 3154 dibus
933 3106 986 3152 et
1041 3093 1485 3162 belligerantilms
1536 3106 1602 3144 ex
1659 3105 1817 3159 aequo
1866 3088 2242 3144 tlistribnenala
2279 3127 2292 3149 ,

2397 599 2611 663 δεικνὺς
2642 599 2716 662 ὡς
2746 599 2880 652 Θεὸν
2921 599 3183 669 ἀναμένει
3217 599 3311 652 τὸν
3352 600 3717 669 ἀμυνόμενον,
3747 601 3841 652 καί
3871 617 3977 670 περ

2397 689 2576 743 λαϐὼν
2618 693 2752 762 παρ’
2793 691 2961 746 αὐτοῦ
3006 693 3103 746 τοῦ
3145 691 3406 746 δύνασθαι
3431 691 3531 762 τὴν
3577 692 3848 757 ἐξουσίαν.
3891 694 3980 746 Ἐν

2397 786 2511 847 τοῖς
2556 783 2709 854 ὄρεσι
2743 785 2840 838 καὶ
2884 787 3005 850 ταῖς
3052 787 3313 858 ἐρημίαις
3369 785 3511 839 κατὰ
3549 785 3642 838 τὸν
3669 786 3766 856 τῆς
3799 786 3976 855 φυγῆς

2397 877 2590 948 καιρὸν
2639 877 2861 945 διάγων,
2919 878 3094 948 φύλαξ
3139 879 3348 947 ἐγίνετο
3404 877 3512 930 τῶν
3547 878 3838 948 ποιμνίων,
3884 881 3978 930 καὶ

2396 971 2508 1033 τοῖς
2534 969 2603 1023 τὰ
2647 971 2876 1040 ποίμνια
2935 973 3320 1042 κεκτημένοις,
3367 967 3435 1041 ἦν
3481 971 3577 1025 κα)⁵
3601 970 3813 1034 τούτοις
3858 971 3978 1023 ὲπί-

2397 1079 2618 1133 κουρος.
2660 1061 3050 1134 Ἐνυόρίσαντα
3076 1063 3166 1116 τὸν
3190 1063 3379 1116 Νάϐαλ
3410 1062 3573 1116 αὐτὸν
3595 1063 3653 1115 ιν
3678 1062 3853 1133 καιρῷ
3881 1063 3976 1131 τῆς

2400 1156 2606 1224 κουρᾶς
2638 1153 2747 1208 τῶν
2792 1154 3104 1226 προϐάτων,
3131 1154 3383 1221 εὐλογίας
3415 1154 3555 1222 ὐπὲρ
3597 1151 3695 1224 τῆς
3730 1154 3978 1225 φυλακῆς

2396 1247 2505 1299 τῶν
2544 1247 2810 1317 ποιμνίων
2853 1248 3177 1320 αἰτήσαντα,
3228 1249 3326 1317 τὴν
3383 1246 3542 1320 ὓϐριν
3587 1247 3684 1318 οὐχ
3725 1247 3976 1313 ὐποίσας,

2397 1337 2624 1406 ἔμελλεν
2646 1339 2892 1408 ἀναιρεῖν
2917 1339 3189 1409 ὁρμήσας,
3220 1339 3269 1390 εί
3299 1339 3374 1409 μὴ
3402 1339 3542 1409 σοφή
3568 1356 3653 1402 τις
3679 1341 3712 1408 ἡ
3745 1338 3837 1392 τοῦ
3861 1338 3976 1393 Νάσ-

2396 1428 2499 1480 6αλ
2538 1430 2675 1500 γυνὴ
2723 1430 3009 1503 (Ἃόιγαία
3038 1431 3094 1484 δὲ
3143 1427 3211 1503 ἦν
3258 1431 3430 1502 ὄνομα
3475 1433 3639 1501 αὐτῇ)
3672 1432 3977 1485 ἀντιάσασα

2395 1523 2507 1586 τοῖς
2542 1522 2737 1592 δώροις
2775 1525 2962 1590 αὐτὸν,
2996 1525 3091 1578 καὶ
3134 1526 3495 1594 προφητικοῖς
3538 1522 3852 1594 ὲξευμένισε
3888 1524 3976 1576 λό-

2395 1631 2534 1683 γοις.
2593 1615 2922 1670 Ἑκδικεῖται
2974 1616 3108 1688 πρὸς
3154 1616 3245 1670 τοῦ
3300 1616 3458 1682 Θεοῦ,
3513 1615 3608 1669 τοῦ
3657 1617 3844 1670 Nam
3879 1617 3976 1686 τὴν

2395 1708 2660 1778 ταχίστην
2689 1708 3071 1772 ἀποθανόντος.
3116 1708 3421 1779 ’Δνανήψας
3451 1708 3562 1779 γὰρ
3591 1702 3744 1772 οὗτος
3777 1711 3840 1762 ὲκ
3875 1707 3977 1777 τῆς

2400 1802 2589 1871 μέθης,
2645 1802 2740 1855 καὶ
2777 1803 2937 1870 γνοὺς
2985 1801 3128 1871 ἅπερ
3172 1801 3467 1871 ἐνύϐρισε,
3521 1802 3616 1855 καὶ
3666 1802 3702 1854 ἃ
3745 1802 3979 1870 πάσχειν

2396 1893 2609 1964 ἔμελλε,
2658 1895 2808 1967 φόϐῳ
2849 1895 3225 1965 γαταπλαγεὶς
3255 1895 3578 1949 ἀπεθάνετο.
3610 1895 3714 1947 Τὸν
3749 1893 3977 1964 ’Λγχοῦς

2395 1985 2719 2057 βουλόμενον
2749 1987 2893 2058 ἔχειν
2919 1987 3083 2043 αὐτὸν
3119 1988 3408 2058 σύμμαχον
3440 1987 3594 2058 ἐντῷ
3634 1987 3775 2040 κατὰ
3801 1988 3976 2040 Σαοὺλ

2395 2079 2639 2148 πολέμῳ,
2683 2080 2782 2132 οὐκ
2829 2079 2955 2133 εῖων
3005 2081 3053 2134 οἱ
3081 2080 3256 2149 τούτῳ
3304 2082 3699 2149 προσήκοντες,
3741 2079 3834 2132 καί
3871 2096 3977 2149 περ

2394 2170 2487 2222 καὶ
2517 2169 2610 2222 τοῦ
2641 2168 2805 2222 Δαϐὶδ
2837 2168 3185 2240 βουλομένου.
3220 2168 3420 2234 ’Δλλην
3451 2167 3545 2220 καὶ
3571 2166 3667 2219 νῦν
3698 2167 3785 2219 ἐπ’
3811 2166 3975 2218 αὐτοῦ

2393 2262 2486 2315 τοῦ
2528 2260 2666 2315 Θεοῦ
2710 2262 2972 2332 πρόνοιαν
2999 2261 3134 2333 (75).
3184 2261 3293 2314 Καὶ
3328 2261 3435 2330 γὰρ
3469 2258 3795 2330 βουλομένου
3833 2274 3975 2326 συμ-

2397 2358 2592 2426 μαχεῖν
2615 2355 2778 2408 αὐτὸν
2815 2354 2927 2427 (74)
2957 2357 3067 2418 τοῖς
3103 2355 3447 2424 Ἀλλοφύλοις
3472 2352 3564 2406 ἐπὶ
3589 2356 3656 2422 τῇ
3684 2351 3777 2405 τοῦ
3805 2349 3980 2405 Σαοὺλ

2394 2450 2488 2503 καὶ
2519 2448 2612 2502 τοῦ
2658 2447 2917 2501 Ίωνάθαν
2961 2447 3266 2518 ἀναιρέσει,
3324 2443 3710 2516 ἀποπεμφθεὶς
3743 2443 3848 2497 ὑπὸ
3881 2443 3976 2495 τοῦ

2409 2543 2654 2613 Ἀγχοῦς,
2687 2542 2795 2596 ἀπὸ
2822 2544 2921 2612 τῆς
2947 2541 3082 2612 πρὸς
3124 2541 3215 2594 τὸν
3238 2539 3434 2592 ἑαυτοῦ
3458 2539 3586 2593 λαὸν
3614 2540 3816 2610 μάχης,
3836 2537 3980 2604 ἔγνω

2394 2636 2494 2699 τὰς
2529 2634 2623 2688 τοῦ
2676 2633 2846 2688 Ἰούδα
2895 2634 3078 2696 πόλεις
3123 2632 3227 2686 ὐπδ
3291 2629 3672 2702 ’Λμαληκιτῶν
3718 2627 3979 2682 ὲσκυλεῦ-

2398 2728 2552 2792 σθαι,
2583 2727 2677 2780 καὶ
2705 2723 3046 2791 καταδιώξας
3089 2725 3306 2794 ἀναιρεῖ
3355 2723 3452 2793 μὲν
3487 2723 3611 2784 τοὺς
3648 2721 3976 2788 πολεμίους,

2396 2818 2716 2875 ἀποστέλλει
2741 2817 2854 2890 (75)
2882 2818 2991 2880 τοῖς
3014 2815 3432 2885 ἑσκυλευμένοις
3442 2814 3540 2877 τὰς
3557 2812 3766 2867 ἑαυτῶν
3790 2812 3982 2879 γυναῐρ

2398 2930 2498 2976 x1;
2529 2913 2624 2965 καὶ
2647 2911 2714 2965 τὰ
2742 2914 2931 2974 τέκνα,
2964 2909 3058 2964 καὶ
3090 2909 3402 2980 προστάτης
3434 2906 3578 2960 οῦτω
3602 2907 3699 2960 καὶ
3723 2903 3982 2974 κηδεμὼν

2398 3005 2518 3056 ἀντὶ
2550 3002 2807 3072 πολεμίου
2839 3005 2950 3066 τοῖς
2986 3002 3206 3064 οἰκείοις
3241 2999 3476 3068 ἐγίνετο.
3525 2995 3793 3052 Ἐνταῦθα
3813 2997 3981 3066 νόμον

2400 3095 2570 3158 ἔθετο,
2590 3097 2656 3148 τὰ
2691 3095 2756 3148 ἐκ
2783 3094 3058 3164 πολεμίων
3095 3093 3266 3147 σκῦλα
3299 3091 3657 3159 σκευοφύλαξι
3688 3091 3783 3144 καὶ
3818 3088 3980 3142 πολε-

715 3190 1154 3262 quamloquidem
1202 3185 1328 3240 mali
1365 3184 1585 3254 quidam
1621 3182 1873 3236 homines
1918 3181 2009 3250 qui
2045 3196 2168 3233 cum
2202 3179 2292 3231 illo
2322 3224 2364 3278 ο

2322 3224 2364 3278 c
2403 3189 2619 3258 μισταῖς
2654 3187 2711 3254 ἐξ
2739 3187 2855 3238 ἴσου
2900 3184 3378 3254 δασμολογεῖσθαι,
3417 3184 3648 3255 ἐπείπερ
3689 3186 3737 3236 oi
3784 3183 3982 3252 φαῦλοι

716 3283 1048 3340 Amalecitas
1101 3278 1319 3332 fuerant
1350 3274 1606 3338 insecuti,
1647 3273 1900 3327 nolebant
1939 3270 2132 3340 praeda:
2165 3285 2291 3338 par-

717 3389 823 3430 tem
861 3373 1041 3428 facere
1082 3370 1168 3430 iis,
1201 3369 1296 3438 qui
1337 3367 1406 3422 ob
1435 3367 1768 3422 debilitatem
1801 3364 1996 3416 virium
2043 3362 2107 3416 ad
2138 3377 2289 3414 com-

713 3467 901 3523 munia
931 3464 1314 3533 impedimenta
1343 3463 1743 3516 remanserant.
1768 3454 2042 3510 Mortuum
2078 3453 2205 3507 Saul
2240 3452 2292 3506 in

715 3569 897 3626 pugna
926 3553 1190 3607 adversus
1220 3551 1439 3604 Auchus
1467 3548 1861 3608 Philistlneurn,
1892 3561 1999 3599 non
2034 3554 2291 3612 tanquam

716 3647 890 3703 hostis
922 3645 1183 3700 cecidisse
1232 3642 1458 3707 audivit,
1501 3640 1594 3696 sed
1643 3648 1703 3693 ut
1736 3652 2056 3708 germanum
2091 3636 2298 3690 lamen-

717 3748 861 3794 tatus
904 3744 988 3790 cst
1033 3745 1483 3802 curatoremque,
1528 3745 1592 3786 ac
1640 3728 1994 3784 emortualem
2045 3737 2153 3780 tam
2201 3741 2298 3796 pro

717 3832 810 3884 illo
837 3844 998 3899 quam
1037 3844 1133 3898 pro
1164 3827 1276 3880 filio
1301 3826 1562 3896 hymnum
1592 3821 1937 3890 conscripsit.
1971 3818 2105 3872 Eum
2135 3832 2299 3888 porro

714 3925 808 3994 qui
861 3922 1120 3976 afferebat
1153 3920 1294 3989 regis
1345 3917 1473 3972 Saul
1507 3915 1764 3985 insignia,
1798 3924 1854 3969 et
1893 3913 1958 3968 de
1985 3927 2118 3966 nece
2153 3911 2299 3964 illius

721 4016 1014 4070 certiorem
1077 4011 1346 4076 faciebat,
1406 4011 1515 4063 imo
1565 4022 1693 4061 vero
1746 4005 1799 4058 in
1867 4004 2096 4074 gratiam
2153 4003 2301 4057 illius

715 4111 894 4177 egisse
921 4107 1050 4177 quid
1084 4115 1271 4160 coxrtra
1302 4103 1454 4156 illum
1491 4101 1802 4165 dictitabat,
1843 4112 1914 4161 ac,
1936 4096 2093 4166 quasi
2127 4096 2300 4149 bonus

717 4201 943 4254 nuntius
992 4198 1058 4252 ad
1115 4213 1239 4250 eum
1296 4195 1561 4250 ventitare
1605 4191 1916 4251 videbatur.
1948 4204 2047 4244 ceu
2095 4187 2300 4242 malum

719 4293 972 4348 nuntium
1007 4289 1298 4344 interfecit.

791 4381 898 4436 Ter
927 4383 980 4435 in
1013 4396 1191 4449 regem
1224 4378 1460 4448 ungitur.
1491 4375 1672 4431 Semel
1697 4376 1915 4446 quidem
1959 4389 1989 4428 a
2022 4371 2304 4428 sacerdote

719 4474 939 4528 Samuel
974 4474 1025 4526 in
1059 4471 1372 4525 Bethlrhcm
1404 4470 1573 4540 patria
1605 4470 1740 4536 ejus.
1775 4467 1975 4521 lterum
1996 4465 2305 4536 abJudaico

2398 3281 2506 3334 τῶν
2542 3280 2659 3350 μετ’
2702 3277 2867 3332 αὐτοῦ
2907 3278 3359 3344 καταδιωξάντων
3385 3279 3512 3341 τοὺς
3567 3277 3938 3347 Ἀμαληκίτας
3962 3315 3981 3342 ,

2395 3373 2493 3425 οὐκ
2514 3369 2795 3425 ἐϐούλοντο
2818 3370 2918 3439 τῆς
2941 3370 3090 3431 λείας
3117 3369 3411 3438 ἀπονέμειν
3433 3370 3545 3431 τοῖς
3571 3367 3635 3420 δι’
3668 3367 3983 3440 ἀρρωστίαν

2396 3462 2893 3534 παραμεμενηκόσι
2960 3461 3060 3531 τὴν
3122 3460 3233 3532 (76)
3294 3463 3406 3523 τοῖς
3465 3462 3668 3524 κοινοῖς
3725 3459 3982 3527 ἐφοδίοις.

2408 3551 2777 3604 Ἀποθανόντα
2845 3551 2936 3603 τὸν
2988 3550 3164 3603 Σαοὺλ
3215 3551 3273 3602 ὲν
3323 3552 3388 3621 τῇ
3453 3549 3588 3619 πρὸς
3657 3549 3984 3617 Ἀλλόφυλον

2411 3642 2640 3713 Ἀγχοῦς
2677 3643 2857 3714 μάχῃ,
2902 3642 3000 3712 οὐχ
3048 3642 3123 3705 ὡς
3159 3643 3419 3711 πολέμιος
3470 3642 3672 3712 ἤκουσε
3708 3640 3939 3694 πεσόντα
3964 3681 3980 3704 ,

2399 3737 2473 3798 ὡς
2496 3736 2551 3788 δὲ
2583 3735 2805 3803 γνήσιον
2833 3733 3122 3803 ὲθρήνησε,
3160 3735 3254 3787 καὶ
3287 3733 3581 3804 κηδεμόνα,
3613 3732 3708 3784 καὶ
3740 3732 3833 3785 τὸν
3863 3735 3988 3785 ὲπι-

2400 3827 2592 3893 τὰφιον
2619 3823 2768 3894 αὐτῷ
2798 3841 2856 3876 τε
2888 3827 2984 3876 καὶ
3014 3824 3092 3892 τῷ
3137 3824 3237 3894 υἱῷ
3267 3825 3607 3894 συνέγραψεν
3653 3823 3840 3892 ὕμνον.
3877 3823 3987 3877 Τὸν

2399 3917 2455 3970 δὲ
2488 3915 2790 3987 κομίσαντα
2823 3914 2893 3967 τὰ
2919 3914 3180 3983 βασιλέως
3202 3915 3296 3966 τοῦ
3317 3915 3488 3968 Σαοὺλ
3510 3918 3732 3984 σημεῖα.
3767 3917 3861 3967 καὶ
3883 3916 3986 3984 τὴν

2404 4009 2684 4078 ἀναίρεσιν
2715 4005 2880 4060 αὐτοῦ
2907 4007 3244 4077 μηνύσαντα,
3274 4007 3369 4060 καὶ
3387 4006 3450 4078 δὴ
3477 4007 3612 4078 πρὸς
3632 4007 3791 4077 χάριν
3815 4005 3986 4060 αὐτοῦ

2401 4099 2723 4170 δεδρακέναι
2758 4116 2811 4151 τι
2839 4101 2918 4161 είς
2958 4098 3120 4151 αὐτὸν
3155 4100 3432 4170 φήσαντα,
3485 4099 3580 4152 καὶ
3631 4100 3705 4163 ὡς
3754 4099 3986 4168 εὐαγγέ-

2402 4191 2514 4245 λιον
2545 4191 2657 4260 (77)
2710 4189 2858 4260 αὐτῷ
2898 4191 3336 4260 παραγεγονέναι
3383 4190 3635 4255 δόξαντα,
3689 4190 3762 4254 ὡς
3812 4190 3988 4244 κακὸν

2402 4283 2633 4352 ἄγγελον
2660 4282 2859 4337 ἀνεῖλε.

2471 4375 2669 4445 Τρίτον
2700 4377 2780 4437 εἰς
2824 4374 3102 4444 βασιλείαν
3141 4374 3376 4444 χρίεται.
3423 4374 3699 4446 Πρότερον
3746 4373 3846 4444 μὲν
3876 4374 3991 4428 ἀπὸ

2403 4468 2497 4521 τοῦ
2537 4467 2731 4539 ἱερέως
2775 4468 3030 4538 Σαμουὴλ
3065 4470 3146 4531 εἰς
3190 4468 3291 4538 τὴν
3321 4466 3513 4519 ἑαυτοῦ
3551 4465 3730 4519 οἰκίαν
3753 4466 3852 4534 τὴν
3876 4466 3984 4535 Βη-

721 4567 942 4636 populo,
989 4579 1051 4617 ac
1101 4563 1263 4617 tertio
1308 4561 1376 4614 ah
1408 4563 1660 4615 universo
1687 4559 1850 4613 simul
1887 4560 2109 4628 populo,
2159 4558 2300 4620 Che-
2333 4573 2377 4627 ι)

2333 4573 2377 4627 D
2407 4562 2600 4631 θλεέμο
2630 4562 2884 4631 δεύτερον
2916 4561 3022 4614 ἀπὸ
3047 4561 3140 4614 τοῦ
3177 4558 3472 4613 Ἰουδαϊκοῦ
3506 4558 3702 4629 δήμου,
3741 4557 3834 4610 καὶ
3853 4557 3988 4628 τρία

719 4661 889 4713 brone
937 4656 1026 4710 ubi
1071 4654 1319 4727 degebat.
1359 4654 1463 4708 Eos
1507 4655 1599 4723 qui
1633 4653 1895 4722 reliquias
1940 4651 2070 4706 Saul
2111 4666 2174 4705 ac
2203 4651 2298 4705 tilii

715 4755 834 4815 ejus
874 4757 1332 4819 composuerunt;
1387 4755 1544 4800 erant
1591 4759 1756 4814 porro
1809 4745 1861 4798 hi
1915 4744 1983 4798 de
2027 4742 2190 4798 labes
2220 4744 2300 4798 sic

719 4842 861 4895 dicta
903 4841 1160 4904 c.vitate;
1195 4851 1502 4899 accersens,
1533 4836 1696 4888 etiam
1732 4842 1893 4903 atque
1927 4833 2089 4889 etiam
2123 4832 2298 4887 admi-

721 4942 889 4997 ratus,
929 4931 1138 4999 mngnis
1175 4945 1272 4984 eos
1319 4926 1795 4982 benedictionibus
1846 4925 2165 4980 cumulavit.
2225 4925 2299 4979 Dc

721 5024 971 5079 hostibus
995 5022 1292 5076 interfectis
1318 5033 1596 5086 nunquam
1629 5018 1849 5086 gavisus
1887 5025 1991 5071 est.
2021 5015 2126 5071 Eos
2151 5017 2298 5070 enim

719 5117 812 5186 qui
863 5114 1249 5169 interfecerant
1283 5111 1466 5165 Saulis
1503 5109 1672 5163 lilium
1721 5107 2178 5178 Memphibosthe,
2208 5109 2300 5178 qui

722 5205 866 5276 apud
891 5204 1156 5274 quosdam
1183 5203 1235 5256 in
1267 5203 1475 5256 honore
1501 5212 1640 5266 erat,
1669 5201 2018 5270 patriumque
2051 5215 2300 5270 regnum,

720 5299 921 5366 quippe
967 5295 1039 5348 illi
1075 5295 1336 5354 debitum.
1380 5302 1634 5363 oportere
1684 5294 1752 5346 ab
1785 5293 1877 5346 illo
1927 5292 2099 5346 teneri
2149 5293 2303 5344 vole-

724 5390 885 5454 bant;
931 5403 1036 5442 non
1073 5391 1236 5441 modo
1275 5393 1526 5457 acceptos
1572 5401 1678 5439 non
1707 5385 1920 5452 habuit,
1956 5388 2090 5457 quin
2124 5388 2306 5455 potius

791 5549 905 5615 (7'5)
951 5548 1108 5603 Deest
1137 5545 1352 5613 ἐλαϐεν,
1374 5523 1610 5617 νοιίιιιίύ
1629 5545 1827 5610 simile,
1855 5544 2086 5600 forlasse
2118 5558 2304 5599 errore

727 5631 773 5691 ι)
788 5636 1107 5756 ἳῗῗῖἐυτιθ
1131 5685 1320 5752 αὐτοῦ,
1348 5687 1438 5743 hic
1469 5702 1686 5756 quoque
1711 5703 1898 5744 errore
1928 5698 2140 5758 typogr.

795 5761 909 5827 (75)
953 5761 1099 5814 Adde
1127 5759 1204 5812 δέ.

792 5830 905 5901 (76)
942 5829 1051 5901 Τὴν
1085 5830 1296 5885 videtur
1324 5829 1647 5885 redundare.

2405 4673 2496 4709 τον
2526 4654 2633 4708 ἀπὸ
2670 4654 2870 4718 παντὸς
2907 4654 3042 4725 ὁμοῦ
3071 4655 3165 4708 τοῦ
3190 4651 3326 4706 λεὼν
3358 4651 3494 4723 (78),
3528 4655 3609 4718 είς
3651 4654 3718 4725 ἢν
3751 4654 3989 4726 διέτρισε

2410 4747 2585 4811 πόλιν,
2613 4747 2713 4817 τὴν
2750 4746 2998 4816 Χεϐρῶν.
3033 4747 3172 4810 Τούς
3200 4744 3269 4799 τὰ
3303 4745 3532 4817 λείψανα
3566 4745 3658 4800 τοῦ
3693 4747 3866 4800 Σαοὺλ
3896 4750 3992 4801 καὶ

2407 4838 2503 4891 τοῦ
2554 4838 2717 4900 υἱέως
2773 4837 3249 4909 περιστείλαντας·
3304 4839 3414 4892 ἀπὸ
3462 4839 3518 4894 δὲ
3581 4839 3790 4903 πόλεως
3847 4833 3992 4911 ἦσαν

2424 4931 2604 4999 Ἰαόἧς
2637 4929 2780 4983 οὕτω
2822 4930 3201 4999 καλουμένης⁶
3239 4930 3509 4995 καλέσας,
3546 4930 3988 5002 μεγαλοπρεπῶς

2410 5022 2648 5093 ἠγάσθη,
2698 5021 2792 5074 καὶ
2840 5020 3074 5090 ἠξίωσεν
3129 5021 3400 5091 εὐλογίας.
3445 5022 3561 5074 Ἐπ’
3613 5021 3828 5092 ἐχθροῖς
3887 5020 3988 5093 οὐχ

2405 5115 2545 5186 ἥσθη
2575 5112 2794 5167 πώποτε
2827 5112 3257 5185 ἀναιρουμένοις.
3287 5116 3396 5168 Καὶ
3420 5114 3529 5184 γὰρ
3550 5115 3675 5176 τοὺς
3704 5115 3994 5177 ἀνελόντας

2411 5207 2503 5259 τὸν
2524 5205 2619 5258 τοῦ
2653 5206 2824 5261 Σαοὺλ
2856 5206 2971 5259 υἱὸν
3005 5206 3383 5276 Μεμφιὸοσθὲ,
3419 5208 3569 5276 παρά
3609 5222 3718 5258 τισι
3746 5204 3994 5274 τιμώμε-

2410 5314 2521 5360 νον,
2575 5296 2667 5348 καὶ
2714 5295 2811 5367 τὴν
2858 5295 2951 5348 τοῦ
3009 5297 3214 5367 πατρὸς
3264 5295 3456 5368 ἀρχὴν,
3501 5296 3574 5360 ὡς
3633 5293 3994 5363 ὀφειλομένην

2409 5385 2578 5455 αὐτῷ,
2612 5386 2724 5440 δεῖν
2774 5385 2865 5438 ὑπ’
2913 5385 3078 5439 αὐτοῦ
3113 5384 3439 5455 κατέχεσθαι
3484 5384 3807 5455 βουλόμενος
3856 5383 3994 5453 (79),

2483 5547 2536 5614 (7
2547 5546 2598 5616 7)
2636 5545 2799 5601 Forte
2827 5543 3147 5612 εὐάγγελον.

2485 5617 2597 5688 (78)
2642 5617 2827 5671 Potius
2858 5616 2982 5669 λεώ.
3014 5617 3143 5688 llaec
3165 5627 3217 5670 et
3245 5625 3536 5684 sequentes
3561 5616 3807 5685 quaedam
3828 5628 3998 5688 voces

2409 5685 2648 5758 Jusephu
2681 5688 2978 5752 inusitatm,
3014 5687 3246 5742 suadent
3278 5688 3455 5743 aliena
3487 5703 3652 5743 manu
3682 5685 3994 5756 suppletum

2411 5761 2580 5813 fuisse
2617 5761 2716 5812 hoc
2751 5769 2936 5826 caput.

2486 5830 2598 5899 (79)
2641 5829 2782 5901 Lege
2819 5829 3186 5901 βουλομένοις.
