4248 6438
216 407 282 473 Sl
1385 416 1756 476 LIBELLUS
1795 417 2293 476 MEMORIALIS.
3394 410 3468 473 82

219 536 281 584 οὐ
330 532 490 600 μόνον
531 531 629 584 οὐκ
680 531 998 597 ἀπεδέξατο,
1048 535 1181 588 ἀλλά
1219 536 1312 587 καὶ
1340 538 1651 606 τισάμενος,
1693 539 1788 588 ἀν·
1823 543 1865 595 Α

1823 543 1865 595 Α
1899 538 1949 588 in
1988 551 2082 592 eos
2123 533 2581 594 animadvertetis,
2621 529 2876 601 patibulis
2907 527 3097 583 sullixa
3128 542 3318 582 eorum
3367 542 3465 582 ca-

221 625 657 694 εςκολοπισμένα
715 628 876 679 παντὶ
928 627 1005 696 τῷ
1062 627 1177 696 λαῷ
1230 628 1300 680 τά
1334 628 1560 698 σώματα
1615 628 1793 682 αὐτῶν

221 719 354 785 π;ρ“τ
400 719 500 780 τὰς
549 718 857 787 λεωφόρους
895 720 1233 786 ἀπεδείξατο,
1283 722 1492 792 Ἐμίσει
1525 721 1619 774 καὶ
1666 722 1793 784 τοὺς

221 808 367 877 ὑπὲρ
411 808 578 862 αὐτοῦ
621 809 913 873 δοκοῦντάς
951 829 1003 863 τι
1031 813 1166 882 δρᾷν
1196 813 1303 866 τῶν
1341 814 1441 865 ούκ
1471 813 1796 882 ὀφειλόντων

220 901 424 952 διδόναι
462 901 636 964 δίκας.
671 903 774 955 Τὸν
819 903 970 956 Ἰωάὁ
1017 904 1146 972 γοῦν
1175 906 1479 976 στρατηγὸν
1507 905 1673 959 αὑτοῦ
1705 923 1797 973 γε·

223 993 445 1058 γονὸτα,
481 995 876 1048 ἀποκτείναντα
905 996 994 1048 τὸν
1035 996 1126 1049 τοῦ
1176 997 1564 1068 Μεμφιόοσθοῦ
1603 1017 1798 1069 στρατ-

223 1089 382 1152 τῖ’ῐδνι
414 1086 680 1157 Ἀθηννὴρ
724 1089 781 1140 δὲ
829 1084 896 1158 ἦν
954 1089 1124 1158 ὄνομα
1160 1089 1351 1159 τούτῳ,
1391 1091 1642 1143 τοσοῦτον
1690 1093 1797 1143 ἀπ-

225 1194 251 1227 ε
271 1178 475 1246 ττράφη
500 1219 513 1240 ,
533 1179 608 1239 ὡς
641 1181 732 1231 καὶ
762 1183 820 1232 ὲν
852 1183 962 1242 τοῖς
1006 1180 1216 1251 ἐχθροῖς
1263 1181 1536 1252 ἀριθμεῖν,
1571 1182 1666 1235 καὶ
1698 1199 1799 1250 φυ-

226 1270 446 1320 λάττειν
499 1270 648 1340 αὐτῷ
688 1273 787 1339 τὴν
827 1271 966 1341 ὑπὲρ
1013 1272 1107 1324 τοῦ
1161 1273 1347 1335 κακῶς
1398 1275 1799 1343 ἀναιρουμένου

226 1359 330 1411 ούκ
377 1361 730 1428 ἀνεκδίκητον
776 1361 954 1432 δίκην.
997 1363 1200 1415 Ἕνεκα
1254 1363 1363 1414 τῶν
1400 1364 1797 1433 ἀκροδυστιῶν,

225 1449 468 1516 ἠγάγετο
520 1452 756 1518 γυναῖκα
787 1453 885 1520 τὴν
914 1453 1146 1523 Μελχὸλ,
1184 1454 1253 1524 ἣν
1281 1455 1434 1524 παρά
1463 1455 1555 1508 τοῦ
1595 1457 1802 1526 πατρὸς

228 1542 545 1595 ἐκδοθεῖσαν
582 1545 753 1614 ἑτέρῳ
781 1546 887 1597 τινί
917 1545 993 1616 τῷ
1023 1547 1246 1616 Φαλτὶᾳ,
1281 1548 1488 1619 ταύτην
1521 1550 1800 1619 ἀνειλήφει

228 1635 521 1688 ἀπολαῦὼν
558 1636 656 1706 τὴν
692 1638 992 1706 βασιλείαν,
1021 1638 1146 1691 οὔτε
1177 1639 1268 1692 τὸν
1300 1642 1531 1694 Φαλτίαν
1574 1643 1799 1709 ἀδικεῖν,

229 1725 352 1778 οὔτε
390 1728 670 1796 μοιχαλίδα
700 1729 798 1799 τὴν
831 1730 1042 1800 Μελχὸλ
1084 1732 1367 1799 γεγονέναι
1418 1734 1797 1804 λογισάμενος.

230 1820 344 1887 Τῆς
391 1821 572 1890 ψυχῆς
613 1821 789 1875 οίκεῖα
834 1823 1100 1891 δείγματα
1154 1824 1376 1893 ἔχοντας
1416 1824 1641 1895 σώματα
1674 1828 1802 1890 τοὺς

245 1911 603 1975 Ίεὸουσαίους
625 1929 637 1943 ⁸
670 1915 834 1984 χωλοὶ
861 1916 966 1986 γὰρ
1001 1916 1298 1985 ἐτύγχανον
1325 1919 1419 1969 καὶ
1443 1917 1634 1985 τυφλοὶ
1665 1920 1806 1974 πάνυ

231 2019 320 2066 τες
342 2020 358 2034 ο
409 2006 617 2073 εἵργειν
666 2007 814 2078 αύτῷ
861 2011 1234 2079 πειρωμένους
1275 2011 1375 2081 τὴν
1408 2013 1488 2076 είς
1518 2014 1616 2083 τὴν
1649 2015 1806 2067 πόλιν

232 2094 458 2159 εἴσοδον,
491 2095 781 2167 κατασχὼν
806 2099 906 2167 τὴν
940 2098 1110 2163 πόλιν,
1147 2101 1245 2172 τὴν
1293 2103 1574 2172 ἀναίρεσιν
1604 2104 1660 2156 δὲ
1693 2105 1805 2176 (80)

237 2186 311 2255 μὴ
345 2185 420 2238 ὢν
453 2186 767 2256 εἰργάσατο.
803 2188 882 2241 Ti
925 2189 1250 2260 ἐπικείμενα
1288 2192 1364 2261 τῷ
1396 2193 1508 2263 λαῷ
1540 2195 1808 2264 πολεμικὰ

235 2278 385 2347 ἔθνη,
440 2281 534 2333 καὶ
577 2281 703 2344 τοὺς
753 2283 1064 2352 περιοίκους
1100 2284 1326 2356 ἐχθροὺς
1365 2284 1458 2338 τοῦ
1495 2285 1654 2351 λαοῦ,
1684 2291 1808 2352 τοὺς

247 2373 639 2441 Ἀλλοφύλους,
696 2375 996 2439 Μωαϐίτας
1051 2393 1110 2427 τε
1166 2377 1260 2428 καὶ¹
1302 2377 1527 2447 Σύρους,
1574 2379 1665 2431 καὶ
1703 2381 1810 2450 μὴν

246 2465 299 2514 Ἀ
317 2464 590 2532 μμανίτας
625 2468 719 2519 καὶ
767 2468 1139 2537 Ἀμαληκίτας
1190 2467 1435 2522 καθελὼν
1477 2473 1575 2538 τῆς
1605 2473 1812 2535 οἰκείας

237 2555 379 2606 κατά
401 2555 496 2607 τοῦ
528 2556 657 2608 λαοῦ
693 2557 1030 2623 δυναστείας,
1065 2561 1372 2631 ὑποφόρους
1403 2562 1552 2632 αὐτῷ
1583 2562 1812 2635 πεποίη-

233 2662 347 2705 ται,
379 2645 477 2696 καὶ
510 2647 601 2698 τὸν
636 2646 828 2700 ἑαυτοῦ
864 2648 990 2701 λαδν
1022 2650 1112 2701 τὸν
1152 2650 1387 2720 Ἰσραὴλ,
1441 2653 1725 2722 ἀνειμένον
1751 2656 1813 2707 ὲκ

234 2736 347 2788 τῶν
383 2737 548 2791 πάλαι
587 2739 884 2810 πολεμίων,
912 2742 1004 2794 καὶ
1031 2742 1260 2812 φοῦερὸν
1289 2743 1459 2796 ἆπασι
1487 2746 1599 2808 τοῖς
1635 2745 1814 2799 ἔθνεσι

238 2830 635 2897 κατεστήσατο.

313 2921 425 2991 Τὴν
464 2924 617 2993 ίεράν
659 2925 909 2991 κιεωτδν,
953 2926 1053 2998 τὴν
1096 2925 1361 3000 ὕπαιθρον
1389 2930 1483 2982 καί⁵
1510 2931 1816 3002 ἀσκὴνητον

239 3012 322 3063 ἔτι
350 3008 537 3077 οὖσαν,
590 3016 670 3078 ε’ίς
714 3016 811 3087 τὴν
856 3017 1049 3071 ἑαυτοῦ
1099 3019 1254 3072 πόλιν
1295 3022 1431 3091 μετά
1486 3021 1818 3092 δημοτελοῦς

240 3105 524 3172 ἀνήγαγεν
551 3107 806 3176 εὐωχίας,
850 3108 943 3161 καὶ
972 3109 1132 3171 αὐτὸς
1155 3113 1267 3173 τοῖς
1293 3111 1610 3182 χορεύουσιν
1628 3115 1720 3168 ἐπὶ
1750 3116 1816 3186 τῇ

1897 628 2093 680 duvera
2153 627 2406 680 universo
2455 623 2655 694 populo
2707 623 2759 676 itt
2828 620 3058 690 publicis
3104 619 3204 674 viis
3241 618 3464 684 conspi-

1898 717 2086 773 rienda
2116 718 2416 786 proposuit.
2462 714 2903 785 Prosequebatur
2929 712 3055 767 odio
3084 727 3181 766 eos
3220 725 3461 780 quoque,

1898 812 1991 881 qtti
2044 810 2097 864 in
2129 810 2353 877 gratiam
2392 807 2512 876 ejus
2554 807 2877 861 videbantur
2910 803 3104 858 fecisse
3142 801 3346 871 aliquid
3397 815 3461 854 ex

1901 903 1985 964 iis,
2020 916 2140 970 qua:
2169 899 2378 954 luendae
2419 913 2591 968 poma:
2623 898 2860 951 obnoxia
2891 895 3087 955 Lminus
3115 893 3461 947 videbantur.

1898 993 2035 1047 .Ioab
2069 991 2250 1060 itaque
2272 989 2464 1044 ducem
2495 1004 2675 1052 suum,
2707 988 2799 1058 qui
2832 983 3252 1054 Memphibosthi
3276 997 3469 1050 quem-

1900 1086 2021 1140 dam
2057 1086 2251 1136 ducem
2291 1078 2656 1141 interfecerat,
2690 1079 2778 1131 cui
2814 1093 3010 1131 nomen
3041 1084 3160 1131 erat
3192 1076 3465 1136 Abenncr,

1902 1189 2072 1244 usque
2115 1172 2253 1226 adeo
2308 1180 2591 1225 aversatus
2619 1178 2735 1230 est,
2775 1178 2914 1223 utet
2950 1169 3089 1223 inter
3116 1170 3304 1222 hostes
3337 1182 3467 1219 rcu-

1902 1276 2065 1330 seret,
2107 1273 2521 1331 reservaretque
2568 1261 2642 1314 illi
2697 1261 2838 1315 haud
2897 1260 3121 1313 inultam
3174 1259 3472 1312 vindictam

1900 1361 2041 1428 ejus,
2088 1372 2248 1425 quem
2305 1354 2447 1408 male
2493 1350 2858 1406 interfecerat.
2896 1354 2955 1404 In
2985 1351 3218 1420 gratiam
3256 1364 3470 1418 praepu-

1904 1450 2199 1509 tiorum“,
2257 1462 2486 1500 uxorem
2540 1453 2822 1510 acceperat
2880 1441 3105 1496 Melcltol
3149 1459 3162 1494 :
3213 1452 3378 1510 quam
3438 1454 3467 1493 α

1905 1552 2056 1612 patre
2100 1541 2254 1594 alteri
2304 1539 2570 1592 clocatam
2616 1537 2832 1591 cuidam
2867 1535 3114 1596 Phaltiaz,
3146 1539 3476 1587 consecutus

1907 1648 2131 1702 regnum
2185 1631 2424 1701 recepit;
2477 1644 2817 1698 nequaquam
2866 1636 3019 1682 ratus
3066 1635 3159 1679 aut
3208 1621 3478 1677 Pbaltiam

1908 1726 2092 1796 inique
2137 1725 2336 1796 egisse,
2378 1721 2726 1776 :tutlllelchol
2758 1719 2926 1773 fuisse
2972 1718 3265 1772 moecham.
3314 1713 3482 1770 Iebu-

1908 1831 2046 1872 satos
2071 1816 2163 1884 qui
2202 1814 2369 1868 animi
2415 1813 2498 1868 sui
2535 1811 2743 1866 indices
2800 1810 3072 1864 habebant
3101 1821 3329 1877 corpora
3355 1819 3483 1875 pro-

1839 1881 1879 1939 Β
1911 1907 2026 1976 pria
2073 1904 2272 1974 (claudi
2317 1906 2461 1957 enim
2505 1910 2663 1956 erant
2704 1909 2758 1954 et
2787 1901 2916 1955 carci
2961 1897 3175 1968 omnes)
3215 1912 3340 1951 cum
3369 1895 3484 1949 vcl-

1908 1996 2019 2050 lent
2041 1995 2195 2060 eniti,
2231 2003 2291 2048 ttt
2314 2008 2438 2048 cum
2483 1991 2706 2046 introitu
2733 1991 2885 2044 urbis
2915 1996 3182 2053 arcerent,
3213 1996 3370 2056 capta
3401 1985 3483 2039 ci-

1909 2088 2070 2142 vitate
2108 2085 2401 2148 interfecit,
2457 2098 2582 2138 cum
2626 2082 2739 2152 ipse
2796 2081 3104 2150 ltujnsmodi
3155 2095 3262 2133 non
3315 2089 3484 2132 esset.

1908 2178 2256 2234 lmminentes
2289 2177 2489 2245 pepulo
2540 2175 2826 2242 belligeras
2876 2181 3099 2243 gentes,
3132 2185 3198 2224 ac
3247 2169 3488 2224 circum-

1911 2273 2119 2343 positos
2153 2270 2336 2339 populi
2371 2269 2579 2328 hostes,
2628 2267 2994 2330 Philisthmos,
3052 2264 3337 2327 bloabitas,
3382 2261 3486 2334 Sy-

1914 2379 2026 2425 ros,
2074 2373 2238 2430 atque
2290 2361 2456 2415 etiam
2491 2359 2833 2413 Arnmanitas
2871 2369 2926 2413 et
2972 2357 3321 2418 Amaleritas,
3360 2369 3486 2422 spo-

1913 2459 2052 2513 lians
2085 2470 2184 2511 suo
2233 2456 2285 2509 in
2338 2453 2595 2523 populum
2638 2451 2978 2522 principatu,
3028 2447 3346 2504 tributarios
3383 2446 3490 2502 sibi

1914 2551 2112 2616 effecit,
2158 2520 2428 2619 suumque
2477 2520 2735 2618 populum
2767 2520 2928 2598 Israel
2973 2543 3220 2612 quietunt
3257 2556 3288 2596 a
3336 2548 3488 2595 vete-
3556 2520 3560 2525 ’

1916 2644 2070 2700 ribus
2122 2642 2381 2705 inimicis,
2433 2650 2595 2710 atque
2657 2638 2824 2694 etiam
2877 2635 3175 2692 terribilem
3231 2633 3490 2690 omnibus

1917 2737 2168 2808 gentibus
2196 2732 2452 2790 reddidit.

1993 2917 2190 2973 Arcam
2236 2928 2448 2970 sacram
2480 2927 2602 2982 quae
2651 2910 2830 2966 adlmc
2857 2909 2960 2963 sub
3003 2907 3098 2963 dio
3130 2914 3249 2962 erat
3280 2910 3335 2958 et
3368 2901 3491 2959 sine

1919 3007 2291 3070 tabernaculo,
2334 3007 2385 3061 iu
2417 3020 2569 3059 suam
2622 3004 2894 3058 civitatem
2930 3015 3056 3055 cum
3103 2998 3271 3052 totius
3305 2994 3494 3066 populi

1923 3100 2162 3173 tripudio
2205 3098 2452 3157 deduxit,
2503 3096 2733 3164 ipsemet
2781 3107 2905 3147 cum
2939 3095 3172 3152 choreas
3203 3086 3497 3158 agentibus

238 3196 448 3266 ταύτης
471 3199 714 3268 ἑπανόδῳ
745 3200 1070 3271 συσκιρτῶν,
1102 3203 1195 3254 ἐπὶ
1223 3178 1507 3275 Θεοῦδὸξῃ
1533 3204 1632 3277 τὴν
1666 3178 1820 3276 βασιζ
1846 3225 1891 3284 c

1818 3241 1820 3247 ,
1846 3225 1891 3284 ε
1923 3194 1995 3249 ob
2021 3192 2139 3262 ejus
2169 3189 2550 3244 dedttctionetn
2582 3185 2747 3240 simul
2777 3183 3094 3248 subsiliens,
3128 3196 3227 3252 pro
3252 3178 3345 3234 Dei
3377 3179 3495 3281 glo-

241 3290 381 3352 λέως
405 3291 563 3356 ἀξίαν
586 3290 996 3361 ἀποτιθέμενος,
1021 3295 1115 3364 τὴν
1135 3293 1191 3346 δὲ
1218 3294 1428 3348 ἰδιώτου
1460 3299 1817 3370 περιχάρειαν

244 3385 700 3453 προαιρούμενος.
778 3386 1070 3456 Βουληθεὶς
1133 3389 1260 3441 ναὸν
1321 3390 1676 3462 οἰκοδομῆσαι
1739 3392 1820 3463 τῷ

241 3477 385 3546 Θεῷ,
413 3477 503 3530 διὰ
528 3477 621 3530 τοῦ
667 3479 947 3550 προφήτου
981 3479 1168 3533 Νάθαν
1228 3481 1519 3544 ἐκωλύετο,
1570 3483 1818 3538 διδασκό-

247 3585 434 3638 μενος,
479 3570 571 3622 τὺν
604 3571 662 3623 ἐν
710 3570 966 3640 πολέμοις
997 3572 1313 3641 κεκμηκὸτα
1354 3573 1428 3642 μὴ
1452 3574 1563 3627 δεῖν
1593 3576 1821 3645 τέμενος

245 3661 550 3732 ἱερωσύνης
576 3665 868 3735 παριστᾷν,
901 3663 976 3733 τῷ
1005 3663 1050 3715 δ’
1078 3663 1136 3728 ἐξ
1164 3665 1328 3718 αὐτοῦ
1365 3666 1523 3734 φύντι
1562 3669 1822 3740 παρέχειν

245 3755 338 3806 τὸν
368 3754 501 3807 Θεὸν
534 3755 817 3825 είρηναίαν
861 3756 959 3827 τὴν
990 3756 1285 3826 βασιλείαν,
1321 3759 1416 3812 καὶ
1446 3760 1544 3830 τὴν
1569 3760 1664 3815 τοῦ
1693 3761 1822 3816 ναοῦ

245 3847 596 3916 κατασκευὴν
647 3848 676 3899 ὁ
742 3848 1029 3917 προφήτης
1094 3849 1422 3919 ὑπισχνεῖτο.
1473 3852 1826 3921 Καταφονού-

252 3957 416 4008 μενον
462 3941 716 4006 ἐπιγνοὺς
761 3939 822 3991 τὸ
855 3939 949 3992 τοῦ
991 3941 1162 3994 Σαοὺλ
1213 3943 1388 4010 γένος,
1436 3943 1527 3997 διὰ
1557 3945 1656 4015 τὴν
1696 3947 1824 4016 περὶ

248 4033 416 4086 αὐτὸν
450 4031 735 4085 εὐλάϐειάν
777 4049 833 4084 τε
867 4036 958 4084 καὶ
1007 4033 1174 4102 τιμὴν
1203 4033 1580 4103 ἐπιζητεῖσθαι
1612 4035 1825 4090 κελεύει

248 4127 376 4188 τοὺς
407 4125 601 4195 ἐκείνῳ
646 4127 1043 4196 προσήκοντας,
1093 4127 1240 4189 ὅπως
1271 4127 1466 4190 αὐτοὺς
1498 4127 1707 4199 ἀξιώσῃ
1741 4145 1826 4183 τι-

254 4222 364 4288 μῆς
389 4236 449 4272 τε
469 4220 562 4272 καὶ
590 4219 820 4281 εὐνοίας.
849 4221 957 4272 Καὶ
983 4214 1054 4288 δή
1100 4220 1430 4289 μηνυθέντος
1460 4221 1608 4292 αύτῷ
1636 4223 1824 4287 παιδὸς

262 4311 522 4363 Ἰωνάυαν
547 4310 903 4380 (Μεμφιϐάαλ
925 4311 980 4363 δὲ
997 4306 1066 4382 ἦν
1091 4311 1262 4380 ὄνομα
1291 4311 1462 4380 αὐτῷ,
1498 4313 1555 4376 ὃς
1585 4315 1679 4367 καὶ
1701 4315 1828 4379 τοὺς

251 4400 423 4462 πόδας
461 4400 689 4470 πληγεὶς
742 4401 1059 4472 πεπήρωτο,
1109 4401 1603 4471 περιλελειμμένου
1650 4405 1827 4469 τινὸς,

254 4493 659 4564 φιλοφρονεῖται
709 4494 892 4556 αὑτὸν,
943 4493 1038 4545 καὶ
1085 4493 1370 4564 ἁμοέστιον
1411 4491 1547 4565 εἶχε,
1583 4496 1678 4548 καὶ
1729 4496 1830 4567 τὴν

1926 3288 2004 3342 ria
2042 3285 2184 3355 regis
2219 3281 2448 3351 gloriam
2494 3279 2792 3348 deponens,
2825 3277 2958 3346 quin
2999 3285 3053 3329 ct
3083 3273 3281 3345 privati
3316 3271 3498 3325 homi-

1927 3380 2011 3434 nis
2073 3375 2330 3446 gaudium
2391 3371 2753 3441 amplexatus.
2800 3370 2948 3423 Cum
3008 3367 3170 3420 vellet
3233 3363 3498 3432 templum

1927 3470 2262 3527 exaediﬁcare
2293 3466 2423 3528 Deo,
2459 3476 2559 3534 per
2604 3462 2922 3533 prophetam
2940 3460 3167 3516 Nathan
3193 3457 3504 3529 prohibitus

1926 3572 2039 3628 est,
2066 3561 2316 3622 edoctus,
2344 3573 2469 3614 eum
2499 3557 2594 3627 qui
2625 3555 2778 3611 bellis
2804 3552 3134 3622 defatigatus
3161 3551 3360 3615 fuerat,
3396 3563 3505 3602 non

1928 3664 2181 3727 oportere
2227 3650 2529 3708 sanctitatis
2583 3647 2848 3717 templum
2901 3645 3152 3714 erigere:
3203 3642 3316 3696 tilio
3379 3655 3508 3692 vero

1929 3749 2076 3805 illius
2103 3756 2489 3802 concessurum
2532 3739 2701 3794 Deum
2733 3751 2962 3802 regnum
2999 3732 3284 3804 pacilirutn
3317 3728 3509 3785 simul-

1928 3856 2036 3912 que
2064 3837 2246 3908 templi
2277 3832 2766 3893 constructionem,
2796 3827 3074 3898 pollicitus
3099 3833 3184 3880 est
3217 3823 3502 3893 propheta.

1929 3931 2278 3987 luterfectum
2329 3925 2634 3994 intelligens
2670 3921 2845 3975 Saulis
2877 3934 3078 3990 genus,
3105 3932 3213 3987 qua
3241 3925 3509 3983 eraterga

1930 4026 2082 4082 illum
2114 4021 2420 4078 reverentia
2449 4029 2504 4073 et
2545 4018 2752 4072 honore
2786 4014 3033 4078 allectus,
3063 4011 3389 4082 quaerendos
3419 4009 3509 4078 ju-

1933 4120 2024 4175 bet
2053 4117 2098 4172 si
2128 4115 2222 4187 qui
2254 4115 2404 4169 illum
2451 4111 2853 4180 contingerent,
2880 4122 2991 4177 quo
3018 4121 3114 4160 eos
3143 4104 3352 4158 honore
3386 4115 3514 4169 pro-

1933 4212 2087 4283 sequi
2129 4216 2309 4280 posset
2331 4217 2384 4262 et
2417 4202 2816 4261 benevolentia.
2845 4201 2922 4255 Ac
2955 4213 3088 4255 sane
3125 4212 3251 4252 cum
3288 4193 3393 4264 ipsi
3421 4194 3510 4246 in-

1933 4307 2173 4362 dicatum
2224 4301 2436 4364 fuisset,
2467 4310 2754 4367 superesse
2786 4292 3098 4364 quempiam
3133 4289 3303 4342 tilium
3341 4285 3515 4340 Jona-

1935 4396 2062 4458 thaz,
2085 4392 2173 4448 cui
2194 4405 2391 4446 nomen
2416 4384 2804 4456 Memphibaal,
2824 4383 2918 4451 qui
2935 4391 2986 4435 et
3005 4377 3235 4449 pedibus
3259 4377 3518 4430 laborans

1934 4489 2188 4544 cluxatus
2214 4491 2369 4548 erat;
2399 4480 2595 4534 festive
2628 4478 2776 4531 illum
2813 4472 3236 4541 humaniterque
3265 4465 3515 4534 suscipit,

251 4585 443 4638 ούσίαν
479 4583 699 4637 ἃπασαν
738 4583 888 4654 αύτῷ
932 4583 1113 4636 δίδωσι
1153 4583 1253 4654 τὴν
1300 4585 1492 4649 Σαοὺλ,
1531 4585 1825 4658 ἐπίτροπον
1856 4586 1909 4646 D

1856 4586 1909 4646 D
1935 4591 1990 4637 et
2018 4575 2439 4634 commensalem
2469 4570 2682 4632 habuit,
2715 4583 2779 4622 ac
2808 4565 3168 4621 substantiam
3202 4561 3515 4615 universam

254 4677 403 4747 αὑτῴ
457 4676 582 4740 δοὺς
638 4677 858 4730 πάντων
913 4676 1048 4746 ὁμοῦ
1087 4677 1197 4730 τῶν
1243 4681 1608 4749 πραγμάτων,
1665 4681 1831 4736 Σιδᾶν

253 4773 503 4842 ὀνόματι,
537 4771 720 4824 δοῦλον
749 4769 901 4840 αὐτῷ
941 4771 1196 4842 πατρῷον
1224 4773 1611 4841 γεγενημένον.
1645 4773 1833 4837 Οὕτως

253 4859 325 4933 ἦν
376 4864 473 4917 καὶ
519 4865 650 4932 περὶ
697 4864 822 4928 τοὺς
875 4863 1192 4933 οἰχομένους
1234 4864 1548 4926 ὁσιώτατος.
1613 4865 1672 4918 Ὀ
1723 4865 1834 4919 τῶν

269 4956 623 5026 Ἀμμανιτῶν
663 4955 939 5025 βασιλεὺς,
984 4956 1255 5025 φεύγοντα
1298 4956 1694 5025 δεξιωσάμενος
1737 4957 1834 5010 αὐ-

257 5050 375 5111 τὸν,
406 5051 466 5103 ὲν
493 5051 604 5112 τοῖς
633 5049 807 5116 φίλοις
850 5047 1165 5118 ήριθμεῖτο’
1204 5049 1393 5119 ἐπειδὴ
1426 5049 1699 5119 τεθνήκει,
1735 5049 1834 5118 τὴν

260 5141 475 5192 ἐκείνου
525 5141 746 5209 μνήμην
789 5139 987 5209 τιμῶν,
1027 5140 1344 5193 ἀπέστειλεν
1396 5141 1489 5193 ἐπὶ
1518 5141 1609 5193 τὸν
1645 5140 1836 5193 τούτου

262 5233 434 5285 παῖδα
469 5232 690 5286 Ἀνανδν
718 5234 844 5296 τοὺς
872 5232 1379 5302 παρακαλέσοντας,
1411 5232 1654 5302 διάδοχον
1678 5233 1839 5285 αὐτὸν

257 5325 360 5394 τῆς
396 5323 674 5393 πατρικῆς
721 5324 901 5393 φιλίας
941 5321 1082 5378 εἶναι
1140 5322 1481 5393 βουλόμενος.
1547 5325 1605 5376 '0
1658 5324 1735 5386 δὲ,
1765 5325 1842 5385 ὡς

261 5416 647 5478 κατασκόπους
670 5416 834 5471 αὐτοῦ
860 5417 957 5486 τῆς
982 5415 1256 5484 βασιλείας
1274 5419 1401 5478 τοὺς
1429 5418 1519 5468 ἐπὶ
1535 5416 1634 5485 τὴν
1663 5414 1842 5485 παρά-

262 5511 459 5580 κλησιν
488 5510 926 5582 ὲπεσταλμένους
948 5509 1175 5579 νομίσας
1197 5551 1213 5574 ,
1242 5508 1393 5576 ξυρεῖ
1419 5508 1544 5570 τοὺς
1575 5505 1844 5574 πώγωνας

337 5697 381 5726 ¹¹
419 5693 458 5748 Il
493 5693 623 5762 Reg.
662 5707 744 5756 ιιι,
776 5692 863 5746 28.

1932 4672 1982 4727 ei
2014 4670 2192 4725 reddit
2213 4681 2334 4738 qua:
2358 4664 2540 4720 Saulis
2563 4661 2760 4722 fuerat,
2786 4666 3094 4713 curatorem
3119 4654 3197 4708 illi
3229 4651 3520 4721 assignans

1931 4773 2254 4820 cunctarqu
2307 4757 2471 4814 simul
2507 4771 2708 4811 'rerutn
2769 4751 2938 4806 Siban
2980 4746 3224 4809 nomine,
3265 4744 3360 4813 qui
3415 4742 3519 4795 sub

1935 4867 2158 4928 parente
2187 4853 2308 4922 ejus
2337 4864 2530 4907 servus
2563 4848 2711 4902 illius
2740 4845 2936 4899 fuerat.
2977 4840 3152 4894 Tanta
3197 4845 3316 4892 erat
3347 4834 3520 4888 etiam

1936 4927 1990 5006 in
2020 4958 2265 5003 mortuos
2296 4945 2512 5014 pietate.
2552 4939 2989 4996 Ammanitarum
3031 4947 3149 4994 rex,
3177 4929 3269 4999 qui
3301 4927 3518 4996 fugien-

1938 5057 2044 5101 tem
2091 5044 2243 5098 illum
2293 5039 2522 5093 comiter
2566 5038 2906 5103 susceperat,
2943 5029 3089 5082 inter
3125 5024 3273 5077 illius
3310 5019 3522 5072 amicos

1945 5138 2292 5195 censebatur.
2331 5131 2625 5199 Postquam
2665 5135 2915 5181 mortuus
2945 5129 3066 5182 est,
3109 5117 3254 5171 illitts
3295 5127 3523 5168 venera-

1951 5241 2037 5285 tus
2067 5225 2406 5286 memoriam,
2461 5221 2610 5276 misit
2657 5219 2724 5273 ad
2770 5216 2891 5287 ejus
2927 5213 3096 5268 tilium
3143 5211 3394 5261 Ananum
3427 5203 3523 5273 qtti

1943 5334 2069 5374 cum
2128 5315 2565 5374 consolarentur,
2621 5308 2847 5377 cupiens
2901 5317 3140 5374 paterna:
3194 5297 3352 5352 tllnm
3400 5309 3524 5350 esse

1945 5411 2199 5466 amicitiae
2243 5418 2640 5463 successorem.
2699 5401 2768 5454 At
2825 5398 2935 5461 ille,
2989 5410 3091 5450 ceu
3149 5389 3525 5460 exploratores

1948 5503 2098 5574 regni
2124 5500 2207 5555 sui
2238 5497 2536 5552 arbitratus
2579 5490 2831 5548 homines
2876 5485 3108 5556 quipro
3152 5473 3528 5535 consolatione

346 5851 463 5925 (80)
500 5848 721 5907 Videtur
770 5849 825 5904 δὲ
876 5848 1174 5915 abundare,
1216 5857 1307 5901 aut
1361 5853 1509 5901 certe
1544 5845 1696 5899 locus
1741 5841 2018 5910 aliquanto
2052 5833 2300 5891 deﬁcere.
