4248 6438
744 402 814 462 33
2232 395 2532 460 JOSEPPI
3920 408 3989 474 st

738 512 892 568 missi
925 511 1161 577 fuerant,
1198 510 1339 565 radit
1393 524 1583 565 eorum
1622 509 1840 575 barbas,
1896 520 1953 566 et
1996 510 2313 581 chlamydas
2342 515 2388 570 Α

2342 515 2388 570 Α
2416 513 2615 580 αὐτῶν,
2640 513 2734 567 καὶ
2755 514 2856 579 τὰς
2882 517 3158 589 χλαμύδας
3178 519 3495 588 ἀποτέμνει.
3525 521 3689 584 Γνοὺς
3705 522 3759 572 δὲ
3781 524 3808 574 ὀ
3825 523 3992 575 Δσϐὶδ

736 602 1026 657 exscindit.
1057 601 1194 657 Cum
1237 600 1584 670 cognovisset
1606 598 1774 653 David
1810 597 2035 653 stultum
2067 599 2203 652 adeo
2237 599 2314 651 fa-

2313 628 2314 635 η
2416 606 2515 671 τὴν
2543 606 2756 676 ἄφρονα
2788 609 2979 663 τούτου
3020 612 3243 683 πρᾶξιν,
3285 614 3411 674 τοὺς
3447 611 3548 681 μὲν
3578 613 3815 676 οἰκείους
3849 615 3990 667 κατὰ

738 694 932 756 ciuus;
966 707 1096 746 suos
1127 690 1346 760 quidem
1373 690 1464 743 ubi
1490 690 1758 759 degebant
1786 688 2084 743 subsistere
2114 704 2315 757 praece—

2313 718 2315 727 π
2416 699 2601 765 χώραν
2662 702 2842 768 μένειν
2905 698 3213 769 ἐκέλευσεν,
3275 703 3404 773 ἄχρι
3470 702 3571 772 τῆς
3618 705 3728 756 τῶν
3788 705 3990 774 τριχῶν

739 787 835 853 pit.
860 785 1033 839 donec
1057 783 1146 851 pili
1176 791 1610 847 renascerentnr,
1638 782 1885 834 Ananum
1913 795 2042 836 vero
2065 780 2155 849 qui
2183 796 2317 849 pm:-

2313 809 2317 819 ’
2416 787 2759 857 άναφύσεως,
2808 792 2888 846 ..ὸν
2915 794 2973 847 δέ
3021 795 3246 849 Ἀνανὸν
3284 795 3421 867 πρὸς
3456 798 3522 866 τῇ
3558 797 3773 866 πονηρᾷ
3795 796 3990 866 πράξει

742 887 819 929 ter
850 876 1145 946 pessimum
1171 889 1263 930 see
1278 874 1352 929 ‘us
1381 888 1623 944 pugnare
1644 872 1909 927 adversus
1936 888 2061 926 eum
2087 880 2315 941 paratus
2417 886 2419 929 ε

2417 882 2739 951 ἐκπολεμεῖν
2774 885 2921 956 αὐτῷ
2952 889 3471 957 παρεσκευασμένον
3500 887 3878 958 κατεπόρθησε
3903 888 3992 940 διὰ

738 979 888 1034 erat,
934 968 1241 1039 proﬂigavit
1292 983 1385 1037 per
1434 966 1627 1021 ducem
1683 981 1841 1019 suum
1875 965 2008 1018 Joab
2044 979 2150 1017 una
2188 979 2312 1017 cum

2416 972 2510 1026 τοῦ
2537 976 2847 1045 στρατηγοῦ
2891 978 3069 1041 Ίωὰσ,
3103 978 3200 1032 σὺν
3224 980 3431 1049 ἑτέροις
3464 979 3625 1031 πέντε
3656 978 3992 1048 βασιλεῦσιν,

741 1061 865 1116 aliis
904 1061 1145 1131 quinque
1199 1060 1440 1129 regibus,
1500 1074 1640 1127 quos
1690 1057 1917 1110 Ananus
1966 1056 2149 1110 socios
2188 1055 2312 1109 belli
2417 1091 2418 1103 χ

1966 1056 2149 1110 socios
2188 1055 2312 1109 belli
2417 1063 2509 1128 οὓς
2536 1066 2565 1118 6
2602 1066 2820 1132 Ἄνανος
2852 1070 3178 1141 συμμάχους
3207 1071 3641 1141 συνεπηγάγετο.

742 1168 927 1207 secum
968 1153 1291 1208 adduxerat.

810 1245 949 1302 Cum
981 1250 1032 1300 in
1067 1255 1347 1316 peccatum
1384 1244 1682 1309 incidisset,
1725 1242 1869 1297 ﬂevit
1901 1256 2084 1296 amare
2105 1280 2120 1305 ,
2152 1249 2317 1309 atque

2491 1242 2807 1313 Περιπεσὼν
2854 1245 3129 1316 ἁμαρτάδι
3161 1246 3375 1318 πικρῶς
3400 1246 3689 1316 ἐδάκρυσε,
3732 1245 3831 1299 καὶ
3864 1245 3997 1314 περὶ

742 1358 808 1394 ex
840 1342 1045 1394 .auimo
1092 1339 1262 1393 Deum
1316 1337 1524 1391 veniam
1562 1337 1791 1405 rugavit.
1833 1335 1969 1390 Cum
2005 1335 2148 1389 enim
2190 1348 2315 1387 mu-

2420 1335 2751 1406 συγγνώμης
2791 1337 3001 1389 ἱκέτευε
3027 1339 3119 1391 τὸν
3145 1338 3280 1393 Θεὸν
3319 1338 3592 1409 εὐθύμως.
3625 1340 3863 1392 Γυναῖκα
3889 1338 3998 1406 γάρ

745 1442 925 1485 tierent
957 1430 1147 1485 fuisset
1168 1431 1517 1500 conspicatus
1538 1428 1961 1498 pulcherrimam
1991 1425 2313 1488 Bethsabee,
2418 1436 2422 1469 ι

2418 1426 2753 1496 θεασάμενος
2804 1430 3055 1500 εὐπρεπῆ
3093 1430 3192 1499 τὴν
3236 1430 3540 1501 Βηθσασεέ,
3572 1432 3778 1499 ταύτην
3814 1428 3998 1482 οἴκαδε

741 1540 863 1577 eum
899 1526 1000 1578 hac
1025 1524 1249 1578 domum
1281 1531 1472 1576 vorata
1505 1537 1617 1575 rem
1651 1521 1859 1574 habuit.
1892 1519 2025 1586 Qum
2074 1520 2164 1573 ubi
2196 1519 2315 1573 ani-

2420 1520 2657 1582 καλέσας
2710 1521 3002 1591 ἐκτήσατο.
3050 1520 3138 1583 Ὠς
3179 1522 3236 1574 δὲ
3274 1522 3475 1592 ἑαυτὴν
3520 1523 3662 1589 ἐγνω
3694 1522 4000 1591 γενομένην

744 1613 1124 1668 madvertisset
1148 1629 1207 1668 se
1233 1622 1443 1666 uti-rum
1476 1612 1639 1675 ferre,
1674 1610 1821 1680 quod
1857 1619 2186 1682 cognoverat
2214 1624 2314 1662 no-
2419 1640 2421 1663 ς

2419 1614 2717 1684 ἐγκύμονα.
2751 1616 2901 1684 δηλοί
2936 1616 3016 1687 τῷ
3051 1615 3217 1670 Δαόὶδ
3264 1616 3404 1685 ὅπερ
3434 1615 3764 1684 ἐπεγνὼκει,
3796 1618 3891 1669 καὶ
3933 1615 4000 1682 δὴ

744 1716 857 1761 tum
888 1706 1019 1761 facit
1047 1706 1253 1759 Davidi.
1289 1706 1383 1760 llle
1413 1719 1632 1759 omnem
1671 1703 1901 1773 lapidem
1952 1717 2174 1756 movens
2206 1717 2318 1771 qun

2422 1707 2815 1777 μηχανώμενος
2839 1707 2932 1759 τὸν
2968 1708 3138 1778 ἄνδρα
3160 1708 3251 1761 τὸν
3274 1708 3447 1777 αὐτῆς
3476 1707 3752 1761 διαλαθεῖν
3774 1708 3872 1776 τὴν
3898 1706 4000 1759 αὑο

742 1797 999 1851 maritum
1026 1798 1148 1866 ejus
1186 1797 1379 1850 lateret
1408 1810 1567 1851 suum
1601 1809 1665 1848 ae
1701 1793 1885 1847 uxoris
1933 1792 2077 1847 illius
2111 1808 2316 1848 concu-
2351 1850 2391 1867 η

2351 1850 2391 1867 ﬂ
2419 1797 2514 1851 τοῦ
2559 1815 2619 1850 τε
2655 1798 2748 1850 καὶ
2786 1798 2883 1867 τῆς
2929 1797 3096 1851 αὑτοῦ
3146 1799 3405 1865 γυναικὸς
3465 1800 3775 1860 συνουσίαν,
3828 1815 4003 1852 κατα·

745 1892 939 1953 bittnn,
976 1891 1120 1945 httnc
1154 1890 1222 1944 ab
1252 1890 1495 1943 exercitu
1527 1896 1747 1942 revocat
1781 1900 1939 1955 astu;
1971 1896 2091 1942 erat
2118 1888 2317 1958 quippe
2347 1850 2394 1909 Β

2347 1850 2394 1909 Β
2422 1891 2698 1960 πέμπεται
2748 1890 2934 1944 τοῦτον
2990 1892 3099 1944 ἀπὸ
3157 1894 3249 1945 τοῦ
3305 1892 3703 1963 στρατοπέδου’
3737 1891 3831 1944 καὶ
3892 1891 4003 1961 γὰρ

744 1986 826 2038 vir
858 1985 1014 2038 fortis
1039 1993 1093 2037 et
1124 1982 1279 2037 miles
1310 1980 1625 2037 benevolus.
1664 1977 1961 2049 Postquam
2005 1981 2221 2034 advenit
2255 1995 2319 2033 ac
2416 1982 2421 2015 έ

2416 1978 2485 2053 ἦν
2516 1983 2758 2053 ἀνδρεῖός
2804 2000 2863 2035 τε
2897 1983 2992 2036 καὶ
3035 1982 3226 2048 εὐνους
3285 1983 3644 2055 στρατιώτης.
3688 1983 3775 2046 Ὦς
3811 1982 3866 2035 δέ
3897 1983 4006 2051 ἀφ-

739 2090 919 2143 regem
981 2074 1269 2129 certiorem
1338 2073 1498 2135 fecit,
1565 2074 1835 2126 enarratis
1888 2073 2144 2127 omnibus
2196 2087 2319 2142 qua:

2419 2076 2670 2147 ικόμενος
2694 2075 2961 2143 ἐγνώρισε
2988 2077 3064 2147 τῷ
3096 2076 3327 2147 βασιλεῖ,
3375 2078 3468 2129 καὶ
3499 2076 3653 2130 εἶπεν
3695 2076 3903 2128 ἐκαστα
3933 2074 4004 2127 τὰ

738 2170 882 2222 circa
930 2167 1054 2222 belli
1090 2168 1262 2221 aciem
1298 2176 1447 2237 gesta
1478 2165 1692 2220 fuerant
1716 2203 1731 2227 ,
1770 2165 2083 2220 mandatum
2122 2169 2319 2237 accipit

2419 2168 2559 2222 κατὰ
2594 2169 2691 2237 τὴν
2732 2169 3041 2239 παράταξιν
3084 2169 3179 2223 τοῦ
3232 2170 3472 2237 πολέμου
3520 2168 3881 2238 δεδρασμένα,
3923 2168 4005 2230 εἰς

740 2262 977 2315 abeundi
1017 2261 1070 2314 in
1101 2261 1322 2314 domum
1355 2274 1532 2313 suam.
1576 2260 1646 2312 At
1679 2259 1769 2313 ille
1801 2273 1911 2313 non
1961 2259 2167 2323 abivit;
2198 2270 2318 2314 erat

2418 2261 2515 2332 τὴν
2549 2262 2743 2315 ἐαυτοῦ
2783 2263 2964 2315 οἰκίαν
3010 2263 3233 2316 ἀπιέναι
3264 2262 3687 2331 προσετάττετο.
3721 2261 3785 2315 '0
3818 2260 3874 2314 δὲ
3902 2261 4006 2312 οὐκ

737 2360 883 2413 enim
923 2356 1081 2413 miles
1111 2356 1268 2410 furtis
1301 2355 1433 2411 :scd
1472 2355 1671 2410 mansit
1701 2355 1850 2408 velut
1878 2354 1932 2409 in
1972 2356 2108 2417 acie,
2165 2364 2319 2411 ratus

2420 2352 2619 2424 ἀπῄευ
2657 2353 2998 2424 στρατιώτης
3038 2353 3149 2424 γὰρ
3197 2349 3266 2423 ἦν
3310 2354 3588 2424 ἀνδρεῖος⁹
3636 2352 3751 2405 ἀλλ’
3788 2351 4006 2420 ἔμεινεν

738 2455 919 2508 adhuc
957 2469 1016 2509 se
1046 2467 1366 2523 permanere
1415 2461 1687 2507 armatum
1717 2452 1821 2505 sub
1851 2452 1962 2505 dio.
2022 2452 2177 2517 Quod
2226 2451 2317 2506 ubi

2420 2448 2510 2500 ἐπὶ
2532 2448 2629 2517 τῆς
2660 2446 3043 2515 παρατάξεως,
3097 2447 3461 2515 λογισάμενος
3507 2447 3588 2499 ἐτι
3619 2447 3803 2515 μένειν
3829 2444 4005 2497 ὡπλι-

742 2546 1110 2600 renuutiatum
1141 2554 1241 2598 est-
1275 2544 1407 2613 regi,
1443 2542 1632 2598 statuit
1665 2553 1781 2597 arte
1828 2542 2119 2614 proﬂigare
2174 2541 2320 2599 Uria:

2422 2539 2621 2610 σμένος
2654 2538 2961 2610 ὑπαίθριος.
3013 2540 3169 2592 Ἐπεὶ
3196 2540 3253 2593 δέ
3282 2539 3442 2594 τοῦτο
3476 2538 3554 2608 τῷ
3584 2537 3798 2609 βασιλεῖ
3834 2537 4008 2605 άνηγο

740 2639 879 2709 (hoc
909 2652 1143 2705 namque
1177 2638 1296 2691 viro
1345 2652 1543 2691 nomen
1580 2636 1732 2707 erat)
1764 2636 2034 2706 objectam
2069 2638 2173 2691 sibi
2210 2638 2321 2692 {UP

2420 2631 2613 2701 γέλθη,
2650 2631 2793 2699 ἔγνω
2834 2634 3102 2701 μηχαναῖς
3154 2632 3482 2686 καταϐαλεῖν
3525 2631 3626 2701 τὴν
3676 2628 3769 2683 τοῦ
3803 2629 4008 2697 Οὐρίου

742 2732 1053 2786 titudinem.
1100 2729 1225 2785 llaec
1254 2732 1438 2785 animo
1466 2745 1713 2794 versans,
1745 2730 1935 2784 scribit
1961 2729 2027 2784 ad
2061 2731 2185 2784 belli
2219 2732 2321 2785 im-

2423 2726 2539 2793 (καὶ
2564 2725 2673 2794 γὰρ
2694 2721 2866 2786 οὑτως
2886 2723 3264 2795 ἐκικλήσκετο)
3294 2722 3567 2793 προὸεσλη
3579 2723 3747 2792 μένην
3758 2720 4006 2791 ἀνδρίαν.

744 2832 1074 2891 peratorem,
1113 2828 1170 2875 ut
1202 2822 1359 2874 malis
1409 2820 1619 2874 artibus
1653 2835 1787 2875 usus
1826 2817 2010 2874 Uriam
2044 2821 2317 2889 perderet.

2422 2812 2578 2867 Οὑτω
2631 2812 2760 2879 γοῦν
2807 2813 3189 2884 λογισάμενος,
3240 2816 3439 2884 γράφει
3490 2813 3569 2884 τῷ
3616 2818 3712 2866 του
3767 2812 4010 2882 πολέμου

746 2916 847 2971 Ubi
879 2915 929 2970 id
963 2914 1211 2984 contigit,
1250 2913 1576 2983 redargutor
1608 2913 1675 2966 ad
1709 2926 1833 2968 eum
1866 2911 2017 2980 impii
2061 2912 2321 2967 facinoris

2423 2905 2716 2976 στρατηγῷ
2758 2906 2997 2973 μετιέναι
3027 2906 3120 2959 τὴν
3148 2906 3355 2978 Οὐρίαν
3388 2908 3553 2960 κάκεῖ
3587 2905 3809 2978 [κακῇ]
3838 2906 4012 2978 τέχνῃ

742 3006 954 3061 Nathan
994 3005 1258 3075 propheta
1296 3002 1545 3057 mittitur.
1587 3001 1657 3055 At
1689 3000 1778 3054 ille
1812 3015 1936 3054 cum
1977 3000 2322 3053 animadver-

2423 2998 2795 3069 χρησάμενον.
2844 2999 2953 3052 Καὶ
3000 3000 3299 3069 γενομένου
3337 2999 3553 3065 τούτου,
3595 3000 3819 3071 ἐλεγχος
3855 2998 4012 3069 αὐτῷ

742 3098 900 3152 tisset
942 3094 1087 3149 haud
1129 3093 1374 3164 potuisse
1410 3092 1581 3147 latere
1620 3090 1786 3146 Deum
1830 3091 1984 3161 quod
2029 3090 2322 3145 artificiose

2423 3089 2521 3158 τῆς
2556 3091 2784 3157 ἐναγους
2831 3089 3215 3160 πλημμελείας
3255 3088 3445 3143 Νάθαν
3486 3092 3515 3143 6
3556 3090 3843 3161 προφήτης
3869 3090 4012 3142 ἁπο-

742 3195 1137 3253 attenlaverat,
1186 3187 1436 3258 deplorat
1465 3195 1519 3240 et
1567 3199 1753 3239 amare
1791 3183 1954 3238 deﬂet
1992 3185 2317 3238 sceleratum
2348 3196 2393 3255 ο

2348 3196 2393 3255 c
2425 3180 2721 3235 στέλλεται.
2770 3180 2857 3246 Ὦς
2884 3181 2943 3235 δέ
2989 3181 3132 3249 ἔγνω
3165 3182 3238 3252 μὴ
3267 3181 3587 3252 δεδυνῆσθαι
3622 3182 3889 3252 κρύπτειν
3914 3180 4013 3235 τὸν

744 3282 958 3336 facinus
986 3295 1171 3345 suum,
1202 3288 1365 3348 atque
1392 3276 1595 3331 acriter
1620 3274 1811 3329 dolens
1845 3273 2321 3343 ingemiscensque

2424 3274 2558 3328 Θεὸν
2593 3275 2653 3328 τὸ
2687 3275 3172 3346 μεμηχανημένον,
3204 3276 3542 3346 καταθρηνεῖ
3583 3276 3678 3329 καὶ
3705 3275 4012 3340 κατολοφύρ

744 3374 1179 3428 misericortliam
1210 3371 1492 3425 exorabat.
1526 3368 1700 3433 Quam
1732 3366 1996 3437 prepheta
2029 3367 2225 3421 iterum
2257 3366 2322 3421 ad

2427 3383 2581 3437 ρεται
2627 3368 2726 3437 τὴν
2775 3368 2957 3436 δεινὴν
3013 3366 3181 3421 αὑτοῦ
3235 3368 3457 3440 πρᾶξιν,
3508 3368 3603 3422 καὶ
3650 3369 3848 3438 πικρὸν
3886 3386 4015 3438 σχε-

746 3468 897 3524 iilum
932 3463 1189 3520 reversus
1230 3464 1305 3517 ait
1359 3462 1461 3517 sibi
1492 3474 1812 3515 concessam
1862 3456 2051 3521 fuisse,
2105 3466 2325 3526 propter

2424 3460 2653 3524 τλιάσας
2696 3460 2786 3513 τὸν
2818 3456 3001 3513 οῐκτον
3051 3460 3319 3532 ἐξῃτεῖτο,
3372 3462 3434 3514 ὃν
3492 3479 3598 3532 περ
3638 3464 3667 3516 6
3718 3464 4011 3532 προφήτης

743 3578 864 3618 eam
911 3574 1127 3631 poenam
1162 3573 1327 3628 quam
1380 3554 1485 3610 sibi
1537 3551 2015 3623 supervenientem
2060 3551 2320 3619 excipiet.

2425 3554 2577 3623 αὐτῷ
2605 3554 2769 3607 πάλιν
2800 3552 2969 3606 ἐλθὼν
3002 3553 3111 3624 ἔφη
3143 3554 3413 3619 δεδόσθαι,
3441 3554 3509 3608 δι’
3538 3550 3719 3625 ⁴ἧσπερ
3749 3554 4013 3624 ἐπιούσης

745 3656 974 3724 Propter
1030 3653 1133 3705 hoc
1191 3649 1355 3719 igitur
1404 3646 1540 3700 adeo
1595 3645 1834 3698 immane
1889 3643 2125 3706 facinus,
2183 3641 2322 3696 mala

2426 3644 2577 3716 αὑτῷ
2604 3642 2878 3709 ἐκδέξετᾶι
2908 3645 3085 3716 δίκης.
3137 3646 3260 3699 Ἐπὶ
3282 3646 3338 3699 δέ
3360 3647 3533 3718 ταύτῃ
3561 3650 3627 3718 τῇ
3657 3647 4013 3718 πλημμελείᾳ

746 3759 989 3803 extrema
1018 3752 1209 3799 contra
1242 3755 1458 3795 omnem
1496 3739 1717 3793 domum
1758 3751 1937 3802 suam,
1968 3734 2327 3804 quemadmo-

2426 3739 2634 3809 ἄσχετα
2668 3738 2817 3792 δεινά
2847 3739 2989 3792 κατὰ
3026 3738 3209 3805 πάσης
3252 3739 3419 3792 αὑτοῦ
3458 3743 3557 3810 τῆς
3590 3740 3791 3806 οίκίας,
3825 3741 4012 3804 καθὼς

747 3841 875 3891 {illm
910 3844 1251 3906 peccaverat,
1294 3844 1488 3901 passus
1518 3838 1619 3883 est.
1658 3826 1895 3896 Deperiit
1932 3827 2076 3880 enim
2111 3828 2325 3880 Amnon

2429 3831 2716 3901 ἡμάρτησε
2752 3829 3087 3903 [πέπονθεν]
3113 3846 3125 3859 °
3158 3830 3377 3902 ἠράσθη
3412 3832 3521 3902 γὰρ
3570 3832 3784 3901 ’Δμνὼν
3830 3832 3860 3885 6
3894 3834 4013 3895 υἱὸς

748 3933 892 3986 tilius
919 3930 1039 3998 ejus
1075 3940 1323 3981 sororem
1372 3937 1527 3977 suam
1562 3918 2029 3989 consanguineam
2065 3917 2324 3983 Thamar,
2408 3982 2415 3987 .

2408 3922 2595 3987 eti-ro?»
2634 3922 2733 3991 τῆς
2764 3922 2900 3992 πρὸς
2949 3922 3154 3993 πατρὸς
3198 3924 3435 3993 ἀδελφῆς
3464 3923 3628 3977 αὑτοῦ
3656 3925 3877 3995 Θάμαρ,
3912 3926 4012 3978 καὶ

751 4035 1085 4090 composque
1139 4018 1316 4071 factus
1374 4014 1495 4082 ejus
1551 4026 1715 4081 quam
1774 4009 2077 4080 deperibat,
2142 4020 2326 4081 postea
2427 4042 2428 4049 η

2427 4014 2605 4085 τυχὼν
2642 4011 2710 4087 ἦς
2752 4016 2882 4085 ἦρα,
2922 4015 3104 4068 πλεῖον
3134 4010 3307 4088 οὗπερ
3346 4018 3517 4087 αὐτῆς
3548 4018 3657 4088 ἦρα
3694 4018 4013 4086 παραυτίκα

755 4113 946 4184 majori
996 4126 1162 4181 quam
1213 4116 1372 4161 antea
1413 4120 1602 4159 amore
1636 4103 1820 4158 statim
1855 4102 1983 4157 odio
2020 4112 2107 4158 est
2138 4118 2327 4172 prose-
2430 4132 2432 4157 Α

2430 4108 2712 4177 ἐμίσησεν.
2755 4108 2992 4178 Ἀναιρεῖ
3020 4106 3077 4159 δὲ
3113 4106 3303 4160 τοῦτον
3350 4107 3443 4161 τὸν
3479 4106 3696 4177 Ἀμνὼν
3746 4107 4013 4160 ’Λσεσσα-

754 4215 932 4261 entus.
992 4200 1204 4257 Occidit
1268 4198 1413 4253 hunc
1473 4196 1779 4249 Amnonem
1837 4193 2173 4259 Abessalom,
2232 4196 2325 4265 qui
2430 4202 2431 4247 i

2430 4201 2573 4269 λὼμ,
2605 4202 2634 4253 6
2671 4199 2766 4252 καὶ
2808 4198 2943 4271 πρὸς
2986 4199 3194 4270 μητρὸς
3230 4200 3458 4270 ἁδελφὸς
3497 4202 3593 4271 τῆς
3623 4200 3820 4273 Θάμαρ
3852 4217 4012 4269 γεγε-

753 4299 1004 4354 nterinns
1053 4302 1171 4350 erat
1214 4291 1504 4346 Thamaris
1540 4288 1729 4351 frater,
1765 4301 2010 4342 sororem
2044 4287 2179 4341 adeo
2211 4298 2329 4342 tur-

2431 4289 2683 4361 νημένος,
2712 4288 2810 4359 τὴν
2866 4288 3106 4359 αἰσχρῶς
3141 4289 3535 4361 διῦσρισμένην
3571 4290 3857 4345 διεκδικεῖν
3888 4290 4015 4361 βου-

754 4395 894 4464 piter
943 4390 1352 4444 dehonestatam
1389 4381 1578 4437 ulcisci
1633 4381 1837 4434 volens.
1874 4380 2128 4449 .lnsurgit
2166 4394 2330 4449 porro
2430 4384 2431 4389 ‘

2430 4381 2783 4452 λευσάμενος.
2832 4381 3217 4437 Ἐπανίσταται
3260 4383 3318 4436 δέ
3351 4386 3380 4439 6
3412 4385 3508 4438 τοῦ
3548 4383 3782 4452 ἀδελφοῦ
3814 4384 4014 4452 φονεὺς

756 4489 859 4541 iste
886 4481 1161 4537 fratricida
1195 4475 1509 4530 Abessalom
1540 4472 1704 4527 etiam
1738 4473 1792 4526 in
1823 4471 1999 4540 ipsum
2028 4480 2327 4541 parentem,

2445 4472 2804 4543 ’Λὸεσσαλὼμ
2832 4475 2927 4527 καί⁸
2957 4474 3109 4545 αὑτῷ
3137 4474 3217 4545 τῷ
3243 4477 3415 4546 πατρὶ
3445 4478 3541 4530 καὶ
3571 4477 3771 4546 πληροῖ
3801 4476 4014 4544 λύθρων

757 4578 1049 4648 impletque
1086 4586 1282 4629 cruore
1314 4569 1620 4622 universam
1651 4574 1934 4635 paternam
1979 4564 2225 4619 domum.
2260 4565 2331 4617 At
2358 4557 2412 4617 D

2358 4557 2412 4617 D
2437 4566 2534 4637 τὴν
2574 4567 2667 4620 τοῦ
2701 4566 2908 4637 πατρὸς
2950 4568 3080 4635 ὃλην
3113 4568 3311 4622 οἰκίαν.
3360 4568 3420 4621 '0
3448 4568 3505 4621 δὲ
3551 4569 3625 4639 μὴ
3668 4570 3855 4640 φέρων
3898 4569 4018 4622 υἱὸν

756 4674 845 4727 ille
884 4681 1227 4740 nequaquam
1265 4663 1545 4718 sustinens
1574 4660 1745 4713 filium
1789 4658 1973 4728 praelio
2002 4658 2291 4729 proﬂigare
2313 4701 2326 4722 ,

2438 4660 2575 4731 πρὸς
2604 4660 2784 4730 μάχην
2800 4659 3194 4731 άκροϐυλίζειν.
3223 4661 3316 4714 καὶ
3342 4661 3501 4732 νικᾷν
3529 4660 3697 4731 ἥττης
3724 4660 3826 4713 οὐκ
3854 4660 4019 4714 ἐλάσ-

756 4772 810 4819 et
846 4761 1064 4814 vincere
1112 4754 1395 4810 victoriam
1447 4751 1599 4805 clade
1643 4749 1786 4804 haud
1820 4749 2125 4812 minorem,
2158 4750 2332 4819 surgit

2439 4770 2566 4808 σονα
2582 4755 2759 4820 νίκην,
2788 4755 3150 4808 ἀπανίσταται
3177 4754 3279 4824 τῆς
3303 4754 3593 4826 βασιλικῆς
3616 4753 3784 4808 αὑτοῦ
3813 4754 4013 4819 οἰκίας,

756 4872 788 4911 a
825 4854 972 4925 regia
999 4852 1165 4906 domo
1214 4864 1335 4911 sua,
1373 4846 1586 4915 fugiens
1626 4845 1679 4898 in
1717 4843 1994 4898 desertum
2031 4860 2043 4895 :
2080 4850 2132 4897 et
2164 4842 2331 4898 susti-

2437 4846 2852 4915 ἀποδιδράσκων
2886 4847 2978 4899 ἐπὶ
3004 4846 3103 4915 τὴν
3126 4845 3333 4917 ἔρημον
3354 4863 3368 4877 ⁸
3401 4847 3495 4900 καὶ
3522 4846 3797 4915 ὑπέφερεν
3825 4845 3886 4899 οὐ
3919 4848 4019 4917 μό-

757 4947 876 5002 unit
923 4960 1029 4999 non
1063 4941 1226 4997 modo
1256 4939 1553 5001 molestias,
1586 4950 1724 5006 quas
1758 4934 2063 5005 perferebat
2101 4934 2331 5003 nudipes

2442 4955 2532 4991 νον
2582 4939 2726 5009 ἆπερ
2782 4938 2977 5009 ἔφερεν
3034 4938 3215 5008 ἐαυτῷ
3264 4940 3580 5009 γυμνόπους
3635 4937 3868 5009 βαδίζων
3920 4939 4019 4992 καὶ

760 5040 1017 5097 incedens
1045 5045 1099 5091 et
1131 5049 1294 5105 aeger,
1336 5047 1521 5087 verum
1552 5032 1717 5086 etiam
1750 5027 2015 5085 conviciis
2052 5028 2335 5083 lacessitus
2422 5054 2437 5075 t

2422 5028 2624 5084 κὰλύων
2654 5029 2815 5100 ἄχθη,
2857 5029 2993 5082 ἀλλὰ
3021 5030 3116 5081 καὶ
3145 5028 3500 5099 ὑϐριζόμενος
3521 5029 3629 5083 ἀπὸ
3662 5029 3841 5098 Σεμεῆ
3869 5044 4022 5088 τινος

759 5150 788 5188 a
842 5129 1019 5187 Semei
1066 5128 1338 5197 quodam,
1386 5123 1480 5194 qui
1539 5122 1721 5177 Saulis
1757 5121 2093 5176 domesticus
2135 5118 2330 5184 fuerat,

2437 5121 2647 5174 οἰκέτου
2682 5121 2776 5174 τοῦ
2825 5121 2997 5174 Σαοὺλ
3026 5122 3335 5189 γεγονότος,
3383 5121 3532 5174 κόνιν
3572 5122 4024 5182 καταπάσσοντος

757 5228 961 5297 quique
990 5224 1264 5293 pulverem
1297 5220 1350 5274 in
1384 5219 1533 5273 illum
1564 5216 1875 5286 spargebat,
1908 5213 2180 5284 lapidibus
2206 5213 2330 5266 item

2440 5216 2621 5279 αὑτὸν,
2660 5216 2753 5267 καὶ
2794 5214 3035 5285 χέρμασι
3078 5212 3560 5276 κατακοντίζοντος
3604 5213 3699 5266 καὶ
3743 5212 4022 5282 λοιδορουη

758 5336 882 5375 eum
910 5315 1220 5387 impetebat,
1249 5321 1303 5367 et
1331 5310 1758 5367 conviciabatur.
1798 5306 1903 5362 Sed
1936 5322 2043 5361 non
2071 5317 2155 5361 est
2186 5306 2333 5358 ullus

2444 5308 2627 5376 μένου.
2675 5306 2814 5359 ’Λλλ’
2861 5308 2960 5360 οὑκ
2994 5308 3233 5375 ἠμύνετο
3281 5307 3371 5361 τὸν
3411 5307 3776 5375 κακόστομον,
3813 5306 4022 5375 καίπερ

763 5409 1085 5465 maledicum
1120 5406 1442 5481 hominem,
1482 5402 1693 5457 tametsi
1728 5412 1912 5471 posset
1944 5416 2038 5471 per
2071 5416 2334 5467 sequaces
2435 5405 2440 5450 ἀ

2435 5401 2734 5470 δυνάμενος
2782 5400 2871 5453 διὰ
2907 5400 3016 5452 τῶν
3036 5401 3333 5470 ’ἑπομένων
3362 5417 3375 5431 ο
3411 5399 3686 5467 ἐλογίζετο
3733 5399 3791 5452 δὲ
3840 5396 4020 5450 ταῦτα

762 5519 936 5561 suos:
974 5501 1103 5569 quin
1139 5497 1424 5568 reputabat
1470 5497 1585 5551 haec
1630 5494 1746 5550 suis
1797 5509 2097 5562 congruere
2126 5493 2333 5546 facino-
2437 5518 2439 5529 ι

2437 5498 2555 5558 ταῖς
2594 5494 2821 5557 οἰκείαις
2873 5495 3172 5565 προσήκειν
3217 5494 3549 5565 ἁμαρτάσιν.
3604 5492 3923 5546 Ἐπιτείνων
3961 5493 4022 5545 δὲ

764 5595 938 5649 ribus.
982 5590 1237 5644 Absalnm
1284 5602 1413 5641 vero
1462 5586 1760 5640 sceleribus
1786 5586 2073 5640 cumulans
2108 5584 2333 5655 parrici-
2438 5613 2441 5635 ι

2438 5590 2466 5641 ὀ
2520 5587 2876 5657 ’Δόεσσαλὼμ
2922 5588 3019 5658 τὴν
3058 5588 3221 5641 αὐτοῦ
3262 5586 3581 5658 πατρολῷον
3620 5586 3735 5656 (81)
3792 5585 4018 5656 πρᾶξιν,

760 5687 882 5743 dale
932 5683 1147 5739 facinus
1178 5696 1359 5744 suum,
1395 5680 1561 5735 audet
1606 5680 1769 5735 etiam
1806 5689 2061 5751 paternas
2105 5679 2206 5733 sub
2241 5679 2332 5734 dio
2436 5708 2437 5716 ι

2436 5680 2609 5752 τολμᾷ
2653 5682 2747 5735 καὶ
2792 5683 2890 5745 τὰς
2922 5680 3017 5734 τοῦ
3053 5682 3260 5752 πατρὸς
3299 5679 3637 5751 διαφθείρειν
3668 5681 3727 5734 ἐν
3762 5677 4021 5749 ὑπαίθρῳ

830 5868 938 5928 «81)
983 5863 1141 5921 Forte
1175 5846 1517 5935 πατραὶιξιιν.
