4248 6438
293 365 368 426 85
1474 361 1839 422 LlBELLUS
1880 360 2379 420 MEMORHLIS.
3483 365 3555 426 86

290 474 580 540 γυναῖκας,
617 471 669 521 αἳ
697 471 1040 540 κατήλασσον
1067 470 1202 539 (8‘2),
1235 465 1449 532 δεικνὺς
1478 471 1590 531 τοῖς
1617 467 1876 537 ὑπαχθεῖ-
1909 475 1947 527 Α

1909 475 1947 527 Α
1981 472 2252 524 incessere
2285 483 2481 526 uxores
2503 509 2516 534 ,
2566 484 2687 539 qua!
2722 486 2846 524 cum
2907 485 2973 524 eo
3007 473 3255 526 coierunt
3284 515 3299 537 ,
3337 475 3557 527 ntanife-

293 584 378 618 62v
411 563 576 616 αὑτοῦ
626 567 689 634 τῇ
753 565 1110 635 κακοπραγίᾳ
1168 566 1264 632 τὴν
1318 563 1460 616 κατὰ
1515 562 1608 614 τοῦ
1670 561 1879 630 πατρδς

291 657 685 708 ἰπανάστασιν.
739 656 848 708 Καὶ
893 653 1066 707 ταῦτα
1102 655 1619 724 καταπραξάμενος,
1669 651 1880 704 ἔπεισιν

293 751 433 800 κατὰ
456 749 552 818 τὴν
573 749 800 818 ἔρημον,
829 747 1080 800 καθελεῖν
1101 747 1208 801 ἀπὸ
1237 749 1332 819 τῆς
1353 748 1526 818 ἀρχῆς
1550 747 1639 799 τὸν
1666 747 1879 814 πατέρα

291 838 782 905 κατεπειγόμενος.

364 930 469 980 Καὶ
507 930 818 997 συμϐουλῆς
861 933 982 984 κατ’
1034 931 1199 984 αὐτού
1236 932 1570 1000 γινομένης,
1619 949 1878 1000 κατηντι-

291 1023 437 1074 6ύλει
469 1025 593 1084 τοὺς
626 1023 817 1076 ἐαυτοῦ
849 1023 1186 1094 στρατιώτας
1217 1027 1244 1077 ὁ
1272 1025 1436 1077 Δαϐὶδ
1474 1024 1752 1092 φείδεσθαι
1783 1024 1876 1077 τοῦ

302 1114 680 1184 ’Δϐεσσαλὼμ,
709 1118 802 1168 καὶ
825 1116 1111 1185 προσέχειν
1133 1117 1281 1178 ὅπως
1310 1115 1474 1185 μηδὲν
1497 1115 1659 1168 πάθοι
1681 1115 1870 1169 δεινόν.

303 1207 393 1257 Ἐν
429 1208 561 1273 γοῦν
593 1211 654 1277 τῇ
701 1211 847 1277 μάχῃ
873 1209 1155 1276 τρέπεται,
1180 1209 1275 1260 καὶ
1304 1209 1448 1261 νῶτα
1504 1209 1680 1271 διδοὺς
1710 1211 1738 1262 ὁ
1772 1211 1876 1264 ὑπ-

290 1301 483 1367 αχθεὶς
535 1300 715 1360 ἄθλιος
747 1301 843 1354 τοῦ
886 1301 1242 1372 Ἀϐεσσαλὼμ
1278 1303 1472 1371 δῆμος.
1531 1303 1702 1365 Αὐτὸς
1745 1303 1802 1356 δὲ
1847 1309 1875 1357 ό

291 1389 628 1455 πατραλοίας
661 1390 766 1441 ὑπὸ
791 1390 889 1456 τῆς
919 1391 1076 1460 δίκης
1109 1393 1489 1460 ἐλαυνόμενος,
1526 1392 1632 1446 ὑπὸ
1662 1393 1872 1449 κλάδων

286 1480 590 1548 άναρτάται
639 1481 830 1551 δρυός·
894 1484 987 1535 καὶ
1043 1484 1152 1552 γάρ
1207 1483 1403 1554 ἔτρεφε
1439 1485 1618 1554 κόμας
1651 1486 1735 1555 ἐφ’
1783 1480 1872 1549 αἷς

285 1571 544 1640 ἐπῄρετο,
600 1573 695 1624 καὶ
742 1573 840 1643 τὴν
884 1570 1054 1644 ἧτταν
1089 1577 1365 1642 ἐπιγνοὺς,
1417 1577 1651 1646 ἱππότης
1685 1577 1871 1630 ἀποδι-

283 1664 541 1732 δράσκειν
573 1665 853 1733 ἠπείγετο.
902 1666 1060 1719 Οὕτω
1105 1668 1236 1735 γοῦν
1279 1669 1655 1737 ἀνηρτημένον
1689 1688 1869 1724 κατει-

285 1758 517 1825 ληφότες
539 1758 589 1810 oi
609 1757 686 1826 τῷ
709 1759 917 1827 βασιλεί
939 1761 1334 1829 προσήκοντες,
1367 1761 1869 1826 κατατοξεύσαντες

283 1851 673 1920 ἀνακρούουσι,
716 1853 810 1904 καὶ
856 1852 1197 1918 καθελόντες,
1249 1855 1549 1908 κολοσιαῖον
1602 1855 1744 1909 κατὰ
1773 1857 1869 1926 τῆς

282 1941 688 2011 άπεριστάλτου
733 1944 910 2013 ταφῆς
942 1945 1106 1997 αὑτοῦ
1143 1945 1318 2016 σωρὸν
1353 1949 1654 2018 ἐπήγειραν
1679 1949 1863 2003 λίθων.

293 2034 355 2084 Ὀ
381 2034 438 2086 δὲ
478 2035 646 2088 Δαϐὶδ
695 2036 884 2105 μαθὼν
915 2038 1017 2107 τὴν
1058 2037 1266 2090 ἔνδικον
1311 2039 1478 2101 τίσιν,
1526 2041 1623 2110 οὐχ
1671 2043 1746 2106 ὡς
1776 2043 1868 2096 ἐπὶ

281 2127 596 2198 πατραλοία
633 2130 854 2182 πεσόντι
890 2131 1134 2200 γεγήθει,
1168 2131 1242 2194 ὡς
1270 2132 1326 2185 δέ
1350 2132 1442 2185 ἐπὶ
1479 2135 1629 2187 παιδὶ
1661 2135 1868 2206 γνησίῳ

279 2220 579 2292 διεθρήνει,
630 2224 723 2274 καὶ
772 2223 861 2275 τὸν
901 2222 1132 2276 θάνατον
1177 2225 1341 2278 αὑτοῦ
1379 2228 1697 2296 περιπαθῶς
1730 2229 1866 2282 ὠλο-

282 2312 509 2383 φύρετο.
548 2315 739 2367 Ἔνθεν
766 2314 908 2369 οὕτω
933 2315 1022 2369 διὰ
1044 2317 1103 2369 τὸ
1129 2318 1522 2389 πλημμεληθέν
1555 2321 1724 2390 αύτῷ,
1760 2323 1870 2376 τῶν

284 2407 812 2476 συνομαρτηθέντων
854 2408 1045 2462 δεινῶν
1091 2409 1464 2478 ἀπαλλαγεὶς,
1513 2409 1670 2476 αὖθις
1704 2415 1866 2468 ἀπει-

280 2496 446 2567 λήφει
471 2499 569 2570 τὴν
600 2500 897 2570 βασιλείαν.

369 2593 714 2646 Ἐπανελθὼν
761 2597 840 2658 είς
883 2596 953 2649 τὰ
1011 2596 1278 2666 βασίλεια,
1330 2600 1456 2661 τοὺς
1502 2601 1601 2671 μὲν
1638 2602 1866 2666 ἁλόντας

281 2684 436 2750 αύτῷ
480 2684 775 2753 πολεμίους
822 2689 1106 2754 γεγονέναι
1145 2690 1565 2760 ἐτιμωρήσατο,
1626 2695 1753 2756 τοὺς
1811 2695 1868 2749 δὲ

283 2775 639 2839 συνελθόντας
681 2777 830 2847 αύτῷ
880 2780 975 2831 καὶ
1015 2779 1452 2851 δεξιωσαμένους
1499 2785 1663 2839 αὐτὸν
1710 2788 1767 2840 ἐν
1799 2789 1863 2858 τῇ

282 2871 455 2938 φυγῇ,
497 2869 590 2921 καὶ
642 2870 871 2940 ἐτίμησε
922 2873 1016 2926 καὶ
1059 2876 1373 2940 συνεστίους
1413 2877 1730 2950 ἐποιήσατο.
1777 2882 1866 2935 Ἐν

281 2963 590 3028 παρατάξει
643 2964 881 3034 πολέμου
915 2965 1141 3034 διάγων,
1196 2971 1424 3023 καὶτῶν
1458 2972 1738 3043 πολεμίων
1766 2976 1866 3047 τὴν

281 3054 418 3122 περὶ
444 3054 536 3107 τὸν
567 3056 762 3109 ἐαυτοῦ
811 3059 1042 3128 στρατὸν
1093 3059 1312 3114 ἅπασαν
1344 3063 1532 3134 χώραν
1569 3078 1868 3135 προκατει-

1984 571 2122 615 stam
2156 564 2357 617 faciens
2389 565 2454 618 iis
2477 603 2490 627 ,
2521 578 2660 633 quos
2700 563 2803 617 sibi
2838 565 3042 618 scelere
3072 565 3417 631 adjunxerat,
3467 584 3560 633 pa-

1983 662 2188 706 ternam
2221 656 2646 724 aggressionem.
2684 655 2807 708 llaec
2852 665 3140 725 postquam
3170 660 3298 726 egit,
3330 669 3560 713 conten-

1980 746 2056 799 dit
2109 746 2161 798 in
2232 747 2530 812 desertum,
2581 747 2848 802 festinans
2915 750 2982 803 de
3032 764 3199 819 regno
3266 751 3559 807 deturbare

1981 848 2280 906 parentem.

2053 931 2187 985 Inito
2216 947 2376 1001 porro
2400 935 2658 989 adversus
2685 936 2832 988 illum
2854 934 3109 998 consilio,
3139 935 3367 1005 rogabat
3391 936 3554 990 etiam

1977 1035 2141 1095 atque
2193 1027 2357 1080 etiam
2422 1027 2621 1080 milites
2674 1046 2800 1084 suos
2853 1029 3046 1088 David.
3101 1039 3157 1083 ut
3196 1030 3555 1084 Abessaiomo

1977 1131 2282 1188 parcerent,
2339 1131 2700 1188 caverentque
2763 1136 2828 1173 ne
2872 1122 2998 1188 quid
3046 1122 3202 1175 triste
3257 1132 3550 1190 pateretur.

1976 1211 2284 1266 Commisso
2312 1211 2473 1280 igitur
2498 1210 2681 1279 praslio
2704 1213 2754 1263 in
2791 1210 2970 1280 fugam
2997 1214 3255 1274 truditur,
3284 1212 3554 1281 vertitque

1977 1310 2124 1370 terga
2155 1303 2223 1356 ab
2259 1301 2575 1356 Abessalon.
2627 1304 2882 1357 seductus
2935 1303 3119 1357 infelix
3173 1304 3429 1374 pepulus.
3485 1305 3554 1357 At

1986 1393 2211 1460 ipsemet
2245 1394 2534 1460 parricida,
2582 1395 2884 1464 exagitatus
2913 1395 3168 1458 vindicta,
3199 1397 3364 1448 ramis
3390 1409 3554 1465 qucr-

1975 1499 2072 1538 cus
2098 1498 2395 1552 suspensus
2427 1485 2716 1554 pependit;
2753 1486 3023 1539 nutriebat
3052 1500 3285 1556 namque
3311 1502 3547 1551 comam,

1972 1589 2078 1643 qua
2110 1574 2274 1629 etiam
2303 1574 2632 1644 jactabnnde
2670 1576 3018 1641 efferebatur,
3056 1589 3107 1630 et
3146 1577 3326 1646 agnita
3362 1578 3546 1640 clade,

1973 1681 2116 1735 equo
2161 1666 2346 1736 fugere
2379 1667 2694 1721 festinabat.
2750 1667 2841 1721 Sic
2880 1668 3044 1736 igitur
3077 1670 3394 1737 pendentem
3426 1683 3547 1722 cum

1978 1757 2464 1825 deprehendissent
2509 1759 2640 1828 regii
2697 1759 2979 1822 satellites,
3015 1758 3212 1828 jacolis
3244 1758 3548 1828 perfossum

1903 1849 1941 1904 Β
1975 1850 2273 1918 trajiciunt,
2298 1865 2358 1903 ac
2389 1853 2737 1918 deponentes,
2769 1852 3038 1920 ingentem
3070 1867 3168 1920 pro
3193 1852 3550 1905 tumuitnaria

1971 1945 2248 2011 sepultura
2284 1945 2428 1997 illius
2477 1945 2717 2012 lapidum
2752 1959 3002 1997 acervum
3052 1945 3445 1998 excitaverunt.
3482 1942 3550 1996 At

1971 2038 2137 2090 David
2190 2053 2312 2091 cum
2348 2036 2702 2090 intellexisset
2729 2035 3089 2103 justissitnam
3126 2035 3402 2097 ultionem,
3440 2050 3548 2087 non

1969 2131 2116 2183 velut
2148 2146 2245 2198 pro
2274 2130 2543 2199 parricida
2579 2130 2902 2196 interempto
2937 2128 3146 2182 lzctatus
3172 2137 3250 2180 est
3278 2143 3292 2191 ;
3321 2127 3412 2180 sed
3451 2142 3548 2194 po-

1969 2222 2076 2277 tius
2106 2223 2267 2278 veluti
2309 2239 2406 2291 pro
2454 2224 2689 2291 genuino
2718 2222 2827 2275 lilio
2857 2231 3190 2291 conquestus
3227 2227 3336 2284 est,
3371 2219 3547 2274 illius-

1968 2329 2074 2384 que
2101 2323 2329 2366 mortem
2360 2314 2562 2382 ingenti
2594 2316 2763 2368 animi
2814 2313 3102 2368 affectione
3125 2313 3546 2366 Iamentabatur.

1971 2407 2108 2460 Hinc
2143 2406 2245 2460 isto
2277 2405 2441 2459 modo
2491 2415 2713 2475 propter
2742 2406 2948 2460 crimen
2977 2420 3138 2459 suum
3174 2421 3202 2457 a
3237 2406 3550 2457 consecutis

1967 2510 2094 2549 eum
2127 2495 2388 2550 molestiis
2419 2496 2701 2560 liberatus,
2737 2497 2933 2550 iterum
2964 2510 3189 2564 regnum
3217 2493 3474 2548 obtinuit.

2040 2591 2096 2645 In
2127 2592 2332 2659 regiam
2365 2605 2640 2653 reversus,
2673 2607 2767 2644 eos
2807 2591 2899 2659 qui
2925 2588 3246 2658 deprehensi
3288 2595 3416 2643 sunt
3446 2587 3547 2641 sibi

1968 2684 2134 2738 fuisse
2167 2684 2460 2745 adversati,
2494 2684 2668 2753 pmnis
2699 2684 2947 2738 multavit
2977 2703 2989 2737 :
3024 2692 3074 2736 at
3107 2697 3202 2736 eos
3236 2682 3328 2751 qui
3360 2695 3546 2735 secum

1968 2786 2395 2834 consenserant.
2452 2792 2689 2845 eumque
2746 2780 2797 2828 in
2852 2774 2978 2844 fuga
3035 2776 3269 2844 positum
3317 2772 3550 2827 comiter

1968 2882 2341 2940 susceperant,
2378 2879 2431 2924 et
2466 2869 2773 2925 honestavit
2825 2879 2879 2924 et
2915 2869 3312 2924 commensales
3347 2866 3544 2921 effecit.

1967 2963 2103 3018 Cum
2140 2963 2432 3032 aliquando
2463 2963 2513 3016 in
2549 2964 2665 3018 acie
2701 2962 2823 3015 belli
2859 2971 3064 3033 ageret,
3105 2963 3403 3030 hostesque
3435 2958 3547 3013 cir-

1968 3058 2326 3126 cumposilam
2377 3057 2639 3112 exercitui
2696 3056 2842 3110 illius
2890 3057 3167 3125 regionem
3233 3054 3546 3109 universam

280 3146 555 3216 ληφότων,
587 3147 782 3214 ὕδατος
815 3151 1165 3222 ἐπεθύμησεν
1195 3155 1255 3218 ἐξ
1287 3156 1416 3209 ίδίου
1445 3157 1649 3212 λάκκου
1683 3159 1776 3213 τοῦ
1808 3161 1865 3214 ἐν
1891 3193 1934 3252 C

1891 3193 1934 3252 Ο
1970 3154 2526 3220 anteoccupavissent,
2579 3166 2774 3218 aquam
2827 3149 3153 3204 desideravit
3201 3163 3266 3202 ex
3327 3146 3543 3217 propria

281 3241 568 3311 Βηθλεέμ·
600 3244 650 3297 οἱ
678 3244 734 3296 δὲ
774 3246 1071 3316 στρατηγοὶ
1101 3249 1200 3317 τὴν
1229 3249 1337 3302 τῶν
1372 3250 1648 3322 πολεμίων
1679 3252 1865 3307 διακό-

277 3336 482 3405 ψαντες
509 3339 785 3407 φάλαγγα,
808 3341 1073 3412 ὥρμησαν
1115 3344 1194 3407 είς
1233 3345 1329 3413 τὴν
1366 3345 1639 3417 Βηθλεέμ,
1673 3349 1766 3401 καὶ
1805 3351 1865 3403 τὸ

281 3430 430 3503 ὕδωρ
473 3433 622 3504 αύτῷ
649 3434 985 3506 διεκόμισαν.
1039 3438 1096 3490 '0
1122 3438 1178 3491 δὲ
1224 3439 1623 3508 άττοθαυμάσας
1666 3443 1865 3507 αὐτοὺς

279 3526 380 3592 τῆς
404 3525 677 3596 ἀνδρείας,
696 3528 790 3580 καὶ
813 3528 910 3595 τῆς
937 3532 1064 3600 περὶ
1090 3530 1254 3583 αὑτὸν
1281 3531 1513 3597 εὐνοίας,
1544 3534 1642 3586 ούκ
1664 3535 1862 3605 ἤνεγκε

277 3617 378 3670 τοῦ
416 3618 606 3682 ὓδατος
657 3624 820 3684 πιεῖν,
872 3618 1012 3692 αἷμα
1044 3623 1175 3676 αὐτὸ
1214 3624 1321 3676 τῶν
1368 3627 1690 3696 στρατηγῶν
1721 3626 1862 3682 εἶναι

277 3709 643 3781 λογισάμενος·
667 3729 681 3742 ο
713 3714 790 3782 τῷ
815 3714 870 3768 δὲ
901 3715 1018 3784 Θεῷ
1041 3717 1199 3769 τούτο
1215 3717 1387 3790 δῶρον
1413 3718 1631 3774 ἔσπεισε
1663 3721 1858 3791 θάψας.

291 3804 610 3873 Ἐπενόησε,
661 3807 812 3878 παρὰ
839 3811 899 3859 τὸ
940 3807 1060 3877 Θεῷ
1101 3809 1312 3875 δοκοῦν,
1363 3812 1737 3883 ἐπαριθμῆσαι
1772 3817 1864 3867 τὸν

277 3896 407 3949 λαὸν
451 3891 622 3968 οὗπερ
673 3894 864 3970 ἦρχεν.
919 3901 1215 3970 ’Υπομένει
1257 3902 1312 3956 δὲ
1345 3905 1716 3975 ἀγανάκτησιν
1770 3909 1863 3960 ἐπὶ

277 3989 476 4059 τούτῳ,
509 3992 602 4043 καὶ
630 3991 697 4044 δι’
724 3994 886 4045 αὑτὸν
915 3994 1178 4063 ὑπομένει
1211 3995 1471 4064 θεήλατον
1503 3998 1531 4049 ό
1560 3996 1688 4060 λαὸς
1720 3998 1860 4067 πλη-

277 4085 406 4153 γήν.
461 4085 570 4136 Καὶ
604 4083 938 4152 θεασάμενος
978 4086 1204 4156 ἄπειρον
1260 4090 1425 4140 πεσδν
1481 4087 1576 4141 τοῦ
1636 4088 1766 4142 λαοῦ
1803 4093 1860 4143 ἐν

279 4175 468 4247 ἡμέρα
523 4179 620 4248 μιᾷ
674 4177 900 4247 πλῆθος,
958 4179 1149 4231 ἐαυτὸν
1196 4178 1352 4247 ἠξίου
1404 4181 1857 4251 καταληφθῆναι,

277 4270 612 4338 προσπεσὼν
641 4271 720 4341 τῷ
763 4271 903 4341 Θεῷ,
957 4274 1023 4342 τῇ
1072 4275 1343 4343 τιμωρίᾳ.⁸
1390 4273 1552 4342 Ἐγὼ,
1599 4275 1792 4344 λέγων,
1830 4280 1861 4330 ό

277 4362 508 4430 ποιμὴν
551 4362 837 4431 ἥμαρτον,
883 4365 981 4417 καί
1015 4365 1128 4432 ἐγὼ
1169 4366 1581 4434 ἐκακοποίησα
1606 4384 1621 4400 ·
1663 4369 1760 4422 καὶ
1795 4371 1857 4422 τὸ

277 4453 562 4519 ποίμνιον
594 4453 650 4506 τί
687 4453 974 4520 ἐποιήσε;
1005 4455 1296 4525 Βουληθεὶς
1330 4457 1389 4509 ὃν
1419 4459 1633 4527 ἐπέγνω
1683 4461 1859 4532 χῶρον

1969 3244 2202 3298 cisterna
2263 3259 2384 3312 qurc
2437 3253 2551 3296 erat
2585 3243 2635 3294 in
2691 3241 3048 3296 Bethlehcm:
3095 3247 3151 3292 at
3197 3239 3364 3293 duces
3428 3237 3546 3307 ejus

1969 3336 2406 3389 adversariorum
2471 3343 2886 3402 perrumpentes
2954 3332 3314 3402 phalangem,
3379 3345 3545 3384 cursu

1967 3427 2360 3482 contenderunt
2394 3426 2444 3479 in
2486 3425 2824 3487 Bethlehem,
2873 3435 3036 3492 atque
3082 3422 3205 3476 inde
3266 3437 3462 3492 aquam
3495 3422 3543 3476 ei

1969 3521 2284 3574 attulerunt.
2321 3519 2412 3573 Ille
2464 3534 2592 3572 vero
2638 3518 2855 3571 illorum
2912 3516 3213 3570 admiratus
3269 3515 3547 3569 fortitudi-

1967 3614 2112 3673 dem,
2149 3621 2308 3680 atque
2338 3626 2463 3680 erga
2505 3625 2563 3663 se
2597 3611 3054 3672 benevolentiam,
3095 3624 3202 3663 non
3242 3608 3363 3662 tulit
3397 3608 3543 3660 illam

1966 3704 2149 3759 bibere
2201 3718 2430 3771 aquam;
2467 3704 2788 3771 sanguinem
2833 3716 2951 3754 eam
3006 3699 3207 3754 ducum
3240 3713 3362 3754 esse
3400 3699 3546 3751 mbi-

1968 3806 2160 3858 tratus,
2201 3796 2309 3849 Dco
2355 3795 2500 3848 illam
2543 3795 2706 3849 veluti
2761 3808 2959 3847 munus
3016 3792 3205 3845 libavit
3255 3791 3308 3844 in
3341 3797 3545 3843 terram

1966 3889 2219 3944 fundens.
2257 3887 2620 3960 Cogitaverat,
2656 3894 2842 3940 contra
2895 3895 3057 3953 atque
3094 3882 3201 3937 Deo
3241 3881 3542 3945 videbatur,

1965 3996 2257 4036 numerare
2311 3980 2568 4049 populum
2617 3979 2828 4044 imperii
2882 3979 2963 4031 sui
2995 3994 3008 4029 :
3039 3986 3092 4030 at
3133 3975 3395 4029 sustinuit
3426 3990 3548 4043 pro-

1966 4085 2084 4144 pter
2118 4075 2220 4129 hoc
2253 4073 2702 4144 indignationem,
2740 4082 2902 4140 atque
2948 4070 3094 4123 illius
3136 4081 3300 4122 causa
3351 4082 3546 4137 passus

1964 4178 2046 4221 est
2077 4167 2308 4237 populus
2340 4167 2550 4236 plagam
2584 4164 2843 4218 divinitus
2888 4163 3214 4215 immissam.
3248 4158 3430 4224 Quare
3461 4158 3545 4210 vi-

1963 4260 2098 4314 dens
2132 4258 2392 4312 infinitam
2435 4257 2617 4327 populi
2674 4255 3077 4310 multitudinem
3131 4267 3235 4304 una
3265 4251 3354 4304 die
3399 4249 3547 4304 ccci-

1963 4350 2131 4414 disse,
2168 4348 2410 4417 seipsum
2449 4348 2639 4402 orabat
2669 4347 3055 4418 comprehendi
3092 4348 3353 4411 vindicta,
3387 4347 3458 4398 ob
3494 4344 3544 4395 id

1966 4440 2075 4493 Deo
2115 4456 2354 4494 cernuus
2395 4441 2758 4508 procumbens
2794 4458 2805 4491 :
2843 4438 2972 4508 Ego,
3020 4428 3321 4508 inquiebat,
3354 4449 3547 4508 pastor

277 4541 588 4609 ἐπιτήδειον
619 4547 698 4607 είς
730 4545 828 4616 τὴν
857 4546 949 4609 τοῦ
974 4546 1100 4600 ναοῦ
1131 4549 1480 4620 κατασκευὴν
1511 4546 1670 4615 εἶναι,
1696 4553 1858 4623 πρία-
1895 4537 1933 4588 D
1963 4535 2198 4602 Ρθσεανίι
2237 4541 2284 4585 ει
2335 4549 2427 4602 ⁸90
2483 4550 2752 4600 Ρενρθνηθη
2802 4537 2916 4600 egi;
2952 4545 3006 4586 αι
3042 4549 3168 4602 ιιι-εει
3205 4533 3334 4601 φησι
3381 4534 3546 4600 [θείη

281 4635 407 4688 σθαι
434 4637 582 4706 παρά
607 4639 806 4707 Ὀρνου
830 4639 996 4704 τινὸς,
1021 4641 1113 4694 τοῦ
1133 4642 1320 4696 τοῦτον
1344 4643 1467 4696 τότε
1491 4648 1856 4715 κεκτημένου,

279 4732 484 4798 προῖκα
530 4731 720 4784 τοῦτον
767 4731 917 4800 αὐτῷ
947 4733 1339 4803 προσάγοντος,
1385 4737 1483 4788 οὐκ
1520 4735 1737 4801 ἐδέξατο
1767 4742 1858 4792 τὸν

276 4821 464 4886 τόπον,
514 4822 615 4873 ούκ
662 4823 833 4892 εὐαγῆ
887 4825 1008 4876 ούδέ
1075 4827 1445 4896 εὐπρόσδεκτα
1498 4829 1858 4899 λογισάμενος

278 4908 511 4964 εἶναιτὰ
552 4916 614 4967 ἐκ
647 4914 974 4985 δωροδοκίας
1006 4915 1080 4986 τῷ
1112 4918 1230 4988 Θεῷ
1261 4920 1659 4991 καθωσιωμένα
1679 4939 1690 4951 ⁸
1721 4924 1857 4977 ἀλλὰ

277 5006 540 5074 χρήματα
579 5006 703 5069 δοὺς
734 5010 942 5078 ὅσαπερ
991 5011 1195 5072 ἐκεῖνος
1226 5011 1512 5077 ἐϐούλετο,
1556 5014 1657 5084 τὴν
1685 5016 1747 5067 ἐκ
1777 5014 1858 5067 δι-

279 5096 576 5167 καιοσύνης
596 5099 768 5163 οὕτως
795 5101 1017 5154 ἀνέθετο
1040 5101 1118 5172 τῷ
1147 5102 1264 5173 Θεῷ
1291 5105 1502 5174 κτῆσιν.

354 5365 540 5416 Πίσαν
573 5365 738 5418 αύτοῦ
784 5369 1105 5439 συγγραφὴν
1144 5371 1228 5440 ἐφ’
1261 5372 1476 5444 ἑκάστῳ
1517 5374 1624 5427 τῶν
1655 5391 1862 5444 συμπι-

278 5460 526 5512 πτόντωθ
559 5459 625 5512 δι’
673 5459 858 5529 ὕμνων
904 5465 1316 5534 συνεγράψατο,
1370 5467 1587 5520 καὶτὸν
1641 5466 1859 5520 ἅπαντα

279 5549 398 5620 βίον
425 5549 510 5602 τὸν
537 5551 730 5604 ἐαυτοῦ
765 5551 896 5603 Θεὸν
926 5554 1110 5624 ὑμνῶν
1141 5557 1387 5612 διετέλει.
1422 5559 1530 5612 Καὶ
1559 5559 1858 5630 ψαλτήριον

279 5644 340 5696 δὲ
388 5643 648 5711 μουσικὸν
694 5644 924 5714 ὄργανον
965 5648 1130 5718 ἠχούν
1161 5649 1305 5722 εἶχεν
1336 5653 1391 5706 ὲν
1424 5652 1617 5724 τούτῳ.
1649 5652 1859 5722 Χορους

353 5796 471 5872 (8‘2)
515 5799 678 5859 Forte
712 5804 1106 5874 κατήλὶασσον.

1976 4626 2169 4679 Volens
2203 4626 2402 4689 locum,
2450 4640 2609 4695 quem
2645 4635 2866 4679 noverat
2914 4635 3283 4694 opportunum
3317 4639 3439 4680 esse
3474 4626 3542 4678 ad

1971 4718 2150 4786 templi
2192 4717 2676 4777 constructionem,
2706 4732 2886 4770 emere
2916 4732 2944 4769 a
2975 4716 3212 4784 quodam
3238 4715 3411 4780 Orno,
3445 4717 3537 4785 qui

1970 4813 2122 4865 illum
2175 4820 2303 4864 tunc
2337 4810 2672 4879 possidebat,
2710 4825 2946 4878 cumque
2981 4810 3026 4863 is
3072 4809 3239 4880 gratis
3286 4809 3333 4863 ci
3393 4811 3540 4862 illum

1966 4903 2203 4965 offerret,
2239 4903 2416 4956 locum
2455 4918 2562 4955 non
2595 4905 2886 4969 ‘Jt‘Ct’plaVil
2923 4943 2936 4964 ,
2973 4916 3316 4972 nequaquam
3350 4913 3538 4954 saneta

1965 5012 2065 5049 nec
2109 5003 2323 5063 accepta
2368 4996 2665 5048 arbitratus
2695 5012 2816 5050 esse
2870 4995 2977 5050 Deo
3004 5011 3090 5059 ea,
3141 5011 3264 5063 qua:
3291 5010 3356 5048 ex
3394 4995 3539 5046 dono

1965 5093 2210 5147 dedicata
2245 5092 2491 5148 fuissent.
2528 5093 2631 5145 Sed
2672 5094 2905 5161 prctiutn
2953 5093 3239 5146 exsolvens
3267 5099 3536 5159 quantum

1964 5188 2054 5241 ille
2089 5187 2318 5251 volebat,
2351 5195 2479 5240 tunc
2507 5186 2714 5254 justam
2752 5186 3155 5255 possessionem
3185 5183 3295 5239 Deo
3322 5184 3538 5237 demum

1966 5281 2182 5333 dicavit.

2033 5371 2303 5441 Quidquid
2358 5372 2579 5441 scripsit
2623 5371 2689 5425 de
2727 5371 2887 5425 rebus
2923 5371 3024 5424 sibi
3055 5371 3534 5441 contingentibus,

1962 5467 2178 5538 hymnis
2221 5466 2561 5535 composuit;
2612 5466 2740 5535 quin
2773 5474 2823 5518 et
2854 5480 2948 5534 per
2973 5475 3138 5518 totam
3166 5466 3329 5518 vitam
3373 5481 3529 5519 suam

1960 5575 2238 5630 nunquam
2289 5559 2522 5614 cessavit
2565 5557 2733 5612 Deum
2787 5574 2947 5613 suum
2991 5558 3208 5629 hymnis
3234 5557 3532 5612 celebrare.

1960 5652 2038 5706 Ad
2094 5653 2142 5706 id
2197 5652 2395 5720 negotii
2446 5651 2677 5707 habebat
2711 5653 3052 5721 psalterium,
3104 5651 3529 5706 instrumentum
