4248 6438
751 376 821 437 87
2251 382 2554 443 JOSEPPI
3934 390 4006 453 88

752 493 1024 549 musicum
1053 509 1311 552 sonorum
1346 514 1357 550 :
1391 496 1591 549 choros
1618 493 1782 549 etiam
1814 493 2159 564 psallentium
2188 509 2319 549 eon-
2350 501 2429 557 Αε

2350 501 2401 557 Α
2425 498 2483 551 δὲ
2510 496 2637 568 ἔστη
2648 515 2702 551 σε
2719 498 3067 569 ψαλμῳδοὺς,
3099 500 3157 554 τὸ
3183 499 3468 555 Λευῖτικὺν
3484 499 3640 570 γένος
3666 500 3833 565 ἅπαν,
3859 502 4002 575 ὑπὲρ

750 585 955 653 stituit;
1009 602 1183 657 genus
1233 602 1426 657 nempe
1473 586 1777 641 Leviticutn
1830 587 2169 651 universum,
2228 588 2319 657 qui

752 685 881 731 tunc
924 677 1206 749 plusquam
1255 678 1476 747 triginta
1512 678 1681 732 millia
1731 685 1917 740 erant,
1946 690 2195 747 quosque
2224 676 2323 730 tri-

749 766 852 821 bus
885 769 1125 840 subjecit
1169 770 1660 833 cborodidasealis,
1694 778 1753 823 ut
1777 768 2072 839 psallerent
2095 768 2318 839 jugiter,

749 872 797 915 et
835 864 1050 934 hymnis
1094 861 1264 917 Deum
1297 862 1654 926 celebrarent,
1687 874 1819 915 suos
1849 859 1971 914 ideo
2006 858 2237 929 hymnos
2267 858 2319 910 iu

747 953 997 1008 ordinem
1056 954 1327 1025 redigens.
1375 954 1523 1008 Fecit
1564 952 1654 1007 ille
1690 951 1908 1021 quidem
1936 948 2177 1004 inﬁnitos
2221 966 2320 1003 nu-

748 1061 900 1099 mero
927 1047 1187 1115 psalmos,
1235 1062 1375 1116 quos
1422 1046 1585 1099 etiam
1618 1046 1761 1100 serie
1789 1041 2073 1097 distribuit
2103 1040 2319 1096 Levita-

748 1154 866 1190 rum
918 1137 1398 1192 ehuroalidasralis.
1433 1135 1537 1190 Sed
1568 1152 1656 1191 rex
1688 1134 1945 1189 Ezechias
1971 1133 2318 1188 animadver-

746 1234 908 1292 tens,
962 1226 1105 1297 quod
1156 1228 1485 1296 psalmorum
1556 1226 1843 1280 uutllitulo
1899 1224 2319 1294 uegligentiores

745 1318 1002 1372 reddebat
1047 1317 1285 1383 Levitas,
1338 1318 1628 1373 hodiernos
1675 1320 1772 1371 hos
1800 1330 2017 1372 centum
2062 1326 2115 1371 et
2153 1316 2317 1385 quin-

743 1407 1002 1476 quaginta
1036 1407 1297 1476 psalmos,
1336 1424 1431 1477 per
1456 1424 1549 1462 eos
1581 1408 1673 1476 qui
1716 1408 1769 1460 in
1812 1406 2010 1475 populo
2043 1406 2317 1475 sapientes

740 1510 915 1561 erant,
944 1498 1011 1553 de
1037 1508 1184 1554 tanta
1216 1500 1561 1555 multitudine
1591 1498 1905 1569 deligendos
1939 1500 2173 1553 curavit.

813 1587 1196 1645 Successorem
1256 1590 1341 1645 sui
1389 1590 1540 1661 regni
1587 1589 1757 1644 lilium
1812 1591 2019 1645 creavit
2058 1589 2312 1647 Solomo-

740 1696 899 1745 nem,
936 1697 1097 1752 quem
1128 1697 1193 1735 ex
1238 1682 1537 1737 Bethsabce
1584 1692 1877 1753 genuerat,
1918 1692 2251 1754 unctumque
2283 1699 2314 1738 a

739 1777 1000 1846 propheta
1035 1773 1273 1842 Nathan,
1311 1776 1541 1847 ipsemet
1579 1777 1654 1830 illi
1690 1790 1914 1847 regnum
1957 1776 2310 1843 conﬁrmans,

2426 593 2554 653 τοὺς
2580 591 2940 660 τρισμυρίους
2970 593 3111 656 τότε,
3146 592 3252 645 ὑπὸ
3274 595 3423 663 τρεῖς
3450 594 3817 663 ποιησάμενος
3845 611 4005 665 χορο-

2425 682 2797 749 διδασκάλους,
2833 684 2912 746 ei;
2951 684 3010 737 τὸ
3033 684 3256 754 ψάλλειν
3281 684 3549 755 διηνεκῶς
3577 685 3672 739 καὶ
3695 685 3884 756 ὑμνεῖν
3907 689 4003 739 τὸν

2424 774 2578 839 Θεὸν,
2623 778 2752 840 τοὺς
2792 776 2985 831 ἑαυτοῦ
3017 776 3219 846 ῦμνους
3255 778 3502 842 ὲντάξας.
3549 778 3658 831 Καὶ
3704 777 4000 850 πεποίηται

2427 865 2527 933 μὲν
2555 865 2804 935 ψαλμοὺς
2846 867 3131 939 ἀπείρους,
3181 867 3273 931 οὓς
3307 868 3403 923 καὶ
3450 868 3703 934 κατέλεξε
3742 872 3854 933 τοῖς
3890 871 4001 921 τῶν

2422 956 2666 1010 Δευῖτῶν
2699 957 3189 1029 χοροδιδασκάλοις,
3233 960 3373 1012 Ἀλλ’
3404 962 3433 1012 ὁ
3457 959 3708 1029 βασιλεὺς
3750 961 4003 1026 Ἐζεκίας

2422 1050 2484 1103 τὸ
2498 1050 2608 1104 τῶν
2631 1050 2864 1121 ψαλμῶν
2881 1052 3085 1122 πλῆθος
3105 1053 3163 1105 ἐν
3180 1053 3444 1122 ὀλιγωρίᾳ
3467 1055 3598 1121 ἄγον
3620 1055 3745 1117 τοὺς
3768 1055 4002 1116 Αευῖτας

2422 1144 2702 1211 ἐπιγνοὺς,
2733 1146 2860 1207 τοὺς
2892 1144 3087 1198 ἑκατὸν
3111 1144 3337 1208 τούτους
3370 1146 3465 1199 καὶ
3500 1145 3838 1216 πεντήκοντα
3862 1142 4003 1213 ψαλο

2425 1237 2559 1305 μοὺς
2584 1236 2718 1308 (83),
2748 1238 2838 1292 διὰ
2860 1238 2968 1292 τῶν
2998 1239 3054 1291 ὲν
3085 1237 3160 1308 τῷ
3179 1238 3292 1308 λαῷ
3318 1237 3519 1306 σοφῶν,
3549 1238 3656 1290 ἀπὸ
3684 1234 3777 1290 τοῦ
3808 1234 3999 1289 τοσού-

2420 1347 2513 1383 του
2550 1330 2784 1403 πλήθους
2807 1332 3063 1404 ὲποίησεν
3093 1331 3470 1404 ἐπιλεχθῆναι.

2489 1602 2740 1672 Διάδοχον
2765 1603 2864 1673 τῆς
2893 1601 3058 1655 αὐτοῦ
3087 1598 3365 1671 βασιλείας
3390 1597 3482 1653 τὸν
3516 1597 3630 1651 υίὸν
3657 1594 3953 1667 ἐποιήσατο
3974 1634 3994 1657 ,

2416 1693 2508 1748 τὸν
2548 1694 2836 1766 Σολομῶν,
2876 1694 2936 1748 ὃν
2974 1694 3040 1748 ὲκ
3086 1696 3187 1764 τῆς
3238 1692 3516 1762 Βηθσαῦεὲ
3558 1692 3829 1762 ἐκτήσατο
3852 1729 3868 1754 ,
3900 1689 3998 1741 καὶ

2417 1788 2712 1858 χρισθέντα
2736 1787 2824 1842 διὰ
2845 1786 2940 1840 τοῦ
2968 1786 3250 1858 προφήτου
3273 1784 3461 1839 Νάθαν
3483 1825 3498 1849 ,
3528 1784 3691 1846 αὐτὸς
3713 1780 3998 1852 ὲπικυρῶν

739 1879 1033 1923 veneratus
1070 1878 1173 1923 est.
1208 1867 1541 1923 Hortabatur
1571 1883 1735 1938 porro
1775 1884 1925 1934 eum,
1959 1876 2017 1923 ut
2059 1868 2312 1939 pietatem
2346 1862 2388 1919 Β

2346 1862 2388 1919 Β
2418 1880 2568 1951 αύτῷ
2596 1880 2695 1952 τὴν
2730 1879 3009 1951 βασιλείαν
3042 1878 3438 1950 προσεκύνησε.
3482 1874 3721 1947 Παρῄνει
3748 1875 3805 1927 δὲ
3844 1873 3996 1943 αύτῷ

737 1974 865 2027 erga
923 1958 1088 2013 Deum
1152 1959 1419 2030 integram
1480 1961 1861 2031 sinceramque
1926 1970 2310 2028 conservaret,

737 2051 1015 2105 allirmans
1044 2051 1237 2121 optimi
1267 2052 1418 2123 regni
1451 2053 1555 2108 hoc
1588 2067 1709 2109 esse
1730 2063 2132 2124 argumentum.
2170 2050 2315 2107 Prte-

737 2156 881 2197 terea
913 2144 1079 2213 jussit
1108 2156 1166 2199 ut
1206 2149 1464 2215 templum
1493 2148 1542 2201 ei
1572 2146 1965 2213 exaediﬁcaret,
2001 2146 2311 2202 universam

736 2234 880 2290 illius
924 2238 1377 2306 dispositionem,
1426 2253 1750 2304 mensuras,
1792 2248 1847 2293 et
1904 2239 2107 2311 ﬁguras
2145 2240 2314 2295 totius

733 2327 879 2383 illius
907 2330 1331 2385 construetionis
1352 2330 1401 2386 ci
1425 2332 1666 2396 tradens,
1700 2332 2019 2403 relinquens
2046 2342 2305 2403 praeterea

734 2421 1037 2491 magniﬁca:
1052 2438 1113 2475 ae
1137 2425 1632 2495 sumptuosissima:
1655 2426 2030 2482 aediﬁcationis
2044 2441 2314 2497 congruas

731 2530 1019 2583 expensas.
1050 2515 1216 2571 Erant
1245 2518 1389 2572 enim
1416 2518 1534 2571 auri
1561 2518 1766 2573 talenta
1798 2520 2056 2575 undecies
2085 2529 2312 2575 centena

732 2607 923 2673 millia,
955 2609 1161 2677 argenti
1199 2623 1328 2663 vero
1356 2624 1420 2663 ac
1449 2608 1577 2664 ferri
1614 2612 1824 2679 pondus
1858 2620 2090 2676 tantum,
2124 2621 2184 2666 ut
2211 2612 2314 2667 sub

730 2715 1019 2753 munerum
1061 2702 1245 2755 venire
1278 2718 1386 2757 non
1438 2715 1642 2773 posset.
1687 2703 1795 2760 Eos
1828 2706 1922 2774 qui
1953 2705 2055 2760 sibi
2098 2705 2315 2760 fuerant

731 2791 1019 2847 conviciati
1054 2808 1149 2861 per
1187 2804 1431 2863 tempora
1467 2794 1815 2861 calamitatis,
1854 2796 2081 2850 minime
2108 2797 2313 2852 iudica-

732 2898 816 2940 tus
839 2900 944 2940 non
974 2887 1284 2955 pra‘terivit.
1314 2885 1635 2942 Recensitos
1660 2890 1803 2943 enim
1830 2902 1883 2943 et
1911 2890 2010 2943 hos
2034 2887 2313 2944 Salomoni

732 2978 973 3041 tr.uli:!it,
1025 2994 1136 3048 quo
1172 2980 1224 3033 in
1274 2995 1368 3035 eos
1413 2982 1603 3037 oculos
1645 2981 1965 3037 intenderet.
2014 2980 2312 3051 Postquam

730 3080 912 3124 autem
960 3071 1321 3142 quadraginta
1377 3075 1623 3143 regnavit
1663 3090 1867 3140 annos,
1918 3075 2157 3144 glorioso
2208 3075 2314 3131 line

728 3161 970 3230 quievit,
1005 3164 1204 3218 tradito
1237 3163 1514 3220 Salomoni
1551 3182 1731 3235 regno.

729 3290 882 3347 CAP.
926 3290 1163 3349 LXXIV.
1212 3325 1278 3334 —
1330 3294 1588 3361 Quaenam
1626 3305 1748 3350 sunt
1794 3307 1937 3366 gesta
1987 3297 2307 3353 Solomonis.

801 3507 1098 3561 Duodecim
1147 3522 1320 3562 annos
1381 3515 1544 3561 natus
1598 3522 1824 3577 regnum
1878 3505 2207 3575 capessivit,
2259 3516 2312 3560 et

729 3601 950 3655 fratrem
979 3616 1175 3665 suum,
1209 3601 1301 3670 qui
1331 3601 1381 3656 ci
1411 3614 1662 3669 regnum,
1692 3600 1817 3654 vivo
1850 3600 2028 3654 adhuc
2064 3609 2309 3669 parente,

733 3695 983 3763 abripere
1024 3702 1354 3758 tentarent,
1387 3693 1757 3762 postulaverat
1805 3691 2028 3761 insuper
2070 3702 2128 3746 ut
2173 3708 2310 3745 uxo-

732 3802 846 3840 rein
888 3784 1155 3853 acciperet
1193 3784 1471 3849 Abissam,
1512 3799 1634 3853 quae
1666 3797 1791 3837 cum
1836 3780 2039 3836 Davidc
2082 3782 2313 3837 societa-

732 3889 840 3932 tem
889 3876 992 3930 tori
1035 3876 1334 3941 habuerat,
1380 3875 1473 3928 sed
1515 3874 1667 3943 virgo
1708 3872 1886 3927 adhuc
1924 3873 2312 3942 permanebat,

732 3965 1025 4020 interfecit.
1068 3966 1421 4019 Abiatbarem
1476 3963 1569 4033 qui
1613 3960 1856 4032 pontifex
1902 3973 2054 4028 erat,
2100 3964 2317 4033 pontiﬁ-

732 4071 856 4114 catu
912 4059 1146 4123 excutit,
1195 4068 1479 4127 propterea
1532 4056 1679 4127 quod
1726 4056 2136 4125 conspiraverat
2187 4072 2313 4110 eum

733 4153 967 4213 Adouia,
1019 4151 1239 4221 quando
1282 4152 1346 4205 ad
1401 4167 1459 4205 se
1494 4165 1720 4220 regnum
1764 4149 1977 4203 trahere
2017 4149 2311 4203 nitebatur.

732 4245 963 4301 Joabum
991 4255 1276 4316 paternum
1305 4245 1522 4307 ducem,
1548 4243 1642 4314 qui
1667 4242 1735 4296 ad
1764 4242 1940 4296 altare
1970 4241 2313 4313 confugerat,

733 4351 1017 4409 propterea
1058 4338 1201 4407 quod
1242 4338 1420 4392 fuerat
1461 4336 1531 4390 ab
1579 4335 1825 4399 Adouia,
1879 4333 2057 4405 ipsum
2097 4350 2316 4404 quoque

736 4436 1028 4501 interfecit,
1068 4436 1123 4489 in
1158 4435 1478 4489 memoriam
1513 4433 1565 4487 ei
1601 4447 1888 4497 revocans,
1922 4431 2161 4486 debitam
2208 4430 2312 4484 sibi

2414 1971 2513 2042 τὴν
2553 1972 2689 2043 πρὸς
2729 1972 2862 2026 Θεὸν
2922 1971 3201 2026 εύσέῦειαν
3249 1970 3515 2042 είλικρινῆ
3554 1969 3857 2039 διατηρεῖν,
3895 1968 3996 2039 τῆς

2414 2066 2645 2137 ἀρίστης
2689 2067 2863 2138 ἀρχῆς
2910 2065 3118 2137 ταύτην
3155 2065 3412 2118 ὑπόθεσιν
3457 2058 3597 2117 εῖναι
3647 2062 3845 2130 λέγων.
3886 2061 3995 2113 Καὶ

2413 2157 2506 2211 τὸν
2535 2158 2662 2211 ναὸν
2706 2158 2762 2210 δὲ
2820 2157 3107 2212 ἐκέλευσεν
3155 2157 3304 2227 αὐτῷ
3334 2156 3670 2226 οἰκοδομεῖν,
3714 2154 3813 2224 τὴν
3863 2154 3997 2220 ὃλην

2416 2251 2581 2305 αὐτοῦ
2627 2252 2904 2315 διάθεσιν,
2953 2251 3129 2323 μέτρα
3175 2267 3236 2303 τε
3279 2252 3372 2303 καὶ
3420 2251 3678 2319 σχήματα
3728 2247 3828 2315 τῆς
3864 2245 3995 2315 ὅλης

2416 2343 2581 2398 αὐτοῦ
2624 2343 2904 2414 δομήσεως
2944 2342 3260 2415 παραδοὺς,
3312 2339 3648 2408 καταλείψας
3695 2336 3845 2407 αύτῷ
3894 2338 3995 2404 τῆς

2418 2434 2876 2507 μεγαλοπρεποῦς
2915 2436 3010 2489 καὶ
3052 2434 3379 2498 πολυτελοῦς
3418 2431 3766 2502 κατασκευῆς
3795 2429 3998 2495 ἐπάξια

2414 2530 2808 2601 δαπανήματαο
2837 2527 3039 2599 χρυσοῦ
3070 2545 3128 2582 τε
3156 2528 3247 2581 καὶ
3278 2528 3387 2598 γὰρ
3416 2523 3483 2597 ἦν
3517 2526 3751 2582 τάλαντα
3770 2523 3999 2585 δεκάκις

2418 2625 2588 2693 μύρια
2619 2623 2713 2676 καὶ
2734 2621 3109 2686 ἐκατοντάκις,
3134 2619 3377 2692 ἀργύρου
3406 2620 3462 2673 δὲ
3486 2622 3581 2674 καὶ
3610 2618 3837 2689 σιδήρου
3868 2633 4000 2669 στα-

2416 2717 2553 2787 θμὸς
2586 2718 2708 2781 ὅσος
2744 2713 2814 2788 ἦν
2847 2715 2960 2787 (ει)
2988 2714 3225 2786 ἀριθμὸν
3253 2714 3427 2768 ἐλθεῖν
3458 2713 3558 2767 οὐκ
3595 2711 3851 2782 ἠδύνατο.
3884 2708 4001 2761 Καὶ

2413 2809 2541 2871 τοὺς
2573 2807 2969 2880 ὲνυὸρίσαντας
3015 2806 3164 2877 αύτῷ
3210 2805 3349 2861 κατὰ
3392 2806 3484 2859 τὸν
3510 2803 3612 2874 τῆς
3654 2799 4000 2873 δυσπραγίας

2415 2904 2627 2974 καιρξν,
2657 2902 2759 2955 οὐκ
2788 2901 2972 2955 εῖασεν
2999 2898 3272 2968 ἀγνῶτας.
3309 2896 3580 2961 Κατιλεξε
3614 2895 3723 2963 γὰρ
3748 2896 3843 2947 καὶ
3871 2892 3998 2946 τού-

2413 3012 2539 3057 τους
2575 2992 2656 3065 τῷ
2688 2992 2939 3064 Σολομῶν
2959 3033 2973 3056 ,
3002 2992 3150 3054 ὅπως
3193 2989 3390 3052 αὐτοὺς
3422 2987 3818 3055 ὑποΰλέπηται.
3859 2984 4002 3037 Τεσ-

2419 3085 2730 3158 σαράκοντα
2784 3083 2842 3137 δὲ
2892 3080 3221 3154 βασιλεύσας
3267 3078 3584 3144 ἐνιαυτοὺς,
3620 3075 3858 3140 εὐκλεῶς
3904 3091 4001 3128 τε·

2415 3180 2576 3250 λευτᾷ
2594 3220 2609 3244 ,
2637 3176 2717 3247 τῷ
2748 3176 3009 3247 Σαλομῶν
3041 3175 3315 3248 παραδοὺς
3341 3174 3441 3247 τὴν
3467 3171 3762 3243 βασιλείαν.

2415 3317 2669 3371 ΚΕΦΑΔ.
2705 3317 2821 3369 ΟΔ⁹.
2860 3344 2930 3355 -
2977 3314 3115 3370 Τίνα
3141 3311 3268 3367 ἐστὶ
3307 3312 3380 3366 τὰ
3424 3310 3503 3377 τῷ
3551 3310 3858 3380 Σολομῶν-ι
3897 3310 3999 3364 δε-

3040 3382 3367 3453 δρασμένα.

2487 3522 2873 3594 Δωδεκακετὴς
2906 3519 3018 3593 (85)
3047 3522 3146 3588 τῆς
3179 3518 3457 3590 βασιλείας
3495 3516 3875 3587 ἐφαψάμενος.
3906 3516 4002 3568 τὸν

2416 3619 2644 3688 ἀδελφὸν
2674 3614 2870 3679 αὐτοῦ,
2917 3614 2974 3676 ὃς
3013 3611 3162 3684 αὐτῷ
3194 3612 3292 3683 τὴν
3349 3609 3629 3683 βασιλείαν
3665 3608 3745 3662 ἔτι
3796 3606 4002 3673 ζῶντος

2417 3711 2510 3767 τοῦ
2558 3710 2767 3782 πατρὸς
2807 3706 3078 3781 ἁρπάζειν
3126 3706 3425 3776 ἐπειράθη,
3472 3704 3776 3775 αἰτήσαντα
3816 3701 3872 3754 δὲ
3903 3701 4003 3753 καὶ

2417 3808 2653 3875 γυναῖκα
2696 3804 2881 3857 λαϐεῖν
2913 3801 3012 3873 τὴν
3060 3798 3516 3853 συνευνασθεῖσαν
3540 3797 3619 3867 τῷ
3660 3795 4003 3863 Δαδὶδπαρ-

2418 3899 2571 3952 θένον
2593 3896 2951 3966 διαμείνασαν
2977 3894 3077 3964 τὴν
3114 3891 3395 3954 Ἀϐισσὰν,
3429 3890 3628 3944 ἀνεῖλε.
3674 3888 3778 3942 Τὸν
3818 3887 4002 3940 Ἀειὰε

2418 3989 2519 4061 θαρ
2560 3988 2617 4050 ὃς
2652 3982 2721 4058 ἦν
2763 3984 3084 4056 ἀρχιερεὺς,
3117 3982 3217 4052 τῆς
3248 3981 3549 4053 ἱερωσύνης
3594 3980 3866 4050 ἐξήγαγε,
3907 3978 4002 4030 τδν

2420 4078 2742 4133 συνελθόντα
2774 4076 2850 4147 τῷ
2896 4073 3125 4145 ’Λδωνίᾳ
3158 4075 3238 4136 εἰς
3281 4072 3380 4142 τὴν
3418 4073 3516 4139 τῆς
3549 4069 3827 4141 βασιλείας
3874 4072 3997 4121 ἐπι-

2418 4173 2685 4242 χείρησιν.
2720 4169 2834 4223 Τὸν
2879 4167 3038 4221 Ἰωὰὸ
3069 4166 3125 4229 ὃς
3167 4161 3237 4235 ἦν
3270 4165 3364 4219 τοῦ
3405 4164 3612 4234 πατρὸς
3657 4161 3961 4231 στρατηγὸς
3983 4202 3998 4224 ,

2418 4268 2499 4328 εἰς
2526 4262 2585 4316 τὸ
2624 4262 3011 4332 θυσιαστήριον
3059 4260 3444 4327 καταφυγόντα
3484 4256 3572 4308 διὰ
3607 4254 3667 4308 τὸ
3702 4253 3997 4324 συμπράτ-

2417 4373 2532 4409 τειν
2574 4353 2653 4424 τῷ
2715 4351 2979 4423 ’Δδωνίᾳ,
3028 4350 3122 4403 καὶ
3176 4349 3337 4403 αὐτὸν
3379 4346 3626 4411 ἀνεῖλεν,
3675 4344 4001 4414 ὑπομνήσας

2420 4446 2591 4517 αύτῷ,
2625 4448 2700 4510 ὡς
2740 4443 3013 4514 ὲπώφειλε
3049 4444 3141 4496 τὴν
3170 4441 3414 4495 τοιοῦτον
3446 4440 3696 4502 θάνατον,
3739 4436 4002 4491 ἀποκτεί-

734 4535 856 4585 esse
897 4529 1209 4599 hujusmodi
1251 4536 1478 4582 mortem
1500 4568 1515 4591 ,
1557 4526 1757 4596 quippe
1788 4525 1882 4596 qui
1914 4533 2105 4579 contra
2148 4523 2318 4593 patris
2343 4567 2396 4626 Β

2343 4567 2396 4626 D
2419 4557 2516 4602 νας
2559 4539 2710 4607 παρᾶ
2745 4537 2843 4608 τὴν
2876 4534 2969 4588 τοῦ
3001 4534 3204 4603 πατρὸς
3249 4532 3476 4603 γνώμην
3520 4531 3613 4585 δύο
3659 4528 4000 4600 στρατηγοὺς

734 4626 1069 4680 voluntatem
1100 4623 1241 4677 duos
1270 4622 1437 4676 duces
1470 4623 1518 4676 ei
1548 4618 1989 4690 pernecessarios
2026 4618 2315 4671 intereme-

736 4727 852 4785 rat,
906 4718 1253 4771 Abennernm
1315 4730 1511 4783 nempe
1566 4713 1735 4767 lilium
1783 4709 1924 4776 Ner,
1962 4721 2016 4765 et
2054 4710 2316 4764 Abessam

738 4809 906 4863 lilium
948 4806 1161 4862 Jolhor.
1195 4807 1375 4862 Semei
1409 4821 1627 4861 servum
1674 4802 2013 4859 Abessalomi
2038 4842 2052 4867 ,
2096 4802 2190 4872 qui
2225 4817 2319 4856 ca-

737 4904 1074 4958 lamitatibus
1104 4886 1409 4956 obnoxium.
1452 4908 1732 4970 parentem
1783 4898 1905 4968 ejus
1935 4898 2158 4961 videns,
2205 4911 2321 4951 ma-

738 4999 951 5054 ledictis
997 5006 1052 5051 et
1080 4996 1354 5067 lapidibus
1388 4994 1722 5064 impeticrat,
1774 4992 1919 5046 intra
1966 4990 2320 5062 Jerosolymae

738 5090 979 5145 civitatis
1013 5089 1212 5144 mtenia
1252 5087 1532 5151 coercuit;
1585 5097 1639 5139 at
1677 5084 1952 5149 delatum,
1994 5084 2139 5155 quod
2180 5084 2317 5138 civi-

743 5192 851 5238 tate
870 5182 1168 5252 aliquando
1187 5194 1444 5251 egressus
1458 5177 1669 5242 fuisset,
1689 5177 1856 5233 veluti
1880 5186 2312 5247 contemptorem

744 5275 904 5345 regiae
941 5273 1239 5327 voluntatis
1270 5270 1558 5327 interfecit.
1593 5268 1735 5324 Mille
1766 5270 1930 5324 boum
1962 5268 2318 5333 sacriﬁcium,

744 5366 892 5439 quod
932 5366 1169 5437 primum
1205 5364 1273 5419 ab
1298 5364 1434 5419 inito
1467 5377 1634 5433 regno
1669 5362 1719 5416 ei
1752 5363 1965 5417 litatum
1991 5371 2094 5429 est,
2123 5360 2233 5415 Deo
2265 5361 2318 5415 in

743 5457 965 5515 Gabaon
998 5456 1293 5513 celebravit
1332 5474 1346 5510 :
1391 5456 1462 5511 ibi
1496 5455 1641 5511 enim
1665 5455 1860 5510 ofl'erre
1894 5455 2149 5525 elegerat,
2192 5470 2317 5511 cum

742 5553 1044 5609 Jerusalem
1096 5551 1330 5608 necdum
1388 5558 1534 5605 esset
1565 5549 1853 5605 azdiﬁcata.
1894 5547 2120 5620 Propter
2171 5550 2320 5619 pium

818 5713 930 5783 (85)
969 5710 1085 5765 Non
1118 5726 1247 5781 ergo
1274 5709 1550 5783 Iosephus
1582 5726 1665 5765 cu
1698 5713 2046 5779 agnoscebat.

752 5857 771 5867 η
820 5777 946 5865 (sti.
984 5783 1144 5838 Forte
1184 5777 1454 5838 redundat
1488 5777 1587 5851 ἦν,
1629 5787 1711 5837 vel
1736 5777 1893 5853 leg",
1928 5783 2182 5849 τωθῦτος
2217 5781 2281 5856 ἦν
2306 5824 2320 5849 θ

747 5872 868 5919 eoo;
901 5872 999 5917 εις.

2425 4632 2752 4702 εὐαρέστους
2782 4626 2964 4698 αύτῷ,
2996 4627 3088 4680 τὸν
3130 4624 3390 4696 Ἀϐεννὴρ
3421 4625 3533 4677 υἱὸν
3573 4623 3725 4695 Νὴρ,
3777 4623 3871 4676 καὶ
3912 4621 4006 4674 τὶν

2437 4722 2671 4778 Ἀδεοσὰ
2733 4720 2848 4773 υίδν
2904 4718 3109 4789 Ἰοθὺρ,
3156 4718 3579 4788 γεγενημένους.
3630 4717 3733 4771 Τὸν
3784 4715 4001 4787 Σεμεῆξ,

2423 4818 2515 4872 τδν
2546 4815 2643 4871 τοῦ
2700 4811 3058 4882 Ἀὅεσσαλὼμ
3100 4811 3319 4874 δοῦλον,
3363 4810 3422 4875 ὃς
3465 4809 3886 4881 δυσπραγοῦντα
3913 4810 4007 4863 τὸν

2426 4909 2641 4981 πατέρα
2670 4906 3006 4976 θεασάμενος
3036 4905 3317 4976 κατηρᾶτο
3358 4905 3453 4957 καὶ
3482 4902 3758 4968 ἐλίθαζεν,
3792 4904 3873 4961 είς
3905 4902 4007 4973 τὴν

2436 5000 2795 5071 Ἰερουσαλὴμ
2830 4997 3166 5070 περιώρισε,
3215 4997 3310 5049 καὶ
3348 4996 3654 5067 μηνυθέντα
3700 4995 3801 5066 την
3850 4995 4010 5049 πόλιν

2426 5094 2530 5146 ποῦ
2565 5091 2677 5161 (86)
2710 5089 3162 5161 προεληλυθέναι,
3191 5088 3267 5151 ώς
3302 5088 3617 5158 ύπέρφρονα
3646 5086 3756 5157 (87)
3786 5086 3881 5141 τοῦ
3908 5086 4009 5157 βα·-

2428 5186 2620 5248 σιλέως
2640 5183 2866 5253 γνώμης
2896 5182 3205 5236 ἀπέκτεινε.
3236 5181 3541 5252 Χιλιόμϐην
3570 5182 3794 5254 πρώτην
3824 5182 4013 5235 ποιού-

2430 5295 2589 5349 μενος
2620 5277 2728 5331 ἀπὸ
2751 5275 2850 5345 τῆς
2885 5275 3079 5329 ἑαυτοῦ
3130 5275 3407 5343 βασιλείας
3444 5274 3666 5341 θυσίαν,
3699 5274 3890 5327 ἔθυσεν
3928 5275 4010 5337 εἰς

2423 5370 2524 5440 τὴν
2553 5368 2778 5423 1ἀ6αῶν
2806 5367 2885 5437 τῷ
2923 5366 3042 5437 Θεῷ
3063 5384 3076 5397 ο
3112 5360 3212 5420 ὦδε
3244 5365 3354 5437 γὰρ
3381 5365 3553 5419 εἵλετο
3596 5366 3968 5436 προσαγαγεῖν
3990 5403 4007 5426 ,

2428 5460 2529 5528 τῆς
2565 5459 2921 5531 Ἰερουσαλὴμ
2942 5457 3097 5512 οὔπω
3125 5456 3493 5528 δομισθείσης.
3544 5455 3669 5509 Ἐπὶ
3698 5457 3763 5526 τῇ
3796 5454 4014 5509 εὐσεϐεῖ

2431 5552 2593 5623 θυσία
2625 5550 2938 5615 κελευσθεὶς
2964 5551 3030 5605 δι’
3054 5550 3348 5620 ὀνειράτων
3377 5549 3504 5614 θέας
3527 5546 3750 5620 αίτῆσαί
3770 5565 3823 5603 τι
3856 5548 4012 5620 παρὰ

2505 5714 2615 5777 (851
2648 5714 3015 5779 Δωδεκαετής.

2505 5785 2615 5853 (86)
2659 5784 2819 5836 Forte
2856 5801 2981 5847 που,
3022 5785 3104 5838 vel
3147 5802 3251 5838 πω.

2504 5857 2615 5928 (87)
2650 5855 2789 5910 ﬁdit.
2830 5856 3040 5911 Fabric.
3074 5856 3371 5925 ύπὲρσρονα.
