4248 6438
228 429 302 490 89
1404 427 1774 486 LIBELLUS
1815 429 2317 491 MEMORMHS.
3419 435 3489 496 90

225 544 323 598 τοῦ
352 541 510 606 Θεοῦ,
544 541 710 612 ⁴ᾔτησε
748 541 962 610 σοφίαν,
991 541 1060 594 δι’
1099 538 1166 612 ἧς
1200 542 1298 604 τὰς
1334 543 1575 606 ἐνδίκους
1611 539 1718 604 οἶός
1747 562 1804 595 τε
1837 553 1878 607 Α

1837 553 1878 607 Α
1910 548 2272 610 sacriﬁcium,
2308 549 2500 617 jussus
2551 563 2644 617 per
2696 548 2873 602 visum
2915 550 3251 602 somniorum
3309 559 3491 618 petere

228 635 316 706 εἴη
343 634 434 689 τοῦ
476 634 608 686 λαοῦ
651 633 860 702 κρίσεις
897 635 1172 704 ἐκφέρειν.
1230 635 1574 703 Ἀποδεχοεῖς
1618 637 1672 687 δὲ
1716 636 1809 687 ἐπὶ

227 730 297 795 τῇ
331 725 557 797 τοιαύτῃ
604 725 857 793 αἰτήσει,
905 724 1001 777 καὶ
1052 725 1151 794 τὴν
1189 725 1381 793 σοφίαν
1429 725 1675 795 εἰλήφει,
1717 727 1810 778 καὶ

228 822 374 890 ἆπερ
405 820 504 872 οὐκ
543 820 775 889 ᾐτήκει,
814 818 1043 871 πλοῦτον
1068 862 1081 886 ,
1137 819 1228 872 καὶ
1270 820 1530 888 δύναμιν,
1585 821 1677 874 καὶ
1713 819 1810 889 τὴν

227 913 514 980 εἰρηναίαν
552 912 847 983 διαγωγήν.

302 1095 573 1148 Δύσλυτον
603 1096 759 1148 ἔλυσε
789 1096 882 1150 δύο
917 1097 1192 1164 γυναικῶν
1224 1097 1636 1168 προσελθουσῶν
1665 1099 1812 1168 αὖτῷ

229 1188 434 1257 κρίσιν,
468 1190 597 1257 περὶ
632 1189 832 1253 ζῶντος
861 1191 954 1242 καὶ
979 1190 1274 1252 τεθνεῶτος
1306 1190 1643 1260 κρινομένων
1683 1208 1808 1241 παι.

229 1282 378 1334 δίων.
424 1282 709 1348 Ἐπιγνοῦς
740 1283 948 1352 είλήφει
978 1283 1159 1354 σοφίᾳ,
1186 1285 1278 1334 καὶ
1308 1283 1368 1334 τὸ
1401 1281 1509 1345 ζῶν
1543 1284 1698 1344 ποίας
1727 1283 1808 1352 εἴη

229 1373 525 1438 γυναικδς,
567 1377 769 1444 στοργῇ
803 1377 869 1444 τῇ
908 1375 1001 1427 τοῦ
1048 1375 1286 1437 παιδίου,
1323 1379 1418 1427 καὶ
1460 1375 1520 1426 τὸ
1552 1375 1813 1444 τεθνηκὸς

230 1465 308 1524 ὡς
341 1468 442 1533 τῆς
475 1465 688 1535 ἑτέρας,
726 1466 814 1518 διὰ
849 1467 946 1535 τῆς
984 1469 1113 1536 περὶ
1145 1467 1278 1519 αὐτὸ
1306 1467 1365 1519 τὸ
1400 1467 1507 1530 ζῶν
1543 1467 1808 1530 ἀφειδίας.

245 1557 439 1608 ’Δπόλε
449 1575 548 1626 μον
571 1560 664 1610 καὶ
697 1561 971 1628 εἰρηναῖον
998 1559 1106 1611 ἀπὸ
1133 1558 1242 1611 τῶν
1268 1560 1560 1628 περιοίκεον
1593 1561 1682 1611 καὶ
1704 1559 1812 1612 τῶν

230 1650 409 1702 ἄλλων
444 1649 649 1714 ἐθνῶν,
693 1650 782 1703 τὸν
819 1651 918 1718 τῆς
966 1651 1241 1720 βασιλείας
1287 1652 1551 1704 διετέλεσε
1584 1653 1810 1720 χρόνον,

229 1742 338 1794 ὑπ’)
368 1741 463 1804 τὰς
491 1743 684 1795 ἑαυτὸν
716 1743 936 1806 ἐκαίνας
965 1742 1076 1812 (88)
1106 1743 1198 1796 τοῦ
1224 1743 1354 1796 λαοῦ
1385 1744 1682 1809 διάγοντος.
1726 1746 1815 1798 Ἐν

230 1835 514 1903 εὖφορίαις
565 1836 885 1905 ἀνειμένος,
924 1836 1016 1887 τὶν
1069 1836 1196 1888 ναὸν
1253 1835 1602 1906 ᾠκοδόμησεν
1646 1839 1704 1891 ἐν
1748 1841 1812 1908 τῇ

245 1925 626 1997 Ἰερουσαλὴμ,
660 1927 800 1980 κατά
827 1927 925 1990 τὰς
954 1926 1044 1980 τοῦ
1077 1929 1284 1999 πατρὸς
1317 1930 1620 1998 ὑποθήκας,
1662 1932 1718 1983 ὲν
1754 1930 1811 1998 ἒξ
1850 1915 1890 1968 Β

1789 1975 1811 1998 ἱ

233 2020 332 2071 καὶ
357 2019 562 2071 εἴκοσιν
595 2018 704 2090 (89)
745 2022 1012 2076 ἐνιαυτοῖς
1047 2020 1206 2072 αὐτὸν
1237 2021 1549 2084 ἐκτελέσας,
1584 2021 1677 2074 καὶ
1710 2021 1809 2091 τὴν

234 2109 390 2179 ίεράν
429 2109 696 2174 κιϐωτὸν,
731 2111 796 2181 ἥν
839 2111 1081 2180 Μωῡσῆς
1114 2111 1551 2174 κατεσκεύασεν,
1591 2113 1812 2177 ἀναθεὶς

232 2201 384 2254 εἴσω.
417 2201 564 2255 Βοῶν
587 2203 643 2256 δὲ
668 2204 840 2256 εἴκοσι
864 2205 1070 2257 καὶδύο
1103 2205 1347 2275 χιλιάδας
1372 2205 1460 2258 διὰ
1489 2205 1598 2258 τῶν
1622 2207 1812 2275 ἱερέων

232 2295 580 2359 καταθύσας,
614 2297 709 2349 καὶ
743 2298 835 2350 τὸν
867 2297 996 2351 λαὸν
1025 2298 1131 2351 τῶν
1170 2298 1375 2351 δώδεκα
1404 2299 1585 2367 φυλῶν
1617 2301 1695 2362 είς
1722 2300 1813 2353 τὸν

229 2390 595 2460 ὲγκαινισμδν
624 2390 985 2457 συγκαλέσας,
1012 2391 1098 2459 ἐφ’
1125 2391 1334 2463 ήμέρας
1360 2391 1415 2444 δὲ
1448 2392 1590 2445 ἑπτὰ
1620 2393 1809 2456 θύσας,

229 2483 504 2535 ἀπέλυσεν
581 2483 946 2552 ἀγαλλόμενος
1030 2485 1129 2553 τὴν
1211 2484 1488 2538 Αἰθιόπων
1543 2485 1811 2555 βασιλίδα,

258 2575 407 2628 Σαϐὰ
435 2576 492 2629 δὲ
525 2572 591 2647 ἦν
627 2578 762 2647 αὐτῇ
811 2577 1034 2648 δνομα)·
1065 2578 1162 2641 τῆς
1213 2576 1376 2630 αὐτοῦ
1411 2579 1600 2646 σοφίας
1629 2579 1813 2632 εἵνεκα

230 2667 371 2736 πρὸς
413 2667 574 2720 αὐτὸ)
600 2667 930 2738 ἀφιγμένης,
968 2667 1259 2736 ἐξέπληξεν
1287 2669 1381 2720 ἐπὶ
1429 2672 1496 2738 τῇ
1532 2670 1812 2740 φρονήσει,

232 2760 492 2829 καὶπερὶ
536 2760 754 2811 πάντων
781 2755 968 2829 ὧνπερ
1017 2760 1210 2828 μαθεῖν
1257 2760 1530 2832 ἠϐουλήθη
1557 2802 1571 2824 ,
1617 2763 1817 2829 γνῶσιν

233 2853 374 2922 αὐτῇ
429 2853 747 2923 παρέδωκεν
781 2853 1207 2923 ἀτρεκεστάτην.
1259 2856 1444 2916 Πάσας
1487 2854 1584 2917 τὰς
1618 2853 1816 2921 ἔξωθεν

226 2946 521 3012 κειμένας,
565 2947 841 3010 ὑποτελεῖς
872 2949 936 3018 τῇ
968 2946 1160 3000 ἑαυτοῦ
1196 2949 1357 3019 σοφίᾳ
1389 2949 1688 3020 ἐποιήσατο
1721 2947 1816 3017 βα-

236 3039 480 3102 σιλείας,
537 3040 630 3092 καὶ
689 3041 944 3110 ἐκόμιζον
991 3041 1240 3110 ἐτησίους
1301 3041 1564 3112 εἰσφορὰς
1619 3041 1820 3104 πάντες

237 3132 454 3194 ἑκοντὶ,
493 3132 694 3202 χρυσοῦ
721 3150 777 3184 τε
810 3134 900 3185 καὶ
930 3126 1005 3186 ὧν
1035 3131 1179 3201 εἶχον
1217 3133 1510 3202 ἐξαιρέτιυν
1538 3136 1595 3186 ὲν
1627 3135 1820 3202 δώροις

1918 642 2120 709 aliquid
2157 659 2184 694 a
2249 643 2377 705 Deo,
2424 641 2718 709 postulavit
2768 641 3126 709 sapientiam,
3160 657 3264 710 qua
3308 652 3492 712 posset

1914 733 2090 800 justas
2131 735 2309 802 populi
2368 735 2722 803 pronuntiare
2780 733 3112 798 sententias;
3166 749 3228 787 ac
3275 745 3493 802 pr0ptcr

1920 825 2232 893 hujusmodi
2280 827 2697 893 postulationem
2729 840 2855 879 cum
2904 825 3234 894 placuisset,
3274 826 3492 892 sapien-

1921 921 2047 972 tiam
2077 933 2294 987 quoque
2323 919 2578 981 obtinuit,
2610 929 2659 972 et
2689 935 2810 988 qua:
2837 917 3060 986 insuper
3097 932 3202 971 non
3245 918 3490 986 petierat,

1919 1011 2158 1070 divitias,
2190 1012 2507 1078 potentiam,
2536 1020 2587 1064 et
2614 1012 2890 1080 pacilieam
2923 1011 3113 1063 vitam.

1990 1102 2268 1155 Difﬁcilem
2326 1102 2484 1155 solvit
2527 1102 2753 1154 duarum
2804 1102 3091 1156 mulierum
3137 1099 3202 1153 ad
3234 1114 3292 1153 se
3341 1113 3493 1152 acce-

1921 1195 2162 1249 dentimn
2212 1196 2378 1258 litem,
2412 1211 2533 1262 quae
2570 1195 2906 1247 dissidebant
2937 1195 3002 1248 de
3030 1195 3154 1246 vivo
3185 1203 3237 1246 et
3277 1201 3496 1245 mortuo

1921 1287 2137 1354 pu:_-llo:
2180 1286 2440 1355 sapientia
2482 1300 2717 1353 namque
2743 1284 3156 1353 apprehendens
3197 1283 3495 1348 intellexit,

1920 1391 1972 1432 et
2006 1380 2158 1432 vivus
2213 1378 2499 1445 cuiusnam
2557 1378 2800 1430 mulieris
2841 1385 3014 1441 esset,
3060 1377 3253 1430 aﬂ'ectu
3301 1391 3498 1444 nempe

1919 1486 2046 1538 erga
2071 1472 2305 1538 puellum
2335 1489 2348 1534 ;
2391 1481 2441 1523 et
2472 1470 2617 1538 quod
2644 1480 2893 1522 mortuus
2918 1468 3143 1522 alterius
3171 1479 3333 1532 esset,
3379 1483 3500 1535 pro-

1923 1571 2108 1628 pterea
2134 1560 2276 1627 quml
2307 1574 2372 1613 ne
2397 1562 2519 1612 vivo
2542 1561 2760 1628 quidem
2787 1557 3113 1626 parcendum
3143 1557 3229 1609 illa
3263 1557 3494 1610 volebat.

1923 1654 2298 1720 Tranquillum
2355 1667 2418 1704 ac
2485 1651 2767 1719 paciﬁcum
2837 1650 2906 1703 ab
2981 1649 3498 1716 circumiacentibus

1923 1745 2152 1814 aliisque
2192 1745 2406 1813 populis
2453 1742 2602 1810 regni
2661 1743 2743 1796 sui
2801 1752 3014 1810 tempus
3063 1739 3347 1805 transegit,
3396 1737 3500 1792 sub

1924 1840 2030 1892 vite
2077 1849 2128 1891 et
2179 1837 2280 1890 ﬁcu
2345 1851 2443 1890 sua
2494 1847 2684 1904 agente
2739 1835 2960 1904 populo.
3010 1833 3265 1887 Omnium
3316 1845 3498 1883 rerum

1919 1931 2072 2001 copia
2106 1939 2418 1988 recreatus,
2460 1926 2717 1995 templum
2752 1923 3140 1995 Hierosolymis
3174 1920 3497 1984 editicavit,

1913 2026 2066 2093 juxta
2120 2032 2344 2092 paterna
2382 2021 2635 2074 mandata
2660 2061 2674 2085 ,
2717 2019 2856 2071 intra
2892 2034 2984 2072 sex
3019 2029 3072 2070 et
3103 2016 3292 2086 viginti
3326 2027 3500 2067 annos

1920 2119 2049 2172 illttd
2092 2117 2405 2178 absolvens,
2448 2127 2772 2182 sacramque
2817 2125 3022 2175 arcam,
3078 2122 3242 2178 quam
3287 2105 3498 2175 Moyses

1917 2218 2320 2269 construxerat,
2356 2208 2499 2260 intro
2532 2219 2821 2274 reponens.
2867 2202 3042 2256 Boum
3080 2200 3192 2254 duo
3225 2209 3276 2252 et
3307 2198 3496 2268 viginti

1919 2302 2089 2355 millia
2124 2316 2216 2369 per
2258 2300 2570 2353 sacerdotes
2617 2295 2913 2360 mactavit,
2957 2291 3333 2363 populumque
3363 2288 3500 2342 duo-

1916 2393 2092 2447 decim
2147 2391 2387 2445 tribuum
2429 2390 2492 2443 ad
2530 2388 2925 2443 dedicationem
2968 2399 3317 2447 convocans,
3350 2388 3501 2450 post-

1916 2501 2079 2556 quam
2110 2500 2205 2554 per
2228 2484 2343 2536 dies
2373 2491 2577 2550 septem
2608 2477 2876 2534 sacriﬁcia
2901 2475 3211 2540 obtulisset,
3237 2474 3498 2527 laetabun—

1917 2581 2019 2634 dus
2056 2577 2282 2630 dimisit.
2314 2573 2630 2642 .Ethiopum
2659 2572 2901 2640 reginam
2949 2568 3115 2640 (Saba
3136 2574 3252 2621 erat
3284 2565 3500 2620 mulieri

1920 2671 2141 2739 nomen)
2195 2684 2316 2738 quae
2373 2675 2590 2736 propter
2645 2665 2789 2719 illius
2846 2661 3168 2732 sapientiam
3226 2659 3292 2713 ad
3345 2659 3496 2712 illum

1919 2774 2171 2824 venerat.
2218 2763 2474 2834 perculsit
2513 2775 2611 2815 sua
2653 2757 2942 2828 prudentia
2984 2774 2997 2810 :
3043 2769 3107 2808 ac
3148 2752 3215 2806 de
3245 2749 3502 2804 omnibus

1921 2871 2042 2925 quae
2095 2853 2380 2908 addiscere
2421 2851 2611 2915 volttil,
2653 2847 2900 2902 notitiam
2935 2845 2986 2900 ei
3023 2842 3244 2898 tradidit
3278 2838 3504 2895 verissi-

1924 2965 2085 3003 mam.
2135 2945 2368 3000 Externa
2402 2944 2584 2998 omnia
2626 2958 2792 3012 regua
2841 2954 2939 2995 sua
2975 2936 3240 3007 sapientia
3281 2932 3502 2988 tributis

1921 3040 2222 3110 pcudendis
2253 3039 2355 3092 sibi
2396 3037 2522 3090 fecit
2561 3035 2794 3089 obnoxia
2816 3075 2830 3096 ,
2863 3044 3189 3100 annuasque
3218 3025 3502 3082 contribu-

1926 3137 2100 3189 tiones
2154 3131 2394 3187 universi
2433 3139 2623 3201 sponte
2668 3127 3020 3190 deferebant,
3057 3125 3170 3180 sive
3225 3122 3345 3176 auri
3386 3119 3502 3174 sive

237 3223 552 3291 ἐπιχωρίων
586 3223 928 3291 ἐπιτηδείων.
966 3222 1129 3288 Τρεῖς
1166 3221 1381 3291 βίϐλους
1414 3222 1641 3286 ἐξέδωκε
1683 3221 1819 3290 πρὸς
1847 3257 1890 3315 C

1847 3257 1890 3315 ο
1925 3241 2110 3280 earum
2145 3239 2326 3278 rerum
2373 3222 2783 3292 indigenarum,
2817 3233 2938 3288 qua:
2976 3215 3267 3271 oﬂ‘erendis
3311 3228 3502 3267 mune-

236 3313 521 3367 παίδευσιν
546 3315 641 3367 καὶ
683 3313 832 3384 ἱερὰν
877 3314 1146 3382 ὠφέλειαν
1179 3314 1256 3383 τῷ
1289 3313 1403 3384 λαῷ
1443 3314 1812 3382 τιμιωτάταςο

234 3406 330 3458 καὶ
374 3405 474 3476 τὴν
532 3405 629 3474 μὲν
661 3406 1019 3474 Παροιμίαν,
1052 3405 1151 3475 τὴν
1185 3403 1241 3457 δὲ
1293 3406 1430 3460 Ἐκκ
1454 3404 1813 3472 ἰησιαστὴν,

235 3495 338 3567 τὴν
395 3496 452 3548 δὲ
503 3491 667 3565 ᾆσμα
727 3496 1016 3564 ᾀσμάτων
1067 3495 1397 3564 ἐπέγραψεν.
1453 3497 1572 3548 Εἰσὶ
1618 3496 1673 3549 δὲ
1723 3497 1819 3550 καὶ

234 3588 415 3659 ἕτεροι
469 3589 712 3640 πλεῖστοι
760 3589 940 3657 λόγοι,
995 3589 1087 3653 οὓς
1139 3590 1458 3661 ἀπέκρυψεν
1507 3592 1536 3642 ό
1587 3591 1818 3662 εὐσεϐὴς

238 3681 496 3748 βασιλεὺς
546 3681 816 3746 Ἐζεκίας,
852 3682 1006 3737 οὐδὲν
1051 3683 1242 3750 ὄφελος
1287 3683 1380 3735 ἐπὶ
1414 3684 1629 3746 πολλοῖς
1672 3683 1817 3753 εὑρί-

238 3773 468 3825 σκεσθαι
503 3773 703 3839 λόγοις.
733 3775 872 3838 Τοὺς
895 3775 952 3827 δὲ
977 3775 1250 3844 δαιμόνων
1281 3776 1697 3844 ἑκφευκτικοὺς,
1726 3776 1820 3828 καὶ

237 3866 431 3920 παθῶν
465 3868 740 3938 ἰατρικοὺς
762 3909 775 3931 ,
810 3868 902 3920 καὶ
937 3867 1184 3919 κλεπτῶν
1211 3869 1592 3937 φωρατικους,
1629 3868 1678 3919 oi
1715 3868 1821 3920 τῶν

251 3960 526 4013 Ἰουδαίων
570 3961 806 4030 ἀγύρται
858 3962 984 4028 παρ’
1033 3961 1243 4022 ἑαυτοῖς
1284 3958 1652 4026 φυλάσσουσιν
1697 3963 1817 4013 ἑπι-

239 4051 695 4123 μελέστατα,τῶν
724 4053 931 4105 πιστῶν
954 4052 1052 4118 τῆς
1079 4052 1239 4119 ἁγίας
1266 4049 1591 4121 Ἑκκλησίας
1611 4051 1819 4114 τούτοις

234 4149 295 4199 οὐ
330 4147 708 4216 κεχρημένων,
743 4143 832 4197 διὰ
861 4145 922 4196 τδ
947 4148 1012 4214 τῇ
1052 4144 1290 4212 Χριστοῦ
1322 4147 1502 4195 πίστει
1537 4142 1821 4195 καθοσιοῦν

236 4241 465 4301 ἑαυτοὺς
495 4236 821 4306 δεδιδάχθαι.
869 4235 1220 4306 Ἐνδεκαετὴς
1263 4238 1357 4289 καὶ
1397 4236 1502 4304 πρὸ
1532 4235 1630 4304 τῆς
1665 4235 1821 4303 βασι-

235 4334 386 4396 λείας
413 4332 528 4383 υίδν
556 4329 804 4398 φαίνεται
829 4329 1119 4397 γεννήσας.
1150 4326 1498 4398 Δωδεκαετὴς
1533 4327 1642 4395 γαρ
1668 4326 1820 4392 γενό-

240 4443 402 4496 μενος
433 4422 682 4493 ἐφήψατο
710 4422 808 4490 τῆς
839 4419 1138 4491 βασιλείας,
1167 4421 1440 4489 βασιλεύει
1465 4420 1520 4472 δὲ
1545 4420 1610 4473 τὰ
1645 4423 1821 4472 πάντα

235 4516 648 4587 τεσσαράκοντα
687 4513 780 4584 ἐτη
808 4555 822 4579 ,
873 4512 1190 4566 καταλιπὼν
1252 4511 1536 4581 Ῥοϐοάμῳ
1595 4512 1673 4581 τῷ
1723 4511 1822 4581 υἱῷ

1925 3318 2076 3371 ribus
2101 3325 2283 3372 essent
2316 3313 2616 3385 aptissima.
2652 3313 2788 3367 Tres
2817 3311 2986 3364 libros
3020 3307 3190 3363 edidit
3224 3306 3290 3360 ad
3319 3303 3506 3359 erudi-

1923 3411 2124 3465 tionem
2181 3417 2236 3461 ct
2267 3421 2479 3462 sacram
2529 3404 2819 3459 utilitatem
2861 3401 3003 3471 apud
3047 3398 3303 3469 populum
3346 3410 3503 3450 com-

1925 3501 2388 3557 mendatissimos.
2439 3499 2516 3552 Ac
2555 3511 2724 3551 unum
2762 3495 2980 3566 quidem
3017 3492 3330 3553 Proverbia,
3367 3489 3500 3542 alte-

1924 3611 2044 3649 rum
2082 3592 2479 3655 Ecclesiastem,
2517 3591 2736 3645 tertium
2766 3602 2894 3642 vero
2920 3585 3142 3641 Cantica
3171 3583 3503 3636 canticorum

1925 3685 2221 3753 inscripsit.
2277 3682 2416 3737 Sunt
2471 3692 2524 3736 et
2561 3681 2651 3735 alii
2703 3679 2824 3750 ejus
2869 3676 3089 3748 plurimi
3145 3674 3304 3738 libri,
3369 3686 3508 3741 quos

1924 3779 2278 3834 occultandos
2305 3777 2518 3830 censuit
2542 3775 2662 3844 pius
2694 3787 2787 3827 rex
2809 3771 3092 3830 Ezechias,
3125 3767 3332 3820 nullam
3357 3763 3505 3818 utili-

1927 3885 2088 3927 tatem
2120 3872 2350 3926 inveniri
2388 3881 2538 3924 ratus
2583 3869 2637 3922 in
2671 3867 2858 3921 multis
2891 3865 3065 3919 libris.
3103 3861 3210 3917 Eos
3256 3875 3385 3914 vero
3413 3859 3507 3928 qui

1923 3977 2092 4036 agunt
2146 3967 2211 4019 de
2251 3965 2503 4033 iugandis
2557 3961 2927 4026 daamouibus,
2988 3958 3072 4010 vel
3129 3956 3195 4009 de
3246 3953 3507 4008 sanandis

1925 4059 2151 4120 morbis,
2195 4069 2286 4111 aut
2316 4056 2628 4125 detegendis
2669 4053 2914 4117 furibus,
2950 4050 3260 4104 ,ιυιὶςοοι-ιιιιι
3306 4056 3509 4118 agyrtae

1925 4148 2065 4217 apud
2111 4163 2170 4200 se
2202 4147 2422 4215 quidem
2460 4143 2878 4213 diligentissime
2924 4140 3271 4203 custodiunt,
3311 4137 3510 4208 quibus

1926 4250 2106 4294 tamen
2167 4238 2350 4292 lidelcs
2405 4248 2608 4292 sanctae
2662 4235 2917 4289 ECelesim
2983 4233 3206 4286 minime
3261 4240 3507 4295 utuntur,

1926 4342 2214 4403 prepterea
2246 4331 2390 4400 quod
2420 4330 2596 4384 edocti
2629 4337 2757 4381 sunt
2787 4328 2998 4395 seipsos
3030 4324 3376 4379 sanctilicare
3404 4321 3509 4374 ﬁde

1925 4426 2149 4479 Christi.
2189 4422 2326 4478 Cum
2387 4420 2638 4476 undecim
2695 4434 2964 4473 annorum
3005 4426 3182 4480 esset,
3237 4425 3291 4468 et
3343 4415 3506 4467 etiam

1929 4533 2218 4588 antequam
2261 4532 2486 4588 regnum
2525 4516 2814 4579 obtineret,
2859 4514 3029 4567 ﬁlium
3066 4512 3325 4582 genuisse
3355 4507 3507 4560 vide-

239 4611 340 4679 τὴν
382 4607 680 4679 βασιλείαν.
728 4605 1022 4659 Ἐνιαυτῶν
1051 4603 1292 4672 γεγονὼς
1332 4606 1540 4673 (90)....
1569 4606 1820 4676 τελευτᾷ,
1856 4600 1899 4654 D

1856 4600 1899 4654 Ῑ)
1931 4623 2034 4667 tur.
2081 4610 2259 4677 Quum
2304 4610 2449 4663 enim
2479 4605 2764 4661 duodecim
2807 4618 2983 4656 annos
3032 4611 3192 4654 natus
3226 4608 3390 4663 esset,
3427 4613 3508 4650 re—

238 4703 504 4769 γυναῐκας
526 4699 886 4761 ἑπτακοσίους
911 4698 1004 4750 καὶ
1030 4696 1314 4760 παλλακὰς
1341 4695 1659 4766 τριακοσίας
1682 4714 1816 4766 κτη-

241 4793 499 4863 σάμενος.
540 4792 654 4844 Ούκ
700 4789 939 4852 εὐκλεῶς
986 4788 1363 4858 ἀποθνήσκει,
1419 4789 1648 4857 ἐπείπερ
1693 4791 1817 4852 ταῖς

238 4885 483 4948 ἐθνικαῖς
503 4881 669 4964 αὐτού
687 4881 1044 4953 χαριζόμενος
1065 4879 1301 4944 γυναιξὶ,
1323 4881 1481 4943 ναοὺς
1504 4883 1613 4942 τοῖς
1638 4881 1818 4933 αὐτῶν

238 4981 380 5042 θεοῖς
407 4975 748 5047 ᾠκοδόμησε.

241 5272 496 5325 ΚΕΦΑΔ.
533 5268 654 5323 ΟΕ¹.
689 5301 756 5311 —-
798 5268 936 5322 Τίνα
965 5268 1036 5321 τὰ
1071 5267 1190 5323 ὑπὸ
1247 5267 1486 5322 Ἡσαΐου
1530 5268 1634 5322 τοῦ
1678 5284 1820 5336 προ-

561 5340 755 5410 φήτου
786 5338 1172 5408 πεπραγμένα
1202 5339 1490 5406 θαύματα.

314 5461 454 5529 Περὶ
501 5459 598 5528 τῆς
657 5459 749 5512 τοῦ
796 5458 1050 5528 Σωτῆρος
1099 5457 1402 5526 παρουσίας
1458 5458 1673 5520 πολλοῖς
1729 5454 1828 5511 καὶ

248 5553 519 5615 ποικίλοις
552 5553 772 5621 τρόποις
799 5551 1223 5622 προεφήτευσεν.
1276 5549 1699 5621 ὐφθαλμοφανῆ
1731 5550 1828 5620 τὴν

315 5668 428 5738 (88)
467 5666 642 5738 Locus
683 5667 764 5721 vel
797 5665 930 5723 Cod.
969 5668 1050 5720 vel
1087 5678 1294 5738 typogr.
1332 5667 1461 5718 vitio
1502 5677 1815 5732 corruptus,

253 5736 409 5809 quem
444 5739 523 5792 sic
552 5736 832 5791 Fabricius
878 5736 1160 5809 reddidit:
1196 5738 1387 5804 populo
1429 5753 1545 5789 cum
1583 5753 1706 5803 pace
1757 5752 1816 5787 uc

249 5807 419 5878 quiete
442 5808 535 5861 sub
569 5809 661 5860 illo
679 5810 890 5862 vivente.
909 5807 1049 5873 Quid
1073 5811 1115 5865 si
1145 5811 1319 5862 locum
1357 5811 1426 5861 ita
1450 5810 1730 5878 restituam
1751 5823 1814 5858 cx

252 5879 346 5935 ll!
375 5880 498 5950 Reg.
533 5895 604 5948 ιν,
630 5879 719 5944 ‘33,
751 5879 854 5933 ὑπο
883 5880 977 5941 τὰς
1020 5881 1209 5933 ἑαυτοῦ
1240 5881 1410 5942 συκᾶς
1454 5879 1546 5932 τοῦ
1573 5877 1702 5931 λαοῦ
1738 5879 1811 5930 δι-

1925 4721 2088 4776 gntun
2125 4702 2261 4757 adiit
2287 4721 2300 4756 :
2330 4709 2520 4771 regnat
2547 4714 2709 4768 porro
2739 4698 2790 4751 in
2817 4696 3136 4750 universum
3169 4705 3344 4745 annos
3372 4705 3511 4758 qua-

1926 4798 2195 4867 draginta,
2220 4795 2518 4863 relictoque
2549 4791 2828 4844 Rohoamo
2859 4787 2969 4841 ﬁlio
2994 4800 3177 4855 regno,
3208 4799 3331 4836 cum
3361 4791 3508 4835 esset

1929 4904 2288 4944 annorum....
2333 4887 2595 4948 moritur,
2631 4881 2952 4936 mulieribus
2996 4894 3130 4931 usus
3179 4875 3510 4945 conjugihus

1929 4978 2304 5050 Septingentis,
2355 4977 2677 5030 concubinis
2732 4988 2859 5025 vero
2913 4970 3192 5025 trecentis.
3239 4967 3512 5031 Iuglorius

1931 5077 2183 5134 moritur,
2213 5071 2410 5138 quippe
2445 5067 2536 5137 qui
2584 5067 2700 5120 suis
2734 5064 2968 5118 ethnicis
3007 5061 3342 5132 gratitieatus
3373 5073 3508 5109 uxo-

1927 5163 2113 5227 ribus,
2148 5164 2341 5228 templa
2373 5174 2559 5212 earum
2593 5157 2911 5211 numinibus
2942 5151 3250 5208 tedilicav-it.

1931 5278 2082 5334 CAP.
2113 5275 2322 5330 LXXV.
2354 5305 2421 5313 —
2447 5274 2576 5339 Qum
2602 5273 2843 5342 prodigia
2875 5271 2999 5339 fecit
3029 5267 3204 5322 Isaias
3234 5268 3510 5338 prop/tela.

2005 5455 2077 5506 De
2111 5454 2409 5506 Salvatoris
2459 5451 2693 5503 adventu
2747 5448 2932 5502 multis
2989 5462 3052 5501 ac
3098 5444 3265 5498 variis
3325 5443 3506 5495 modis

1934 5547 2296 5616 prophetarit.
2355 5543 2654 5598 Visihiliter
2707 5540 2950 5594 divinam
2989 5535 3346 5607 Sospitatoris
3398 5534 3510 5604 glo-

1929 5664 2174 5730 ἀγοντος,
2206 5664 2300 5714 sub
2334 5660 2535 5728 ﬁcnbus
2567 5659 2675 5730 suis
2702 5659 2913 5730 (legente
2941 5654 3152 5724 populo.

1998 5733 2107 5806 (89)
2253 5727 2372 5797 Ret].
2413 5730 2516 5806 _V'I._
2545 5741 2598 5782 et
2645 5727 2915 5806 lem-phus
2943 5736 3150 5806 septeni
3193 5733 3503 5804 numerant.

1997 5794 2106 5929 pro}
2148 5805 2220 5857 lix
2257 5794 2464 5857 calculo
2495 5800 2713 5869 Josephi
2745 5794 2936 5860 nostri,
2964 5815 3069 5859 t.tt;
3107 5794 3354 5850 Usserius
3388 5806 3508 5845 ma~

1926 5887 2036 5929 rut.
2070 5889 2177 5928 ιιι.

1945 5893 2036 5931 ὐιι
2070 5893 2177 5928 ΗΧ.
