4248 6438
778 420 847 485 91
2278 416 2425 477 JOSl

2502 418 2581 477 ῬΙ
3974 425 4047 489 99,

780 536 917 588 riam
943 528 1275 601 propheticis
1298 529 1472 585 oculis
1504 529 1735 585 intuitus
1763 538 1866 584 cst.
1904 527 2141 599 Virginei
2168 538 2356 599 partus
2382 530 2425 588 A

2502 532 2617 597 ἑξαν
2660 530 2754 584 τοῦ
2814 532 3066 603 Σωτῆρος
3126 536 3225 603 τὴν
3273 534 3462 605 θεῖκὴν
3518 539 3630 600 τοῖς
3684 543 4045 607 προᾳητικοῖς

786 624 995 678 llouiini
1043 632 1228 692 typum
1274 620 1561 675 ostendere
1603 623 1655 676 in
1702 632 1829 676 nato
1875 622 1975 675 sibi
2036 621 2357 677 Enmnanuel

782 722 1079 769 secundum
1120 713 1459 783 prophetiam
1501 714 1612 767 filio
1664 715 1860 782 dignus
1898 712 2072 768 factus
2118 723 2220 767 est.
2256 713 2358 767 Po-

785 807 892 875 puli
950 808 1310 878 ignorantiam
1361 823 1467 876 qua
1512 806 1849 860 Salvatorem
1890 822 1997 860 non
2047 816 2164 861 erat
2208 808 2359 877 agni-

784 911 956 963 turus,
991 910 1041 952 et
1074 899 1452 968 provenientes
1489 899 1612 951 inde
1648 899 1913 953 adversus
1952 915 2076 953 cum
2112 899 2358 963 insidias,

785 992 1137 1059 gentiumque
1181 992 1295 1047 rice
1330 992 1475 1045 illius
1517 991 1925 1052 adduetionem,
1970 991 2217 1060 pluribus
2249 1006 2355 1043 ma-

787 1081 1061 1133 tiil'estavit
1094 1100 1105 1134 :
1138 1082 1281 1151 quod
1312 1084 1435 1135 item
1476 1097 1540 1134 ex
1573 1082 1754 1135 radice
1780 1079 1949 1135 Jessre
1979 1081 2243 1135 Dominus
2270 1096 2364 1134 na-

785 1176 1021 1228 sciturus
1058 1185 1195 1241 erat,
1238 1176 1327 1245 qui
1388 1174 1526 1229 idem
1580 1175 1717 1228 foret
1758 1176 1941 1244 justus
1972 1175 2159 1244 judex,
2203 1184 2255 1228 et
2288 1175 2366 1229 ci-

786 1285 986 1323 eurans
1018 1270 1223 1323 belluas
1253 1284 1380 1337 erga
1413 1269 1664 1321 homines
1690 1311 1703 1333 ,
1738 1269 1874 1321 adeo
1918 1277 1977 1322 ut
2001 1270 2163 1322 etiam
2213 1284 2367 1321 man-

788 1369 939 1415 suete
983 1375 1104 1415 cum
1150 1360 1411 1425 iumentis
1459 1376 1647 1413 eorum
1687 1368 2052 1414 versarentur.
2113 1359 2368 1413 Praedixit

787 1464 1002 1517 quoque
1038 1449 1282 1503 futurum
1320 1458 1378 1502 ut
1405 1451 1546 1505 idola
1586 1451 1770 1503 omnia
1814 1466 1938 1503 cum
1975 1451 2192 1520 templis
2235 1451 2367 1519 ipsis

785 1560 812 1592 c
866 1542 1042 1593 medio
1098 1542 1439 1595 tollerentur.
1501 1541 1784 1595 .‘lauil'este
1825 1542 1989 1595 etiam
2038 1543 2368 1598 vaticinatus

785 1645 886 1695 est,
937 1636 1081 1702 quod
1122 1637 1371 1690 civitates
1417 1650 1609 1690 eorum
1666 1636 2104 1701 destruerentur,
2161 1638 2253 1705 qui
2313 1636 2366 1690 in

790 1727 1069 1795 impietate
1110 1739 1577 1796 perseverassent.
1621 1738 1674 1783 et
1706 1728 1849 1797 quod
1888 1738 2004 1796 post
2047 1738 2192 1781 certa
2234 1737 2368 1783 tem-

791 1836 918 1887 pora
985 1819 1378 1875 ri-zedilicandae
1428 1831 1601 1875 erant.
1643 1820 2023 1887 Cognitiouem
2071 1821 2367 1877 divinitatis

2460 624 2759 693 ὀφθαλμοῖς
2819 626 3101 681 ἐθεάσατο.
3162 628 3274 697 Τῆς
3336 628 3676 699 παρθενικῆς
3733 634 4045 701 γεννήσεως

2461 716 2555 768 τοῦ
2591 717 2793 786 Κυρίου
2828 717 2919 769 τὸν
2952 718 3125 771 τύπον
3158 720 3444 786 ἐπιδεῖξαι,
3486 723 3544 774 ἐν
3581 722 3657 791 τῷ
3696 722 4048 793 Ἐμμανουήλ

2461 811 2707 879 τεχθέντι
2758 810 2906 879 αύτῷ
2937 811 3081 864 κατὰ
3128 814 3469 883 προφητείαν
3504 812 3605 882 υίῴ
3640 814 3888 881 ἠξίωται.
3934 814 4048 884 Ἰὴν

2464 903 2740 970 ἀγνωσίαν
2772 903 2866 955 τοῦ
2908 902 3039 957 λαοῦ
3065 946 3079 968 ,
3116 905 3215 974 τὴν
3250 906 3378 972 περὶ⁸
3408 905 3500 958 τὸν
3534 906 3782 975 Σωτῆρα.
3818 906 3915 959 καὶ
3948 906 4051 977 τὴν

2464 994 2551 1047 δια
2578 993 2735 1048 τοῦτο
2761 996 3055 1064 ἐπιϐουλὴν
3080 997 3248 1066 αὐτῷ.
3269 998 3359 1049 καὶ
3384 999 3481 1066 τὴν
3508 1000 3616 1051 τῶν
3636 998 3805 1050 ἐθνῶν
3830 999 4049 1050 ἀντεισ-

2467 1090 2728 1160 αγωγὴν,
2775 1089 2864 1142 διὰ
2922 1088 3186 1142 πλειόνων
3218 1090 3521 1159 ἐξέφαινεν.
3584 1090 3671 1153 Ὠς
3718 1093 3807 1143 καὶ
3860 1091 3923 1141 ἐκ
3951 1090 4052 1156 τῆς

2470 1183 2625 1253 ῥίζης
2689 1180 2884 1234 Ἰεσσαὶ
2939 1180 3144 1251 Κύριος
3190 1182 3625 1251 ἀναφανήσεται,
3680 1181 3842 1242 αὐτὸς
3888 1178 3965 1231 ῶν
4026 1180 4051 1231 ὀ

2469 1273 2674 1335 δίκαιος
2701 1272 2916 1342 κριτὴς,
2948 1273 3042 1324 καὶ
3074 1271 3360 1341 ἐξημερῶν
3387 1273 3457 1325 τὰ
3483 1271 3649 1341 θηρία
3673 1272 3809 1339 πρὸς
3838 1267 4051 1337 ἀνθρὼ-

2472 1383 2637 1428 πους,
2670 1366 2747 1425 είς
2778 1365 2840 1417 τὸ
2873 1366 2965 1417 καὶ
2996 1364 3218 1434 ἡμέρως
3252 1367 3490 1416 συνεῖναι
3533 1366 3648 1426 τοῖς
3693 1362 3874 1415 αὐτῶν
3919 1362 4045 1429 κτή·

2471 1475 2640 1511 νεσιν.
2696 1458 2964 1525 Προεῖπεν
3013 1456 3089 1519 ὡς
3143 1455 3211 1508 τὰ
3256 1455 3451 1508 εἴδωλα
3502 1455 3679 1508 πάντα
3728 1456 3827 1506 σίιν
3871 1453 4053 1514 αὐτοῖς

2471 1552 2618 1611 ναοῖς
2676 1546 3194 1618 καθαιρεθήσονται.
3251 1547 3503 1618 Φανερῶς
3556 1547 3802 1612 ἐξεῖπεν,
3850 1545 3924 1606 ῶς
3962 1545 4059 1596 καὶ

2470 1642 2580 1694 τῶν
2615 1643 2693 1703 είς
2722 1641 3040 1694 δυσσέϐειαν
3085 1641 3561 1709 ὲναπομεινάντων
3598 1640 3780 1701 πόλεις
3818 1640 4058 1707 ἀνατρα-

2471 1734 2739 1801 πήσονται
2762 1772 2774 1790 ,
2812 1732 2907 1784 καὶ
2957 1730 3098 1801 μετὰ
3129 1732 3327 1801 ρητοὺς
3357 1730 3583 1800 χρόνους
3624 1727 4059 1797 ἀνακτισθήσον-

2476 1842 2585 1877 ται.
2634 1824 2744 1894 Τῆς
2788 1823 3027 1893 Χριστοῦ
3073 1823 3325 1891 θεότητος
3359 1821 3496 1892 πρὸς
3528 1821 3825 1888 ἐπίγνωσιν
3863 1818 4062 1871 πολλα-

787 1914 994 1968 otii-isti
1032 1914 1217 1967 multis
1260 1912 1314 1966 in
1349 1913 1484 1967 locis
1517 1914 1788 1979 praedixit.
1823 1913 2079 1968 ei-aeiiixa
2115 1915 2242 1968 item
2283 1914 2369 1969 rii-
2404 1890 2425 1943 ί

2502 1923 2586 1990 ςῶς
2618 1921 2896 1989 προεῖπεν.
2941 1917 3168 1971 Ἑκατὸν
3198 1916 3526 1985 ὀγδοήκοντα
3561 1916 3655 1967 καὶ
3689 1914 3846 1966 πέντε
3886 1912 4061 1981 χίλιαι

793 2016 997 2071 turum,
1045 2018 1103 2060 ut
1135 2015 1353 2060 centum
1388 2008 1664 2076 octoginta
1711 2008 1954 2076 quinque
1997 2008 2165 2061 millia
2206 2009 2375 2063 homi-
2422 2000 2425 2007 ’

796 2117 924 2154 num
958 2102 1291 2166 delerentur,
1326 2101 1419 2169 qui
1447 2100 1836 2171 Babylonii-um
1877 2100 2173 2153 exercitum
2204 2100 2376 2155 cauli-

795 2194 1009 2245 ri--bant
1034 2193 1297 2247 adversus
1319 2191 1622 2245 Jerusalem
1654 2193 1977 2244 militantem
2009 2193 2111 2246 sub
2139 2191 2375 2247 Ezecltia

799 2298 941 2351 rege.
976 2282 1052 2335 Eo
1099 2284 1217 2350 ipso
1248 2283 1334 2335 die
1373 2297 1534 2352 quem
1578 2282 1903 2335 vaticinatus
1935 2281 2133 2344 fuerat,
2181 2282 2377 2336 divini-

797 2387 881 2430 tus
922 2378 1164 2429 iu‘imis~a
1222 2376 1379 2445 plaga
1437 2383 1619 2428 tantus
1682 2375 1770 2427 ille
1813 2375 2087 2428 exercitus
2128 2384 2378 2428 mortuus

791 2467 995 2534 jaenit,
1029 2478 1191 2521 noctu
1224 2482 1332 2520 uno
1379 2466 1641 2535 tcinpuris
1677 2476 1977 2519 momento.
2018 2465 2160 2531 Quin
2212 2466 2377 2520 etiam

798 2561 1081 2627 ipsiusaict
1112 2562 1547 2623 Sennaclierimi,
1586 2561 1677 2630 qui
1720 2570 1872 2614 tanta
1906 2562 2031 2615 huic
2079 2562 2380 2632 imperabat

796 2654 1080 2719 exercitui,
1106 2655 1360 2723 prmdixit
1386 2654 1590 2724 fugam,
1622 2671 1727 2723 qua
1761 2655 1842 2707 vel
1874 2669 1902 2707 a
1932 2654 2046 2708 sola
2077 2638 2379 2709 Jerusalem

796 2748 1083 2801 obsidione
1135 2748 1401 2802 desistere
1427 2759 1749 2817 cogeretur;
1790 2748 2031 2816 itemque
2063 2755 2380 2801 eventuram

797 2839 979 2891 statim
1018 2840 1071 2892 in
1118 2840 1283 2893 domo
1322 2840 1441 2909 ejus
1494 2840 1668 2909 ipsius
1709 2838 2165 2894 interfectionem.
2206 2839 2383 2909 Atque

799 2929 873 2983 ita
914 2930 1179 2983 citissime
1211 2931 1486 2985 usuvenit.

869 3021 1164 3075 Admonito
1193 3021 1422 3078 Ezechia
1454 3024 1547 3090 qui
1569 3024 1884 3092 mgrotabat,
1918 3023 2296 3093 audit-ratque,
2325 3033 2385 3078 ut

800 3114 865 3166 dc
898 3130 1064 3181 regno
1113 3124 1439 3169 testamento
1480 3116 1829 3183 disponeret.
1868 3117 2067 3186 quippe
2114 3117 2255 3170 haud
2309 3116 2381 3169 ita

2476 2014 2581 2065 δων
2626 2010 2903 2081 ἀναίρεσιν
2934 2008 3280 2062 Βαϐυλωνίου
3313 2004 3544 2077 στρατοῦ
3588 2009 3655 2076 τῇ
3704 2004 4064 2076 Ἰερουσαλὴμ

2478 2104 2861 2172 ἐπικειμένου,
2905 2102 2998 2153 ἐπὶ
3027 2100 3120 2153 τοῦ
3180 2100 3447 2169 βασιλέως
3496 2097 3764 2160 Ἐζεκίου,
3799 2098 4063 2165 πφεῖπεν

2480 2196 2720 2250 ἔσεσθαι.
2776 2194 2910 2248 Κατ’
2942 2193 3156 2262 ἐκείνην
3188 2194 3255 2262 ἣν
3300 2193 3706 2262 προεφήτευσεν
3754 2190 3970 2259 ἡμέραν
3992 2229 4005 2247 .
4037 2188 4065 2240 ὁ

2480 2288 2735 2350 τοσοῦτος
2764 2284 3010 2355 θεηλάτῳ
3038 2286 3220 2354 πληγῇ
3248 2284 3440 2353 νεκρὸς
3468 2284 3646 2335 ἔκειτο
3683 2282 3932 2352 στρατὸς.
3960 2280 4068 2332 ύπό

2485 2378 2613 2447 μίαν
2647 2375 2839 2445 καιροῦ
2867 2374 3037 2445 ῥοπὴν
3064 2376 3122 2427 ἐν
3158 2374 3333 2428 νυκτί.
3385 2372 3545 2426 Ἀλλά
3576 2374 3669 2426 καὶ
3706 2370 4068 2439 Σενναχηρεί-

2487 2487 2588 2541 μου
2649 2467 2744 2521 τοῦ
2794 2466 3059 2537 βασιλέως
3114 2465 3305 2520 τούτου
3368 2465 3463 2519 τοῦ
3522 2464 3779 2518 τοσούτου
3832 2461 4068 2532 στρατοῦ

2485 2565 2714 2632 προεῖπε
2770 2561 2871 2630 τὴν
2910 2560 3019 2615 ἀπὸ
3070 2559 3166 2612 τοῦ
3224 2557 3534 2611 ἐπικεῖσθαι
3583 2560 3649 2628 τῇ
3705 2555 4071 2627 Ἰερουσαλὴμ

2488 2655 2649 2723 μόνου
2680 2654 2882 2723 φυγὴν,
2925 2654 3021 2705 καὶ
3048 2652 3146 2719 τὴν
3180 2651 3495 2722 παραυτίκα
3527 2654 3583 2704 ἐν
3621 2653 3684 2719 τῇ
3722 2650 3871 2720 οἰκίᾳ
3901 2648 4069 2703 αὐτοῦ

2486 2747 2860 2817 γενησομένην
2895 2746 3067 2816 αὐτὴν
3115 2745 3226 2816 (9|)
3269 2746 3585 2816 ἀναίρεσιν,
3638 2744 3733 2798 καὶ
3776 2744 3920 2797 οὕτω
3968 2743 4073 2813 τὴν

2485 2841 2746 2912 ταχίστην
2777 2840 3014 2909 ἐγένετο,

2571 3020 3034 3092 ’Υπαγορευθέντι
3074 3020 3295 3095 Ἐζεκίᾳ
3321 3020 3591 3086 νοσοῦντι,
3633 3021 3731 3075 καὶ
3769 3021 4072 3077 ἀκούσαντι

2490 3113 2824 3168 ἐντείλεσθαι
2873 3113 3003 3184 περὶ
3049 3114 3150 3183 τῆς
3196 3112 3478 3182 βασιλείας
3516 3114 3592 3177 ὡς
3642 3112 4074 3183 τεθνηξόμενον,

802 3205 973 3258 multo
1012 3215 1133 3273 post
1170 3205 1505 3269 moriturus;
1544 3220 1668 3257 cum
1709 3205 1906 3259 acriter
1950 3221 2042 3259 rex
2074 3204 2223 3260 ﬂeret
2256 3221 2425 3283 pro-j

2502 3205 2789 3259 κλαύσαντι
2834 3204 2912 3274 τῷ
2961 3206 3171 3274 βασιλεῖ
3213 3206 3305 3257 ἐπὶ
3340 3208 3405 3273 τῇ
3440 3205 3536 3259 τοῦ
3583 3205 3683 3276 ζῇν
3720 3204 4075 3273 ἀπογνώσει,

802 3306 983 3363 pterea
1012 3297 1159 3364 quod
1191 3296 1298 3350 vita
1326 3296 1471 3351 illius
1501 3297 1840 3351 conclamata
1875 3305 2056 3359 esset,
2095 3297 2377 3364 praedixit,

801 3386 945 3453 quod
981 3402 1086 3439 non
1112 3387 1220 3440 cito
1248 3398 1571 3449 moreretur,
1605 3388 1697 3441 sed
1733 3388 1878 3457 quod
1905 3388 2214 3457 quindecim
2247 3391 2384 3444 alios

803 3495 976 3531 annos
1004 3478 1365 3547 producenda:
1388 3479 1511 3533 vitae
1540 3480 1719 3534 adhuc
1754 3490 2057 3545 acceperat.
2094 3480 2186 3534 Sol
2217 3481 2387 3535 edixit

804 3582 863 3625 ut
897 3572 965 3624 ah
994 3571 1274 3626 occidente
1302 3571 1355 3624 in
1384 3571 1648 3625 orientem
1686 3581 2011 3635 recurret-et,
2040 3571 2226 3641 sicque
2256 3570 2385 3625 Eze-

803 3664 941 3717 cilia)
969 3664 1082 3733 regi
1117 3663 1333 3734 signum
1362 3663 1691 3718 valetudinis
1740 3662 1905 3717 dedit.
1959 3662 2024 3717 Et
2066 3663 2116 3717 id
2166 3664 2383 3733 quidem

802 3757 1003 3819 evenit,
1036 3756 1149 3811 sele
1176 3758 1243 3810 ab
1284 3757 1571 3811 undecima
1609 3756 1675 3809 ad
1718 3757 1948 3825 primam
1988 3758 2175 3810 horam
2213 3766 2384 3811 rclro-

807 3853 976 3919 lapso.
1018 3848 1237 3904 Primus
1288 3848 1535 3918 praedixit
1580 3849 1692 3903 [ore
1737 3858 1792 3901 ut
1830 3848 1992 3902 Israel
2030 3850 2276 3918 captivus
2335 3851 2386 3903 in

809 3943 1161 4014 Babyloniam
1204 3942 1496 3995 duceretur
1524 3952 1739 4010 propter
1772 3941 2125 4010 impietatem,
2162 3942 2307 4010 quod
2338 3950 2391 3995 et

810 4037 1013 4090 factum
1044 4043 1130 4089 est
1151 4074 1165 4097 ,
1201 4034 1552 4103 praadictione
1590 4042 1710 4103 post
1741 4048 1915 4086 annos
1944 4043 2069 4088 octo
2098 4036 2387 4103 completa.

810 4127 1066 4183 l’raedixit
1118 4127 1244 4180 item
1298 4126 1541 4180 futurum
1601 4135 1659 4180 ut
1713 4126 1882 4181 Juilas
1930 4126 1981 4179 in
2040 4125 2391 4197 Babyloniam

811 4223 1094 4292 captivus,
1135 4230 1354 4290 propter
1400 4219 1644 4274 eamdem
1688 4228 1851 4288 atque
1888 4219 2102 4274 lsraelis
2143 4220 2394 4289 impieta-

813 4326 919 4368 tem
947 4313 1298 4368 abducendus
1322 4321 1489 4368 esset.
1533 4310 1842 4377 Quinetiam
1878 4312 2125 4367 Ezeehize
2159 4313 2269 4383 regi
2305 4314 2394 4381 iis,

814 4408 953 4476 quia
989 4405 1288 4476 Babylonio
1319 4405 1386 4458 ad
1419 4404 1758 4458 invisendum
1793 4404 1944 4458 illum
1975 4405 2127 4460 missi
2158 4404 2394 4471 fuerant,

816 4516 946 4553 suas
996 4498 1218 4552 divitias
1260 4496 1602 4561 ostendenti,
1656 4497 1935 4565 praedixit,
1989 4498 2135 4567 quod
2194 4498 2296 4553 illa:
2341 4499 2394 4553 in

2490 3302 2752 3369 προεῖπεν
2798 3298 2873 3360 ὡς
2906 3299 2968 3351 ού
2999 3297 3348 3367 τεθνήξοιτο,
3384 3297 3501 3350 ἀλλ’
3534 3298 3617 3351 ὅτι
3648 3298 3741 3350 καὶ
3786 3298 4080 3350 πεντεκαί-

2487 3389 2620 3442 δεκα
2651 3389 2932 3448 ἐνιαυτοὺς
2977 3388 3053 3450 εἰς
3087 3387 3149 3439 τὸ
3188 3386 3379 3456 βιῶναι
3430 3386 3510 3439 ἔτι
3551 3387 3935 3457 προσειλήφει.
3972 3388 4079 3440 Τὸν

2489 3483 2640 3551 ἥλιον
2669 3483 2933 3551 προεῖπεν
2958 3480 3065 3533 ἀπὸ
3091 3478 3313 3547 δυσμῶν
3346 3481 3431 3532 ἐπ’
3463 3480 3697 3550 ἀνατολῇ
3726 3481 4078 3550 ἀνατρέχειν,

2493 3576 2720 3645 σημεῖον
2749 3574 2849 3639 τῆς
2884 3572 3099 3640 ὑγιείας
3127 3572 3304 3635 διδοὺς
3335 3571 3415 3641 τῷ
3458 3572 3677 3643 Ἐζεκίᾳ
3702 3571 3931 3641 βασιλεῖ.
3968 3573 4084 3637 Καὶ

2492 3668 2649 3721 τοῦτο
2708 3667 2805 3737 μέν
2856 3667 3110 3735 ἐγένετο,
3162 3664 3271 3718 ἀπὸ
3313 3666 3413 3735 τῆς
3456 3664 3751 3735 ἑνδεκάτης
3792 3663 3943 3735 ῶρας
3989 3666 4085 3718 ἐπὶ

2493 3759 2718 3828 πρώτην
2772 3754 3300 3825 ἐπαναδραμηκότος
3358 3755 3470 3825 (92)
3526 3752 3620 3806 τοῦ
3674 3753 3849 3824 ἡλίου.
3917 3752 4007 3816 Ὠς
4054 3753 4085 3804 ὁ

2506 3851 2765 3920 Ἰσραὴλ,
2819 3850 3166 3918 αἰχμάλωτος
3196 3848 3276 3910 είς
3325 3847 3426 3914 τὴν
3468 3844 3818 3897 Βαϐυλωνίαν
3860 3844 3950 3897 διὰ
3982 3846 4085 3907 τὰς

2495 3936 2815 3999 δυσσεϐείας
2871 3935 3280 4005 ἀπαχθησοιτο,
3330 3934 3547 4001 πρῶτος
3593 3936 3892 4004 προεῖπεν,
3943 3934 4086 4005 ὅπερ

2496 4030 2776 4097 ἐγεγόνει.
2810 4028 2912 4097 τῆς
2947 4028 3311 4098 προρρήσεως
3349 4026 3490 4095 μετά
3536 4026 3631 4093 ἔτη
3668 4026 3813 4079 ὀκτὼ
3855 4026 4087 4096 πληρω-

2498 4121 2706 4190 θείσης.
2751 4120 2837 4180 Ὠς
2878 4118 2969 4172 καὶ¹
3017 4118 3219 4181 Ἰούδας
3251 4119 3329 4179 είς
3363 4115 3461 4187 τὴν
3498 4115 3848 4169 Βαϐυλωνίαν
3882 4118 4090 4186 αἰχμά-

2498 4212 2666 4275 λωτος
2717 4212 2805 4265 διὰ
2858 4210 2955 4272 τὰς
2995 4209 3165 4272 αὐτας
3214 4209 3291 4278 τῷ
3351 4209 3569 4279 Ἰσραὴλ
3612 4208 3933 4272 δυσσεϐείας
3971 4212 4089 4261 ἁπ-

2500 4305 2792 4375 αχθήσοιτο
2834 4307 3115 4374 προεῖπεν.
3135 4301 3295 4355 Ἀλλά
3330 4305 3425 4356 καὶ
3474 4301 3693 4374 Ἐζεκία
3731 4303 3810 4373 τῷ
3839 4302 4091 4373 βασιλεῖ,

2499 4402 2610 4460 τοῖς
2649 4398 2754 4451 ἀπὸ
2788 4396 2882 4450 τοῦ
2914 4396 3256 4449 Βαϐυλωνίου
3288 4396 3379 4449 ἐπὶ
3428 4395 3620 4465 σκέψιν
3651 4396 3815 4448 αὐτοῦ
3849 4398 4093 4450 ἀποστα-

2502 4486 2672 4539 λεῖσιν
2704 4486 3036 4549 ἐπιδείξαντι
3073 4488 3167 4539 τὸν
3207 4485 3404 4538 ἐαυτοῦ
3444 4486 3669 4539 πλοῦτον
3691 4526 3705 4550 ,
3738 4487 3833 4539 καὶ
3864 4488 3929 4539 τὲ
3970 4505 4093 4541 κει-

816 4592 1170 4663 Babyloniam
1193 4590 1527 4645 abducenda:
1547 4601 1749 4654 essent,
1778 4605 1874 4643 ceu
1898 4590 2073 4659 spolia
2100 4630 2115 4656 ,
2142 4592 2400 4663 quodque

2509 4582 2696 4651 μήλια,
2729 4583 2990 4647 προεῖπεν
3020 4579 3094 4641 ὡς
3124 4581 3202 4637 εἰς
3232 4581 3332 4648 τὴν
3362 4578 3713 4631 Βαϐυλωνίαν
3756 4578 3929 4632 ταῦτα
3979 4580 4091 4633 ἀπο

816 4686 912 4740 ﬁlii
946 4685 1064 4753 ejus
1093 4683 1405 4754 captivandi
1432 4692 1618 4739 essent
1651 4699 1681 4738 a
1721 4682 2056 4755 Babyloniis.

887 4861 1088 4931 Cyrum
1136 4876 1353 4931 quoque
1409 4860 1700 4916 Persarum
1762 4876 1980 4932 regem,
2022 4872 2147 4931 post
2184 4874 2399 4918 centum

818 4950 1291 5021 etquinquaginta
1309 4966 1485 5006 annos
1507 4951 1575 5005 ab
1599 4952 1719 5022 ejus
1755 4951 2008 5006 raticinio
2032 4953 2399 5018 nasciturum,

821 5040 1244 5109 Babyloniorum
1294 5040 1582 5109 imperium
1628 5056 1882 5096 eversum
1918 5042 1994 5097 ire
2029 5043 2402 5111 prephetarit,

818 5143 871 5188 et
909 5132 1127 5189 Judmos
1161 5149 1191 5188 a
1226 5132 1541 5203 captivitate
1585 5132 1700 5187 fore
1746 5149 2085 5188 reversuros.
2132 5133 2407 5187 Vaticina-

820 5234 907 5277 tus
941 5232 1027 5276 est
1063 5222 1347 5278 manifeste
1390 5224 1593 5289 etiam,
1642 5224 1788 5293 quod
1839 5224 2124 5278 restitutus
2174 5225 2407 5293 populus

818 5318 1165 5384 Judieorum,
1211 5318 1404 5372 iterum
1464 5318 1763 5372 tradendus
1816 5326 1959 5371 esset
2005 5316 2305 5386 captivitati
2350 5317 2402 5371 in

818 5426 1009 5464 omnes
1052 5419 1271 5479 gentes,
1320 5422 1604 5482 propterea
1647 5411 1790 5481 quod
1830 5411 2214 5481 immorigerus
2258 5420 2405 5464 esset

822 5504 875 5556 in
896 5502 1083 5556 humili
1100 5504 1288 5558 habitu
1313 5504 1621 5559 advenienti
1641 5504 1879 5559 Christo.
1903 5502 2244 5571 Prmdicavit,
2262 5502 2406 5573 quod

818 5595 1070 5650 Christus
1088 5604 1475 5667 assumpturas
1494 5609 1638 5653 esset
1660 5606 1848 5667 gentes
1866 5613 1961 5667 per
1984 5597 2141 5651 Iidem
2158 5597 2210 5651 in
2229 5597 2402 5661 illum,

816 5706 1023 5759 easque
1075 5690 1504 5756 honestaturus,
1567 5690 1851 5761 repudiato
1908 5691 2121 5761 ingrato
2159 5689 2251 5745 illo
2310 5705 2404 5759 p0-

891 5871 1001 5937 (UI)
1040 5867 1204 5925 Forte
1243 5871 1426 5927 αὑτοῦ.

2506 4675 2799 4744 αχθήσοιτο
2832 4672 3004 4726 σκῦλα
3047 4670 3411 4740 γενησόμενα,
3444 4671 3539 4724 καὶ
3577 4672 3627 4724 οἱ
3672 4670 3839 4725 αὑτοῦ
3872 4670 4092 4740 ἔγγονοι

2508 4768 2852 4837 παράληπτοι
2882 4768 2992 4828 τοῖς
3026 4762 3390 4827 Βαϐυλωνίοις
3430 4766 3661 4818 ἔσονται.

2579 4860 2689 4912 Καὶ
2715 4858 2895 4926 Κῦρον
2917 4856 3008 4909 τὸν
3042 4856 3265 4925 Περσῶν
3296 4854 3547 4925 βασιλέα,
3583 4856 3723 4925 μετά
3748 4857 4093 4928 πεντήκοντα

2505 4952 2601 5003 καὶ
2632 4951 2827 5002 ἐκατὸν
2862 4950 3147 5011 ἐνιαυτοὺς
3184 4949 3284 5017 τῆς
3326 4946 3491 5000 αὐτοῦ
3525 4947 3868 5018 προφητείας
3910 4950 4098 5002 τίκτε-

2507 5043 2631 5095 σθαι
2664 5041 2925 5111 μέλλοντα
2948 5079 2963 5103 ,
3015 5039 3422 5109 καθαιρήσοντα
3456 5039 3553 5109 τὴν
3584 5038 3691 5091 τῶν
3731 5038 4096 5092 Βαϐυλωνίων

2507 5135 2683 5205 ἀρχὴν
2742 5132 3144 5203 προηγόρευσε,
3198 5131 3293 5184 καὶ
3348 5129 3423 5192 ὡς
3468 5130 3596 5192 τοὺς
3650 5129 3942 5193 Ἰουδαίους
3986 5130 4100 5183 ἀπὸ

2507 5228 2606 5297 τῆς
2658 5227 3036 5297 αἰχμαλωσίας
3087 5225 3348 5295 ἀνήσειν·
3406 5222 3478 5286 ὡς
3536 5223 3631 5276 καὶ
3685 5222 4014 5293 ἐπαναχθεὶς
4070 5226 4100 5276 ὁ

2523 5320 2795 5373 Ἰουδαίων
2825 5320 2951 5383 λαὸς
2986 5315 3143 5383 αὖθις
3194 5318 3545 5387 ἐκδοθήσοιτο
3574 5318 3639 5385 τῇ
3690 5318 3747 5370 ἐν
3778 5314 3949 5369 ἅπασι
3982 5319 4098 5378 τοῖς

2515 5411 2724 5463 ἔθνεσιν
2768 5410 3151 5481 αἰχμαλωσίᾳ,
3199 5408 3287 5462 διὰ
3325 5409 3385 5461 τὸ
3433 5408 3729 5477 ἀπειθῆσαι
3781 5409 3839 5461 ἐν
3887 5406 4100 5461 εὐτελεῖ

2517 5502 2757 5572 σχήματι
2805 5500 3232 5571 παραγινομένῳ
3270 5497 3521 5567 Χριστῷ,
3561 5497 3824 5568 ἐμφανῶς
3854 5500 4102 5568 προεφὶγ

2512 5612 2723 5648 τευσεν.
2779 5593 2870 5654 Ὠς
2909 5594 2972 5644 τὰ
3013 5591 3141 5661 ἔθνη
3175 5590 3550 5661 προσλήψεται
3590 5589 3844 5660 Χριστὸς,
3876 5586 3965 5641 διὰ
3998 5588 4101 5657 τῆς

2512 5692 2591 5755 εἰς
2622 5688 2781 5741 αὑτὸν
2811 5687 3068 5750 πίστεως,
3103 5685 3197 5737 καὶ
3228 5684 3476 5755 τιμήσει,
3507 5682 3602 5736 τοῦ
3635 5681 3935 5754 ἀχαρίστου
3967 5680 4101 5735 λαοῦ

2587 5863 2697 5936 (9'2)
2730 5860 2888 5919 Forte
2914 5859 3517 5933 ἐπαναδεὸραμηκότος.
