4248 6438
227 404 299 466 93
1395 407 1767 471 LIBELLUS
1805 413 2306 480 MEMORIALIS.
3418 435 3488 499 94

226 513 630 585 an~36).q6év'.o;
655 554 669 576 ,
705 513 990 582 ἐκήρυξεν.
1056 511 1144 576 Ὠς
1199 513 1338 582 μετὰ
1385 516 1484 585 τὴν
1526 520 1802 590 ἀποϐολὴν
1836 530 1874 580 Α

1836 530 1874 580 Α
1909 527 2053 593 pulo.
2095 529 2292 586 Multas
2334 534 2502 588 edidit
2533 537 2846 606 prophetias
2885 540 2948 593 de
2980 556 3046 594 eo
3075 529 3218 612 quod
3252 554 3372 613 post
3403 565 3489 602 re-

227 608 415 670 πάλιν,
440 609 465 658 ὁ
489 605 612 668 λαὸς
647 605 756 656 ἀπὸ
781 605 877 674 τῆς
905 604 1012 656 τῶν
1039 604 1210 656 ἐθνῶν
1239 605 1562 677 διασπορᾶς,
1589 611 1807 681 Χριστῷ

227 699 529 759 πιστεύσας
551 696 1032 766 ,ἐπα-λαχθήσεται,
1077 697 1176 759 τὰς
1227 698 1359 768 πρὸς
1392 700 1518 761 τοὺς
1567 702 1808 769 πατέρας

225 788 439 856 ἀγαθάς
470 788 800 858 ὑποσχέσεις
841 787 1216 858 πληρούμενος
1239 830 1252 853 ,
1292 790 1430 859 μετά
1467 791 1565 862 τὴν
1602 793 1808 846 ἔκτισιν

224 881 334 932 τῶν
365 880 451 932 διὰ
489 879 586 949 τὴν
613 882 694 941 είς
739 879 974 948 Χριστὸν
1005 880 1211 949 τόλμαν
1258 882 1540 954 τιμωριῶν
1560 925 1574 949 ,
1607 885 1808 948 πολλάς

225 972 567 1040 προρρήσεις
612 972 843 1035 ἐξεῖπεν.
894 971 1010 1023 Ἐπ’
1053 971 1145 1040 ἔτη
1187 972 1243 1024 δὲ
1289 972 1482 1025 ἑκατὸν
1505 977 1806 1029 -πεντεκαί-

223 1062 357 1112 δεκα
406 1061 826 1130 προφητεύσας,
871 1062 976 1114 ὑπὸ
1025 1064 1290 1133 Μανασσῆ
1350 1063 1444 1116 τοῦ
1502 1065 1804 1133 βασιλέως,

221 1151 297 1213 ῶς
333 1155 363 1220 ἡ
397 1153 696 1221 παράδοσις
730 1153 863 1221 ἔχει,
894 1155 1150 1223 πρισθεὶς
1179 1156 1502 1223 ἀναιρεῖται.
1548 1157 1634 1220 Ὣς
1663 1159 1717 1212 δὲ
1748 1161 1808 1212 τὸ

223 1247 464 1315 γράμμα
502 1249 602 1318 τῆς
641 1248 981 1316 προφητείας
1011 1251 1178 1303 αύτοῦ
1213 1251 1386 1320 δηλοῖ,
1413 1251 1506 1303 ἐπὶ
1543 1254 1686 1306 ὀκτὼ
1715 1258 1806 1308 καὶ

222 1338 558 1408 ὁγδοήκοντα
583 1340 676 1410 ἔτη
706 1343 1131 1412 προεφήτευσεν.

224 1474 479 1528 ΚΕΦΑΛ.
509 1476 645 1542 Οζῗ.
676 1508 744 1517 -
780 1476 921 1532 Τίνα
948 1480 1120 1532 ἐστίν
1167 1479 1204 1532 (ἲ
1243 1482 1516 1552 Ἱερεμίας
1547 1486 1809 1555 προεφήο

466 1585 680 1634 τευσε,
717 1571 812 1623 καὶ
853 1574 1242 1639 προφητεύων
1277 1577 1574 1645 ὑπέμεινε.

295 1703 524 1772 Πρῶτον
573 1706 724 1774 ἰσχὺς
774 1706 922 1775 αύτῷ
960 1708 1161 1761 δίδοται
1201 1710 1353 1779 παρά
1392 1711 1551 1778 Θεοῦ,
1583 1715 1720 1784 πρὸς
1749 1715 1808 1768 τὸ

221 1795 488 1849 δύνασθαι
558 1798 746 1866 φέρειν
799 1799 897 1861 τὰς
951 1802 1070 1853 κατ’
1129 1802 1296 1854 αὑτοῦ
1333 1807 1662 1873 κινουμένας
1712 1807 1803 1860 τοῦ

223 1885 356 1938 λαοῦ
393 1889 488 1939 καὶ
511 1887 619 1939 τῶν
650 1889 927 1958 ἀρχόντων
961 1893 1380 1958 ἐπαναστάσεις,
1416 1897 1700 1967 προλέγων
1731 1899 1805 1968 τῷ

221 1977 339 2048 λαῷ
362 1979 430 2031 τά
472 1981 815 2049 ἐπερχόμενα
843 1983 928 2034 διὰ
962 1984 1056 2053 τὴν
1088 1987 1371 2039 ἀπείθειαν
1397 1987 1568 2053 δεινά,
1606 1991 1700 2042 καὶ
1729 1993 1801 2061 μὴ

221 2073 639 2140 πιστευόμενος,
690 2073 929 2140 ὑπέμενε
962 2076 1100 2137 τέως
1145 2077 1303 2144 μόνος
1340 2081 1406 2130 τὰ
1434 2081 1664 2149 χαλεπά.
1699 2083 1804 2134 Εὑ-

219 2164 322 2232 χὰς
351 2165 651 2232 προσάγειν
673 2165 750 2234 τῷ
780 2165 899 2235 Θεῷ
928 2168 1044 2218 ἀπο
1063 2167 1158 2219 τοῦ
1184 2169 1312 2222 λαοῦ
1347 2170 1694 2236 διεκωλύετο,
1730 2174 1805 2237 ῶς

219 2256 323 2306 οὐκ
366 2255 842 2325 ἀκουσθησόμενος
898 2258 984 2308 διὰ
1037 2258 1097 2309 τὸ
1151 2259 1511 2329 ὑπερϐάλλειν
1559 2263 1656 2324 τὰς
1710 2266 1803 2317 τοῦ

219 2348 412 2411 ἔθνους
444 2349 750 2419 ἁμαρτίας,
782 2351 878 2412 τὰς
907 2351 1046 2418 ὑπὲρ
1084 2351 1296 2415 αὐτῶν,
1331 2353 1440 2404 τῶν
1470 2354 1643 2420 άγίων
1671 2372 1804 2426 πρε-

220 2441 431 2504 σϐείας.
464 2443 586 2494 Τῶν
616 2442 1080 2512 ψευδοπροφητῶν
1111 2446 1372 2499 τάναντία
1398 2447 1567 2517 αὐτῷ,
1617 2450 1708 2501 καὶ
1737 2450 1804 2503 τά

219 2534 358 2603 πρὸς
408 2534 701 2602 ἀρέσκειαν
738 2534 832 2586 τοῦ
886 2535 1036 2602 λαοῦ,
1069 2539 1519 2608 προφητευόντων
1572 2541 1667 2593 καὶ
1711 2559 1802 2594 πι-

221 2627 566 2695 στευομένων
587 2669 601 2690 ,
639 2627 796 2696 ὓϐριν
829 2627 1092 2696 ὑπέμεινε
1117 2671 1130 2694 ,
1164 2629 1257 2681 καὶ
1293 2630 1547 2698 χαλεπῶς
1592 2633 1800 2699 ἠνιᾶτο.

219 2719 498 2787 Ιίροῦλεγε
546 2720 640 2770 καὶ
678 2719 752 2781 ῶς
792 2719 820 2770 ὁ
860 2718 1077 2788 Ἰσραὴλ
1118 2720 1218 2789 τῆς
1260 2722 1567 2790 σωτηρίας,
1603 2726 1701 2791 τῆς
1729 2723 1805 2792 τῷ

218 2811 332 2879 λαῴ
362 2812 780 2880 ὑπεσχημένης,
826 2810 1262 2881 ἐκϐληθήσεται,
1293 2814 1387 2866 καὶ
1423 2814 1489 2866 τά
1521 2815 1646 2883 ἔθνη
1681 2815 1806 2868 ταύ-

216 2918 318 2971 της
385 2901 656 2968 τεύξεται.
720 2901 939 2965 Τύπους
999 2903 1494 2974 ὑποδειγματικοὺς
1537 2907 1804 2960 ἐθεάσατο

215 2995 326 3048 τῶν
361 2996 461 3066 μὲν
488 2994 847 3065 τὴνπαντελῆ
883 2995 1184 3066 διαφθοράν
1230 2998 1323 3050 καὶ
1369 2998 1804 3068 ἀνεπίστρεπτον

219 3086 604 3156 ὑπομενόντων
641 3085 734 3139 τοῦ
782 3085 946 3150 λαοῦ,
993 3089 1051 3138 ὲν
1095 3086 1174 3156 τῷ
1205 3087 1519 3158 κεραμείῳ,
1559 3090 1655 3142 τοῦ
1709 3108 1805 3144 πε-

1912 623 2157 688 pudium,
2208 625 2401 680 iterum
2437 631 2669 698 populus
2721 648 2751 686 a
2792 633 3133 700 dispersione
3180 638 3232 690 in
3276 650 3485 707 gentes,

1909 711 2128 767 Christo
2159 718 2407 782 credens,
2439 721 2803 787 revocabitur,
2833 724 3139 792 adimpletis
3170 727 3327 782 bouis
3361 745 3488 797 pro-

1911 805 2269 862 missionibus
2317 826 2437 878 qua:
2478 815 2542 866 ad
2579 823 2756 882 patres
2803 814 2958 869 taetre
2998 826 3148 880 sunt,
3199 827 3486 887 postquam

1911 914 2100 968 paruas
2137 901 2296 982 luerit
2336 904 2624 960 criminum
2666 924 2788 976 qua:
2826 919 3016 962 contra
3056 909 3332 963 Christum
3377 928 3492 980 prr-

1909 1001 2121 1061 petrare
2177 1010 2346 1049 ausus
2413 997 2531 1051 fuit.
2595 1001 2731 1054 Cum
2775 1016 2939 1070 porro
2993 1003 3374 1072 prepbetasset
3423 1006 3489 1058 ad

1910 1099 2084 1139 atmos
2141 1099 2356 1140 centum
2394 1090 2736 1158 quindecim,
2785 1093 2885 1145 sub
2923 1093 3170 1148 Manasse
3213 1110 3371 1162 rege,
3433 1105 3492 1149 ut

1909 1178 2130 1232 traditio
2158 1179 2338 1245 habet,
2364 1197 2512 1236 serra
2543 1194 2725 1239 sectus
2747 1202 2776 1238 e
2797 1187 2976 1241 medio
3010 1189 3236 1243 tollitur.
3263 1191 3492 1243 Verum-

1911 1275 2088 1322 tamen
2121 1279 2180 1324 ut
2216 1272 2393 1325 littera
2424 1275 2723 1342 prophetia
2751 1276 2870 1344 ejus
2892 1277 3153 1346 declarat,
3188 1279 3254 1333 ad
3284 1288 3412 1334 octo
3437 1287 3492 1333 et

1910 1366 2184 1432 octoginta
2216 1381 2390 1419 annos
2422 1367 2784 1434 prophetarit.

1909 1497 2061 1551 CAP.
2109 1496 2343 1552 LXXVI.
2379 1530 2447 1541 —
2482 1500 2612 1564 Qua:
2653 1510 2773 1553 sunt
2823 1501 3068 1554 Jeremire
3110 1505 3396 1570 vaticinia,
3437 1515 3486 1559 et

2108 1585 2351 1636 quamam
2385 1573 2521 1623 inter
2558 1573 2973 1638 provhetandum
3006 1575 3277 1626 sustinuit.

1986 1703 2169 1758 Primo
2199 1705 2366 1759 robur
2400 1707 2448 1759 ei
2487 1709 2645 1761 datur
2676 1723 2704 1761 a
2736 1707 2865 1773 Deo,
2898 1724 3005 1779 quo
3031 1715 3216 1778 posset
3247 1707 3489 1778 perferre

1913 1797 2291 1865 aggressiones
2336 1797 2388 1852 in
2430 1815 2552 1853 eum
2609 1805 2873 1855 excitatas
2924 1815 2953 1853 a
2993 1802 3195 1869 populo
3235 1810 3289 1854 et
3340 1803 3490 1869 prin-

1909 1889 2150 1955 cipibus,
2186 1890 2484 1958 praadicens
2516 1891 2716 1958 popqu
2747 1893 3046 1943 obventura
3092 1892 3228 1944 mala
3264 1900 3489 1961 propter

1910 1978 2350 2033 inobedientiam.
2382 1981 2449 2034 At
2484 1997 2606 2034 cum
2638 1981 2685 2035 ei
2719 1997 2824 2034 non
2857 1982 3190 2047 crederetur,
3229 1983 3491 2037 sustinuit

1909 2072 2110 2124 interea
2155 2073 2304 2126 solus
2336 2073 2700 2127 incommoda.
2747 2073 3143 2128 Prohibebatur
3179 2089 3363 2143 preces
3404 2072 3488 2127 of-

1908 2162 2048 2216 I‘ert'e
2095 2164 2202 2217 Deo
2260 2180 2354 2232 pro
2391 2166 2625 2234 pOptlIO,
2682 2167 2884 2235 quippe
2938 2182 3042 2218 non
3090 2165 3483 2227 exauditurus,

1907 2267 2028 2305 cum
2077 2253 2299 2306 modum
2355 2270 2572 2308 omnem
2627 2257 2951 2310 excede‘tent
2993 2255 3174 2324 populi
3230 2264 3487 2325 peccata.

1909 2344 2331 2400 intercessiones
2358 2357 2672 2401 sanctorum
2702 2364 2798 2417 pro
2833 2349 2961 2403 illis.
2987 2350 3122 2404 Cum
3153 2348 3490 2416 pseudopro-

1905 2436 2080 2506 pheta:
2116 2437 2388 2490 contraria
2431 2439 2556 2502 sibi,
2606 2439 2714 2492 imo
2767 2455 2827 2493 ea
2884 2456 3007 2510 quae
3059 2442 3263 2510 populo
3309 2440 3491 2508 place-

1907 2531 2037 2582 bant
2059 2529 2506 2593 vaticiuarentur,
2536 2531 2728 2600 eisque
2759 2531 2892 2586 lides
2925 2533 3216 2585 haberetur
3243 2570 3258 2594 ,
3295 2537 3490 2586 contu-

1907 2623 2124 2675 meliam
2161 2623 2460 2684 sustinuit,
2511 2621 2939 2692 tristissimeque
2984 2623 3305 2694 angebatur.
3349 2621 3494 2676 Prat-
3545 2636 3560 2650 '

1905 2716 2040 2771 dixit
2069 2716 2226 2769 etiam
2275 2716 2417 2784 quod
2452 2715 2617 2770 Israel
2665 2717 2942 2771 excideret
2991 2732 3019 2770 a
3061 2717 3238 2771 salute
3287 2717 3490 2786 popqu

1906 2810 2210 2879 promissa,
2263 2823 2426 2878 quam
2456 2818 2643 2877 gentrs
2690 2818 2875 2862 essent
2908 2817 3302 2863 consecutum.
3339 2806 3488 2862 Con-

1906 2903 2199 2971 templatus
2223 2910 2305 2955 est
2326 2897 2532 2956 formas
2557 2903 3080 2969 prwmonstrativas,
3109 2903 3224 2956 sive
3247 2900 3490 2955 {obeun-

1905 2996 2040 3048 tium
2081 3008 2112 3048 e
2145 2993 2344 3063 popqu
2393 2995 2764 3048 omnimodam
2811 2995 3332 3062 irrevocabilemque
3367 3006 3491 3062 per-

1906 3087 2198 3148 ditionem,
2247 3086 2299 3138 in
2352 3085 2531 3155 ﬁgliua
2587 3102 2779 3154 nempe
2825 3096 3219 3155 praestensam
3283 3100 3311 3139 a
3349 3093 3490 3140 testa

221 3182 408 3243 σόντος
443 3180 688 3250 κεράμου
721 3181 815 3248 καὶ
847 3181 1228 3252 συντριϐέντος
1269 3181 1627 3252 δεικνυμένην
1647 3201 1661 3217 ο
1692 3186 1802 3238 τῶν
1827 3220 1873 3280 c

1827 3220 1873 3280 ο
1910 3179 2053 3249 lapsa
2081 3187 2135 3234 et
2161 3177 2472 3245 confracta;
2502 3178 2617 3232 sive
2642 3176 2831 3232 eorum
2861 3180 2954 3249 qui
2989 3177 3277 3232 revocandi
3310 3185 3486 3239 erant,

217 3272 276 3324 δὲ
317 3271 888 3342 ἀνακληθησομὲνων,
941 3275 999 3325 ἐν
1051 3273 1129 3342 τῷ
1185 3276 1520 3330 ἀποπεσύντι
1578 3280 1640 3331 ὲκ
1688 3280 1803 3332 πῶν

219 3367 424 3438 χειρῶν
455 3366 550 3418 τοῦ
581 3367 872 3437 κεραμέως
910 3366 1018 3418 ἀπὸ
1054 3367 1148 3419 τοῦ
1185 3368 1418 3436 ὀργάνου
1455 3372 1673 3436 σκεύει,
1709 3373 1803 3424 καὶ⁵

219 3461 388 3514 πάλιν
419 3459 787 3528 ἀναληφθέντι
816 3459 906 3511 ὑπ’
933 3459 1100 3512 αὐτοῦ
1133 3460 1227 3512 τοῦ
1256 3461 1508 3529 ἐδάφους,
1544 3465 1637 3516 καὶ
1673 3468 1802 3518 ἀνα-

221 3551 538 3605 πλασθέντι.
581 3552 802 3604 Βασιλεῖ
826 3551 918 3604 τοῦ
971 3552 1139 3614 Ἰούδα
1179 3553 1258 3622 τῷ
1301 3556 1545 3622 Ἰωάχαζ,
1591 3557 1665 3618 ὡς
1699 3557 1804 3626 πρὸ

220 3643 358 3704 ὲνῶς
394 3643 506 3712 (95)
544 3642 889 3711 αἰχμάλωτος
917 3643 1102 3712 ἀχθεὶς
1138 3644 1243 3714 πρὸ
1273 3644 1368 3696 τοῦ
1413 3646 1761 3700 Βαϐυλωνίου
1785 3688 1800 3713 ,

221 3737 318 3789 καὶ
349 3735 449 3803 τῆς
493 3733 773 3802 βασιλείας
813 3733 1096 3797 παντελῶς
1127 3737 1467 3791 ἐκπεσεῖται.
1513 3739 1673 3792 Ἀλλὰ
1709 3742 1803 3793 καὶ

219 3825 299 3895 τῷ
331 3824 556 3894 Σεδεκίᾳ
604 3824 935 3892 προέλεγεν,
979 3827 1053 3888 ὼς
1091 3828 1382 3891 πανέστιος
1416 3830 1661 3901 αἰσχρῶς
1707 3833 1804 3904 τὴν

219 3917 420 3971 ἑαυτοῦ
452 3917 816 3985 καταστρέψει
851 3917 1148 3988 βασιλείαν.
1180 3920 1289 3973 Καὶ
1317 3921 1413 3990 τὴν
1445 3923 1804 3980 Βαϐυλωνίων

219 4012 399 4083 ἀρχὴν
474 4012 613 4081 μετὰ
651 4009 693 4063 o'
739 4011 836 4081 ἔτη
906 4012 1006 4080 τῆς
1048 4012 1144 4066 τοῦ
1215 4015 1466 4083 Ἰεχονίου
1511 4017 1801 4086 ἀποικῖας,

220 4104 722 4175 καθαιρεθήσεσθαι
770 4107 1178 4176 προεφήτευσε,
1231 4110 1325 4160 καὶ
1357 4107 1449 4160 τὸν
1491 4108 1620 4162 λαὸν
1668 4113 1806 4181 μετά

218 4197 324 4264 τὴν
354 4195 458 4264 τῆς
489 4194 766 4265 βασιλείας
799 4196 1278 4265 ἑπαναχθήσεσθαι
1308 4199 1649 4270 καθαίρεσιν.
1680 4203 1805 4266 Τοῖς

223 4287 375 4356 μετὰ.
393 4286 488 4338 τοῦ
534 4285 784 4355 Ἰεχονίου
821 4287 901 4345 είς
941 4288 1042 4356 τὴν
1071 4287 1418 4341 Βαϐυλωνίαν
1463 4292 1804 4346 ἀποικισθεῖ-

222 4396 344 4440 σιν,
397 4378 504 4429 ὑπὸ
533 4377 998 4448 ψευδοπροφητῶν
1037 4379 1417 4450 άπατωμένοις
1445 4422 1459 4446 ,
1499 4368 1576 4447 ῶς
1634 4387 1801 4438 ἐπαν-

223 4472 556 4542 αχϐήσονται
607 4471 705 4541 τὴν
751 4473 1035 4542 ταχίστην,
1060 4473 1347 4527 ἐπέστελλε
1399 4476 1473 4546 μὴ
1523 4478 1806 4535 πείθεσθαι

1907 3271 1961 3325 in
2016 3287 2081 3326 eo
2139 3272 2257 3339 ipso
2290 3286 2417 3325 vase
2456 3270 2600 3339 quod
2657 3272 2867 3326 excidit
2915 3275 2982 3324 ab
3018 3271 3384 3324 instrumento
3422 3269 3491 3322 de

1907 3379 2070 3418 manu
2104 3363 2274 3432 liguli,
2330 3379 2669 3431 rursumque
2701 3366 2768 3415 ab
2797 3377 2863 3416 eo
2892 3363 2959 3417 de
3003 3363 3171 3416 humo
3203 3370 3488 3430 acceptum

1906 3465 1960 3509 et
1994 3453 2346 3510 relormatum
2398 3456 2443 3486 "
2482 3464 2582 3509 est.
2638 3454 2895 3509 Praedixit
2929 3452 3168 3508 Joachaz
3209 3455 3317 3521 regi
3348 3451 3488 3506 Joda

1906 3549 1999 3619 qui
2037 3548 2285 3616 captivus
2314 3545 2511 3601 ductus
2542 3555 2624 3600 est
2661 3561 2689 3598 a
2723 3545 3055 3617 Babylonio',
3089 3544 3332 3598 futurum
3370 3558 3490 3597 om-

1908 3641 2038 3694 nino
2079 3648 2137 3694 ut
2175 3639 2381 3708 integro
2433 3650 2602 3706 regno
2645 3639 2938 3699 excideret.
3004 3636 3264 3690 Prwdixit
3323 3635 3488 3689 etiam

1909 3731 2168 3799 Sedeciae,
2205 3732 2348 3803 quod
2377 3731 2640 3801 inglorius
2673 3747 2792 3786 cum
2827 3731 3078 3784 universa
3108 3729 3278 3804 domo
3324 3742 3488 3781 suum

1907 3826 2157 3896 perderet
2196 3840 2442 3894 regnum.
2497 3822 2671 3876 Etiam
2719 3821 3137 3892 Babyloniorum
3197 3819 3489 3888 imperium

1908 3927 2030 3986 post
2075 3917 2142 3970 70
2187 3931 2363 3970 annos
2422 3931 2451 3969 a
2488 3915 2971 3983 transmigratioue
3022 3910 3303 3966 Jcchonia:
3340 3925 3494 3963 ever-

1907 4010 2127 4064 tendum
2169 4008 2513 4078 prophetarit
2559 4007 2603 4038 ”
2645 4025 2657 4060 :
2707 4014 2761 4059 et
2815 4005 3099 4074 pupulum,
3148 4017 3341 4056 everso
3373 4001 3487 4070 jam

1907 4117 2099 4172 regno,
2132 4102 2186 4155 iu
2219 4117 2374 4156 suam
2415 4100 2644 4170 patriam
2689 4099 3056 4152 revocandum
3096 4094 3231 4149 fore.
3271 4093 3351 4146 Ad
3393 4108 3495 4146 eos

1907 4196 1999 4266 qui
2031 4210 2154 4249 cum
2186 4191 2444 4247 Jechouia
2474 4193 2527 4245 iu
2554 4190 2905 4262 Babyloniam
2939 4188 3492 4256 transmigrzwcrunt,

1907 4297 1960 4344 et
1984 4304 2014 4343 a
2043 4286 2194 4341 falsis
2227 4284 2506 4355 prophetis
2539 4283 2972 4352 decipiebautur,
3000 4279 3158 4349 quasi
3191 4278 3286 4346 qui
3324 4291 3493 4345 quam

1907 4381 2171 4437 citissime
2195 4379 2248 4432 in
2275 4377 2503 4447 patriam
2526 4383 2710 4430 essent
2739 4373 3052 4436 revocandi,
3079 4371 3290 4426 litteras
3317 4369 3487 4424 misit.

1911 4481 1971 4527 ut
2002 4487 2067 4524 ne
2097 4469 2381 4523 crederent
2409 4467 2535 4532 illis,
2571 4466 2664 4522 sed
2700 4471 3089 4535 exspectarent
3117 4476 3212 4516 eos
3249 4475 3486 4528 quoque,

221 4565 468 4626 τούτοις,
514 4565 626 4616 ἀλλ’
673 4564 994 4634 ἐκδέχεσθαι
1045 4568 1140 4619 καὶ
1193 4570 1316 4630 τοὺς
1366 4570 1423 4620 ὲν
1451 4571 1518 4637 τῇ
1575 4570 1802 4642 Ἰουδαία
1839 4571 1878 4625 0

1839 4571 1878 4625 D
1909 4564 2000 4632 qui
2029 4563 2081 4616 in
2114 4560 2301 4615 Judzea
2331 4575 2455 4614 cum
2484 4557 2707 4612 Sedccia
2744 4562 3142 4619 remanserant,
3172 4553 3338 4607 simul
3364 4568 3489 4606 cum

224 4659 365 4728 μετὰ
404 4656 500 4710 τοῦ
544 4657 793 4711 Σεδεκίου
838 4661 1236 4730 μεμενηκότας,
1273 4661 1388 4729 ἅμα
1417 4663 1598 4726 αὐτοῖς
1643 4665 1804 4717 ἀποι-

220 4751 598 4823 κισθησεσθαι.

220 4890 473 4944 KE'I'AA.
507 4888 624 4945 OZ'.
661 4922 725 4932 —
760 4890 902 4945 Τίνα
935 4891 1106 5014 ea?»
1134 4891 1170 4945 ἂ
1206 4893 1659 4963 προεφήτευσεν
1693 4899 1802 4949 Σο-

898 4979 1014 5014 cor
1040 4981 1131 5014 ac.

897 4979 1131 5031 φονίας.

308 5099 396 5158 Ὠς
427 5100 761 5170 ὲκκάθαρτις
793 5101 886 5170 τῆς
923 5101 1115 5163 κακίας
1143 5102 1454 5171 γενήσεται.
1503 5103 1590 5165 Ὠς
1630 5105 1660 5173 ἡ
1705 5104 1800 5156 ἰε-

222 5193 508 5263 ρουσαλὴμ
551 5196 621 5246 τά
673 5195 996 5246 Χαναναίων
1039 5195 1328 5266 πράξασα,
1368 5198 1437 5250 τὰ
1478 5199 1797 5252 Χαναναίων

221 5286 492 5338 πείσεται.
531 5286 686 5338 Κατὰ
729 5286 837 5337 τῶν
900 5286 1072 5338 ἐθνῶν
1128 5288 1379 5357 προλέγει
1431 5291 1541 5342 τῶν
1592 5294 1796 5343 ἐπανα-

220 5377 466 5431 στάντων
505 5377 584 5446 τῷ
639 5378 787 5448 λαῷ,
821 5378 895 5442 ὡς
939 5382 1439 5451 τιμωρηθήσονται.
1497 5384 1606 5436 Καὶ
1661 5384 1798 5436 κατᾶ

217 5471 318 5532 τῆς
344 5471 554 5536 Νινευὶ,
584 5471 659 5534 ῶς
685 5473 988 5541 ἐπαρθεῖσα
1029 5475 1522 5546 κατενεχθήσεται.

294 5698 344 5730 ⁸⁸
377 5696 580 5753 Jerem.
621 5715 776 5763 xvnt,
809 5716 914 5754 Ml.
998 5703 1042 5733 ’³
1073 5701 1271 5758 Jercm.
1310 5721 1432 5757 xxv.

1903 4657 2009 4711 illis
2044 4656 2096 4710 in
2129 4653 2675 4722 transmigrationem
2707 4649 3076 4719 deportandos

1901 4898 2051 4953 CAP.
2107 4897 2364 4952 LXXVII.
2408 4930 2469 4939 —
2529 4899 2660 4962 Qum
2704 4906 2824 4950 sunt
2869 4895 3124 4950 vaticinia
3181 4893 3486 4961 SoplwnitB.

1971 5101 2126 5167 Quod
2169 5100 2491 5168 expurgatio
2537 5099 2841 5169 iniquitatis
2877 5098 2965 5151 [iet
3017 5116 3029 5151 :
3079 5096 3226 5165 quod
3265 5094 3489 5150 Jerusa-

1900 5193 2002 5248 lem
2035 5209 2155 5262 qua:
2184 5193 2524 5246 Chauanams
2559 5206 2722 5260 Opere
2761 5190 2966 5242 imitata
2997 5196 3100 5250 est,
3141 5186 3488 5241 Chanaan-

1906 5303 2025 5339 rum
2069 5287 2331 5339 sortietur
2357 5294 2636 5355 eventum.
2685 5282 2886 5336 Contra
2929 5290 3117 5352 gentes
3161 5295 3280 5347 qua:
3319 5294 3492 5346 popu-

1905 5379 2014 5432 lum
2053 5379 2411 5449 appetebant,
2457 5376 2698 5446 praedicit
2739 5377 2790 5429 in
2841 5388 2933 5428 eas
2981 5388 3104 5427 esse
3144 5369 3490 5424 animadver-

1904 5475 2125 5526 tendum
2176 5491 2189 5528 :
2224 5482 2276 5528 et
2313 5473 2380 5529 do
2417 5471 2610 5526 Ninive
2639 5469 2733 5535 ait,
2775 5466 2923 5539 quod
2953 5466 3188 5523 exaltata
3224 5462 3485 5518 humilia-

1907 5567 2071 5620 hitur.

295 5855 410 5924 (θῦ)
451 5855 576 5913 llmc
629 5860 791 5914 verba
834 5857 1045 5915 Fabric.
1094 5860 1484 5930 interpretatur
1544 5871 1662 5916 ante
1707 5863 1854 5916 breve
1896 5870 2115 5930 tempus.
