4248 6438
780 398 853 461 95
2295 398 2600 460 JOSEPPI
3979 405 4052 468 96

778 512 933 569 CAP.
984 510 1266 568 LXXVIII.
1309 543 1378 554 —
1426 514 1683 580 Quazuam
1734 515 2062 586 propltetuvit
2110 516 2353 587 Aggtmts.
2382 518 2435 578 Α

2382 508 2734 578 ΑΚΕΦᾹΛ.’
2762 516 2889 574 Oll'.
2938 547 3006 560 —-
3058 517 3196 573 Τίνα
3245 516 3719 586 προεφήτευσεν.
3754 518 4044 585 Ἀγγαῖος.

850 648 978 702 Post
1031 648 1267 704 reditum
1318 648 1501 720 populi
1555 664 1585 705 e
1627 649 1975 721 captivitate,
2026 652 2359 721 prophetans

778 742 962 811 culpat
996 756 1267 807 reversos,
1298 751 1582 813 propterea
1604 746 1749 815 quod
1773 745 2137 814 negligentius
2169 760 2360 816 aggre-

778 835 1040 888 derentur
1070 835 1253 905 templi
1293 836 1712 892 aediﬁcationem
1735 877 1750 903 ,
1785 851 1992 907 eosque
2035 838 2360 895 adhortatur

778 936 837 980 ut
882 927 931 981 ei
965 941 1186 980 manum
1239 927 1584 985 admoveant.
1626 928 1947 986 Zorobabeli
1987 939 2043 986 et
2085 930 2214 987 Jesu
2248 932 2358 988 ﬁlio

775 1016 1006 1073 Josedec
1058 1019 1292 1076 ducibus
1337 1022 1517 1091 populi
1558 1022 1906 1087 vaticinatur,
1945 1025 2090 1092 quod
2123 1025 2358 1080 habeant

781 1110 946 1165 Deum
977 1114 1323 1168 assisteutem
1361 1114 1463 1167 sibi
1499 1124 1607 1167 tam
1644 1116 1695 1168 in
1742 1116 1925 1187 templi
1969 1118 2353 1183 aediﬁcatione,

776 1219 941 1271 quam
972 1206 1025 1258 in
1054 1207 1235 1275 populi
1278 1206 1559 1276 regimiuc.
1601 1205 1738 1261 Cum
1776 1209 2154 1265 sacerdotibus
2191 1209 2354 1263 etiam

777 1299 1077 1362 contendit,
1115 1299 1261 1368 quod
1309 1300 1452 1354 bona
1489 1316 1653 1369 opera
1688 1303 2202 1360 sanctiﬁcationetn.
2246 1317 2353 1357 non

779 1400 906 1440 vero
938 1401 1221 1441 sacrorum
1262 1389 1511 1444 ciborum
1540 1406 1669 1446 esus
1698 1400 1937 1461 praestet.

839 1585 991 1642 CAP.
1033 1587 1271 1644 LXXIX.
1313 1620 1383 1629 —
1424 1592 1556 1657 Qua?
1583 1594 1911 1661 prophetavit
1958 1594 2277 1653 Zacharias.

842 1698 898 1753 In
940 1703 1261 1757 memoriam
1301 1714 1519 1758 revocat
1550 1705 1715 1774 impia
1757 1705 2000 1761 facinora
2034 1710 2351 1778 progenito-

772 1807 894 1845 rum
926 1796 1130 1863 pupilli,
1162 1811 1256 1863 per
1285 1812 1406 1865 quae
1434 1797 1583 1851 ducti
1617 1798 1833 1851 fuerant
1872 1800 1925 1852 in
1959 1800 2349 1868 captivitatem.

2532 651 2684 707 Μετᾶ
2709 651 2808 722 τὴν
2837 649 3095 704 ἐπάνοδον
3129 650 3223 703 τοῦ
3253 648 3406 715 λαοῦ,
3429 646 3531 717 τὴν
3560 648 3669 701 ἀπὸ
3707 647 3804 717 τῆς
3840 650 4016 717 αἱχμα

2460 746 2683 809 λωσίας,
2713 742 3073 815 προφητεύων
3101 743 3343 797 αἰτιᾶται
3379 743 3491 803 τοῖς
3522 738 3935 801 ἐπανελθοῦσιν,
3963 742 4047 795 ὅτι

2462 838 2835 909 ῥαθυμότερον
2879 835 3282 905 προσφέρονται
3314 836 3382 905 τῇ
3421 833 3516 887 τοῦ
3564 831 3695 886 ναοῦ
3746 833 4003 902 οἰκοδομῇ
4028 874 4044 895 ,

2460 930 2551 982 καὶ
2583 928 2953 1000 προτρέπεται
2983 926 3188 995 ταύτης
3223 924 3465 994 ἔχεσθαι.
3499 924 3589 994 Τῷ
3619 941 3677 977 τε
3708 925 4039 995 Ζοροϐάϐελ,

2459 1025 2554 1075 καὶ
2585 1024 2662 1093 τῷ
2711 1023 2806 1077 τοῦ
2857 1020 3103 1076 Ἰωσεδὲκ
3148 1021 3326 1092 Ἰησοῦ
3358 1024 3472 1084 τοῖς
3500 1022 3595 1075 τοῦ
3638 1022 3771 1076 λαοῦ
3804 1023 4044 1095 ἡγεμόσι

2459 1115 2812 1184 προφητεύει,
2846 1114 2922 1177 ὼς
2964 1114 3147 1185 ἔχουσι
3179 1115 3269 1166 τὸν
3308 1113 3443 1166 Θεὸν
3484 1114 3821 1185 προστάτην,
3860 1116 3951 1166 ἐπί
3981 1129 4043 1165 τε

2458 1210 2523 1277 τῇ
2560 1204 2651 1258 τοῦ
2687 1206 2816 1261 ναοῦ
2864 1206 3122 1275 οἰκοδομῇ
3170 1206 3265 1257 καὶ
3311 1208 3377 1274 τῇ
3419 1204 3514 1257 τοῦ
3549 1204 3682 1258 λαοῦ
3721 1205 4042 1275 ἐπιστασίᾳ.

2459 1300 2567 1353 Kal.
2606 1299 2742 1369 πρὸς
2764 1300 2892 1361 τοὺς
2928 1301 3094 1368 ἱερεῖς
3124 1297 3511 1360 ἀποτείνεται,
3538 1297 3615 1361 ὼς
3651 1299 3684 1367 ἡ
3713 1297 4044 1367 δικαιοπρα-

2458 1393 2551 1460 γία.
2581 1393 2670 1445 τὸν
2702 1390 2995 1460 ἁγιασμδν,
3022 1392 3121 1461 οὐχ
3152 1393 3184 1461 η
3217 1391 3328 1444 τῶν
3358 1392 3520 1460 ἱερῶν
3558 1391 3865 1463 βρωμάτων
3903 1391 4043 1462 βρῶο

2458 1502 2543 1546 σις
2576 1484 2898 1553 παρέχεται.

2456 1597 2705 1650 ΚΕΦΑΛ.
2746 1593 2868 1650 ΟΘ’.
2913 1625 2982 1635 -
3031 1597 3169 1649 Τίνα
3214 1596 3676 1666 προεφήτευσεν
3717 1598 4041 1665 Ζαχαρίας.

2538 1708 2880 1778 ’Υπόμνησιν
2914 1713 3153 1764 ποιεῖται
3194 1709 3305 1763 τῶν
3333 1713 3680 1779 προγονικῶν
3712 1712 4043 1766 δυσσεὸειῶν

2456 1800 2551 1854 τοῦ
2605 1801 2770 1864 λαοῦ,
2805 1801 2872 1854 δι’
2926 1802 2991 1865 ἃς
3035 1804 3363 1874 ἀπήχθησαν
3394 1806 3475 1867 είς
3531 1805 3930 1876 αἰχμαλωσίαν.
3963 1807 4045 1858 Δι’

772 1883 877 1939 Per
906 1887 1081 1940 risum
1134 1903 1243 1956 quo
1293 1889 1505 1958 species
1536 1906 1802 1959 equorum
1836 1893 2028 1959 crevit,
2064 1904 2116 1949 et
2162 1909 2353 1951 ascen-
2385 1880 2426 1932 Β

2385 1880 2721 1957 Βόπτασίας
2777 1894 2878 1962 τῆς
2931 1894 3044 1947 τῶν
3101 1895 3286 1949 ἵππων
3348 1897 3559 1959 είδέας,
3623 1900 3716 1949 καὶ
3779 1898 4040 1951 ἐπιδάτοιι

773 1978 913 2031 soris
969 1979 1118 2049 equi,
1184 1980 1412 2035 intuitus
1460 1988 1545 2036 est
1583 1997 1703 2035 eam
1758 1998 1944 2037 curam
1998 1987 2180 2056 populi
2231 1998 2354 2055 post

772 2068 1029 2136 reditum,
1065 2086 1230 2141 quam
1270 2074 1446 2143 angeli
1503 2074 1795 2130 habebant.
1855 2075 1999 2131 Vidit
2042 2079 2205 2132 etiam
2258 2078 2353 2134 de—

769 2164 1123 2219 structionem
1151 2173 1389 2236 quatuor
1418 2182 1730 2236 regnorum,
1762 2184 1884 2238 quae
1923 2169 2182 2238 populum
2216 2186 2353 2239 prae-

771 2255 854 2308 liis
877 2255 1241 2326 impetierant,
1275 2258 1327 2310 in
1355 2268 1590 2326 quatuor
1607 2260 1890 2325 cornibus,
1915 2270 1969 2314 et
1992 2276 2087 2331 per
2112 2271 2351 2331 quatuor

770 2347 1008 2402 artiﬁces
1032 2346 1295 2403 futuram.
1328 2347 1513 2403 Crevit
1540 2359 1593 2404 et
1618 2351 2015 2423 Hierosolyma:
2047 2353 2348 2423 perfectum

768 2439 1031 2494 divinitus
1060 2441 1400 2496 elaboratum
1431 2444 1745 2510 :ediﬁciutu,
1779 2444 2135 2516 [uturumque
2163 2449 2349 2519 populi

770 2534 1000 2588 reditum
1034 2550 1098 2589 ex
1127 2535 1487 2605 dispersione.
1522 2536 1678 2602 Quod
1701 2539 1864 2595 etiam
1899 2540 2206 2610 insurgeret
2238 2541 2351 2596 dia-

768 2627 925 2680 holus
956 2635 1146 2681 contra
1175 2628 1361 2682 .Iesum
1394 2628 1563 2682 ﬁlium
1596 2628 1829 2686 Joscdec
1860 2632 2223 2699 sacerdotem,
2254 2635 2347 2703 qui

765 2728 882 2774 erat
921 2729 1080 2790 typus
1121 2719 1337 2774 Domini
1389 2723 1559 2775 nostri
1595 2721 1726 2779 Jcsu
1778 2726 2053 2793 pontiﬁcis
2084 2724 2343 2782 caelestis.

769 2809 925 2865 Videt
954 2821 1007 2865 et
1054 2812 1269 2866 ruinam
1299 2813 1526 2879 diaboli,
1570 2831 1693 2884 qua:
1721 2816 1955 2885 contigit
1993 2816 2065 2871 ob
2106 2818 2345 2874 divinam

765 2906 1284 2973 increpationem".
1323 2906 1677 2976 Perjurorum
1727 2907 2107 2963 omnimodum
2158 2908 2348 2963 interi-

764 3008 879 3051 tum
926 2998 1328 3067 contemplatus
1357 3008 1473 3065 εει,
1516 3009 1576 3076 et
1617 2999 1909 3066 impiorum
1943 3000 2345 3057 demersionem

764 3090 819 3145 ξιι
849 3090 1183 3161 profundum
1225 3092 1443 3146 inferni.
1488 3092 1632 3146 Vidit
1668 3102 1723 3146 et
1748 3109 1911 3162 quam
1953 3095 2140 3148 mundi
2177 3096 2347 3152 totius

763 3200 954 3240 curam
986 3185 1186 3239 habent
1208 3186 1383 3255 angeli
1409 3184 1463 3238 in
1492 3195 1617 3255 typo
1644 3196 1885 3255 quatuor
1902 3202 2165 3242 curruum
2190 3189 2346 3245 exhi-

765 3277 931 3332 bitam
994 3276 1159 3332 variis
1197 3276 1354 3347 equis
1418 3277 1690 3348 adjugalis
1730 3286 2050 3333 tractorum.
2100 3277 2250 3334 Vidit
2295 3289 2349 3335 et

766 3369 1076 3438 pontiﬁcem
1115 3371 1166 3423 in
1200 3379 1326 3441 typo
1358 3369 1683 3433 Salvatoris,
1715 3371 1807 3440 qui
1842 3370 1894 3424 in
1943 3371 2119 3426 reditu
2164 3371 2347 3443 populi

764 3460 1095 3525 pontiﬁcalia
1142 3462 1326 3514 munia
1358 3462 1668 3526 exercebat,
1710 3459 1895 3518 Jesum
1945 3479 2139 3532 nempe
2173 3464 2345 3520 ﬁlium

762 3552 1012 3616 J'isedec,
1044 3554 1111 3609 de
1145 3554 1487 3623 ignobilitate
1520 3554 1586 3609 ad
1622 3555 1849 3625 gloriam
1878 3566 2221 3627 provectum.

833 3728 1185 3800 Pmphetavit
1217 3731 1371 3787 etde
1415 3733 1670 3803 gentibus
1707 3733 1760 3788 in
1824 3734 1929 3790 ﬁde
1973 3738 2344 3805 assumendis,

763 3838 827 3876 ac
860 3835 1044 3892 p05tea
1080 3824 1147 3877 de
1185 3824 1357 3893 ipsius
1390 3823 1606 3879 Israelis
1664 3827 2045 3894 assumptione
2068 3869 2083 3893 ,
2115 3831 2344 3901 etquod

764 3916 1136 3970 Antichristus
1166 3917 1547 3971 adversabitur
1584 3917 1898 3986 hujusmodi
1927 3923 2294 3991 assumptioui
2327 3940 2343 3978 :

763 4010 831 4064 ad
857 4024 995 4078 quas
1026 4010 1342 4079 ﬁgurandas
1392 4010 1529 4064 duas
1560 4011 1878 4068 vocationes
1929 4022 2056 4085 typo
2096 4030 2231 4070 usus
2264 4026 2349 4071 est

761 4103 992 4172 duplicis
1042 4101 1338 4158 confracta:
1406 4105 1593 4174 virgae.
1640 4102 1983 4162 Vaticittattts
2043 4119 2131 4163 est
2179 4110 2345 4163 etiam

765 4195 979 4249 Domini
1011 4196 1396 4265 proditionem,
1430 4196 1687 4266 quodque
1716 4213 1812 4267 pro
1838 4198 2024 4253 debito
2060 4200 2161 4269 ipsi
2189 4216 2219 4255 a
2248 4216 2348 4271 po-

763 4288 891 4355 pulo
923 4288 1131 4341 honore
1163 4297 1217 4341 et
1249 4288 1556 4351 beneﬁciis,
1582 4289 1801 4356 triginta
1838 4305 1964 4343 eum
1993 4291 2178 4347 aureis
2207 4308 2343 4347 ven-

761 4380 995 4433 diderint
1028 4397 1041 4430 :
1078 4378 1226 4447 quod
1243 4394 1339 4432 ens
1372 4394 1469 4447 pro
1500 4379 1808 4447 proditione
1843 4380 2013 4435 ludus
2044 4384 2341 4449 acceperit,

760 4477 815 4520 ct
844 4467 989 4537 quod
1021 4468 1072 4519 in
1104 4468 1497 4537 gazophylacio
1528 4484 1724 4522 aurum
1756 4470 1986 4525 missum
2021 4470 2207 4537 fuerit,
2240 4474 2346 4528 ite-

2456 1983 2646 2046 ἵππου,
2684 1983 2786 2053 τὴν
2832 1985 3210 2055 γεγενημένην
3254 1987 3324 2039 δι’
3353 1986 3603 2054 ἀγγέλων
3626 2027 3640 2047 .
3668 1990 3771 2059 ὁρᾷ
3817 1989 3917 2058 τὴν
3946 1988 4042 2042 τοῦ

2454 2071 2606 2137 λαοῦ,
2638 2074 2777 2142 μετὰ
2809 2075 2910 2146 τὴν
2943 2076 3205 2129 ἐπάνοδον
3241 2077 3592 2147 κηδεμονίαν,
3642 2078 3740 2131 καὶ
3774 2078 3883 2131 τῶν
3911 2094 4046 2131 τεσ-

2455 2169 2637 2236 σάρων
2667 2165 2957 2236 βασιλειῶν
2983 2168 3093 2221 τῶν
3129 2169 3631 2238 ὲκπολεμησάντων
3658 2170 3772 2238 (94)
3798 2170 3891 2223 τὸν
3912 2169 4044 2223 λαὸν

2452 2258 2552 2328 τὴν
2599 2257 2919 2329 καθαίρεσιν
2948 2259 3087 2329 ὁρᾷ,
3127 2260 3185 2312 ὲν
3213 2260 3479 2331 τέσσαρσι
3512 2261 3740 2333 κέρασι,
3789 2260 3878 2314 διὰ
3906 2278 4039 2314 τεσ-

2454 2350 2635 2421 σάρων
2662 2350 2930 2404 τεκτόνων
2956 2353 3352 2422 γενησομένην.
3402 2353 3539 2424 Ὀρᾷ
3567 2354 3662 2407 καὶ
3695 2354 3796 2422 τῆς
3836 2353 4043 2423 Ἰερου-

2453 2442 2636 2511 σαλὴμ
2664 2443 2766 2513 τὴν
2797 2441 2983 2512 ιντελῆ
3026 2442 3177 2495 θείαν
3204 2444 3541 2514 οίκώομίαν,
3573 2445 3664 2499 καὶ
3709 2445 3809 2517 τὴν
3841 2448 3909 2499 ἐκ
3936 2444 4044 2516 τῆς

2451 2535 2755 2605 διασπορᾶς
2788 2533 2886 2586 τοῦ
2914 2534 3045 2588 λαοῦ
3076 2535 3334 2589 ἐπάνοδον
3363 2536 3757 2607 γενησομένην,
3813 2537 3909 2592 καὶ
3938 2536 4041 2609 τὴν

2450 2627 2826 2681 ἐπανάστασιν
2872 2627 2966 2681 τοῦ
3023 2627 3311 2693 διαϐόλου,
3372 2629 3474 2699 τὴν
3526 2630 3670 2683 κατὰ
3720 2630 3899 2701 Ἰησοῦ
3940 2630 4041 2685 τοῦ

2462 2718 2710 2773 Ἰωσεδὲκ
2758 2720 3089 2791 ἀρχιερέως,
3137 2720 3200 2783 ὂς
3246 2721 3339 2775 καὶ
3370 2715 3437 2792 ἦν
3479 2720 3573 2775 τοῦ
3623 2722 3832 2793 Κυρίου
3879 2721 4043 2792 ἡμῶν

2464 2811 2635 2879 Ἰησοῦ
2663 2810 2759 2865 τοῦ
2794 2811 3044 2883 οὐρανίου
3079 2812 3382 2882 ἀρχιερέως
3412 2810 3604 2875 τύπος.
3650 2813 3785 2883 Ὀρᾷ⁸
3813 2814 3904 2866 καὶ
3938 2812 4043 2885 τὴν

2447 2902 2507 2966 ἐξ
2536 2904 2912 2973 ἐπιτιμήσεως
2940 2901 3076 2956 Θεοῦ
3108 2903 3317 2956 πτῶσιν
3352 2904 3733 2974 γεγενημένην
3773 2902 3870 2958 τοῦ
3914 2903 4040 2959 δια-

2449 2992 2628 3047 ϐόλου.
2662 2994 2774 3065 Τὴν
2830 2997 2947 3058 τοῖς
2989 2993 3309 3064 ἐπιορκοῦσι
3371 2995 3718 3065 πανώλεθρον
3774 2995 4044 3051 δθεάσατο

2446 3084 2763 3155 διαφθορὰν,
2796 3088 2892 3140 καὶ
2916 3086 3016 3156 τὴν
3042 3086 3153 3139 τῶν
3191 3086 3596 3142 δυσσεδούντων
3616 3088 3695 3152 είς
3726 3087 3887 3159 βυθὸν
3907 3088 4042 3161 ᾅδου

2450 3177 2825 3231 κατάπτωσιν.
2858 3179 2972 3249 Τὴν
3001 3179 3361 3250 περικόσμιον
3387 3180 3689 3253 ἀγγελικὴν
3712 3182 4043 3236 ἐπιστασίαν

2448 3273 2701 3326 τεθέαται
2754 3277 2812 3326 ἐν
2864 3275 3020 3345 τύπῳ
3070 3275 3356 3344 τεσσάρων
3407 3276 3706 3346 ἁρμάτων,
3765 3276 4041 3341 ποικίλοις

2451 3362 2641 3427 ἵπποις
2664 3361 3091 3434 ὑπεζευγμένων
3120 3366 3542 3435 ὲπιδειχθεῖσαν.
3575 3363 3697 3421 Εἷδε
3723 3370 3817 3422 καὶ
3850 3370 3945 3422 τὸν
3980 3372 4045 3423 ἐν

2448 3455 2607 3527 τύπῳ
2642 3456 2739 3510 τοῦ
2776 3456 3029 3529 Σωτῆρος
3085 3458 3381 3530 ἀρχιερέα,
3435 3458 3529 3512 τὸν
3576 3461 3636 3514 ὲν
3678 3463 3746 3531 τῇ
3789 3460 4044 3531 ἒπανόδῳ

2448 3544 2544 3598 τοῦ
2580 3546 2711 3600 λαοῦ
2748 3548 3274 3618 ἀρχιερατεύσαντα,
3323 3548 3533 3619 Ἰησοῦν
3573 3550 3667 3605 τὸν
3701 3552 3797 3606 τοῦ
3855 3553 4043 3607 Ἰωσε-

2447 3638 2564 3698 δὲκ.
2601 3640 2660 3705 ἐξ
2686 3639 2901 3705 ἀδοξίας
2933 3641 3009 3704 είς
3041 3641 3199 3706 δόξαν
3225 3642 3656 3713 προεληλυθότα.

2522 3732 2909 3804 Προεφήτευσε
2941 3735 3036 3787 καὶ
3070 3735 3199 3807 περὶ
3236 3735 3346 3789 τῶν
3380 3736 3551 3790 ἐθνῶν
3580 3738 3637 3791 ἐν
3666 3736 3846 3791 πίστει
3902 3755 4045 3807 προ-

2449 3819 2663 3890 λήψεως
2700 3821 2920 3894 [προσ-Ι
2946 3864 2963 3887 ,
3007 3824 3101 3876 καὶ
3135 3824 3235 3893 τῆς
3285 3825 3379 3878 τοῦ
3415 3826 3632 3897 Ἰσραὴλ
3668 3828 3809 3897 μετὰ
3861 3827 4044 3882 ταῦτα

2449 3913 2856 3985 γενησομένης’
2892 3914 2990 3969 καὶ
3015 3914 3093 3979 ὡς
3135 3917 3165 3969 ὁ
3204 3915 3570 3988 Ἀντίχριστος
3599 3918 3921 3989 ἐπιθήσεται
3971 3904 4043 3993 τῇ

2450 4005 2676 4077 τοιαύτῃ
2705 4006 3039 4077 προσλήψει.
3083 4010 3165 4071 εἰς
3207 4010 3304 4064 δύο
3350 4010 3578 4082 ρἀδους
3631 4012 4047 4083 περικοφθησο-

2454 4096 2623 4164 μένας
2651 4096 2752 4158 τὰς
2779 4096 2874 4151 δύο
2902 4097 3127 4168 κλήσεις
3157 4100 3460 4158 ὲπιτυπῶν.
3506 4103 3743 4173 Προεῖπε
3773 4105 3867 4157 καὶ
3910 4105 4048 4173 περὶ

2449 4188 2550 4255 τῆς
2578 4187 2673 4241 τοῦ
2708 4188 2916 4259 κυρίου
2963 4193 3274 4262 προδοσίας,
3303 4193 3379 4256 ὡς
3406 4196 3528 4248 ἀντὶ
3555 4195 3656 4264 τῆς
3679 4196 4048 4267 ὀφειλομένης

2449 4279 2603 4349 αὐτῷ
2637 4281 2790 4353 παρὰ
2834 4283 2932 4336 τοῦ
2968 4284 3098 4337 λαοῦ
3123 4285 3295 4356 τιμῆς
3346 4286 3442 4340 καὶ
3499 4289 3844 4360 εὐεργεσίας,
3877 4291 4046 4361 τριά-

2451 4390 2617 4426 κοντα
2648 4374 2868 4444 χρυσῶν
2902 4375 3065 4429 αὐτὸν
3105 4378 3464 4448 ἐτιμήσαντο,
3488 4380 3564 4444 ὡς
3599 4382 3739 4452 ὑπὲρ
3767 4382 3864 4452 τῆς
3908 4401 4046 4453 προ-

2449 4464 2635 4531 δοσίας
2666 4467 2696 4519 ὁ
2739 4466 2942 4529 Ἰούδας
2971 4468 3207 4539 είλήφει,
3227 4472 3324 4525 καὶ
3344 4471 3419 4535 ὡς
3448 4473 3507 4525 ἐν
3534 4472 3612 4543 τῷ
3643 4473 4045 4547 γαζοφυλακίῳ

762 4576 993 4628 rumque
1026 4574 1325 4628 expensum
1385 4562 1437 4614 in
1491 4562 1725 4628 pretium
1778 4563 1895 4632 agri
1934 4562 2105 4632 ﬁguli.
2142 4563 2340 4621 lterum
2380 4583 2423 4639 ι)

2380 4583 2423 4639 D
2453 4556 2512 4609 τὸ
2547 4558 2768 4629 χρυσίον
2802 4559 3049 4622 ἐϐάλετο,
3087 4562 3181 4613 καὶ
3219 4562 3381 4616 πάλιν
3410 4564 3492 4627 είς
3521 4563 3690 4635 τιμήν
3730 4565 3823 4620 τοῦ
3864 4568 4044 4636 ἀγροῦ

758 4654 827 4707 de
856 4653 1212 4712 Antichristo,
1245 4653 1395 4721 quod
1450 4653 1828 4708 adversabitur
1855 4655 2082 4721 sanctis,
2134 4668 2188 4711 et
2244 4656 2341 4712 tle-

758 4756 1026 4801 struetur.
1100 4745 1453 4814 Prophetavit
1513 4755 1569 4800 et
1626 4744 1695 4801 de
1781 4747 2007 4801 salutari
2086 4750 2344 4817 passione

758 4841 985 4905 Christi,
1036 4849 1091 4894 ct
1136 4839 1204 4895 de
1233 4840 1474 4910 glorioso
1505 4838 1739 4892 adventu
1770 4839 1937 4903 illius,
1972 4840 2234 4911 quodque
2286 4842 2340 4896 in

759 4945 944 4989 monte
992 4934 1263 4988 olivarum
1298 4931 1652 5001 appariturus
1685 4941 1852 4986 esset.
1892 4930 2234 4989 Vaticinatus
2257 4942 2341 4989 est

755 5032 919 5084 etiam
951 5028 1288 5082 invasionem
1319 5026 1435 5096 Gog
1465 5036 1520 5080 et
1554 5025 1766 5097 Magog,
1796 5035 1850 5079 et
1892 5035 2209 5082 sanctorum
2257 5027 2338 5080 lo-

755 5135 969 5181 corum,
998 5134 1119 5189 qua:
1152 5119 1205 5172 in
1250 5117 1356 5171 line
1389 5117 1694 5171 obventura
1742 5124 1880 5180 crat,
1916 5116 1968 5170 in
1998 5132 2234 5187 eumque
2266 5118 2343 5172 di-

759 5215 963 5266 vinitus
1024 5213 1326 5267 immissam
1373 5210 1708 5275 vindictam,
1756 5212 1887 5277 quin
1945 5210 2110 5263 etiam
2192 5210 2338 5280 quod

759 5317 946 5375 postea
983 5316 1171 5376 gentes
1248 5307 1565 5376 huiusmodi
1628 5304 1906 5359 habebunt
1953 5306 2338 5373 comparanda:

758 5402 953 5453 salutis
995 5398 1224 5459 fontem,
1262 5399 1561 5453 exhibitam
1622 5412 1820 5467 nempe
1864 5396 1973 5451 Deo
2014 5398 2068 5451 in
2112 5395 2337 5452 Jerusa-

758 5493 861 5544 leni
892 5491 1293 5558 adorationem,
1324 5507 1447 5561 qua:
1476 5492 1546 5547 ab
1574 5492 1710 5563 ipsis
1740 5492 2044 5563 praestanda
2077 5491 2170 5546 sit.

830 5700 873 5731 ³³
899 5696 1069 5752 Zach.
1106 5714 1185 5763 ιιι,
1224 5698 1284 5763 Et;
1320 5695 1473 5751 ludat
1502 5696 1589 5752 l9.

833 5856 941 5925 (lli)
975 5854 1133 5910 Forlc
1175 5851 1659 5924 ἐκπολεμησοισῶν.

2453 4649 2545 4704 τοῦ
2575 4652 2867 4720 κεραμέως
2888 4652 3210 4718 ἐξώιάζετο.
3240 4654 3349 4708 Καὶ
3376 4656 3505 4726 περὶ
3532 4656 3625 4709 τοῦ
3663 4657 4043 4728 Ἀντιχρίστου

2450 4742 2633 4806 πάλιν,
2663 4743 2738 4802 ὼς
2766 4744 3086 4815 ἐπιθήσεται
3111 4747 3222 4809 τοῖς
3267 4747 3465 4816 ἁγίοις.
3497 4750 3591 4802 καὶ
3641 4750 4045 4823 καθαιρεθήσε-

2453 4854 2567 4892 ται.
2600 4838 3020 4909 Προεφήτευσεν
3055 4839 3150 4892 καὶ
3184 4841 3315 4909 περὶ
3366 4839 3461 4894 τοῦ
3499 4843 3774 4914 σωτηρίου
3830 4846 4045 4911 πάθους

2446 4932 2705 5001 Χριστοῦ,
2741 4933 2834 4985 καὶ
2873 4932 2973 5001 τῆς
2998 4933 3210 4999 ἐνδόξου
3272 4935 3573 5007 παρουσίας
3616 4936 3805 5003 αὐτοῦ,
3839 4939 3933 4989 καὶ
3963 4938 4045 5001 ὡς

2442 5024 2536 5076 ἐπὶ
2559 5022 2651 5077 τοῦ
2679 5023 2839 5093 ὅρους
2875 5023 2969 5078 τοῦ
3004 5025 3262 5089 tantum;
3290 5029 3605 5097 φανήσοιτο.
3659 5030 3890 5100 Προείπε
3940 5031 4043 5084 καὶ

2447 5116 2544 5188 τὴν
2566 5118 2660 5171 τοῦ
2681 5116 2801 5186 Γὼγ
2834 5119 2928 5170 καὶ
2968 5118 3180 5186 Μαγὼγ
3208 5119 3415 5189 ἔφοδον,
3455 5122 3685 5175 καὶτῶν
3720 5122 3895 5190 ἁγίων
3943 5124 4041 5176 τό·

2443 5228 2582 5276 πων,
2609 5211 2983 5282 γενησομένην
3018 5214 3075 5266 ὲν
3098 5214 3262 5279 τέλει,
3287 5215 3381 5266 καὶ
3410 5216 3507 5284 τὴν
3540 5214 3806 5284 θεήλατον
3860 5216 4038 5269 αὑτοῦ

2441 5300 2736 5370 τιμωρίαν,
2770 5302 2906 5355 ἀλλά
2934 5303 3030 5356 καὶ
3072 5302 3150 5364 ὡς
3197 5306 3277 5368 είς
3314 5303 3545 5377 ὕστερον
3573 5306 3641 5360 τὰ
3690 5307 3816 5376 ἔθνη
3845 5306 4041 5360 τοῦτον

2440 5394 2709 5463 πορισμὸν
2730 5393 2914 5459 ἕξουσι
2944 5394 3241 5465 σωτηρίας,
3273 5396 3373 5467 τὴν
3405 5400 3487 5461 εἰς
3524 5399 3625 5466 τὴν
3667 5397 4038 5469 Ἰερουσαλὴμ

2439 5484 2560 5556 θεῷ
2590 5485 2926 5558 τελουμένην
2954 5487 3354 5559 προσκύνησιν,
3406 5489 3498 5543 ὑπ’
3546 5490 3725 5545 αὐτῶν
3780 5490 4036 5547 ἐπιτελε-

2446 5577 2814 5649 σθησομένην.
