  <div class='ocr_page' id='page_1' title='image "/cluster/home/n/w/nwhite01/storage/ocr_20150623/106/nnc1.0046979980/056.png"; bbox 0 0 4248 6438; ppageno 0'>
   <div class='ocr_carea' id='block_1_1' title="bbox 163 358 3433 439">
    <p class='ocr_par' dir='ltr' id='par_1_1' title="bbox 163 358 3433 439">
     <span class='ocr_line' id='line_1_1' title="bbox 163 358 3433 439; baseline -0.003 -9"><span class='ocrx_word' id='word_1_1' title='bbox 163 379 232 439; x_wconf 80' lang='lat'><strong>97</strong></span> <span class='ocrx_word' id='word_1_2' title='bbox 1350 366 1420 426; x_wconf 82' lang='lat'><strong>1.1</strong></span> <span class='ocrx_word' id='word_1_3' title='bbox 1436 366 1722 426; x_wconf 82' lang='lat' dir='ltr'><strong>BELLUS</strong></span> <span class='ocrx_word' id='word_1_4' title='bbox 1761 361 2266 427; x_wconf 78' lang='lat' dir='ltr'><strong>MEMORIALIS.</strong></span> <span class='ocrx_word' id='word_1_5' title='bbox 2389 377 2393 382; x_wconf 82' lang='lat'>‘</span> <span class='ocrx_word' id='word_1_6' title='bbox 3365 358 3433 420; x_wconf 85' lang='lat'><strong>98</strong></span> 
     </span>
    </p>
   </div>
   <div class='ocr_carea' id='block_1_2' title="bbox 164 465 1841 542">
    <p class='ocr_par' dir='ltr' id='par_1_2' title="bbox 164 471 1824 542">
     <span class='ocr_line' id='line_1_2' title="bbox 164 471 1824 542; baseline -0.007 -5"><span class='ocrx_word' id='word_1_7' title='bbox 164 485 418 537; x_wconf 77' lang='grc' dir='ltr'><strong>ΚΕΦΑΛ.</strong></span> <span class='ocrx_word' id='word_1_8' title='bbox 479 479 560 535; x_wconf 82' lang='grc' dir='ltr'>[ι’.</span> <span class='ocrx_word' id='word_1_9' title='bbox 610 507 680 520; x_wconf 83' lang='grc'><strong><em>--</em></strong></span> <span class='ocrx_word' id='word_1_10' title='bbox 724 477 861 531; x_wconf 80' lang='grc' dir='ltr'>Τίνα</span> <span class='ocrx_word' id='word_1_11' title='bbox 911 471 1365 542; x_wconf 64' lang='grc' dir='ltr'>προεφήτευσεν</span> <span class='ocrx_word' id='word_1_12' title='bbox 1413 474 1746 540; x_wconf 73' lang='grc' dir='ltr'>Μαλαχίας.</span> <span class='ocrx_word' id='word_1_13' title='bbox 1783 481 1824 535; x_wconf 80' lang='grc' dir='ltr'><strong>Α</strong></span> 
     </span>
    </p>
   </div>
   <div class='ocr_carea' id='block_1_3' title="bbox 1750 465 3427 542">
    <p class='ocr_par' dir='ltr' id='par_1_3' title="bbox 1783 465 3427 536">
     <span class='ocr_line' id='line_1_3' title="bbox 1783 465 3427 536; baseline -0.002 -11"><span class='ocrx_word' id='word_1_14' title='bbox 1783 481 1824 535; x_wconf 79' lang='grc' dir='ltr'><strong>Α</strong></span> <span class='ocrx_word' id='word_1_15' title='bbox 1856 470 2009 526; x_wconf 72' lang='lat' dir='ltr'><strong>CAP.</strong></span> <span class='ocrx_word' id='word_1_16' title='bbox 2055 467 2268 522; x_wconf 88' lang='lat' dir='ltr'><strong>LXXX.</strong></span> <span class='ocrx_word' id='word_1_17' title='bbox 2309 495 2381 506; x_wconf 92' lang='lat'><strong>—-</strong></span> <span class='ocrx_word' id='word_1_18' title='bbox 2427 465 2685 534; x_wconf 79' lang='lat' dir='ltr'><strong>chuam</strong></span> <span class='ocrx_word' id='word_1_19' title='bbox 2731 465 3060 536; x_wconf 79' lang='lat' dir='ltr'><strong>praphetavit</strong></span> <span class='ocrx_word' id='word_1_20' title='bbox 3109 465 3427 522; x_wconf 78' lang='lat' dir='ltr'><strong>Maluchias.</strong></span> 
     </span>
    </p>
   </div>
   <div class='ocr_carea' id='block_1_4' title="bbox 248 605 1751 676">
    <p class='ocr_par' dir='ltr' id='par_1_4' title="bbox 248 605 1751 676">
     <span class='ocr_line' id='line_1_4' title="bbox 248 605 1751 676; baseline -0.005 -9"><span class='ocrx_word' id='word_1_21' title='bbox 248 612 530 676; x_wconf 75' lang='grc' dir='ltr'>Ὁνειδξζει</span> <span class='ocrx_word' id='word_1_22' title='bbox 583 610 674 663; x_wconf 72' lang='grc' dir='ltr'>τὸν</span> <span class='ocrx_word' id='word_1_23' title='bbox 704 609 852 673; x_wconf 75' lang='grc' dir='ltr'>λαὸν,</span> <span class='ocrx_word' id='word_1_24' title='bbox 899 608 996 670; x_wconf 83' lang='grc' dir='ltr'><strong>ὡς,</strong></span> <span class='ocrx_word' id='word_1_25' title='bbox 1032 608 1319 675; x_wconf 78' lang='grc' dir='ltr'><strong>γεγονότες</strong></span> <span class='ocrx_word' id='word_1_26' title='bbox 1360 606 1466 658; x_wconf 72' lang='lat' dir='ltr'><strong>uici.</strong></span> <span class='ocrx_word' id='word_1_27' title='bbox 1518 605 1612 658; x_wconf 82' lang='grc' dir='ltr'><strong>τοῦ</strong></span> <span class='ocrx_word' id='word_1_28' title='bbox 1649 605 1751 659; x_wconf 83' lang='grc' dir='ltr'><strong>Ἰα-</strong></span> 
     </span>
    </p>
   </div>
   <div class='ocr_carea' id='block_1_5' title="bbox 163 697 1748 773">
    <p class='ocr_par' dir='ltr' id='par_1_5' title="bbox 163 697 1748 773">
     <span class='ocr_line' id='line_1_5' title="bbox 163 697 1748 773; baseline -0.005 -15"><span class='ocrx_word' id='word_1_29' title='bbox 163 706 305 767; x_wconf 81' lang='grc' dir='ltr'><strong>κὼὸ,</strong></span> <span class='ocrx_word' id='word_1_30' title='bbox 339 703 433 756; x_wconf 87' lang='grc' dir='ltr'><strong>τοῦ</strong></span> <span class='ocrx_word' id='word_1_31' title='bbox 467 701 904 773; x_wconf 81' lang='grc' dir='ltr'>προτιμηθέντος</span> <span class='ocrx_word' id='word_1_32' title='bbox 927 700 1032 753; x_wconf 77' lang='grc' dir='ltr'><strong>ὑπὸ</strong></span> <span class='ocrx_word' id='word_1_33' title='bbox 1059 698 1194 751; x_wconf 87' lang='grc' dir='ltr'><strong>Θεοῦ</strong></span> <span class='ocrx_word' id='word_1_34' title='bbox 1225 699 1377 769; x_wconf 83' lang='grc' dir='ltr'>παρὰ</span> <span class='ocrx_word' id='word_1_35' title='bbox 1405 698 1496 751; x_wconf 78' lang='grc' dir='ltr'><strong>τὸν</strong></span> <span class='ocrx_word' id='word_1_36' title='bbox 1559 697 1748 764; x_wconf 85' lang='grc' dir='ltr'>Ἡσαῦ,</span> 
     </span>
    </p>
   </div>
   <div class='ocr_carea' id='block_1_6' title="bbox 163 791 1751 866">
    <p class='ocr_par' dir='ltr' id='par_1_6' title="bbox 163 791 1751 866">
     <span class='ocr_line' id='line_1_6' title="bbox 163 791 1751 866; baseline -0.004 -17"><span class='ocrx_word' id='word_1_37' title='bbox 163 797 488 866; x_wconf 80' lang='grc' dir='ltr'><strong>ἀγνώμονες</strong></span> <span class='ocrx_word' id='word_1_38' title='bbox 537 795 662 864; x_wconf 74' lang='grc' dir='ltr'>περὶ</span> <span class='ocrx_word' id='word_1_39' title='bbox 702 793 793 845; x_wconf 82' lang='grc' dir='ltr'><strong>τὸν</strong></span> <span class='ocrx_word' id='word_1_40' title='bbox 823 792 1160 862; x_wconf 85' lang='grc' dir='ltr'>τετιμηκὸτα</span> <span class='ocrx_word' id='word_1_41' title='bbox 1190 792 1520 861; x_wconf 75' lang='grc' dir='ltr'>πεφήνασιν.</span> <span class='ocrx_word' id='word_1_42' title='bbox 1561 791 1751 857; x_wconf 79' lang='grc' dir='ltr'>Ἐγκαο</span> 
     </span>
    </p>
   </div>
   <div class='ocr_carea' id='block_1_7' title="bbox 163 882 1745 955">
    <p class='ocr_par' dir='ltr' id='par_1_7' title="bbox 163 882 1745 955">
     <span class='ocr_line' id='line_1_7' title="bbox 163 882 1745 955; baseline -0.001 -18"><span class='ocrx_word' id='word_1_43' title='bbox 163 887 245 939; x_wconf 89' lang='grc' dir='ltr'>λεῖ</span> <span class='ocrx_word' id='word_1_44' title='bbox 279 887 372 938; x_wconf 76' lang='grc' dir='ltr'><strong>καὶ</strong></span> <span class='ocrx_word' id='word_1_45' title='bbox 402 885 478 955; x_wconf 80' lang='grc' dir='ltr'>τῷ</span> <span class='ocrx_word' id='word_1_46' title='bbox 537 884 669 955; x_wconf 78' lang='grc' dir='ltr'>ίερῷ</span> <span class='ocrx_word' id='word_1_47' title='bbox 708 885 973 952; x_wconf 76' lang='grc' dir='ltr'><strong>τάγματι,</strong></span> <span class='ocrx_word' id='word_1_48' title='bbox 1033 883 1108 944; x_wconf 88' lang='grc' dir='ltr'>ὼς</span> <span class='ocrx_word' id='word_1_49' title='bbox 1165 882 1512 951; x_wconf 81' lang='grc' dir='ltr'>ὲκλεχθέντες</span> <span class='ocrx_word' id='word_1_50' title='bbox 1555 884 1611 934; x_wconf 82' lang='grc' dir='ltr'>ὲν</span> <span class='ocrx_word' id='word_1_51' title='bbox 1667 882 1745 952; x_wconf 80' lang='grc' dir='ltr'><strong>τῷ</strong></span> 
     </span>
    </p>
   </div>
   <div class='ocr_carea' id='block_1_8' title="bbox 163 971 1752 1045">
    <p class='ocr_par' dir='ltr' id='par_1_8' title="bbox 163 971 1752 1045">
     <span class='ocr_line' id='line_1_8' title="bbox 163 971 1752 1045; baseline -0.001 -19"><span class='ocrx_word' id='word_1_52' title='bbox 163 974 300 1027; x_wconf 79' lang='grc' dir='ltr'>Λευῒ</span> <span class='ocrx_word' id='word_1_53' title='bbox 340 975 420 1038; x_wconf 80' lang='grc' dir='ltr'><strong>είς</strong></span> <span class='ocrx_word' id='word_1_54' title='bbox 465 973 786 1045; x_wconf 77' lang='grc' dir='ltr'><strong>ἱερατεύειν,</strong></span> <span class='ocrx_word' id='word_1_55' title='bbox 837 972 1065 1042; x_wconf 79' lang='grc' dir='ltr'><strong>ἀμελεῖς</strong></span> <span class='ocrx_word' id='word_1_56' title='bbox 1117 971 1248 1042; x_wconf 76' lang='grc' dir='ltr'>περὶ</span> <span class='ocrx_word' id='word_1_57' title='bbox 1294 971 1394 1042; x_wconf 83' lang='grc' dir='ltr'><strong>τὴν</strong></span> <span class='ocrx_word' id='word_1_58' title='bbox 1452 972 1752 1043; x_wconf 74' lang='grc' dir='ltr'><strong>ἱερωσύνην</strong></span> 
     </span>
    </p>
   </div>
   <div class='ocr_carea' id='block_1_9' title="bbox 166 1062 1753 1132">
    <p class='ocr_par' dir='ltr' id='par_1_9' title="bbox 166 1062 1753 1132">
     <span class='ocr_line' id='line_1_9' title="bbox 166 1062 1753 1132; baseline 0 -17"><span class='ocrx_word' id='word_1_59' title='bbox 166 1065 506 1117; x_wconf 79' lang='grc' dir='ltr'>ἁλίσκονται.</span> <span class='ocrx_word' id='word_1_60' title='bbox 543 1063 834 1132; x_wconf 77' lang='grc' dir='ltr'>Μέμφεται</span> <span class='ocrx_word' id='word_1_61' title='bbox 858 1062 954 1115; x_wconf 75' lang='grc' dir='ltr'><strong>καὶ</strong></span> <span class='ocrx_word' id='word_1_62' title='bbox 983 1065 1096 1125; x_wconf 85' lang='grc' dir='ltr'>τοῖς</span> <span class='ocrx_word' id='word_1_63' title='bbox 1128 1066 1225 1125; x_wconf 81' lang='grc' dir='ltr'>τὰς</span> <span class='ocrx_word' id='word_1_64' title='bbox 1255 1063 1504 1132; x_wconf 70' lang='grc' dir='ltr'>γαμετὰς</span> <span class='ocrx_word' id='word_1_65' title='bbox 1555 1063 1753 1126; x_wconf 75' lang='grc' dir='ltr'>ἀδίκως</span> 
     </span>
    </p>
   </div>
   <div class='ocr_carea' id='block_1_10' title="bbox 165 1153 1754 1224">
    <p class='ocr_par' dir='ltr' id='par_1_10' title="bbox 165 1153 1754 1224">
     <span class='ocr_line' id='line_1_10' title="bbox 165 1153 1754 1224; baseline 0.001 -18"><span class='ocrx_word' id='word_1_66' title='bbox 165 1155 524 1218; x_wconf 87' lang='grc' dir='ltr'>ἀπολύουσιν,</span> <span class='ocrx_word' id='word_1_67' title='bbox 557 1155 650 1206; x_wconf 72' lang='grc' dir='ltr'>καὶ</span> <span class='ocrx_word' id='word_1_68' title='bbox 679 1157 793 1216; x_wconf 80' lang='grc' dir='ltr'>τοῖς</span> <span class='ocrx_word' id='word_1_69' title='bbox 815 1154 911 1224; x_wconf 75' lang='grc' dir='ltr'><strong>τὴν</strong></span> <span class='ocrx_word' id='word_1_70' title='bbox 941 1155 1089 1223; x_wconf 83' lang='grc' dir='ltr'><strong>παρά</strong></span> <span class='ocrx_word' id='word_1_71' title='bbox 1122 1153 1257 1206; x_wconf 71' lang='grc' dir='ltr'>θεοῦ</span> <span class='ocrx_word' id='word_1_72' title='bbox 1310 1153 1526 1207; x_wconf 85' lang='grc' dir='ltr'>δικαίαν</span> <span class='ocrx_word' id='word_1_73' title='bbox 1575 1155 1754 1223; x_wconf 79' lang='grc' dir='ltr'>κρίσιν</span> 
     </span>
    </p>
   </div>
   <div class='ocr_carea' id='block_1_11' title="bbox 165 1245 1750 1317">
    <p class='ocr_par' dir='ltr' id='par_1_11' title="bbox 165 1245 1750 1317">
     <span class='ocr_line' id='line_1_11' title="bbox 165 1245 1750 1317; baseline 0 -18"><span class='ocrx_word' id='word_1_74' title='bbox 165 1248 297 1316; x_wconf 77' lang='grc' dir='ltr'>περὶ</span> <span class='ocrx_word' id='word_1_75' title='bbox 353 1248 572 1300; x_wconf 82' lang='grc' dir='ltr'>πάντων</span> <span class='ocrx_word' id='word_1_76' title='bbox 621 1245 949 1317; x_wconf 75' lang='grc' dir='ltr'><strong>ἐκφέρεσθαι</strong></span> <span class='ocrx_word' id='word_1_77' title='bbox 1008 1248 1082 1316; x_wconf 81' lang='grc' dir='ltr'>μὴ</span> <span class='ocrx_word' id='word_1_78' title='bbox 1136 1245 1531 1315; x_wconf 82' lang='grc' dir='ltr'>προσδοκῶσιν.</span> <span class='ocrx_word' id='word_1_79' title='bbox 1563 1247 1750 1299; x_wconf 78' lang='grc' dir='ltr'>Κατα-</span> 
     </span>
    </p>
   </div>
   <div class='ocr_carea' id='block_1_12' title="bbox 168 1337 1753 1409">
    <p class='ocr_par' dir='ltr' id='par_1_12' title="bbox 168 1337 1753 1409">
     <span class='ocr_line' id='line_1_12' title="bbox 168 1337 1753 1409; baseline -0.002 -15"><span class='ocrx_word' id='word_1_80' title='bbox 168 1342 348 1409; x_wconf 83' lang='grc' dir='ltr'>κρίνει</span> <span class='ocrx_word' id='word_1_81' title='bbox 381 1341 474 1393; x_wconf 65' lang='grc' dir='ltr'>καὶ</span> <span class='ocrx_word' id='word_1_82' title='bbox 503 1341 630 1402; x_wconf 78' lang='grc' dir='ltr'>τοὺς</span> <span class='ocrx_word' id='word_1_83' title='bbox 655 1339 754 1401; x_wconf 82' lang='grc' dir='ltr'>τὰς</span> <span class='ocrx_word' id='word_1_84' title='bbox 778 1341 1046 1408; x_wconf 80' lang='grc' dir='ltr'>νομίμους</span> <span class='ocrx_word' id='word_1_85' title='bbox 1083 1337 1340 1408; x_wconf 81' lang='grc' dir='ltr'>ἀπαρχὰς</span> <span class='ocrx_word' id='word_1_86' title='bbox 1368 1339 1462 1391; x_wconf 75' lang='grc' dir='ltr'><strong>καὶ</strong></span> <span class='ocrx_word' id='word_1_87' title='bbox 1497 1338 1753 1402; x_wconf 87' lang='grc' dir='ltr'>δεκατίας</span> 
     </span>
    </p>
   </div>
   <div class='ocr_carea' id='block_1_13' title="bbox 167 1430 1754 1503">
    <p class='ocr_par' dir='ltr' id='par_1_13' title="bbox 167 1430 1754 1503">
     <span class='ocr_line' id='line_1_13' title="bbox 167 1430 1754 1503; baseline -0.001 -19"><span class='ocrx_word' id='word_1_88' title='bbox 167 1434 242 1502; x_wconf 82' lang='grc' dir='ltr'>μὴ</span> <span class='ocrx_word' id='word_1_89' title='bbox 276 1434 658 1503; x_wconf 74' lang='grc' dir='ltr'>προσάγοντας</span> <span class='ocrx_word' id='word_1_90' title='bbox 673 1434 787 1494; x_wconf 83' lang='grc' dir='ltr'>τοῖς</span> <span class='ocrx_word' id='word_1_91' title='bbox 819 1431 1046 1499; x_wconf 79' lang='grc' dir='ltr'>ἱερεῦσι,</span> <span class='ocrx_word' id='word_1_92' title='bbox 1070 1432 1164 1482; x_wconf 81' lang='grc' dir='ltr'><strong>καὶ</strong></span> <span class='ocrx_word' id='word_1_93' title='bbox 1194 1431 1314 1493; x_wconf 82' lang='grc' dir='ltr'>τοὺς</span> <span class='ocrx_word' id='word_1_94' title='bbox 1341 1430 1754 1495; x_wconf 78' lang='grc' dir='ltr'>ἐξουθενοῦντας</span> 
     </span>
    </p>
   </div>
   <div class='ocr_carea' id='block_1_14' title="bbox 164 1522 1754 1597">
    <p class='ocr_par' dir='ltr' id='par_1_14' title="bbox 164 1522 1754 1597">
     <span class='ocr_line' id='line_1_14' title="bbox 164 1522 1754 1597; baseline 0 -19"><span class='ocrx_word' id='word_1_95' title='bbox 164 1528 267 1597; x_wconf 78' lang='grc' dir='ltr'>τὴν</span> <span class='ocrx_word' id='word_1_96' title='bbox 309 1526 466 1579; x_wconf 88' lang='grc' dir='ltr'>θείαν</span> <span class='ocrx_word' id='word_1_97' title='bbox 506 1524 784 1591; x_wconf 80' lang='grc' dir='ltr'>λατρείαν.</span> <span class='ocrx_word' id='word_1_98' title='bbox 847 1522 1192 1593; x_wconf 67' lang='grc' dir='ltr'>Προφητεύει</span> <span class='ocrx_word' id='word_1_99' title='bbox 1247 1524 1340 1576; x_wconf 79' lang='grc' dir='ltr'><strong>καὶ</strong></span> <span class='ocrx_word' id='word_1_100' title='bbox 1379 1523 1456 1587; x_wconf 86' lang='grc' dir='ltr'>ὡς</span> <span class='ocrx_word' id='word_1_101' title='bbox 1485 1527 1518 1594; x_wconf 77' lang='grc' dir='ltr'>ἡ</span> <span class='ocrx_word' id='word_1_102' title='bbox 1569 1524 1754 1578; x_wconf 84' lang='grc' dir='ltr'>δικαία</span> 
     </span>
    </p>
   </div>
   <div class='ocr_carea' id='block_1_15' title="bbox 162 1615 1470 1688">
    <p class='ocr_par' dir='ltr' id='par_1_15' title="bbox 162 1615 1470 1688">
     <span class='ocr_line' id='line_1_15' title="bbox 162 1615 1470 1688; baseline -0.002 -19"><span class='ocrx_word' id='word_1_103' title='bbox 162 1618 348 1688; x_wconf 78' lang='grc' dir='ltr'>κρίσις</span> <span class='ocrx_word' id='word_1_104' title='bbox 380 1616 478 1670; x_wconf 89' lang='grc' dir='ltr'><strong>τοῦ</strong></span> <span class='ocrx_word' id='word_1_105' title='bbox 510 1615 647 1668; x_wconf 87' lang='grc' dir='ltr'>Θεοῦ</span> <span class='ocrx_word' id='word_1_106' title='bbox 684 1616 813 1686; x_wconf 77' lang='grc' dir='ltr'>περὶ</span> <span class='ocrx_word' id='word_1_107' title='bbox 842 1616 1051 1677; x_wconf 79' lang='grc' dir='ltr'>πάντας</span> <span class='ocrx_word' id='word_1_108' title='bbox 1081 1616 1470 1685; x_wconf 82' lang='grc' dir='ltr'>ἐκφανήσεται.</span> 
     </span>
    </p>
   </div>
   <div class='ocr_carea' id='block_1_16' title="bbox 1935 602 3428 676">
    <p class='ocr_par' dir='ltr' id='par_1_16' title="bbox 1935 602 3428 676">
     <span class='ocr_line' id='line_1_16' title="bbox 1935 602 3428 676; baseline -0.003 -16"><span class='ocrx_word' id='word_1_109' title='bbox 1935 607 2238 676; x_wconf 78' lang='lat' dir='ltr'><strong>Exprobrat</strong></span> <span class='ocrx_word' id='word_1_110' title='bbox 2270 605 2492 676; x_wconf 89' lang='lat' dir='ltr'><strong>populo,</strong></span> <span class='ocrx_word' id='word_1_111' title='bbox 2532 604 2677 672; x_wconf 88' lang='lat' dir='ltr'><strong>quod</strong></span> <span class='ocrx_word' id='word_1_112' title='bbox 2716 619 2839 658; x_wconf 89' lang='lat' dir='ltr'><strong>cum</strong></span> <span class='ocrx_word' id='word_1_113' title='bbox 2871 612 3057 657; x_wconf 86' lang='lat' dir='ltr'><strong>essent</strong></span> <span class='ocrx_word' id='word_1_114' title='bbox 3092 602 3186 656; x_wconf 79' lang='lat' dir='ltr'><strong>lilii</strong></span> <span class='ocrx_word' id='word_1_115' title='bbox 3237 602 3428 668; x_wconf 74' lang='lat' dir='ltr'><strong>Iacob,</strong></span> 
     </span>
    </p>
   </div>
   <div class='ocr_carea' id='block_1_17' title="bbox 1852 695 3434 770">
    <p class='ocr_par' dir='ltr' id='par_1_17' title="bbox 1852 695 3434 770">
     <span class='ocr_line' id='line_1_17' title="bbox 1852 695 3434 770; baseline 0 -18"><span class='ocrx_word' id='word_1_116' title='bbox 1852 699 1945 770; x_wconf 85' lang='lat' dir='ltr'><strong>qui</strong></span> <span class='ocrx_word' id='word_1_117' title='bbox 1973 700 2236 754; x_wconf 84' lang='lat' dir='ltr'><strong>divinitus</strong></span> <span class='ocrx_word' id='word_1_118' title='bbox 2282 699 2457 752; x_wconf 82' lang='lat' dir='ltr'><strong>Esavo</strong></span> <span class='ocrx_word' id='word_1_119' title='bbox 2488 697 2742 767; x_wconf 69' lang='lat' dir='ltr'><strong>prmlatus</strong></span> <span class='ocrx_word' id='word_1_120' title='bbox 2773 695 2970 761; x_wconf 80' lang='lat' dir='ltr'><strong>fuerat,</strong></span> <span class='ocrx_word' id='word_1_121' title='bbox 3002 712 3130 766; x_wconf 82' lang='lat' dir='ltr'><strong>erga</strong></span> <span class='ocrx_word' id='word_1_122' title='bbox 3183 699 3434 766; x_wconf 69' lang='lat' dir='ltr'><strong>praelato-</strong></span> 
     </span>
    </p>
   </div>
   <div class='ocr_carea' id='block_1_18' title="bbox 1854 787 3428 860">
    <p class='ocr_par' dir='ltr' id='par_1_18' title="bbox 1854 787 3428 860">
     <span class='ocr_line' id='line_1_18' title="bbox 1854 787 3428 860; baseline -0.004 -14"><span class='ocrx_word' id='word_1_123' title='bbox 1854 807 1964 846; x_wconf 76' lang='lat' dir='ltr'><strong>rein</strong></span> <span class='ocrx_word' id='word_1_124' title='bbox 2003 792 2198 860; x_wconf 83' lang='lat' dir='ltr'><strong>ingrati</strong></span> <span class='ocrx_word' id='word_1_125' title='bbox 2232 805 2353 845; x_wconf 90' lang='lat' dir='ltr'><strong>esse</strong></span> <span class='ocrx_word' id='word_1_126' title='bbox 2380 792 2715 844; x_wconf 80' lang='lat' dir='ltr'><strong>videremur.</strong></span> <span class='ocrx_word' id='word_1_127' title='bbox 2745 787 2939 858; x_wconf 88' lang='lat' dir='ltr'><strong>Culpat</strong></span> <span class='ocrx_word' id='word_1_128' title='bbox 2969 788 3133 843; x_wconf 86' lang='lat' dir='ltr'><strong>etiam</strong></span> <span class='ocrx_word' id='word_1_129' title='bbox 3181 788 3428 842; x_wconf 85' lang='lat' dir='ltr'><strong>ordinem</strong></span> 
     </span>
    </p>
   </div>
   <div class='ocr_carea' id='block_1_19' title="bbox 1855 877 3431 952">
    <p class='ocr_par' dir='ltr' id='par_1_19' title="bbox 1855 877 3431 952">
     <span class='ocr_line' id='line_1_19' title="bbox 1855 877 3431 952; baseline -0.003 -14"><span class='ocrx_word' id='word_1_130' title='bbox 1855 884 2275 946; x_wconf 76' lang='lat' dir='ltr'><strong>sacerdotalem,</strong></span> <span class='ocrx_word' id='word_1_131' title='bbox 2336 893 2621 950; x_wconf 60' lang='lat' dir='ltr'><strong>proliterea</strong></span> <span class='ocrx_word' id='word_1_132' title='bbox 2658 883 2803 952; x_wconf 89' lang='lat' dir='ltr'><strong>quod</strong></span> <span class='ocrx_word' id='word_1_133' title='bbox 2833 881 2990 935; x_wconf 91' lang='lat' dir='ltr'><strong>electi</strong></span> <span class='ocrx_word' id='word_1_134' title='bbox 3049 880 3102 933; x_wconf 93' lang='lat' dir='ltr'><strong>in</strong></span> <span class='ocrx_word' id='word_1_135' title='bbox 3137 881 3254 948; x_wconf 92' lang='lat' dir='ltr'><strong>ipso</strong></span> <span class='ocrx_word' id='word_1_136' title='bbox 3303 877 3431 934; x_wconf 85' lang='lat' dir='ltr'><strong>Levi</strong></span> 
     </span>
    </p>
   </div>
   <div class='ocr_carea' id='block_1_20' title="bbox 1855 974 3434 1043">
    <p class='ocr_par' dir='ltr' id='par_1_20' title="bbox 1855 974 3434 1043">
     <span class='ocr_line' id='line_1_20' title="bbox 1855 974 3434 1043; baseline -0.003 -13"><span class='ocrx_word' id='word_1_137' title='bbox 1855 977 1922 1030; x_wconf 91' lang='lat' dir='ltr'><strong>ad</strong></span> <span class='ocrx_word' id='word_1_138' title='bbox 1957 976 2213 1029; x_wconf 83' lang='lat' dir='ltr'><strong>obeunda</strong></span> <span class='ocrx_word' id='word_1_139' title='bbox 2259 975 2443 1029; x_wconf 90' lang='lat' dir='ltr'><strong>munia</strong></span> <span class='ocrx_word' id='word_1_140' title='bbox 2491 975 2875 1036; x_wconf 69' lang='lat' dir='ltr'><strong>sacerdotalia,</strong></span> <span class='ocrx_word' id='word_1_141' title='bbox 2928 974 3192 1028; x_wconf 80' lang='lat' dir='ltr'><strong>incuriosi</strong></span> <span class='ocrx_word' id='word_1_142' title='bbox 3238 974 3434 1043; x_wconf 88' lang='lat' dir='ltr'><strong>depre-</strong></span> 
     </span>
    </p>
   </div>
   <div class='ocr_carea' id='block_1_21' title="bbox 1855 1063 3434 1131">
    <p class='ocr_par' dir='ltr' id='par_1_21' title="bbox 1855 1063 3434 1131">
     <span class='ocr_line' id='line_1_21' title="bbox 1855 1063 3434 1131; baseline -0.003 -9"><span class='ocrx_word' id='word_1_143' title='bbox 1855 1068 2225 1122; x_wconf 90' lang='lat' dir='ltr'><strong>henderentur</strong></span> <span class='ocrx_word' id='word_1_144' title='bbox 2255 1067 2401 1121; x_wconf 90' lang='lat' dir='ltr'><strong>circa</strong></span> <span class='ocrx_word' id='word_1_145' title='bbox 2437 1067 2829 1120; x_wconf 83' lang='lat' dir='ltr'><strong>sacerdotium.</strong></span> <span class='ocrx_word' id='word_1_146' title='bbox 2862 1066 3122 1131; x_wconf 86' lang='lat' dir='ltr'><strong>Queritur</strong></span> <span class='ocrx_word' id='word_1_147' title='bbox 3150 1072 3203 1118; x_wconf 91' lang='lat' dir='ltr'><strong>et</strong></span> <span class='ocrx_word' id='word_1_148' title='bbox 3228 1063 3295 1118; x_wconf 90' lang='lat' dir='ltr'><strong>de</strong></span> <span class='ocrx_word' id='word_1_149' title='bbox 3327 1064 3434 1118; x_wconf 82' lang='lat' dir='ltr'><strong>illis</strong></span> 
     </span>
    </p>
   </div>
   <div class='ocr_carea' id='block_1_22' title="bbox 1854 1155 3432 1228">
    <p class='ocr_par' dir='ltr' id='par_1_22' title="bbox 1854 1155 3432 1228">
     <span class='ocr_line' id='line_1_22' title="bbox 1854 1155 3432 1228; baseline -0.003 -15"><span class='ocrx_word' id='word_1_150' title='bbox 1854 1161 1945 1228; x_wconf 90' lang='lat' dir='ltr'><strong>qui</strong></span> <span class='ocrx_word' id='word_1_151' title='bbox 1981 1159 2178 1228; x_wconf 82' lang='lat' dir='ltr'><strong>injuria</strong></span> <span class='ocrx_word' id='word_1_152' title='bbox 2216 1173 2416 1213; x_wconf 74' lang='lat' dir='ltr'><strong>uxores</strong></span> <span class='ocrx_word' id='word_1_153' title='bbox 2437 1157 2824 1210; x_wconf 89' lang='lat' dir='ltr'><strong>dimittebant:</strong></span> <span class='ocrx_word' id='word_1_154' title='bbox 2855 1159 2921 1211; x_wconf 89' lang='lat' dir='ltr'><strong>de</strong></span> <span class='ocrx_word' id='word_1_155' title='bbox 2958 1157 3065 1211; x_wconf 84' lang='lat' dir='ltr'><strong>illis</strong></span> <span class='ocrx_word' id='word_1_156' title='bbox 3094 1156 3247 1218; x_wconf 86' lang='lat' dir='ltr'><strong>item,</strong></span> <span class='ocrx_word' id='word_1_157' title='bbox 3278 1155 3370 1224; x_wconf 90' lang='lat' dir='ltr'><strong>qui</strong></span> <span class='ocrx_word' id='word_1_158' title='bbox 3402 1170 3432 1209; x_wconf 89' lang='lat' dir='ltr'><strong>a</strong></span> 
     </span>
    </p>
   </div>
   <div class='ocr_carea' id='block_1_23' title="bbox 1857 1248 3434 1322">
    <p class='ocr_par' dir='ltr' id='par_1_23' title="bbox 1857 1248 3434 1322">
     <span class='ocr_line' id='line_1_23' title="bbox 1857 1248 3434 1322; baseline -0.001 -19"><span class='ocrx_word' id='word_1_159' title='bbox 1857 1250 1966 1305; x_wconf 86' lang='lat' dir='ltr'><strong>Deo</strong></span> <span class='ocrx_word' id='word_1_160' title='bbox 1997 1252 2207 1320; x_wconf 89' lang='lat' dir='ltr'><strong>justqu</strong></span> <span class='ocrx_word' id='word_1_161' title='bbox 2243 1249 2510 1322; x_wconf 90' lang='lat' dir='ltr'><strong>judicium</strong></span> <span class='ocrx_word' id='word_1_162' title='bbox 2551 1249 2618 1303; x_wconf 90' lang='lat' dir='ltr'><strong>de</strong></span> <span class='ocrx_word' id='word_1_163' title='bbox 2649 1248 2904 1302; x_wconf 88' lang='lat' dir='ltr'><strong>omnibus</strong></span> <span class='ocrx_word' id='word_1_164' title='bbox 2946 1248 3070 1301; x_wconf 88' lang='lat' dir='ltr'><strong>l&#39;erri</strong></span> <span class='ocrx_word' id='word_1_165' title='bbox 3105 1263 3212 1301; x_wconf 91' lang='lat' dir='ltr'><strong>non</strong></span> <span class='ocrx_word' id='word_1_166' title='bbox 3240 1263 3434 1317; x_wconf 78' lang='lat' dir='ltr'><strong>exspe—</strong></span> 
     </span>
    </p>
   </div>
   <div class='ocr_carea' id='block_1_24' title="bbox 1855 1339 3433 1410">
    <p class='ocr_par' dir='ltr' id='par_1_24' title="bbox 1855 1339 3433 1410">
     <span class='ocr_line' id='line_1_24' title="bbox 1855 1339 3433 1410; baseline -0.002 -13"><span class='ocrx_word' id='word_1_167' title='bbox 1855 1352 2023 1397; x_wconf 90' lang='lat' dir='ltr'><strong>ctant.</strong></span> <span class='ocrx_word' id='word_1_168' title='bbox 2074 1343 2308 1396; x_wconf 87' lang='lat' dir='ltr'><strong>Damnat</strong></span> <span class='ocrx_word' id='word_1_169' title='bbox 2353 1357 2448 1396; x_wconf 89' lang='lat' dir='ltr'><strong>eos</strong></span> <span class='ocrx_word' id='word_1_170' title='bbox 2501 1355 2754 1410; x_wconf 91' lang='lat' dir='ltr'><strong>quoque,</strong></span> <span class='ocrx_word' id='word_1_171' title='bbox 2808 1339 2902 1408; x_wconf 85' lang='lat' dir='ltr'><strong>qui</strong></span> <span class='ocrx_word' id='word_1_172' title='bbox 2935 1339 3050 1408; x_wconf 90' lang='lat' dir='ltr'><strong>lege</strong></span> <span class='ocrx_word' id='word_1_173' title='bbox 3109 1341 3433 1394; x_wconf 88' lang='lat' dir='ltr'><strong>constitutas</strong></span> 
     </span>
    </p>
   </div>
   <div class='ocr_carea' id='block_1_25' title="bbox 1856 1432 3428 1504">
    <p class='ocr_par' dir='ltr' id='par_1_25' title="bbox 1856 1432 3428 1504">
     <span class='ocr_line' id='line_1_25' title="bbox 1856 1432 3428 1504; baseline -0.001 -18"><span class='ocrx_word' id='word_1_174' title='bbox 1856 1434 2127 1504; x_wconf 81' lang='lat' dir='ltr'><strong>primitias</strong></span> <span class='ocrx_word' id='word_1_175' title='bbox 2172 1445 2225 1488; x_wconf 91' lang='lat' dir='ltr'><strong>et</strong></span> <span class='ocrx_word' id='word_1_176' title='bbox 2259 1435 2499 1489; x_wconf 85' lang='lat' dir='ltr'><strong>decimas</strong></span> <span class='ocrx_word' id='word_1_177' title='bbox 2560 1435 2626 1488; x_wconf 83' lang='lat' dir='ltr'><strong>ad</strong></span> <span class='ocrx_word' id='word_1_178' title='bbox 2669 1435 2985 1488; x_wconf 80' lang='lat' dir='ltr'><strong>sacerdOtes</strong></span> <span class='ocrx_word' id='word_1_179' title='bbox 3018 1447 3127 1486; x_wconf 87' lang='lat' dir='ltr'><strong>non</strong></span> <span class='ocrx_word' id='word_1_180' title='bbox 3176 1432 3428 1494; x_wconf 80' lang='lat' dir='ltr'><strong>aﬂ&#39;erunt,</strong></span> 
     </span>
    </p>
   </div>
   <div class='ocr_carea' id='block_1_26' title="bbox 1855 1524 3434 1594">
    <p class='ocr_par' dir='ltr' id='par_1_26' title="bbox 1855 1524 3434 1594">
     <span class='ocr_line' id='line_1_26' title="bbox 1855 1524 3434 1594; baseline -0.003 -13"><span class='ocrx_word' id='word_1_181' title='bbox 1855 1541 2062 1594; x_wconf 84' lang='lat' dir='ltr'><strong>eosque</strong></span> <span class='ocrx_word' id='word_1_182' title='bbox 2092 1527 2256 1579; x_wconf 86' lang='lat' dir='ltr'><strong>etiam</strong></span> <span class='ocrx_word' id='word_1_183' title='bbox 2283 1527 2376 1594; x_wconf 91' lang='lat' dir='ltr'><strong>qui</strong></span> <span class='ocrx_word' id='word_1_184' title='bbox 2405 1525 2706 1594; x_wconf 79' lang='lat' dir='ltr'><strong>despicatui</strong></span> <span class='ocrx_word' id='word_1_185' title='bbox 2739 1524 3014 1578; x_wconf 83' lang='lat' dir='ltr'><strong>habebant</strong></span> <span class='ocrx_word' id='word_1_186' title='bbox 3056 1524 3300 1578; x_wconf 90' lang='lat' dir='ltr'><strong>divinum</strong></span> <span class='ocrx_word' id='word_1_187' title='bbox 3331 1525 3434 1576; x_wconf 83' lang='lat' dir='ltr'><strong>mi-</strong></span> 
     </span>
    </p>
   </div>
   <div class='ocr_carea' id='block_1_27' title="bbox 1857 1614 3429 1685">
    <p class='ocr_par' dir='ltr' id='par_1_27' title="bbox 1857 1614 3429 1685">
     <span class='ocr_line' id='line_1_27' title="bbox 1857 1614 3429 1685; baseline -0.002 -15"><span class='ocrx_word' id='word_1_188' title='bbox 1857 1617 2165 1670; x_wconf 85' lang='lat' dir='ltr'><strong>nisterium.</strong></span> <span class='ocrx_word' id='word_1_189' title='bbox 2218 1615 2516 1685; x_wconf 82' lang='lat' dir='ltr'><strong>Proplietat</strong></span> <span class='ocrx_word' id='word_1_190' title='bbox 2540 1627 2593 1670; x_wconf 91' lang='lat' dir='ltr'><strong>et</strong></span> <span class='ocrx_word' id='word_1_191' title='bbox 2627 1618 2772 1685; x_wconf 85' lang='lat' dir='ltr'><strong>quod</strong></span> <span class='ocrx_word' id='word_1_192' title='bbox 2800 1617 3009 1685; x_wconf 89' lang='lat' dir='ltr'><strong>justum</strong></span> <span class='ocrx_word' id='word_1_193' title='bbox 3038 1615 3306 1684; x_wconf 84' lang='lat' dir='ltr'><strong>judicium</strong></span> <span class='ocrx_word' id='word_1_194' title='bbox 3335 1614 3429 1669; x_wconf 87' lang='lat' dir='ltr'><strong>Dei</strong></span> 
     </span>
    </p>
   </div>
   <div class='ocr_carea' id='block_1_28' title="bbox 1856 1709 2529 1779">
    <p class='ocr_par' dir='ltr' id='par_1_28' title="bbox 1856 1709 2529 1779">
     <span class='ocr_line' id='line_1_28' title="bbox 1856 1709 2529 1779; baseline 0 -15"><span class='ocrx_word' id='word_1_195' title='bbox 1856 1709 1923 1764; x_wconf 91' lang='lat' dir='ltr'><strong>de</strong></span> <span class='ocrx_word' id='word_1_196' title='bbox 1948 1711 2201 1765; x_wconf 88' lang='lat' dir='ltr'><strong>omnibus</strong></span> <span class='ocrx_word' id='word_1_197' title='bbox 2230 1711 2529 1779; x_wconf 86' lang='lat' dir='ltr'><strong>apparebit.</strong></span> 
     </span>
    </p>
   </div>
   <div class='ocr_carea' id='block_1_29' title="bbox 164 1830 1841 1912">
    <p class='ocr_par' dir='ltr' id='par_1_29' title="bbox 164 1830 1826 1912">
     <span class='ocr_line' id='line_1_29' title="bbox 164 1830 1826 1912; baseline -0.001 -25"><span class='ocrx_word' id='word_1_198' title='bbox 164 1834 424 1888; x_wconf 76' lang='grc' dir='ltr'><strong>ΚΕΦΔΛ.</strong></span> <span class='ocrx_word' id='word_1_199' title='bbox 451 1831 576 1886; x_wconf 81' lang='lat' dir='ltr'><strong>IIA&#39;.</strong></span> <span class='ocrx_word' id='word_1_200' title='bbox 600 1834 825 1912; x_wconf 73' lang='lat' dir='ltr'><strong>—_Tt&#39;ra</strong></span> <span class='ocrx_word' id='word_1_201' title='bbox 843 1833 972 1912; x_wconf 63' lang='grc' dir='ltr'>ἐστί</span> <span class='ocrx_word' id='word_1_202' title='bbox 1001 1832 1073 1885; x_wconf 82' lang='grc' dir='ltr'>τὰ</span> <span class='ocrx_word' id='word_1_203' title='bbox 1087 1831 1196 1912; x_wconf 71' lang='grc' dir='ltr'><strong>6ιρ</strong></span> <span class='ocrx_word' id='word_1_204' title='bbox 1239 1830 1442 1886; x_wconf 71' lang='grc' dir='ltr'>Ἠλιοῦ</span> <span class='ocrx_word' id='word_1_205' title='bbox 1471 1832 1753 1902; x_wconf 75' lang='grc' dir='ltr'><strong>γεγονότα</strong></span> <span class='ocrx_word' id='word_1_206' title='bbox 1786 1841 1826 1896; x_wconf 79' lang='grc' dir='ltr'><strong>Β</strong></span> 
     </span>
    </p>
   </div>
   <div class='ocr_carea' id='block_1_30' title="bbox 1756 1830 3433 1912">
    <p class='ocr_par' dir='ltr' id='par_1_30' title="bbox 1786 1837 3433 1912">
     <span class='ocr_line' id='line_1_30' title="bbox 1786 1837 3433 1912; baseline 0 -16"><span class='ocrx_word' id='word_1_207' title='bbox 1786 1841 1826 1896; x_wconf 83' lang='grc' dir='ltr'><strong>Β</strong></span> <span class='ocrx_word' id='word_1_208' title='bbox 1857 1837 2006 1895; x_wconf 82' lang='lat' dir='ltr'><strong>CAP.</strong></span> <span class='ocrx_word' id='word_1_209' title='bbox 2036 1839 2273 1896; x_wconf 73' lang='lat' dir='ltr'><strong>LXXXI.</strong></span> <span class='ocrx_word' id='word_1_210' title='bbox 2305 1871 2360 1881; x_wconf 97' lang='lat'><strong>—</strong></span> <span class='ocrx_word' id='word_1_211' title='bbox 2393 1840 2791 1912; x_wconf 50' lang='lat' dir='ltr'><strong>Qua&#39;nantjuut</strong></span> <span class='ocrx_word' id='word_1_212' title='bbox 2819 1841 2972 1910; x_wconf 79' lang='lat' dir='ltr'><strong>signa</strong></span> <span class='ocrx_word' id='word_1_213' title='bbox 2997 1840 3288 1907; x_wconf 73' lang='lat' dir='ltr'><strong>mirabilia,</strong></span> <span class='ocrx_word' id='word_1_214' title='bbox 3318 1858 3433 1912; x_wconf 71' lang='lat' dir='ltr'><strong>quae</strong></span> 
     </span>
    </p>
   </div>
   <div class='ocr_carea' id='block_1_31' title="bbox 658 1902 1253 1972">
    <p class='ocr_par' dir='ltr' id='par_1_31' title="bbox 658 1902 1253 1972">
     <span class='ocr_line' id='line_1_31' title="bbox 658 1902 1253 1972; baseline -0.003 -14"><span class='ocrx_word' id='word_1_215' title='bbox 658 1903 976 1972; x_wconf 79' lang='grc' dir='ltr'>θαυμαστὰ</span> <span class='ocrx_word' id='word_1_216' title='bbox 1011 1902 1253 1971; x_wconf 79' lang='grc' dir='ltr'>σημεῖα.</span> 
     </span>
    </p>
   </div>
   <div class='ocr_carea' id='block_1_32' title="bbox 246 2036 1750 2107">
    <p class='ocr_par' dir='ltr' id='par_1_32' title="bbox 246 2036 1750 2107">
     <span class='ocr_line' id='line_1_32' title="bbox 246 2036 1750 2107; baseline -0.003 -15"><span class='ocrx_word' id='word_1_217' title='bbox 246 2038 342 2102; x_wconf 79' lang='grc' dir='ltr'>Ἐξ</span> <span class='ocrx_word' id='word_1_218' title='bbox 357 2038 628 2106; x_wconf 78' lang='grc' dir='ltr'>ὀλιγίστου</span> <span class='ocrx_word' id='word_1_219' title='bbox 661 2037 892 2107; x_wconf 78' lang='grc' dir='ltr'>ἀλεύρου</span> <span class='ocrx_word' id='word_1_220' title='bbox 935 2037 1028 2089; x_wconf 78' lang='grc' dir='ltr'><strong>καὶ</strong></span> <span class='ocrx_word' id='word_1_221' title='bbox 1060 2036 1240 2088; x_wconf 76' lang='grc' dir='ltr'>ἐλαίου</span> <span class='ocrx_word' id='word_1_222' title='bbox 1263 2079 1276 2102; x_wconf 92' lang='grc'>,</span> <span class='ocrx_word' id='word_1_223' title='bbox 1302 2038 1358 2089; x_wconf 82' lang='grc' dir='ltr'>ὲν</span> <span class='ocrx_word' id='word_1_224' title='bbox 1383 2037 1562 2106; x_wconf 85' lang='grc' dir='ltr'>καιρῷ</span> <span class='ocrx_word' id='word_1_225' title='bbox 1590 2037 1750 2106; x_wconf 83' lang='grc' dir='ltr'>λιμοῦ</span> 
     </span>
    </p>
   </div>
   <div class='ocr_carea' id='block_1_33' title="bbox 165 2129 1749 2204">
    <p class='ocr_par' dir='ltr' id='par_1_33' title="bbox 165 2129 1749 2204">
     <span class='ocr_line' id='line_1_33' title="bbox 165 2129 1749 2204; baseline -0.001 -21"><span class='ocrx_word' id='word_1_226' title='bbox 165 2131 443 2201; x_wconf 63' lang='grc' dir='ltr'>πεμφθεὶς</span> <span class='ocrx_word' id='word_1_227' title='bbox 463 2132 545 2193; x_wconf 80' lang='grc' dir='ltr'><strong>είς</strong></span> <span class='ocrx_word' id='word_1_228' title='bbox 577 2130 840 2200; x_wconf 80' lang='grc' dir='ltr'>Σαραφθά</span> <span class='ocrx_word' id='word_1_229' title='bbox 868 2129 964 2198; x_wconf 85' lang='grc' dir='ltr'>τῆς</span> <span class='ocrx_word' id='word_1_230' title='bbox 985 2129 1276 2204; x_wconf 62' lang='grc' dir='ltr'>Σιδωνίας,</span> <span class='ocrx_word' id='word_1_231' title='bbox 1305 2132 1543 2196; x_wconf 87' lang='grc' dir='ltr'>γυναῖκα</span> <span class='ocrx_word' id='word_1_232' title='bbox 1570 2130 1749 2198; x_wconf 84' lang='grc' dir='ltr'>χήραν</span> 
     </span>
    </p>
   </div>
   <div class='ocr_carea' id='block_1_34' title="bbox 165 2219 1751 2292">
    <p class='ocr_par' dir='ltr' id='par_1_34' title="bbox 165 2219 1751 2292">
     <span class='ocr_line' id='line_1_34' title="bbox 165 2219 1751 2292; baseline -0.003 -16"><span class='ocrx_word' id='word_1_233' title='bbox 165 2226 261 2276; x_wconf 75' lang='grc' dir='ltr'><strong>καὶ</strong></span> <span class='ocrx_word' id='word_1_234' title='bbox 288 2224 379 2276; x_wconf 79' lang='grc' dir='ltr'>τὸν</span> <span class='ocrx_word' id='word_1_235' title='bbox 408 2223 613 2292; x_wconf 81' lang='grc' dir='ltr'><strong>ταύτης</strong></span> <span class='ocrx_word' id='word_1_236' title='bbox 636 2222 772 2284; x_wconf 75' lang='grc' dir='ltr'>υίὸν,</span> <span class='ocrx_word' id='word_1_237' title='bbox 801 2220 896 2273; x_wconf 72' lang='grc' dir='ltr'><strong>καὶ</strong></span> <span class='ocrx_word' id='word_1_238' title='bbox 919 2222 1107 2273; x_wconf 78' lang='grc' dir='ltr'>ἑαυτὸν</span> <span class='ocrx_word' id='word_1_239' title='bbox 1135 2220 1228 2273; x_wconf 74' lang='grc' dir='ltr'><strong>ὲπὶ</strong></span> <span class='ocrx_word' id='word_1_240' title='bbox 1272 2221 1459 2289; x_wconf 87' lang='grc' dir='ltr'>τριετῆ</span> <span class='ocrx_word' id='word_1_241' title='bbox 1504 2219 1751 2290; x_wconf 73' lang='grc' dir='ltr'>διέθρεψε</span> 
     </span>
    </p>
   </div>
   <div class='ocr_carea' id='block_1_35' title="bbox 166 2311 1751 2384">
    <p class='ocr_par' dir='ltr' id='par_1_35' title="bbox 166 2311 1751 2384">
     <span class='ocr_line' id='line_1_35' title="bbox 166 2311 1751 2384; baseline 0.015 -23"><span class='ocrx_word' id='word_1_242' title='bbox 166 2317 382 2384; x_wconf 73' lang='grc' dir='ltr'>χρόνον.</span> <span class='ocrx_word' id='word_1_243' title='bbox 407 2313 692 2384; x_wconf 78' lang='grc' dir='ltr'>Δεύτερον,</span> <span class='ocrx_word' id='word_1_244' title='bbox 724 2314 838 2366; x_wconf 77' lang='grc' dir='ltr'>υἱὸν</span> <span class='ocrx_word' id='word_1_245' title='bbox 858 2313 955 2382; x_wconf 83' lang='grc' dir='ltr'>τῆς</span> <span class='ocrx_word' id='word_1_246' title='bbox 980 2311 1289 2382; x_wconf 79' lang='grc' dir='ltr'>σταθμοχοῦ</span> <span class='ocrx_word' id='word_1_247' title='bbox 1321 2313 1432 2382; x_wconf 72' lang='grc'><strong>(95)</strong></span> <span class='ocrx_word' id='word_1_248' title='bbox 1458 2314 1555 2381; x_wconf 70' lang='grc' dir='ltr'><strong>τῆς</strong></span> <span class='ocrx_word' id='word_1_249' title='bbox 1576 2313 1751 2381; x_wconf 66' lang='grc' dir='ltr'><strong>χήρας</strong></span> 
     </span>
    </p>
   </div>
   <div class='ocr_carea' id='block_1_36' title="bbox 165 2405 1752 2478">
    <p class='ocr_par' dir='ltr' id='par_1_36' title="bbox 165 2405 1752 2478">
     <span class='ocr_line' id='line_1_36' title="bbox 165 2405 1752 2478; baseline -0.001 -17"><span class='ocrx_word' id='word_1_250' title='bbox 165 2409 512 2461; x_wconf 75' lang='grc' dir='ltr'>ἀποθανόντα</span> <span class='ocrx_word' id='word_1_251' title='bbox 557 2407 846 2476; x_wconf 82' lang='grc' dir='ltr'>ἀνέστησε,</span> <span class='ocrx_word' id='word_1_252' title='bbox 887 2407 1104 2478; x_wconf 78' lang='grc' dir='ltr'>Τρίτον,</span> <span class='ocrx_word' id='word_1_253' title='bbox 1169 2405 1279 2473; x_wconf 83' lang='grc' dir='ltr'><strong>πῦρ</strong></span> <span class='ocrx_word' id='word_1_254' title='bbox 1325 2406 1381 2470; x_wconf 78' lang='grc' dir='ltr'><strong>ἐξ</strong></span> <span class='ocrx_word' id='word_1_255' title='bbox 1403 2406 1631 2476; x_wconf 80' lang='grc' dir='ltr'>οὐρανοῦ</span> <span class='ocrx_word' id='word_1_256' title='bbox 1661 2408 1752 2459; x_wconf 77' lang='grc' dir='ltr'>ἐπὶ</span> 
     </span>
    </p>
   </div>
   <div class='ocr_carea' id='block_1_37' title="bbox 165 2499 1752 2571">
    <p class='ocr_par' dir='ltr' id='par_1_37' title="bbox 165 2499 1752 2571">
     <span class='ocr_line' id='line_1_37' title="bbox 165 2499 1752 2571; baseline -0.002 -18"><span class='ocrx_word' id='word_1_257' title='bbox 165 2502 234 2555; x_wconf 66' lang='grc' dir='ltr'>τὰ</span> <span class='ocrx_word' id='word_1_258' title='bbox 263 2502 434 2571; x_wconf 77' lang='grc' dir='ltr'>ἱερεῖα</span> <span class='ocrx_word' id='word_1_259' title='bbox 466 2501 772 2570; x_wconf 74' lang='grc' dir='ltr'>κατήγαγε.</span> <span class='ocrx_word' id='word_1_260' title='bbox 819 2501 1088 2570; x_wconf 80' lang='grc' dir='ltr'>Τέταρτον</span> <span class='ocrx_word' id='word_1_261' title='bbox 1112 2542 1126 2565; x_wconf 95' lang='grc'>,</span> <span class='ocrx_word' id='word_1_262' title='bbox 1164 2499 1316 2552; x_wconf 78' lang='grc' dir='ltr'>ὑετὸν</span> <span class='ocrx_word' id='word_1_263' title='bbox 1357 2499 1415 2565; x_wconf 80' lang='grc' dir='ltr'>ἐξ</span> <span class='ocrx_word' id='word_1_264' title='bbox 1452 2499 1752 2570; x_wconf 83' lang='grc' dir='ltr'>ἀνομ6ρίας</span> 
     </span>
    </p>
   </div>
   <div class='ocr_carea' id='block_1_38' title="bbox 169 2593 1753 2666">
    <p class='ocr_par' dir='ltr' id='par_1_38' title="bbox 169 2593 1753 2666">
     <span class='ocr_line' id='line_1_38' title="bbox 169 2593 1753 2666; baseline -0.001 -20"><span class='ocrx_word' id='word_1_265' title='bbox 169 2593 452 2666; x_wconf 83' lang='grc' dir='ltr'>προειπὼν</span> <span class='ocrx_word' id='word_1_266' title='bbox 478 2593 720 2656; x_wconf 78' lang='grc' dir='ltr'>ἔσεσθαι,</span> <span class='ocrx_word' id='word_1_267' title='bbox 758 2593 959 2655; x_wconf 73' lang='grc' dir='ltr'>εὐθέως</span> <span class='ocrx_word' id='word_1_268' title='bbox 994 2594 1266 2662; x_wconf 81' lang='grc' dir='ltr'>ἐπήγαγε.</span> <span class='ocrx_word' id='word_1_269' title='bbox 1307 2595 1590 2660; x_wconf 77' lang='grc' dir='ltr'>Πέμπτον,</span> <span class='ocrx_word' id='word_1_270' title='bbox 1623 2609 1753 2644; x_wconf 82' lang='grc' dir='ltr'>πεν-</span> 
     </span>
    </p>
   </div>
   <div class='ocr_carea' id='block_1_39' title="bbox 168 2682 1753 2756">
    <p class='ocr_par' dir='ltr' id='par_1_39' title="bbox 168 2682 1753 2756">
     <span class='ocr_line' id='line_1_39' title="bbox 168 2682 1753 2756; baseline -0.002 -18"><span class='ocrx_word' id='word_1_271' title='bbox 168 2687 545 2756; x_wconf 84' lang='grc' dir='ltr'>τηκόνταρχον</span> <span class='ocrx_word' id='word_1_272' title='bbox 571 2684 660 2736; x_wconf 71' lang='grc' dir='ltr'><strong>ἐπ’</strong></span> <span class='ocrx_word' id='word_1_273' title='bbox 684 2684 849 2737; x_wconf 76' lang='grc' dir='ltr'>αὑτὸν</span> <span class='ocrx_word' id='word_1_274' title='bbox 871 2682 1112 2746; x_wconf 69' lang='grc' dir='ltr'>ἐλθόντα,</span> <span class='ocrx_word' id='word_1_275' title='bbox 1145 2684 1538 2752; x_wconf 75' lang='grc' dir='ltr'>παραστάσεως</span> <span class='ocrx_word' id='word_1_276' title='bbox 1567 2684 1753 2736; x_wconf 78' lang='grc' dir='ltr'>εἵνεκα</span> 
     </span>
    </p>
   </div>
   <div class='ocr_carea' id='block_1_40' title="bbox 168 2774 1751 2847">
    <p class='ocr_par' dir='ltr' id='par_1_40' title="bbox 168 2774 1751 2847">
     <span class='ocr_line' id='line_1_40' title="bbox 168 2774 1751 2847; baseline -0.002 -17"><span class='ocrx_word' id='word_1_277' title='bbox 168 2777 272 2846; x_wconf 81' lang='grc' dir='ltr'>τῆς</span> <span class='ocrx_word' id='word_1_278' title='bbox 299 2778 437 2847; x_wconf 70' lang='grc' dir='ltr'>πρὸς</span> <span class='ocrx_word' id='word_1_279' title='bbox 461 2779 553 2830; x_wconf 76' lang='grc' dir='ltr'><strong>τὸν</strong></span> <span class='ocrx_word' id='word_1_280' title='bbox 580 2774 826 2846; x_wconf 84' lang='grc' dir='ltr'>βασιλέα,</span> <span class='ocrx_word' id='word_1_281' title='bbox 858 2775 954 2829; x_wconf 82' lang='grc' dir='ltr'>καὶ</span> <span class='ocrx_word' id='word_1_282' title='bbox 1006 2776 1134 2839; x_wconf 81' lang='grc' dir='ltr'>τοὺς</span> <span class='ocrx_word' id='word_1_283' title='bbox 1175 2778 1513 2844; x_wconf 77' lang='grc' dir='ltr'>πεντήκοντα</span> <span class='ocrx_word' id='word_1_284' title='bbox 1564 2774 1751 2838; x_wconf 83' lang='grc' dir='ltr'>αὑτοῦ,</span> 
     </span>
    </p>
   </div>
   <div class='ocr_carea' id='block_1_41' title="bbox 171 2863 1756 2940">
    <p class='ocr_par' dir='ltr' id='par_1_41' title="bbox 171 2863 1756 2940">
     <span class='ocr_line' id='line_1_41' title="bbox 171 2863 1756 2940; baseline -0.003 -20"><span class='ocrx_word' id='word_1_285' title='bbox 171 2870 318 2940; x_wconf 79' lang='grc' dir='ltr'>φορᾷ</span> <span class='ocrx_word' id='word_1_286' title='bbox 348 2869 516 2938; x_wconf 77' lang='grc' dir='ltr'>πυρὸς</span> <span class='ocrx_word' id='word_1_287' title='bbox 565 2866 818 2938; x_wconf 79' lang='grc' dir='ltr'>οὐρανίου</span> <span class='ocrx_word' id='word_1_288' title='bbox 875 2867 1167 2938; x_wconf 64' lang='grc' dir='ltr'>ἐνέπρησε,</span> <span class='ocrx_word' id='word_1_289' title='bbox 1208 2865 1302 2918; x_wconf 64' lang='grc' dir='ltr'><strong>καλ</strong></span> <span class='ocrx_word' id='word_1_290' title='bbox 1345 2863 1507 2916; x_wconf 77' lang='grc' dir='ltr'>πάλιν</span> <span class='ocrx_word' id='word_1_291' title='bbox 1551 2863 1640 2916; x_wconf 79' lang='grc' dir='ltr'><strong>τὸν</strong></span> <span class='ocrx_word' id='word_1_292' title='bbox 1672 2864 1756 2916; x_wconf 77' lang='grc' dir='ltr'><strong>ἑ).-</strong></span> 
     </span>
    </p>
   </div>
   <div class='ocr_carea' id='block_1_42' title="bbox 171 2953 1754 3030">
    <p class='ocr_par' dir='ltr' id='par_1_42' title="bbox 171 2953 1754 3030">
     <span class='ocr_line' id='line_1_42' title="bbox 171 2953 1754 3030; baseline -0.003 -18"><span class='ocrx_word' id='word_1_293' title='bbox 171 2960 334 3012; x_wconf 84' lang='grc' dir='ltr'>θόντα</span> <span class='ocrx_word' id='word_1_294' title='bbox 356 2959 610 3030; x_wconf 83' lang='grc' dir='ltr'>δεύτερον</span> <span class='ocrx_word' id='word_1_295' title='bbox 634 2957 834 3026; x_wconf 75' lang='grc' dir='ltr'>ὁμοίως</span> <span class='ocrx_word' id='word_1_296' title='bbox 859 2957 1090 3010; x_wconf 79' lang='grc' dir='ltr'>ἀνεῖλεν.</span> <span class='ocrx_word' id='word_1_297' title='bbox 1120 2956 1408 3023; x_wconf 79' lang='grc' dir='ltr'>Ἐσδομον,</span> <span class='ocrx_word' id='word_1_298' title='bbox 1441 2957 1506 3024; x_wconf 82' lang='grc' dir='ltr'>τῇ</span> <span class='ocrx_word' id='word_1_299' title='bbox 1533 2953 1754 3025; x_wconf 79' lang='grc' dir='ltr'>μηλωτῇ</span> 
     </span>
    </p>
   </div>
   <div class='ocr_carea' id='block_1_43' title="bbox 170 3046 1756 3120">
    <p class='ocr_par' dir='ltr' id='par_1_43' title="bbox 170 3046 1756 3120">
     <span class='ocr_line' id='line_1_43' title="bbox 170 3046 1756 3120; baseline -0.002 -16"><span class='ocrx_word' id='word_1_300' title='bbox 170 3052 265 3104; x_wconf 78' lang='grc' dir='ltr'><strong>τὸν</strong></span> <span class='ocrx_word' id='word_1_301' title='bbox 322 3050 602 3120; x_wconf 71' lang='grc' dir='ltr'>Ἰορδάνην</span> <span class='ocrx_word' id='word_1_302' title='bbox 659 3049 904 3118; x_wconf 77' lang='grc' dir='ltr'>περάσας</span> <span class='ocrx_word' id='word_1_303' title='bbox 933 3048 1070 3119; x_wconf 76' lang='grc'>(96),</span> <span class='ocrx_word' id='word_1_304' title='bbox 1107 3047 1265 3100; x_wconf 84' lang='grc' dir='ltr'>διεῖλε</span> <span class='ocrx_word' id='word_1_305' title='bbox 1319 3046 1756 3117; x_wconf 82' lang='grc' dir='ltr'>πλημμυροῦντα</span> 
     </span>
    </p>
   </div>
   <div class='ocr_carea' id='block_1_44' title="bbox 173 3138 1648 3212">
    <p class='ocr_par' dir='ltr' id='par_1_44' title="bbox 173 3138 1648 3212">
     <span class='ocr_line' id='line_1_44' title="bbox 173 3138 1648 3212; baseline -0.002 -17"><span class='ocrx_word' id='word_1_306' title='bbox 173 3143 444 3212; x_wconf 83' lang='grc' dir='ltr'>ποταμὸν,</span> <span class='ocrx_word' id='word_1_307' title='bbox 485 3143 566 3204; x_wconf 87' lang='grc' dir='ltr'><strong>είς</strong></span> <span class='ocrx_word' id='word_1_308' title='bbox 599 3141 833 3211; x_wconf 69' lang='grc' dir='ltr'>πάροδον</span> <span class='ocrx_word' id='word_1_309' title='bbox 862 3139 1059 3194; x_wconf 76' lang='grc' dir='ltr'>ἑαυτοῦ</span> <span class='ocrx_word' id='word_1_310' title='bbox 1093 3156 1152 3192; x_wconf 83' lang='grc' dir='ltr'><strong>τε</strong></span> <span class='ocrx_word' id='word_1_311' title='bbox 1186 3138 1281 3192; x_wconf 79' lang='grc' dir='ltr'><strong>καὶ</strong></span> <span class='ocrx_word' id='word_1_312' title='bbox 1320 3139 1648 3192; x_wconf 80' lang='grc' dir='ltr'>Ἐλισσαίου.</span> 
     </span>
    </p>
   </div>
   <div class='ocr_carea' id='block_1_45' title="bbox 2467 1910 2815 1980">
    <p class='ocr_par' dir='ltr' id='par_1_45' title="bbox 2467 1910 2815 1980">
     <span class='ocr_line' id='line_1_45' title="bbox 2467 1910 2815 1980; baseline 0.003 -16"><span class='ocrx_word' id='word_1_313' title='bbox 2467 1913 2589 1980; x_wconf 72' lang='lat' dir='ltr'><strong>fecit</strong></span> <span class='ocrx_word' id='word_1_314' title='bbox 2644 1910 2815 1965; x_wconf 81' lang='lat' dir='ltr'><strong>Eliaa.</strong></span> 
     </span>
    </p>
   </div>
   <div class='ocr_carea' id='block_1_46' title="bbox 1939 2044 3432 2119">
    <p class='ocr_par' dir='ltr' id='par_1_46' title="bbox 1939 2044 3432 2119">
     <span class='ocr_line' id='line_1_46' title="bbox 1939 2044 3432 2119; baseline 0.004 -21"><span class='ocrx_word' id='word_1_315' title='bbox 1939 2045 2015 2098; x_wconf 74' lang='lat' dir='ltr'><strong>Ex</strong></span> <span class='ocrx_word' id='word_1_316' title='bbox 2053 2045 2427 2101; x_wconf 85' lang='lat' dir='ltr'><strong>modicissima</strong></span> <span class='ocrx_word' id='word_1_317' title='bbox 2478 2044 2653 2100; x_wconf 80' lang='lat' dir='ltr'><strong>farina</strong></span> <span class='ocrx_word' id='word_1_318' title='bbox 2706 2055 2759 2101; x_wconf 86' lang='lat' dir='ltr'><strong>et</strong></span> <span class='ocrx_word' id='word_1_319' title='bbox 2819 2050 2973 2108; x_wconf 88' lang='lat' dir='ltr'><strong>oleo.</strong></span> <span class='ocrx_word' id='word_1_320' title='bbox 3011 2062 3136 2102; x_wconf 91' lang='lat' dir='ltr'><strong>eum</strong></span> <span class='ocrx_word' id='word_1_321' title='bbox 3187 2056 3432 2119; x_wconf 85' lang='lat' dir='ltr'><strong>tempore</strong></span> 
     </span>
    </p>
   </div>
   <div class='ocr_carea' id='block_1_47' title="bbox 1862 2136 3434 2207">
    <p class='ocr_par' dir='ltr' id='par_1_47' title="bbox 1862 2136 3434 2207">
     <span class='ocr_line' id='line_1_47' title="bbox 1862 2136 3434 2207; baseline 0.002 -16"><span class='ocrx_word' id='word_1_322' title='bbox 1862 2137 2024 2192; x_wconf 82' lang='lat' dir='ltr'><strong>fatuis</strong></span> <span class='ocrx_word' id='word_1_323' title='bbox 2053 2138 2255 2193; x_wconf 89' lang='lat' dir='ltr'><strong>missus</strong></span> <span class='ocrx_word' id='word_1_324' title='bbox 2283 2139 2475 2193; x_wconf 86' lang='lat' dir='ltr'><strong>l&#39;ulsset</strong></span> <span class='ocrx_word' id='word_1_325' title='bbox 2505 2139 2558 2192; x_wconf 92' lang='lat' dir='ltr'><strong>in</strong></span> <span class='ocrx_word' id='word_1_326' title='bbox 2602 2136 2886 2207; x_wconf 83' lang='lat' dir='ltr'><strong>Sareptam</strong></span> <span class='ocrx_word' id='word_1_327' title='bbox 2925 2140 3184 2206; x_wconf 74' lang='lat' dir='ltr'><strong>Sidonite,</strong></span> <span class='ocrx_word' id='word_1_328' title='bbox 3235 2141 3434 2194; x_wconf 90' lang='lat' dir='ltr'><strong>mulie-</strong></span> 
     </span>
    </p>
   </div>
   <div class='ocr_carea' id='block_1_48' title="bbox 1861 2231 3433 2302">
    <p class='ocr_par' dir='ltr' id='par_1_48' title="bbox 1861 2231 3433 2302">
     <span class='ocr_line' id='line_1_48' title="bbox 1861 2231 3433 2302; baseline 0.003 -19"><span class='ocrx_word' id='word_1_329' title='bbox 1861 2246 1974 2284; x_wconf 89' lang='lat' dir='ltr'><strong>rem</strong></span> <span class='ocrx_word' id='word_1_330' title='bbox 2016 2231 2235 2285; x_wconf 82' lang='lat' dir='ltr'><strong>viduam</strong></span> <span class='ocrx_word' id='word_1_331' title='bbox 2289 2231 2519 2300; x_wconf 80' lang='lat' dir='ltr'><strong>ejusque</strong></span> <span class='ocrx_word' id='word_1_332' title='bbox 2574 2231 2745 2284; x_wconf 85' lang='lat' dir='ltr'><strong>lilium</strong></span> <span class='ocrx_word' id='word_1_333' title='bbox 2804 2247 2868 2284; x_wconf 89' lang='lat' dir='ltr'><strong>ae</strong></span> <span class='ocrx_word' id='word_1_334' title='bbox 2899 2242 3156 2300; x_wconf 64' lang='lat' dir='ltr'><strong>praeterea</strong></span> <span class='ocrx_word' id='word_1_335' title='bbox 3191 2233 3433 2302; x_wconf 82' lang='lat' dir='ltr'><strong>seipsum</strong></span> 
     </span>
    </p>
   </div>
   <div class='ocr_carea' id='block_1_49' title="bbox 1862 2321 3437 2394">
    <p class='ocr_par' dir='ltr' id='par_1_49' title="bbox 1862 2321 3437 2394">
     <span class='ocr_line' id='line_1_49' title="bbox 1862 2321 3437 2394; baseline 0.002 -17"><span class='ocrx_word' id='word_1_336' title='bbox 1862 2323 2096 2378; x_wconf 91' lang='lat' dir='ltr'><strong>triennio</strong></span> <span class='ocrx_word' id='word_1_337' title='bbox 2123 2324 2402 2378; x_wconf 89' lang='lat' dir='ltr'><strong>enutrivit.</strong></span> <span class='ocrx_word' id='word_1_338' title='bbox 2464 2321 2749 2384; x_wconf 88' lang='lat' dir='ltr'><strong>Secundo,</strong></span> <span class='ocrx_word' id='word_1_339' title='bbox 2812 2323 2982 2378; x_wconf 87' lang='lat' dir='ltr'><strong>lilium</strong></span> <span class='ocrx_word' id='word_1_340' title='bbox 3040 2324 3270 2394; x_wconf 90' lang='lat' dir='ltr'><strong>hospitis</strong></span> <span class='ocrx_word' id='word_1_341' title='bbox 3321 2340 3437 2380; x_wconf 66' lang='lat' dir='ltr'><strong>sua</strong></span> 
     </span>
    </p>
   </div>
   <div class='ocr_carea' id='block_1_50' title="bbox 1859 2413 3439 2485">
    <p class='ocr_par' dir='ltr' id='par_1_50' title="bbox 1859 2413 3439 2485">
     <span class='ocr_line' id='line_1_50' title="bbox 1859 2413 3439 2485; baseline 0.003 -17"><span class='ocrx_word' id='word_1_342' title='bbox 1859 2418 2038 2471; x_wconf 71' lang='lat' dir='ltr'><strong>vidua:</strong></span> <span class='ocrx_word' id='word_1_343' title='bbox 2058 2417 2168 2470; x_wconf 89' lang='lat' dir='ltr'><strong>vita</strong></span> <span class='ocrx_word' id='word_1_344' title='bbox 2196 2415 2442 2470; x_wconf 77' lang='lat' dir='ltr'><strong>functura</strong></span> <span class='ocrx_word' id='word_1_345' title='bbox 2481 2416 2847 2470; x_wconf 87' lang='lat' dir='ltr'><strong>resuscitavit.</strong></span> <span class='ocrx_word' id='word_1_346' title='bbox 2883 2413 3088 2481; x_wconf 90' lang='lat' dir='ltr'><strong>Tertio,</strong></span> <span class='ocrx_word' id='word_1_347' title='bbox 3124 2416 3299 2485; x_wconf 90' lang='lat' dir='ltr'><strong>ignem</strong></span> <span class='ocrx_word' id='word_1_348' title='bbox 3330 2430 3439 2472; x_wconf 74' lang='lat' dir='ltr'><strong>etn-</strong></span> 
     </span>
    </p>
   </div>
   <div class='ocr_carea' id='block_1_51' title="bbox 1861 2505 3437 2577">
    <p class='ocr_par' dir='ltr' id='par_1_51' title="bbox 1861 2505 3437 2577">
     <span class='ocr_line' id='line_1_51' title="bbox 1861 2505 3437 2577; baseline -0.001 -15"><span class='ocrx_word' id='word_1_349' title='bbox 1861 2509 1991 2563; x_wconf 89' lang='lat' dir='ltr'><strong>litus</strong></span> <span class='ocrx_word' id='word_1_350' title='bbox 2023 2523 2188 2577; x_wconf 90' lang='lat' dir='ltr'><strong>super</strong></span> <span class='ocrx_word' id='word_1_351' title='bbox 2215 2507 2466 2562; x_wconf 79' lang='lat' dir='ltr'><strong>victimas</strong></span> <span class='ocrx_word' id='word_1_352' title='bbox 2491 2505 2778 2561; x_wconf 80' lang='lat' dir='ltr'><strong>derivavit.</strong></span> <span class='ocrx_word' id='word_1_353' title='bbox 2814 2505 3042 2572; x_wconf 84' lang='lat' dir='ltr'><strong>Quarto,</strong></span> <span class='ocrx_word' id='word_1_354' title='bbox 3092 2507 3330 2576; x_wconf 85' lang='lat' dir='ltr'><strong>pluviam</strong></span> <span class='ocrx_word' id='word_1_355' title='bbox 3371 2523 3437 2561; x_wconf 64' lang='lat' dir='ltr'><strong>et</strong></span> 
     </span>
    </p>
   </div>
   <div class='ocr_carea' id='block_1_52' title="bbox 1863 2599 3437 2670">
    <p class='ocr_par' dir='ltr' id='par_1_52' title="bbox 1863 2599 3437 2670">
     <span class='ocr_line' id='line_1_52' title="bbox 1863 2599 3437 2670; baseline -0.002 -14"><span class='ocrx_word' id='word_1_356' title='bbox 1863 2602 2110 2656; x_wconf 88' lang='lat' dir='ltr'><strong>siccitate</strong></span> <span class='ocrx_word' id='word_1_357' title='bbox 2135 2600 2432 2670; x_wconf 72' lang='lat' dir='ltr'><strong>pmdicens</strong></span> <span class='ocrx_word' id='word_1_358' title='bbox 2463 2599 2704 2654; x_wconf 77' lang='lat' dir='ltr'><strong>futuram</strong></span> <span class='ocrx_word' id='word_1_359' title='bbox 2733 2600 2912 2654; x_wconf 89' lang='lat' dir='ltr'><strong>statim</strong></span> <span class='ocrx_word' id='word_1_360' title='bbox 2941 2601 3186 2655; x_wconf 81' lang='lat' dir='ltr'><strong>adduxit.</strong></span> <span class='ocrx_word' id='word_1_361' title='bbox 3209 2599 3437 2665; x_wconf 83' lang='lat' dir='ltr'><strong>Quinto,</strong></span> 
     </span>
    </p>
   </div>
   <div class='ocr_carea' id='block_1_53' title="bbox 1862 2692 3438 2765">
    <p class='ocr_par' dir='ltr' id='par_1_53' title="bbox 1862 2692 3438 2765">
     <span class='ocr_line' id='line_1_53' title="bbox 1862 2692 3438 2765; baseline 0 -18"><span class='ocrx_word' id='word_1_362' title='bbox 1862 2694 2391 2765; x_wconf 86' lang='lat' dir='ltr'><strong>quinquagenarium</strong></span> <span class='ocrx_word' id='word_1_363' title='bbox 2436 2695 2502 2747; x_wconf 89' lang='lat' dir='ltr'><strong>ad</strong></span> <span class='ocrx_word' id='word_1_364' title='bbox 2537 2708 2596 2748; x_wconf 90' lang='lat' dir='ltr'><strong>se</strong></span> <span class='ocrx_word' id='word_1_365' title='bbox 2635 2695 2941 2746; x_wconf 82' lang='lat' dir='ltr'><strong>venientem</strong></span> <span class='ocrx_word' id='word_1_366' title='bbox 2987 2706 3154 2747; x_wconf 84' lang='lat' dir='ltr'><strong>causa</strong></span> <span class='ocrx_word' id='word_1_367' title='bbox 3208 2692 3438 2747; x_wconf 76' lang='lat' dir='ltr'><strong>sistendi</strong></span> 
     </span>
    </p>
   </div>
   <div class='ocr_carea' id='block_1_54' title="bbox 1863 2783 3438 2856">
    <p class='ocr_par' dir='ltr' id='par_1_54' title="bbox 1863 2783 3438 2856">
     <span class='ocr_line' id='line_1_54' title="bbox 1863 2783 3438 2856; baseline -0.002 -16"><span class='ocrx_word' id='word_1_368' title='bbox 1863 2787 2017 2840; x_wconf 91' lang='lat' dir='ltr'><strong>illum</strong></span> <span class='ocrx_word' id='word_1_369' title='bbox 2070 2786 2228 2856; x_wconf 83' lang='lat' dir='ltr'><strong>regi,</strong></span> <span class='ocrx_word' id='word_1_370' title='bbox 2283 2785 2648 2854; x_wconf 89' lang='lat' dir='ltr'><strong>hominesque</strong></span> <span class='ocrx_word' id='word_1_371' title='bbox 2671 2783 2792 2853; x_wconf 84' lang='lat' dir='ltr'><strong>ejus</strong></span> <span class='ocrx_word' id='word_1_372' title='bbox 2837 2783 3234 2853; x_wconf 79' lang='lat' dir='ltr'><strong>quinquaginta</strong></span> <span class='ocrx_word' id='word_1_373' title='bbox 3285 2783 3438 2852; x_wconf 78' lang='lat' dir='ltr'><strong>lapsu</strong></span> 
     </span>
    </p>
   </div>
   <div class='ocr_carea' id='block_1_55' title="bbox 1864 2876 3443 2948">
    <p class='ocr_par' dir='ltr' id='par_1_55' title="bbox 1864 2876 3443 2948">
     <span class='ocr_line' id='line_1_55' title="bbox 1864 2876 3443 2948; baseline -0.003 -14"><span class='ocrx_word' id='word_1_374' title='bbox 1864 2880 2004 2948; x_wconf 90' lang='lat' dir='ltr'><strong>ignis</strong></span> <span class='ocrx_word' id='word_1_375' title='bbox 2031 2878 2270 2934; x_wconf 74' lang='lat' dir='ltr'><strong>cmlestis</strong></span> <span class='ocrx_word' id='word_1_376' title='bbox 2317 2878 2641 2932; x_wconf 88' lang='lat' dir='ltr'><strong>combussit.</strong></span> <span class='ocrx_word' id='word_1_377' title='bbox 2680 2876 2921 2946; x_wconf 81' lang='lat' dir='ltr'><strong>Itemque</strong></span> <span class='ocrx_word' id='word_1_378' title='bbox 2948 2891 3073 2931; x_wconf 89' lang='lat' dir='ltr'><strong>eum</strong></span> <span class='ocrx_word' id='word_1_379' title='bbox 3127 2877 3221 2946; x_wconf 92' lang='lat' dir='ltr'><strong>qui</strong></span> <span class='ocrx_word' id='word_1_380' title='bbox 3253 2891 3443 2931; x_wconf 84' lang='lat' dir='ltr'><strong>secun-</strong></span> 
     </span>
    </p>
   </div>
   <div class='ocr_carea' id='block_1_56' title="bbox 1864 2967 3442 3038">
    <p class='ocr_par' dir='ltr' id='par_1_56' title="bbox 1864 2967 3442 3038">
     <span class='ocr_line' id='line_1_56' title="bbox 1864 2967 3442 3038; baseline -0.003 -14"><span class='ocrx_word' id='word_1_381' title='bbox 1864 2972 1968 3024; x_wconf 91' lang='lat' dir='ltr'><strong>dus</strong></span> <span class='ocrx_word' id='word_1_382' title='bbox 1998 2971 2064 3024; x_wconf 91' lang='lat' dir='ltr'><strong>ad</strong></span> <span class='ocrx_word' id='word_1_383' title='bbox 2098 2985 2158 3024; x_wconf 87' lang='lat' dir='ltr'><strong>se</strong></span> <span class='ocrx_word' id='word_1_384' title='bbox 2185 2978 2431 3032; x_wconf 81' lang='lat' dir='ltr'><strong>venerat,</strong></span> <span class='ocrx_word' id='word_1_385' title='bbox 2486 2969 2724 3023; x_wconf 87' lang='lat' dir='ltr'><strong>sustulit.</strong></span> <span class='ocrx_word' id='word_1_386' title='bbox 2761 2967 3025 3038; x_wconf 85' lang='lat' dir='ltr'><strong>Septimo,</strong></span> <span class='ocrx_word' id='word_1_387' title='bbox 3069 2971 3267 3024; x_wconf 88' lang='lat' dir='ltr'><strong>melote</strong></span> <span class='ocrx_word' id='word_1_388' title='bbox 3318 2967 3442 3022; x_wconf 86' lang='lat' dir='ltr'><strong>Jor-</strong></span> 
     </span>
    </p>
   </div>
   <div class='ocr_carea' id='block_1_57' title="bbox 1863 3059 3440 3132">
    <p class='ocr_par' dir='ltr' id='par_1_57' title="bbox 1863 3059 3440 3132">
     <span class='ocr_line' id='line_1_57' title="bbox 1863 3059 3440 3132; baseline 0 -17"><span class='ocrx_word' id='word_1_389' title='bbox 1863 3061 2084 3132; x_wconf 8' lang='lat' dir='ltr'><strong>danemv</strong></span> <span class='ocrx_word' id='word_1_390' title='bbox 2124 3061 2521 3122; x_wconf 86' lang='lat' dir='ltr'><strong>transmittens.</strong></span> <span class='ocrx_word' id='word_1_391' title='bbox 2583 3059 2771 3114; x_wconf 87' lang='lat' dir='ltr'><strong>divisit</strong></span> <span class='ocrx_word' id='word_1_392' title='bbox 2828 3059 3222 3114; x_wconf 86' lang='lat' dir='ltr'><strong>redundantem</strong></span> <span class='ocrx_word' id='word_1_393' title='bbox 3285 3059 3440 3115; x_wconf 91' lang='lat' dir='ltr'><strong>illum</strong></span> 
     </span>
    </p>
   </div>
   <div class='ocr_carea' id='block_1_58' title="bbox 1865 3150 3061 3224">
    <p class='ocr_par' dir='ltr' id='par_1_58' title="bbox 1865 3150 3061 3224">
     <span class='ocr_line' id='line_1_58' title="bbox 1865 3150 3061 3224; baseline 0.001 -18"><span class='ocrx_word' id='word_1_394' title='bbox 1865 3151 2114 3220; x_wconf 77' lang='lat' dir='ltr'><strong>fluvium,</strong></span> <span class='ocrx_word' id='word_1_395' title='bbox 2145 3168 2255 3224; x_wconf 92' lang='lat' dir='ltr'><strong>quo</strong></span> <span class='ocrx_word' id='word_1_396' title='bbox 2289 3154 2404 3222; x_wconf 91' lang='lat' dir='ltr'><strong>ipse</strong></span> <span class='ocrx_word' id='word_1_397' title='bbox 2447 3151 2704 3207; x_wconf 88' lang='lat' dir='ltr'><strong>transiret</strong></span> <span class='ocrx_word' id='word_1_398' title='bbox 2725 3162 2780 3206; x_wconf 91' lang='lat' dir='ltr'><strong>et</strong></span> <span class='ocrx_word' id='word_1_399' title='bbox 2811 3150 3061 3207; x_wconf 72' lang='lat' dir='ltr'><strong>Elisteus.</strong></span> 
     </span>
    </p>
   </div>
   <div class='ocr_carea' id='block_1_59' title="bbox 173 3271 1850 3361">
    <p class='ocr_par' dir='ltr' id='par_1_59' title="bbox 173 3271 1830 3361">
     <span class='ocr_line' id='line_1_59' title="bbox 173 3271 1830 3361; baseline -0.004 -31"><span class='ocrx_word' id='word_1_400' title='bbox 173 3272 590 3361; x_wconf 50' lang='lat' dir='ltr'><strong>KE‘I’AA.&#39;IIB&#39;-.</strong></span> <span class='ocrx_word' id='word_1_401' title='bbox 942 3273 1072 3361; x_wconf 49' lang='grc' dir='ltr'><strong>ἐστὶ</strong></span> <span class='ocrx_word' id='word_1_402' title='bbox 1126 3273 1200 3359; x_wconf 59' lang='lat' dir='ltr'><strong>fit</strong></span> <span class='ocrx_word' id='word_1_403' title='bbox 1244 3271 1343 3325; x_wconf 79' lang='grc' dir='ltr'><strong>διὰ</strong></span> <span class='ocrx_word' id='word_1_404' title='bbox 1392 3271 1758 3361; x_wconf 37' lang='grc' dir='ltr'><strong>α’,ξζιιίζσςέίου</strong></span> <span class='ocrx_word' id='word_1_405' title='bbox 1787 3271 1830 3292; x_wconf 70' lang='grc' dir='ltr'>ν</span> 
     </span>
    </p>
   </div>
   <div class='ocr_carea' id='block_1_60' title="bbox 1762 3271 3439 3361">
    <p class='ocr_par' dir='ltr' id='par_1_60' title="bbox 1787 3271 3439 3361">
     <span class='ocr_line' id='line_1_60' title="bbox 1787 3271 3439 3361; baseline 0.001 -17"><span class='ocrx_word' id='word_1_406' title='bbox 1787 3271 1830 3292; x_wconf 64' lang='grc' dir='ltr'>ν</span> <span class='ocrx_word' id='word_1_407' title='bbox 1863 3289 2016 3345; x_wconf 76' lang='lat' dir='ltr'><strong>CAP.</strong></span> <span class='ocrx_word' id='word_1_408' title='bbox 2055 3289 2320 3344; x_wconf 80' lang='lat' dir='ltr'><strong>LXXXII.</strong></span> <span class='ocrx_word' id='word_1_409' title='bbox 2350 3322 2418 3331; x_wconf 93' lang='lat'><strong><em>—</em></strong></span> <span class='ocrx_word' id='word_1_410' title='bbox 2449 3289 2706 3356; x_wconf 63' lang='lat' dir='ltr'><strong>Quantam</strong></span> <span class='ocrx_word' id='word_1_411' title='bbox 2750 3293 2871 3360; x_wconf 69' lang='lat' dir='ltr'><strong>fecit</strong></span> <span class='ocrx_word' id='word_1_412' title='bbox 2913 3289 3142 3345; x_wconf 70' lang='lat' dir='ltr'><strong>Elisaeua</strong></span> <span class='ocrx_word' id='word_1_413' title='bbox 3185 3293 3439 3361; x_wconf 74' lang='lat' dir='ltr'><strong>stupenda</strong></span> 
     </span>
    </p>
   </div>
   <div class='ocr_carea' id='block_1_61' title="bbox 243 3342 1760 3416">
    <p class='ocr_par' dir='ltr' id='par_1_61' title="bbox 243 3342 1760 3416">
     <span class='ocr_line' id='line_1_61' title="bbox 243 3342 1760 3416; baseline -0.003 -18"><span class='ocrx_word' id='word_1_414' title='bbox 243 3348 530 3416; x_wconf 73' lang='grc' dir='ltr'>γεγονότα</span> <span class='ocrx_word' id='word_1_415' title='bbox 552 3342 739 3416; x_wconf 60' lang='grc' dir='ltr'>διπλᾶ</span> <span class='ocrx_word' id='word_1_416' title='bbox 772 3345 884 3414; x_wconf 62' lang='grc'><strong>(97)</strong></span> <span class='ocrx_word' id='word_1_417' title='bbox 935 3346 1005 3397; x_wconf 80' lang='grc' dir='ltr'><strong>ἐν</strong></span> <span class='ocrx_word' id='word_1_418' title='bbox 1044 3345 1340 3411; x_wconf 79' lang='grc' dir='ltr'>πνεύματι</span> <span class='ocrx_word' id='word_1_419' title='bbox 1392 3342 1591 3399; x_wconf 74' lang='grc' dir='ltr'>Ἠλιοῦ</span> <span class='ocrx_word' id='word_1_420' title='bbox 1618 3346 1760 3396; x_wconf 83' lang='grc' dir='ltr'>θαυ-</span> 
     </span>
    </p>
   </div>
   <div class='ocr_carea' id='block_1_62' title="bbox 237 3415 704 3486">
    <p class='ocr_par' dir='ltr' id='par_1_62' title="bbox 237 3415 704 3486">
     <span class='ocr_line' id='line_1_62' title="bbox 237 3415 704 3486; baseline 0 -18"><span class='ocrx_word' id='word_1_421' title='bbox 237 3416 445 3486; x_wconf 82' lang='grc' dir='ltr'>μαστὰ</span> <span class='ocrx_word' id='word_1_422' title='bbox 465 3415 704 3484; x_wconf 82' lang='grc' dir='ltr'>σημεῖα.</span> 
     </span>
    </p>
   </div>
   <div class='ocr_carea' id='block_1_63' title="bbox 243 3547 1761 3622">
    <p class='ocr_par' dir='ltr' id='par_1_63' title="bbox 243 3547 1761 3622">
     <span class='ocr_line' id='line_1_63' title="bbox 243 3547 1761 3622; baseline 0 -18"><span class='ocrx_word' id='word_1_423' title='bbox 243 3559 315 3606; x_wconf 82' lang='grc' dir='ltr'>α’.</span> <span class='ocrx_word' id='word_1_424' title='bbox 357 3551 624 3621; x_wconf 75' lang='grc' dir='ltr'>Ἰορδάνην</span> <span class='ocrx_word' id='word_1_425' title='bbox 656 3549 899 3620; x_wconf 77' lang='grc' dir='ltr'>ποταμδν</span> <span class='ocrx_word' id='word_1_426' title='bbox 929 3551 995 3620; x_wconf 74' lang='grc' dir='ltr'>τῇ</span> <span class='ocrx_word' id='word_1_427' title='bbox 1036 3548 1130 3603; x_wconf 86' lang='grc' dir='ltr'><strong>τοῦ</strong></span> <span class='ocrx_word' id='word_1_428' title='bbox 1188 3547 1370 3603; x_wconf 83' lang='grc' dir='ltr'>Ἠλιοῦ</span> <span class='ocrx_word' id='word_1_429' title='bbox 1423 3549 1647 3622; x_wconf 79' lang='grc' dir='ltr'>μηλωτῇ</span> <span class='ocrx_word' id='word_1_430' title='bbox 1679 3549 1761 3604; x_wconf 84' lang='grc' dir='ltr'><strong>δι-</strong></span> 
     </span>
    </p>
   </div>
   <div class='ocr_carea' id='block_1_64' title="bbox 172 3641 726 3712">
    <p class='ocr_par' dir='ltr' id='par_1_64' title="bbox 172 3641 726 3712">
     <span class='ocr_line' id='line_1_64' title="bbox 172 3641 726 3712; baseline -0.004 -16"><span class='ocrx_word' id='word_1_431' title='bbox 172 3643 332 3709; x_wconf 74' lang='grc' dir='ltr'>ελὼν,</span> <span class='ocrx_word' id='word_1_432' title='bbox 362 3641 726 3712; x_wconf 80' lang='grc' dir='ltr'>παρελήλυθε.</span> 
     </span>
    </p>
   </div>
   <div class='ocr_carea' id='block_1_65' title="bbox 247 3734 1388 3807">
    <p class='ocr_par' dir='ltr' id='par_1_65' title="bbox 247 3734 1388 3807">
     <span class='ocr_line' id='line_1_65' title="bbox 247 3734 1388 3807; baseline 0 -19"><span class='ocrx_word' id='word_1_433' title='bbox 247 3735 315 3807; x_wconf 84' lang='grc' dir='ltr'><strong>β’.</strong></span> <span class='ocrx_word' id='word_1_434' title='bbox 345 3738 427 3789; x_wconf 69' lang='grc' dir='ltr'><strong>Τὰ</strong></span> <span class='ocrx_word' id='word_1_435' title='bbox 463 3740 521 3788; x_wconf 80' lang='grc' dir='ltr'>ἐν</span> <span class='ocrx_word' id='word_1_436' title='bbox 552 3734 765 3804; x_wconf 87' lang='grc' dir='ltr'>Ἱεριχῷ</span> <span class='ocrx_word' id='word_1_437' title='bbox 787 3735 956 3788; x_wconf 79' lang='grc' dir='ltr'>ὕδατα</span> <span class='ocrx_word' id='word_1_438' title='bbox 977 3734 1145 3802; x_wconf 81' lang='grc' dir='ltr'>ἄγονα</span> <span class='ocrx_word' id='word_1_439' title='bbox 1181 3735 1388 3788; x_wconf 73' lang='grc' dir='ltr'>ἰάσατο.</span> 
     </span>
    </p>
   </div>
   <div class='ocr_carea' id='block_1_66' title="bbox 243 3825 1759 3897">
    <p class='ocr_par' dir='ltr' id='par_1_66' title="bbox 243 3825 1759 3897">
     <span class='ocr_line' id='line_1_66' title="bbox 243 3825 1759 3897; baseline -0.005 -13"><span class='ocrx_word' id='word_1_440' title='bbox 243 3827 316 3897; x_wconf 87' lang='grc' dir='ltr'>γ’.</span> <span class='ocrx_word' id='word_1_441' title='bbox 378 3828 806 3896; x_wconf 82' lang='grc' dir='ltr'>Ἰἐσσαράκοντα</span> <span class='ocrx_word' id='word_1_442' title='bbox 869 3827 1064 3888; x_wconf 83' lang='grc' dir='ltr'>παῖδας</span> <span class='ocrx_word' id='word_1_443' title='bbox 1133 3825 1516 3890; x_wconf 77' lang='grc' dir='ltr'>διαπαίζοντας</span> <span class='ocrx_word' id='word_1_444' title='bbox 1578 3825 1759 3889; x_wconf 75' lang='grc' dir='ltr'>αὑτὸν,</span> 
     </span>
    </p>
   </div>
   <div class='ocr_carea' id='block_1_67' title="bbox 171 3915 1761 3990">
    <p class='ocr_par' dir='ltr' id='par_1_67' title="bbox 171 3915 1761 3990">
     <span class='ocr_line' id='line_1_67' title="bbox 171 3915 1761 3990; baseline -0.004 -17"><span class='ocrx_word' id='word_1_445' title='bbox 171 3918 403 3990; x_wconf 77' lang='grc' dir='ltr'>ἄρκτοις</span> <span class='ocrx_word' id='word_1_446' title='bbox 451 3917 604 3970; x_wconf 81' lang='grc' dir='ltr'>δυσὶν</span> <span class='ocrx_word' id='word_1_447' title='bbox 660 3916 897 3980; x_wconf 73' lang='grc' dir='ltr'>ἐξελθεῖν</span> <span class='ocrx_word' id='word_1_448' title='bbox 935 3916 1196 3978; x_wconf 85' lang='grc' dir='ltr'>κελεύσας</span> <span class='ocrx_word' id='word_1_449' title='bbox 1241 3915 1349 3969; x_wconf 87' lang='grc' dir='ltr'><strong>ἀπὸ</strong></span> <span class='ocrx_word' id='word_1_450' title='bbox 1383 3916 1477 3968; x_wconf 87' lang='grc' dir='ltr'><strong>τοῦ</strong></span> <span class='ocrx_word' id='word_1_451' title='bbox 1531 3915 1761 3986; x_wconf 89' lang='grc' dir='ltr'>δρυμοῦ,</span> 
     </span>
    </p>
   </div>
   <div class='ocr_carea' id='block_1_68' title="bbox 169 4011 520 4080">
    <p class='ocr_par' dir='ltr' id='par_1_68' title="bbox 169 4011 520 4080">
     <span class='ocr_line' id='line_1_68' title="bbox 169 4011 520 4080; baseline 0 -18"><span class='ocrx_word' id='word_1_452' title='bbox 169 4011 520 4080; x_wconf 77' lang='grc' dir='ltr'>διεχρήσατο.</span> 
     </span>
    </p>
   </div>
   <div class='ocr_carea' id='block_1_69' title="bbox 243 4097 1764 4171">
    <p class='ocr_par' dir='ltr' id='par_1_69' title="bbox 243 4097 1764 4171">
     <span class='ocr_line' id='line_1_69' title="bbox 243 4097 1764 4171; baseline -0.003 -17"><span class='ocrx_word' id='word_1_453' title='bbox 243 4101 310 4154; x_wconf 89' lang='grc' dir='ltr'><strong>δ’.</strong></span> <span class='ocrx_word' id='word_1_454' title='bbox 357 4102 602 4171; x_wconf 80' lang='grc' dir='ltr'>Ἀτέκνῳ</span> <span class='ocrx_word' id='word_1_455' title='bbox 635 4101 855 4168; x_wconf 73' lang='grc' dir='ltr'>γυναικὶ</span> <span class='ocrx_word' id='word_1_456' title='bbox 896 4099 1085 4171; x_wconf 80' lang='grc' dir='ltr'>στείρα</span> <span class='ocrx_word' id='word_1_457' title='bbox 1128 4098 1264 4171; x_wconf 79' lang='grc' dir='ltr'>οῦσῃ</span> <span class='ocrx_word' id='word_1_458' title='bbox 1319 4101 1385 4169; x_wconf 74' lang='grc' dir='ltr'>τῇ</span> <span class='ocrx_word' id='word_1_459' title='bbox 1421 4097 1764 4168; x_wconf 81' lang='grc' dir='ltr'>Σουναμίτιδι</span> 
     </span>
    </p>
   </div>
   <div class='ocr_carea' id='block_1_70' title="bbox 173 4195 656 4263">
    <p class='ocr_par' dir='ltr' id='par_1_70' title="bbox 173 4195 656 4263">
     <span class='ocr_line' id='line_1_70' title="bbox 173 4195 656 4263; baseline 0.002 -17"><span class='ocrx_word' id='word_1_460' title='bbox 173 4195 292 4247; x_wconf 79' lang='grc' dir='ltr'>υἱὸν</span> <span class='ocrx_word' id='word_1_461' title='bbox 324 4195 656 4263; x_wconf 78' lang='grc' dir='ltr'>ἐδωρήσατο.</span> 
     </span>
    </p>
   </div>
   <div class='ocr_carea' id='block_1_71' title="bbox 249 4283 1764 4354">
    <p class='ocr_par' dir='ltr' id='par_1_71' title="bbox 249 4283 1764 4354">
     <span class='ocr_line' id='line_1_71' title="bbox 249 4283 1764 4354; baseline -0.001 -16"><span class='ocrx_word' id='word_1_462' title='bbox 249 4285 318 4339; x_wconf 86' lang='grc' dir='ltr'>ε’.</span> <span class='ocrx_word' id='word_1_463' title='bbox 365 4285 475 4339; x_wconf 72' lang='grc' dir='ltr'><strong>Καὶ</strong></span> <span class='ocrx_word' id='word_1_464' title='bbox 518 4285 712 4338; x_wconf 86' lang='grc' dir='ltr'>τοῦτον</span> <span class='ocrx_word' id='word_1_465' title='bbox 770 4286 1040 4354; x_wconf 83' lang='grc' dir='ltr'>πενταετῆ</span> <span class='ocrx_word' id='word_1_466' title='bbox 1094 4285 1410 4353; x_wconf 83' lang='grc' dir='ltr'>γενόμενον,</span> <span class='ocrx_word' id='word_1_467' title='bbox 1439 4283 1533 4337; x_wconf 69' lang='grc' dir='ltr'><strong>καὶ</strong></span> <span class='ocrx_word' id='word_1_468' title='bbox 1561 4283 1764 4336; x_wconf 82' lang='grc' dir='ltr'>ἀποθα·</span> 
     </span>
    </p>
   </div>
   <div class='ocr_carea' id='block_1_72' title="bbox 172 4378 949 4447">
    <p class='ocr_par' dir='ltr' id='par_1_72' title="bbox 172 4378 949 4447">
     <span class='ocr_line' id='line_1_72' title="bbox 172 4378 949 4447; baseline -0.005 -13"><span class='ocrx_word' id='word_1_469' title='bbox 172 4381 360 4439; x_wconf 75' lang='grc' dir='ltr'>νόντα.</span> <span class='ocrx_word' id='word_1_470' title='bbox 385 4379 654 4446; x_wconf 77' lang='grc' dir='ltr'>ἀναζῆσαι</span> <span class='ocrx_word' id='word_1_471' title='bbox 703 4378 949 4447; x_wconf 68' lang='grc' dir='ltr'>ἐποίησε.</span> 
     </span>
    </p>
   </div>
   <div class='ocr_carea' id='block_1_73' title="bbox 253 4465 1760 4540">
    <p class='ocr_par' dir='ltr' id='par_1_73' title="bbox 253 4465 1760 4540">
     <span class='ocr_line' id='line_1_73' title="bbox 253 4465 1760 4540; baseline -0.004 -14"><span class='ocrx_word' id='word_1_472' title='bbox 253 4479 331 4536; x_wconf 80' lang='grc' dir='ltr'>ς’.</span> <span class='ocrx_word' id='word_1_473' title='bbox 367 4471 681 4540; x_wconf 80' lang='grc' dir='ltr'>Θανάσιμον</span> <span class='ocrx_word' id='word_1_474' title='bbox 717 4468 915 4540; x_wconf 78' lang='grc' dir='ltr'>βρῶμα</span> <span class='ocrx_word' id='word_1_475' title='bbox 977 4467 1047 4521; x_wconf 76' lang='grc' dir='ltr'><strong>δι’</strong></span> <span class='ocrx_word' id='word_1_476' title='bbox 1094 4465 1325 4537; x_wconf 83' lang='grc' dir='ltr'>ἀλεύρου</span> <span class='ocrx_word' id='word_1_477' title='bbox 1379 4467 1760 4538; x_wconf 73' lang='grc' dir='ltr'>ἐπιϐληθέντος</span> 
     </span>
    </p>
   </div>
   <div class='ocr_carea' id='block_1_74' title="bbox 172 4562 801 4626">
    <p class='ocr_par' dir='ltr' id='par_1_74' title="bbox 172 4562 801 4626">
     <span class='ocr_line' id='line_1_74' title="bbox 172 4562 801 4626; baseline -0.005 -7"><span class='ocrx_word' id='word_1_478' title='bbox 172 4564 416 4626; x_wconf 71' lang='grc' dir='ltr'>ἀϐλαϐὲς</span> <span class='ocrx_word' id='word_1_479' title='bbox 451 4562 801 4616; x_wconf 77' lang='grc' dir='ltr'>ἀπετέλεσεν.</span> 
     </span>
    </p>
   </div>
   <div class='ocr_carea' id='block_1_75' title="bbox 247 4649 1760 4724">
    <p class='ocr_par' dir='ltr' id='par_1_75' title="bbox 247 4649 1760 4724">
     <span class='ocr_line' id='line_1_75' title="bbox 247 4649 1760 4724; baseline -0.005 -15"><span class='ocrx_word' id='word_1_480' title='bbox 247 4654 314 4720; x_wconf 76' lang='grc' dir='ltr'><strong>ζ’.</strong></span> <span class='ocrx_word' id='word_1_481' title='bbox 366 4656 456 4720; x_wconf 77' lang='grc' dir='ltr'>Ἐξ</span> <span class='ocrx_word' id='word_1_482' title='bbox 483 4656 663 4724; x_wconf 83' lang='grc' dir='ltr'>ἀρτων</span> <span class='ocrx_word' id='word_1_483' title='bbox 686 4653 947 4722; x_wconf 78' lang='grc' dir='ltr'>κριθίνων</span> <span class='ocrx_word' id='word_1_484' title='bbox 989 4651 1017 4704; x_wconf 88' lang='grc' dir='ltr'>ι’</span> <span class='ocrx_word' id='word_1_485' title='bbox 1045 4652 1240 4706; x_wconf 76' lang='grc' dir='ltr'>ἑκατὸν</span> <span class='ocrx_word' id='word_1_486' title='bbox 1267 4651 1464 4722; x_wconf 82' lang='grc' dir='ltr'>ἄνδρας</span> <span class='ocrx_word' id='word_1_487' title='bbox 1491 4653 1548 4704; x_wconf 79' lang='grc' dir='ltr'><strong>ἐν</strong></span> <span class='ocrx_word' id='word_1_488' title='bbox 1583 4649 1760 4722; x_wconf 84' lang='grc' dir='ltr'>καιρῷ</span> 
     </span>
    </p>
   </div>
   <div class='ocr_carea' id='block_1_76' title="bbox 175 4743 1508 4817">
    <p class='ocr_par' dir='ltr' id='par_1_76' title="bbox 175 4743 1508 4817">
     <span class='ocr_line' id='line_1_76' title="bbox 175 4743 1508 4817; baseline -0.005 -17"><span class='ocrx_word' id='word_1_489' title='bbox 175 4747 340 4817; x_wconf 85' lang='grc' dir='ltr'>λιμοῦ</span> <span class='ocrx_word' id='word_1_490' title='bbox 365 4747 637 4816; x_wconf 84' lang='grc' dir='ltr'>χορτάσας</span> <span class='ocrx_word' id='word_1_491' title='bbox 663 4783 680 4806; x_wconf 89' lang='grc'><strong>.</strong></span> <span class='ocrx_word' id='word_1_492' title='bbox 716 4747 811 4799; x_wconf 76' lang='grc' dir='ltr'><strong>καὶ</strong></span> <span class='ocrx_word' id='word_1_493' title='bbox 839 4744 1196 4815; x_wconf 87' lang='grc' dir='ltr'>περισσεῦσαι</span> <span class='ocrx_word' id='word_1_494' title='bbox 1233 4743 1508 4811; x_wconf 69' lang='grc' dir='ltr'>ἐποίησεν.</span> 
     </span>
    </p>
   </div>
   <div class='ocr_carea' id='block_1_77' title="bbox 247 4835 1757 4910">
    <p class='ocr_par' dir='ltr' id='par_1_77' title="bbox 247 4835 1757 4910">
     <span class='ocr_line' id='line_1_77' title="bbox 247 4835 1757 4910; baseline -0.003 -17"><span class='ocrx_word' id='word_1_495' title='bbox 247 4837 322 4910; x_wconf 84' lang='grc' dir='ltr'>η’.</span> <span class='ocrx_word' id='word_1_496' title='bbox 377 4837 598 4907; x_wconf 82' lang='grc' dir='ltr'>Νεεμάν</span> <span class='ocrx_word' id='word_1_497' title='bbox 647 4836 1001 4908; x_wconf 83' lang='grc' dir='ltr'>λεπρωθέντα</span> <span class='ocrx_word' id='word_1_498' title='bbox 1057 4835 1226 4905; x_wconf 88' lang='grc' dir='ltr'>Σύρον</span> <span class='ocrx_word' id='word_1_499' title='bbox 1269 4836 1368 4904; x_wconf 82' lang='grc' dir='ltr'>τῆς</span> <span class='ocrx_word' id='word_1_500' title='bbox 1411 4835 1618 4904; x_wconf 78' lang='grc' dir='ltr'>λέπρας</span> <span class='ocrx_word' id='word_1_501' title='bbox 1672 4835 1757 4889; x_wconf 82' lang='grc' dir='ltr'>ίά-</span> 
     </span>
    </p>
   </div>
   <div class='ocr_carea' id='block_1_78' title="bbox 175 4950 332 4988">
    <p class='ocr_par' dir='ltr' id='par_1_78' title="bbox 175 4950 332 4988">
     <span class='ocr_line' id='line_1_78' title="bbox 175 4950 332 4988; baseline -0.019 0"><span class='ocrx_word' id='word_1_502' title='bbox 175 4950 332 4988; x_wconf 78' lang='grc' dir='ltr'>σατο.</span> 
     </span>
    </p>
   </div>
   <div class='ocr_carea' id='block_1_79' title="bbox 248 5021 1759 5095">
    <p class='ocr_par' dir='ltr' id='par_1_79' title="bbox 248 5021 1759 5095">
     <span class='ocr_line' id='line_1_79' title="bbox 248 5021 1759 5095; baseline -0.003 -17"><span class='ocrx_word' id='word_1_503' title='bbox 248 5025 317 5078; x_wconf 86' lang='lat'><strong>0&#39;.</strong></span> <span class='ocrx_word' id='word_1_504' title='bbox 360 5026 465 5078; x_wconf 84' lang='grc' dir='ltr'><strong>Τὸν</strong></span> <span class='ocrx_word' id='word_1_505' title='bbox 513 5025 677 5094; x_wconf 80' lang='grc' dir='ltr'>Γιεζῆ</span> <span class='ocrx_word' id='word_1_506' title='bbox 711 5023 971 5095; x_wconf 83' lang='grc' dir='ltr'>χρήματα</span> <span class='ocrx_word' id='word_1_507' title='bbox 1005 5022 1133 5094; x_wconf 84' lang='grc' dir='ltr'>παρ’</span> <span class='ocrx_word' id='word_1_508' title='bbox 1166 5022 1332 5075; x_wconf 80' lang='grc' dir='ltr'>αὐτοῦ</span> <span class='ocrx_word' id='word_1_509' title='bbox 1395 5021 1759 5092; x_wconf 71' lang='grc' dir='ltr'>κομισάμενον</span> 
     </span>
    </p>
   </div>
   <div class='ocr_carea' id='block_1_80' title="bbox 173 5121 512 5188">
    <p class='ocr_par' dir='ltr' id='par_1_80' title="bbox 173 5121 512 5188">
     <span class='ocr_line' id='line_1_80' title="bbox 173 5121 512 5188; baseline 0 -18"><span class='ocrx_word' id='word_1_510' title='bbox 173 5121 512 5188; x_wconf 73' lang='grc' dir='ltr'>ὲλέπρωσεν.</span> 
     </span>
    </p>
   </div>
   <div class='ocr_carea' id='block_1_81' title="bbox 251 5208 1760 5282">
    <p class='ocr_par' dir='ltr' id='par_1_81' title="bbox 251 5208 1760 5282">
     <span class='ocr_line' id='line_1_81' title="bbox 251 5208 1760 5282; baseline -0.003 -17"><span class='ocrx_word' id='word_1_511' title='bbox 251 5211 303 5267; x_wconf 88' lang='grc' dir='ltr'>ι’.</span> <span class='ocrx_word' id='word_1_512' title='bbox 342 5213 570 5282; x_wconf 75' lang='grc' dir='ltr'>Σίδηρον</span> <span class='ocrx_word' id='word_1_513' title='bbox 625 5211 966 5265; x_wconf 86' lang='grc' dir='ltr'>ἀναπλεῦσαι</span> <span class='ocrx_word' id='word_1_514' title='bbox 1010 5209 1117 5264; x_wconf 87' lang='grc' dir='ltr'><strong>ἀπὺ</strong></span> <span class='ocrx_word' id='word_1_515' title='bbox 1165 5208 1329 5280; x_wconf 82' lang='grc' dir='ltr'>βυθοῦ</span> <span class='ocrx_word' id='word_1_516' title='bbox 1355 5213 1422 5281; x_wconf 82' lang='grc' dir='ltr'>τῇ</span> <span class='ocrx_word' id='word_1_517' title='bbox 1475 5208 1570 5262; x_wconf 83' lang='grc' dir='ltr'><strong>τοῦ</strong></span> <span class='ocrx_word' id='word_1_518' title='bbox 1633 5227 1760 5280; x_wconf 83' lang='grc' dir='ltr'>στη-</span> 
     </span>
    </p>
   </div>
   <div class='ocr_carea' id='block_1_82' title="bbox 177 5307 988 5377">
    <p class='ocr_par' dir='ltr' id='par_1_82' title="bbox 177 5307 988 5377">
     <span class='ocr_line' id='line_1_82' title="bbox 177 5307 988 5377; baseline 0.001 -18"><span class='ocrx_word' id='word_1_519' title='bbox 177 5307 332 5361; x_wconf 78' lang='grc' dir='ltr'>λαίου</span> <span class='ocrx_word' id='word_1_520' title='bbox 365 5307 474 5377; x_wconf 83' lang='lat'><strong>(98)</strong></span> <span class='ocrx_word' id='word_1_521' title='bbox 509 5307 762 5376; x_wconf 68' lang='grc' dir='ltr'>ἐποίησεν</span> <span class='ocrx_word' id='word_1_522' title='bbox 784 5307 988 5377; x_wconf 71' lang='grc' dir='ltr'>ἐπῳδῇ.</span> 
     </span>
    </p>
   </div>
   <div class='ocr_carea' id='block_1_83' title="bbox 178 5484 1001 5556">
    <p class='ocr_par' dir='ltr' id='par_1_83' title="bbox 178 5484 1001 5556">
     <span class='ocr_line' id='line_1_83' title="bbox 178 5484 1001 5556; baseline -0.005 -14"><span class='ocrx_word' id='word_1_523' title='bbox 178 5489 224 5522; x_wconf 79' lang='grc'><strong>’³</strong></span> <span class='ocrx_word' id='word_1_524' title='bbox 264 5484 356 5541; x_wconf 70' lang='grc' dir='ltr'><strong>ιν.</strong></span> <span class='ocrx_word' id='word_1_525' title='bbox 390 5487 523 5556; x_wconf 81' lang='lat' dir='ltr'><strong>Reg.</strong></span> <span class='ocrx_word' id='word_1_526' title='bbox 555 5501 613 5550; x_wconf 85' lang='grc' dir='ltr'><strong>ιι,</strong></span> <span class='ocrx_word' id='word_1_527' title='bbox 651 5499 726 5552; x_wconf 86' lang='lat' dir='ltr'><strong>tv,</strong></span> <span class='ocrx_word' id='word_1_528' title='bbox 765 5501 820 5549; x_wconf 93' lang='lat' dir='ltr'><strong>v,</strong></span> <span class='ocrx_word' id='word_1_529' title='bbox 844 5501 1001 5554; x_wconf 86' lang='lat' dir='ltr'><strong>seqq.</strong></span> 
     </span>
    </p>
   </div>
   <div class='ocr_carea' id='block_1_84' title="bbox 252 5640 1759 5716">
    <p class='ocr_par' dir='ltr' id='par_1_84' title="bbox 252 5640 1759 5716">
     <span class='ocr_line' id='line_1_84' title="bbox 252 5640 1759 5716; baseline -0.005 -14"><span class='ocrx_word' id='word_1_530' title='bbox 252 5646 371 5714; x_wconf 69' lang='lat'>(95)</span> <span class='ocrx_word' id='word_1_531' title='bbox 407 5645 571 5700; x_wconf 82' lang='lat' dir='ltr'><strong>Forte</strong></span> <span class='ocrx_word' id='word_1_532' title='bbox 608 5645 974 5716; x_wconf 84' lang='grc' dir='ltr'>σταθμούχου,</span> <span class='ocrx_word' id='word_1_533' title='bbox 1019 5658 1075 5714; x_wconf 89' lang='lat' dir='ltr'><strong>q.</strong></span> <span class='ocrx_word' id='word_1_534' title='bbox 1113 5644 1165 5698; x_wconf 87' lang='lat' dir='ltr'><strong>d.</strong></span> <span class='ocrx_word' id='word_1_535' title='bbox 1231 5641 1469 5712; x_wconf 73' lang='grc' dir='ltr'>σταθμὺν</span> <span class='ocrx_word' id='word_1_536' title='bbox 1510 5640 1759 5712; x_wconf 81' lang='grc' dir='ltr'>ἐχούσης.</span> 
     </span>
    </p>
   </div>
   <div class='ocr_carea' id='block_1_85' title="bbox 251 5716 881 5785">
    <p class='ocr_par' dir='ltr' id='par_1_85' title="bbox 251 5716 881 5785">
     <span class='ocr_line' id='line_1_85' title="bbox 251 5716 881 5785; baseline 0.003 -14"><span class='ocrx_word' id='word_1_537' title='bbox 251 5719 366 5785; x_wconf 81' lang='lat'><strong>(96)</strong></span> <span class='ocrx_word' id='word_1_538' title='bbox 401 5718 560 5771; x_wconf 78' lang='lat' dir='ltr'><strong>Forte</strong></span> <span class='ocrx_word' id='word_1_539' title='bbox 586 5716 881 5785; x_wconf 80' lang='grc' dir='ltr'>περάσων.’</span> 
     </span>
    </p>
   </div>
   <div class='ocr_carea' id='block_1_86' title="bbox 250 5786 764 5857">
    <p class='ocr_par' dir='ltr' id='par_1_86' title="bbox 250 5786 764 5857">
     <span class='ocr_line' id='line_1_86' title="bbox 250 5786 764 5857; baseline -0.016 -12"><span class='ocrx_word' id='word_1_540' title='bbox 250 5789 369 5857; x_wconf 83' lang='lat'><strong>(97)</strong></span> <span class='ocrx_word' id='word_1_541' title='bbox 399 5787 562 5843; x_wconf 86' lang='lat' dir='ltr'><strong>Forte</strong></span> <span class='ocrx_word' id='word_1_542' title='bbox 593 5786 764 5856; x_wconf 84' lang='grc' dir='ltr'>διπλῷ</span> 
     </span>
    </p>
   </div>
   <div class='ocr_carea' id='block_1_87' title="bbox 2117 3361 3190 3432">
    <p class='ocr_par' dir='ltr' id='par_1_87' title="bbox 2117 3361 3190 3432">
     <span class='ocr_line' id='line_1_87' title="bbox 2117 3361 3190 3432; baseline 0.002 -18"><span class='ocrx_word' id='word_1_543' title='bbox 2117 3361 2360 3432; x_wconf 83' lang='lat' dir='ltr'><strong>prodigia</strong></span> <span class='ocrx_word' id='word_1_544' title='bbox 2392 3361 2448 3415; x_wconf 83' lang='lat' dir='ltr'><strong>in</strong></span> <span class='ocrx_word' id='word_1_545' title='bbox 2472 3362 2673 3429; x_wconf 83' lang='lat' dir='ltr'><strong>duplici</strong></span> <span class='ocrx_word' id='word_1_546' title='bbox 2718 3363 2909 3432; x_wconf 76' lang='lat' dir='ltr'><strong>spiritu</strong></span> <span class='ocrx_word' id='word_1_547' title='bbox 2957 3361 3092 3416; x_wconf 70' lang='lat' dir='ltr'><strong>Elia</strong></span> <span class='ocrx_word' id='word_1_548' title='bbox 3124 3363 3190 3416; x_wconf 80' lang='lat'><strong>&quot;.</strong></span> 
     </span>
    </p>
   </div>
   <div class='ocr_carea' id='block_1_88' title="bbox 1938 3556 3445 3627">
    <p class='ocr_par' dir='ltr' id='par_1_88' title="bbox 1938 3556 3445 3627">
     <span class='ocr_line' id='line_1_88' title="bbox 1938 3556 3445 3627; baseline 0.003 -15"><span class='ocrx_word' id='word_1_549' title='bbox 1938 3559 1988 3612; x_wconf 74' lang='grc'>1.</span> <span class='ocrx_word' id='word_1_550' title='bbox 2010 3556 2307 3614; x_wconf 68' lang='lat' dir='ltr'><strong>Iordanem</strong></span> <span class='ocrx_word' id='word_1_551' title='bbox 2337 3559 2560 3614; x_wconf 84' lang='lat' dir='ltr'><strong>ﬂuvium</strong></span> <span class='ocrx_word' id='word_1_552' title='bbox 2593 3558 2725 3616; x_wconf 67' lang='lat' dir='ltr'><strong>Elite</strong></span> <span class='ocrx_word' id='word_1_553' title='bbox 2749 3560 2946 3617; x_wconf 89' lang='lat' dir='ltr'><strong>melote</strong></span> <span class='ocrx_word' id='word_1_554' title='bbox 2969 3560 3234 3627; x_wconf 89' lang='lat' dir='ltr'><strong>dividens,</strong></span> <span class='ocrx_word' id='word_1_555' title='bbox 3264 3569 3445 3617; x_wconf 78' lang='lat' dir='ltr'><strong>trans-</strong></span> 
     </span>
    </p>
   </div>
   <div class='ocr_carea' id='block_1_89' title="bbox 1867 3650 2034 3704">
    <p class='ocr_par' dir='ltr' id='par_1_89' title="bbox 1867 3650 2034 3704">
     <span class='ocr_line' id='line_1_89' title="bbox 1867 3650 2034 3704; baseline 0.006 -1"><span class='ocrx_word' id='word_1_556' title='bbox 1867 3650 2034 3704; x_wconf 89' lang='lat' dir='ltr'><strong>misit.</strong></span> 
     </span>
    </p>
   </div>
   <div class='ocr_carea' id='block_1_90' title="bbox 1942 3738 3183 3812">
    <p class='ocr_par' dir='ltr' id='par_1_90' title="bbox 1942 3738 3183 3812">
     <span class='ocr_line' id='line_1_90' title="bbox 1942 3738 3183 3812; baseline 0.006 -20"><span class='ocrx_word' id='word_1_557' title='bbox 1942 3741 1996 3793; x_wconf 74' lang='lat'><strong>2.</strong></span> <span class='ocrx_word' id='word_1_558' title='bbox 2031 3740 2352 3795; x_wconf 81' lang='lat' dir='ltr'><strong>luiecundas</strong></span> <span class='ocrx_word' id='word_1_559' title='bbox 2389 3738 2719 3796; x_wconf 85' lang='lat' dir='ltr'><strong>Jerichuntis</strong></span> <span class='ocrx_word' id='word_1_560' title='bbox 2751 3757 2924 3812; x_wconf 86' lang='lat' dir='ltr'><strong>aquas</strong></span> <span class='ocrx_word' id='word_1_561' title='bbox 2949 3744 3183 3800; x_wconf 88' lang='lat' dir='ltr'><strong>sanavit.</strong></span> 
     </span>
    </p>
   </div>
   <div class='ocr_carea' id='block_1_91' title="bbox 1943 3833 3445 3902">
    <p class='ocr_par' dir='ltr' id='par_1_91' title="bbox 1943 3833 3445 3902">
     <span class='ocr_line' id='line_1_91' title="bbox 1943 3833 3445 3902; baseline 0.004 -16"><span class='ocrx_word' id='word_1_562' title='bbox 1943 3834 1997 3887; x_wconf 80' lang='grc'>5.</span> <span class='ocrx_word' id='word_1_563' title='bbox 2030 3833 2400 3902; x_wconf 82' lang='lat' dir='ltr'><strong>Quadraginta</strong></span> <span class='ocrx_word' id='word_1_564' title='bbox 2429 3848 2628 3901; x_wconf 89' lang='lat' dir='ltr'><strong>pueros</strong></span> <span class='ocrx_word' id='word_1_565' title='bbox 2653 3834 2942 3889; x_wconf 89' lang='lat' dir='ltr'><strong>illudentes</strong></span> <span class='ocrx_word' id='word_1_566' title='bbox 2966 3836 3014 3890; x_wconf 89' lang='lat' dir='ltr'><strong>ei</strong></span> <span class='ocrx_word' id='word_1_567' title='bbox 3049 3851 3080 3890; x_wconf 82' lang='grc' dir='ltr'><strong>ο</strong></span> <span class='ocrx_word' id='word_1_568' title='bbox 3111 3836 3291 3892; x_wconf 88' lang='lat' dir='ltr'><strong>medio</strong></span> <span class='ocrx_word' id='word_1_569' title='bbox 3320 3853 3445 3893; x_wconf 84' lang='lat' dir='ltr'><strong>sus-</strong></span> 
     </span>
    </p>
   </div>
   <div class='ocr_carea' id='block_1_92' title="bbox 1868 3924 3092 3995">
    <p class='ocr_par' dir='ltr' id='par_1_92' title="bbox 1868 3924 3092 3995">
     <span class='ocr_line' id='line_1_92' title="bbox 1868 3924 3092 3995; baseline 0.003 -18"><span class='ocrx_word' id='word_1_570' title='bbox 1868 3924 2013 3983; x_wconf 88' lang='lat' dir='ltr'><strong>tulit,</strong></span> <span class='ocrx_word' id='word_1_571' title='bbox 2036 3925 2238 3994; x_wconf 90' lang='lat' dir='ltr'><strong>jubens</strong></span> <span class='ocrx_word' id='word_1_572' title='bbox 2260 3924 2400 3979; x_wconf 85' lang='lat' dir='ltr'><strong>duos</strong></span> <span class='ocrx_word' id='word_1_573' title='bbox 2432 3938 2595 3980; x_wconf 91' lang='lat' dir='ltr'><strong>ursos</strong></span> <span class='ocrx_word' id='word_1_574' title='bbox 2619 3924 2804 3995; x_wconf 87' lang='lat' dir='ltr'><strong>egredi</strong></span> <span class='ocrx_word' id='word_1_575' title='bbox 2833 3926 2900 3981; x_wconf 86' lang='lat' dir='ltr'><strong>de</strong></span> <span class='ocrx_word' id='word_1_576' title='bbox 2932 3926 3092 3981; x_wconf 86' lang='lat' dir='ltr'><strong>silva.</strong></span> 
     </span>
    </p>
   </div>
   <div class='ocr_carea' id='block_1_93' title="bbox 1939 4101 3444 4164">
    <p class='ocr_par' dir='ltr' id='par_1_93' title="bbox 1939 4101 3444 4164">
     <span class='ocr_line' id='line_1_93' title="bbox 1939 4101 3444 4164; baseline 0.005 -7"><span class='ocrx_word' id='word_1_577' title='bbox 1939 4105 1992 4157; x_wconf 72' lang='grc'>4.</span> <span class='ocrx_word' id='word_1_578' title='bbox 2021 4101 2351 4156; x_wconf 87' lang='lat' dir='ltr'><strong>Sunamitidi</strong></span> <span class='ocrx_word' id='word_1_579' title='bbox 2382 4102 2596 4158; x_wconf 89' lang='lat' dir='ltr'><strong>mulieri</strong></span> <span class='ocrx_word' id='word_1_580' title='bbox 2627 4103 2800 4160; x_wconf 86' lang='lat' dir='ltr'><strong>sterili</strong></span> <span class='ocrx_word' id='word_1_581' title='bbox 2829 4118 2893 4160; x_wconf 87' lang='lat' dir='ltr'><strong>ac</strong></span> <span class='ocrx_word' id='word_1_582' title='bbox 2918 4105 3036 4161; x_wconf 89' lang='lat' dir='ltr'><strong>sine</strong></span> <span class='ocrx_word' id='word_1_583' title='bbox 3060 4106 3247 4164; x_wconf 89' lang='lat' dir='ltr'><strong>liberis</strong></span> <span class='ocrx_word' id='word_1_584' title='bbox 3272 4109 3444 4164; x_wconf 86' lang='lat' dir='ltr'><strong>lilium</strong></span> 
     </span>
    </p>
   </div>
   <div class='ocr_carea' id='block_1_94' title="bbox 1867 4194 2229 4264">
    <p class='ocr_par' dir='ltr' id='par_1_94' title="bbox 1867 4194 2229 4264">
     <span class='ocr_line' id='line_1_94' title="bbox 1867 4194 2229 4264; baseline 0 -16"><span class='ocrx_word' id='word_1_585' title='bbox 1867 4194 2096 4264; x_wconf 85' lang='lat' dir='ltr'><strong>largitus</strong></span> <span class='ocrx_word' id='word_1_586' title='bbox 2127 4204 2229 4248; x_wconf 81' lang='lat' dir='ltr'><strong>est.</strong></span> 
     </span>
    </p>
   </div>
   <div class='ocr_carea' id='block_1_95' title="bbox 1952 4284 3442 4359">
    <p class='ocr_par' dir='ltr' id='par_1_95' title="bbox 1952 4284 3442 4359">
     <span class='ocr_line' id='line_1_95' title="bbox 1952 4284 3442 4359; baseline 0.005 -20"><span class='ocrx_word' id='word_1_587' title='bbox 1952 4285 2003 4339; x_wconf 86' lang='lat'><strong>5.</strong></span> <span class='ocrx_word' id='word_1_588' title='bbox 2041 4284 2304 4352; x_wconf 77' lang='lat' dir='ltr'><strong>Iluueque</strong></span> <span class='ocrx_word' id='word_1_589' title='bbox 2374 4285 2552 4356; x_wconf 90' lang='lat' dir='ltr'><strong>ipsum</strong></span> <span class='ocrx_word' id='word_1_590' title='bbox 2603 4285 2717 4356; x_wconf 87' lang='lat' dir='ltr'><strong>jam</strong></span> <span class='ocrx_word' id='word_1_591' title='bbox 2766 4287 3176 4359; x_wconf 89' lang='lat' dir='ltr'><strong>quinquennem</strong></span> <span class='ocrx_word' id='word_1_592' title='bbox 3228 4300 3283 4345; x_wconf 90' lang='lat' dir='ltr'><strong>et</strong></span> <span class='ocrx_word' id='word_1_593' title='bbox 3333 4292 3442 4346; x_wconf 88' lang='lat' dir='ltr'><strong>vita</strong></span> 
     </span>
    </p>
   </div>
   <div class='ocr_carea' id='block_1_96' title="bbox 1867 4377 2674 4442">
    <p class='ocr_par' dir='ltr' id='par_1_96' title="bbox 1867 4377 2674 4442">
     <span class='ocr_line' id='line_1_96' title="bbox 1867 4377 2674 4442; baseline 0 -10"><span class='ocrx_word' id='word_1_594' title='bbox 1867 4377 2137 4442; x_wconf 78' lang='lat' dir='ltr'><strong>functum,</strong></span> <span class='ocrx_word' id='word_1_595' title='bbox 2172 4377 2496 4433; x_wconf 76' lang='lat' dir='ltr'><strong>reviviscere</strong></span> <span class='ocrx_word' id='word_1_596' title='bbox 2530 4378 2674 4434; x_wconf 80' lang='lat' dir='ltr'><strong>fecit.</strong></span> 
     </span>
    </p>
   </div>
   <div class='ocr_carea' id='block_1_97' title="bbox 1941 4469 3442 4538">
    <p class='ocr_par' dir='ltr' id='par_1_97' title="bbox 1941 4469 3442 4538">
     <span class='ocr_line' id='line_1_97' title="bbox 1941 4469 3442 4538; baseline 0.003 -14"><span class='ocrx_word' id='word_1_597' title='bbox 1941 4471 1993 4524; x_wconf 84' lang='lat'><strong>6.</strong></span> <span class='ocrx_word' id='word_1_598' title='bbox 2038 4469 2383 4524; x_wconf 79' lang='lat' dir='ltr'><strong>Mortiferum</strong></span> <span class='ocrx_word' id='word_1_599' title='bbox 2439 4471 2620 4526; x_wconf 92' lang='lat' dir='ltr'><strong>cibum</strong></span> <span class='ocrx_word' id='word_1_600' title='bbox 2671 4469 2868 4538; x_wconf 89' lang='lat' dir='ltr'><strong>injecta</strong></span> <span class='ocrx_word' id='word_1_601' title='bbox 2916 4471 3092 4526; x_wconf 75' lang='lat' dir='ltr'><strong>farina</strong></span> <span class='ocrx_word' id='word_1_602' title='bbox 3147 4473 3442 4529; x_wconf 70' lang='lat' dir='ltr'><strong>innocuum</strong></span> 
     </span>
    </p>
   </div>
   <div class='ocr_carea' id='block_1_98' title="bbox 1797 4563 2122 4634">
    <p class='ocr_par' dir='ltr' id='par_1_98' title="bbox 1797 4563 2122 4634">
     <span class='ocr_line' id='line_1_98' title="bbox 1797 4563 2122 4634; baseline -0.015 -13"><span class='ocrx_word' id='word_1_603' title='bbox 1797 4581 1841 4634; x_wconf 79' lang='grc' dir='ltr'><strong>ι)</strong></span> <span class='ocrx_word' id='word_1_604' title='bbox 1869 4563 2122 4619; x_wconf 90' lang='lat' dir='ltr'><strong>reddidit.</strong></span> 
     </span>
    </p>
   </div>
   <div class='ocr_carea' id='block_1_99' title="bbox 1941 4653 3448 4725">
    <p class='ocr_par' dir='ltr' id='par_1_99' title="bbox 1941 4653 3448 4725">
     <span class='ocr_line' id='line_1_99' title="bbox 1941 4653 3448 4725; baseline 0.004 -18"><span class='ocrx_word' id='word_1_605' title='bbox 1941 4656 1991 4710; x_wconf 88' lang='lat'><strong>7.</strong></span> <span class='ocrx_word' id='word_1_606' title='bbox 2027 4655 2221 4710; x_wconf 81' lang='lat' dir='ltr'><strong>Decem</strong></span> <span class='ocrx_word' id='word_1_607' title='bbox 2244 4654 2561 4708; x_wconf 79' lang='lat' dir='ltr'><strong>hordearcis</strong></span> <span class='ocrx_word' id='word_1_608' title='bbox 2593 4653 2828 4723; x_wconf 83' lang='lat' dir='ltr'><strong>panibus</strong></span> <span class='ocrx_word' id='word_1_609' title='bbox 2866 4664 3152 4725; x_wconf 86' lang='lat' dir='ltr'><strong>postquam</strong></span> <span class='ocrx_word' id='word_1_610' title='bbox 3190 4657 3448 4713; x_wconf 86' lang='lat' dir='ltr'><strong>satiasset</strong></span> 
     </span>
    </p>
   </div>
   <div class='ocr_carea' id='block_1_100' title="bbox 1867 4747 3337 4816">
    <p class='ocr_par' dir='ltr' id='par_1_100' title="bbox 1867 4747 3337 4816">
     <span class='ocr_line' id='line_1_100' title="bbox 1867 4747 3337 4816; baseline 0 -13"><span class='ocrx_word' id='word_1_611' title='bbox 1867 4759 2087 4805; x_wconf 82' lang='lat' dir='ltr'><strong>centum</strong></span> <span class='ocrx_word' id='word_1_612' title='bbox 2116 4747 2396 4810; x_wconf 89' lang='lat' dir='ltr'><strong>homines,</strong></span> <span class='ocrx_word' id='word_1_613' title='bbox 2427 4747 2590 4800; x_wconf 89' lang='lat' dir='ltr'><strong>etiam</strong></span> <span class='ocrx_word' id='word_1_614' title='bbox 2629 4762 2914 4816; x_wconf 88' lang='lat' dir='ltr'><strong>superesse</strong></span> <span class='ocrx_word' id='word_1_615' title='bbox 2949 4762 3015 4802; x_wconf 80' lang='lat' dir='ltr'><strong>ex</strong></span> <span class='ocrx_word' id='word_1_616' title='bbox 3060 4749 3164 4803; x_wconf 86' lang='lat' dir='ltr'><strong>illis</strong></span> <span class='ocrx_word' id='word_1_617' title='bbox 3189 4749 3337 4804; x_wconf 80' lang='lat' dir='ltr'><strong>fecit.</strong></span> 
     </span>
    </p>
   </div>
   <div class='ocr_carea' id='block_1_101' title="bbox 1940 4836 3445 4912">
    <p class='ocr_par' dir='ltr' id='par_1_101' title="bbox 1940 4836 3445 4912">
     <span class='ocr_line' id='line_1_101' title="bbox 1940 4836 3445 4912; baseline 0.001 -17"><span class='ocrx_word' id='word_1_618' title='bbox 1940 4841 1988 4895; x_wconf 91' lang='lat'><strong>8.</strong></span> <span class='ocrx_word' id='word_1_619' title='bbox 2033 4839 2269 4895; x_wconf 84' lang='lat' dir='ltr'><strong>Neeman</strong></span> <span class='ocrx_word' id='word_1_620' title='bbox 2318 4838 2591 4908; x_wconf 85' lang='lat' dir='ltr'><strong>leprosum</strong></span> <span class='ocrx_word' id='word_1_621' title='bbox 2653 4836 2848 4908; x_wconf 77' lang='lat' dir='ltr'><strong>Syrum</strong></span> <span class='ocrx_word' id='word_1_622' title='bbox 2905 4839 3174 4894; x_wconf 90' lang='lat' dir='ltr'><strong>hominem</strong></span> <span class='ocrx_word' id='word_1_623' title='bbox 3215 4856 3246 4894; x_wconf 87' lang='lat' dir='ltr'><strong>a</strong></span> <span class='ocrx_word' id='word_1_624' title='bbox 3296 4841 3445 4912; x_wconf 81' lang='lat' dir='ltr'><strong>lepra</strong></span> 
     </span>
    </p>
   </div>
   <div class='ocr_carea' id='block_1_102' title="bbox 1871 4935 2100 5000">
    <p class='ocr_par' dir='ltr' id='par_1_102' title="bbox 1871 4935 2100 5000">
     <span class='ocr_line' id='line_1_102' title="bbox 1871 4935 2100 5000; baseline -0.009 -11"><span class='ocrx_word' id='word_1_625' title='bbox 1871 4935 2100 5000; x_wconf 71' lang='lat' dir='ltr'><strong>sanavh.</strong></span> 
     </span>
    </p>
   </div>
   <div class='ocr_carea' id='block_1_103' title="bbox 1939 5023 3443 5094">
    <p class='ocr_par' dir='ltr' id='par_1_103' title="bbox 1939 5023 3443 5094">
     <span class='ocr_line' id='line_1_103' title="bbox 1939 5023 3443 5094; baseline -0.001 -14"><span class='ocrx_word' id='word_1_626' title='bbox 1939 5028 1991 5080; x_wconf 92' lang='lat'><strong>9.</strong></span> <span class='ocrx_word' id='word_1_627' title='bbox 2024 5026 2289 5089; x_wconf 85' lang='lat' dir='ltr'><strong>Giesium,</strong></span> <span class='ocrx_word' id='word_1_628' title='bbox 2326 5023 2417 5094; x_wconf 91' lang='lat' dir='ltr'><strong>qui</strong></span> <span class='ocrx_word' id='word_1_629' title='bbox 2443 5038 2573 5093; x_wconf 88' lang='lat' dir='ltr'><strong>opes</strong></span> <span class='ocrx_word' id='word_1_630' title='bbox 2613 5023 2681 5076; x_wconf 90' lang='lat' dir='ltr'><strong>ab</strong></span> <span class='ocrx_word' id='word_1_631' title='bbox 2721 5023 2812 5076; x_wconf 88' lang='lat' dir='ltr'><strong>illo</strong></span> <span class='ocrx_word' id='word_1_632' title='bbox 2843 5033 3140 5093; x_wconf 85' lang='lat' dir='ltr'><strong>receperat,</strong></span> <span class='ocrx_word' id='word_1_633' title='bbox 3168 5023 3443 5094; x_wconf 87' lang='lat' dir='ltr'><strong>leprosum</strong></span> 
     </span>
    </p>
   </div>
   <div class='ocr_carea' id='block_1_104' title="bbox 1871 5118 2117 5172">
    <p class='ocr_par' dir='ltr' id='par_1_104' title="bbox 1871 5118 2117 5172">
     <span class='ocr_line' id='line_1_104' title="bbox 1871 5118 2117 5172; baseline -0.012 -1"><span class='ocrx_word' id='word_1_634' title='bbox 1871 5118 2117 5172; x_wconf 78' lang='lat' dir='ltr'><strong>reddidit.</strong></span> 
     </span>
    </p>
   </div>
   <div class='ocr_carea' id='block_1_105' title="bbox 1941 5206 3448 5276">
    <p class='ocr_par' dir='ltr' id='par_1_105' title="bbox 1941 5206 3448 5276">
     <span class='ocr_line' id='line_1_105' title="bbox 1941 5206 3448 5276; baseline -0.001 -14"><span class='ocrx_word' id='word_1_635' title='bbox 1941 5211 2026 5265; x_wconf 69' lang='grc'><strong>10.</strong></span> <span class='ocrx_word' id='word_1_636' title='bbox 2055 5209 2257 5272; x_wconf 83' lang='lat' dir='ltr'><strong>Ell‘ecit,</strong></span> <span class='ocrx_word' id='word_1_637' title='bbox 2282 5217 2340 5262; x_wconf 92' lang='lat' dir='ltr'><strong>ut</strong></span> <span class='ocrx_word' id='word_1_638' title='bbox 2367 5206 2570 5261; x_wconf 81' lang='lat' dir='ltr'><strong>ferrum</strong></span> <span class='ocrx_word' id='word_1_639' title='bbox 2589 5216 2967 5274; x_wconf 84' lang='lat' dir='ltr'><strong>supernataret</strong></span> <span class='ocrx_word' id='word_1_640' title='bbox 2991 5223 3021 5262; x_wconf 92' lang='lat' dir='ltr'><strong>e</strong></span> <span class='ocrx_word' id='word_1_641' title='bbox 3042 5206 3228 5275; x_wconf 82' lang='lat' dir='ltr'><strong>fundo,</strong></span> <span class='ocrx_word' id='word_1_642' title='bbox 3250 5206 3448 5276; x_wconf 83' lang='lat' dir='ltr'><strong>injecto</strong></span> 
     </span>
    </p>
   </div>
   <div class='ocr_carea' id='block_1_106' title="bbox 1865 5304 2032 5374">
    <p class='ocr_par' dir='ltr' id='par_1_106' title="bbox 1865 5304 2032 5374">
     <span class='ocr_line' id='line_1_106' title="bbox 1865 5304 2032 5374; baseline 0.006 -17"><span class='ocrx_word' id='word_1_643' title='bbox 1865 5304 2032 5374; x_wconf 80' lang='lat' dir='ltr'><strong>ligno.</strong></span> 
     </span>
    </p>
   </div>
   <div class='ocr_carea' id='block_1_107' title="bbox 1943 5637 3448 5710">
    <p class='ocr_par' dir='ltr' id='par_1_107' title="bbox 1943 5637 3448 5710">
     <span class='ocr_line' id='line_1_107' title="bbox 1943 5637 3448 5710; baseline -0.001 -16"><span class='ocrx_word' id='word_1_644' title='bbox 1943 5641 2054 5710; x_wconf 81' lang='grc'><strong>(98)</strong></span> <span class='ocrx_word' id='word_1_645' title='bbox 2088 5639 2150 5695; x_wconf 70' lang='grc' dir='ltr'>ιγ</span> <span class='ocrx_word' id='word_1_646' title='bbox 2186 5639 2311 5709; x_wconf 83' lang='lat' dir='ltr'><strong>Reg.</strong></span> <span class='ocrx_word' id='word_1_647' title='bbox 2351 5655 2424 5705; x_wconf 70' lang='lat' dir='ltr'><strong>vr,</strong></span> <span class='ocrx_word' id='word_1_648' title='bbox 2455 5642 2508 5698; x_wconf 78' lang='lat'><strong>6.</strong></span> <span class='ocrx_word' id='word_1_649' title='bbox 2535 5641 2796 5697; x_wconf 83' lang='grc' dir='ltr'>ἀπέκνισε</span> <span class='ocrx_word' id='word_1_650' title='bbox 2833 5641 3006 5707; x_wconf 81' lang='grc' dir='ltr'>ξύλον,</span> <span class='ocrx_word' id='word_1_651' title='bbox 3053 5641 3168 5695; x_wconf 77' lang='lat' dir='ltr'><strong>Mox</strong></span> <span class='ocrx_word' id='word_1_652' title='bbox 3194 5637 3334 5696; x_wconf 77' lang='lat' dir='ltr'><strong>forte</strong></span> <span class='ocrx_word' id='word_1_653' title='bbox 3370 5638 3448 5692; x_wconf 81' lang='lat' dir='ltr'><strong>Ie-</strong></span> 
     </span>
    </p>
   </div>
   <div class='ocr_carea' id='block_1_108' title="bbox 1870 5713 2380 5782">
    <p class='ocr_par' dir='ltr' id='par_1_108' title="bbox 1870 5713 2380 5782">
     <span class='ocr_line' id='line_1_108' title="bbox 1870 5713 2380 5782; baseline 0 -16"><span class='ocrx_word' id='word_1_654' title='bbox 1870 5715 2102 5782; x_wconf 84' lang='lat' dir='ltr'><strong>gcudom</strong></span> <span class='ocrx_word' id='word_1_655' title='bbox 2132 5713 2380 5781; x_wconf 68' lang='grc' dir='ltr'>ἐπιϐολῇ.</span> 
     </span>
    </p>
   </div>
  </div>
