4248 6438
777 394 845 454 99
2294 373 2596 435 JOSEPPI

849 502 933 554 ff.
977 498 1173 554 Milites
1205 495 1374 568 Syros
1409 502 1598 547 contra
1646 505 1704 545 se
1739 489 2019 543 venientes
2049 483 2357 538 Itallucina-
2389 497 2437 552 Α

779 594 923 645 tione
955 591 1216 649 alliciens.
1256 589 1308 640 in
1348 586 1625 638 civitatem
1671 580 1991 635 introduxit.

853 683 934 736 l9.
974 681 1327 735 Obsidionem
1359 677 1579 745 patienti
1615 675 1748 744 regi,
1799 671 2258 740 convenientique
2300 669 2355 724 in

781 774 1122 833 Samariam,
1182 767 1594 822 imminentibus
1645 764 1912 824 hostibus,
1969 778 2031 816 ac
2082 772 2367 832 propterea

781 870 928 920 l'ame
963 860 1232 916 universis
1286 861 1426 912 intra
1488 858 1762 910 civitatem
1820 855 2198 923 pereuntibus,
2253 870 2368 906 nta—

775 975 939 1029 gnam
974 957 1080 1009 vim
1142 953 1308 1008 triciti
1355 965 1407 1004 et
1442 949 1625 1002 hordei
1662 956 1905 1002 actutum
1941 946 2181 1000 fututam
2231 960 2369 1013 prae-

780 1050 935 1102 (Ιιχίι.
968 1047 1226 1116 Angelica
1265 1060 1431 1114 porro
1472 1043 1672 1095 virtute
1707 1041 1893 1094 hostes
1925 1039 2183 1109 exagitati
2217 1048 2367 1101 sunt,

779 1151 832 1192 et
865 1141 971 1192 cibi
1011 1140 1235 1192 inventi.

859 1232 941 1283 15,
973 1229 1106 1283 Tres
1138 1243 1291 1297 reges
1324 1236 1378 1280 et
1405 1226 1704 1280 exercitum
1744 1224 1832 1278 siti
1887 1235 2228 1292 pereuntem,
2277 1238 2372 1276 co-

783 1325 1216 1391 piosissimarum
1282 1335 1551 1389 aquarum
1614 1319 1664 1372 \‘i
1712 1329 2051 1386 erumpente,
2087 1328 2215 1386 potu
2266 1318 2374 1371 sal-

789 1418 954 1470 \at'il.

859 1509 944 1561 lt.
981 1507 1192 1569 Effecit,
1226 1515 1283 1561 ut
1318 1506 1420 1560 olei
1450 1505 1603 1573 copia
1636 1502 1904 1558 difllueret
1934 1502 2111 1555 vidua:
2136 1501 2372 1564 mulieri,

782 1603 940 1670 cujus
979 1602 1073 1654 filii
1105 1602 1330 1670 jamjam
1369 1598 1640 1654 vendendi
1664 1606 1822 1650 erant
1854 1596 1923 1650 ob
1954 1610 2028 1650 ars
2068 1595 2305 1648 alienum
2345 1609 2373 1645 a

784 1703 937 1763 patre
959 1704 1320 1752 contractum,
1354 1707 1462 1760 qno
1519 1700 1574 1743 et
1604 1690 1848 1743 debitum
1893 1688 2150 1748 solveret,
2188 1695 2242 1740 et
2272 1685 2374 1755 ipsi

790 1802 854 1840 ac
887 1794 1057 1839 mater
1083 1799 1270 1838 eorum
1297 1781 1526 1836 enutriri
1563 1792 1803 1850 possent.

856 1877 1025 1931 l5.|n
1062 1881 1373 1946 sepulcrum
1405 1875 1524 1942 ejus
1559 1889 1682 1928 cum
1736 1871 1960 1944 quidam
2009 1881 2263 1924 mortuus
2302 1869 2369 1922 ab
2401 1875 2447 1934 Β

785 1969 959 2039 iisqui
997 1970 1149 2022 illum
1193 1967 1491 2022 efferebant
1519 1965 1797 2035 projectus
1819 1965 2026 2026 fuisset,
2058 1961 2373 2022 resurrexit,

787 2073 840 2114 et
867 2079 989 2115 cum
1019 2063 1083 2115 iis
1113 2061 1202 2130 qui
1240 2076 1298 2114 sc
1327 2060 1667 2128 projecerant
1692 2057 1947 2112 currebat
1976 2055 2041 2108 ad
2072 2055 2372 2110 civitatem.

787 2154 1143 2208 Festinabant
1175 2155 1319 2207 enim
1348 2166 1692 2221 prmpropere
1745 2151 1932 2205 subire
1957 2151 2261 2212 civitatem,
2321 2158 2378 2202 ut

788 2249 1061 2302 evitarent
1090 2247 1328 2300 latrones
1362 2245 1456 2314 qui
1484 2259 1580 2298 eos
1615 2243 2074 2312 insequebantur.

877 2383 1031 2439 CAP.
1060 2381 1350 2436 LXXXIII.
1379 2411 1448 2423 —
1475 2382 1605 2446 ρυω
1637 2379 1963 2450 prophetarit
2009 2378 2160 2432 Elia:
2203 2380 2266 2433 “.

866 2584 997 2654 Regi
1027 2581 1192 2636 lsrael
1220 2580 1447 2634 Achabo
1464 2579 1539 2633 ait
1569 2578 1685 2634 fore
1720 2591 1778 2634 ut
1802 2595 1909 2633 non
1943 2579 2151 2650 plueret
2207 2595 2382 2648 usque

795 2679 926 2732 dum
953 2679 1069 2746 ipse
1105 2675 1341 2746 pluviam
1377 2675 1708 2728 advocaret:
1767 2683 1821 2727 et
1863 2674 1944 2728 sic
1994 2673 2208 2727 accidit.
2244 2673 2380 2727 Cum

796 2766 1062 2822 Ochosias
1110 2765 1317 2819 Aeliabi
1351 2765 1496 2819 (ilius
1525 2772 1833 2833 aegrotaret,
1890 2765 2236 2835 misissctque
2287 2767 2380 2835 qui

797 2859 936 2926 apud
974 2862 1131 2911 deum
1161 2859 1406 2912 Acearon
1453 2857 1874 2910 sciscitarentur
1929 2873 2188 2911 numnam
2240 2867 2386 2913 esset

797 2949 1164 3002 valetudinem
1215 2958 1614 3003 consecuturus
1646 2988 1660 3011 ,
1696 2949 1890 3003 obvius
1940 2947 2118 3004 factus
2172 2951 2379 3004 nuntiis

800 3041 946 3096 illius
972 3043 1166 3105 edixit,
1201 3050 1258 3095 ut
1292 3044 1358 3096 ad
1389 3057 1513 3096 eum
1544 3040 1836 3108 referrent,
1861 3043 2186 3112 quodimpie
2219 3059 2385 3113 agens

800 3150 828 3189 a
861 3135 1204 3190 daemonibus
1239 3135 1307 3188 de
1339 3134 1650 3188 valetudine
1699 3149 1799 3189 sua
1853 3135 2078 3190 oracula
2131 3137 2382 3205 postulet,

799 3228 1057 3299 quodque
1088 3236 1374 3297 propterea
1405 3242 1514 3280 non
1537 3227 1904 3282 convalescet.

849 3364 1002 3420 CAP.
1063 3362 1350 3418 LXXXIV.
1415 3392 1477 3404 --
1549 3363 1680 3429 Qua:
1730 3373 1854 3418 sunt
1908 3363 2092 3418 Elim‘i
2150 3365 2334 3417 vatici-

1486 3439 1573 3489 nia
1608 3436 1676 3490 ⁸⁷.

875 3563 1114 3619 Veniens
1170 3563 1496 3620 Damascum
1530 3567 1732 3620 Azaelo
1786 3567 2074 3635 praedixit,
2107 3569 2251 3638 quod
2289 3567 2393 3621 Da-

808 3658 976 3712 masci
1034 3675 1127 3711 rex
1173 3659 1386 3712 Aderus
1408 3662 1712 3713 moriturus
1745 3671 1862 3713 erat
1927 3678 1940 3714 :
1989 3664 2193 3715 missus
2232 3677 2394 3731 porro

811 3752 988 3802 fuerat
1027 3751 1095 3803 ab
1125 3749 1216 3802 illo
1243 3750 1483 3817 graviter
1535 3759 1836 3819 aegrotante
1861 3793 1874 3814 ,
1913 3761 1970 3805 ut
2025 3754 2396 3809 sciscitaretur

810 3852 995 3894 utrum
1059 3842 1484 3896 convalesceret.
1561 3843 1687 3896 Item
1746 3845 1891 3912 quod
1957 3845 2070 3914 ipse
2125 3849 2399 3914 exciperet

809 3935 963 3987 illum
1021 3933 1074 3986 in
1110 3948 1296 4000 regno,
1339 3935 1686 4006 plurimaque
1749 3937 1936 3991 lsraeli
1974 3937 2114 3990 mala
2148 3939 2398 3993 illaturus

813 4035 981 4080 esset.
1039 4024 1295 4079 Praedixit
1355 4027 1715 4096 eti:un,quod
1766 4029 1866 4084 Jeu
1899 4031 1964 4084 ad
2005 4041 2255 4099 quartam
2281 4032 2401 4098 ejus

815 4120 1219 4190 generationem
1251 4119 1432 4174 lsraeli
1467 4121 1831 4189 imperaturus
1865 4133 2030 4186 esset,
2065 4132 2285 4176 erectus
2332 4123 2397 4176 ad

817 4228 1043 4281 regnum
1078 4221 1136 4266 ut
1159 4215 1468 4268 destrueret
1504 4217 1706 4285 regiam
1732 4217 1938 4270 Acltalii
1962 4217 2206 4270 domum.
2262 4216 2399 4270 Cum

816 4302 915 4358 Jeu
941 4303 1008 4356 ad
1051 4303 1202 4357 illum
1231 4305 1577 4370 accessisset,
1613 4307 1882 4376 praedixit,
1917 4307 2060 4375 quod
2095 4315 2181 4359 ter
2209 4304 2401 4360 confli-

816 4406 902 4464 get
931 4411 1058 4449 cum
1090 4411 1260 4466 regno
1293 4394 1568 4460 Damasci,
1599 4407 1652 4451 et
1681 4399 1855 4452 vietor
1884 4400 1991 4451 erit
2025 4398 2077 4452 in
2113 4399 2253 4452 bello
2307 4399 2401 4452 ad-

816 4501 1012 4539 Versus
1077 4499 1224 4538 eam.
1260 4483 1326 4538 Et
1356 4486 1483 4553 quia
1538 4501 1661 4539 cum
1712 4486 1966 4555 jussisset
2009 4495 2065 4538 ut
2095 4486 2395 4539 contentio-

2539 487 2784 548 ια“.Τοὺς
2833 485 2918 538 ἐπ’
2972 484 3135 538 αὑτὸν
3174 484 3428 547 ἐλθόντας
3476 481 3818 555 στρατιώτας
3851 485 4057 555 Σύρους

2469 578 2704 649 ἀορασίᾳ
2736 577 3072 646 περιῢαλὼν,
3105 578 3182 639 εἰς
3213 580 3308 647 τὴν
3334 577 3490 629 πόλιν
3524 580 3813 646 εἰσήγαγε.

2543 667 2628 738 ιβ’.
2658 668 3110 739 Ιιολιορκουμένῳ
3153 667 3386 737 βασιλεῖ,
3423 668 3516 720 καὶ
3547 670 3927 738 συνερχομένῳ
3977 671 4061 730 εἰς

2469 760 2568 831 τὴν
2603 761 2918 830 Σαμάρειαν
2943 799 2956 822 ,
2983 761 3093 812 τῶν
3121 760 3396 827 πολεμίων
3421 762 3784 830 ἐπικειμένων
3807 803 3821 822 ,
3847 763 3942 813 καὶ
3972 762 4061 812 δι]

2471 853 2628 903 τοῦτο
2648 850 2791 919 λιμῷ
2829 850 3046 904 πάντων
3079 851 3189 903 τῶν
3242 851 3300 902 ὲν
3349 853 3413 920 τῇ
3465 851 3620 904 πόλει
3659 851 4060 920 φθειρομένων,

2472 944 2734 1012 ἀφθονίαν
2765 945 2916 997 σίτου
2958 945 3052 996 καὶ
3078 944 3284 1013 κριθῶν
3307 943 3504 1014 ἀθρόον
3535 947 3797 1012 προεῖπεν
3815 943 3901 996 ἕσε
3914 948 4059 1000 σθαι.

2474 1039 2567 1089 καὶ
2585 1035 2850 1106 ἀγγελικῇ
2879 1035 3107 1106 δυνάμει
3129 1036 3179 1088 οἱ
3198 1036 3449 1106 πολέμιοι
3483 1036 3860 1105 ἐξηλαύνοντο,
3886 1037 3977 1087 καὶ
4003 1036 4062 1086 αἱ

2473 1128 2672 1197 τροᾳαὶ
2703 1128 2949 1196 εὕρηντο.

2550 1223 2632 1287 ιγ’.
2678 1224 2838 1290 Τρεῖς
2865 1221 3104 1290 βασιλεῖς
3135 1222 3229 1274 καὶ
3267 1222 3498 1292 στρατὸν
3533 1223 3759 1292 ἄπειρον
3781 1222 3869 1273 διὰ
3900 1221 4063 1290 δίψαν

2476 1315 2846 1383 ἀπολλύμενον
2899 1315 3106 1370 ὑδάτων
3135 1314 3348 1385 ἀθρόων
3369 1315 3606 1383 έπεφορᾷ
3637 1314 3878 1384 ραγδαὲῳ
3916 1311 4064 1384 ποτῷ

2475 1407 2719 1458 διέσωσε.

2551 1498 2630 1550 ιδ’.
2679 1497 2890 1549 Ἐλαίου
2921 1496 3078 1565 ῥύσιν
3101 1499 3249 1569 χήρᾳ
3299 1496 3542 1565 γυναικὶ,
3586 1495 3888 1566 μελλόντων
3938 1496 4064 1547 δου⁶

2477 1590 2698 1643 λοῦσθαι
2733 1591 2821 1643 διὰ
2854 1591 3109 1661 πατρῷον
3149 1592 3309 1660 χρέος
3365 1592 3474 1643 τῶν
3528 1591 3658 1643 υἱῶν
3690 1589 3884 1656 αὐτῆς,
3925 1588 4064 1658 πρὸς

2477 1684 2576 1754 τὴν
2605 1683 2713 1735 τῶν
2735 1683 2912 1753 χρεῶν
2961 1683 3169 1736 ἔκτισιν
3193 1682 3292 1738 καὶ
3320 1682 3613 1752 διατροφὴν
3639 1679 3817 1734 αὐτῶν
3850 1681 3942 1732 καὶ
3965 1681 4062 1749 τῆς

2485 1775 2688 1845 μητρὸς
2719 1777 3031 1840 ἐποιήσατο.

2548 1865 2628 1918 ιε’.
2655 1867 2742 1918 Ἐν
2763 1867 2818 1918 δὲ
2853 1865 2930 1936 τῷ
2964 1869 3210 1936 μνήματι
3235 1865 3401 1920 αὑτοῦ
3429 1868 3618 1938 νεκρὸς
3639 1868 3742 1920 ὑπὸ
3766 1867 3872 1922 τῶν
3899 1867 4064 1919 ὲκκο·

2483 1958 2746 2025 μιζόντων
2782 1960 2944 2011 αὐτὸν
2968 1959 3301 2029 ἑπιρῤιφεὶς,
3329 1960 3603 2021 ἀνίστατο,
3641 1963 3732 2012 καὶ
3784 1960 3924 2029 μετά
3953 1958 4067 2011 τῶν

2480 2049 2886 2118 ἐπιρριξάντων
2931 2049 3092 2102 αὑτὸν
3130 2049 3280 2102 ἔθεεν
3329 2051 3422 2103 ἐπὶ
3472 2051 3568 2120 τὴν
3599 2051 3751 2104 πόλιν
3783 2067 3792 2079 '
3831 2050 4068 2121 καὶγὰρ

2480 2137 2619 2212 ἦσαν
2645 2142 2922 2212 ὁρμῶντες
2948 2143 3082 2194 είσω
3112 2143 3210 2213 τῆς
3240 2142 3470 2207 πόλεως,
3509 2145 3710 2216 λῃστὰς
3745 2144 4068 2196 ἐπιδιώκον-

2481 2250 2577 2295 τας
2613 2235 2808 2295 αὐτοὺς
2836 2235 3346 2305 ἀποδιδράσκοντες.

2484 2369 2734 2423 ΚΕΦΑΛ.
2778 2368 2903 2424 Ill".
2973 2403 3040 2411 —
3105 2372 3465 2496 Tlfl‘zz'éotir
3517 2373 3553 2426 ἅ
3607 2374 4070 2444 προεφήτευσεν

3271 2461 3386 2496 tuo.

3271 2461 3386 2510 ιας.

2559 2577 2897 2631 Βασιλεῖτοῦ
2939 2577 3151 2650 Ἰσραὴλ
3207 2580 3284 2650 τῷ
3320 2581 3526 2650 Ἀχαὰῦ
3569 2577 3742 2646 εἶπεν,
3779 2583 3853 2644 ὡς
3884 2583 3947 2636 οὐ
3991 2582 4069 2653 μὴ

2488 2668 2668 2737 βρέξει
2694 2670 2796 2731 ἕως
2818 2665 2990 2744 οὗπερ
3014 2673 3176 2735 αὐτὸς
3205 2675 3297 2725 τὸν
3323 2674 3530 2745 ὄμϐρον
3550 2676 3953 2734 ὲπικαλέσοιτο.
3973 2677 4072 2728 καὶ

2486 2760 2658 2823 οὓτως
2726 2763 2956 2828 ἐγίνετο.
3023 2763 3243 2834 Ὀχοζίᾳ
3311 2763 3391 2834 τῷ
3459 2763 3554 2818 τοῦ
3623 2767 3824 2833 ’Λχαάὁ
3858 2765 4071 2835 υίῷνοο

2490 2853 2692 2918 σοῦντι,
2727 2856 2820 2906 καὶ⁵
2847 2857 3234 2908 ἀποστείλαντι
3263 2856 3415 2926 παρὰ
3463 2857 3542 2926 τῷ
3572 2858 3629 2908 ἐν
3663 2861 3729 2928 τῇ
3779 2858 4071 2927 ’Δκκαρῶν

2489 2943 2597 3013 θεῷ
2630 2947 2912 3016 ἐπερωτᾷν
2959 2948 3005 2998 εἰ
3035 2945 3280 3016 ζήσεται,
3330 2949 3442 3009 τοῖς
3475 2948 3724 3014 ἀγγέλοις
3773 2948 3941 3000 αὑτοῦ
3975 2965 4074 3001 πεο

2493 3041 2744 3110 ριτυχὼν,
2765 3044 2993 3110 προεῖπε
3017 3042 3198 3110 λέγειν
3215 3043 3364 3113 αὐτῷ
3388 3044 3470 3095 ὅτι
3501 3045 3595 3095 καὶ
3611 3044 3890 3096 δυσσεϐῶν
3920 3045 4075 3114 παρά

2489 3132 2763 3200 δαιμόνων
2793 3135 2920 3204 περὶ
2951 3133 3044 3187 τοῦ
3065 3134 3330 3204 ζήσεσθαι
3366 3136 3464 3199 τὰς
3499 3137 3760 3206 μαντείας
3791 3139 3956 3201 αἰτεῖ,
3979 3139 4078 3190 καὶ

2413 3223 2459 3283 C
2488 3224 2575 3277 διά
2602 3225 2756 3278 τοῦτο
2791 3226 2852 3279 οὐ
2883 3225 3126 3298 ζήσεται.

2496 3363 2747 3417 ΚΕΦΛΔ.
2792 3363 2912 3419 ΠΧ.
2951 3394 3019 3404 -·
3058 3367 3198 3420 Τίνα
3231 3366 3426 3450 ⁹ἐστὶν·
3467 3368 3506 3421 ἂ
3543 3368 3892 3439 Ἐλισσαῖος
3929 3389 4079 3444 προ-

3134 3452 3490 3506 εφητευσεν.

2581 3567 2780 3620 Ἐλθὼν
2801 3570 2878 3629 εἰς
2900 3569 3000 3638 τὴν
3031 3570 3325 3640 Δαμασκὸν
3367 3573 3612 3644 Ἀζαήλω
3665 3579 3949 3645 προεῖπεν,
4003 3577 4084 3642 ὡς

2498 3659 2526 3709 ὁ
2561 3659 2659 3727 μὲν
2681 3660 2778 3727 τῆς
2817 3660 3111 3728 Δαμασκοῦ
3159 3660 3411 3729 βασιλεὺς
3467 3665 3494 3716 ὁ
3548 3665 3712 3736 Ἀδερ
3735 3666 4084 3737 τεθνήξεται.

2513 3749 2806 3818 Ἐτύγχανε
2837 3750 2880 3801 δ’
2918 3750 3331 3822 ἀπεσταλμένος
3375 3753 3466 3806 ὑπ’
3509 3754 3676 3807 αὐτοῦ
3711 3759 4084 3824 κακουμένου,

2501 3840 2834 3908 πευσόμενος
2863 3840 3024 3894 αὑτὸν
3041 3842 3089 3892 εί
3111 3842 3355 3911 ζήσεται.
3379 3844 3548 3908 Αὐτὸς
3572 3845 3628 3898 δὲ
3657 3846 3896 3915 διάδοχος
3917 3849 4086 3921 nam?

2501 3931 2601 3998 τῆς
2635 3930 2915 3999 βασιλείας
2948 3932 3124 3996 ἔσται,
3155 3934 3247 3986 καὶ
3269 3934 3568 4002 πάμπολλα
3593 3935 3686 3989 τοῦ
3712 3939 3820 4005 (99)
3865 3940 4089 4012 Ἰσραὴλ

2501 4021 2794 4088 ἐνδείξεται
2823 4025 2994 4078 δεινά.
3021 4027 3128 4078 Καὶ
3153 4026 3246 4078 τὸν
3292 4026 3432 4094 Ἰηοῦ
3464 4033 3691 4096 προεῖπε
3727 4029 3821 4082 τοῦ
3864 4032 4090 4102 Ἰσραὴλ

2503 4117 2597 4168 ἐπὶ
2621 4118 2889 4186 τετάρτην
2928 4119 3093 4172 αὐτοῦ
3138 4120 3333 4186 γενεὰν
3363 4120 3726 4190 βασιλεύσειν,
3761 4124 3854 4177 ἐπὶ
3890 4126 4090 4177 καθαι-

2507 4209 2656 4278 ρέσει
2679 4209 2771 4262 τοῦ
2800 4211 2952 4262 οίκου
2999 4212 3098 4281 τῆς
3121 4212 3218 4266 τοῦ
3283 4213 3489 4281 ’Δχαάὀ
3542 4214 3840 4284 βασιλείας,
3888 4217 4094 4288 προδε-

2504 4301 2773 4372 ϐλημένον
2813 4305 2893 4366 είς
2951 4303 3051 4373 τήν
3107 4303 3420 4373 βασιλείαν·
3472 4308 3906 4378 παραγενομένῳ
3951 4312 4091 4380 πρὸς

2506 4394 2668 4447 αὑτὸν
2693 4394 2772 4465 τῷ
2816 4395 2955 4465 Ἰηοῦ
3006 4399 3288 4465 προεῖπεν,
3346 4397 3424 4460 ὡς
3479 4398 3658 4464 τρίτον
3693 4400 3991 4468 προσϐαλεῖ
4025 4405 4093 4471 τῇ

2508 4484 2754 4555 βασιλείᾳ
2807 4489 3121 4556 Δαμασκοῦ,
3155 4489 3252 4540 καὶ
3283 4491 3501 4558 νικήσει
3526 4491 3615 4542 τὸν
3644 4491 3764 4542 κατ’
3785 4493 3956 4562 αὐτῆς
3987 4496 4093 4546 πό-

817 4578 1036 4633 sissime
1059 4579 1286 4647 sagittas
1307 4579 1599 4639 emitteret,
1626 4587 1707 4632 ter
1731 4579 1949 4632 emissis
1981 4577 2216 4648 sagittis,
2237 4577 2406 4632 absti-
2438 4583 2482 4638 ι)

2438 4583 2482 4638 ι)
2513 4575 2699 4644 λεμον.
2747 4577 2854 4629 Καὶ
2883 4578 3070 4648 ἐπειδὴ
3116 4579 3368 4632 ἐκέλευσε
3407 4579 3649 4644 τοξεύειν
3687 4581 4091 4642 συντονὼτατα.

818 4674 939 4726 nuit
973 4687 1002 4725 a
1036 4671 1211 4737 jactu,
1250 4671 1449 4725 idcirco
1485 4687 1625 4740 aegre
1676 4671 1730 4724 id
1784 4670 1969 4724 ferens
1997 4670 2290 4740 propheta.
2326 4670 2400 4723 ait

821 4777 902 4819 ter
925 4766 1184 4819 victorem
1211 4764 1483 4818 futurutn.
1518 4766 1574 4818 Si
1604 4766 1749 4819 enim
1784 4764 2080 4835 quinquies
2106 4765 2410 4831 eiaculatus

825 4859 1055 4922 fuisset,
1124 4858 1396 4927 integrum
1471 4855 1939 4911 Damascenorum
1997 4871 2224 4924 regnum
2293 4865 2413 4910 crat

823 4965 1138 5004 (EVBI'SUI‘US.

883 5063 1036 5116 CAP.
1072 5061 1337 5118 LXXXV.
1367 5095 1437 5105 —
1467 5063 1724 5128 Quantam
1753 5064 2082 5133 prophetavit
2113 5063 2230 5118 ϐοά
2267 5065 2336 5116 ’⁸.

904 5240 1041 5294 Cum
1077 5249 1460 5295 extumerassct
1496 5239 1684 5304 David,
1745 5254 1934 5295 contra
1971 5251 2134 5311 atque
2165 5241 2276 5296 Deo
2330 5241 2413 5295 ri-

829 5332 1080 5396 debatur,
1110 5337 1370 5400 populum
1401 5372 1418 5398 ,
1469 5332 1521 5386 id
1567 5334 1752 5401 inique
1790 5333 1929 5386 ferre
1969 5335 2046 5388 ait
2097 5333 2267 5389 Deum
2323 5336 2419 5389 ad-

830 5439 1024 5480 versus
1078 5425 1252 5490 illum,
1290 5435 1454 5492 atque
1486 5441 1551 5479 ex
1602 5425 1774 5480 tribus
1833 5427 2245 5482 imminentibus
2299 5429 2420 5482 ani-

902 5586 947 5615 “
975 5581 1040 5635 lll
1066 5581 1198 5652 Reg.
1250 5600 1382 5648 xvu,
1415 5600 1564 5639 “tu.
1642 5587 1683 5617 ’⁷
1712 5583 1776 5640 IV
1800 5584 1930 5654 Reg.
1956 5601 2075 5650 \‘lll,
2105 5601 2158 5650 ι,
2201 5601 2318 5638 xui.

905 5745 1015 5806 (Ὃ)
1043 5743 1203 5798 Forte
1235 5743 1332 5810 τῷ.

908 5817 985 5884 (l)
1029 5811 1188 5869 Forte
1223 5815 1428 5886 πλήρη.

2513 4669 2696 4738 τρίτον
2726 4669 3020 4732 ἀκοντίσας
3047 4670 3109 4722 τὸ
3139 4670 3290 4739 βέλος
3313 4712 3328 4736 ,
3365 4673 3567 4742 ἐπέσχε
3597 4674 3696 4742 τὴν
3737 4673 3899 4744 βολήν
3935 4689 3948 4702 ⁸
4011 4675 4096 4728 λυ-

2512 4761 2709 4830 πηθεὶς
2761 4761 2818 4814 δὲ
2875 4763 2904 4814 ὁ
2939 4764 3226 4834 προφήτης
3273 4764 3378 4834 ἔφη
3417 4765 3478 4817 τὸ
3515 4765 3700 4834 τρίτον
3741 4767 3989 4837 ἑκνικᾷν.
4035 4768 4097 4820 El

2511 4855 2622 4922 γὰρ
2653 4852 2907 4922 πέμπτον
2943 4855 3229 4922 ἡκόντισεν
3268 4855 3355 4918 ἂν,
3406 4855 3622 4926 πλήρης
3647 4856 3726 4927 (Ι)
3770 4858 3872 4927 τὴν
3915 4862 4098 4928 Δαμα-

2515 4943 2731 5012 σκηνῶν
2764 4944 2966 5013 ήμελλε
2999 4945 3281 5018 καθαίρειν
3311 4947 3611 5017 βασιλείαν.

2513 5060 2763 5113 ΚΕΦΔΛ.
2797 5056 2920 5112 IlE'.
2954 5091 3023 5100 —
3071 5063 3209 5115 Τίνα
3255 5063 3431 5116 ἐστὶν
3469 5062 3507 5116 ἆ
3547 5062 3676 5116 Γὰδ
3727 5063 4100 5132 προεφήτευο

3237 5150 3372 5188 σεν.

2603 5244 3084 5316 ’Δπαριθμήσαντι
3131 5247 3209 5317 τῷ
3267 5248 3435 5302 Δαὸὶδ
3491 5247 3647 5321 παρά
3685 5246 3746 5301 τδ
3781 5247 3977 5302 δοκοῦν
4026 5251 4102 5320 τῷ

2521 5337 2641 5407 Θεῷ
2678 5339 2768 5390 τὸν
2785 5339 2933 5403 λαὸν,
2967 5341 3299 5406 ἀγανακτεῖν
3330 5341 3434 5410 ἔφη
3468 5341 3560 5393 τὸν
3587 5339 3721 5393 Θεὸν
3751 5341 3870 5392 κατ’
3907 5340 4098 5401 αὑτοῦ.

2523 5428 2618 5480 καὶ
2645 5428 2710 5481 ὲκ
2733 5428 2902 5498 τριῶν
2934 5431 3300 5500 ἐπικειμένων
3325 5430 3627 5503 τιμωριῶν,
3658 5430 3861 5502 δηλαδὴ
3901 5430 3982 5503 (2)
4009 5432 4102 5487 τοῖς

2397 5583 2501 5637 "ll
2533 5583 2667 5654 Reg.
2703 5601 2854 5649 χειν,
2882 5585 2967 5640 Η.

2599 5745 2674 5816 (ε)
2711 5747 2791 5800 Αι.
2823 5746 2911 5800 διὰ
2938 5745 3023 5815 δή.
