4248 6438
158 376 247 436 101
1317 377 1692 436 LIBELLUS
1728 379 2226 440 MEMORIALIS-

150 490 396 561 τριετοῦς
443 491 629 561 λιμοῦ,
670 491 910 562 πολέμου
970 494 1352 564 τριμηνιαίου,
1415 497 1509 547 καὶ
1543 493 1733 564 λοιμοῦ
1766 504 1804 557 Α

680 491 910 562 πολέμου
970 494 1352 564 τριμηνιαίου,
1415 497 1509 547 καὶ
1543 493 1733 564 λοιμοῦ
1766 504 1804 557 Α
1841 497 2313 552 madvcrsionibus
2344 535 2357 558 ,

149 583 473 654 τριημὲρου,
505 582 725 637 ἑλέσθαι
761 584 827 654 ἢν
853 583 919 638 ἂν
951 583 1214 655 βούλοιτο.

150 805 404 860 ΚΕΦΑΛ.
448 807 593 873 Πιτ.
658 837 730 850 -
785 808 923 879 Τίνα
985 807 1158 862 ἐστιν
1206 808 1244 861 ἃ
1312 809 1727 879 προεφήτευσε

836 878 1059 932 Νάθαν.

227 1013 558 1082 Βουληθέντι
594 1014 672 1084 τῷ
719 1014 882 1067 Δα6”ιδ
935 1015 1026 1066 τὸν
1091 1014 1217 1068 ναὸν
1267 1015 1592 1084 οἰκοδομεῖν,
1655 1015 1727 1085 μὴ

154 1106 444 1176 βούλεσθαι
477 1107 569 1158 τὸν
620 1105 753 1158 Θεὸν
794 1106 862 1159 δι’
888 1106 1054 1160 αὑτοῦ
1094 1108 1191 1178 τὴν
1216 1108 1506 1176 οἰκοδομὴν
1547 1110 1729 1175 ἀπήγ-

150 1201 297 1270 γειλε
327 1198 596 1268 γίνεσθαι.
642 1197 745 1251 Τὸν
774 1198 830 1252 δὲ
885 1199 942 1266 ἐξ
977 1201 1142 1254 αὐτοῦ
1193 1201 1555 1269 γενησόμενον
1591 1202 1724 1266 υἱὸν,

149 1298 240 1348 τὸν
292 1293 551 1362 Σαλομῶν
636 1291 849 1345 ούδέπω
902 1293 1191 1362 τεχθέντα,
1259 1294 1445 1346 τοῦτον
1503 1296 1729 1363 προεῖπε

155 1388 374 1456 μέλλειν
399 1385 562 1440 αὑτὸν
597 1385 965 1455 προϐαλέσθαι
1013 1385 1106 1438 καὶ
1140 1386 1511 1455 συμπληροῦν.
1550 1386 1621 1437 Τὸ
1651 1386 1726 1455 (5)

152 1498 174 1533 ε
187 1483 232 1542 ἰς
285 1479 385 1547 τὴν
441 1477 720 1547 Βηρσαϐεὲ
735 1515 751 1539 ,

154 1571 351 1640 ἤλεγξε
381 1571 470 1622 τὸν
497 1571 683 1633 Δαὸὶδ,
734 1573 829 1623 καὶ
854 1571 953 1641 τὴν
988 1573 1081 1623 ἐπὶ
1109 1574 1176 1639 τῇ
1220 1570 1570 1642 πλημμελείᾳ
1603 1573 1730 1624 παί-

152 1660 336 1713 δευσιν
362 1661 624 1714 ἐπιοῦσαν
649 1660 795 1730 αὐτῷ
823 1663 1053 1730 προεῖπε
1078 1700 1093 1723 ,
1127 1663 1222 1715 καὶ
1250 1662 1348 1731 τὴν
1399 1663 1494 1714 ἐπὶ
1534 1665 1599 1733 τῇ
1640 1681 1732 1716 τα-

155 1751 553 1822 πεινοφροσύνῃ
612 1752 777 1806 αὑτοῦ
827 1753 922 1805 τοῦ
970 1754 1369 1824 ἁμαρτήματος
1409 1753 1583 1806 λύσιν.
1626 1754 1732 1806 Τὸν

802 1477 893 1529 καὶ
934 1477 1023 1528 τὸν
1057 1477 1261 1548 Οὐρίαν
1315 1479 1726 1547 πλημμελῆσαι,

3309 375 3410 442 102

2449 508 2644 563 nempe
2730 494 3010 551 triennalis
3072 495 3252 563 famis,
3309 499 3408 553 tri-

1835 589 2056 643 mestris
2079 589 2227 653 lieili,
2270 597 2325 643 et
2354 588 2622 643 triduana:
2664 589 2832 658 pestis
2857 627 2872 652 ,
2898 603 3063 658 quam
3118 591 3279 645 vellet
3309 591 3409 646 eli-

1833 690 2001 751 geret.

1832 815 1986 872 CAP.
2038 813 2322 869 LXXXVI.
2353 847 2421 860 —
2454 816 2586 880 Qua:
2629 825 2750 868 sunt
2793 814 3056 871 Nat/mnis
3103 818 3406 887 praphetia'.

1903 1013 2038 1066 Cum
2064 1011 2220 1065 vellet
2264 1009 2430 1064 David
2461 1011 2729 1065 aediﬁcare
2754 1013 3042 1083 templum,
3069 1016 3414 1072 annuntiavit

1833 1103 1975 1157 haud
2011 1113 2222 1173 gratum
2253 1118 2374 1157 esse
2431 1103 2563 1164 Deo,
2636 1114 2696 1157 ut
2754 1120 2848 1172 per
2899 1106 3076 1175 ipsmn
3124 1108 3414 1164 mdilicatio

1835 1199 2010 1251 lieret.
2038 1196 2174 1250 Eum
2210 1212 2392 1266 porro,
2425 1197 2517 1265 qui
2545 1197 2611 1249 ab
2636 1196 2751 1264 ipso
2777 1199 3088 1254 nasciturus
3111 1202 3412 1268 eratﬁlius,

1835 1290 2180 1344 Salomoncm
2242 1290 2466 1358 inquam
2494 1329 2507 1351 ,
2558 1290 2789 1341 necdum
2830 1297 3033 1354 ortum,
3100 1292 3243 1345 hunc
3275 1309 3417 1361 prte-

1833 1381 1971 1435 tlixit
2021 1382 2281 1449 templum
2329 1381 2716 1435 inchoaturum
2773 1388 2824 1432 et
2883 1380 3280 1437 absoluturnm.
3331 1383 3414 1439 0b

1833 1474 2038 1528 crimen
2069 1471 2333 1527 Bersabee
2351 1481 2406 1526 et
2443 1470 2606 1534 Uria),
2660 1472 2908 1540 coarguit
2959 1470 3239 1538 Daridem,
3277 1490 3414 1542 prte-

1833 1565 2078 1636 dixitque
2111 1574 2557 1634 superventuram
2607 1567 2658 1616 in
2703 1581 2827 1617 eum
2885 1567 3412 1621 animadversionem

1835 1669 2059 1726 prepter
2120 1657 2510 1710 inconcinnum
2574 1655 2704 1708 illud
2757 1654 2990 1719 facinus,
3039 1663 3092 1707 et
3155 1655 3416 1713 facinoris

1836 1753 2049 1803 veniam
2091 1760 2308 1817 propter
2364 1748 2799 1800 liumiliatiuncm
2857 1747 3028 1801 illius.
3066 1746 3200 1800 Eum
3239 1749 3414 1814 ipsum

155 1845 287 1912 παρ’
322 1844 485 1896 αὑτοῦ
515 1845 962 1915 προφητευθέντα
990 1847 1089 1917 τὴν
1132 1847 1490 1917 Ἰερουσαλὴμ
1522 1847 1722 1899 οἰκοδο·
1764 1845 1805 1900 Β

1764 1845 1805 1900 Β
1835 1842 1925 1910 qui
1951 1840 2020 1894 ab
2049 1841 2142 1894 illo
2166 1841 2522 1909 prophetatus
2546 1838 2720 1892 fuerat
2773 1839 3142 1894 mdiﬁcaturus
3187 1839 3413 1895 Jerusa-

155 1938 299 2003 μεῖν,
333 1935 424 1987 τὸν
453 1936 567 1988 υἱὸν
598 1935 767 1989 αὑτοῦ
799 1937 888 1990 τὸν
917 1937 1269 2006 Σαλομῶντα,
1302 1939 1464 2000 αὐτὸς
1509 1942 1586 2001 εἰς
1633 1939 1730 2010 τὴν

155 2028 440 2096 βασιλείαν
483 2030 872 2100 προηγάγετο,
918 2031 1240 2101 ὑπομνήσας
1281 2031 1371 2083 τὸν
1426 2031 1588 2084 Δαϐιδ
1637 2033 1733 2100 τῆς

153 2119 521 2188 ὑποσχέσεως,
555 2122 650 2173 καὶ
675 2120 765 2173 τὸν
801 2121 1172 2190 ὲπαναστῆναι
1204 2124 1268 2192 τῇ
1317 2121 1565 2193 βασιλείᾳ
1610 2139 1732 2174 πει-

154 2211 393 2281 ραθέντα
435 2213 528 2265 τὸν
572 2212 850 2278 ’Δδωνίαν,
904 2212 1081 2281 σοφῶς
1118 2212 1511 2285 καθαιρεθῆναι
1563 2230 1735 2284 παρα-

155 2303 587 2372 σκευασάμενος.

153 2439 412 2492 ΚΕΦΛΛ.
455 2440 580 2494 ΠΖ’.
633 2471 703 2481 -
759 2442 903 2516 Τίνα
954 2444 1412 2513 προεφήτευσεν
1457 2445 1660 2516 Ἀχίας
1702 2450 1736 2501 ό

797 2515 1147 2582 Σιλωνίτης.

225 2648 319 2716 τῷ
366 2647 650 2719 Ἰεροὸοὰμ
685 2650 966 2718 προεῖπεν,
993 2649 1068 2712 ὼς
1095 2650 1204 2703 τῶν
1225 2650 1357 2703 δέκα
1387 2650 1482 2703 τοῦ
1517 2651 1736 2721 Ἰσραὴλ

155 2741 342 2807 φυλῶν
379 2738 709 2808 βασιλεύσει.
750 2740 1063 2810 Διαρρήσας
1092 2740 1201 2812 γάρ
1230 2739 1290 2792 τὸ
1328 2741 1542 2809 ἱμάτιον
1569 2743 1735 2796 αὑτοῦ

154 2836 235 2895 εἰς
267 2831 477 2884 δώδεκα
503 2831 642 2901 μέρη
677 2831 966 2901 πεποίηκε,
994 2833 1089 2885 καὶ
1115 2833 1404 2886 ἐκέλευσεν
1427 2835 1576 2905 αὐτῷ
1604 2836 1737 2891 δέκα

157 2927 300 2995 μέρη
333 2924 629 2994 λαμϐάνειν
652 2926 715 2977 ὲκ
754 2925 979 2988 τούτων,
1003 2929 1283 2995 προειπὼν
1310 2926 1478 2997 αὐτῷ,
1510 2928 1582 2991 ὡς
1606 2928 1736 2981 δέκα

156 3018 343 3087 φυλῶν
385 3015 478 3069 τοῦ
526 3016 742 3087 Ἰσραὴλ
773 3017 1096 3086 βασιλεύσει.
1144 3020 1385 3090 Ἀνονίτῃ
1419 3021 1494 3089 (4)
1527 3024 1592 3091 τῇ
1633 3022 1734 3074 ποῦ

1838 1935 1965 1996 lem,
2001 1935 2170 1987 ﬁlium
2229 1932 2345 2002 ejus
2391 1947 2589 2001 nempe
2640 1931 3012 1996 Salomonem,
3061 1933 3289 2001 ipsemet
3347 1934 3414 1988 ad

1837 2045 2065 2098 regnum
2101 2029 2369 2114 prove’xit,
2419 2035 2672 2082 revocata
2735 2026 2786 2080 in
2846 2030 3166 2080 memoriam
3230 2025 3415 2080 Davidi

1839 2121 2205 2189 promissione
2235 2140 2245 2174 :
2272 2137 2396 2176 eum
2431 2135 2561 2174 vero
2594 2121 2687 2189 qui
2718 2128 3024 2174 tentaverat
3090 2134 3318 2187 regnum
3349 2119 3418 2174 ad

1839 2229 1896 2268 se
1922 2214 2215 2276 attrahere,
2249 2213 2518 2268 Adoniam
2551 2227 2765 2281 nempe,
2808 2213 3088 2282 sapienter
3126 2213 3416 2268 deturbari

1838 2304 1984 2360 fecit.

1835 2440 1986 2497 CAP.
2024 2439 2334 2495 LXXXVII.
2368 2470 2439 2482 —
2467 2441 2726 2506 Quamam
2757 2441 3078 2495 vaticinatus
3108 2453 3184 2495 est
3223 2441 3420 2499 Aeliin:

2457 2511 2706 2567 Silonites
2751 2514 2819 2566 ".

1911 2643 2170 2700 Prmdixit
2213 2644 2562 2708 Jeroboamo,
2609 2647 2754 2716 quod
2805 2655 3056 2716 regnaret
3102 2646 3287 2700 decem
3326 2647 3423 2702 tri-

1841 2737 2020 2792 bubus
2049 2738 2236 2795 lsrael.
2281 2737 2611 2808 Dirumpens
2662 2739 2809 2793 enim
2872 2738 3096 2808 pallium
3151 2754 3334 2803 suum,
3363 2741 3417 2793 in

1838 2830 2122 2886 duodecim
2168 2840 2351 2901 partes
2404 2831 2631 2902 redegit,
2674 2831 2981 2902 jussitque,
3020 2840 3080 2884 ut
3107 2831 3196 2884 ille
3225 2831 3413 2887 decem

1838 2938 1900 2977 ex
1931 2924 2038 2978 illis
2089 2925 2338 2993 partibus
2375 2924 2478 2978 sibi
2509 2935 2769 2991 sumeret,
2821 2927 3122 2995 praedicens
3151 2929 3200 2982 ei
3226 2971 3241 2994 ,
3267 2927 3416 2999 quod

1839 3013 2025 3068 (ICCCID
2063 3014 2306 3068 II'IIJUUIII
2340 3011 2506 3069 Israel
2530 3013 2748 3069 futurus
2777 3026 2922 3072 esset
2955 3033 3070 3072 rex.
3095 3019 3216 3072 Ano
3250 3033 3422 3072 uxore

168 3108 454 3178 Ἰεροδοὰμ
498 3110 718 3177 γυναικὶ
777 3109 915 3180 πρὸς
974 3111 1137 3162 αὑτὸν
1208 3111 1325 3180 μετ’
1388 3113 1845 3202 ἐπικρύψεωςϐι

1765 3149 1806 3202 C
1842 3106 2134 3161 Jeroboam
2158 3108 2224 3162 ad
2254 3123 2314 3162 se
2348 3109 2560 3163 occulte
2586 3109 2855 3174 veniente,
2885 3125 2996 3178 quo
3051 3112 3422 3166 sciscitaretur

154 3202 394 3272 ἡκούσῃ,
450 3203 581 3269 περὶ
610 3200 800 3263 παιδὸς
847 3200 925 3272 (5)
980 3202 1392 3273 άρῤωστοῦντος
1451 3205 1736 3274 ἐπερωτή-

157 3312 331 3347 σουσα
367 3296 414 3345 εἰ
451 3292 716 3364 ζήσεται·
743 3294 947 3362 ταύτην
976 3295 1076 3363 μὲν
1113 3294 1172 3359 ἐξ
1205 3296 1470 3364 ὀνόματος
1523 3297 1734 3360 ἐκάλει,

157 3385 234 3454 μὴ
264 3384 593 3454 σημάνασαν
623 3385 842 3456 ἑαυτὴν,
874 3386 1078 3456 καίπερ
1111 3387 1312 3455 τυφλὸς
1343 3388 1432 3441 διὰ
1460 3388 1523 3440 τὸ
1561 3390 1737 3461 γῆρας

156 3481 452 3546 τυγχάνων
484 3493 497 3506 ·
533 3480 793 3541 προεῖπεν
819 3479 874 3531 δὲ
924 3480 1059 3550 αὐτῇ
1083 3519 1098 3544 ,
1158 3480 1233 3544 ὡς
1283 3483 1377 3534 καὶ
1408 3481 1495 3534 τὸν
1532 3482 1645 3535 υἱὸν
1677 3484 1737 3535 οὐ

154 3569 535 3639 καταλήψεται
581 3571 757 3634 ζῶντα
781 3613 794 3635 ,
839 3574 867 3626 ὁ
906 3572 962 3626 δὲ
1014 3574 1292 3645 Ἱεροϐοὰμ
1317 3575 1425 3628 άπὸ
1464 3577 1559 3648 τῆς
1587 3576 1740 3646 βασι-

155 3661 309 3725 λείας
338 3663 571 3731 οἰκτρῶς
595 3666 1133 3736 καταστραφήσεται.

155 3799 417 3852 ΚΕΦΑΛ.
472 3799 606 3853 1111⁸.
655 3827 726 3838 --
784 3802 921 3853 Τίνα
978 3803 1245 3871 Σαμαίας
1299 3804 1739 3874 προεφήτευσε.

243 3999 488 4069 Ῥοὸοαμ
519 3999 596 4070 τῷ
627 3999 724 4069 τῆς
765 4000 1125 4071 Ἰερουσαλὴμ
1178 4001 1390 4071 βασιλεῖ
1420 4004 1478 4055 ἐν
1513 4003 1741 4057 δεκαδύο

160 4097 396 4166 μυριάσι
426 4092 772 4163 στρατιωτῶν
801 4095 1008 4146 ἐπιόντι
1036 4094 1292 4163 πολεμεῖν
1323 4095 1462 4147 κατὰ
1484 4096 1591 4148 τῶν
1610 4097 1741 4149 δέκα

156 4188 256 4241 τοῦ
302 4187 519 4257 Ἰσραὴλ
546 4186 656 4238 τῶν
673 4185 998 4238 άποστασῶν
1037 4185 1203 4238 αὑτοῦ
1236 4187 1438 4256 φυλῶν,
1471 4187 1612 4240 κατὰ
1643 4190 1742 4259 τὴν

157 4283 393 4349 πορείαν
430 4277 760 4349 περιτυχὼν,
804 4278 1170 4348 ἀναστρέφειν
1198 4280 1290 4332 ἐπὶ
1317 4280 1383 4332 τὰ
1401 4281 1600 4345 οἰκεῖα,
1648 4281 1743 4333 καὶ

161 4372 241 4442 μὴ
278 4369 577 4438 συμφύλων
626 4367 862 4437 πόλεμον
906 4367 1273 4436 παρατάττειν
1319 4368 1475 4437 ἔλεγε
1499 4410 1514 4432 ,
1550 4369 1743 4423 καθαί-

1841 3201 1908 3254 de
1930 3199 2040 3252 lilio
2070 3208 2388 3269 aegrotante,
2415 3215 2557 3253 anne
2581 3201 2988 3256 convalesceret
3005 3241 3021 3266 ,
3056 3217 3176 3257 eam
3199 3203 3419 3271 quidem

1841 3293 1907 3348 de
1939 3293 2160 3347 nomine
2213 3293 2448 3359 vocavit,
2504 3294 2722 3349 tametsi
2768 3309 2888 3350 sese
2936 3312 3045 3350 non
3102 3296 3420 3358 iudicasset,

1840 3385 2091 3454 quamvis
2121 3399 2301 3440 caecus
2344 3395 2490 3440 esset
2527 3399 2746 3456 propter
2795 3397 3071 3443 senectam
3110 3406 3123 3442 :
3173 3389 3424 3459 prredixit

1842 3493 1970 3530 vero
1992 3477 2063 3541 ei,
2096 3477 2242 3545 quod
2273 3492 2371 3531 nec
2400 3475 2567 3530 ﬁlium
2593 3488 2940 3548 recuperaret
2961 3496 3177 3546 sanum,
3195 3489 3250 3535 et
3273 3483 3420 3550 quod

1840 3567 2129 3623 Jeroboam
2210 3570 2593 3626 miserabiliter
2681 3573 3085 3628 cxscindcudus
3173 3585 3320 3630 esset
3388 3591 3422 3630 a

1842 3677 2030 3732 regno.

1843 3795 1994 3850 CAP.
2079 3795 2410 3852 LXXXVIII.
2482 3798 2739 3923 -ὦωὲιιέξ
2792 3809 2918 3854 sunt
2996 3801 3249 3857 vaticinia
3319 3800 3423 3859 Sa-

1915 3999 2196 4056 Roboamo
2231 4003 2343 4072 regi
2393 4002 2723 4067 Jerusalem,
2759 4007 2853 4076 qui
2898 4023 3023 4062 cum
3073 4016 3296 4064 centum
3343 4010 3424 4063 vi-

1844 4093 1975 4163 ginti
2033 4095 2277 4148 millibus
2337 4097 2568 4151 militum
2631 4099 2880 4154 veniebat
2954 4099 3158 4158 inferre
3218 4104 3420 4159 bellqu

1843 4189 2031 4240 decem
2087 4189 2340 4242 tribubus
2373 4187 2558 4254 Israel,
2604 4207 2726 4259 quae
2773 4208 2800 4243 a
2859 4208 2918 4247 se
2964 4193 3327 4263 desciverant,
3358 4213 3424 4251 ex

1844 4281 2037 4334 itinere
2085 4282 2278 4336 obvius
2331 4281 2530 4347 factus,
2582 4285 2854 4338 convertit
2896 4287 3049 4340 illum
3081 4290 3148 4342 ad
3181 4290 3429 4358 pr0pria,

1845 4370 2119 4440 edicitque
2174 4387 2240 4426 ne
2280 4373 2545 4428 adversus
2594 4376 2935 4433 contribules
2981 4379 3180 4434 bellum
3234 4382 3428 4442 cieret.

159 4482 312 4536 ρεσιν
346 4459 509 4515 αὑτοῦ
538 4459 795 4531 παντελῆ,
831 4463 924 4514 καὶ⁵
949 4461 1046 4514 τοῦ
1067 4461 1300 4530 στρατοῦ
1329 4459 1500 4535 ἧτταν
1528 4481 1742 4532 προφη-
1777 4493 1820 4546 η

1777 4493 1820 4546 η
1849 4459 2048 4514 caedem
2079 4463 2447 4518 omnimodam
2475 4465 2618 4534 ejus,
2651 4475 2933 4543 totumque
2965 4473 3266 4526 exercitum
3300 4488 3427 4542 pro-

157 4557 370 4619 τεύων,
434 4556 483 4608 εί
524 4554 914 4625 πολεμήσουσι.
949 4555 1187 4624 Προεῖπε
1239 4557 1331 4608 καὶ
1380 4555 1458 4625 τῷ
1503 4555 1741 4622 Ῥοϐοάμ

161 4651 259 4703 καὶ
295 4648 375 4719 τῷ
431 4648 566 4718 λαῷ,
595 4648 668 4711 ὡς
712 4647 1189 4717 ὲγκαταλείψαντα
1241 4649 1317 4716 (6)
1369 4648 1462 4700 τὸν
1489 4648 1696 4717 Κύριον
1723 4688 1738 4714 ,

157 4740 760 4809 ἑγκαταλειφῦήσονται
807 4739 898 4790 ὑπ’
926 4739 1114 4793 αὐτοῦ.
1179 4739 1290 4793 Καὶ
1332 4738 1410 4808 τῷ
1455 4739 1742 4810 Ἰεροὸοὰμ

153 4834 216 4887 δὲ
243 4834 533 4900 προεῖπεν,
597 4830 673 4894 ὡς
717 4830 824 4882 τῶν
853 4829 984 4882 δέκα
1044 4830 1139 4883 τοῦ
1186 4831 1408 4901 Ἰσραὴλ
1470 4834 1742 4902 κρατήσει

158 4924 490 4991 σκήπτρων,
517 4923 630 4984 τοῖς
670 4920 854 4983 αὐτοῖς
888 4921 983 4974 τοῦ
1024 4921 1178 4991 ’Λχία
1207 4924 1452 4992 σημείοις
1496 4923 1604 4975 τῶν
1645 4922 1740 4976 τοῦ

157 5015 384 5086 ἱματίου
417 5016 718 5086 ῥηγμάτων
737 5014 1106 5085 χρησάμενος,

270 5149 524 5202 ΚΕΦΑΛ.
559 5148 742 5202 ΠΘ.-
794 5150 858 5205 Τί
903 5149 1356 5218 προεφήτευσεν
1409 5149 1634 5206 Ἰάδων.

233 5279 406 5346 Οὗτός
442 5287 592 5338 ἐστιν
625 5285 723 5355 (7),
753 5286 781 5338 ὁ
815 5286 892 5349 εἰς
917 5285 1014 5356 τὴν
1057 5283 1228 5356 Βεθὴλ
1258 5285 1698 5356 παραγενόμενος
1724 5330 1739 5351 ,

1850 4553 2144 4624 ﬂigandum
2211 4556 2578 4624 vaticinatus,
2655 4560 2701 4614 si
2762 4561 3097 4617 bellaverint.
3172 4559 3428 4619 Praidixit

1848 4661 2065 4716 quoque
2101 4646 2385 4703 Iloboamo
2426 4665 2488 4704 ac
2523 4652 2758 4720 populo,
2792 4655 2937 4723 quod
2987 4656 3033 4709 si
3084 4657 3429 4712 deseruerint

1850 4735 2044 4799 Deum,
2078 4739 2280 4807 abipso
2339 4753 2525 4796 essent
2584 4741 2896 4799 deserendi.
2956 4744 3221 4802 Praeterea
3276 4745 3431 4803 Jeru-

1843 4829 2042 4884 boamo
2082 4830 2337 4900 praefatus
2364 4843 2469 4896 est,
2505 4835 2649 4903 quod
2677 4834 2862 4890 decem
2899 4838 3152 4894 tribubus
3193 4841 3430 4910 impera-

1845 4937 2000 4980 turus
2023 4937 2186 4988 esset,
2219 4943 2350 4982 usus
2375 4930 2566 4984 iisdem
2601 4942 2764 4998 atque
2800 4931 3000 4989 Acbias
3030 4936 3202 5006 signis
3224 4977 3240 5001 ,
3275 4938 3431 5008 pallii

1853 5019 2098 5074 videlicet
2124 5020 2174 5073 in
2203 5021 2490 5076 duodecim
2516 5031 2697 5092 partes
2721 5025 3069 5082 laceratione.

1916 5153 2070 5208 CAP.
2100 5153 2390 5212 LXXXIX.
2422 5189 2489 5198 —
2530 5159 2668 5224 Quid
2703 5161 3032 5230 prophetarit
3064 5162 3242 5218 Jadou
3283 5164 3353 5219 ⁸¹.

1922 5288 1973 5344 Is
2033 5300 2117 5346 est
2168 5293 2261 5361 qui
2327 5293 2516 5350 Bellth
2583 5296 2906 5364 adveniens,
2951 5299 3082 5355 dum
3135 5299 3427 5360 Jcrol‘oam

234 5447 282 5478 ²⁹
323 5444 393 5500 111
429 5443 565 5515 Reg.
598 5460 673 5510 ιι,
699 5444 788 5500 '50.
867 5445 911 5477 ³⁰
946 5444 1167 5518 lllReg.
1198 5462 1296 5514 xu,
1323 5445 1414 5501 εἰ.
1480 5447 1521 5479 ³¹
1549 5445 1761 5518 lllReg.
1794 5465 1911 5514 xm,
1949 5451 1994 5504 l.

237 5604 318 5673 (3)
343 5601 504 5656 Forte
524 5602 624 5670 τῷ,
667 5603 747 5656 vel
768 5601 855 5654 διὰ
881 5601 960 5656 τό.

238 5675 315 5743 (4)
343 5673 483 5742 Lege
520 5673 656 5743 ‘Aytb
688 5677 776 5743 τῇ.
802 5684 1042 5742 utsupra
1077 5689 1196 5743 cap.

237 5741 314 5812 (5)
353 5741 510 5796 llunc
565 5741 786 5815 JOSCPII.
819 5741 1064 5809 vni,’ll,
1116 5741 1376 5816 Ὀὁέμης,
1412 5743 1747 5815 Epiphanius

172 5815 410 5885 Ἀδίμης
444 5827 657 5868 vocant.

1923 5606 1998 5679 (ρ)
2047 5606 2590 5679 Ίξγκαταλείψαντες.

1865 5708 1890 5760 ξ
1918 5677 2000 5745 i7)
2063 5676 2244 5760 {adigit
2286 5676 2483 5760 dicitur
2525 5682 2764 5760 Iosepbo
2821 5701 2950 5760 vui,
2992 5687 3066 5750 9,
3129 5688 3434 5760 Epiphanio

1851 5745 2139 5824 idquiid"
2166 5750 2400 5824 Constit.
2436 5745 2676 5823 Apostol'.
2721 5771 2802 5822 Ill,
2834 5757 2888 5822 6,
2933 5745 3136 5814 dicitur
3167 5745 3425 5821 adimitis:

1854 5815 1972 5871 Vid.
2007 5817 2145 5872 infra
2179 5835 2298 5890 cap.
2333 5823 2419 5876 9'5.
