4248 6438
253 443 355 506 1θ5

1418 442 1487 500 LI
1498 439 1789 500 BELLUS
1826 438 2329 502 MEMORIALIS.

3400 442 3503 503 106

319 553 572 606 KE'I'AA.
613 557 744 621 ιιςῖν.
779 583 850 594 -
875 555 1011 608 Τίνα
1061 553 1516 622 προεφήτευσεν
1554 553 1755 616 ’(ιλόιῖ,
1786 553 1823 620 ἠ
1853 556 1898 615 Α
1928 552 1996 606 (ΖΔ

1853 556 1898 615 Α
1928 552 2080 606 CAP.
2135 552 2320 607 XCVI.
2369 584 2439 593 —
2477 552 2737 621 Quantam
2783 553 3109 622 prophetarit
3147 552 3322 609 Holda
3369 571 3505 609 uror

776 625 884 678 τοῦ
907 626 1090 693 Σευμ
1121 625 1296 692 γυνή.

333 738 510 808 Ἰωσίᾳ.
541 737 618 807 τῷ
641 739 854 807 βασιλεῖ
880 737 1097 792 εὐσεϐεῖ
1124 737 1420 809 γενομένῳ,
1463 739 1557 792 καὶ
1587 738 1677 791 τὸν
1697 738 1822 792 ναὸν

245 829 615 898 ἐρειπωθέντα
668 829 1016 900 ἁνανεομένῳ
1049 829 1184 900 (I0).
1219 832 1316 884 nat
1363 828 1714 899 ὁιαρῤήξαντι
1755 831 1823 884 τά

249 921 437 989 ἱμάτια
471 920 636 973 αὑτοῦ
670 921 762 972 ἐπὶ
808 922 874 988 τῇ
902 918 1207 986 ἀναγνώσει
1254 919 1349 972 τοῦ
1398 920 1711 990 εὑρεθέντος
1739 922 1823 990 βε-

245 1013 397 1064 6).εου
425 1013 726 1074 Μωῦσέως,
755 1013 813 1065 ὲν
843 1012 1182 1082 ὲπιλησμονῇ
1209 1011 1317 1065 τῶν
1338 1011 1500 1066 θείων
1527 1013 1707 1082 νόμων
1729 1014 1822 1068 τοῦ

246 1101 378 1154 λαοῦ
404 1104 721 1170 γενομένου,
751 1103 1084 1166 ἐπέστειλεν,
1109 1103 1184 1160 ὡς
1211 1105 1241 1156 ὁ
1269 1103 1394 1168 λαὸς
1430 1103 1528 1174 μὲν
1554 1104 1635 1166 είς
1658 1107 1821 1174 αἰχμ-

248 1195 486 1248 αλωσίαν
536 1195 891 1266 ὲκδοθήσεται
943 1195 1034 1248 διὰ
1072 1196 1171 1266 τὴν
1220 1195 1680 1267 ἀπορρᾳθύμησιν
1726 1201 1824 1267 τὴν

247 1286 359 1338 ἀπὸ
391 1284 552 1350 Θεοῦ,
585 1285 744 1348 αὐτὸς
777 1285 832 1338 δὲ
866 1284 972 1355 πρὸ
1010 1284 1109 1354 τῆς
1149 1285 1258 1338 τῶν
1299 1285 1488 1338 κακῶν
1530 1288 1824 1356 ἐπαγωγῆς

245 1377 586 1449 τεθνήξεται,
621 1379 711 1432 διά
744 1377 844 1447 τὴν
879 1376 1128 1446 φιλόθεον
1158 1378 1325 1434 αὑτοῦ
1355 1379 1602 1451 γνώμην,
1633 1380 1717 1434 ίνα
1747 1380 1823 1450 μὴ

247 1471 335 1541 {an
362 1470 429 1521 τά
461 1470 684 1523 ἐπιόντα
716 1470 883 1525 κακά.

245 1580 496 1634 ΒΕΦΔΛ.
535 1580 648 1646 1.,22
679 1611 748 1621 —
782 1584 924 1654 Τίνα
967 1584 1137 1637 ἐστὶν
1174 1583 1210 1636 ἇ
1241 1586 1536 1652 Ζαχαρίας
1577 1586 1826 1654 όὰρχιε-

698 1653 838 1721 ρεὺς
881 1653 1358 1723 προεφήτευσεν.

327 1765 450 1818 Ἐπὶ
475 1767 542 1835 τῇ
577 1766 832 1834 γεννήσει
875 1767 1124 1821 Ἰωάννου
1147 1768 1244 1821 τοῦ
1280 1768 1588 1822 Βαπτιστοῦ
1617 1769 1821 1840 πεπλη.

2584 623 2751 678 Sclim
2783 624 2846 679 ³⁷.

1995 731 2160 787 Josiaz
2196 735 2308 804 regi
2336 736 2427 803 qui
2452 735 2576 805 pius
2602 750 2666 790 ac
2689 735 2977 805 religiosus
3004 745 3145 804 erat,
3168 745 3223 793 et
3243 737 3500 808 templum

1925 823 2171 878 dirutum
2200 825 2648 891 reteditieaverat,
2673 841 2882 898 suaque
2913 827 3237 884 vestimenta
3269 829 3504 885 sciderat

1927 914 1981 967 iu
2010 913 2246 968 lectione
2278 915 2483 970 inventi
2527 918 2650 971 libri
2691 919 2912 989 Moysis,
2950 919 3079 972 dum
3109 920 3344 988 populus
3377 935 3505 990 age.

1929 1015 2013 1062 ret
2055 1005 2111 1062 in
2155 1007 2432 1061 oblivione
2465 1007 2773 1062 divinarum
2816 1010 3030 1079 legum,
3069 1011 3321 1080 scripsit,
3355 1011 3504 1081 quod

1929 1098 2161 1167 papulas
2177 1099 2397 1168 quidem
2425 1099 2476 1150 in
2511 1100 2878 1166 captivitatem
2923 1101 3220 1156 tradendus
3243 1111 3359 1156 erat
3379 1117 3506 1172 pro-

1929 1200 2115 1260 pterea
2147 1192 2294 1260 quod
2328 1189 2498 1244 Deum
2531 1190 2753 1246 haberet
2782 1194 3078 1260 neglectui;
3101 1202 3158 1248 at
3178 1193 3296 1264 ipse
3330 1209 3507 1251 more-

1930 1292 2076 1336 retur
2104 1291 2397 1353 antequam
2443 1283 2587 1337 mala
2632 1283 2865 1338 fuissent
2915 1286 3173 1353 inducta,
3219 1296 3506 1358 propterea

1928 1375 2073 1444 quod
2107 1376 2289 1429 animo
2323 1384 2468 1431 esset
2501 1376 2638 1430 bene
2678 1392 2804 1446 erga
2839 1376 3008 1433 Deum
3053 1377 3266 1444 allecto,
3300 1388 3360 1434 ut
3397 1393 3506 1434 non

1925 1476 2173 1522 cerneret
2203 1467 2508 1535 ingruentia
2535 1469 2702 1524 mala.

1926 1580 2079 1637 CAP.
2109 1579 2318 1636 XCVII.
2353 1613 2422 1624 —
2455 1583 2587 1648 Quae
2611 1583 2940 1652 propltetavit
2963 1581 3258 1637 Zacharias
3280 1584 3506 1638 eximius

2543 1655 2788 1706 sacerdos
2815 1652 2882 1708 ⁸⁸.

2003 1767 2150 1822 Dixit
2185 1767 2356 1823 laetas
2381 1783 2408 1820 a
2449 1767 2558 1822 Deo
2591 1767 2824 1822 Abrahte
2859 1767 3274 1837 pollicitationes
3317 1767 3506 1836 imple:-

241 1851 455 1952 pﬁisOat
483 1853 580 1952 tit;
603 1853 697 1905 τοῦ
722 1853 858 1906 Θεοῦ
889 1855 1026 1924 πρὸς
1051 1857 1141 1909 τὸν
1178 1857 1426 1928 ’Δΰραὰμ
1451 1858 1632 1928 ἔλεγεν
1661 1861 1826 1930 ἐπαγ·
1855 1892 1901 1952 Β

1855 1892 1901 1952 Β
1931 1871 2046 1914 ιιιιιι
2083 1859 2150 1913 iri
2189 1859 2242 1913 iu
2292 1859 2578 1914 nativitate
2617 1857 2846 1913 Joannis
2879 1858 3150 1928 Baptism,
3185 1859 3351 1912 Deum
3390 1860 3505 1912 lau-

240 1943 451 2010 γελίας,
491 1943 582 1997 τὸν
624 1944 759 1998 Θεὸν
790 1947 1067 2016 ἀνυμνῶν,
1104 1949 1198 2001 καὶ
1241 1948 1333 2001 ἐπὶ
1362 1949 1535 2020 τούτῳ
1563 1951 1822 2021 τετάχθαι
1855 1943 1897 1952 ”

1855 1943 1897 1952 ’⁷
1929 1950 2066 2005 dans
2093 1968 2111 2002 :
2154 1951 2385 2021 ideoque
2433 1950 2789 2006 constitutum
2837 1950 3007 2006 fuisse
3049 1949 3339 2018 Joannem,
3376 1949 3506 2006 elle-

237 2036 334 2088 τὸν
377 2037 657 2107 Ἰωάννην,
692 2037 999 2108 πρόδρομον
1027 2037 1119 2093 τοῦ
1154 2040 1378 2109 ὑψίστου
1413 2040 1550 2094 Θεοῦ
1595 2043 1823 2111 γενόμε-

240 2145 356 2192 νον,
390 2129 476 2194 ἐφ’
504 2121 610 2196 ᾧτε
644 2130 744 2199 τὴν
792 2130 910 2183 ὁδὸν
944 2131 1108 2184 αὐτοῦ
1155 2134 1236 2194 είς
1285 2134 1492 2203 κόσμον
1527 2134 1822 2203 ἐρχομένου

239 2221 559 2290 ἑτοιμάσαι,
591 2223 860 2292 σωτήριον
890 2219 1057 2276 οὖσαν
1086 2224 1178 2277 τοῦ
1207 2224 1357 2288 λαοῦ,
1396 2226 1490 2279 καὶ
1520 2225 1824 2296 ἐπίλαμψιν

239 2314 356 2374 τοῖς
386 2315 443 2364 ὲν
478 2315 660 2367 σκότει
692 2315 1025 2385 καθημένοις
1053 2317 1149 2370 καὶ
1177 2318 1307 2389 σκιᾷ
1339 2316 1571 2372 θανάτου
1594 2335 1606 2350 ·
1641 2317 1823 2381 καθὼς

237 2403 333 2457 διά
379 2405 487 2457 τῶν
533 2406 706 2473 ἁγίων
750 2407 913 2461 αὑτοῦ
971 2410 1290 2479 προφητῶν,
1350 2410 1460 2462 τῶν
1499 2412 1596 2464 ἀπ’
1629 2412 1826 2475 αἰῶνος

246 2498 742 2568 προκηρυττόντων
770 2497 868 2570 τὴν
897 2501 1202 2570 παρουσίαν
1228 2501 1417 2568 αὑτοῦ,
1442 2502 1762 2570 λελάληκεν.

242 2613 496 2669 ΚΕΦΔΛ.
542 2611 664 2680 ῌΓ.
692 2644 762 2653 -
803 2617 941 2668 Τίνα
985 2615 1157 2669 ἐστὶν
1187 2615 1226 2670 ἂ
1279 2618 1520 2686 Συμεὼν
1565 2618 1827 2688 προεφήο

923 2702 985 2739 τε
992 2703 1070 2739 υσ
1072 2703 1161 2740 εν.

315 2792 487 2862 Οὗτος
517 2800 854 2870 θεασάμενος
883 2802 942 2855 ὃν
974 2803 1252 2873 Ζαχαρίας
1280 2803 1412 2858 Θεὸν
1447 2805 1670 2876 ὕψιστον
1700 2825 1828 2879 προ-

241 2892 537 2965 εκήρυξεν,
574 2896 652 2957 εἰς
687 2895 992 2965 ὲπίλαμψιν
1019 2900 1133 2962 τοϊς
1166 2900 1225 2950 ὲν
1248 2899 1428 2952 σκότει
1467 2900 1820 2972 καθημένοις,

243 2982 354 3037 ὑπὸ
384 2984 483 3053 τῆς
520 2985 726 3056 μητρὸς
765 2987 986 3056 Μαρίας
1011 2990 1091 3051 είς
1122 2988 1185 3042 τὸ
1219 2991 1385 3060 ίερὸν,
1415 2992 1824 3062 τεσσαρακονο-

247 3075 460 3147 ήμερον
515 3078 716 3150 βρέφος
773 3079 853 3132 ἔτι
916 3080 1010 3147 δν,
1060 3082 1498 3153 ἀναφερόμενον,
1579 3085 1684 3137 ὑπὸ
1732 3085 1826 3138 τοῦ

244 3169 402 3234 ἁγίου
439 3169 756 3240 Πνεύματος
785 3171 995 3241 ἀχθεὶς,
1020 3172 1312 3242 δεξάμενος
1339 3176 1399 3227 τὸ
1425 3176 1637 3230 παιδξον
1661 3177 1789 3231 ἐϐόα
1810 3194 1826 3211 ο

1927 2054 2074 2097 ctum
2113 2059 2505 2114 praecursorem
2547 2042 2638 2099 Dei
2670 2043 2958 2105 altissimi,
2993 2052 3052 2097 ut
3093 2045 3236 2098 viam
3279 2045 3421 2100 illius
3453 2051 3506 2099 in

1931 2137 2192 2190 mundum
2224 2135 2493 2190 venientis
2523 2145 2890 2206 prarpararet,
2937 2135 3232 2189 salutarem
3267 2134 3505 2189 futuram

1927 2227 2152 2297 populo,
2186 2226 2684 2296 illuminatiouique
2729 2227 2819 2290 iis,
2854 2224 2948 2295 qui
2980 2224 3242 2279 sedebant
3273 2225 3325 2278 in
3361 2235 3508 2276 teuc-

1931 2318 2042 2372 IJIIS
2077 2328 2131 2371 et
2166 2317 2356 2370 umbra
2393 2315 2619 2379 mortis,
2661 2312 3122 2385 quemadmodum
3163 2326 3261 2381 per
3289 2322 3512 2365 sanctos

1929 2409 2221 2479 prophetas
2261 2423 2427 2473 suos,
2471 2408 2566 2478 qui
2603 2408 2675 2462 ab
2708 2407 2842 2462 orbe
2880 2404 3103 2461 condito
3145 2404 3512 2475 praedicarunt

1930 2502 2225 2556 adventum
2254 2501 2397 2570 ejus,
2432 2501 2650 2556 locutus
2680 2508 2782 2554 est.

1964 2617 2116 2674 CAP.
2148 2615 2379 2672 XCVIII.
2409 2648 2476 2657 —
2505 2615 2637 2682 Qua:
2666 2625 2787 2668 sunt
2824 2614 3075 2669 raticinia
3100 2611 3374 2684 ngeonis
3404 2611 3471 2666 ⁸⁹.

2001 2798 2051 2852 ls
2081 2795 2484 2866 contemplatus
2513 2795 2689 2849 oculis
2715 2807 2878 2863 quem
2918 2792 3213 2850 Zacharias
3246 2794 3512 2864 praedixe-

1931 2904 2016 2947 rat
2059 2893 2226 2946 Deum
2265 2889 2544 2944 excelsum
2589 2887 2644 2941 in
2690 2887 3115 2942 illustrationem
3159 2901 3374 2954 eorum,
3415 2887 3512 2956 qui

1930 2981 2194 3036 sedebant
2236 2981 2290 3034 in
2334 2978 2608 3041 tenebris,
2650 2993 2682 3032 a
2721 2985 2896 3032 matre
2932 2976 3100 3032 Maria
3144 2978 3199 3032 in
3248 2978 3508 3047 templum

1931 3075 2180 3139 allatum,
2220 3086 2346 3127 cum
2380 3069 2562 3126 int‘ans
2596 3070 2776 3124 adhuc
2815 3077 2963 3126 esset
2994 3069 3351 3139 quadraginta
3385 3069 3509 3126 dic-

1933 3181 2078 3230 rum,
2135 3174 2288 3220 actus
2333 3178 2364 3218 a
2402 3163 2606 3234 Spiritu
2642 3171 2864 3228 sancto,
2911 3162 3219 3232 suscipiens
3272 3161 3326 3216 iu
3363 3162 3510 3218 ulnis

242 3259 376 3313 Νῦν
399 3259 688 3326 ἀπολύεις
716 3261 822 3314 τὸν
837 3261 1065 3315 δοῦλόν
1093 3277 1230 3329 σου,
1257 3263 1548 3329 Δέσποτα,
1581 3267 1731 3320 κατὰ
1759 3265 1826 3320 τὸ
1853 3260 1897 3318 C

1853 3260 1897 3318 ο
1933 3258 2172 3329 puellum
2200 3256 2473 3312 clamabat
2498 3271 2511 3308 :
2551 3255 2709 3309 Nunc
2734 3255 2958 3309 dimittis
2981 3270 3185 3308 servum
3210 3264 3379 3318 tuum,
3400 3253 3509 3308 Do-

234 3351 407 3420 ῥῆμὰ
434 3369 572 3418 σου,
595 3353 664 3406 ἐν
693 3354 924 3422 εἰρήνῃ.
963 3355 1092 3408 Ὅτι
1122 3350 1288 3409 είδον
1307 3358 1362 3411 οί
1388 3358 1686 3428 ὀφθαλμοί
1705 3378 1824 3428 μου

244 3442 311 3495 τὸ
343 3442 643 3511 σωτήριόν
669 3458 808 3506 σου,
858 3445 890 3497 ὃ
923 3446 1257 3514 ἡτοίμασας
1302 3447 1453 3500 κατὰ
1503 3449 1826 3516 πρόσωπον

243 3534 491 3588 πάντων
529 3535 650 3590 τῶν
685 3535 871 3600 λαῶν,
906 3537 1024 3606 φῶ(
1056 3541 1142 3604 είς
1179 3538 1570 3608 ἀποκάλυψιν
1609 3540 1821 3607 ἐθνῶν,

244 3627 570 3692 καὶδόξαν
605 3629 758 3682 λαοῦ
807 3646 924 3683 σου
972 3631 1240 3698 Ἰσραήλ.
1293 3633 1674 3702 Προεφήτευσε
1731 3635 1826 3689 καὶ

241 3721 339 3772 τὸν
372 3721 590 3791 Μαρίας
625 3723 716 3774 ἐπὶ
748 3723 824 3792 τῷ
854 3723 1072 3792 σταυρῷ
1104 3722 1521 3794 σκανδαλισμόν.

321 3832 571 3885 ΚΕΦΑΛ.
600 3832 716 3899 ιβ’.
747 3863 815 3873 -
845 3833 906 3886 Τί
935 3834 1393 3904 προεφήτευσεν
1435 3833 1748 3896 Ἐλιζάόετ.

317 3944 642 4015 Θεασαμένη
698 3943 796 4016 τὴν
853 3946 1129 4017 Παρ.ἐνον
1182 3947 1400 4019 Μαρίαν
1463 3949 1600 4018 πρὸς
1651 3950 1823 4022 αὐτὴν

245 4036 572 4106 ἐληλυθυῖαν
597 4076 612 4102 ,
665 4037 1040 4108 εύλογημένην
1086 4034 1241 4091 εἶπεν
1281 4034 1419 4092 εἶναι
1465 4042 1523 4093 ὲν
1553 4044 1821 4109 γυναιξὶν,

246 4130 345 4184 καὶ
400 4130 763 4201 εὐλογημένον
821 4131 913 4186 τὸν
966 4130 1178 4202 καρτὸν
1219 4133 1315 4202 τῆς
1372 4132 1576 4196 κοιλίας
1629 4135 1820 4205 αὐτῆς.

246 4222 359 4275 Καὶ
397 4224 584 4277 πόθεν
610 4240 711 4292 μοι
745 4222 943 4288 τοῦτο,
975 4224 1076 4277 ἵνα
1107 4224 1256 4292 ἔλθῃ
1284 4224 1321 4291 ἡ
1353 4225 1553 4295 μήτηρ
1583 4227 1688 4281 τοῦ
1718 4231 1826 4283 Ku-

237 4314 384 4384 ρίου
405 4331 526 4382 μου
545 4315 696 4381 πρός
713 4331 830 4383 με;
868 4313 1023 4368 Ἰδοὺ
1054 4315 1185 4386 γὰρ,
1216 4315 1295 4384 ὠς
1316 4315 1555 4384 ἐγένετο
1581 4317 1618 4384 ἠ
1653 4317 1824 4386 φωνὴ

246 4405 356 4459 τοῦ
389 4405 720 4474 ἀσπασμοῦ
753 4421 872 4460 σου
900 4409 987 4473 εἰς
1015 4406 1085 4459 τὰ
1125 4401 1246 4462 ὦτά
1289 4425 1431 4476 μου,
1462 4409 1826 4477 ἐσκίρτησεν

244 4497 318 4548 ἐν
345 4497 704 4564 ἀγαλλιάσει
749 4497 815 4554 τὸ
841 4497 1068 4566 βρέφος
1096 4498 1166 4551 ἐν
1200 4497 1274 4566 τῇ
1306 4499 1502 4565 κοιλίᾳ
1529 4517 1666 4568 μου.
1709 4499 1824 4568 Ἐφ’

1929 3351 2088 3412 mine,
2112 3348 2399 3402 secundum
2416 3347 2626 3402 verbum
2648 3355 2818 3414 tuum,
2848 3348 2903 3402 in
2934 3363 3083 3416 pace.
3105 3346 3248 3412 Quia
3269 3348 3510 3400 viderunt

1929 3441 2071 3494 oculi
2100 3443 2198 3495 mei
2226 3439 2464 3494 salutare
2495 3452 2664 3504 tuum,
2714 3442 2853 3510 quod
2897 3441 3101 3510 parasti
3142 3441 3196 3494 in
3231 3449 3509 3509 conspectu

1929 3535 2163 3586 omnium
2187 3531 2711 3602 populorumJumcn
2726 3533 2795 3584 ad
2815 3531 3229 3586 illustrationem
3252 3534 3509 3602 gentium,

1927 3638 1974 3682 et
2006 3626 2233 3696 gloriam
2277 3624 2457 3693 populi
2503 3624 2581 3677 tui
2631 3622 2826 3678 Israel.
2854 3621 3199 3680 Vaticinatus
3230 3632 3316 3679 est
3344 3625 3510 3679 etiam

1929 3717 2112 3772 Ilarir
2143 3725 2364 3785 pmpter
2392 3729 2614 3770 crucem
2646 3715 3060 3770 contumeliam.

1927 3822 2081 3879 CAP.
2111 3821 2300 3878 XCIX.
2320 3855 2387 3865 —
2407 3823 2665 3889 Quamam
2690 3833 2812 3878 sunt
2852 3824 3103 3879 vaticinia
3148 3824 3419 3881 Elisabetlt
3442 3827 3508 3880 ‘9.

2000 3939 2205 3994 Videns
2249 3937 2524 4010 Virginem
2558 3938 2782 3994 Mariam
2823 3940 2889 3996 ad
2924 3955 2983 3995 se
3011 3941 3248 4005 venisse,
3280 3944 3506 3999 benedi-

1928 4042 2071 4088 ctam
2101 4033 2180 4086 ait
2207 4047 2331 4087 esse
2355 4032 2408 4086 in
2442 4031 2786 4096 mulieribus,
2815 4043 2869 4088 et
2903 4034 3246 4089 benedictum
3272 4035 3507 4091 fructum

1929 4125 2135 4180 ventris
2166 4125 2331 4179 illius.
2355 4123 2422 4177 Et
2449 4125 2588 4178 unde
2618 4125 2714 4178 hoc
2740 4126 2889 4191 mihi,
2916 4135 2972 4179 ut
3001 4128 3174 4182 veniat
3201 4139 3368 4183 mater
3402 4130 3510 4184 Do-

1928 4216 2060 4270 mini
2085 4218 2187 4270 mei
2231 4217 2300 4268 ad
2336 4217 2455 4269 nte?
2485 4216 2618 4270 Ecce
2642 4219 2803 4281 enim,
2830 4227 2885 4271 ut
2910 4219 3013 4287 fuit
3041 4235 3137 4273 eoa:
3170 4223 3510 4278 salutationis

1929 4320 2032 4364 tua:
2068 4309 2122 4362 in
2151 4309 2367 4362 auribus
2399 4309 2560 4374 meis,
2603 4310 2883 4363 exsultavit
2929 4311 2981 4364 in
3010 4313 3208 4383 gaudio
3239 4314 3416 4383 iulans
3452 4317 3510 4370 in

1928 4409 2080 4454 utero
2112 4416 2249 4455 meo.
2274 4398 2456 4466 Quare
2491 4401 2677 4454 beatos
2711 4401 2875 4455 etiam
2909 4401 3238 4472 signiﬁcavit
3268 4421 3384 4472 eos,
3413 4408 3509 4476 qui

1929 4492 2160 4546 credunt
2201 4491 2365 4545 rebus
2409 4492 2487 4546 sic
2530 4491 2713 4555 dictis,
2764 4508 2865 4548 suo
2898 4494 3226 4566 quandoque
3263 4507 3509 4568 tempore

243 4584 328 4651 οἷς
375 4589 473 4642 καὶ
524 4590 648 4652 τοὺς
690 4589 1047 4652 πιστεύοντας
1096 4593 1204 4653 τοῖς
1252 4589 1392 4644 οὕτω
1437 4589 1822 4662 λελαλημένοις
1859 4599 1900 4652 n

690 4589 1047 4652 πιστεύοντας
1096 4593 1204 4653 τοῖς
1252 4589 1392 4644 οὕτω
1437 4589 1822 4662 λελαλημένοις
1859 4599 1900 4652 n
1932 4581 2363 4636 maltileSlalldis.

247 4681 716 4750 ἑκφανησομένοις
747 4683 1052 4753 μακαρίους
1085 4681 1384 4753 ἀπέφηνεν.

247 4795 498 4851 ΚΕΦΔΛ.
531 4795 608 4850 P’.
637 4825 704 4834 —
746 4797 880 4850 Τίνα
922 4796 1053 4849 ἐστὶ
1109 4796 1180 4849 τὰ
1220 4795 1318 4849 διὰ
1365 4795 1472 4866 τῆς
1521 4797 1825 4865 Παρθένου

658 4867 886 4933 Μαρίας
909 4867 1416 4935 προφητειιθέντιι.

322 4980 635 5050 Μεγαλύνει
665 4983 760 5034 καὶ⁹
791 4981 928 5052 αὕτη
969 4981 1062 5034 τὸν
1103 4980 1257 5045 Θεὸν,
1294 4983 1387 5034 ἐπὶ
1431 4981 1491 5035 τὸ
1527 4983 1607 5044 είς
1656 4982 1826 5053 αὐτὴν

251 5076 636 5146 ἑκφαινομένῳ
672 5073 958 5145 μυστηρίῳ
983 5073 1076 5127 τοῦ
1106 5070 1243 5126 Θεοῦ
1274 5074 1454 5128 τόκου.
1510 5073 1825 5141 ’Δγάλλεται

249 5168 328 5237 τῷ
359 5168 662 5237 Πνεύματι,
697 5166 934 5235 λέγουσα
966 5167 1370 5237 μακαρίζεσθαι
1423 5167 1594 5237 αὐτὴν
1621 5167 1680 5220 ἐν
1720 5169 1824 5223 πά-

251 5277 375 5323 σαις
406 5265 526 5324 ταῖς
549 5263 785 5328 γενεαῖς,
820 5260 928 5313 ἀπὸ
955 5259 1049 5314 τοῦ
1080 5261 1173 5314 νῦν
1211 5259 1468 5329 μεγίστου
1501 5260 1825 5330 πράγματος

251 5353 358 5406 ὑπὸ
384 5351 521 5405 Θεοῦ
556 5353 644 5404 ἐπ’
667 5352 806 5424 αὐτῇ
846 5352 1262 5421 ὲκφαινομένου.

359 5469 467 5523 Kal
498 5469 635 5521 τίνα
665 5467 838 5522 ἐστίν
877 5470 916 5522 d
951 5468 1232 5536 Ἰωάννης
1267 5471 1299 5522 ὀ
1341 5468 1702 5538 Βαπτιστής.

325 5561 448 5614 Ὀτι
480 5564 513 5616 ό
562 5561 757 5614 ὀπίσω
804 5559 1012 5626 αὑτοῦ,
1049 5558 1193 5612 τοῦτ’
1227 5559 1398 5622 ἐστιν,
1436 5562 1464 5612 ὁ
1498 5558 1618 5630 μετ’
1665 5558 1826 5611 αὑτὸν

1934 4805 2086 4859 CAP.
2125 4802 2188 4857 C.
2223 4833 2290 4840 ——-
2326 4801 2456 4867 Qua:
2497 4813 2760 4925 sunt/ett,
2786 4821 2918 4886 .qnw
2961 4805 3120 4876 Virgo
3161 4806 3338 4862 Maria
3385 4825 3509 4878 pro.

2593 4891 2624 4925 η
2646 4890 2689 4925 te
2716 4886 2840 4925 amt.

2593 4886 2840 4940 pltetavtt.

2005 4981 2313 5052 Magniﬁcat
2341 4982 2458 5052 ipsa
2495 4998 2716 5052 quoque
2745 4981 2913 5037 Deum
2945 4993 3165 5054 propter
3185 4987 3506 5054 mysterium

1932 5075 2074 5144 quod
2107 5076 2159 5128 in
2188 5075 2300 5143 ipsa
2331 5074 2535 5128 editum
2569 5085 2652 5130 est
2681 5075 2851 5130 divini
2885 5086 3094 5145 partus.
3125 5076 3373 5132 Exsultat
3397 5081 3511 5148 spi-

1933 5169 2064 5230 ritu,
2096 5167 2368 5236 inquiens,
2398 5181 2457 5221 se
2475 5165 2691 5221 beatam
2716 5168 2999 5238 praedicari
3045 5169 3100 5223 iu
3129 5169 3389 5225 omnibus
3415 5187 3510 5241 ge-

1934 5258 2325 5322 uerationihus,
2354 5267 2573 5329 propter
2602 5261 2904 5315 maximum
2936 5275 3178 5332 presens
3200 5275 3339 5330 opus
3359 5263 3504 5330 quod

1933 5354 1984 5406 iu
2019 5353 2134 5422 ipsa
2168 5367 2198 5406 a
2230 5351 2339 5407 Deo
2367 5353 2572 5407 editum
2600 5368 2702 5408 cst.

2076 5464 2145 5519 Et
2178 5481 2293 5535 qua:
2312 5477 2432 5519 sunt
2460 5483 2493 5519 a
2531 5465 2736 5521 Joanne
2755 5466 3004 5535 Baptista
3030 5469 3362 5538 prophetam.

2005 5559 2156 5624 Quod
2188 5559 2275 5628 qui
2307 5569 2422 5626 post
2459 5575 2511 5612 se
2542 5559 2607 5625 δ’,
2644 5559 2693 5613 id
2720 5569 2825 5625 est,
2863 5560 2957 5629 qui
2996 5571 3118 5632 post
3150 5561 3302 5616 illum
3346 5570 3506 5623 natus

324 5720 369 5753 "
401 5721 467 5775 IV
494 5720 629 5790 Reg.
659 5736 792 5786 uti,
831 5717 917 5772 ιι.
994 5718 1038 5750 ⁸⁸
1077 5717 1208 5774 Luc.
1242 5734 1280 5772 l.
1357 5718 1399 5750 "
1427 5715 1560 5773 Luc.
1596 5735 1654 5783 Il,
1676 5717 1767 5772 29.
1846 5718 1889 5749 ⁵ο
1922 5717 1995 5772 Lu

994 5718 1038 5750 ⁸⁸
1077 5717 1208 5774 Luc.
1242 5734 1280 5772 l.
1357 5718 1399 5750 "
1427 5715 1560 5773 Luc.
1596 5717 1767 5783 11,29.
1846 5718 1889 5749 ⁵⁰
1922 5717 2047 5772 Luc.
2084 5734 2122 5773 I.
2197 5718 2235 5748 ³*
2269 5715 2427 5772 Joau.
2455 5734 2492 5781 t,
2521 5717 2605 5770 ‘27.

327 5864 448 5937 (I0)
481 5865 640 5919 Forte
671 5862 1074 5933 ἁνανεουςιένῳ.

585 5960 854 6020 ΡΑτιιοι..
900 5959 1016 6018 Gtt.
1067 5957 1215 6018 CVI.
