4248 6438
745 408 841 471 107

2254 405 2556 469 IOSEPPI

3891 420 3997 487 108

738 528 937 587 fuerat,
959 531 1082 578 ante
1104 524 1277 593 ipsum
1305 522 1613 577 exsistebat.
1645 520 1801 589 Quod
1828 522 1895 576 de
1919 521 2175 592 supernis
2208 532 2314 585 est.
2345 532 2392 586 Α

2345 532 2392 586 Α
2421 524 2726 594 γεννηθεὶς,
2754 527 2866 593 πίὸ
2897 528 3086 582 αὑτοῦ
3120 528 3407 598 ὑπῆρχεν.
3453 531 3574 584 Ὀτι
3612 534 3816 598 ἄνωθέν
3848 538 3941 589 ἐστ
3969 557 3998 589 ν

736 630 800 669 ex
830 615 975 670 cmlo
1004 630 1218 685 nempe,
1251 614 1525 669 Christus.
1570 612 1727 679 Quod
1765 613 1949 683 justos
1986 614 2055 669 ab
2099 613 2316 683 iniustis

735 706 991 763 Christus
1036 715 1302 762 secernet.

734 816 887 871 CAP.
915 817 1089 872 131.-
1106 816 1239 883 Quis
1266 834 1358 873 nec
1382 818 1555 874 uolens
1581 818 1908 886 prophetarit
1933 819 1987 872 iu
2009 817 2313 889 Evangelia.

805 998 1044 1065 Caiphas
1071 999 1310 1066 pontifex
1329 999 1422 1067 qui
1451 1000 1751 1054 salutarem
1771 998 1976 1055 Christi
2000 1006 2312 1070 passionem

734 1090 1001 1157 praedixit,
1027 1092 1213 1158 aitque
1240 1087 1442 1144 Iudaeis
1475 1108 1489 1144 :
1526 1089 1627 1144 Vos
1664 1108 1769 1145 non
1806 1093 1953 1145 scitis
1992 1092 2312 1161 quidquam,

730 1196 895 1250 neque
929 1182 1209 1250 reputatis,
1239 1183 1379 1250 quod
1412 1183 1543 1235 utile
1574 1183 1717 1236 vobis
1749 1192 1849 1244 est,
1887 1192 1945 1236 ut
1985 1199 2121 1238 unus
2159 1184 2314 1238 homo

732 1275 994 1326 moriatur
1013 1288 1108 1342 pro
1147 1274 1363 1343 populo,
1396 1284 1444 1327 et
1470 1290 1576 1327 nou
1615 1290 1737 1342 gens
1768 1275 2015 1329 universa
2045 1285 2222 1343 pereat
2242 1275 2308 1331 “.

730 1364 943 1429 Quibus
989 1364 1177 1419 subdit
1230 1364 1565 1434 evangelista
1606 1383 1619 1418 :
1668 1364 1785 1418 [loc
1828 1376 2003 1419 autem
2052 1383 2085 1419 a
2120 1376 2312 1421 semet-

729 1457 843 1521 ipso
886 1471 989 1509 uou
1034 1456 1196 1519 dixit,
1225 1456 1315 1510 sed
1351 1472 1470 1508 cum
1505 1468 1637 1510 esset
1682 1456 1923 1526 pontifex-
1958 1457 2310 1525 propltetavit,

726 1548 865 1616 quod
892 1545 1049 1599 Iesus
1080 1547 1331 1609 moriens,
1363 1564 1458 1616 pro
1496 1564 1557 1602 ea
1590 1558 1736 1618 gente
1768 1550 2055 1603 moriturus
2087 1558 2236 1613 erat;
2262 1559 2311 1603 et

728 1653 830 1688 non
859 1651 953 1700 pro
981 1653 1043 1689 ea
1072 1646 1221 1705 gente
1252 1645 1498 1699 tantum,
1545 1639 1635 1690 sed
1671 1646 1728 1691 ut
1767 1638 2034 1707 dispersas
2072 1636 2166 1691 Dei
2194 1654 2310 1693 oves

727 1739 929 1795 regeret
954 1728 1008 1779 in
1028 1742 1211 1780 unum.
1244 1725 1300 1780 ln
1324 1725 1499 1781 Veteri
1529 1740 1694 1794 porro
1718 1725 2066 1780 Testamento
2096 1741 2197 1781 nec
2215 1740 2310 1781 vo-

729 1823 901 1875 lentes
933 1821 1421 1891 pruphetavcruut,
1469 1820 1686 1874 Balaam
1734 1830 1906 1884 vates,
1939 1828 1995 1875 et
2028 1820 2120 1891 qui
2153 1819 2306 1876 missi

727 1913 943 1968 fuerant
974 1929 1003 1967 a
1041 1912 1170 1967 Suul
1204 1913 1270 1968 ad
1304 1911 1496 1978 David,
1523 1914 1656 1983 quin
1682 1925 1736 1969 et
1772 1913 1886 1985 ipse
1916 1911 2048 1969 Saul
2075 1914 2143 1969 ad
2176 1928 2300 1969 eum

725 2007 1081 2060 contendens.

825 2290 978 2346 CAP.
1007 2288 1115 2345 Cll.
1151 2319 1221 2329 —
1251 2287 1483 2356 Quinam
1509 2298 1628 2343 sunt
1660 2288 1822 2357 [artes
1863 2286 2083 2342 Davitlis
2111 2288 2180 2342 ⁸³.

792 2407 815 2458 1
858 2402 1085 2459 Jeshoos
1112 2404 1204 2474 qui
1245 2403 1481 2459 ornabat
1527 2409 1850 2473 apparatum
1878 2402 2015 2473 elus.
2055 2400 2300 2460 llabehat

724 2498 827 2551 sub
862 2512 920 2550 se
949 2505 1279 2565 nongentos.

790 2589 827 2642 2
864 2587 1104 2653 Adinon,
1132 2587 1228 2656 qui
1261 2587 1669 2642 vulneratorum
1698 2601 1888 2642 curam
1916 2587 2155 2657 gerebat.

789 2685 824 2738 5
864 2683 1109 2748 Eleazar,
1137 2683 1282 2736 lilius
1314 2681 1497 2736 fratris
1525 2683 1715 2737 David.

790 2777 826 2831 4
867 2774 1059 2829 Sosios
1096 2774 1191 2843 qui
1221 2773 1373 2828 solus
1404 2773 1645 2829 inimicis
1678 2774 1914 2838 obstitit,
1943 2774 2142 2843 jubens
2165 2776 2296 2832 sub—

716 2869 876 2940 jectis
903 2867 1031 2930 sibi,
1064 2876 1124 2920 ut
1145 2865 1244 2934 qui
1270 2864 1603 2927 ceciderant,
1635 2864 1954 2934 spoliarent.

794 2958 828 3014 5
872 2957 1061 3021 Sarna,
1089 2956 1182 3026 qui
1204 2956 1615 3026 insequentibus
1643 2957 1893 3014 hostibus
1920 2957 2106 3028 populi
2133 2972 2297 3013 exer-

720 3051 910 3115 citum,
944 3050 1096 3105 solus
1130 3049 1479 3116 insequentes
1502 3049 1665 3102 vertit
1690 3048 1743 3101 iu
1771 3046 1977 3117 fugam.

790 3145 821 3198 ὃ
860 3143 1095 3208 Abessa,
1127 3141 1222 3211 qui
1251 3140 1526 3195 sexcentis
1551 3140 1603 3195 in
1640 3140 1780 3195 bello
1805 3142 1955 3197 solus
1977 3143 2192 3199 restitit.

788 3310 819 3365 7
860 3310 1114 3375 Bauaias,
1146 3308 1291 3364 filius
1330 3306 1486 3363 Eliab
1510 3309 1693 3365 fratris
1726 3310 1916 3374 David,
1946 3314 2040 3382 qui
2079 3325 2135 3369 ct
2162 3317 2299 3371 duos

715 3406 881 3459 duces
908 3401 1204 3464 interfecit,
1230 3411 1284 3457 et
1317 3402 1504 3457 leones
1532 3403 1758 3473 occidit,
1784 3405 2164 3477 etAigyptium
2196 3410 2294 3464 ho-

717 3498 918 3552 minem
950 3505 1223 3568 pOtentem
1247 3496 1499 3568 perdidit.

784 3592 818 3646 8
854 3574 1085 3646 Asaelus
1111 3587 1325 3659 praefuit
1358 3589 1573 3660 triginta
1609 3591 1862 3647 ducibus.

783 3684 817 3739 9
850 3682 1108 3747 Eleenan,
1139 3681 1235 3751 qui
1261 3691 1315 3737 et
1341 3683 1457 3752 ipse
1479 3696 1595 3739 erat
1618 3684 1763 3741 filius
1788 3683 1976 3742 fratris
2005 3685 2189 3740 David.

784 3863 854 3917 1υ
894 3861 1093 3915 Seman
1129 3859 1391 3933 Mydaeus.

784 3955 843 4010 11
889 3954 1036 4010 Alles
1061 3953 1251 4009 Celthe
1282 3955 1449 4009 filius.

782 4046 851 4102 12
891 4046 1037 4102 Ellas
1075 4046 1220 4102 filius
1249 4046 1537 4101 Phellathi.

781 4138 848 4192 15
887 4136 1079 4193 llieras
1112 4139 1254 4193 illius
1281 4139 1479 4193 Escath
1508 4137 1822 4196 'l'hccoites.

780 4229 847 4284 H
886 4230 1097 4284 Anezar
1127 4229 1445 4301 Auothites.

780 4322 849 4375 15
888 4321 1056 4375 Elaon
1084 4320 1289 4377 Loites.

780 4415 846 4467 16
885 4413 1119 4468 Noerion
1151 4412 1411 4469 Phatites.

782 4506 845 4558 17
880 4505 1036 4559 Alius
1068 4504 1214 4560 fllius
1246 4502 1491 4573 Phapha.

782 4597 847 4651 t8
888 4594 1036 4649 Eiiau
1076 4592 1470 4665 Nephthalites.

782 4689 846 4743 l9
888 4687 1041 4742 Eztbi
1075 4686 1221 4741 ﬁlius
1251 4685 1525 4742 Rebaech.

773 4780 844 4835 20
886 4778 1118 4836 Sabeeth
1152 4779 1339 4833 Addae
1373 4780 1442 4834 de
1471 4778 1697 4837 Gaasse.

774 4869 834 4920 21
881 4869 1145 4922 Abielbou
1178 4868 1243 4923 de
1272 4870 1694 4939 campestribus.

770 4958 841 5012 22
877 4958 1065 5013 Addad
1097 4959 1166 5013 de
1193 4957 1420 5015 Nachal.

771 5050 840 5103 25
876 5048 1080 5105 Jasbiel
1112 5049 1182 5105 de
1212 5051 1429 5110 Saratlt.

768 5142 839 5197 21
871 5140 1081 5201 Matthi.

768 5233 838 5286 25
874 5231 1011 5288 Joab
1034 5235 1354 5293 Arsamites.

768 5324 838 5376 26
876 5323 1024 5379 Elias
1053 5325 1418 5385 Salabouites.

769 5416 837 5469 27
866 5414 1137 5471 Jonathau
1169 5419 1311 5476 filius
1337 5425 1504 5479 Asan.

769 5507 839 5560 28
880 5508 1121 5563 Somuan
1150 5510 1485 5574 Arrhodites.

769 5641 814 5670 δ’
837 5638 995 5696 Joau.
1030 5662 1101 5710 ιι,
1126 5648 1215 5702 49.
1296 5650 1341 5681 ⁸³
1370 5649 1409 5703 Il
1449 5651 1581 5722 Reg.
1619 5671 1791 5723 satu;
1827 5656 1844 5710 Ι
1875 5658 2050 5714 Paral.
2085 5678 2160 5729 xl,
2198 5680 2295 5720 xu.

766 5794 880 5869 (11)
910 5795 1112 5853 Confer
1136 5799 1350 5873 Juscph.
1388 5806 1565 5877 Amiq.
1597 5825 1691 5877 vn,
1723 5812 1807 5865 12.

2419 618 2480 681 ἐξ
2522 617 2756 690 οὐρανοῦ
2808 621 3064 690 Χριστός.
3113 622 3236 674 Ὅτι
3266 622 3393 686 τοὺς
3449 623 3689 689 δικαίους
3738 629 3847 680 ἀπ’)
3885 630 3999 681 τῶν

2418 709 2622 764 ἀδίκων
2647 712 2883 782 Χριστὸς
2909 714 3196 782 διακρινεῖ.

2414 822 2669 875 ΚΕΦΑΛ.
2695 822 2833 878 'PA’.
2867 854 2935 865 —
2964 824 3089 900 Tia
3113 827 3278 880 ἄκων
3313 832 3767 900 προεφήτευσεν
3792 833 3861 887 ἐν
3914 831 4003 897 τῷ

3015 899 3062 949 Ε
3069 898 3380 966 ὺαττελίῳ,

2489 1006 2749 1075 Καϊάφας
2775 1008 2806 1057 6
2854 1009 3147 1079 ἀρχιερεὺς
3199 1011 3261 1062 τὸ
3299 1013 3567 1082 σωτήριον
3617 1014 3712 1066 τοῦ
3755 1013 3999 1084 Χριστοῦ

2416 1091 2593 1155 πάθος
2645 1094 3058 1165 προαγορεύων,
3097 1098 3234 1167 πρὸς
3283 1101 3408 1160 τοὺς
3451 1101 3739 1165 Ἰουδαίους
3783 1104 3949 1174 φησίν
3974 1120 3991 1134 ’

2430 1182 2615 1252 Ὑμεῖς
2658 1187 2768 1241 οὐκ
2796 1186 2998 1242 οἴδατε
3029 1189 3232 1255 οὐδὲν,
3276 1193 3421 1247 οὐδὲ
3446 1193 3869 1263 διαλογίζεσθε,
3903 1195 3996 1250 ὅτι

2413 1274 2705 1343 συμφέρει
2734 1275 2897 1345 ὑμῖν,
2922 1278 3024 1331 ἵνα
3052 1277 3142 1346 εἷς
3173 1280 3483 1350 ἅνθρωπος
3526 1285 3800 1355 ἀποθάνῃ
3836 1288 3994 1355 ὑπὲρ

2418 1365 2525 1418 τοῦ
2551 1367 2727 1431 λαοῦ,
2758 1368 2854 1421 καὶ
2883 1367 2972 1438 μὴ
3000 1370 3152 1425 ὅλον
3167 1374 3229 1425 τὸ
3246 1375 3423 1441 ἔθνος
3443 1360 3764 1443 ἀπόλητᾶιο
3797 1378 3882 1446 ἐφ’
3907 1374 3991 1441 οἷς

2412 1456 2693 1524 ἐπήγαγεν
2710 1460 2738 1510 6
2767 1458 3169 1532 Εὑαγγελιστής
3190 1474 3205 1495 ³
3236 1465 3415 1518 Τοῦτο
3438 1465 3506 1519 δὲ
3520 1467 3620 1537 ἀφ’
3644 1470 3859 1523 ἑαυτοῦ
3876 1471 3991 1524 οὐκ

2411 1540 2601 1609 εἶπεν,
2661 1548 2801 1601 ἀλλ’
2850 1551 3164 1621 ἀρχιερεὺς
3212 1552 3316 1618 ὢν,
3367 1557 3840 1625 προεφήτευσεν,
3898 1558 3991 1612 ὅτι

2410 1635 2679 1703 ἤμελλεν
2707 1641 2741 1691 d
2783 1640 3026 1708 Ἰησοῦς
3068 1643 3410 1705 ἀποθανὼν.
3446 1648 3599 1716 ὑπὲρ
3631 1649 3737 1702 τοῦ
3769 1650 3991 1714 ἔθνους

2409 1727 2841 1795 ἀποθνήσκειν,
2889 1730 2989 1784 καὶ
3036 1734 3151 1803 οὐχ
3198 1734 3350 1802 ὑπὲρ
3390 1737 3497 1789 τοῦ
3522 1736 3739 1803 ἔθνους
3777 1741 3988 1806 μόνον,

2410 1817 2547 1872 ἀλλ’
2573 1820 2674 1873 ἵνα
2712 1820 2786 1874 τὰ
2824 1821 3275 1893 ἐσκορπισμένα
3329 1826 3478 1881 Θεοῦ
3523 1830 3787 1895 πρόϐατα
3837 1846 3992 1884 συν-

2410 1907 2601 1976 αγάγῃ
2643 1910 2730 1975 εις
2764 1910 2853 1965 ἐν.
2900 1912 2989 1964 Ἐν
3050 1911 3108 1965 δὲ
3140 1916 3207 1985 τῇ
3256 1913 3469 1985 Παλαιᾷ
3521 1916 3746 1981 ἄκοντες
3773 1934 3991 1989 προφηο

2408 2000 2656 2067 τεύουσι,
2690 2001 2920 2075 Βαλαὰμ
2943 2006 2973 2058 6
3008 2005 3221 2076 μάντις,
3254 2007 3349 2061 καὶ
3369 2008 3422 2061 οί
3454 2008 3855 2076 ἀποσταλέντες
3881 2012 3991 2065 ὑπὸ

2409 2090 2503 2145 τοῦ
2527 2092 2702 2146 Σαοὺλ
2747 2094 2843 2147 ἐπὶ
2876 2094 2969 2149 τὸν
2997 2095 3184 2163 Δασὶδ,
3235 2096 3331 2153 καὶ
3358 2099 3522 2164 αὐτὸς
3550 2102 3578 2152 6
3622 2101 3795 2155 Σαοὺλ
3826 2103 3989 2156 ἐπεὶ.-

2409 2184 2518 2238 θὼν
2540 2186 2710 2257 αὐτῷ.

2407 2298 2659 2354 ΚΕΦΔΛ.
2690 2302 2815 2356 ΡΒ’.
2840 2333 2909 2344 -
2938 2302 3109 2373 Τίνες
3130 2306 3290 2362 εἰσιν
3307 2312 3367 2364 οι
3390 2309 3495 2366 τοῦ
3518 2311 3697 2365 Jama
3712 2314 3983 2371 δυνατοί.

2477 2417 2525 2464 α’
2568 2413 2799 2478 Ἰεσὸοὸς
2824 2416 2870 2489 (l
2885 2417 2935 2488 1)
2976 2417 3257 2492 διεκόσμει
3308 2422 3409 2495 τὴν
3460 2423 3750 2500 διασκευὴν
3791 2427 3983 2483 αὐτοῦ.

2408 2500 2567 2574 Εἷχεν
2597 2506 2691 2560 ὑπ’
2720 2508 2884 2562 αὐτὸν
2912 2512 3281 2579 ἐννακοσίους.

2476 2596 2524 2667 β’
2563 2599 2804 2666 ’Λδινὼν,
2834 2601 2893 2667 ὃς
2921 2604 3032 2657 τῶν
3059 2608 3395 2677 τραυμάτων
3421 2609 3761 2681 ἐπεμελεῖτο.

2476 2688 2526 2759 γ’
2563 2692 2827 2764 Ἐλεάζαρ
2863 2696 2979 2760 υίὸς
3002 2698 3232 2768 ἀδελφοῦ
3260 2700 3353 2753 τοῦ
3378 2702 3565 2757 Δαόξδ.

2475 2783 2519 2836 δ’
2540 2784 2758 2849 Σωσιὼς
2781 2787 2940 2857 μόνος
2966 2792 3078 2854 τοῖς
3112 2791 3395 2863 πολεμίοις
3415 2794 3726 2865 ἀνθίστατο,
3746 2797 3983 2852 κελεύων

2405 2877 2517 2938 τοῖς
2551 2877 2643 2930 ὑπ’
2672 2879 2834 2933 αὐτὸν
2865 2882 3147 2935 σκυλεύειν
3177 2886 3303 2950 τοὺς
3330 2887 3655 2953 πίπτοντας.

2477 2968 2518 3021 ε’
2541 2971 2718 3040 Σαμᾶ,
2747 2971 2804 3033 ὃς
2833 2974 2941 3026 τῶν
2976 2975 3250 3044 πολεμίων
3280 2978 3583 3033 διωκόντων
3611 2980 3706 3035 τὸν
3730 2981 3824 3036 τοῦ
3851 2981 3983 3036 λαοῦ

2408 3062 2656 3132 στρατὸν,
2686 3064 2878 3130 μόνους
2920 3064 3132 3139 [μόνος]
3167 3070 3481 3142 ἀπέστρεφε
3516 3070 3644 3135 τοὺς
3664 3072 3980 3138 διώκοντας.

2478 3157 2532 3217 ς’
2581 3152 2833 3221 Ἀϐεσοὲι,
2872 3156 2930 3219 ὃς
2963 3158 3266 3225 ἑξακοσίοις
3297 3162 3356 3215 ἑν
3390 3162 3614 3235 πολέμῳ
3661 3163 3822 3234 μόνος
3848 3164 3980 3219 ἀνο-

2329 3223 2371 3281 c
2409 3244 2613 3300 ἰστατο.

2471 3334 2519 3399 ζ’
2549 3336 2805 3403 Βαναίας,
2847 3339 3030 3396 Ἐλιάὁ
3067 3342 3182 3406 υίδς
3205 3343 3297 3399 τοῦ
3322 3344 3553 3415 ἀδελφοῦ
3582 3348 3768 3412 Δασὶδ,
3800 3350 3858 3411 ὃς
3884 3349 3982 3403 καὶ

2401 3425 2527 3488 τοὺς
2560 3426 2655 3479 δύο
2687 3430 3029 3498 στρατηγοὺς
3057 3432 3256 3497 ἀνεῖλε,
3296 3435 3389 3490 καὶ
3425 3434 3645 3499 λέοντας
3665 3438 3977 3504 ἀπέκτεινε,

2401 3517 2495 3568 καὶ
2523 3516 2616 3569 τὸν
2640 3518 2940 3585 Αίγύπτιον
2965 3520 3134 3591 ἄνδρα
3160 3523 3385 3578 δυνατὸν
3414 3524 3545 3579 ὄντα
3568 3525 3793 3583 ὤλεσεν.

2470 3607 2525 3677 η’
2563 3608 2824 3680 Ἀσαῆλος
2864 3612 3160 3685 τριάκοντα
3188 3615 3481 3687 ἐφεστήκει
3519 3617 3798 3689 ἄρχουσιν.

2471 3698 2515 3750 0’
2553 3699 2831 3772 Ἑλιηνᾶν,
2882 3703 2942 3767 6;
2977 3700 3046 3776 ἦν
3076 3707 3168 3761 καὶ
3216 3708 3381 3775 αὐτὸς
3443 3710 3558 3774 υἱὸς
3604 3710 3835 3782 ἀδελφοῦ
3883 3714 3979 3769 τοῦ

2398 3787 2586 3842 Δαϐίδ.

2472 3886 2503 3930 ι’
2536 3879 2717 3950 Σεμὰν
2738 3880 2768 3932 6
2798 3882 3062 3949 Μυδαῖος.

2470 3969 2534 4022 ια’
2572 3971 2763 4042 ’Λλλῆς
2788 3976 2816 4026 6
2843 3974 2938 4028 τοῦ
2978 3977 3184 4048 Κελθῆ.

2468 4061 2533 4130 ιβ’
2579 4063 2768 4129 Ἐλλᾶς
2791 4067 2820 4118 6
2841 4067 2937 4120 τοῦ
2975 4068 3227 4125 Φελλαθί.

2465 4152 2535 4222 ιγ’
2579 4155 2752 4227 Ἱερᾶς
2791 4157 2906 4223 υἱὸς
2946 4160 3145 4216 Ἑσκάο
3172 4164 3201 4216 6
3225 4164 3506 4239 Θεκοῖτης.

2466 4244 2528 4297 ιδ’
2569 4246 2792 4319 Ἀνεζάρ
2819 4253 2847 4304 6
2890 4252 3206 4326 ’Avwﬂirqc.

2466 4335 2524 4389 ts'
2570 4338 2773 4393 Ἐλαὼν
2804 4342 2833 4395 6
2857 4343 3096 4416 Λωιτης.

2471 4429 2547 4495 ις’
2577 4432 2822 4504 Νοερίων
2846 4435 2874 4490 6
2905 4437 3163 4509 Φατίτης.

2463 4522 2530 4588 ιζ’
2577 4525 2797 4591 uno-5;
2818 4528 2932 4592 υίὸς
2958 4531 3137 4600 Φαφά.

2463 4620 2532 4684 ιη’
2577 4614 2739 4671 Ἐναῦ
2761 4619 2789 4670 6
2823 4618 3191 4694 Νεφθαλίτης.

2462 4703 2526 4759 ιϐ’
2566 4706 2714 4771 Ἐζοὶ
2746 4710 2862 4774 υίὸς
2895 4712 3140 4785 Ῥεσαέχ.

2459 4805 2508 4851 κ’
2541 4799 2744 4855 Σαϐεὲο
2786 4803 2975 4877 Ἀδδαὴ
3003 4808 3032 4861 6
3056 4808 3164 4863 ἀπὸ
3195 4809 3439 4885 Γαασσῆ.

2460 4890 2544 4945 κα¹
2588 4894 2879 4949 ’Δϐιελὸὼν
2906 4898 3015 4952 ἀπὸ
3045 4901 3145 4971 τῆς
3173 4903 3445 4970 πεδιάδος.

2458 4982 2541 5053 κβ¹
2591 4984 2775 5040 ’Λδδὰδ
2803 4989 2868 5040 ἐκ
2896 4989 3108 5061 Ναχάλ.

2462 5073 2549 5141 κγ’
2587 5076 2827 5149 Ἰασόιὴλ
2863 5078 2973 5133 ἀπὸ
2992 5082 3197 5155 Σαράθ.

2460 5165 2539 5219 κδ’
2565 5167 2770 5225 Ματθί.

2459 5256 2535 5310 κε’
2581 5259 2739 5315 Ἰωᾶσ
2776 5264 3135 5337 ’Δρσαμίτης.

2456 5350 2547 5415 κς⁹
2588 5353 2766 5419 Ἐλίας
2797 5357 2826 5408 6
2859 5358 3243 5433 Σαλσὼνίτης.

2452 5442 2538 5508 κζ’
2581 5446 2840 5503 ’Ῑωνάθαν
2870 5454 2987 5516 υἱὸς
3028 5455 3212 5511 Ἀσάν.

2451 5537 2537 5608 κη’
2571 5538 2799 5611 Σωμνᾶν
2826 5543 2855 5595 6
2890 5546 3240 5620 Ἀρῤωδῐτης.
