4248 6438
714 419 733 481 1
751 418 772 479 1
789 419 807 480 1
2172 411 2475 475 JOSEPPI

3876 405 3979 467 112

710 545 855 586 anno
878 528 1027 600 regni
1057 531 1164 585 sui.
1198 529 1276 583 Ad
1308 526 1652 582 efﬁciendum
1682 540 1819 597 opus
1844 524 2132 582 consrituit
2158 542 2289 597 ope-
2320 535 2362 590 Α

2320 535 2362 590 Α
2391 526 2630 596 κοδομῆς
2663 524 2774 579 ἀπ’)
2824 524 3090 596 τετάρτου
3134 522 3289 586 ἔτους
3317 524 3416 592 τῆς
3471 521 3748 593 βασιλείας
3782 522 3972 575 αὑτοῦ.

711 625 887 679 rarios
910 623 1249 693 septuaginta
1279 620 1469 684 millia,
1491 636 1556 675 ac
1579 618 1864 690 praefectos
1882 629 1967 674 ter
1992 619 2145 674 mille
2168 634 2294 674 sex-

713 726 925 780 centos,
963 715 1337 770 Architeclum
1373 715 1540 769 totius
1565 712 1775 767 aediﬁcii
1805 713 1872 767 de
1896 711 2041 784 Tyro
2062 712 2295 767 accersit

712 809 943 863 Cheram
970 807 1137 860 lilium
1169 806 1415 861 mulieris
1435 807 1612 860 vidua:
1639 804 1707 859 de
1744 806 1889 860 tribu
1921 803 2289 875 Nephthalim,

712 912 861 971 patre
887 899 1072 969 Tyrio.
1113 899 1417 954 Assistebat
1447 906 1626 951 autem
1653 899 1702 952 ei
1728 896 1890 951 etiam
1918 896 2043 969 Tyri
2077 912 2192 960 rex,
2224 896 2292 950 ad

712 991 1141 1047 construendum
1185 989 1481 1058 templum,
1549 988 1771 1043 Chiram
1815 1003 2028 1058 nempe,
2094 1002 2295 1057 suppe-

708 1083 889 1136 ditans
914 1082 981 1136 de
1016 1080 1223 1135 Libano
1252 1080 1397 1149 ligna
1429 1078 1652 1133 cedrina
1683 1086 1737 1133 et
1782 1080 1962 1148 pinea.
2007 1075 2287 1132 Subtniui—

710 1176 920 1232 strabat
932 1182 1111 1229 autem
1137 1173 1397 1228 Salomon
1412 1172 1459 1226 ei
1478 1176 1772 1241 quotannis
1787 1180 2005 1240 propter
2020 1170 2295 1238 impensas

710 1268 1032 1322 candentium
1062 1266 1203 1334 ligna
1225 1275 1279 1320 et
1310 1265 1694 1320 deduce-utinm
1726 1279 1788 1317 ea
1823 1276 1995 1331 usque
2021 1262 2087 1314 ad
2121 1276 2291 1328 mare,

710 1362 872 1415 tritici
903 1375 1063 1413 coros
1090 1357 1214 1421 MM,
1240 1358 1343 1412 olei
1377 1359 1531 1411 batos
1556 1355 1681 1408 MM.
1728 1354 1951 1408 Miserat
1978 1368 2198 1422 quoque
2228 1353 2295 1405 de

711 1455 911 1523 pepulo
945 1453 1242 1507 Israelitico
1271 1453 1335 1504 ad
1381 1451 1643 1503 Libanum
1674 1446 1859 1501 decem
1893 1445 2061 1500 millia
2099 1461 2294 1515 opera—

711 1547 943 1606 riorum,
973 1545 1064 1611 qui
1100 1543 1395 1597 menstruis
1428 1539 1725 1595 intervallis
1760 1538 2137 1603 mutabantur,
2168 1539 2290 1605 qui-

712 1638 810 1692 bus
844 1646 1072 1705 praeerat
1104 1633 1427 1689 Adoniram.

780 1835 935 1890 CAP.
965 1833 1099 1889 CVI.
1122 1862 1192 1873 —
1224 1832 1538 1901 Cujusmodi
1564 1841 1679 1885 erat
1708 1832 1981 1902 templum,
2017 1831 2157 1901 quod
2189 1832 2292 1889 Sa-

1238 1904 1416 1957 lomon
1446 1903 1752 1973 wdiﬁcavit.

779 2020 951 2077 Media
992 2021 1192 2075 domus
1236 2029 1356 2074 erat
1404 2019 1687 2084 stadialis,
1736 2019 2152 2073 circumamhita
2197 2035 2295 2089 per

710 2122 948 2183 quatuor
970 2112 1160 2179 latera,
1180 2127 1303 2181 qua:
1328 2111 1625 2164 vocabatur
1649 2110 2060 2175 Sanetuariutu,
2086 2111 2294 2166 habens

710 2204 1101 2274 longitudinem
1164 2203 1478 2258 cubitorum
1534 2218 1623 2264 ιτ,
1687 2202 2028 2256 latitudinem
2088 2203 2295 2257 cubito-

708 2312 833 2352 rum
857 2313 949 2361 xx,
980 2306 1034 2349 et
1060 2296 1403 2351 altitudinem
1442 2296 1754 2350 cubitorum
1789 2313 1919 2363 xxx,
1953 2305 2005 2351 et
2035 2297 2295 2366 respicie-

710 2393 804 2444 bat
837 2390 902 2443 ad
949 2390 1218 2443 orientem
1252 2389 1446 2444 solem.
1490 2387 1734 2443 llabcbat
1764 2390 1928 2444 etiam
1966 2390 2293 2445 vestibulum

709 2483 955 2553 ejusdem
972 2497 1095 2537 cum
1117 2482 1317 2550 templo
1329 2481 1651 2546 latitudinis,
1671 2483 1882 2537 cuhitos
1905 2482 2114 2538 habens
2137 2493 2297 2549 xx,et

712 2576 1055 2632 altitudinem
1078 2575 1284 2645 templo
1313 2574 1580 2645 aequalem
1606 2593 1618 2627 τ
1648 2575 1869 2645 triginta
1898 2577 2044 2630 enim
2079 2575 2295 2631 cubito-

713 2684 833 2723 rum
853 2678 906 2722 et
926 2668 1104 2737 ipsum
1124 2666 1756 2735 erat,iutrodueebatque
1771 2666 1821 2719 in
1839 2667 2051 2723 cubitos
2082 2684 2173 2731 xx,
2187 2667 2297 2722 cir-

711 2762 866 2819 etunl'
866 2770 1124 2831 requenta
1134 2761 1290 2815 batur
1308 2774 1439 2813 vero
1457 2760 1637 2829 parvis
1654 2759 2154 2814 substructionibus
2167 2775 2295 2827 xxx,

713 2852 1310 2925 quinquecubitalibus,
1357 2852 1713 2921 aequilateris,
1746 2866 1843 2921 per
1875 2851 1976 2905 tria
2029 2850 2295 2916 tabulata,

711 2963 829 3015 quae
858 2946 961 3001 tria
994 2946 1234 3001 tabulata
1270 2945 1672 2999 extollebantur
1716 2944 1782 2998 ad
1815 2960 1886 2998 xx
1934 2945 2168 2999 cubitos.
2205 2942 2299 2998 lla:

708 3037 1055 3096 domunculae
1113 3051 1220 3090 xxx
1272 3033 1544 3089 habebant
1588 3047 1850 3088 ascensus
1914 3032 2169 3086 occultos
2202 3046 2299 3101 per

712 3146 909 3201 parvas
963 3138 1150 3198 portas
1196 3128 1462 3181 ducentes
1528 3124 1595 3178 ad
1657 3124 1919 3178 tabulata.
1970 3122 2144 3177 Porro
2197 3121 2296 3176 ha-

2402 619 2497 683 Είς
2520 618 2576 672 δὲ
2599 619 2700 690 τὴν
2724 618 2987 689 ἐργασίαν
3010 616 3351 688 παρέστησεν
3373 616 3607 685 ἐργάτας
3631 616 3978 684 ἑπτακισμυ-

2402 710 2581 782 ρίους,
2636 708 2934 771 ἐπιστάτας
2993 706 3325 778 τρισχιλίους
3396 706 3753 770 ἑξακοσίους·
3814 706 3977 775 ἀρχι-

2400 802 2628 855 τέκτονα
2669 802 2726 855 δὲ
2751 802 2851 872 τῆς
2894 800 3024 871 ὅλης
3051 800 3314 871 ἐργασίας
3340 798 3452 856 ἀπὸ
3494 798 3673 867 Τύρου
3709 796 3981 867 λαμϐάνει.

2399 894 2491 946 τὸν
2524 893 2729 963 Χηρᾶμ
2751 893 2866 947 υἱόν
2887 893 3147 961 γυναικὸς
3176 893 3351 962 χήρας
3376 891 3488 945 ἀπὸ
3519 891 3687 959 φυλῆς
3713 888 3975 957 Νεφθαλῆ

2402 986 2608 1057 πατρὸς
2632 985 2855 1056 Τυρίου.
2884 986 3165 1054 Συνηρᾶτο
3188 983 3243 1036 δὲ
3270 982 3418 1050 αύτῷ
3451 985 3545 1035 καὶ
3570 982 3599 1034 ὁ
3618 980 3795 1051 Τύρου
3825 980 3980 1050 βασι-

2402 1077 2545 1137 λεὺς..
2584 1080 2661 1140 εἰς
2691 1078 2789 1146 τὴν
2822 1076 2951 1130 ναοῦ
2970 1073 3282 1145 οἰκοδομὴν,
3304 1075 3332 1127 ὁ
3364 1072 3574 1142 Χιράμ,
3598 1072 3733 1137 ξύλα
3754 1071 3977 1141 κ.δρινα

2402 1170 2500 1222 καὶ
2530 1168 2763 1223 πεύκινα
2791 1166 2966 1230 διδους
2996 1167 3105 1221 ἀπὸ
3130 1166 3225 1219 τοῦ
3255 1164 3512 1220 Λιϐάνου.
3553 1163 3835 1233 Ἐχορήγει
3865 1161 3924 1214 δὲ
3948 1162 3980 1213 ὁ

2402 1261 2661 1331 Σαλομῶν
2705 1259 2854 1330 αύτῷ
2906 1260 3030 1312 κατ’
3066 1258 3315 1311 ἐνιαυτὸν
3358 1258 3439 1319 είς
3485 1255 3820 1323 ἀναλώματα
3867 1253 3980 1306 τῶν

2401 1356 2714 1408 κοπτόντων
2757 1354 2825 1406 τὰ
2855 1351 3008 1418 ξύλα,
3052 1353 3147 1405 καὶ
3190 1350 3542 1415 καταγόντων
3569 1349 3711 1401 αὺτά
3746 1347 3852 1408 ἕως
3875 1347 3973 1399 θα-

2400 1446 2629 1514 λάσσης,
2660 1446 2810 1497 σίτου
2850 1443 3046 1512 κόρους
3079 1440 3144 1512 β’,
3175 1442 3354 1495 ἐλαίου
3394 1441 3586 1511 βάτους
3622 1439 3664 1510 β’
3686 1456 3699 1471 ·
3744 1440 3839 1492 καὶ
3867 1439 3975 1490 ἀτε-

2402 1537 2650 1592 ἐστελλεν
2694 1537 2758 1590 ὲκ
2787 1534 2880 1589 τοῦ
2902 1535 3032 1589 λαοῦ
3070 1533 3467 1605 Ἰσραηλιτικοῦ
3493 1534 3571 1595 εἰς
3600 1531 3692 1585 τὸν
3741 1530 3975 1584 Λίϐανον

2403 1630 2633 1701 μυρίους
2666 1628 2904 1698 ἐργάτας
2931 1626 3074 1679 κατά
3105 1626 3250 1696 μῆνα
3282 1623 3739 1694 ἀλλασσομένους,
3770 1620 3866 1674 καὶ
3893 1615 3973 1673 εἷ-

2400 1739 2493 1793 χον
2525 1720 2756 1792 ἔξαρχον
2777 1711 2925 1773 οὗτοι
2946 1718 3036 1771 τὸν
3094 1717 3435 1789 Δδωνειράμ.

2403 1837 2652 1890 ΚΕΦΑΛ.
2687 1833 2911 1902 Ρςκ-
2932 1832 3162 1903 Ὀποῖος
3191 1829 3271 1903 ἦν
3313 1833 3346 1886 ό
3382 1830 3552 1898 ναὸς,
3584 1830 3656 1885 ὃν
3688 1829 3982 1900 Σολομῶν

2992 1902 3364 1973 ᾠκοδόμησε.

2467 2020 2647 2084 Μέσος
2704 2015 2853 2083 οἰκος
2889 2015 2959 2090 ἦν
3012 2017 3309 2081 σταδιαῖος.
3360 2018 3502 2071 κατὰ
3552 2017 3651 2080 τάς
3701 2014 3981 2084 τέσσαρας

2398 2110 2638 2181 πλευρὰς
2655 2128 2720 2163 πε
2727 2110 3143 2182 ριϐεϐλημένος,
3164 2110 3437 2178 ’Λγίασμα
3460 2108 3626 2162 καλού
3635 2124 3811 2176 μενος,
3835 2107 3978 2176 ἔχων

2400 2204 2573 2273 μῆκος
2604 2204 2809 2272 πήχεις
2834 2201 2898 2267 ξ’,
2933 2202 3139 2265 πλᾶτος
3191 2205 3388 2272 πήχεις
3418 2209 3488 2264 κ’,
3519 2201 3650 2269 ὕψος
3686 2203 3883 2270 πήχεις
3909 2198 3978 2261 λ’,

2400 2297 2534 2368 πρὸς
2564 2295 2621 2350 δὲ
2658 2295 2923 2360 ἀνατολὰς
2970 2295 3300 2350 ἀπέϐλεπεν.
3336 2290 3463 2365 Εἶχε
3510 2297 3565 2349 δὲ
3610 2295 3707 2349 καὶ
3741 2296 3979 2366 πρόναον

2400 2390 2685 2444 ίσόπλατον
2705 2389 2782 2460 τῷ
2810 2389 2944 2461 ναῷ,
2976 2392 3171 2462 πήχεις
3190 2389 3331 2461 έχων
3362 2390 3430 2455 κ’,
3464 2390 3559 2446 καὶ
3590 2388 3721 2459 ὕψος
3754 2390 3869 2442 ῐσον
3896 2389 3979 2459 τῷ

2398 2469 2513 2554 ναῷ
2533 2499 2546 2514 °
2584 2484 2884 2555 τριάκοντα
2929 2482 3039 2555 γὰρ
3068 2482 3263 2556 πηχῶν
3303 2479 3372 2556 ἦν
3405 2482 3705 2549 καὶτοῦτο,
3739 2484 3979 2550 εἰσάγων

2400 2575 2493 2629 ἐπὶ
2527 2577 2722 2647 πήχεις
2754 2574 2822 2643 κ’,
2860 2576 3197 2647 περιοίκειτο
3256 2576 3634 2647 [περιῳκείτοι
3691 2576 3747 2629 δὲ
3803 2577 3977 2639 οἴκοις

2402 2666 2627 2738 βραχέσι
2678 2667 2744 2731 λ’,
2804 2670 3215 2739 πενταπήχεσιν
3274 2668 3645 2739 ίσοπλεύροιτ,
3704 2669 3796 2721 ἐπὶ
3848 2669 3978 2738 τρία

2402 2760 2591 2829 στέγη,
2648 2762 2729 2824 είς
2783 2759 2832 2814 κ’
2882 2763 3078 2832 πήχεις
3125 2761 3234 2813 τῶν
3294 2761 3462 2830 τριῶν
3511 2761 3721 2831 στεγῶν
3770 2764 3977 2815 τούτων

2398 2852 2674 2923 ήρμένων.
2718 2854 2843 2917 Τοῖς
2874 2853 2930 2905 δὲ
2974 2853 3242 2917 οίκίσκοις
3277 2853 3487 2917 τούτοις
3531 2857 3643 2918 τοῖς
3694 2852 3737 2906 λ’
3800 2855 3978 2909 ἄνοδοι

2400 2944 2786 3015 κεκρυμμέναι
2829 2945 3149 3015 γεγένηντο,
3178 2944 3266 2999 διὰ
3308 2946 3522 3017 μικρῶν
3561 2947 3741 3019 θυρῶν
3783 2948 3875 3002 ἐπὶ
3908 2948 3979 3001 τὰ

2402 3037 2570 3106 στέγη
2613 3036 2934 3103 ἀνάγουσαι.
2972 3037 3031 3090 Οἱ
3064 3036 3120 3089 δὲ
3158 3034 3268 3089 τῶν
3301 3036 3560 3090 οίκίσκων
3604 3038 3809 3092 τούτων
3838 3040 3977 3093 δέκα

2402 3126 2598 3196 πήχεις
2620 3126 2933 3197 ὑπέρτεροι,
2959 3128 3251 3199 ἀνειμένην
3280 3130 3542 3200 παρεῖχον
3577 3129 3654 3200 τῷ
3677 3129 3772 3183 τοῦ
3790 3131 3978 3199 ’Λγιάο

712 3240 830 3279 rum
856 3220 1314 3278 domuncularum
1360 3220 1548 3272 decem
1589 3217 1760 3271 cubiti
1792 3216 2109 3286 superiores
2158 3215 2293 3269 libe-
2322 3240 2362 3300 ο

2322 3240 2362 3300 C
2402 3233 2605 3286 σματος
2632 3218 2765 3287 οἴκῳ
2787 3218 2885 3288 τὴν
2909 3219 3017 3271 τῶν
3045 3220 3239 3288 φώτων
3267 3221 3450 3293 βολήν.
3490 3222 3623 3275 Ἀπὸ
3648 3223 3705 3276 δὲ
3730 3224 3837 3276 τῶν
3890 3224 3979 3288 ἐξ·

712 3330 831 3369 rum
871 3312 1187 3383 praebebant
1229 3309 1416 3365 domui
1457 3309 1754 3365 sanctuarii
1798 3308 1936 3363 lueis
1980 3308 2285 3362 introitum.

714 3410 788 3463 Ex
836 3408 1120 3475 sexaginta
1166 3421 1296 3460 vero
1344 3404 1545 3459 cubitis
1609 3402 1829 3473 templi,
1895 3402 2180 3457 interiores
2218 3417 2287 3455 xx

711 3501 977 3557 cedebant
1011 3498 1214 3553 Sancto
1250 3507 1587 3559 sanctorum,
1628 3496 1719 3551 alii
1763 3508 1946 3551 autem
1980 3512 2049 3550 χι.
2085 3496 2289 3550 extimo

713 3598 918 3649 Sancto
965 3593 1250 3648 cedebant.
1301 3591 1476 3645 Porta:
1510 3590 1694 3658 templi
1746 3598 1903 3643 erant
1949 3590 2002 3644 in
2046 3588 2287 3642 latitudi-

712 3703 834 3743 nem
878 3702 942 3739 xx
974 3685 1307 3741 cubitorum.
1346 3682 1575 3736 interius
1607 3691 1662 3735 et
1700 3681 1942 3735 exterius
1984 3696 2077 3748 per
2118 3687 2287 3733 totum

712 3796 851 3836 auro
900 3779 1171 3834 obducite.
1234 3774 1425 3830 Velum
1471 3783 1586 3829 erat
1643 3774 1752 3829 illis
1819 3788 2157 3842 appeusum,
2223 3787 2288 3826 ex

717 3875 882 3942 bysso
922 3880 977 3924 et
1032 3867 1325 3940 hyacintho
1371 3876 1426 3920 et
1483 3881 1723 3937 purpura
1778 3875 1832 3921 et
1882 3869 2107 3919 eocciuo
2155 3878 2301 3918 con-'

712 3973 942 4019 textum.
995 3962 1124 4015 Erat
1167 3968 1351 4015 autem
1390 3959 1653 4029 templum
1696 3958 2038 4022 universum,
2080 3966 2133 4012 et
2167 3973 2290 4027 qum

712 4059 767 4112 in
817 4057 937 4127 ipso
981 4054 1403 4110 continebantur
1434 4052 1615 4106 omnia
1666 4051 1895 4105 interius
1943 4065 2009 4106 ac
2051 4051 2289 4105 exterius

710 4163 809 4220 per
839 4156 1012 4201 totum
1056 4159 1189 4198 auro
1218 4143 1649 4199 circumvestita.
1702 4142 1883 4213 Ipsum
1916 4143 2288 4212 pavimentum

713 4249 968 4294 stratum
993 4246 1110 4291 erat
1144 4235 1413 4290 crassiore
1439 4248 1598 4297 auro,
1631 4243 1683 4289 et
1716 4236 1856 4288 muri
1892 4233 2146 4303 insculpti
2174 4233 2289 4303 pal-

710 4331 817 4387 mis
856 4341 1019 4399 atque
1064 4328 1358 4385 Cherubim
1405 4327 1714 4399 tornatique
1764 4328 2062 4382 universim
2111 4332 2288 4381 erant.

712 4423 828 4478 lloe
860 4423 1027 4493 igitur
1060 4420 1223 4476 modo
1252 4421 1575 4475 aediﬁcatum
1615 4430 1698 4475 est
1732 4420 2014 4490 templum.
2040 4419 2289 4476 Circum-

710 4514 947 4586 positum
984 4521 1103 4568 erat
1131 4512 1360 4567 ambitui
1396 4512 1578 4582 templi
1620 4522 2073 4567 coronamentum
2102 4529 2289 4568 assure

2396 3308 2599 3378 ήκοντα
2616 3308 2808 3378 πηχῶν
2822 3308 2916 3362 τοῦ
2938 3309 3090 3376 ναοῦ,
3108 3312 3155 3363 οξ
3176 3311 3434 3366 ἐσιῦτατοι
3453 3314 3565 3382 (15)
3587 3313 3664 3385 τῷ
3679 3314 3845 3385 ’Λγίῳ
3866 3315 3977 3368 τῶν

2397 3399 2567 3468 ἁγίων
2594 3400 2868 3471 διῄρηντο,
2891 3403 2939 3454 οἱ
2966 3402 3023 3455 δέ
3046 3402 3195 3458 ἄλλοι
3226 3401 3299 3473 μ’,
3330 3404 3408 3474 τῷ
3439 3403 3694 3476 ἐξωτάτω
3717 3407 3857 3475 ἁγίῳ
3884 3424 3979 3458 κε-

2396 3492 2698 3563 κλήρωντο.
2735 3495 2799 3546 Δί
2829 3494 2885 3546 δὲ
2915 3494 3076 3565 ούραι
3116 3494 3211 3549 τοῦ
3266 3496 3397 3551 ναοῦ
3449 3497 3585 3567 πρὸς
3611 3499 3672 3551 τὸ
3717 3495 3875 3567 εὖρος
3927 3498 3979 3551 κ’

2396 3586 2590 3656 πηχῶν
2616 3588 2932 3658 γεγένηντο,
2968 3587 3173 3643 ἐσωοεν
3205 3589 3301 3643 καὶ
3343 3589 3542 3655 ἔξωθεν
3570 3591 3742 3644 διόλου
3772 3609 3975 3664 κεχρυο

2400 3679 2665 3745 οωμέναι.
2712 3680 3130 3752 Καταπέτασμα
3180 3682 3239 3735 δὲ
3280 3678 3349 3752 ἦν
3387 3684 3446 3736 τὸ
3474 3683 3563 3735 ἐπ’
3603 3684 3794 3748 αὐταῖς
3839 3685 3977 3738 καο-

2397 3769 2695 3841 ηλωμένον,
2725 3772 2789 3825 ὲκ
2815 3772 3014 3842 βύσσου
3042 3776 3135 3827 καὶ
3161 3774 3418 3829 ὑακίνθου
3443 3776 3540 3830 καὶ
3569 3777 3856 3849 πορφύρας
3880 3780 3979 3833 καὶ

2398 3864 2652 3916 κοκκίνου
2689 3865 3023 3935 ὑφασμένον.
3068 3868 3179 3921 Καὶ
3204 3863 3271 3939 ἦν
3301 3868 3447 3932 ἀπας
3476 3869 3503 3920 ὁ
3542 3869 3668 3933 ναὸς
3699 3872 3793 3923 καὶ
3818 3870 3887 3923 τὰ
3917 3874 3988 3935 ἐν,

2397 3956 2543 4027 αὐτῷ
2567 3957 2746 4011 πάντα
2776 3958 2983 4013 ἔσωθεν
3024 3959 3119 4013 καὶ
3147 3959 3348 4025 ἔξωθεν
3372 3961 3547 4015 διόλου
3584 3962 3771 4033 χρυσῷ
3802 3980 3976 4015 κατα-

2398 4049 2779 4119 πεπλασμένα.
2815 4052 2923 4106 Καὶ
2966 4051 3028 4105 τὸ
3057 4051 3253 4122 ἔδαφος
3297 4053 3357 4107 δὲ
3410 4056 3599 4126 χρυσῷ
3641 4058 3810 4125 παχεῖ
3844 4072 3977 4109 κατ⁶

2398 4137 2658 4208 έστρωτο,
2719 4140 2775 4193 οῖ
2816 4158 2876 4194 τε
2928 4144 3099 4213 τοῖχοι
3145 4144 3385 4211 φοίνικος
3446 4144 3688 4218 [φοίνιξι]
3740 4147 3833 4199 καὶ
3869 4148 3977 4200 Χε-

2398 4230 2599 4300 ρουϐὶμ
2648 4230 3115 4304 ἐγγεγλυμμένοις
3156 4236 3251 4289 καὶ
3295 4236 3742 4307 τετορνευμένοις
3795 4237 3973 4292 διόλου

2396 4323 2679 4381 διέκειντο.
2717 4324 2876 4380 Οῦτω
2933 4326 3115 4380 τοίνυν
3162 4330 3191 4381 ό
3232 4328 3362 4392 ναὸς
3414 4328 3843 4384 κατεσκεύαστο.
3877 4332 3977 4385 Πε-

2399 4416 2638 4486 ριέκειτο
2669 4416 2726 4471 δὲ
2781 4417 2967 4491 κύκλῳ
3013 4418 3111 4473 τοῦ
3144 4419 3274 4474 ναοῦ
3318 4422 3524 4491 γείσιον
3554 4420 3666 4495 (14)
3703 4425 3781 4487 εἰς
3824 4428 3975 4493 τρεῖς

2398 4510 2594 4578 πήχεις
2633 4510 2915 4565 ἀνατεῖνον
2946 4511 3057 4583 (15)
3089 4513 3149 4568 τὸ
3180 4513 3337 4582 ὕψος,
3380 4510 3562 4586 εἶργον
3591 4516 3646 4569 δὲ
3679 4517 3804 4581 τοὺς
3845 4521 3975 4571 πολ-

710 4622 844 4675 gens
867 4607 921 4660 in
945 4606 1287 4659 altitudinem
1324 4604 1487 4659 trium
1523 4606 1860 4669 cubitorum,
1900 4607 2045 4676 quod
2072 4608 2291 4662 arcebat
2322 4599 2369 4656 D

2322 4599 2369 4656 D
2397 4598 2522 4663 λοὺς
2568 4602 2648 4666 είς
2682 4601 2742 4654 τὸ
2771 4603 2916 4675 ἱερὸν
2966 4605 3195 4669 εἰσόδου,
3234 4607 3416 4677 μόνοις
3446 4607 3502 4662 δὲ
3545 4608 3829 4679 ἀνειμένον
3859 4612 3971 4675 τοῖς

712 4697 906 4766 vulgus
947 4697 1019 4751 ab
1062 4696 1287 4749 introitu
1334 4695 1386 4748 in
1419 4694 1743 4761 sacrarium,
1776 4694 2017 4765 solisque
2062 4695 2290 4765 permis-

710 4805 832 4845 sum
869 4798 988 4844 erat
1017 4789 1415 4843 sacerdotibus.

712 4902 865 4960 CAP.
908 4901 1070 4958 CVII.
1113 4928 1183 4944 -—
1222 4903 1481 4968 Quanam
1540 4920 1697 4957 sacra
1746 4903 1973 4973 reposita
2030 4915 2181 4959 erant
2232 4907 2286 4960 in

1295 4976 1605 5027 sanctuario
1635 4974 1702 5029 ".

780 5085 841 5142 lu
874 5097 1060 5143 sancta
1093 5088 1314 5159 quidem
1352 5088 1464 5143 atde
1502 5089 1919 5159 viginticubitali
1963 5098 2019 5145 ct
2058 5091 2285 5160 aequila-

716 5190 869 5248 tcra,
932 5191 1051 5237 crat
1100 5187 1283 5250 .Arca,
1340 5198 1505 5253 quam
1567 5182 1778 5252 Moyses
1844 5184 2078 5247 fecerat,
2141 5184 2289 5238 intus

714 5275 905 5343 posita,
953 5288 982 5327 a
1022 5274 1315 5329 Cherubim
1346 5285 1504 5339 tecta,
1546 5290 1664 5343 quae
1698 5286 1853 5329 erant
1891 5276 2003 5330 duo
2044 5277 2158 5331 alas
2195 5277 2289 5330 ha-

717 5369 894 5422 bentia
920 5367 1463 5437 quinquecuhitales,
1498 5377 1551 5421 et
1580 5383 1643 5421 ex
1679 5377 1908 5438 utraque
1940 5377 2092 5439 parte
2133 5371 2288 5425 Art-:0

714 5459 990 5515 astabant.
1022 5460 1089 5513 Et
1123 5475 1228 5514 una
1259 5460 1476 5529 quidem
1537 5460 1622 5515 ala
1667 5460 1733 5514 ad
1784 5461 2043 5531 parieth
2076 5463 2286 5532 pertin-

793 5636 838 5672 “
861 5635 928 5693 111
961 5639 1095 5709 Reg.
1125 5653 1253 5706 \‘lll;
1284 5638 1324 5693 ll
1358 5637 1531 5694 Paral.
1569 5656 1620 5695 ν.

787 5792 901 5857 (l3)
934 5791 1088 5864 Deest
1129 5790 1197 5850 κ’,
1222 5808 1405 5852 errore
1436 5794 1818 5864 typographieo

784 5864 829 5932 (ι
855 5865 895 5931 ι)
928 5863 1022 5916 Ms.
1067 5867 1133 5933 γῆ
1172 5864 1325 5915 saw.

2400 4693 2443 4745 is
2452 4694 2625 4766 ρεῦσι.

2398 4912 2650 4968 ΚΕΦΛΛ.
2684 4913 3023 4996 ΡΖἏ-Ίξίνα
3042 4915 3224 4996 ἦν-τὰ
3249 4921 3319 4996 ἐκ
3340 4922 3421 4987 τῷ
3459 4923 3798 4996 Ἁγιάσματι
3818 4927 3973 4983 ἁνα-

2835 4991 3080 5059 κείμενα
3109 4992 3483 5062 ἁφιερώματα

2468 5096 2560 5162 El;
2597 5097 2698 5168 μὲν
2726 5099 2817 5153 τὸν
2851 5101 3006 5168 ἅγιον
3035 5097 3204 5165 οἷκον,
3233 5105 3322 5159 τὸν
3348 5108 3721 5180 είκοσάπηχυν
3746 5112 3840 5165 καὶ
3866 5112 3972 5167 ίσόο

2395 5190 2712 5263 πλευρον,ή
2759 5194 3010 5259 κιϐωτὸς,
3065 5199 3131 5268 ἢν
3176 5200 3415 5269 Μωῦσῆς
3457 5203 3776 5273 ἐποιήσατο,ι
3821 5206 3971 5259 ἔνδον

2395 5280 2740 5347 ἀνατεοείσα,
2791 5285 2895 5338 ὑπὸ
2955 5287 3063 5340 τῶν
3102 5289 3386 5360 Χερουϐὶμ
3433 5296 3767 5366 σκεπομένη,
3810 5296 3969 5349 ἅτινα

2394 5370 2535 5446 ἦσαν
2558 5376 2653 5429 δύο
2679 5377 2953 5447 πτέρυγας
2983 5380 3174 5450 ἔχοντα
3196 5386 3589 5456 πενταπήχεις,
3620 5387 3677 5453 ἐξ
3708 5390 3970 5459 ἐκατέρου

2395 5468 2492 5538 τῆς
2516 5469 2749 5523 κιϐωτοῦ
2787 5475 3133 5542 παρεστῶτα.
3164 5477 3275 5531 Καὶ
3309 5477 3405 5550 μία
3442 5480 3539 5550 μὲν
3582 5481 3787 5552 πτέρυξ
3834 5482 3969 5553 πρὸς

2462 5797 2571 5869 (15)
2600 5797 2694 5853 Ms.
2727 5800 3045 5858 ἀνατείνων.
