4248 6438
211 444 312 510 ll?

1374 436 1746 498 LIBELLUS
1784 437 2285 498 MEMORIALIS.

3360 440 3465 505 118

207 558 353 614 κατὰ
382 554 481 629 τὴν
504 555 612 609 τῶν
647 555 813 625 τριῶν
855 555 962 607 τῶν
1019 553 1196 608 ἄλλων
1226 553 1476 624 πλευρῶν
1529 555 1792 625 ἐργασίαν
1821 559 1861 615 Α

1913 567 2049 612 iarte
2099 557 2341 627 qualibet
2397 556 2573 612 tribus
2627 556 2765 627 palis
2795 567 3079 627 compacta
3131 573 3194 614 ac
3229 561 3466 628 ﬁrmata,

207 653 303 704 καὶ
325 648 674 721 περίφραξιν.
711 647 787 700 Τὺ
830 647 887 700 δὲ
923 646 1086 717 μέσον
1110 645 1212 715 τῆς
1241 646 1448 701 είσὸδου
1483 647 1792 700 κατεπεπέο

203 759 376 796 ταστο
415 741 493 810 τῷ
520 741 627 793 τῶν
684 746 730 793 κ’
773 737 964 809 πηχῶν
1010 738 1503 808 καταπετάσματι,
1559 738 1637 809 τῷ
1680 740 1791 792 τῶν

207 835 496 903 τεσσάρων
523 831 748 902 βαθμῶν
782 830 1212 900 καθυφασμένῳ.
1270 830 1416 884 Είσω
1463 831 1519 885 δὲ
1547 832 1646 901 τῆς
1679 834 1792 884 εἰσ-

203 924 349 990 όδὸυ,
373 925 573 997 λουτὴρ
601 927 832 997 χάλκεος
860 921 949 997 ἦν,
991 925 1092 997 τὴν
1155 925 1313 996 βάσιν
1367 926 1574 996 χαλκῆν
1629 926 1789 996 ἔχων,

206 1021 269 1087 ἐξ
297 1015 361 1074 οὑ
389 1023 438 1074 οί
467 1023 630 1091 ἱερεῖς
670 1019 770 1083 τὰς
798 1022 988 1091 χεῖρας
1015 1018 1372 1083 ἀποπλύνειν,
1429 1019 1524 1072 καὶ
1548 1019 1658 1070 τῶν
1693 1036 1790 1071 πο-

206 1116 315 1168 δῶν
345 1114 458 1182 (22)
487 1115 778 1182 κατασχεῖν
809 1111 902 1165 τοῦ
932 1112 1122 1173 ὓδατος
1150 1111 1272 1165 ὅτου
1315 1113 1373 1163 ὲν
1414 1111 1563 1177 αὑτῷ
1588 1111 1788 1180 παρῆν.

209 1207 324 1260 Kal
353 1208 381 1259 ὁ
405 1205 506 1278 μὲν
537 1204 823 1275 περίϐολος
861 1203 1035 1266 οὑτως
1058 1199 1149 1274 ἦν,
1183 1203 1322 1257 δτοῦ
1353 1203 1588 1272 αἰθρίου.

210 1322 464 1376 ΚΕΦΔΛ.
501 1318 648 1374 PlA'.
669 1348 740 1358 —
767 1316 1002 1371 Ὀποῒον
1027 1313 1107 1387 ἦν
1134 1318 1199 1370 τὸ
1243 1317 1526 1386 Ἀγίασμα
1552 1318 1657 1372 τοῦ
1690 1335 1792 1371 πε-

446 1392 715 1458 ριϐόλου,
749 1389 781 1442 ὃ
811 1387 1074 1456 Μωῦσῆς
1108 1390 1542 1441 κατεσκεύασε.

281 1504 360 1556 Th
400 1503 457 1556 δὲ
491 1504 768 1573 ’Δγίασμα
803 1503 967 1572 μέσον
994 1500 1088 1553 τοῦ
1130 1499 1437 1571 περιϐόλου,
1470 1503 1644 1569 μῆκος
1671 1502 1793 1571 ἔχον

211 1601 308 1652 tul
337 1599 534 1669 πήχεις
564 1597 884 1662 λ’,πλάτους
914 1597 1108 1665 πήχεις
1126 1594 1171 1664 γ’
1197 1595 1335 1665 ('25),
1353 1596 1487 1665 πρὸς
1527 1595 1794 1658 ἀνατολάς

213 1692 436 1760 βλέπον.
457 1690 532 1744 Τὸ
559 1689 615 1744 δὲ
645 1689 819 1759 μῆκος
854 1686 965 1740 τῶν
989 1687 1286 1757 τριάκοντα
1312 1686 1503 1755 πηχῶν
1533 1688 1591 1738 ἐν
1621 1687 1794 1738 κίοσιν

212 1785 400 1854 ἵδρυτο
422 1781 492 1849 κ’,
522 1781 911 1853 τετραγώνοις,
951 1778 1204 1845 ξυλίνοις,
1235 1780 1622 1848 καταχρύσοις,
1659 1780 1792 1832 ἑκά-

214 1893 354 1945 στης
403 1875 644 1945 πλευρᾶς
687 1873 807 1936 ἑνὸς
855 1873 1098 1942 ἡμίσεως
1151 1872 1355 1941 πήχεος
1376 1870 1640 1941 ζάλλήλων
1691 1873 1795 1940 ἁφ-
1829 1891 1872 1946 Β

211 1969 527 2039 ιστηκὼιν.
558 1967 620 2020 ⁸0
662 1967 718 2020 δὲ
753 1965 892 2018 κατὰ
942 1965 1093 2018 δύσιν
1123 1967 1300 2033 τοῖχος
1333 1963 1522 2032 πηχῶν
1544 1963 1711 2034 τριῶν
1738 1959 1795 2016 ἐν

209 2061 276 2126 ιξ
313 2061 456 2113 κίοσι
487 2060 805 2126 συνέστηκε.
845 2056 1092 2125 Συνῆσαν
1141 2056 1196 2107 δὲ
1228 2055 1480 2126 ἀλληλοις
1509 2057 1795 2126 ἡρμοσμέ-

212 2171 321 2218 vet,
352 2151 496 2205 ῶστε
525 2151 702 2204 δοκεῖν
736 2150 832 2202 ἕνα
857 2151 1148 2220 τοῖχοντὴν
1171 2149 1478 2202 συντέλεσιν
1506 2149 1796 2219 ὁλόχρυσον

210 2243 377 2310 εἶναι,
411 2244 732 2316 μεμυκότων
765 2244 872 2296 τῶν
912 2241 1103 2313 ἁρμῶν
1157 2241 1359 2294 ἔσωθεν
1413 2243 1510 2295 καὶ
1572 2240 1793 2305 ἔξωθεν.

213 2335 348 2408 Εἶχε
368 2337 484 2408 γὰρ
513 2336 745 2400 ἕκαστος
795 2335 928 2388 κίων
951 2337 1097 2405 τρεῖς
1146 2333 1444 2404 σπιθαμὰς,
1493 2333 1635 2387 ὥστε
1665 2351 1799 2404 συμ-

215 2427 563 2500 πληροῦσθαι
593 2428 654 2480 τὸ
688 2427 863 2497 μῆκος
889 2425 998 2479 τῶν
1018 2425 1313 2496 τριάκοντα
1342 2426 1533 2495 πηχῶν
1565 2426 1670 2479 ὑπὸ
1691 2425 1800 2480 τῶν

214 2523 395 2577 εἴκοσι
425 2520 642 2584 κιόνων,
675 2518 771 2572 καὶ
806 2518 914 2571 τῶν
942 2518 1074 2571 δέκα
1128 2519 1231 2570 ὑπὸ
1260 2519 1369 2571 τῶν
1395 2519 1473 2583 ἓξ.
1515 2519 1799 2589 Ἐγγώνιοι

214 2612 276 2664 δὲ
305 2611 403 2666 δύο
425 2610 602 2673 κίονες
625 2605 764 2680 ἦσαν
779 2608 974 2674 ὀπίσω,
1001 2609 1110 2662 ἀπὸ
1139 2611 1341 2680 πήχους
1371 2611 1488 2672 ἑνὸς
1515 2613 1799 2665 συνάπτον-

217 2721 311 2769 τες
333 2705 413 2776 τῷ
447 2704 644 2758 πλάτει
666 2702 727 2756 τὸ
774 2703 968 2772 μῆκος.
999 2703 1098 2769 ᾼιὰ
1128 2703 1185 2755 δὲ
1215 2704 1433 2756 πάντων
1469 2703 1577 2758 τῶν
1604 2705 1799 2758 κιόνων

216 2798 477 2854 ἐπέκειτο
503 2795 863 2867 διατρέχουσα
892 2795 990 2864 μία
1006 2795 1442 2866 ,συμπλεκομένη
1471 2797 1644 2860 σανὶς,
1677 2814 1801 2866 γιγ-

217 2891 457 2960 γλυμοῖς
481 2888 593 2958 (24)
620 2885 807 2957 θήλεσι
841 2885 935 2938 καὶ
968 2885 1163 2955 ἄρρεσι
1182 2888 1544 2957 κατεχομένη,
1581 2889 1714 2958 πρὸς
1742 2889 1801 2941 το

217 2981 360 3054 μήθ’
393 2981 487 3035 ὑπ’
510 2980 728 3049 ἀνέμων
769 2977 1156 3048 κραδαίνεσθαι
1197 2978 1295 3048 τὴν
1334 2981 1560 3049 σκηνὴν,
1586 2979 1701 3034 ἀλλ’
1745 2984 1802 3033 ἐν

217 3074 434 3145 ἠρεμίᾳ
459 3073 627 3142 πολλῇ
653 3071 1133 3139 διαφυλάττεσθαι.
1169 3071 1211 3122 Τ
1214 3071 1242 3122 ὸ
1275 3072 1329 3124 δὲ
1360 3071 1507 3124 ἔνδον
1539 3073 1637 3141 τῆς
1670 3090 1802 3141 σκη-

219 3168 323 3237 νῆς
358 3168 437 3228 είς
471 3165 598 3235 τρία
631 3163 855 3235 διῄρητο
887 3163 1027 3217 κατὰ
1076 3162 1266 3232 πηχῶν
1309 3161 1362 3225 ι’,
1395 3168 1487 3216 καὶ
1513 3158 1582 3232 ἦν
1603 3165 1664 3218 τὸ
1707 3164 1804 3232 μὲν

1889 646 2041 716 juxta
2089 649 2378 704 artiﬁcium
2428 658 2484 706 et
2512 650 2871 704 munitionem
2930 651 3096 706 trium
3132 653 3466 724 reliquorum

1893 741 2144 795 laterum.
2202 740 2435 796 Medium
2469 743 2726 798 introitus
2763 742 2996 798 velatum
3058 753 3176 799 erat
3223 745 3343 799 velo
3400 763 3469 800 xx

1892 835 2228 897 cubitorum,
2248 844 2508 891 contexto
2531 848 2764 906 quatuor
2794 836 3036 890 colorum
3065 837 3372 904 generibus.
3392 837 3472 892 ln-

1895 925 2282 979 traintroitum
2341 933 2460 979 erat
2513 925 2723 981 labrum
2769 942 2972 980 aereum
3029 926 3234 982 habens
3275 942 3472 981 :eream

1896 1017 2173 1076 hasim,ex
2204 1031 2314 1086 quo
2335 1017 2644 1072 sacerdotes
2671 1034 2865 1074 manus
2893 1018 3169 1083 iurabant,
3203 1018 3474 1088 pedesque

1893 1108 2114 1162 abluere
2145 1116 2396 1178 poterant
2425 1123 2589 1177 aqua,
2629 1125 2751 1178 quae
2807 1110 2858 1164 in
2896 1125 2960 1164 eo
2987 1119 3124 1165 erat.
3173 1109 3350 1180 Atque
3385 1109 3473 1165 blc

1892 1203 2112 1270 quidem
2143 1201 2382 1256 ambitus
2411 1210 2530 1256 erat
2558 1202 2694 1270 sepzi
2725 1202 3012 1258 subdialis.

1893 1315 2044 1370 CAP.
2076 1313 2211 1370 CXI.
2240 1343 2302 1356 —
2329 1312 2643 1384 Cujusmodi
2668 1323 2783 1368 erat
2826 1318 3191 1370 cunctantium
3218 1317 3474 1382 ambitu,

2313 1383 2450 1454 quod
2480 1383 2688 1454 Moyses
2719 1385 2920 1453 fecerat
2953 1385 3020 1441 ".

1968 1495 2350 1550 Sauctuarium
2389 1499 2439 1551 in
2484 1499 2662 1553 medio
2700 1509 2818 1553 erat
2853 1508 3028 1568 septo,
3081 1500 3475 1571 longitudinem

1900 1588 2105 1642 habens
2132 1588 2200 1642 ad
2235 1589 2450 1644 cubitus
2504 1607 2632 1653 xxx,
2679 1592 3016 1646 latitudinem
3068 1594 3380 1648 cubitorum
3419 1610 3476 1660 x,

1897 1679 2330 1750 respiciebatque
2381 1683 2448 1735 ad
2479 1681 2767 1737 orientem.
2819 1683 3126 1753 Longitudo
3176 1699 3336 1754 porro
3388 1684 3480 1740 illa

1899 1773 2115 1842 triginta
2149 1775 2455 1828 cubitorum
2491 1775 2870 1829 sustinebatur
2921 1776 3192 1831 columnis
3219 1793 3307 1840 xx,
3339 1792 3477 1846 qua-

1900 1864 2090 1928 dratis,
2120 1865 2332 1935 ligneis,
2365 1867 2657 1932 deauratis,
2686 1883 2750 1921 ex
2775 1868 3020 1936 quolibet
3047 1869 3217 1922 latere
3250 1866 3480 1921 dimidio

1904 1955 2086 2010 cubito
2108 1956 2340 2011 invicem
2367 1957 2718 2011 distantibus.
2763 1956 2949 2013 Paries
2978 1958 3070 2027 qui
3101 1966 3219 2028 erat
3246 1957 3313 2011 ad
3335 1955 3483 2012 occi-

1901 2045 2117 2100 dentem
2144 2048 2308 2102 triutn
2361 2049 2692 2111 cubitorum,
2730 2050 3014 2102 constabat
3061 2065 3151 2103 sex
3185 2048 3481 2104 columnis.

1903 2134 2307 2206 Coaptabantur
2334 2155 2496 2209 porro
2528 2139 2783 2204 invicem,
2823 2151 2881 2193 ut
2916 2140 3189 2194 videretur
3209 2139 3400 2194 conﬁci
3416 2155 3483 2194 ex

1905 2228 2012 2283 illis
2042 2245 2182 2285 unus
2211 2245 2399 2286 murus
2436 2241 2583 2286 toms
2604 2248 2828 2297 aureus,
2857 2233 3182 2287 cocuntibus
3209 2231 3485 2302 juncturis

1905 2319 2137 2376 interius
2165 2330 2326 2392 atque
2367 2323 2630 2379 exterius.
2666 2323 2908 2378 llabebat
2938 2326 3083 2378 enim
3104 2324 3358 2392 qua-libet
3392 2338 3486 2376 co-

1907 2414 2090 2467 lumua
2121 2424 2231 2468 tres
2262 2414 2586 2484 spithamas,
2621 2415 2695 2469 ita
2723 2423 2782 2470 ut
2814 2415 3176 2484 compleretur
3202 2413 3483 2484 longitudo

1907 2505 2125 2574 triginta
2155 2506 2462 2561 cubitorum
2501 2522 2532 2561 a
2582 2506 2772 2575 viginti
2806 2506 3098 2569 columnis,
3151 2514 3207 2560 et
3235 2506 3420 2561 decem
3452 2523 3484 2558 a

1906 2595 2022 2652 sex.
2054 2597 2354 2666 Angulares
2391 2607 2570 2652 autem
2593 2598 2715 2652 duze
2736 2599 3007 2653 colutnnze
3029 2606 3186 2652 erant
3219 2607 3390 2661 retro,
3419 2611 3488 2652 ex

1910 2703 2018 2743 uno
2048 2687 2235 2742 cubito
2282 2695 2600 2756 coaptantes
2640 2687 2912 2742 latitudini
2942 2686 3356 2757 longitudinem.
3387 2685 3491 2741 Per

1910 2793 2100 2833 omnes
2138 2793 2264 2831 vero
2314 2779 2600 2833 columnas
2658 2779 2943 2834 insistebat
2992 2779 3177 2834 tabula
3209 2793 3340 2841 una,
3367 2793 3492 2849 quae

1909 2877 2059 2924 arcte
2082 2868 2365 2938 complexa
2395 2869 2758 2936 discurrebat,
2806 2870 3124 2927 cardinibus
3173 2871 3394 2925 feminis
3437 2879 3495 2926 et

1911 2963 2169 3019 masculis
2219 2965 2452 3028 tlrmata,
2506 2975 2566 3019 ut
2602 2981 2670 3020 ne
2697 2982 2727 3019 a
2763 2964 2938 3020 ventis
2971 2965 3192 3035 quidem
3228 2974 3490 3018 concute-

1913 3063 2061 3108 retur
2084 3054 2523 3120 tabernaculum,
2554 3057 2649 3110 sed
2710 3057 2880 3111 multa
2926 3058 3109 3127 quiete
3142 3057 3488 3112 consisteret.

1915 3145 2160 3215 Spatium
2222 3147 2365 3202 intra
2424 3147 2836 3204 tabernaculum
2892 3147 3376 3204 distertniuabatur
3438 3145 3494 3201 in

223 3257 502 3310 ὲσῶτατον
524 3257 718 3310 ἄδυτον
742 3255 930 3325 πηχῶν
961 3251 1011 3318 ι’,
1041 3257 1152 3316 τοῖς
1172 3253 1411 3324 ἱερεῦσιν
1436 3253 1657 3308 ἄϐατον.
1677 3254 1808 3308 Τὲσ-
1831 3252 1861 3309 ί

1914 3239 2038 3301 tria,
2072 3240 2138 3292 ad
2173 3255 2480 3294 mensuram
2515 3240 2828 3295 cubitorum
2882 3255 2936 3304 χ,
2972 3251 3199 3308 eratque
3254 3239 3494 3293 maxime

225 3363 400 3418 σαρες
428 3347 483 3400 δὲ
517 3348 696 3409 κίονες
726 3348 828 3399 [σοι
874 3348 986 3407 τοῖς
1019 3345 1199 3408 ἄλλοις
1246 3344 1480 3414 διεῖργον
1512 3345 1572 3398 τὸ
1620 3346 1812 3400 ἄδυτον

224 3439 322 3493 τοῦ
349 3439 636 3503 ὲξωτάτου.
666 3439 728 3491 Ol
752 3439 809 3492 δὲ
837 3437 1018 3490 λοιποὶ
1043 3439 1238 3507 πήχεις
1278 3437 1473 3501 εἴκοσι,
1499 3439 1546 3489 oi
1582 3438 1687 3504 πρὸ
1714 3436 1811 3490 τοῦ

223 3535 449 3598 ἀδύτου,
497 3537 611 3596 τοῖς
676 3533 880 3604 ἱερεῦσι
937 3533 1126 3603 μόνοις
1174 3531 1465 3596 ἐξέκειντο.
1490 3530 1562 3585 Τὸ
1589 3532 1648 3586 δὲ
1682 3531 1812 3601 μέτ-

219 3645 401 3692 ωπον,
464 3627 524 3694 ἐξ
580 3620 750 3698 οὗπερ
794 3628 827 3696 ή
861 3626 1060 3688 εἴσοδος
1088 3620 1176 3695 ἦν,
1211 3625 1372 3677 πέντε
1418 3626 1558 3677 κίοσι
1592 3623 1813 3694 διαχρύ-

228 3735 370 3783 σοις,
400 3721 535 3781 ίσοις
574 3722 684 3781 τοῖς
729 3718 930 3782 ἄλλοις,
966 3718 1271 3780 συνίστατο,
1329 3717 1557 3786 χαλκαῖς
1595 3716 1815 3786 βάσεσιν

225 3812 555 3881 ἐφεστῶσιν.
589 3808 713 3880 Εἶχε
740 3812 795 3864 δὲ
828 3809 1226 3880 καταπέτασμα
1250 3810 1313 3862 ἐκ
1341 3809 1541 3879 βύσσου
1567 3810 1660 3862 καὶ
1684 3827 1815 3879 πορ-

225 3904 415 3972 φύρας
437 3904 524 3955 καὶ
549 3903 805 3955 ὑακίνθου
851 3904 943 3954 καὶ
975 3904 1232 3955 κοκκίνου
1265 3899 1446 3970 βαφῆς
1479 3899 1726 3971 ἕμπηχον
1762 3899 1815 3965 ι’,

234 3996 333 4048 καὶ
365 3993 625 4064 διῄρηντο
653 3996 701 4046 οἱ
732 3993 866 4047 δέκα
921 3993 1115 4063 πήχεις
1165 3991 1258 4044 τοῦ
1303 3990 1496 4043 ἀδύτου
1525 3989 1695 4060 τούτῳ
1740 3989 1818 4059 τῷ

231 4092 714 4158 καταπετάσματι.

310 4262 420 4315 Kal
465 4263 494 4313 ὁ
548 4261 650 4332 μὲν
702 4262 828 4326 ναὸς
879 4264 1086 4331 ’Ἄγιος
1130 4263 1399 4325 ἐκαλεῖτο,
1446 4263 1474 4314 ὁ
1530 4260 1816 4326 ἐξώτατος.

236 4355 450 4424 ’Δτιον
474 4355 532 4408 δὲ
565 4355 770 4423 ἁγίων,
804 4354 866 4407 τὸ
905 4355 1119 4412 ἄδυτον.
1175 4354 1249 4406 Τὸ
1281 4354 1339 4406 δὲ
1391 4352 1608 4423 ¹ινξρῶτον
1636 4353 1745 4406 τῶν
1772 4359 1820 4407 κ’

235 4448 432 4516 πηχῶν
459 4447 623 4519 μέρος
655 4445 893 4519 ἱερεῦσιν
920 4449 1101 4501 ἀνεῖτο
1125 4447 1533 4515 ὑποδυομένοις.
1563 4447 1639 4498 Τὸ
1668 4446 1778 4499 τῶν
1793 4446 1822 4499 ι’

234 4539 299 4593 δὲ
320 4541 513 4610 πηχῶν
539 4541 876 4609 apricis/Am!
923 4541 1016 4594 καὶ
1043 4544 1151 4610 πρὸ
1173 4539 1263 4593 τοῦ
1296 4539 1576 4608 μετώπου,
1614 4540 1822 4611 φάρσος

238 4594 610 4704 ludimus-’0';
656 4632 767 4687 άπὸ
810 4633 1011 4698 κάλων,
1054 4594 1146 4687 ἐπὶ
1199 4594 1401 4703 θάτερα
1444 4594 1656 4702 κρίκοις
1695 4594 1824 4686 ’ἐπιί
1858 4594 1898 4648 1)

242 4727 614 4794 συναγόμενος
678 4726 813 4796 πρός
870 4743 928 4778 τε
962 4727 1023 4779 τὸ
1080 4725 1513 4779 ἐκπετάννυσθαι
1548 4727 1644 4778 καὶ
1701 4743 1826 4777 συν-

241 4818 574 4887 εφέλκεσθαι
623 4819 767 4872 κατὰ
798 4818 1023 4885 γωνίαν.
1074 4819 1183 4872 Kal
1224 4818 1334 4889 γὰρ
1366 4820 1424 4871 ὲν
1476 4819 1596 4880 ταῖς
1627 4819 1826 4888 ἐπισή-

247 4928 371 4980 μοις
403 4909 638 4980 ἡμέραις
677 4911 1039 4982 ἐπισυνήγετο
1099 4911 1234 4980 πρὸς
1282 4910 1342 4965 τὸ
1371 4909 1824 4964 κατοπτεύεσθαι.

243 5001 431 5060 Ἦσαν
463 5005 518 5059 δὲ
548 5007 641 5059 καὶ
673 5006 906 5059 «vam;
941 5003 1354 5076 περιτιθέμεναι
1384 5002 1462 5074 τῷ
1504 5002 1827 5073 ἁγιάσματι.

249 5101 360 5154 Kal
400 5102 495 5154 ἐπὶ
521 5104 638 5164 ταῖς
676 5101 897 5167 σινδόσι,
931 5097 1253 5169 βεϐαμμένα
1310 5095 1581 5159 ποικίλαις
1630 5095 1826 5164 βαφαῖς

245 5193 417 5262 ἕτερα
454 5191 809 5262 καλύμματα,
843 5191 979 5261 πρὸς
1017 5190 1078 5243 τὸ
1105 5189 1230 5252 τοὺς
1262 5187 1538 5258 χειμῶνας
1583 5187 1820 5256 ἐπέχειν.

248 5285 366 5338 Kal
388 5284 574 5338 ῖπάνω
602 5282 808 5338 τούτων
839 5283 998 5338 ἄλλαι
1026 5281 1274 5352 διφθέραι
1307 5281 1696 5349 πεποιημέναι,
1731 5295 1828 5330 κα-

251 5377 554 5430 λύπτουσαι
575 5375 641 5428 τὰ
671 5377 1034 5445 σκεπάσματα
1052 5376 1111 5428 ἐν
1139 5376 1250 5438 τοῖς
1287 5372 1479 5435 ὑετοῖς.

323 5641 368 5672 ⁸⁷
405 5638 575 5694 Exod.
609 5655 755 5693 xxvi.

334 5799 448 5872 (ΞΕ)
483 5797 676 5872 Lor-us
699 5799 941 5872 vitiatus.

331 5867 444 5938 (25)
473 5869 727 5925 Ιῑυεειοώρ
770 5867 820 5922 ι’.

1916 3332 2189 3386 internum
2243 3331 2480 3402 Adytutn
2534 3333 2841 3387 cubitorum
2873 3348 2928 3394 x.
2965 3331 3344 3386 sacerdotibus
3375 3330 3493 3383 ina-

1915 3436 2154 3475 cessum.
2190 3421 2435 3486 Quatuor
2462 3431 2643 3476 autem
2678 3423 2948 3476 columna:
2981 3422 3219 3489 aequales
3253 3420 3378 3473 aliis
3406 3435 3497 3473 se.-

1917 3514 2181 3584 parabant
2214 3515 2446 3585 Adytum
2500 3530 2532 3568 a
2570 3524 2721 3583 parte
2785 3516 3010 3568 extima.
3057 3513 3270 3582 lleliqui
3308 3511 3496 3581 viginti

1917 3606 2107 3671 cubiti,
2133 3605 2228 3676 qui
2259 3615 2415 3661 erant
2443 3615 2572 3662 ante
2603 3607 2865 3677 Adytutn,
2928 3607 3185 3676 patebant
3217 3605 3351 3660 solis
3403 3619 3494 3659 sa-

1918 3699 2254 3755 cerdotibus.
2288 3697 2480 3763 Frons,
2515 3699 2659 3754 unde
2691 3709 2808 3754 erat
2844 3699 3124 3769 ingressus
3147 3736 3164 3763 ,
3214 3697 3502 3752 constabat

1919 3793 2161 3862 quinque
2186 3792 2458 3848 columnis
2471 3793 2996 3857 deauratis,c2teris
3017 3792 3316 3862 aequalibus
3337 3789 3503 3845 aeneis

1921 3883 2146 3939 hasibus
2178 3883 2579 3939 insistentibus.
2633 3883 2878 3939 llabebat
2926 3883 3106 3939 velum
3136 3898 3202 3938 ex
3244 3883 3408 3954 bysso
3437 3898 3502 3936 ac

1920 3991 2182 4046 purpura,
2207 3985 2261 4030 et
2282 3976 2579 4047 hyacintho
2610 3987 2774 4047 atque
2823 3977 3036 4032 cocciui
3068 3977 3307 4035 tinctura
3346 3975 3505 4031 cubi-

1922 4082 2100 4124 torum
2133 4084 2185 4135 x,
2235 4066 2739 4141 separabanlurque
2770 4071 2959 4126 decem
2994 4071 3166 4127 cubiti
3202 4069 3362 4141 Adyti
3385 4067 3505 4124 velo

1925 4165 2050 4220 isto.

1995 4261 2071 4314 Ac
2100 4259 2358 4329 templum
2384 4257 2603 4328 quidem
2639 4257 3015 4326 appellabatur
3051 4255 3330 4322 Sanctum,
3356 4254 3503 4325 quod

1913 4328 2184 4404 extimum
2215 4328 2379 4405 erat.
2432 4347 2689 4405 Sanctum
2734 4358 3042 4402 sanctorum
3094 4363 3223 4402 vero
3248 4348 3507 4402 audiebat

1926 4445 2159 4514 Adytum
2195 4444 2392 4512 ipsum.
2423 4440 2604 4496 Prima
2653 4457 2778 4512 pars
2810 4458 2876 4495 xx
2931 4441 3238 4496 cubitorum
3273 4441 3501 4510 permit-

1928 4538 2142 4590 tebatur
2175 4535 2547 4591 sacerdotibus
2598 4534 3043 4604 ingredientibus.
3072 4533 3143 4587 At
3171 4520 3502 4589 vestibulum

1928 4638 2052 4682 ante
2082 4629 2365 4682 introitum
2397 4628 2707 4681 cubitorum
2759 4641 2812 4691 x,
2843 4626 2989 4696 quod
3025 4635 3144 4680 erat
3175 4635 3301 4680 ante
3347 4624 3503 4680 fron-

1929 4731 2058 4788 tem,
2098 4722 2375 4790 separabat
2437 4720 2612 4773 velum
2663 4734 2991 4785 suspensum
3046 4717 3290 4783 luuibus,
3357 4719 3505 4788 quod

1932 4817 2188 4884 utrinque
2215 4814 2433 4867 annulis
2460 4815 2781 4883 cogebatur,
2838 4821 2897 4865 ut
2921 4820 2975 4866 et
3007 4812 3222 4865 extendi
3270 4822 3324 4867 et
3375 4827 3507 4865 con-

1932 4908 2073 4962 trahi
2103 4917 2286 4976 posset
2326 4905 2392 4959 ad
2420 4904 2704 4975 angulum.
2722 4903 3032 4972 Insignibus
3057 4919 3293 4973 namque
3317 4904 3510 4959 diebus

1933 5001 2247 5069 cogebatur,
2278 5007 2336 5052 ut
2366 5005 2682 5068 prospectus
2707 5006 2931 5065 pateret.
2977 4997 3144 5050 Erant
3170 4998 3333 5049 etiam
3358 5012 3509 5067 quaa-

1933 5092 2059 5145 dam
2114 5088 2371 5144 siudoucs
2422 5086 2825 5155 circumpositae
2867 5086 3201 5150 sanctuario,
3250 5095 3304 5140 et
3346 5101 3511 5150 super

1937 5181 2260 5235 SillJOllibllS
2287 5179 2623 5245 operimenta
2663 5179 2766 5231 alia
2803 5178 2970 5232 tincta
3012 5175 3177 5230 variis
3206 5177 3507 5239 coloribus,

1938 5273 2003 5327 ad
2038 5271 2399 5327 resistendum
2459 5270 2891 5338 tempestatibus.
2945 5270 3021 5321 Ac
3057 5282 3221 5336 supra
3273 5267 3360 5323 his
3391 5268 3511 5322 alia:

1942 5367 2104 5436 pelles
2138 5365 2426 5419 elaborata:
2458 5363 2833 5432 cooperientes
2867 5361 2982 5430 ipsa
3032 5368 3341 5429 tegumenta
3373 5367 3512 5416 tem-

1942 5471 2072 5525 pore
2105 5458 2430 5526 pluviarum.

2017 5789 2127 5856 (li)
2160 5792 2263 5846 Ms.
2297 5790 2654 5860 γιγγλίσκοις.
