4248 6438
200 418 300 479 133

1373 410 1748 470 LIBELLUS
1789 409 2299 472 MEMORIALIS.

3347 415 3451 481 l34

195 531 310 593 γεῖς
340 528 443 588 ἓως
467 525 655 597 τρίτου
695 521 926 593 οὐρανοῦ
979 522 1104 592 ἔφη.
1149 523 1284 575 Οὐδὲ
1311 521 1486 576 ταῦτα
1512 523 1632 574 τίνα
1659 524 1776 575 ἐστὶ
1808 533 1846 587 Α

1881 532 2072 591 raptus
2103 536 2277 589 usque
2309 519 2375 573 ad
2414 521 2633 573 tertium
2662 521 2882 574 cmlum.
2919 521 3026 578 Nec
3057 523 3159 580 ista
3200 538 3451 595 quanam

195 619 302 687 χρὴ
333 619 535 687 ζητεῖν.
574 619 639 669 Ἀ
672 617 780 684 γάρ
823 616 936 666 οὐκ
985 613 1129 676 ἐξὸν
1168 613 1457 682 ἀνθρώπῳ
1487 613 1772 681 λαλῆσαι,

195 710 289 760 καὶ
308 709 470 768 αὐτὸς
493 710 521 759 ό
556 706 877 767 Ἀπόστολος
906 705 1034 773 ἔφη.

278 802 532 867 Ἰωάννης
585 794 788 850 εἷπεντ
838 798 897 850 Ἀ
951 796 1259 864 ὀφθαλμὸς
1306 798 1419 850 οὐκ
1479 794 1620 858 εἶδε,
1677 795 1776 848 καὶ

196 884 307 953 οὖς
337 891 447 942 οὐκ
485 888 737 955 ἤκουσε,
771 888 870 939 καὶ
898 886 998 938 ἐπὶ
1027 885 1283 954 καρδίαν
1310 887 1625 954 ἀνθρώπου
1667 887 1779 939 οὐκ

195 981 406 1047 ἀνέϐη,
437 979 476 1033 d
510 980 841 1046 ἡτοίμασεν
875 981 907 1032 ὁ
931 978 1074 1043 Θεός
1095 965 1218 1044 τοῖς
1236 978 1551 1046 ἀγαπῶσιν
1570 979 1775 1031 αὐτόν.

199 1076 324 1135 Ilii);
353 1077 448 1126 uad.
476 1072 650 1125 ταῦτα
681 1070 872 1140 νοῆσαί
903 1088 983 1132 τις
1007 1066 1117 1132 οἷός
1145 1088 1202 1122 τε
1227 1072 1332 1140 εἴη.
1361 1069 1399 1124 ἃ.
1430 1071 1567 1141 μήτε
1593 1070 1772 1140 αἰσθή-

199 1182 306 1226 σει,
341 1167 479 1233 μήτε
516 1169 697 1232 νοήσει
739 1164 1070 1217 ὑποπίπτειν
1098 1164 1358 1228 δυνατὸν;

267 1259 344 1308 Τὸ
386 1259 681 1325 διάστημα,
708 1256 770 1308 τὸ
815 1255 922 1326 τιρὸ
969 1255 1070 1324 τῆς
1122 1254 1218 1308 τοῦ
1258 1254 1435 1323 φωτὸς
1486 1254 1777 1321 γενέσεως,

197 1349 308 1400 τῶν
338 1349 529 1417 χρόνον
557 1348 760 1416 μορίων
788 1347 887 1398 οὐκ
913 1348 1105 1411 ὄντων,
1138 1347 1200 1399 οὐ
1229 1346 1601 1416 καταληπτὸν,
1633 1345 1779 1415 μόνῳ

199 1439 319 1507 Ηεῷ
342 1439 710 1506 ἐγνωσμένον.

270 1530 496 1582 Τοιοῦτο
523 1532 616 1583 καὶ
659 1530 720 1582 τὸ
756 1530 900 1582 κατὰ
953 1529 1069 1600 (58)
1123 1530 1223 1599 τὴν
1246 1528 1511 1600 ισομένην
1540 1525 1637 1578 τοῦ
1684 1527 1778 1579 κό-

200 1636 344 1687 σμου
381 1619 714 1690 συναίρεσιν,
745 1621 851 1686 ἓως
901 1620 1225 1685 ἀναδείξεως
1271 1620 1371 1688 τῆς
1423 1618 1617 1686 καινῆς
1661 1617 1783 1669 κτί-

203 1729 366 1777 σεως,
392 1713 702 1780 ἐννοοῦμεν.

274 1804 340 1856 Αἰ
378 1803 564 1873 νοεραὶ
619 1805 798 1857 οὐσίαι
851 1807 918 1858 τὰ
945 1804 1182 1874 αἰσθητὰ
1217 1803 1314 1857 καὶ
1347 1800 1636 1872 σωματικά
1661 1799 1780 1862 πῶς

197 1897 391 1966 ὁρῶσι,
431 1898 714 1965 κρείττους
743 1896 1047 1966 αἰσθήσεως
1080 1894 1236 1947 οὖσαι
1263 1912 1277 1959 ;

271 1984 383 2038 Τοῦ
426 1985 560 2039 Θεοῦ
607 1987 705 2055 τὴν
761 1983 1158 2053 ἐφθαλμοφανῆ
1191 1981 1341 2047 θέαν,
1397 1980 1628 2050 ἀοράτου
1679 1976 1777 2046 τὴν

200 2076 366 2144 φύσιν
397 2076 570 2140 δντος.
606 2076 755 2130 Θεὸν
782 2078 914 2146 γὰρ,
961 2075 1147 2144 φησὶν,
1179 2071 1380 2136 οὐδεὶς
1415 2071 1636 2138 ὲάιρακε
1663 2066 1778 2120 πώ-

199 2185 367 2223 ποτε.
401 2168 471 2221 Τὸ
531 2168 638 2238 γὰρ
681 2168 820 2240 μόνῃ
866 2167 1084 2236 καθαρᾷ
1129 2166 1325 2234 καρδίᾳ
1370 2162 1657 2233 θεώμενον,
1696 2163 1782 2212 αίά

201 2261 422 2330 σθητοῖς
449 2261 750 2331 ὀφθαλμοῖς
780 2259 1010 2314 θεᾶσθαι
1040 2259 1155 2321 πῶς
1188 2252 1300 2310 οἷόν
1333 2273 1426 2322 τες

273 2440 734 2510 Δυσκατάληπτος
771 2439 866 2493 καὶ
900 2440 934 2509 ἡ
963 2439 1055 2491 τοῦ
1108 2436 1326 2508 Ἰσραὴλ
1361 2437 1645 2507 σωματικὴ
1686 2439 1777 2490 εὐ-

200 2534 380 2604 λογία,
412 2535 471 2586 ὲν
495 2540 566 2585 σε’
610 2533 810 2602 ψυχαῖς
837 2532 933 2584 τοῦ
971 2528 1166 2584 Ἰακὼϐ
1193 2529 1542 2591 κατελθόντος
1582 2531 1660 2592 εἰς
1685 2528 1782 2581 Ai-

201 2644 430 2696 γυπτον,
456 2628 550 2679 καὶ
576 2626 717 2680 κατὰ
755 2627 850 2695 τὴν
887 2624 1154 2693 τετάρτην
1174 2622 1368 2691 γενεὰν
1419 2626 1476 2675 ἐν
1517 2621 1557 2686 ξ’
1590 2623 1782 2692 μυριά-

202 2735 287 2769 σιν
320 2716 533 2785 ἀνδρῶν
569 2713 973 2783 ἐξεληλυθότος.

275 2807 410 2876 Περὶ
439 2806 548 2874 γὰρ
579 2804 677 2873 τῆς
709 2802 920 2872 ἡμέρας
943 2800 1043 2869 τῆς
1070 2797 1376 2868 παρουσίας
1425 2799 1519 2850 τοῦ
1579 2798 1782 2867 Κυρίου

201 2899 297 2950 καὶ
321 2897 486 2959 αὐτὸς
518 2898 546 2948 ό
570 2895 775 2965 Κύριος
809 2893 1092 2958 ἀπέδειξεν
1128 2906 1140 2920 ⁸
1173 2895 1296 2961 Οὐχ
1315 2891 1482 2961 ὑμῶν
1500 2891 1610 2960 γάρ
1631 2893 1785 2952 ἐστι,

200 2991 465 3057 χρόνους
493 2985 530 3054 ἢ
559 2985 806 3053 καιροὺς
831 2984 1072 3049 ειδέναι,
1103 2985 1240 3052 πρὸς
1279 2984 1404 3046 τοὺς
1458 2982 1786 3043 ἀποστόλους

202 3082 332 3148 ἔφη,
364 3075 474 3144 οὓς
498 3078 532 3132 ὁ
566 3077 766 3143 Πατὴρ
787 3077 952 3130 ἔθετο
985 3077 1056 3129 ἐν
1082 3075 1159 3145 τῇ
1189 3075 1308 3142 ἰδίᾳ
1337 3075 1610 3140 ἐξουσίᾳ.

1882 615 1988 665 sint
2020 613 2143 665 licet
2168 611 2461 681 inquirere.
2479 610 2610 675 Qua:
2634 611 2778 665 cnim
2813 613 2965 666 hoino
2983 613 3125 682 loqui
3140 630 3240 669 nou
3262 626 3451 684 potest,

1881 703 1964 755 vel
1989 704 2216 771 ipsemet
2253 701 2550 771 Apostolus
2575 702 2670 755 ait.

1948 792 2185 847 Joannes
2215 795 2260 825 “
2280 796 2416 847 dixit
2438 811 2457 848 :
2474 795 2605 858 Quae
2626 798 2809 849 oculus
2831 814 2929 850 non
2955 798 3103 864 vidit,
3119 808 3169 852 et
3188 801 3332 853 auris
3350 817 3455 855 non

1882 885 2108 948 audivit,
2143 895 2190 937 et
2221 886 2274 937 in
2314 902 2403 938 cor
2428 887 2655 939 hominis
2684 904 2785 939 non
2809 890 3067 951 ascendit,
3101 905 3216 959 qua:
3242 907 3451 959 praepa-

1882 979 2013 1030 ravit
2045 978 2183 1032 Deus
2207 977 2542 1046 diligentibus
2575 981 2747 1034 illum.
2797 981 3080 1047 Quomodo
3105 993 3157 1036 et
3190 983 3291 1037 ista
3320 998 3450 1037 con-

1881 1070 2062 1138 cipere
2089 1068 2273 1122 animo
2297 1069 2420 1137 quis
2451 1071 2649 1134 valeat,
2688 1086 2809 1140 quae
2838 1087 3013 1140 neque
3062 1074 3164 1127 sub
3201 1088 3442 1137 sensum,

1884 1173 2061 1227 neque
2084 1156 2187 1212 sub
2223 1157 2492 1210 rationem
2521 1157 2715 1212 cadere
2751 1159 3026 1227 possunt?

1955 1248 2300 1303 Intervalium
2351 1247 2497 1318 quod
2535 1247 2634 1302 fuit
2666 1262 2955 1320 antequam
3009 1252 3100 1306 lux
3151 1263 3452 1317 crearetur,

1882 1353 2004 1392 cum
2036 1340 2293 1409 temporis
2333 1339 2613 1407 particula:
2647 1341 2812 1394 nullm
2833 1352 3040 1408 essent,
3066 1344 3453 1413 comprehendi

1884 1445 1990 1483 non
2020 1439 2215 1500 potest.
2239 1431 2350 1485 Soli
2383 1431 2491 1485 Deo
2531 1444 2718 1486 nOtum
2744 1441 2846 1486 est.

1955 1521 2235 1590 Ejusmodi
2278 1529 2369 1592 ;est
2423 1535 2477 1577 et
2511 1525 2664 1590 illud,
2694 1525 2840 1594 quod
2876 1524 3057 1580 ﬂueta
3106 1526 3290 1583 l‘utura
3323 1543 3452 1584 con-

1884 1615 2249 1668 summatione
2279 1617 2468 1668 mundi
2508 1632 2680 1684 usque
2717 1617 2781 1670 ad
2823 1617 3318 1674 manifestationem
3351 1636 3452 1674 no-

1884 1721 1963 1760 ναι
1993 1715 2278 1760 creaturm.

1951 1795 2348 1851 lntelleetuales
2394 1797 2647 1851 essentia:
2679 1797 2958 1853 sensibilia
3006 1808 3166 1866 atque
3194 1811 3452 1866 corporea

1808 1869 1852 1924 Β
1878 1901 2113 1956 quanam
2144 1889 2354 1940 ratione
2386 1889 2588 1954 vident,
2624 1905 2747 1944 cum
2780 1891 2888 1944 sint
2912 1905 3077 1944 sensu
3104 1888 3455 1958 superiores?

1948 1976 2278 2047 [nvestigare
2310 1993 2417 2032 non
2460 1978 2583 2033 licet
2634 1983 2701 2034 de
2761 1982 2960 2037 intuitu
3000 1982 3089 2037 Dei
3139 1997 3236 2050 per
3267 1981 3446 2034 visum

1881 2071 2188 2134 oculorum,
2223 2085 2348 2126 cum
2390 2071 2505 2140 ipse
2550 2073 2620 2126 sit
2678 2073 2964 2128 invisibilis
3024 2082 3239 2127 natura.
3283 2070 3453 2128 Deum

1879 2164 2051 2228 enim,
2077 2165 2279 2233 inquit,
2307 2179 2458 2218 nemo
2513 2165 2640 2217 vidit
2670 2180 2920 2234 unquam.
2948 2163 3105 2230 Quod
3153 2165 3300 2219 enim
3338 2167 3455 2222 solo

1882 2257 2087 2310 mundo
2131 2257 2296 2312 corde
2345 2259 2578 2322 videtur,
2641 2257 2994 2312 sensibilihus
3045 2257 3219 2313 oculis
3275 2257 3456 2312 videre

1882 2349 2156 2418 quomodo
2190 2351 2449 2420 possibile
2475 2349 2684 2403 fuerit?

1954 2442 2174 2497 Dilllcile
2239 2444 2402 2497 etiam
2456 2449 2637 2495 mente
2681 2440 2894 2511 concipi
2954 2451 3132 2511 potest
3189 2456 3454 2511 corporea

1882 2534 2096 2590 lsi-aclis
2147 2535 2472 2599 benedictio,
2498 2548 2622 2588 eum
2657 2535 2710 2587 in
2755 2549 2895 2587 Lxxv
2950 2532 3236 2586 animabus
3285 2531 3455 2588 Jacoh

1883 2628 2254 2684 descendisset
2287 2630 2338 2683 in
2361 2629 2676 2699 )Egyptnm,
2703 2636 2757 2681 et
2787 2634 2979 2696 quarta
3012 2627 3366 2696 generatione
3396 2629 3454 2682 in

1887 2723 2159 2775 sexcentis
2199 2721 2441 2776 millibus
2474 2722 2756 2776 hominum
2794 2719 3008 2772 exierit.

1959 2812 2228 2866 Caeterum
2273 2814 2342 2866 de
2378 2812 2467 2866 die
2506 2812 2773 2866 adventus
2815 2809 3026 2865 Domini
3066 2809 3185 2878 ipse
3238 2824 3458 2880 quoque

1888 2901 2153 2957 Dominus
2229 2904 2555 2972 signiﬁcavit
2605 2919 2620 2957 :
2674 2901 2856 2970 Neque
2911 2901 3054 2954 enim
3103 2907 3328 2954 uestrum
3383 2907 3458 2952 est

1891 3005 2123 3063 tempora
2150 2995 2227 3049 vel
2267 3007 2526 3049 momenta
2555 3012 2728 3059 nosse,
2757 2996 2824 3049 ad
2878 2993 3156 3064 apostolos
3208 2994 3308 3057 ait,
3341 3007 3459 3062 quc

1895 3085 2058 3139 Pater
2085 3088 2259 3154 posuit
2289 3089 2345 3139 in
2373 3088 2588 3156 propria
2617 3098 2894 3157 potestate.

204 3189 462 3246 ΚΕΦΛΛ.
489 3188 661 3244 ΡΚΘ¹.
690 3217 760 3228 -
804 3188 953 3269 Ὅσα
981 3187 1056 3240 δι’
1080 3187 1384 3241 ἐνυπνίων
1410 3185 1570 3238 τισὶν
1607 3186 1756 3254 ὲμπε
1812 3201 1856 3260 C

1889 3198 2040 3255 CAP.
2094 3198 2332 3254 CXXIX.
2366 3229 2431 3240 —
2467 3200 2726 3264 Quianam
2787 3216 2879 3268 per
2928 3198 3192 3252 somnium
3239 3197 3462 3269 quibus-

843 3258 1125 3325 φὰνισται
1137 3299 1149 3311 .

285 3378 344 3430 '0
383 3375 591 3430 Ἰακὼϐ
629 3373 871 3442 κλίμακα
916 3373 1016 3443 ὁρᾷ
1069 3373 1149 3435 εις
1204 3370 1468 3442 οὐρανοὺς
1518 3371 1626 3422 ἀπὸ
1682 3369 1788 3438 γῆς

204 3472 525 3540 διήκουσαν.
568 3464 789 3534 Ἰωσὴφ
817 3465 917 3528 τὰς
964 3464 1073 3517 τῶν
1104 3463 1346 3533 ἀδελφῶν
1392 3464 1660 3533 δραγμὰς,
1690 3463 1789 3530 τὴν

205 3562 378 3616 αὐτοῦ
411 3560 827 3631 προσκυνούσας
852 3555 1128 3628 δραγμὴν,
1155 3557 1248 3608 καὶ
1281 3555 1406 3617 τοὺς
1431 3555 1662 3623 ἀστέρας
1683 3554 1787 3605 πά-

204 3657 314 3718 λιν,
342 3653 437 3706 καὶ
456 3652 548 3705 τὸν
571 3652 722 3721 ἥλιον
751 3650 844 3702 καὶ⁵
864 3650 964 3719 τὴν
991 3649 1220 3718 σελήνην
1245 3645 1527 3709 ποιοῦντας
1551 3646 1610 3697 τὸ
1635 3646 1785 3699 αὑτό.

206 3751 270 3800 υἱ
310 3748 370 3798 ὲν
398 3743 658 3812 Αἰγύπτῳ
691 3741 831 3811 μετὰ
857 3740 951 3793 τοῦ
997 3739 1192 3811 Ἰωσὴφ
1246 3737 1627 3808 καθειγμένος
1654 3737 1785 3809 (59),

205 3844 235 3894 ὁ
286 3839 388 3908 μὲν
428 3836 793 3905 ἀπολυόμενος
847 3834 974 3896 τοὺς
1023 3836 1173 3902 τρεῖς
1219 3831 1449 3903 βότρυας
1500 3830 1788 3892 ὲκθλίὸων,

209 3931 309 3984 καὶ
333 3931 425 3982 τὸν
449 3924 589 3980 οἶνον
623 3924 891 3987 ἐπιδιδοὺς
943 3923 1023 3993 τῷ
1069 3923 1298 3993 βασιλεῖ,
1333 3924 1361 3975 ό
1405 3923 1462 3974 δὲ
1496 3921 1792 3990 κολαζόμε-

207 4040 302 4084 νος
336 4021 463 4082 τοὺς
491 4020 584 4071 ἐπὶ
613 4016 706 4070 τοῦ
747 4015 913 4069 κανοῦ
951 4017 1100 4086 τρεῖς
1144 4015 1324 4085 φέρων
1371 4013 1475 4066 ὑπὸ
1521 4013 1631 4064 τῶν
1694 4013 1791 4082 op-

209 4117 356 4168 νέων
386 4110 729 4180 ἐσθιομένους
779 4107 999 4178 ἄρτους.
1041 4106 1105 4159 '0
1149 4105 1358 4174 Φαραὼ
1395 4105 1520 4166 τοὺς
1550 4103 1687 4156 ἑτιτὰ
1716 4104 1794 4156 λι-

213 4207 432 4278 παροὺς
472 4204 624 4274 βόας,
649 4204 744 4254 καὶ
775 4201 1014 4270 στάχυας
1048 4200 1340 4270 εὐτραφεῖς
1372 4198 1533 4261 ἑπτὰ,
1572 4197 1664 4247 καὶ
1691 4197 1793 4249 πά·

210 4299 302 4351 λιν
362 4293 896 4363 καταισχυνομένους
945 4291 1074 4361 βόας
1125 4292 1302 4354 ἑπτὰ,
1361 4289 1454 4341 καὶ
1508 4288 1792 4351 τοσούτους

214 4391 480 4458 στάχυας.
524 4386 583 4438 Ὀ
613 4387 713 4454 τὴν
743 4383 1070 4455 κυλιομένην
1120 4382 1370 4452 κριθίνην
1406 4381 1608 4451 μαγίδα
1662 4379 1794 4433 θεώ-

215 4500 382 4551 μενος
406 4480 773 4545 Μαδιανίτης
810 4477 903 4529 ἐπὶ
943 4475 1035 4528 τοῦ
1071 4473 1296 4537 Γεδεὼν,
1327 4476 1422 4525 καὶ
1466 4476 1564 4542 τὴν
1593 4473 1794 4540 σκηνὴν

214 4539 702 4639 καταστρέψασαν,
723 4539 824 4637 τὴν
869 4565 964 4618 τοῦ
993 4564 1234 4634 Μαδιάμ.
1260 4539 1795 4631 Ναϐουχοδονόσορ
1827 4539 1872 4595 D

213 4667 312 4719 τῦν
343 4663 639 4733 ἀνδριάντα
668 4660 942 4731 θεώμενος
974 4657 1066 4712 τὸν
1113 4657 1398 4719 πολύυλον,
1426 4655 1529 4707 ὑπὸ
1580 4653 1673 4706 τοῦ
1715 4654 1795 4706 λί-

215 4759 314 4810 θου
369 4753 812 4826 συντριϐόμενον,
858 4750 952 4804 τοῦ
1004 4751 1133 4805 ἄνευ
1178 4751 1358 4819 χειρὸς
1409 4749 1494 4801 ἐπ’
1543 4749 1704 4801 αὐτὸν
1739 4747 1799 4810 ἐξ

213 4851 385 4919 ὅρους
435 4846 793 4907 καταϐάντος.
827 4845 936 4897 Καὶ
988 4843 1148 4896 πάλιν
1179 4844 1240 4894 τὸ
1292 4841 1623 4910 ὑψηλότατον
1679 4840 1798 4892 δέν-

215 4944 371 5015 δρον,
429 4937 490 4991 τὸ
536 4935 894 5008 ἐκτέμνεσθαι
946 4935 1326 5004 κελευόμενον,
1359 4933 1451 4986 καὶ
1499 4931 1615 4999 μεθ’
1659 4930 1800 4982 ἑπτὰ

225 5034 533 5106 βλαστάνον
567 5028 866 5090 ἐνιαυτούς.
903 5027 962 5080 ὐ
996 5027 1221 5094 Δανιὴλ
1267 5027 1394 5096 περ).
1426 5026 1534 5078 τῶν
1576 5027 1794 5080 ἀνιστα-

223 5129 409 5195 μένων
444 5127 508 5185 δ’,
553 5126 646 5177 καὶ
705 5121 1152 5191 καθαιρουμένων
1189 5122 1248 5172 ὲν
1293 5123 1527 5190 μορφαῖς
1569 5118 1795 5188 θηριων,

219 5217 539 5290 βασιλειῶν,
576 5217 670 5268 καὶ
720 5214 975 5284 περὶτῆς
1007 5212 1321 5274 τελευταίας
1380 5212 1675 5282 βασιλείας,
1698 5211 1800 5280 τῆς

219 5307 673 5377 καθαιρουμένης
703 5304 796 5358 τοῦ
837 5305 1226 5375 Ἀντιχρίστου,
1257 5306 1483 5372 κέρατος
1526 5302 1796 5373 βραχυτά-

217 5417 320 5454 του
347 5399 605 5466 φανέντος
637 5396 805 5467 αὑτῷ.
841 5397 953 5451 Καὶ
978 5398 1106 5467 περὶ
1130 5396 1227 5466 τῆς
1276 5395 1336 5461 ἐξ
1361 5397 1609 5467 οὐρανῶν
1633 5396 1799 5465 quou-

223 5508 322 5546 σεν
363 5490 583 5544 αἰωνίου
626 5489 933 5559 βασιλείαςο
975 5493 1008 5543 ὀ
1044 5489 1420 5555 Ἁπόστολος,
1463 5487 1554 5541 τοῦ
1595 5487 1798 5557 Κυρίου

299 5671 349 5701 ⁸⁵
378 5669 492 5722 lmo
541 5667 738 5721 Paulus
778 5669 792 5718 l
831 5667 956 5722 Cor.
1012 5682 1071 5733 ιι,
1097 5667 1151 5721 9.

299 5824 415 5895 (58)
444 5823 608 5880 Forte
659 5825 817 5894 μετά.

2310 3271 2435 3322 dam
2477 3271 2819 3338 manifestata
2849 3279 2993 3323 sunt.

1959 3381 2188 3437 Jacobus
2241 3382 2445 3437 scalam
2492 3383 2691 3437 videta
2748 3393 2889 3438 terra
2921 3385 2990 3440 ad
3041 3385 3208 3442 ccelos
3250 3383 3464 3454 pertin-

1890 3473 2344 3545 genternJosepIi
2396 3475 2627 3528 fratrum
2677 3490 2902 3530 suorum
2937 3475 3246 3546 manipulos
3299 3489 3460 3528 suum

1890 3568 2181 3620 adorantes
2232 3565 2561 3634 manipulum
2595 3583 2608 3619 :
2643 3565 2829 3620 stellas
2860 3565 3011 3630 item,
3068 3573 3122 3619 et
3189 3564 3360 3619 solem
3408 3571 3465 3619 et

1891 3659 2076 3712 lunam
2102 3656 2243 3712 idem
2275 3656 2554 3710 facientes.
2590 3658 2694 3722 Qui
2731 3658 2785 3710 in
2826 3657 3058 3727 Egypto
3101 3673 3225 3711 cum
3259 3655 3461 3725 Juseph

1891 3751 2092 3803 carceri
2123 3748 2412 3816 mancipati
2435 3757 2591 3803 erant
2619 3766 2632 3802 :
2658 3763 2722 3802 ac
2740 3749 2828 3801 ille
2853 3749 3074 3816 quidem
3101 3748 3192 3817 qui
3226 3747 3464 3802 liberan-

1891 3841 1994 3895 dus
2020 3839 2494 3907 absolvendusque
2525 3847 2660 3902 erat,
2686 3827 3021 3907 exprimebat
3052 3846 3162 3891 tres
3191 3851 3460 3901 racemos,

1892 3942 1946 3984 et
1969 3930 2153 3984 vinum
2189 3931 2300 3999 regi
2318 3929 2629 4000 porrigebat
2657 3928 2786 3997 :qui
2817 3943 2946 3982 vero
2971 3929 3301 3997 puniendus,
3334 3942 3463 3997 por-

1893 4023 2043 4075 tabat
2082 4031 2191 4074 tres
2227 4035 2396 4089 panes
2460 4019 2516 4074 in
2571 4020 2814 4073 canistro
2843 4034 2874 4073 a
2934 4018 3250 4074 volucribus
3281 4034 3466 4074 come-

1892 4114 2118 4167 dendos.
2140 4110 2354 4165 Pharao
2384 4112 2518 4165 vidit
2545 4121 2749 4181 septem
2773 4111 3001 4180 pingues
3022 4112 3209 4172 boves,
3243 4126 3308 4166 ac
3329 4111 3466 4166 bene

1893 4209 2164 4263 enutritas
2193 4208 2374 4277 spicas
2412 4217 2654 4277 septem;
2689 4222 3019 4275 rursumque
3071 4207 3249 4263 {indos
3297 4207 3465 4261 boves

1895 4310 2123 4369 septem,
2180 4314 2243 4352 ac
2289 4297 2510 4351 totidem
2567 4297 2768 4366 spicas.
2805 4294 3128 4351 Madtanites
3174 4297 3269 4367 qui
3334 4296 3468 4351 vidit

1893 4391 2204 4444 devolutam
2234 4387 2593 4442 hordeaceam
2637 4387 2798 4441 ollam
2829 4389 2932 4441 sub
2975 4388 3252 4455 Gedeone,
3279 4398 3334 4443 et
3385 4397 3467 4442 ta-

1899 4480 2252 4535 bernaculum
2284 4494 2535 4534 eversum
2557 4477 2793 4534 Madiaii.
2836 4479 3343 4544 Nabuchodonosor,
3371 4481 3464 4551 qui

1899 4571 2183 4640 conspexit
2231 4579 2466 4624 statuam
2523 4584 2588 4624 ex
2633 4571 2866 4627 diversis
2907 4571 3151 4626 materiis
3205 4577 3464 4625 constano

1899 4673 2030 4725 tem,
2067 4677 2096 4714 a
2153 4660 2330 4729 lapide
2377 4659 2691 4724 contritam,
2724 4661 2816 4730 qui
2864 4660 2982 4716 sine
3019 4661 3271 4715 manibus
3297 4660 3350 4712 in
3382 4660 3470 4729 ip-

1900 4769 2012 4806 sam
2045 4751 2114 4805 de
2143 4759 2327 4806 Ilmnle
2359 4751 2738 4805 descenderat.
2771 4753 2953 4820 Atque
3001 4752 3201 4804 lterum
3264 4750 3470 4802 altissio
3559 4810 3570 4814 μ

1902 4859 2043 4897 mam
2079 4844 2491 4912 arborem,jqu:n
2524 4843 2732 4898 succidi
2760 4843 2912 4912 jussa
2969 4851 3073 4905 est,
3103 4851 3159 4896 et
3187 4849 3310 4913 post
3354 4840 3471 4895 ela-

1901 4949 2030 5007 psos
2055 4943 2256 5003 septem
2281 4949 2455 4989 annos
2477 4949 2693 4990 rursum
2723 4934 3068 5004 germinavit.
3095 4931 3286 4986 Daniel
3313 4931 3473 4985 audi-

1902 5027 2055 5079 vitde
2081 5040 2131 5079 tv
2171 5025 2372 5092 regnis,
2390 5040 2512 5093 qua:
2532 5034 2845 5079 surrectura
2884 5031 3123 5077 erantae
3141 5020 3472 5077 destruenda

1866 5119 1952 5173 .in
2010 5118 2195 5187 liguris
2254 5116 2609 5180 animalium;
2663 5123 2719 5170 et
2761 5116 2828 5171 de
2898 5114 3091 5170 ultimo
3152 5127 3320 5182 regno
3373 5112 3475 5168 dc»-

1898 5210 2156 5265 struendo
2173 5209 2517 5273 Antichristi,
2539 5223 2708 5262 cornu
2736 5207 3060 5261 brevissimo
3091 5207 3139 5260 ei
3163 5214 3473 5274 apparente.

1899 5305 1977 5358 Ac
2003 5303 2068 5358 de
2096 5313 2299 5356 aeterno
2326 5303 2530 5358 Christi
2583 5316 2750 5370 regno
2785 5300 3015 5354 cmlesti.
3052 5297 3354 5368 Apostolus,
3379 5296 3475 5366 qui

1900 5392 2074 5448 audiit
2125 5393 2339 5448 dicente
2397 5393 2474 5448 illi
2530 5391 2760 5445 Domino
2821 5408 2836 5445 :
2881 5389 3054 5444 Macte
3079 5400 3212 5453 esto,
3273 5387 3476 5450 Paule;

1902 5487 2187 5541 sicnte.rim
2225 5486 2580 5540 testimonium
2620 5484 2934 5553 perhibuisti
2965 5485 3027 5538 de
3066 5498 3144 5536 nte
3171 5483 3225 5534 in
3247 5479 3474 5534 Jerusa-

1977 5817 2090 5890 (59)
2119 5817 2527 5888 καθειργμένοι.
