4248 6438
216 413 315 476 131

1388 414 1767 475 LlBELLUS
1809 414 2307 476 MEMORIALIS.

3358 409 3466 472 138

210 533 408 587 πάντα
427 532 496 586 τὰ
523 531 679 596 ξύλα
715 531 787 600 τῇ
812 530 978 598 συκῇ
1006 548 1020 561 '
1048 532 1249 600 Δεῦρο,
1281 530 1668 595 ,ϐασίλευσον
1704 529 1798 598 εφ’
1827 541 1870 593 Α

1790 529 1870 593 Ἀ
1903 531 2040 582 inter
2089 547 2202 582 nos.
2255 529 2323 582 Et
2370 529 2446 582 ait
2505 526 2773 595 ﬁculnea:
2818 524 3096 578 Dimittens
3145 525 3467 579 dulcedinem

208 619 390 686 ἡμᾶς.
424 623 534 674 Kal
579 618 752 674 εἶπεν
788 623 826 689 η
874 620 1042 688 συκῆ
1073 638 1086 652 ·
1116 620 1364 689 Ἀφεῑσα
1418 621 1534 686 τὴν
1577 620 1798 688 γλυκύ-

207 712 362 778 τητά
383 731 529 781 μου,
569 715 668 766 καὶ
713 713 778 766 τὸ
813 711 1078 782 γέννημά
1101 729 1219 781 μου
1262 714 1330 764 τὸ
1379 712 1625 781 ἀγαθὸν,
1687 727 1796 764 πο-

207 802 399 871 ρευθῶ
418 804 628 872 ἄρχειν
653 804 773 858 τῶν
807 805 1012 869 ξύλων
1023 821 1041 868 ;
1083 804 1192 858 Kal
1219 799 1394 856 εἶπον
1431 806 1502 856 τὰ
1527 803 1685 867 ξύλα
1712 802 1788 870 τῇ

209 892 464 960 ἀμπέλῳ
492 910 506 925 ⁸
533 896 735 962 Δεῦρο,
772 895 870 948 xal
885 895 1274 960 ,βασίλευσον
1324 893 1415 961 ἐφ’
1449 892 1628 961 ἡμᾶς.
1678 893 1786 946 Kal

209 980 382 1036 εἶπεν
414 985 619 1050 αὐτοῖς
662 988 699 1051 ἡ
724 986 993 1053 ἄμπελος
1018 1002 1033 1016 ο
1071 983 1306 1052 Ἇφεῖσα
1336 985 1440 1037 τὸν
1467 983 1633 1037 οἶνόν
1653 999 1790 1052 μου,

210 1077 310 1126 καὶ
336 1075 451 1142 τὴν
471 1079 862 1145 εὐφροσύνην
887 1077 1004 1130 τῶν
1021 1077 1367 1145 ἀνθρώπων,
1404 1075 1674 1143 πορευθῶ
1689 1075 1792 1141 ἁρ-

211 1183 347 1234 χειν
375 1169 495 1222 τῶν
525 1170 761 1233 ξύλων;
788 1172 893 1224 Kal
921 1167 1094 1224 εἷπον
1134 1170 1207 1223 τὰ
1230 1171 1388 1234 ξύλα
1435 1167 1510 1236 τῇ
1547 1167 1752 1237 ῥάμνῳ
1777 1183 1792 1197 ⁸

212 1259 420 1326 Δεῦρο,
435 1261 824 1323 ,ϐασίλευσον
852 1263 944 1331 ἐφ’
966 1262 1144 1330 ἡμᾶς.
1186 1262 1294 1315 Kal
1317 1257 1488 1313 εἶπεν
1505 1260 1544 1327 ἠ
1567 1259 1799 1327 ῥάμνος

211 1351 340 1416 τοῖς
354 1353 561 1419 ξύλοις
588 1373 602 1385 ·
628 1358 697 1408 El
725 1357 796 1407 ἐν
831 1355 1084 1422 ἀληθείᾳ
1100 1353 1270 1420 ὑμεῖς
1301 1352 1500 1421 χρίετέ
1518 1369 1594 1420 με
1611 1353 1798 1415 ,ϐασι-

1900 637 2092 679 meam.
2124 632 2171 673 et
2207 636 2409 689 germen
2434 635 2602 672 meum
2631 617 2843 682 bonum,
2875 633 3088 687 pergam
3118 629 3171 670 ut
3201 618 3355 687 lignis
3378 620 3469 670 im-

1900 712 2154 782 peritem?
2187 711 2253 763 Et
2285 712 2532 764 dixerunt
2567 713 2710 781 ligna
2740 711 2829 763 viti
2856 725 2874 761 :
2906 709 3191 773 Adesdum,
3228 722 3276 764 et
3313 726 3471 780 regna

1900 805 2036 856 inter
2057 819 2171 855 nos.
2203 801 2268 853 Et
2295 801 2371 853 ait
2405 801 2511 854 illis
2544 803 2663 855 ritis
2686 818 2703 856 :
2726 801 3006 854 Dimittens
3028 803 3200 852 vinum
3229 815 3397 852 meum
3422 811 3472 853 et

1902 891 2145 944 lmtitiam
2197 890 2486 952 hominum,
2520 906 2733 959 pergam
2792 899 2848 943 ut
2921 890 3080 958 lignis
3138 890 3475 957 imperitem?

1901 982 2260 1044 vixeruntque
2282 979 2424 1047 ligna
2456 979 2619 1046 spina:
2644 991 2661 1029 :
2694 978 2982 1040 Adesdum,
3007 991 3165 1046 regna
3191 976 3327 1030 inter
3353 992 3472 1030 nos.

1906 1072 1967 1125 Et
1997 1073 2074 1124 ait
2109 1071 2261 1138 spina
2285 1070 2440 1139 lignis
2473 1085 2490 1122 :
2523 1068 2584 1123 Si
2613 1071 2668 1122 in
2703 1070 2918 1122 veritate
2941 1085 3027 1122 vos
3048 1068 3248 1136 ungitis
3280 1083 3361 1120 me
3390 1084 3473 1120 re-

1903 1180 2013 1233 gem
2041 1165 2178 1216 inter
2204 1179 2315 1224 vos,
2340 1161 2600 1214 succedite
2623 1172 2672 1213 et
2700 1160 2869 1214 subite
2900 1160 3136 1212 umbram
3157 1175 3349 1214 meam.
3379 1157 3476 1215 Sin

1906 1259 2098 1320 minus,
2137 1265 2289 1309 exeat
2318 1255 2458 1323 ignis
2487 1254 2550 1307 de
2576 1254 2749 1322 spina.
2789 1263 2837 1306 et
2869 1253 3107 1306 comedat
3155 1252 3341 1307 cedros
3390 1250 3476 1305 Li-

1909 1348 2052 1401 bnni.

210 1446 325 1499 λέα
356 1449 448 1515 ἐφ’
481 1448 655 1517 ὑμᾶς,
696 1451 998 1504 εἰσέλθετε
1032 1449 1495 1504 καὶὺποδύσατε
1520 1448 1639 1502 ὑπὸ
1684 1445 1798 1513 τὴν
1829 1444 2073 1510 σκέπην
2117 1459 2258 1510 μου.
2295 1442 2400 1496 Kal
2441 1444 2492 1494 εὶ
2518 1441 2625 1509 μὴ,
2679 1438 2897 1507 ἐξέλθῃ
2941 1439 3061 1507 πῦρ
3125 1439 3192 1492 ἐκ
3230 1436 3341 1506 τῆς
3376 1438 3456 1506 ῥά

210 1558 368 1608 μνου
407 1585 419 1605 ,
445 1543 541 1596 καὶ
570 1544 897 1614 καταφάγοι
960 1560 1065 1610 τας
1104 1543 1354 1612 κέδρους
1400 1543 1508 1596 τοῦ
1561 1543 1841 1596 Λιϐάνου.

289 1633 536 1702 Σαμψὼν
566 1637 646 1697 εις
667 1635 728 1686 τὸ
758 1636 1078 1706 μελικήριον
1106 1634 1133 1685 ὃ
1167 1630 1325 1702 εὗρεν
1358 1635 1417 1685 ὲν
1461 1631 1540 1701 τῷ
1569 1635 1800 1700 στόματι

214 1717 277 1773 οὗ
319 1724 610 1777 ἀπέκτεινε
637 1724 872 1789 λέοντος,
906 1728 999 1779 καὶ
1026 1725 1219 1794 ἔφαγε,
1243 1723 1535 1792 πρόϐλημα
1574 1723 1805 1790 ποιήσας

1985 1625 2215 1681 Samson
2240 1627 2307 1681 de
2341 1625 2484 1690 favo,
2519 1642 2680 1694 quem
2725 1633 3000 1696 repererat
3041 1625 3091 1677 in
3130 1639 3224 1677 ore
3251 1624 3423 1678 leonis
3451 1626 3479 1664 ³

1914 1737 1971 1774 se
2003 1718 2294 1782 interiecti,
2331 1733 2605 1788 quemque
2663 1718 2996 1780 eomederat,
3025 1717 3256 1784 aanigma
3285 1731 3481 1786 prepo-

216 1813 384 1882 φησιν
407 1828 421 1842 ·
469 1815 564 1866 Ἐκ
595 1818 894 1885 στόματος
924 1817 1241 1878 ἐσθίοντος
1281 1810 1502 1879 ἐξῆλθε
1549 1810 1798 1880 βρῶσις,
1834 1798 1878 1857 Β

1834 1798 1878 1857 Β
1908 1827 2064 1872 nens,
2096 1810 2303 1879 inquit:
2334 1808 2418 1862 Ex
2446 1826 2534 1864 ore
2570 1809 2887 1863 comedentis
2913 1826 3148 1880 egressus
3196 1819 3273 1863 est
3333 1809 3481 1863 cibus

214 1903 316 1956 καὶ
332 1904 402 1969 ἐξ
425 1906 680 1974 ίσχυροῦ
703 1908 917 1976 γλυκύ.

291 1996 407 2048 Καὶ
433 1999 463 2049 ὁ
487 1997 653 2049 Δαϐὶδ
684 1998 818 2068 πρὸς
870 1998 962 2050 τὸν
1003 1999 1178 2054 Σαούλ
1218 2018 1352 2072 φησι
1377 2018 1390 2035 ο
1419 1999 1667 2055 Δικάσαι
1694 2000 1778 2052 Kc}

213 2104 346 2154 ριος
381 2088 696 2158 άναμέσον
728 2091 878 2160 ἐμοῦ
908 2091 1016 2144 καὶ·
1036 2093 1175 2168 σοῦ,
1211 2095 1310 2147 καὶ
1346 2095 1664 2161 ἐκδικήσω
1687 2092 1804 2145 Kr)-

212 2196 351 2244 ριος
374 2179 443 2232 ἐκ
474 2180 613 2245 σοῦ,
640 2184 739 2234 καὶ
763 2181 799 2248 ή
827 2183 958 2250 zeip
977 2201 1098 2251 μου
1128 2187 1240 2238 οὐκ
1263 2186 1436 2239 ἔσται
1453 2184 1553 2237 ἐπὶ
1580 2183 1676 2242 σὲ,
1705 2200 1807 2235 κα-

215 2270 337 2334 θὼς
361 2269 523 2340 λέγει
561 2274 600 2341 ἠ
634 2277 942 2342 παραϐολή
973 2291 985 2304 ’
1032 2276 1127 2340 Ἐξ
1162 2277 1401 2346 ἀνόμων
1427 2277 1805 2342 ἐξελεύσεται

218 2361 626 2430 πλημμέλεια.

313 2455 373 2507 Ὀ
413 2456 616 2525 ’Δχαὰϐ
659 2457 794 2526 πρὸς
833 2460 922 2509 τ“ν
957 2457 1147 2528 Σύρων
1200 2459 1422 2530 βασιλέα
1473 2459 1805 2514 ἀπειλοῦντα

221 2547 396 2620 αὐτῷ,
413 2552 596 2602 πᾶσαν
611 2550 711 2618 τὴν
727 2550 819 2602 τοῦ
851 2550 1066 2622 Ἰσραὴλ
1082 2551 1359 2621 βασιλείαν
1372 2553 1629 2622 ἀνειρεῖν,
1649 2553 1801 2621 φησι·

218 2641 320 2706 Μὴ
347 2639 672 2708 καυχάσθω
702 2644 734 2694 ό
777 2640 1310 2710 περιζωννιηιενος,
1344 2642 1423 2708 ὠς
1476 2645 1509 2696 ὀ
1545 2642 1808 2702 ὑποζων-

223 2731 510 2798 νὺμενος.

312 2822 467 2886 ἰωᾱς
505 2823 534 2874 6
559 2821 654 2876 τοῦ
707 2821 924 2895 Ἰσραὴλ
954 2822 1206 2893 βασιλεὺς
1229 2862 1246 2888 ,
1299 2823 1539 2895 ’Δμασίᾳ
1575 2822 1655 2894 τῷ
1706 2824 1802 2878 τοῦ

235 2912 408 2965 Ἰούδα
446 2913 660 2983 βασιλεῖ
688 2915 872 2982 φιλίαν
901 2914 1266 2985 ἀσπαζομένη)
1297 2915 1435 2985 πρὸς
1457 2917 1640 2980 αὑτὸν,
1671 2917 1805 2970 ἁλα-

224 3006 582 3074 ζονευόμενος
606 3007 798 3068 αὑτὸν,
830 3007 924 3059 καὶ
950 3005 1235 3077 ὑπερορῶν
1259 3006 1428 3059 αὑτοῦ
1457 3007 1555 3078 τὴν
1582 3007 1807 3059 συντευ-

224 3099 333 3162 ξιν,
367 3099 518 3168 δηλοῖ
565 3097 698 3168 πρὸς
726 3098 890 3150 αὐτόν
925 3112 938 3128 °
982 3098 1048 3150 Ἠ
1082 3098 1307 3164 ἄκανος
1349 3097 1619 3166 ἐλάλησα
1657 3099 1808 3168 πρὸς

1904 1912 1954 1955 et
1989 1917 2053 1955 ex
2074 1901 2202 1971 forti
2232 1903 2470 1955 dulcedo.

1980 1993 2150 2048 David
2180 2008 2401 2064 quoque
2447 1992 2513 2047 ad
2548 1993 2768 2047 Sanlem
2825 1992 2932 2049 ait:
2961 1990 3172 2047 Judicet
3223 1993 3481 2048 Dominus

1905 2087 2040 2140 inter
2081 2103 2163 2140 me
2190 2098 2238 2141 et
2257 2100 2339 2150 te;
2370 2098 2416 2140 et
2470 2088 2724 2140 ultionem
2773 2096 2949 2140 sumat
2981 2084 3242 2141 Dominus
3273 2103 3338 2141 ex
3390 2097 3476 2142 te:

1905 2191 1951 2232 et
1981 2195 2167 2232 manus
2199 2195 2315 2231 mea
2348 2195 2448 2231 non
2475 2181 2573 2232 erit
2595 2192 2778 2232 contra
2804 2189 2850 2232 te
2876 2195 2892 2233 :
2921 2178 3369 2246 quemadmodum
3394 2178 3483 2234 di-

1907 2270 1976 2321 cit
2003 2269 2365 2336 proverbium:
2407 2267 2487 2320 Ex
2522 2269 2711 2337 iniquis
2735 2269 3032 2338 egredietur
3079 2269 3271 2324 scelus.

1979 2448 2233 2503 Achabus
2295 2446 2363 2501 ad
2402 2461 2581 2517 regem
2639 2446 2902 2516 Syrorum
2973 2446 3314 2501 minitantem
3375 2446 3483 2503 sibi

1908 2541 2052 2609 quod
2121 2539 2438 2593 universum
2502 2537 2869 2594 lsraeliticum
2920 2555 3146 2609 regnum
3196 2540 3485 2595 ablaturus

1907 2639 2070 2695 esset,
2101 2631 2320 2700 inquit:
2379 2628 2462 2683 Ne
2492 2629 2749 2700 glorietur
2777 2631 2866 2701 qui
2899 2631 3150 2699 cingitur,
3202 2631 3339 2685 sicut
3388 2633 3478 2701 qui

1909 2723 2249 2792 discingitur.

1978 2811 2108 2868 Joas
2165 2827 2261 2867 rex
2311 2810 2476 2867 Israel
2519 2811 2753 2866 Amasiaa
2794 2812 2906 2882 regi
2956 2810 3096 2867 Jnda
3160 2815 3258 2885 qui
3298 2831 3483 2870 secum

1911 2907 2050 2960 inire
2076 2905 2375 2960 amicitiam
2399 2905 2612 2969 avebat,
2657 2904 2962 2974 petulanter
3006 2921 3132 2960 eum
3183 2910 3484 2977 excipiens,

1909 2999 2141 3068 ejusque
2174 3007 2301 3052 vota
2328 3007 2711 3063 contemnens,
2742 2997 3015 3068 signiﬁcat
3041 2999 3119 3052 illi
3149 3017 3162 3054 :
3201 2997 3368 3069 Spina
3402 3001 3483 3055 lo-

1911 3098 2035 3143 cuta
2097 3098 2176 3143 est
2221 3092 2290 3142 ad
2338 3091 2548 3143 cedrum
2602 3087 2793 3142 Libani
2851 3090 3090 3158 inquiens
3129 3091 3255 3146 :Da
3316 3093 3484 3162 ﬁliam

223 3192 342 3258 τὴν
371 3191 585 3259 κέδρον
609 3192 714 3246 τοῦ
774 3191 1033 3246 Λιϐάνου
1060 3191 1327 3260 λέγουσα
1347 3207 1359 3219 ·
1402 3192 1513 3256 Δὸς
1561 3192 1677 3260 τὴν
1709 3197 1810 3246 θυ-
1836 3171 1879 3230 C

1836 3171 1879 3230 (ἶ
1915 3195 2060 3237 tuam
2089 3184 2202 3252 [ilio
2238 3198 2351 3236 meo
2378 3198 2616 3236 uxorem.
2655 3181 2722 3234 Et
2755 3183 3116 3236 discurrerunt
3162 3185 3287 3255 fera:
3338 3202 3487 3239 cam-

223 3283 444 3350 γατέρα
475 3299 592 3336 σου
619 3282 700 3348 τῷ
729 3282 837 3348 υίῴ
852 3300 972 3352 μου
1006 3285 1094 3347 εὶς
1135 3284 1405 3351 γυναῖκα.
1452 3284 1560 3336 Kal
1600 3282 1810 3351 διῆλθε

224 3377 298 3428 τὰ
342 3376 516 3441 θηρία
551 3375 656 3429 τοῦ
701 3375 889 3443 άγροῦ
944 3375 1014 3427 ἐν
1089 3374 1170 3439 τῷ
1219 3375 1466 3438 Λιϐάνῳ,
1509 3376 1607 3428 καὶ
1665 3392 1809 3429 κατ-

228 3468 553 3536 επάτησαν
606 3467 721 3536 τὴν
767 3467 1015 3522 ἄκανον.
1050 3470 1292 3522 Τύπτων
1337 3469 1639 3536 ὲπάταξας
1698 3471 1812 3537 τὴν

239 3563 585 3631 Ἰδουμαίαν
625 3563 723 3616 καὶ
749 3561 940 3631 ἐπῆρέ
971 3579 1045 3616 σε
1074 3564 1113 3630 ’ἡ
1149 3562 1360 3630 καρδία
1390 3577 1524 3616 σου.

313 3655 371 3707 '0
401 3655 460 3707 δὲ
492 3655 754 3723 Σαλομῶν
779 3657 968 3708 πᾶσαν
997 3654 1164 3707 αὑτοῦ
1203 3655 1299 3725 τὴν
1329 3653 1509 3723 βίϐλον
1538 3654 1635 3725 τὴν
1662 3653 1811 3724 πρώ-

224 3768 254 3802 τ
287 3768 328 3818 ,ν
357 3749 446 3801 διὰ
475 3747 806 3818 παραϐολῶν
831 3728 1112 3820 ὲξῆνεγκε.

229 3864 486 3916 ΚΕΦΑΛ.
515 3861 682 3916 ΡΛΒ¹.
722 3892 790 3901 -
819 3863 981 3927 Τίνες
1010 3861 1171 3914 εἰσιν
1192 3863 1249 3913 al
1277 3859 1427 3927 ὑπὲρ
1455 3860 1562 3914 τοῦ
1591 3860 1809 3928 Κυρίου

681 3933 958 4000 ῥηθεῖσαι
995 3933 1349 4000 παραϐολαί.

305 4046 443 4117 Περὶ
467 4047 565 4117 τῆς
600 4045 726 4109 νέας
782 4047 1025 4116 χάριτος,
1079 4044 1154 4106 ὡς
1198 4044 1273 4115 μὴ
1298 4043 1405 4096 δεῖν
1447 4043 1538 4095 ἐπὶ
1589 4041 1804 4112 παλαῖῷ

235 4138 440 4208 ίματίῳ
473 4137 657 4191 καινὸν
699 4139 862 4210 ῥάκος
894 4137 1276 4209 ὲπιρῤἁπτειν.
1315 4136 1526 4198 Ἀσκοίς
1562 4134 1812 4196 παλαιοῖς

237 4235 314 4301 μὴ
357 4232 465 4282 δεῖν
503 4232 623 4283 νέον
660 4226 802 4282 οἶνον
843 4230 1157 4299 ἐμϐάλλειν.
1188 4229 1329 4289 Τοὺς
1368 4226 1702 4290 ἀποστόλους
1735 4227 1809 4287 ὡς

1910 3287 2108 3346 pestres
2144 3291 2237 3346 per
2263 3274 2548 3340 Libanum,
2597 3283 2646 3328 et
2680 3274 3115 3329 conculcaverunt
3142 3280 3374 3346 spinam.
3406 3276 3486 3332 Tu

1911 3371 2205 3440 percutiens
2229 3365 2798 3434 cecidistildumtcarn,
2827 3377 2876 3421 et
2901 3367 3095 3422 extulit
3129 3379 3178 3422 te
3195 3386 3285 3423 cor
3311 3379 3480 3428 tuum.

1986 3636 2244 3694 Salomon
2280 3653 2413 3692 vero
2443 3645 2614 3691 totum
2647 3636 2883 3706 primum
2940 3635 3136 3690 librum
3183 3653 3342 3690 suum
3394 3653 3487 3708 per

1914 3731 2302 3787 similitudines
2331 3730 2578 3801 digessit.

1913 3847 2062 3902 CAP.
2083 3843 2339 3900 CXXXII.
2365 3875 2430 3883 —
2461 3842 2716 3907 Quasnam
2744 3852 2864 3895 sunt
2889 3844 3159 3911 parabole
3192 3861 3278 3896 ore
3301 3843 3487 3898 Domi-

2489 3917 2609 3966 nico
2634 3915 2882 3981 prolatio.

1988 4035 2058 4086 De
2108 4031 2255 4086 Novo
2278 4031 2654 4084 Testamento.
2686 4028 2732 4081 1.
2768 4028 2920 4095 Quod
2957 4046 3063 4082 non
3090 4040 3303 4100 oportet
3327 4035 3489 4087 veteri

1915 4128 2238 4181 vestimento
2279 4139 2478 4178 novum
2514 4123 2677 4192 panni
2715 4122 2951 4175 frustum
2979 4137 3236 4177 assuere:
3272 4125 3489 4181 utribus

1913 4220 2184 4273 veteribus
2217 4233 2324 4271 non
2359 4226 2570 4287 oportet
2620 4231 2820 4270 novum
2877 4216 3062 4270 \‘inum
3099 4216 3386 4272 infundere
3415 4219 3486 4274 ".

235 4324 486 4394 πρόϐατα
549 4324 608 4375 ὲν
661 4324 810 4393 μέσῳ
853 4322 1032 4375 λύκων
1074 4321 1423 4375 ἀποστέλλειν
1481 4321 1674 4391 ἔφησε.
1736 4319 1809 4370 Τὸ
1910 4322 1912 4331 ⁴

1910 4311 1966 4364 2.
2001 4312 2143 4365 Dixit
2172 4327 2231 4365 se
2280 4311 2494 4363 mittere
2532 4311 2809 4378 apostolus
2845 4307 3008 4362 veluti
3030 4323 3159 4364 oves
3206 4309 3260 4363 in
3307 4311 3488 4364 medio

235 4419 501 4485 κήρυγμα
556 4415 831 4485 σπέρματι
879 4413 1320 4483 παραϐέϐληκεν,
1353 4414 1431 4475 εἰς
1493 4412 1590 4482 μὲν
1638 4411 1809 4480 καλὴν

1915 4409 2164 4476 luporum
2214 4409 2281 4461 ".
2311 4407 2366 4462 3.
2413 4406 2859 4461 Prardicationem
2905 4404 3100 4458 semini
3145 4405 3488 4474 assimilavit,

235 4511 341 4578 γῆν
379 4507 857 4576 καταϐαλλομένῳ,
914 4508 1008 4558 καὶ
1041 4509 1097 4559 ὲν
1144 4512 1186 4576 ρ’
1220 4506 1312 4557 καὶ
1366 4503 1406 4569 ξ’
1436 4506 1530 4557 καὶ
1581 4502 1623 4554 λ’
1671 4521 1807 4574 καρ-
1837 4525 1889 4582 D

1837 4525 1889 4582 Ι)
1914 4503 2056 4571 quod
2115 4501 2167 4554 in
2201 4509 2400 4554 terram
2434 4501 2634 4553 bonam
2688 4498 2994 4567 projicitur,
3024 4506 3078 4550 et
3121 4497 3174 4550 in
3231 4512 3261 4552 c
3294 4498 3377 4553 vel
3420 4514 3486 4552 Ls

239 4599 590 4668 ποφοροῦντι.
635 4599 722 4651 Ἐν
756 4599 812 4651 δὲ
843 4600 1018 4669 πέτρᾳ
1049 4597 1144 4650 καὶ
1186 4596 1425 4666 φραγμῷ
1471 4596 1566 4649 καὶ
1616 4595 1812 4647 ἀϐαθεῐ

1810 4598 1812 4643 ῖ
1919 4593 2000 4644 vel
2046 4607 2148 4644 xxx
2219 4590 2558 4643 l'ructiﬁcat:
2602 4598 2657 4641 at
2697 4589 2743 4642 si
2799 4587 3116 4658 projiciatur
3159 4588 3212 4641 in
3259 4598 3487 4658 petram,

238 4694 335 4760 τῇ,
381 4692 628 4759 ἄκαρπον
675 4685 814 4742 εἶναι
877 4688 1295 4758 ἀπελέγχεσθαι.
1374 4688 1642 4751 Ζιζανίοις
1697 4688 1814 4739 ἑπι-

1810 4717 1814 4726 -
1917 4691 2011 4736 aut
2041 4693 2242 4744 sentes,
2277 4692 2371 4734 aut
2414 4691 2611 4734 terram
2671 4679 2855 4732 minus
2889 4678 3236 4747 profundam,
3282 4677 3487 4732 infruc-

241 4783 619 4852 σπειρομένοις
645 4783 771 4844 τοὺς
813 4781 922 4834 τῶν
950 4782 1213 4852 αἱρέσεων
1255 4780 1465 4848 λόγους,
1514 4779 1593 4849 τῷ
1623 4778 1812 4849 ἀγαθῷ

1811 4809 1812 4814 η
1921 4789 2133 4831 tuosum
2166 4790 2451 4830 remanere
2470 4772 2858 4829 ostenditur".
2891 4771 2946 4825 4.
2975 4770 3325 4838 Comparavit
3377 4770 3488 4823 Ine-

242 4877 542 4946 σπέρματι,
583 4875 662 4944 τῷ
713 4875 840 4944 παρ’
875 4875 1040 4927 αὑτοῦ
1076 4876 1336 4944 σπαρέντι
1401 4874 1492 4924 ἐπὶ
1533 4872 1634 4940 τῆς
1684 4873 1807 4938 γῆς.

1921 4873 2212 4925 reticorum
2267 4882 2554 4922 sermones
2602 4882 2726 4919 cum
2772 4864 2998 4917 zizaniis
3040 4863 3487 4930 superseminatis

242 4969 480 5037 Σίνηπι,
540 4968 630 5020 τὸν
691 4967 786 5019 τοῦ
844 4966 1197 5036 κηρύγματος
1278 4966 1470 5032 λόγον,
1531 4963 1813 5033 ὑπερτέρω

1810 4989 1813 5007 ι
1919 4964 2062 5017 bono
2125 4961 2363 5023 semini,
2400 4960 2544 5029 quod
2597 4958 2712 5028 ipse
2748 4965 2961 5012 severat
3023 4970 3188 5023 super
3235 4964 3378 5008 terra
3416 4957 3487 5008 ⁸⁸.

241 5059 349 5112 τῶν
423 5057 782 5128 ἀνθρωπίνων
867 5058 1189 5125 τυγχάνοντι
1259 5059 1400 5109 κατὰ
1487 5055 1583 5125 τὴν
1642 5054 1809 5121 αὖξηο

1806 5083 1809 5091 ›
1919 5057 1974 5109 5.
2005 5057 2139 5109 Cum
2196 5053 2411 5121 sinapi,
2461 5052 2622 5104 verba
2672 5049 3074 5120 praedicationis
3116 5049 3427 5117 dogmatum
3469 5063 3483 5110 ;

244 5168 351 5214 σιν,
386 5150 695 5219 δογμάτων.
731 5150 841 5202 Καὶ
883 5149 1032 5222 ζύμῃ
1081 5149 1517 5219 παραϐέϐληται,
1543 5151 1621 5211 εἰς
1654 5147 1812 5200 ἁλεύ·
1917 5174 1921 5197 ‹

1806 5177 1812 5187 -
1917 5151 2115 5219 quippe
2129 5149 2272 5217 quod
2296 5149 2631 5199 incremento
2652 5143 2836 5196 otnnia
2863 5142 3099 5196 humana
3117 5140 3483 5209 exsuperet".

241 5261 340 5315 ρου
389 5245 528 5297 σάτα
577 5244 708 5313 τρία
755 5243 1110 5313 ὲμϐληθείσῃ.
1139 5242 1412 5313 Θησαυρῷ
1447 5241 1813 5313 κεκρυμμένῳ
1914 5254 1918 5286 ι

1808 5263 1813 5286 ›
1914 5242 1965 5295 6.
1985 5241 2224 5295 Coiitnlit
2251 5240 2411 5292 etiam
2441 5254 2563 5294 cum
2603 5237 2872 5292 fermento
2901 5236 3067 5288 misso
3086 5233 3142 5287 in
3158 5231 3346 5287 farinae
3367 5247 3485 5286 sata

240 5338 390 5406 ἐντῇ
455 5338 548 5405 γῇ,
604 5338 701 5387 καὶ
735 5335 951 5387 πάντων
999 5336 1521 5405 ἁπεμπωλουμένων
1580 5337 1658 5396 εις
1715 5334 1811 5401 τὴν

1810 5363 1811 5366 η
1920 5349 2021 5390 tua
2050 5337 2114 5389 ‘°.
2144 5334 2489 5391 [Thesauro
2521 5335 2646 5387 item
2677 5331 2945 5387 occultato
2975 5331 3028 5385 in
3060 5339 3226 5393 terra,
3255 5329 3487 5383 venditis

240 5427 434 5479 τούτου
463 5429 672 5496 κτῆσιν.
704 5425 1034 5495 Μαργαρίτῃ
1055 5427 1241 5494 τιμίῳ,
1269 5426 1673 5494 προτιμωμένῳ
1703 5425 1808 5475 των

1917 5431 2173 5484 omnibus
2217 5428 2283 5482 ad
2324 5429 2476 5481 illum
2535 5425 2963 5494 comparandum
2995 5422 3062 5476 ".
3092 5423 3148 5477 8.
3179 5419 3486 5491 Μαι-μήκει

240 5520 342 5590 ἱεόη
378 5517 738 5588 κτησθέντων.
779 5518 1020 5589 Πλουσίῳ
1055 5517 1375 5588 κεκτημένῳ
1413 5520 1470 5569 ὲν
1507 5516 1582 5585 τῷ
1606 5516 1814 5585 ταμείῳ

1808 5535 1814 5562 ι
1919 5535 2142 5590 quoque.
2162 5519 2428 5590 pretiosae,
2461 5534 2581 5588 qua:
2602 5515 2962 5571 aestimatione
3016 5511 3316 5569 antefertur
3368 5526 3485 5567 om-

240 5613 409 5665 αὑτοῦ
480 5611 644 5664 καινὰ
700 5611 794 5663 καὶ
848 5609 1073 5671 παλαιὰ,
1103 5609 1201 5679 τῆς
1253 5609 1374 5671 νέας
1418 5608 1514 5660 καὶ
1554 5607 1683 5679 παρ’
1725 5607 1811 5658 Ἐ-

1809 5636 1811 5644 ι
1924 5612 2083 5663 nibus
2114 5610 2408 5680 rebusjam
2459 5609 2728 5679 possessis
2747 5608 2812 5659 ".
2839 5604 2893 5661 9.
2927 5605 3144 5659 Ilomini
3170 5604 3323 5659 diviti
3357 5617 3486 5673 pos-

244 5707 457 5776 ϐραίοις
505 5705 771 5774 διαθήκης
853 5705 952 5774 τὴν
1013 5705 1330 5772 ἐπίγνωσιν.
1398 5703 1667 5755 Ἀλιῦπεκι
1726 5702 1823 5769 τὴν

1806 5722 1823 5752 ν
1933 5704 2127 5756 sitienti
2153 5704 2204 5756 in
2237 5718 2337 5756 suo
2372 5718 2513 5771 ιιι-ιιι]
2560 5715 2696 5756 nova
2724 5710 2777 5753 ct
2805 5709 2984 5753 vetera
3028 5696 3347 5751 assimilavit
3393 5711 3483 5749 no-

316 5869 363 5900 "
435 5866 622 5921 Matth.
683 5882 757 5920 rx.
836 5864 1175 5918 "Maltinx.
1251 5861 1619 5918 "Lucaevm.
1698 5862 1743 5896 ⁸⁸
1771 5861 1964 5919 Matth.

1698 5862 1743 5896 ⁸⁸
1771 5861 1964 5919 Matth.
1996 5879 2114 5920 xm.
2192 5863 2234 5894 δ’
2272 5862 2406 5916 Ibid.
2486 5860 2698 5916 “Ibid.
2782 5863 2821 5892 “
2881 5859 3013 5913 Ibid.
3089 5859 3133 5887 δ’
3185 5856 3317 5912 ibid.

567 5959 846 6022 PATROL.
895 5961 1013 6020 (in.
1066 5961 1221 6023 CH.
3099 5953 3135 6012 5
