4248 6438
800 431 899 493 illi

2315 431 2615 492 JOSEPPI

3938 424 4045 489 148

793 540 1029 608 Carpus,
1064 538 1323 608 Papulas,
1350 537 1665 608 Agatoniee,
1690 538 1903 607 aliaque
1926 540 2218 595 multitudo
2241 555 2366 594 san-
2389 543 2440 601 Α
2469 543 2470 589 1

2365 543 2440 601 ηΑ
2469 541 2714 610 Κάρπος,
2753 541 3028 605 Πάπυλος,
3074 540 3444 609 Ἀγαθωνίκη.
3480 538 3577 593 καὶ
3598 538 3789 608 ἕτερον
3831 538 4042 610 πλῆθος

797 643 1010 685 ctorum
1040 647 1130 699 per
1160 630 1424 684 divinium
1453 631 1771 701 martyrium
1804 642 2183 687 consummata
2213 643 2317 687 est.

870 724 923 777 5.
956 722 1070 777 Sub
1118 720 1305 776 Severo
1340 721 1602 777 adversus
1650 720 1951 777 Ecclesiam
1986 723 2177 793 ingens
2214 724 2363 777 exci-

797 826 908 873 tata
950 827 1032 871 cst
1087 816 1409 887 persecutio,
1461 800 1529 868 in
1575 829 1681 884 qua
1745 812 1995 869 Justinus
2043 816 2360 885 martyrium

796 909 981 971 subiit,
1037 918 1094 963 et
1129 906 1394 962 Leonides
1452 904 1705 976 Origenis
1756 914 1925 975 pater,
1956 916 2003 960 et
2035 905 2362 959 Potamiaana

792 1012 979 1055 sancta
1023 1002 1194 1070 virgo,
1236 1010 1289 1053 et
1321 999 1602 1064 Basilides,
1634 1008 1687 1053 et
1730 998 2021 1053 multitudo
2054 998 2360 1052 divinorum

793 1100 1095 1161 martyrum
1130 1089 1353 1144 coaluit.
2284 1094 2287 1097 ’

857 1182 909 1235 6.
944 1180 1268 1235 Maximinus
1314 1195 1504 1235 omnes
1555 1180 1856 1249 praecipuos
1914 1178 2226 1247 ubicunque
2272 1194 2359 1232 es-

791 1284 932 1341 sent,
966 1282 1092 1343 puta
1124 1274 1382 1338 clericos,
1415 1288 1446 1327 e
1474 1272 1653 1326 medio
1683 1272 1795 1327 tolli
1839 1271 2022 1341 jussit,
2045 1283 2100 1325 et
2138 1270 2357 1339 quidem

788 1382 904 1429 eos,
945 1366 1038 1435 qui
1072 1380 1131 1419 se
1157 1380 1280 1419 esse
1302 1364 1642 1419 Christianos
1663 1364 1929 1419 dicerent.

859 1457 911 1509 7.
980 1454 1173 1510 Decius
1226 1454 1661 1509 crudelissimam
1716 1455 2149 1524 persecutionem
2203 1454 2361 1508 adhi-

790 1550 924 1601 buit.
984 1546 1084 1601 llic
1136 1547 1255 1600 ﬁdei
1324 1547 1695 1600 testimonium
1759 1545 2030 1613 perhibuit
2068 1544 2359 1599 Flavianus

787 1642 1077 1709 episcopus
1123 1638 1424 1700 Romanus,
1462 1636 1765 1690 Alexander
1785 1637 2076 1705 episcopus
2110 1637 2360 1697 Hieroso-

788 1732 1112 1801 iymitauus,
1138 1729 1371 1799 Babylas
1392 1728 1682 1798 episcopus
1708 1728 2103 1792 Autim-henus,
2129 1727 2358 1797 Sarapio

787 1827 1081 1895 episeopus
1109 1822 1529 1885 Alexatnlrinus,
1556 1821 1839 1889 Apollonia
1876 1822 2026 1889 virgo
2061 1830 2112 1873 et
2137 1822 2358 1874 Ammo-

790 1918 985 1971 nat‘iou
1034 1933 1158 1969 cum
1214 1916 1335 1969 aliis
1389 1922 1623 1982 quatuor
1685 1912 1993 1981 virginibus
2064 1911 2358 1964 crudeliter
2390 1893 2431 1948 Β

790 2010 947 2063 tortis
983 2029 993 2062 :
1032 2007 1304 2071 Julianus,
1340 2007 1431 2076 qui
1484 2006 1719 2075 podagra
1765 2005 2017 2058 laborans
2057 2003 2108 2057 in
2143 2004 2360 2057 fornace

786 2098 1274 2155 circumferebatur
1299 2106 1353 2150 et
1388 2098 1505 2151 viva
1538 2096 1687 2151 calce
1720 2094 1974 2165 perfusus
2003 2105 2104 2150 est.
2136 2096 2360 2166 Cypria-

786 2209 890 2246 nus
928 2192 1215 2259 episcOpus
1266 2188 1750 2259 Carthageneusis.
1808 2187 2070 2243 Mercuria
2130 2188 2256 2241 item
2306 2197 2359 2242 et

786 2281 1041 2352 Dionys~a
1096 2297 1216 2351 qure
1250 2281 1447 2334 multos
1498 2278 1730 2334 habebat
1781 2280 2001 2342 liberos.
2038 2294 2220 2334 coram
2268 2280 2355 2332 illa

788 2374 1135 2429 adstantibus
1162 2373 1286 2425 liliis
1308 2372 1455 2435 suis;
1492 2386 1589 2424 nec
1626 2380 1804 2423 tamen
1844 2371 1970 2423 dum
2017 2378 2359 2440 Ιοιηιιρτιιῑιιΐ

783 2482 1023 2527 amorem
1048 2480 1353 2519 numerosae
1376 2464 1541 2534 prolis
1569 2466 1741 2517 amori
1778 2463 2009 2532 praetulit
2040 2462 2263 2517 Christi.
2300 2461 2354 2516 lu

784 2564 884 2613 hac
942 2559 1323 2629 persecutione
1376 2557 1592 2628 plurimi
1626 2566 1896 2627 martyres
1952 2573 2046 2626 per
2093 2557 2256 2612 nrbes
2301 2565 2356 2611 et

782 2652 937 2704 villas
979 2650 1292 2705 cwlesdbus
1335 2648 1515 2702 choris
1553 2649 1738 2701 insnrti
1786 2657 1929 2701 sunt.
1982 2648 2047 2699 At
2093 2648 2353 2716 Origenes

782 2741 874 2808 qui
911 2756 1003 2809 per
1032 2740 1135 2794 hoc
1164 2749 1379 2805 tempus
1414 2738 1648 2799 vivebat,
1688 2753 1792 2790 non
1818 2737 2173 2806 estdignatus
2206 2752 2351 2789 mar-

783 2832 923 2904 tyrio
960 2852 972 2885 :
1005 2831 1097 2886 sed
1128 2832 1325 2896 victus,
1350 2831 1402 2884 in
1437 2831 1757 2901 pmuitcutia
1788 2829 2059 2899 reliquum
2089 2828 2211 2883 vita:
2241 2844 2353 2883 suze

782 2934 998 2988 tempus
1032 2922 1356 2975 transmisit.

856 3016 907 3070 8.
954 3012 1267 3067 Valerianus
1297 3011 1626 3066 Christianis
1645 3011 1844 3065 bellum
1865 3011 2051 3071 movit,
2084 3009 2352 3079 multique

781 3108 943 3161 etiam
974 3107 1075 3159 sub
1108 3106 1199 3158 illo
1232 3113 1496 3174 martyres
1552 3101 1768 3156 fuerunt
1807 3120 1820 3156 :
1875 3102 2014 3155 inter
2052 3115 2191 3171 quos
2222 3109 2351 3155 sunt

783 3210 895 3254 tres
927 3208 1191 3269 martyres
1218 3196 1479 3250 Caesareae
1508 3192 1830 3258 Palmstinae,
1864 3191 2107 3256 Priscus,
2132 3190 2348 3247 Marcus

780 3302 833 3347 et
860 3293 1188 3346 Alexander.

857 3384 911 3438 9.
952 3384 1277 3436 Aurelianus
1332 3380 1498 3433 movit
1537 3379 1993 3448 persecutionem,
2042 3391 2150 3430 non
2177 3391 2351 3445 usque

784 3477 919 3529 adeo
946 3474 1222 3529 crudelem
1255 3483 1308 3526 ct
1350 3470 1716 3525 manifestam.
1768 3468 1952 3523 Solum
1990 3468 2133 3522 enim
2182 3466 2351 3537 magi-

780 3567 1049 3622 stratibus
1095 3582 1161 3619 ex
1210 3563 1604 3619 consuetudine
1652 3571 1894 3616 veterum
1936 3560 2111 3630 legum
2161 3566 2347 3613 contra

778 3659 1124 3715 Christianos
1156 3657 1287 3727 quid
1318 3656 1585 3724 agendum
1608 3662 1749 3709 esset
1772 3650 2117 3723 signiﬁcavit.

849 3743 947 3801 10.
1008 3749 1049 3799 Α
1103 3745 1433 3800 Diocletiano
1491 3758 1684 3813 magna
1740 3742 2005 3798 adversus
2051 3740 2349 3797 Ecelesiam

779 3844 1015 3898 excitata
1083 3843 1391 3912 persecutio
1429 3850 1543 3902 est,
1600 3842 1654 3894 in
1705 3855 1811 3910 qua
1864 3848 1920 3894 et
1962 3837 2350 3908 quampluritni

779 3946 1078 4006 martyres,
1124 3935 1223 3990 viri
1256 3934 1563 4004 conspicui,
1614 3934 1667 3987 in
1708 3932 2024 3989 testimonio
2052 3930 2175 3984 fidei
2226 3945 2350 4000 per-

782 4030 1016 4082 bibendo
1055 4028 1394 4082 eil‘ulseruut.
1436 4027 1729 4081 Anthimns
1777 4025 2068 4095 episcOpus
2099 4022 2349 4077 Nicome-

779 4120 1006 4173 diensis.
1049 4118 1280 4173 Pbilteas
1328 4119 1620 4187 episcopus
1664 4118 2016 4173 ’l‘bmuensis.
2072 4115 2349 4169 Adauctus

779 4212 1047 4267 Catholici
1079 4211 1341 4280 dignitate
1366 4211 1676 4269 decoratus,
1706 4209 1759 4264 in
1790 4226 1895 4278 qua
1930 4210 2099 4263 etiam
2130 4207 2348 4274 conspi-

778 4319 916 4358 enus
952 4301 1077 4357 fuit.
1115 4300 1332 4371 Pelagia
1363 4300 1513 4369 virgo
1537 4300 1903 4364 Autiochena,
1935 4300 2123 4369 junior
2148 4298 2346 4369 puella,

778 4410 903 4462 qua:
942 4409 1060 4447 sese
1092 4394 1159 4447 de
1206 4392 1363 4446 tertia
1402 4393 1811 4461 contignatione
1837 4391 2034 4447 domus
2076 4405 2190 4445 suae
2226 4405 2349 4458 pro-

773 4488 925 4556 jeeit.
959 4486 1236 4558 Tyrannio
1258 4486 1551 4554 cpiscopus
1580 4485 1730 4555 'l‘yri.
1763 4483 2037 4539 Zeuohius
2067 4484 2351 4554 presbyter

2466 632 2639 700 ἁγίων
2666 633 2755 686 διά
2786 633 2879 686 τοῦ
2915 631 3063 686 θείου
3093 633 3395 686 τελειοῦται
3428 633 3754 703 μαρτυρίου.

2535 732 2595 779 ε’.
2611 722 2750 778 Ὑπὸ
2770 727 3060 793 Σευήρου,
3082 725 3223 777 κατά
3242 724 3342 793 τῆς
3358 724 3685 794 Ἐκκλησίας
3713 724 3889 793 μέγας
3910 740 4044 789 συγ-

2464 818 2694 870 κινεῖται
2719 816 2961 887 διωγμὸς
2981 857 2997 880 ,
3023 816 3110 887 ἐφ’
3135 809 3196 870 οὗ
3220 815 3500 878 Ἰουστῐνος
3529 814 3901 886 ἐμαρτύρησε,
3942 815 4044 869 καὶ

2470 909 2745 980 Λεωνίδης
2783 909 2812 961 δ
2853 909 3194 980 Ὠρειγένους
3231 906 3439 978 πατὴρ,
3484 908 3580 961 καὶ
3626 907 3971 977 Ποταμίαινα
4004 908 4039 976 ή

2461 1001 2593 1068 ἀγία
2642 1001 2933 1072 παρθένος,
2965 1002 3059 1055 καὶ
3099 1000 3440 1072 Βασιλείδης,
3489 1000 3585 1053 καὶ
3617 999 3824 1069 πλῆθος
3872 998 4042 1053 θείων

2465 1091 2761 1145 τελειοῦται
2794 1092 3110 1164 μαρτύρων.

2532 1190 2605 1247 ς’.
2638 1182 2969 1251 Μαξιμῒνος
3019 1182 3272 1253 πρώτους
3317 1182 3530 1245 πάντας
3563 1182 3692 1245 τοὺς
3723 1182 3848 1235 ὅποι
3867 1182 3913 1235 δ’
3945 1182 4037 1248 ἂν,

2459 1274 2533 1337 ὼς
2563 1274 2881 1346 κληρικοὺς.
2913 1274 3257 1344 ἀναιρεῖσθαι
3282 1273 3617 1344 προστάξας,
3643 1274 3737 1327 καὶ
3764 1274 3884 1328 τότε
3904 1275 4039 1338 τοὺς

2460 1368 2717 1435 λέγοντας
2748 1368 2975 1430 ἑαυτοὺς
3000 1362 3141 1420 εἶναι
3175 1366 3561 1436 Χριστιανούς.

2530 1460 2593 1523 ζ’.
2627 1457 2829 1524 Δέκιος
2874 1458 3119 1529 σφοδρῶς
3165 1459 3438 1529 ἐχρήσατο
3488 1456 3566 1528 τῷ
3613 1457 3877 1527 διωγμῷ,
3930 1458 4032 1511 καὶ

2463 1551 2729 1622 μαρτυρεί
2752 1549 3050 1613 θλασιανδς
3070 1549 3365 1611 ἐπίσκοπος
3411 1548 3651 1618 Ῥώμης,
3685 1548 4038 1617 Ἀλέξανδρος

2458 1643 2755 1705 ἐπίσκοπος
2786 1640 3195 1711 Ἰεροσολύμων,
3227 1642 3473 1704 Βαϐύλας
3496 1642 3791 1706 ἐπίσκοπος
3831 1643 4039 1695 Ἀντιοο

2458 1733 2938 1806 χείας,Σαραπίων
2967 1733 3267 1797 ἐπίσκοπος
3290 1733 3726 1804 Ἀλεξανδρείας,
3759 1732 4037 1787 Ἀπολλω-

2456 1829 2545 1880 νία
2576 1826 2841 1897 παρθένος
2868 1826 2963 1879 καὶ
2984 1824 3388 1895 Ἀμμωναρίων
3428 1826 3527 1879 σὺν
3556 1824 3745 1889 ἀλλαις
3768 1824 4038 1896 τέσσαρσι

2463 1919 2752 1990 παρθένοις
2793 1918 2985 1982 δεινῶς
3037 1916 3511 1988 βασανισθείσαις,
3568 1917 3855 1979 Ἰουλιανὸς
3879 1919 3908 1970 δ
3938 1934 4039 1971 που

2461 2010 2655 2079 δαλγδς
2683 2011 2774 2064 ἐπὶ
2801 2010 3031 2079 καμίνου
3075 2009 3533 2080 περιφερόμενος,
3564 2009 3658 2062 καὶ
3682 2010 3748 2080 τῇ
3779 2008 4039 2076 ἀσϐέστῳ

2462 2103 2934 2175 περιραινόμενος.
2979 2100 3039 2155 '0
3061 2100 3363 2163 ἐπίσκοπος
3392 2100 3755 2171 Καρθαγένης
3784 2101 4040 2170 Κυπρια-

2462 2198 2570 2260 νός.
2606 2195 2921 2265 Μερκουρία
2949 2210 3008 2247 τε
3041 2193 3137 2248 καὶ
3197 2192 3445 2247 Διονυσία
3477 2196 3511 2264 ἠ
3540 2192 3830 2259 πολύπαις,
3860 2208 4040 2261 παρε-

2461 2283 2739 2352 στηκότων
2783 2281 2920 2353 αὐτῇ
2964 2280 3074 2334 τῶν
3119 2280 3329 2334 παίδων
3366 2281 3558 2351 αὐτῆς.
3595 2282 3705 2335 Καὶ
3737 2280 4035 2351 βασανιζο-

2462 2373 2596 2444 μένη
2636 2373 2737 2425 οὐκ
2766 2370 2944 2437 ἔστιξε
2972 2371 3085 2445 (7’2)
3117 2371 3219 2440 τῆς
3258 2372 3497 2445 Χριστοῦ
3524 2371 3711 2443 φιλίας
3736 2371 3835 2443 τὴν
3865 2372 4037 2425 πολυ-

2458 2467 2698 2522 παιδίαν.
2750 2466 2875 2518 Ἐπὶ
2918 2465 2975 2518 δέ
3015 2465 3211 2519 τούτου
3263 2464 3508 2519 πλεῖστοι
3566 2466 3846 2536 μάρτυρες
3890 2464 4037 2517 κατὰ

2456 2559 2640 2623 πόλεις
2707 2560 2803 2613 καὶ
2879 2559 3020 2613 κατά
3099 2558 3290 2628 κώμας
3356 2561 3470 2623 τοῖς
3526 2558 3798 2632 οὐρανίοις
3848 2562 4036 2630 χοροῖς

2459 2652 2993 2724 συγκατελέχθησαν.
3045 2654 3365 2724 Ὠρειγένης
3407 2652 3466 2707 δέ
3515 2654 3618 2707 οὐκ
3675 2650 3884 2723 ἠξιώθη
3930 2655 4035 2723 τῆς

2458 2745 2770 2817 μαρτυρίας
2818 2746 2878 2798 ἐν
2920 2744 3097 2816 τούτῳ
3158 2745 3443 2816 συσχεθεὶς
3502 2746 3580 2815 τῷ
3629 2745 3849 2817 χρόνῳ,
3911 2743 4034 2797 ἀλλ’

2454 2840 2743 2911 ἡττηθεὶς,
2797 2841 2876 2901 εἰς
2944 2841 3235 2908 μετάνοιαν
3285 2836 3419 2890 ἐὸίω
3481 2839 3574 2890 τὸν
3633 2836 3820 2891 λοιπον
3858 2835 4033 2891 αὐτοῦ

2455 2931 2667 3002 χρόνον.

2526 3022 2595 3095 η’.
2625 3024 3025 3093 Οὐαλεριανὸς
3043 3022 3401 3092 Χριστιανοὺς
3428 3022 3759 3092 ἐπολέμησε,
3778 3020 3874 3075 καὶ
3890 3018 4033 3073 πολ-

2452 3118 2534 3170 λοὶ
2558 3118 2653 3171 καὶ
2685 3117 2772 3170 ἐπ’
2799 3117 2965 3170 αὐτοῦ
2997 3118 3512 3187 μεμαρτυρήκασιν,
3544 3115 3603 3180 ἐξ
3626 3109 3702 3168 ὧν
3725 3116 3830 3167 είσι
3859 3112 3957 3165 atat
3976 3110 4034 3167 ἀ

2454 3210 2513 3261 ἐν
2561 3208 2865 3279 Καισαρείᾳ
2913 3208 3011 3276 τῆς
3064 3207 3433 3278 Παλαιστίνης
3491 3206 3766 3277 μάρτυρες
3830 3204 4029 3274 τρεῖς,

2453 3298 2710 3369 Πρίσκος,
2748 3298 2971 3369 Μάρκος
3006 3298 3101 3351 καὶ
3131 3297 3505 3367 Ἀλέξανδρος.

2520 3388 2585 3444 θ’.
2622 3390 2999 3458 Αὐρηλιανὸς
3026 3392 3170 3443 κινεῖ
3194 3389 3456 3459 διωγμὸν,
3500 3390 3601 3460 οὐχ
3626 3390 3800 3453 οὕτως
3830 3390 4031 3460 ἄγριον

2452 3496 2547 3535 και
2566 3481 2807 3551 ἐμφανῆ.
2840 3481 3018 3535 Μόνον
3035 3480 3145 3552 γάρ
3169 3480 3275 3533 τῶν
3303 3479 3582 3549 ἀρχόντων
3603 3479 3704 3550 τῆς
3737 3479 4033 3550 συνηθείας

2451 3574 2559 3627 τῶν
2592 3574 2838 3629 παλαιῶν
2886 3575 3065 3645 νόμων
3109 3574 3251 3627 κατά
3278 3572 3623 3646 Χριστιανῶν
3663 3574 3717 3627 τί
3772 3572 4031 3642 γίνεσθαι

2461 3664 2536 3735 μὴ
2568 3663 2725 3737 [χρὴ]
2763 3664 2879 3736 (73)
2909 3664 3189 3729 διατάξας.

2528 3756 2577 3810 ι’.
2623 3755 2681 3809 '0
2710 3758 2882 3826 μέγας
2912 3755 3056 3811 κατά
3080 3757 3178 3827 τῆς
3195 3755 3524 3827 Ἐκκλησίας
3550 3756 3655 3809 ὑπὸ
3671 3758 4026 3825 Amantia-

2451 3851 2563 3906 νοῦ
2586 3848 2828 3920 διωγμὸς
2859 3849 3159 3919 ἐγείρεται,
3191 3849 3276 3919 ἐφ’
3302 3844 3365 3905 οὗ
3391 3851 3486 3903 καὶ
3508 3849 3696 3904 πολλοὶ
3721 3839 4029 3921 μάρτυρες,

2450 3942 2643 4015 ἄνδρες
2676 3942 2981 4010 ἐπιφανεῖς,
3011 3939 3313 4012 διέπρεψαν
3333 3941 3394 3996 ἐν
3408 3940 3487 4012 τῷ
3509 3941 3821 4013 μαρτυρίῳ.
3846 3940 4032 3995 ’Ἀνθι-

2456 4050 2554 4101 μος
2605 4032 2905 4095 ἐπίσκοπος
2971 4031 3367 4103 Νικομηδείας.
3424 4032 3652 4096 Φιλαίας
3724 4033 4031 4096 ἐπίσκοπος

2450 4124 2705 4195 Θμούιος.
2745 4122 3066 4187 ’Ἀδαυκτος,
3104 4123 3430 4190 καθολικδς,
3482 4125 3578 4178 καὶ
3618 4126 3676 4177 ἐν
3713 4124 3863 4194 αὐτῷ
3906 4122 4032 4177 διας

2452 4216 2678 4287 πρέπων
2704 4214 2783 4286 τῷ
2813 4206 3111 4287 ἀξιώματι.
3140 4216 3383 4284 Πελαγία
3410 4217 3443 4285 ἡ
3470 4217 3529 4269 ἐν
3555 4216 3858 4286 Ἀντιοχείᾳ
3886 4231 4025 4285 παρ-

2452 4306 2624 4371 θένος,
2650 4307 2745 4359 νέα
2772 4305 2933 4375 κόρη,
2970 4305 3174 4376 ῥίψασα
3207 4305 3409 4377 ἐαυτὴν
3456 4307 3566 4360 ἀπὸ
3607 4305 3893 4376 τριστέγου
3924 4303 4029 4373 τῆς

2456 4399 2591 4462 ίδίας
2620 4398 2822 4460 οίκίας.
2855 4395 3174 4468 Τυραννίων
3205 4396 3505 4459 ἐπίσκοπος
3539 4394 3741 4466 Τύρου.
3764 4393 4031 4465 Ζηνόσιος

2452 4488 2821 4557 πρεσϐύτερος
2845 4487 3093 4551 Σιδῶνος.
3126 4489 3386 4551 Σιλσανὸς
3408 4489 3710 4551 ἐπίσκοπος
3751 4485 4028 4556 Ἣμισῶν.

776 4583 1138 4639 Sidoniensis.
1202 4581 1456 4638 Silvanus
1541 4582 1826 4650 episcopus
1898 4580 2426 4666 Hemiseuorum.D

2373 4608 2426 4666 Ι)
2463 4580 2739 4649 Ῥωμανδς
2783 4579 3080 4641 ἐπίσκοπος
3133 4579 3481 4649 Ἀντιοχείας.
3514 4578 3772 4648 Ζηνόδιος
3822 4578 4026 4647 ἀρχία-

775 4673 1062 4729 Romanus
1102 4674 1395 4742 episc0pus
1424 4671 1741 4725 Antiochiae.
1784 4670 2058 4727 Zenobins
2092 4671 2341 4740 princeps
2451 4700 2452 4706 η

2451 4676 2579 4744 τρδς
2637 4674 2991 4741 Ἀντιοχείας.
3061 4672 3317 4735 Σιλὸανὸς
3381 4672 3681 4735 ἐπίσκοπος
3736 4670 4028 4736 Γαζαίων,

778 4770 974 4823 ibidem
1030 4768 1383 4823 medicorum.
1448 4765 1703 4820 Silvanus
1741 4765 2033 4834 episcOpus
2084 4765 2343 4818 Gazeusis

2458 4766 2593 4835 μετὰ
2650 4766 2742 4818 καὶ
2771 4764 2948 4818 ἀλλων
2983 4763 3058 4833 μ’.
3104 4763 3315 4833 Πηλεὺς
3364 4762 3461 4817 xal
3495 4762 3685 4824 Νεῖλος
3735 4762 4030 4815 ἐπίσκοποι

777 4876 899 4916 cum
932 4860 1055 4915 aliis
1087 4877 1175 4915 ιι..
1244 4860 1435 4916 Peleus
1490 4869 1545 4914 et
1597 4858 1751 4912 Nilus
1801 4857 2041 4927 episcopi
2082 4856 2341 4927 Egyptii.

2455 4858 2763 4926 Αιγύπτιοι.
2799 4856 3079 4925 Πάμφιλος
3121 4855 3492 4926 πρεσῦύτερος
3529 4854 3889 4923 Καισαρείας.
3925 4855 4029 4909 Πέ-

776 4954 1095 5025 Pamphilus
1116 4955 1402 5026 presbyter
1426 4953 1814 5010 timsareensis.
1840 4949 2034 5005 Petrus
2058 4950 2348 5020 episcOpus

2456 4964 2585 5019 τρος
2618 4949 2915 5007 ἐπίσκοπος
2963 4947 3392 5016 Ἀλεξανδρείας,
3422 4946 3517 4999 καὶ
3550 4945 3649 4999 σὺν
3682 4945 3835 5015 αὐτῷ
3861 4962 4030 5015 πρεσ-

775 5046 1199 5107 Alexandrinus,
1233 5053 1291 5098 et
1324 5061 1448 5098 cum
1482 5045 1601 5111 ipso
1631 5043 1886 5107 Faustus,
1919 5040 2072 5103 Dius,
2120 5043 2347 5095 Ammo-
2448 5057 2452 5082 ι

2448 5039 2668 5109 ὄύτεροι
2699 5038 2962 5101 Φαῦστος,
3015 5040 3156 5102 Δῖος,
3213 5036 3565 5106 Ἀμμώνιος·
3617 5036 3910 5089 ἐπίσκοποι
3944 5036 4025 5099 δὲ,

774 5151 904 5190 ntus
933 5136 1233 5204 presbyteri
1258 5153 1269 5188 :
1296 5135 1532 5205 episcOpi
1566 5148 1693 5186 vero
1724 5130 1987 5202 Phyla'as,
2020 5132 2345 5204 liesychius,

776 5226 1130 5288 Pachumius,
1164 5224 1503 5282 Theodorus.
1536 5226 1707 5280 Gaius
1746 5240 1965 5295 quoque
2002 5224 2282 5280 Laodicea:
2310 5240 2337 5277 a

776 5320 1027 5389 plebibus
1046 5328 1292 5389 raptatus
1317 5319 1640 5387 martyrium
1660 5318 1807 5373 fecit.
1831 5319 1962 5372 item
1987 5314 2341 5382 Sabinianus,

776 5412 868 5481 qui
914 5426 1038 5466 eum
1094 5411 1253 5466 miles
1282 5420 1427 5465 esset
1456 5412 1639 5481 gravis
1679 5418 1995 5472 armaturae,
2052 5407 2343 5463 confessus

778 5502 921 5571 quod
968 5501 1317 5555 Christianus
1365 5510 1541 5559 esset.
1588 5499 1768 5552 securi
1804 5497 2129 5567 percutitur.
2176 5495 2345 5560 Quin-

778 5596 890 5647 imo
922 5593 1129 5647 classes
1164 5593 1389 5661 integra:
1429 5591 1657 5643 militum
1693 5605 1817 5645 cum
1869 5588 2105 5642 tribunis
2134 5597 2187 5641 et
2219 5600 2346 5641 ceu-

778 5683 1117 5745 turionibus.
1149 5682 1365 5750 spoliati
1399 5682 1569 5736 armis
1595 5682 1918 5751 martyrium
1949 5680 2255 5733 subierunt.

842 5798 954 5858 (72)
992 5797 1153 5853 Forte
1178 5796 1419 5867 ἔστερξε.

2448 5132 2709 5195 Φυλαίας,
2748 5131 3025 5199 Ἥσύχιος,
3062 5132 3395 5201 Παχούμιος,
3448 5130 3745 5198 Θεόδωρος.
3772 5129 3933 5192 Γάϊός
3964 5146 4025 5182 τε

2448 5226 2506 5277 ἐν
2542 5223 2829 5293 Λαοδικείᾳ
2886 5224 2991 5277 ὑπὸ
3046 5223 3157 5275 τῶν
3210 5223 3399 5293 δήμων
3474 5221 3661 5292 συρεὶς
3734 5223 4025 5291 μαρτυρεῖ.

2452 5316 2558 5367 Καὶ
2587 5314 2923 5379 Σαόινιανὸς,
2973 5312 3315 5384 στρατιώτης
3342 5313 3419 5366 ὢν
3451 5313 3563 5367 τῶν
3594 5310 3852 5375 ὁπλιτῶν,
3896 5312 4029 5379 ὁμο·

2450 5405 2687 5472 λογήσας
2726 5405 3051 5474 Χριστιανὸς
3080 5401 3239 5467 εἶναι,
3266 5402 3631 5466 πελεκίζεται.
3664 5402 3773 5456 Καὶ
3796 5399 4029 5469 ἀριθμοὶ

2451 5497 2508 5549 δέ
2538 5496 2822 5566 ὁλόκληροι
2870 5496 3242 5568 στρατιωτῶν,
3276 5496 3415 5568 μετά
3442 5495 3551 5549 τῶν
3586 5494 3887 5565 χιλιάρχων
3929 5492 4028 5545 καλ⁵

2451 5590 2903 5659 ἑκατοντάρχων,
2958 5589 3350 5662 ἀφαιρεθέντες
3384 5586 3494 5642 τῶν
3538 5586 3722 5641 ὅπλων
3782 5581 4027 5656 ἐμαρτύ-

2458 5695 2650 5749 ρησαν.

847 5869 957 5941 σε)
1010 5867 1143 5925 Vide
1172 5863 1373 5925 Euseb.
1404 5884 1508 5937 vu,
1546 5866 1652 5935 30;
1698 5866 1947 5925 Lactant.
1996 5866 2068 5921 De
2113 5864 2322 5920 mortib.
2356 5879 2551 5935 persae.
2585 5880 2702 5935 cap.
2742 5863 2795 5917 6.
