4248 6438
298 342 402 405 139
1435 345 1809 406 LIBELLUS
1848 344 2347 406 lllElllOlll.\l.lS.
3442 350 3545 416 150

362 452 518 507 Μετὰ
539 452 740 505 τούτων
763 452 1089 520 Μαξιμῖνος
1115 453 1181 507 ια’
1198 454 1435 519 διωγμὸν
1460 454 1780 521 διαδέχεται,
1806 454 1864 504 ὃν
1894 460 1939 511 Α

1894 460 1939 511 Α
2045 456 2127 507 ll.
2164 455 2487 510 Maximinus
2527 466 2646 524 post
2704 456 2801 510 hos
2848 457 3193 511 underimam
3231 461 3542 530 aggreditur

289 548 453 609 αὐτὸς
480 546 641 598 πάλιν
672 544 877 598 ἔπαυσε
906 546 1457 618 διατάγματι.’Ἑνθεν
1492 551 1525 619 ἡ
1574 547 1868 616 Ἐκκλησία

1857 564 1868 599 ι
1972 548 2405 614 persecutionem
2434 568 2446 603 :
2478 563 2641 617 quam
2675 549 2901 617 ipsemet
2934 558 3119 621 postea
3152 551 3372 605 derreto
3395 568 3534 605 eom-

287 639 401 690 τῶν
430 639 689 707 διωγμῶν
720 638 970 692 ἀνεθεῖσα
1006 640 1115 692 τῶν
1145 639 1204 705 ἐξ
1245 640 1514 710 Ἐλλήνων
1536 683 1550 705 ,
1577 642 1668 693 ὲπὶ
1708 642 1865 693 Κων-

1864 674 1865 677 η
1974 638 2206 705 poscuit.
2241 638 2506 711 Deinceps
2536 640 2778 695 Ecclesia
2804 655 2831 692 a
2860 642 3331 708 persecutionibus
3356 644 3541 699 intide-

287 728 571 782 στσντίνου
618 729 711 781 καὶ
742 730 1157 795 Κωνσταντίου,
1201 731 1296 784 καὶ
1326 731 1679 792 Κώνσταντος
1715 731 1867 800 βασι-

286 823 557 875 λευόντων
591 821 790 892 πολλὴν
820 821 1082 891 ὑπέμεινε
1125 824 1369 893 ταραχὴν
1395 823 1500 875 ὑπὸ
1547 822 1864 893 Ἀρειανῶν.

356 1000 511 1053 Μετὰ
533 1000 755 1063 τούτους
778 1041 792 1064 ,
828 1001 1162 1055 Ἰουλιανοῦ
1197 984 1616 1068 βασιλέύσαντος
1648 1004 1715 1056 τά
1749 1004 1867 1057 Ἐλ-

283 1092 462 1160 λήνων
496 1091 774 1158 ἑλομένου,
815 1093 877 1144 οὐ
913 1090 1201 1156 διώξαντος
1236 1093 1291 1145 δὲ
1318 1096 1437 1155 τοὺς
1482 1096 1865 1163 Χριστιανοὺς,

281 1182 420 1234 ἀλλὰ
454 1181 846 1251 βδελυξαμὲνου
883 1183 976 1234 καὶ
1024 1184 1479 1251 συγγραφομένου
1516 1188 1632 1237 κατ’
1665 1186 1862 1240 αὑτῶ).

282 1272 407 1327 Τῶν
436 1273 492 1325 δὲ
526 1274 715 1344 δήμων
747 1275 887 1328 κατά
917 1292 974 1326 τε
1016 1276 1195 1339 πόλεις
1246 1279 1339 1330 καὶ
1394 1277 1603 1346 κώμας,
1637 1280 1732 1347 τῆς
1771 1278 1865 1331 τοῦ

281 1366 549 1434 βασιλέως
600 1368 826 1437 γνώμης
871 1372 1366 1439 συγχρησαμένων,
1400 1372 1548 1423 δεινὰ
1596 1375 1702 1433 τοῖς
1737 1374 1867 1440 Χρι-

280 1461 523 1522 στιανοίς
568 1460 924 1529 δειχθέντων,
961 1461 1112 1513 ἔνθεν
1152 1464 1246 1514 καὶ
1295 1465 1532 1531 αἱρέσεις
1582 1466 1722 1517 κατὰ
1768 1466 1863 1531 τῆς

291 1549 620 1622 Ἑκκλησίας
649 1553 1040 1623 ἐπανέστησαν,
1078 1555 1185 1606 τῶν
1214 1572 1273 1607 τε
1322 1556 1611 1625 Ἀρειανῶν
1645 1556 1865 1608 καὶτῶν

292 1641 813 1711 Ἀνθρωπολατρῶν.

275 1755 528 1807 ΚΕΦΛΛ.
566 1756 698 1808 PM'.
748 1758 1052 1828 -λΠόσαι
1104 1757 1363 1824 αιρέσεις
1406 1759 1555 1812 κατὰ
1606 1761 1715 1828 τῆς
1760 1764 1858 1816 ἑκ-

450 1825 896 1894 κλησιαστικῆς
924 1828 1184 1893 πίστεως
1208 1829 1656 1896 ἐπανέστησαν.

350 1939 573 2007 Πρῶτον
606 1939 700 1992 ἐπὶ
746 1943 811 2009 τῇ
849 1941 1100 2011 ὲνσάρκῳ
1156 1941 1251 1994 τοῦ
1301 1943 1503 2012 Κυρίου
1549 1946 1856 2016 παρουσίᾳ,

273 2031 534 2095 γεγόνασι
571 2049 711 2096 τινες
764 2031 1151 2101 ’11ρωδιανοὶ,
1198 2035 1433 2105 Χριστὸν
1473 2036 1565 2090 τὸν
1614 2038 1859 2108 Ἡρώδην

272 2117 419 2175 εἶναι
454 2122 726 2191 λέγοντες.

346 2214 412 2285 β’.
445 2218 755 2272 Θευδιανοὶ
785 2220 1158 2290 άπατηθέντες
1180 2221 1313 2293 (74).
1346 2222 1553 2275 Τούτου
1581 2224 1859 2293 μέμνηται

271 2309 370 2360 καὶ
423 2309 764 2378 Γαμαλιῆλος
822 2313 849 2364 ὀ
916 2313 1409 2381 νομοδιδάσκαλος,
1466 2314 1691 2385 γνώμην
1744 2319 1856 2378 τοῖς

270 2401 626 2470 ἀρχιερεῦσιν
671 2404 1085 2475 εἰσηγούμενος,
1145 2406 1559 2476 βουλευομένοις
1616 2425 1669 2459 τι
1726 2407 1860 2476 δρᾷν

272 2491 413 2544 κατὰ
460 2492 567 2546 τῶν
595 2495 909 2549 ἀποστόλων
934 2537 947 2559 ,
980 2497 1113 2567 πρὸς
1142 2498 1203 2551 τδ
1245 2497 1414 2568 μηδέν
1444 2515 1495 2551 τι
1525 2499 1647 2552 κατ’
1680 2501 1859 2552 αὐτῶν

268 2583 517 2650 ἐνεργεῖν
563 2585 766 2652 λέγων·
825 2589 945 2653 Πρὸ
1000 2589 1111 2657 τὰρ
1164 2592 1391 2643 τούτων
1446 2589 1564 2643 τῶν
1621 2590 1858 2660 ἡμερῶν

266 2671 499 2740 ἀνέστη
533 2674 782 2741 Θευδᾶς,
810 2677 1005 2746 λέγων
1035 2676 1189 2733 εἶναι
1215 2696 1347 2734 τινα
1373 2680 1612 2735 ἑαυτόν.

342 2768 414 2828 γ’.
448 2764 571 2815 Ἐπὶ
593 2764 703 2817 τῶν
726 2767 1049 2821 ἀποστόλων
1069 2769 1204 2838 άλλη
1230 2768 1442 2839 αἵρεσις
1468 2771 1527 2823 ὲν
1554 2772 1619 2840 τῇ
1659 2769 1851 2840 Ἰερουο

267 2851 456 2920 σαλὴμ
479 2856 804 2922 Αἰγυπτίου
828 2856 1027 2926 μάγου
1058 2859 1200 2922 τινὸς
1237 2861 1465 2930 συνέστη
1493 2900 1508 2925 ,
1541 2862 1635 2914 καὶ
1662 2863 1852 2915 τούτου

269 2946 463 3017 μνήμη
485 2965 566 3009 τις
591 2950 649 3001 ἔν
676 2952 798 3010 ταῖς
826 2952 1214 3017 άποστολικαίς
1246 2954 1478 3024 Πράξεσι
1509 2956 1738 3022 γίνεται,
1762 2956 1851 3009 ὅτε

264 3036 436 3102 φησιν
487 3038 517 3087 ὁ
564 3037 841 3105 χιλίαρχος
884 3038 963 3108 τῷ
1009 3040 1234 3110 Παύλῳο
1298 3042 1645 3108 Ἑλληνιστὶ
1683 3042 1852 3111 τινώ-

262 3140 471 3192 σκεις;
497 3130 618 3180 Οὐκ
647 3122 763 3195 ἄρα
792 3129 873 3182 σὺ
905 3126 959 3182 εἷ
988 3134 1019 3184 ό
1047 3134 1389 3200 Αἰγύπτιος,
1419 3137 1450 3185 ό
1480 3135 1593 3199 πρὸ
1624 3136 1850 3188 τούτων
1876 3165 1918 3222 C

264 3218 389 3271 τῶν
417 3218 652 3287 ἡμερῶν
674 3220 1125 3289 ἀναστατώσας,
1157 3224 1256 3277 καὶ
1287 3225 1597 3295 ἐξαγαγὼν
1625 3229 1712 3293 εις
1736 3227 1851 3294 τὴν

262 3308 494 3377 ἔρημον
524 3310 657 3375 τοὺς
702 3316 1218 3381 τετρακισχιλίους
1251 3314 1476 3384 ἄνδρας
1514 3315 1632 3369 τῶν
1681 3333 1852 3371 mata-

261 3402 451 3470 ρίων;

332 3496 397 3550 δ’.
429 3500 800 3563 Σιμωνιανοί.
834 3501 1015 3572 Σίμων
1044 3503 1137 3556 καὶ
1166 3502 1327 3562 αὐτὸς
1360 3502 1451 3554 ἐπὶ
1484 3500 1593 3554 τῶν
1621 3502 1849 3556 ἀποστό-

261 3589 372 3643 λων
400 3592 570 3660 μάγος
603 3595 893 3662 γενόμενος
914 3633 928 3655 ,
970 3596 1181 3664 αἵρεσιν
1208 3594 1295 3647 διὰ
1338 3595 1436 3661 τῆς
1467 3594 1574 3647 τῶν
1608 3596 1849 3664 σημείων

261 3686 323 3735 ὲν
356 3686 546 3755 τέρασι
567 3686 796 3755 ψευδοῦς
838 3690 1119 3754 ἐνδείξεως
1146 3689 1429 3759 εἰσήγαγε,
1463 3690 1635 3757 λέγων
1662 3690 1851 3743 ἑαυτὸν

260 3773 406 3829 εἶναι
459 3778 553 3830 τοῦ
607 3780 743 3831 Θεοῦ
775 3780 875 3848 τὴν
923 3781 1167 3849 μεγάλην
1209 3780 1461 3850 δύναμιν.
1506 3782 1614 3833 Καὶ
1657 3780 1850 3834 τούτου

263 3873 456 3939 μνήμη
489 3889 573 3932 τις
602 3873 661 3923 ὲν
687 3874 805 3935 ταῖς
838 3873 1078 3941 Πράξεσι
1106 3871 1213 3925 τῶν
1248 3872 1563 3924 ἀποστόλων
1594 3872 1846 3943 φέρεται.

333 3969 397 4015 ε’.
444 3962 796 4024 ἐὄιωναῐοι,
830 3965 924 4018 καὶ
967 3961 1114 4019 οὗτοι
1144 3965 1288 4019 κατὰ
1320 3966 1447 4028 τοὺς
1478 3965 1588 4017 τῶν
1621 3967 1849 4019 ἀποστό-

259 4053 371 4106 λωδ
398 4054 623 4123 χρόνους
648 4051 1173 4125 γεγόνασι,’πτωχοι
1200 4058 1648 4127 ἐρμηνευόμενοι,
1676 4057 1763 4111 διὰ
1789 4058 1850 4110 τὸ

260 4161 332 4196 πε
343 4146 397 4213 pi
418 4146 517 4214 τὴν
536 4146 720 4198 πίστιν
746 4149 1071 4217 πτωχεύειν.
1098 4150 1178 4201 Τά
1199 4151 1308 4218 γὰρ
1332 4149 1621 4219 σωματικὰ
1644 4150 1851 4220 νόμιμα

260 4238 541 4301 Μωῠσέως
578 4239 845 4291 ἐπιτελεῖν
877 4240 958 4293 ἔτι
995 4240 1275 4309 βούλονται
1306 4242 1434 4303 τοὺς
1468 4242 1714 4305 πιστούς.

334 4335 409 4393 ς’.
447 4331 567 4382 Εἰσὶ
596 4333 690 4383 καὶ
728 4331 876 4385 ἄλλοι
922 4331 1272 4393 Ἐὄιωναῖοι,
1305 4334 1349 4384 οἱ
1390 4333 1483 4385 καὶ
1525 4333 1848 4401 Ναζωραῖοι

261 4419 614 4487 καλούμενοι,
651 4421 720 4473 τά
754 4420 894 4473 αὐτὰ
929 4422 1029 4489 μὲν
1067 4420 1290 4490 περὶτὰ
1331 4422 1611 4485 Μωῦσέως
1642 4424 1847 4493 νόμιμα

1974 729 2103 781 lium
2164 729 2457 793 immunis.
2522 733 2625 786 sub
2694 732 3110 801 imperatorilms
3163 732 3544 802 Constantino,

1970 818 2290 874 Constantio
2320 832 2482 892 atque
2509 822 2805 886 Constante
2832 824 3032 879 multas
3064 825 3324 881 sustinuit
3354 827 3544 883 turbas

1972 914 2039 966 ah
2071 914 2310 969 Arianis.

2045 1006 2127 1057 l9.
2153 1005 2373 1058 Iuliano
2413 1014 2598 1075 postea
2634 1006 2995 1076 imperitante,
3024 1007 3118 1077 qui
3149 1008 3363 1063 ethniea
3393 1008 3543 1063 insti-

1971 1105 2081 1149 tuta
2114 1098 2399 1166 amplexus
2437 1107 2542 1161 est,
2579 1111 2680 1151 nec
2710 1108 3031 1166 persecutus
3060 1107 3145 1152 est
3175 1107 3379 1162 tamen.
3412 1100 3539 1153 abo-

1969 1187 2205 1244 minatus
2238 1188 2613 1251 Cbristianos,
2636 1197 2826 1243 contra
2864 1204 3006 1257 quos
3036 1190 3200 1244 etiam
3236 1190 3406 1245 libros
3430 1191 3543 1246 edi-

1966 1278 2076 1343 dit;
2116 1295 2237 1332 cum
2268 1280 2452 1349 populi
2480 1295 2573 1349 per
2598 1280 2760 1333 urbes
2791 1289 2953 1348 atque
2984 1281 3135 1335 vicos
3167 1282 3219 1336 in
3248 1282 3541 1352 perniciem

1967 1383 2207 1424 nostram
2243 1373 2503 1440 imperiali
2537 1380 2815 1425 uterentur
2853 1388 3013 1426 sensu
3040 1414 3053 1437 ,
3095 1372 3542 1444 Christianosque

1965 1462 2253 1514 crmleliter
2283 1461 2629 1529 exciperent;
2668 1460 2792 1542 hinc
2816 1463 2977 1513 etiam
3004 1460 3239 1515 haereses
3271 1462 3538 1517 adversus

1966 1553 2261 1606 Erclesiam
2293 1563 2426 1607 orta:
2456 1566 2601 1616 sunt,
2639 1553 2752 1623 sive
2777 1551 3106 1606 Arianorum
3141 1553 3253 1608 sive
3291 1552 3538 1607 Homini-

1975 1644 2241 1697 colorum.

1962 1758 2114 1812 CAP.
2148 1756 2303 1812 CXL.
2348 1787 2415 1799 —
2458 1756 2596 1822 Quot
2633 1756 2855 1879 l‘ttzrese's
2895 1755 3139 1812 Ecclesia:
3179 1758 3338 1826 ﬁdem
3380 1775 3541 1831 appe-

2668 1843 2813 1879 terun
2847 1865 2860 1879 .

2668 1843 2860 1879 terunt.

2035 1942 2277 1995 Primum
2300 1940 2418 2009 ipso
2433 1938 2669 1993 adventu
2695 1937 2905 1991 Domini
2929 1939 2981 1992 in
3004 1954 3186 2003 carne.
3209 1942 3538 1996 exstiterunt

1960 2032 2181 2100 quidam
2251 2027 2570 2091 llerodiaut',
2630 2026 2724 2097 qui
2791 2024 3035 2082 dicerent
3098 2027 3362 2083 Herodem
3418 2047 3540 2087 esse

1959 2125 2258 2179 Christum.

2029 2217 2081 2270 2.
2125 2216 2415 2271 Theudiani
2440 2235 2468 2273 a
2500 2220 2721 2275 Theuda
2750 2221 2985 2290 decepti,
3012 2219 3169 2289 cujus
3196 2220 3526 2273 locutionem

1963 2310 2091 2364 facit
2141 2310 2301 2363 etiam
2347 2312 2678 2367 Gamalielus
2718 2313 2853 2383 legis
2900 2313 3107 2375 doctor,
3142 2312 3273 2366 dum
3315 2320 3541 2364 senten-

1962 2403 2087 2454 tiam
2119 2418 2273 2455 suam
2315 2404 2660 2470 pontiﬁcibus
2692 2405 2920 2459 suadere
2953 2405 3263 2468 nitebatur,
3310 2402 3403 2472 qui
3444 2418 3540 2456 ne-

1962 2486 2076 2539 seio
2108 2488 2235 2554 quid
2270 2503 2429 2557 agere
2462 2491 2709 2545 volebant
2750 2493 3009 2545 adversus
3045 2494 3339 2560 apostolos.
3376 2498 3434 2545 ut
3473 2507 3540 2543 ne

1961 2580 2089 2646 quid
2117 2579 2379 2635 adversus
2408 2583 2529 2637 illos
2559 2593 2913 2648 conarentur,
2947 2583 3200 2651 inquiens
3236 2603 3247 2637 :
3288 2584 3415 2637 Ante
3445 2584 3537 2634 hos

1958 2673 2093 2724 enim
2136 2672 2247 2724 dies
2281 2676 2510 2726 surrexit
2546 2673 2821 2737 Theudas,
2855 2674 3031 2728 dicens
3063 2690 3117 2727 se
3148 2676 3370 2742 aliquem
3406 2691 3535 2728 esse.

2029 2765 2081 2817 3.
2117 2764 2498 2833 Apostolorum
2532 2776 2777 2838 tempore
2800 2768 2904 2821 alia
2936 2768 3157 2821 luet-esis
3184 2766 3415 2821 conﬂata
3447 2776 3531 2819 est

1959 2856 2350 2928 Hierosolymis
2384 2860 2672 2927 cujusdam
2705 2861 2846 2928 magi
2887 2858 3128 2930 Egyptii
3162 2877 3179 2913 :
3215 2859 3373 2927 cujus
3398 2876 3538 2928 quo-

1954 2964 2060 3017 que
2097 2949 2349 3001 nonnulla
2398 2952 2605 3003 mentio
2634 2951 2686 3004 iu
2729 2950 3049 3019 apostolicis
3085 2951 3309 3005 Actibus
3344 2966 3539 3004 occur-

1954 3041 2045 3105 rit,
2081 3042 2299 3108 quando
2335 3042 2410 3094 ait
2446 3042 2696 3096 tribunus
2741 3041 2914 3096 Paulo
2960 3061 2974 3096 :
3021 3040 3259 3096 Graecam
3298 3042 3535 3113 linquam

1952 3132 2156 3186 calles?
2182 3132 2262 3183 Au
2295 3150 2393 3185 non
2423 3150 2545 3203 ergo
2560 3150 2611 3187 es
2635 3144 2689 3186 tu
2714 3133 3001 3203 Afyyptius
3032 3134 3142 3199 ille,
3171 3135 3261 3202 qui
3282 3142 3407 3187 ante
3439 3138 3533 3188 lies

1953 3225 2065 3277 dies
2115 3225 2398 3279 seditiones
2447 3226 2725 3280 concitavit
2755 3265 2771 3288 ,
2829 3226 3111 3296 eduxitqae
3159 3226 3212 3280 iu
3266 3227 3531 3281 desertum

1952 3327 2179 3386 quatuor
2213 3317 2385 3371 millia
2406 3318 2675 3371 hominum
2702 3319 3012 3373 sicariorum
3030 3320 3057 3374 .’

2024 3497 2075 3550 4.
2103 3495 2416 3550 Simoniani.
2451 3496 2639 3551 Simon
2665 3507 2717 3551 et
2756 3497 2872 3566 ipse
2901 3511 3090 3566 magus
3132 3508 3373 3566 tempore
3402 3512 3534 3565 apo~

1953 3588 2214 3642 stolarum
2253 3587 2372 3650 fuit,
2411 3589 2768 3659 hreresimqne
2808 3589 3018 3644 induxit
3038 3605 3134 3659 per
3160 3589 3442 3659 signorum
3473 3604 3536 3643 ac

1955 3679 2325 3747 prodigiorum
2385 3681 2697 3733 mendacem
2753 3680 3161 3744 ostensionem,
3220 3682 3411 3736 dicens
3477 3696 3537 3735 se

1952 3788 2074 3826 esse
2102 3771 2193 3826 Dei
2237 3788 2485 3842 magnam
2526 3774 2845 3841 potentiam.
2878 3773 2941 3827 Et
2977 3773 3139 3843 hujus
3167 3782 3349 3829 exstat
3376 3790 3534 3829 men-

1953 3864 2029 3917 tio
2059 3864 2241 3930 aliqna
2277 3865 2328 3917 in
2358 3866 2580 3919 Actibus
2610 3866 3004 3935 apostolorum.

2022 3956 2075 4009 5.
2119 3955 2388 4022 la'bionazi,
2430 3959 2533 4026 ipsi
2569 3974 2785 4027 quoque
2822 3959 3042 4014 luerunt
3075 3959 3217 4014 circa
3252 3958 3535 4029 apostolo-

1954 4061 2071 4098 rum
2105 4062 2367 4115 tempora,
2387 4049 2479 4115 qui
2512 4048 2775 4116 Pauperes
2809 4052 3252 4120 interpretantur,
3282 4058 3533 4121 propter-

1955 4146 2017 4184 ea
2086 4133 2229 4200 quod
2263 4134 2444 4204 inopia
2477 4136 2599 4191 lidei
2632 4137 2882 4193 laborant
2912 4157 2925 4194 :
2960 4140 3264 4210 corporalia
3298 4157 3534 4211 namque

1952 4234 2155 4280 statuta
2182 4226 2382 4299 Moysis
2415 4230 2752 4284 contendunt
2780 4231 2963 4287 lideles
2993 4231 3190 4287 debere
3216 4233 3532 4288 observare.

2026 4320 2078 4372 6.
2118 4318 2260 4373 Sunt
2300 4331 2352 4373 et
2387 4321 2476 4374 alii
2514 4320 2775 4387 Ebioumi,
2823 4325 2915 4392 qui
2953 4325 3115 4379 etiam
3152 4323 3409 4379 Νηιστωὲ
3439 4341 3531 4379 vo-

1950 4425 2166 4466 cantur.
2204 4413 2263 4465 lli
2297 4414 2438 4468 circa
2469 4414 2659 4483 Iegalia
2702 4415 2904 4487 Moysis
2937 4418 3161 4485 perinde
3201 4418 3420 4487 quidem
3451 4427 3531 4471 at-

260 4514 375 4574 τοῖς
414 4510 595 4573 ἄλλοις
634 4512 1003 4580 διακείμενοι,
1036 4512 1097 4565 ού
1145 4512 1251 4582 μὴν
1297 4512 1388 4564 τὸν
1436 4513 1639 4581 Κύριον
1684 4514 1842 4582 ἡμῶν
1877 4514 1922 4570 ί)

1877 4514 1922 4570 ί)
1949 4522 2052 4571 que
2096 4507 2480 4560 antecedentes
2516 4507 2692 4562 allecti
2749 4519 2907 4567 sunt;
2942 4510 3300 4564 nihilominus
3349 4520 3527 4563 tamen

273 4601 483 4671 Ἰησοῦν
525 4604 759 4673 Χριστὸν
786 4643 802 4668 ,
831 4603 966 4655 Θεοῦ
999 4605 1189 4671 Λόγον,
1237 4606 1662 4674 προῦπάρχοντα
1706 4602 1843 4659 εἶναι

259 4695 395 4748 Θεὸν
423 4695 519 4746 καὶ
539 4693 676 4746 Θεοῦ
700 4695 827 4747 Υἰὺν
852 4694 1188 4759 δοξάζοντες.
1219 4694 1335 4749 ἀλλ’
1363 4695 1651 4765 ἄνθρωπον
1677 4698 1844 4767 τιμῆς

258 4787 382 4843 υῑοῦ
404 4787 540 4840 Θεοῦ
568 4787 891 4857 ἠξιωμένον.
1392 4830 1397 4833 -

330 4877 397 4942 ζ’.
438 4879 890 4946 Μενονδριανοί.
952 4879 1262 4949 Μένανδρός
1312 4897 1396 4941 τις
1444 4880 1551 4932 ἀπὸ
1598 4880 1843 4949 Σίμωνος

258 4972 560 5042 ἀποσχίσας
579 5013 592 5034 ,
621 4973 826 5025 ἄνωθεν
869 4972 1060 5024 ἑαυτὸν
1095 4972 1279 5039 ἔλεγεν
1307 4973 1698 5039 καταπέμφθαι
1730 4972 1842 5041 (75)

258 5064 340 5123 εἰς
389 5061 734 5113 διδασκαλίαν
766 5061 880 5130 (76)
936 5061 1087 5115 τοῦδε
1126 5061 1221 5115 τοῦ
1272 5063 1501 5132 κόσμου.
1549 5064 1843 5132 Ἀγγέλους

259 5151 543 5220 γεγονέναι
572 5152 801 5215 πολλούς
832 5169 986 5216 τινας
1012 5155 1107 5207 καὶ
1131 5154 1559 5225 ἀναριθμήτους.

330 5250 403 5313 η’.
437 5246 927 5311 Σατορνηλιανοί.
982 5246 1041 5299 '0
1074 5246 1404 5316 Σατορνῆλος
1432 5244 1583 5311 οὗτος
1612 5248 1720 5300 άπὸ
1747 5248 1841 5301 τοῦ

258 5337 575 5407 Μενάνδρου
605 5337 813 5407 διέστη,
840 5338 906 5389 δι’
933 5338 1074 5391 ἑπτὰ
1100 5340 1260 5407 μόνον
1286 5339 1536 5406 ἀγγέλων
1562 5341 1847 5409 γεγονέναι

256 5429 590 5499 παραδιδοὺς
636 5432 730 5482 τὸν
772 5431 978 5500 κόσμον
1000 5474 1014 5497 ,
1048 5432 1165 5486 ἀλλ’
1215 5432 1278 5485 οὐ
1309 5431 1400 5484 διὰ
1434 5432 1697 5486 πλειόνων
1719 5471 1735 5497 ,
1774 5434 1848 5495 ὼς

257 5522 572 5591 Μένανδρος
592 5522 929 5577 ύπετόπασε.

330 5681 445 5748 (7t)
477 5680 634 5735 Deest
668 5684 774 5735 ἀπὸ
798 5683 992 5736 eausa.

331 5754 443 5815 (75)
478 5754 957 5819 Καταιεπέμφθαι
990 5754 1072 5809 vel
1101 5754 1580 5825 καταπεμφθῆναι.

1957 4615 2062 4651 non
2085 4600 2421 4653 arbitrantur
2437 4602 2721 4655 Donninum
2749 4614 2993 4659 nostrum
3018 4602 3204 4658 Jesum
3228 4603 3528 4667 Christum,

1958 4691 2045 4744 llei
2081 4690 2357 4756 Verbum,
2405 4695 2867 4762 prmessistentcm
2920 4695 3088 4749 fuisse
3131 4695 3294 4747 Deum
3332 4694 3529 4763 Deique

1953 4781 2171 4843 Filium.
2202 4782 2296 4836 sed
2328 4784 2602 4839 hominem
2636 4786 2842 4840 honore
2871 4786 3152 4854 diguatum
3188 4784 3282 4839 lilii
3319 4784 3434 4839 Dei.

2023 4877 2072 4929 7.
2112 4876 2509 4931 Menandriaui.
2558 4877 2789 4944 Quidam
2832 4878 3124 4931 Meuander
3161 4877 3457 4933 schismate
3498 4894 3527 4931 a

1952 4968 2174 5023 Simone
2235 4968 2556 5037 sejunetus,
2603 4969 2820 5024 coalitus
2883 4970 3063 5024 aiebat
3112 4984 3172 5024 se
3224 4968 3525 5023 demissum

1952 5063 2118 5115 luisse
2139 5062 2204 5115 ad
2223 5062 2580 5117 erudiendum
2608 5064 2753 5118 buuc
2782 5065 3043 5118 mundum
3072 5080 3086 5117 :
3114 5061 3334 5133 angelos
3362 5062 3524 5117 etsti-

1950 5156 2084 5209 tisse
2119 5155 2555 5224 quamplurimas
2578 5165 2632 5209 et
2660 5156 3106 5210 innumerabiles.

2020 5249 2070 5302 8.
2106 5246 2493 5303 Saturneliani.
2532 5246 2857 5303 Saturnelus
2889 5263 2919 5302 a
2947 5248 3245 5302 Menandro
3275 5248 3523 5311 dissidet.

1956 5339 2161 5394 docens
2182 5356 2274 5409 per
2294 5351 2497 5409 septem
2528 5341 2690 5396 modo
2710 5341 2930 5411 angelos
2953 5340 3153 5396 factum
3186 5340 3522 5396 fuissemun-

1956 5433 2114 5499 dum,
2170 5433 2261 5487 sed
2307 5448 2414 5485 non
2452 5449 2545 5499 per
2578 5422 2757 5501 plures
2784 5471 2799 5495 ,
2849 5442 2906 5487 ut
2962 5432 3248 5487 Menander
3292 5431 3524 5487 absurde

1955 5536 2297 5580 commentus
2323 5535 2426 5579 (εει.

2022 5682 2131 5747 (76)
2192 5679 2407 5733 Fabric.
2472 5687 2625 5748 putat
2676 5678 2961 5748 legendum
3003 5677 3083 5737 εἰς
3134 5674 3521 5731 διδασκαλίαν

1950 5755 2169 5814 κτίστας
2198 5751 2349 5805 τοῦδε
2382 5751 2473 5805 τοῦ
2510 5751 2712 5819 κόσμου
2747 5748 3025 5815 ἀγγέλους,
3064 5758 3171 5802 etc.
