4248 6438
767 389 863 453 151
2291 403 2590 469 JOSEPPI
3921 421 4024 486 152

751 548 753 550 .
823 502 874 554 9.
916 503 1248 557 Rasilidinni.
1284 503 1548 560 Basilides
1580 506 1634 561 in
1667 507 1902 579 Δίκῃ)ιο
1932 509 2123 564 fuerat.
2156 511 2333 582 lnquit
2362 526 2405 576 Α

2362 526 2405 576 Λ
2507 520 2570 575 θ’.
2599 524 3059 580 Βασιλειδιανοί.
3095 527 3154 579 Ὀ
3179 527 3495 598 Βασιλείδης
3523 531 3582 583 ὲν
3606 531 3867 603 Αἰγύπτῳ
3897 535 4022 601 ἐγε-

751 610 871 648 esse
908 595 1012 649 365
1046 599 1242 661 etnlos,
1281 613 1512 666 quorum
1555 601 1716 666 etiam
1755 602 1973 655 nomina
2013 603 2224 658 recitat.
2269 605 2324 658 In
2427 634 2428 641 ι

2427 611 2595 679 γόνει.
2630 615 2732 678 τξε’
2759 612 2899 670 εἰναι
2925 617 3072 686 λέγει
3118 620 3399 688 οὐρανοὺς,
3425 595 3519 674 καὶ
3542 595 3783 692 ὀνόματα
3804 595 4021 686 τούτοις

751 685 925 754 pretio
957 687 1117 741 habet
1158 688 1480 742 vocabulum
1515 680 1788 754 Abraxas,
1824 693 2023 762 quippe
2047 694 2189 762 quod
2223 710 2326 747 nu-

2429 705 2776 775 ὲπιφημίζει,
2811 709 2904 761 καὶ
2930 680 3289 778 τδάσραξᾶς
3329 680 3503 781 ὄνομα
3533 680 3691 786 τιμᾷ,
3727 680 4021 787 ἰσάριθμον

753 798 961 835 merum
1007 782 1273 835 caelorum
1309 786 1586 837 contineat
1627 795 1679 838 et
1711 784 1923 838 dierum
1956 788 2082 840 anni
2122 806 2134 840 :
2187 788 2329 840 valet
2429 823 2430 832 η

2429 793 2488 847 ὂν
2518 796 2626 848 τῶν
2655 799 2901 870 οὐρανῶν
2939 803 3033 856 καὶ
3076 803 3298 874 ἡμερῶν
3330 805 3425 857 τοῦ
3463 807 3730 860 ἐνιαυτοῦ.
3775 810 4019 878 Τριακο-

751 875 893 926 enim
931 883 1203 927 trecentos
1249 884 1301 928 et
1335 878 1614 944 sexaginta
1661 879 1939 946 quinque,
1975 879 2017 930 si
2055 879 2325 932 calculum

750 966 1056 1020 litterarum
1097 967 1272 1020 ineas.

2123 879 2325 932 lcululn
2431 888 2580 950 σίευς
2610 888 2718 960 γάρ
2749 893 2844 944 καὶ
2873 893 3136 963 ἑξήκοντα
3168 898 3330 950 πέντε
3371 897 3581 969 ψήφους
3622 901 3797 970 φέρει.

774 981 928 1018 luela
939 981 1056 1018 rum
1097 983 1272 1021 lﬂCﬂS.

823 1057 910 1111 10.
946 1057 1250 1113 Nicolaiue.
1282 1060 1537 1114 Nicolaus
1565 1066 1632 1115 de
1659 1073 1863 1130 septem
1884 1060 2131 1115 diaeonis
2165 1077 2328 1126 unus,

2503 1065 2555 1120 ι’.
2585 1071 2950 1126 Νικολαῖτιιι.
2982 1074 3247 1139 Νικόλαος
3278 1077 3388 1131 ἀπὸ
3411 1079 3519 1131 τῶν
3543 1078 3683 1132 έπτά
3711 1079 4011 1146 διακόνων,

750 1153 844 1220 qui
887 1167 1011 1206 cum
1046 1155 1311 1222 apostolis
1342 1151 1583 1206 fuerunt.
1625 1153 1762 1208 Cum
1803 1153 2112 1207 communia
2148 1163 2332 1208 essent

2428 1159 2538 1211 τῶν
2578 1162 2637 1214 ὲν
2676 1166 2790 1226 τοῖς
2834 1165 3152 1232 ἀποστόλοις
3177 1211 3192 1236 ,
3223 1165 3302 1232 εἷς
3335 1173 3572 1239 ἐγένετο,
3620 1172 3710 1226 Ἐν
3738 1173 3817 1243 τῷ
3856 1177 4017 1227 κοινά

751 1245 1004 1299 omnibus
1031 1245 1246 1311 omnia,
1281 1249 1443 1300 etiam
1479 1262 1712 1300 uxorum
1751 1246 2192 1301 communionem
2243 1245 2331 1298 in-

750 1338 926 1398 duxit,
960 1346 1014 1391 et
1047 1337 1305 1392 inusitata
1334 1339 1582 1408 quaedam
1618 1340 1837 1393 nomina
1869 1335 2188 1390 honoranda
2219 1343 2332 1390 tra—

750 1431 909 1482 tlitlil.

823 1522 912 1575 11.
935 1521 1174 1577 Gnostici
1199 1524 1251 1579 in
1277 1522 1510 1594 Egypto
1533 1531 1818 1591 coeperunt
1841 1522 2126 1576 lmreticos
2148 1535 2328 1590 agere.

749 1613 961 1666 Alicubi
983 1615 1147 1668 etiam
1175 1614 1509 1677 Borboriani,
1537 1614 1594 1666 h.
1622 1628 1670 1667 e.
1704 1612 1973 1677 lutulenti,
2005 1612 2328 1665 vocitantur.

750 1704 1078 1772 Turpissimi
1115 1708 1200 1761 isti
1237 1706 1488 1760 homines
1519 1703 1823 1758 Barbiloten
1855 1713 1908 1758 et
1939 1704 2171 1756 Barbara
2203 1718 2332 1772 pro-

752 1798 1011 1852 nuntiant
1044 1799 1097 1853 in
1134 1799 1250 1852 suis
1284 1798 1560 1868 precibus.

825 1892 912 1943 12.
953 1890 1164 1959 ΟρΙιὶιαι
1197 1866 1311 1944 sive
1356 1887 1707 1959 Serpentarii.
1745 1887 1838 1941 isti
1893 1896 2197 1955 Serpentem
2237 1901 2329 1940 co-
2364 1866 2407 1925 Β

751 1995 872 2040 .unt
898 1994 949 2036 et
1003 1984 1218 2053 plurimi
1263 1985 1503 2037 omnium
1539 1981 1776 2043 faiiunt;
1813 1979 2010 2048 quippe
2046 1977 2139 2047 qui
2172 1977 2335 2030 fuerit

751 2092 914 2130 causa
940 2076 1270 2144 cognitionis
1304 2073 1637 2128 hominibus.

826 2167 914 2220 13.
947 2165 1138 2219 Caiani
1167 2166 1397 2219 Cainum
1433 2172 1684 2232 reputant
1715 2161 2148 2230 gluriﬁeandum,
2176 2163 2332 2231 quasi

750 2259 842 2329 qui
876 2274 1068 2325 magna
1102 2257 1348 2327 quaedam
1379 2259 1552 2309 virtus
1579 2254 1760 2310 fuerit.

831 2352 912 2406 14.
951 2350 1171 2405 Set/rita:
1213 2349 1436 2402 Sethnm
1462 2387 1476 2410 ,
1514 2358 1768 2417 tanquam
1824 2363 1853 2402 a
1898 2363 2130 2417 superna
2166 2355 2336 2401 matre

751 2446 1057 2501 venientem
1110 2445 1175 2497 ad
1230 2443 1511 2496 conditum
1574 2442 1699 2496 novi
1756 2442 1983 2499 mundi,
2043 2442 2330 2494 honorant.

751 2540 1101 2608 Principatus
1132 2552 1195 2590 ac
1225 2544 1516 2604 potestates
1559 2549 1654 2603 prc
1693 2533 2008 2586 numinibus
2039 2533 2260 2586 habent.

827 2634 912 2685 15.
955 2629 1358 2698 Carpocratiani
1392 2629 1443 2681 in
1480 2628 1606 2681 Asia
1653 2626 1894 2681 fuerunt.
1932 2626 2199 2694 Imagines
2233 2627 2326 2677 ho-

755 2727 964 2779 mintnn
988 2764 1002 2788 ,
1038 2724 1131 2792 qui
1163 2723 1246 2774 vel
1277 2721 1415 2788 apud
1447 2721 1674 2788 gentiles
1701 2719 2048 2771 admirationi
2110 2719 2329 2783 fuerint,

755 2820 1036 2886 pingentes
1064 2817 1356 2870 honorant.
1382 2812 1509 2868 Jesu
1541 2828 1760 2882 quoque
1783 2812 2022 2866 animam
2053 2813 2105 2865 in
2133 2812 2330 2866 omium

758 2927 1028 2966 reversam
1062 2909 1237 2971 aiunt,
1274 2916 1333 2961 ut
1366 2922 1487 2976 quae
1515 2905 1623 2959 Deo
1656 2906 1910 2975 placeret.

831 3089 915 3144 16.
949 3086 1300 3144 Cerinthiani.
1324 3083 1618 3139 Cerinthus
1645 3082 1712 3137 ab
1743 3082 1932 3151 angelo
1961 3081 2126 3152 legem
2151 3081 2330 3134 datam

2432 1249 2570 1306 εἷναι
2600 1255 2672 1309 τά
2701 1259 2877 1312 πάντα
2909 1263 3020 1324 τοῖς
3049 1265 3203 1326 πᾶσι,
3231 1265 3326 1317 καὶ
3352 1265 3450 1328 τὰς
3480 1270 3747 1334 γυναῖκας
3782 1271 3981 1338 εἰσηγη
4001 1300 4018 1314 ο

2434 1347 2688 1418 σάμενος,
2721 1354 2814 1405 καί
2845 1352 2970 1420 ξένα
2995 1355 3116 1409 τινά
3146 1358 3389 1428 ὀνόματα
3417 1360 3680 1428 τιμᾶσθαι
3717 1361 4015 1432 παραδούς.

2506 1528 2593 1583 ια’.
2633 1532 2962 1586 Γνωστικοί
3000 1534 3058 1585 ὲν
3089 1534 3350 1606 Αἰγύπτῳ
3381 1535 3616 1608 ἤρξαντο
3659 1538 4018 1608 αἰρεσιάζειν,

2433 1622 2663 1691 ἀλλαχοῦ
2693 1622 2751 1675 δὲ
2781 1625 3156 1692 Βορϐοριανοί
3197 1627 3605 1696 κικλήσκονται.
3655 1630 4014 1699 Αἰσχροποιοὶ

2433 1710 2577 1768 οὗτοι
2607 1714 2706 1784 τὴν
2735 1717 3119 1783 Βαρόιλὼτην
3148 1718 3242 1771 καὶ
3265 1721 3538 1789 Βαρόερὼ
3562 1721 3674 1792 (77)
3705 1721 4020 1793 προφέρου-

2436 1824 2520 1858 σιν
2550 1808 2608 1860 ὲν
2639 1810 2759 1870 ταῖς
2788 1809 2970 1862 αὐτῶν
2997 1812 3201 1878 εὐχαῖς.

2518 1894 2602 1964 ιβ’.
2642 1897 2886 1965 Ὀρῖταα
2921 1895 3082 1953 Οὗτοι
3127 1903 3220 1955 τὸν
3244 1903 3367 1971 ὅφιν
3391 1905 3595 1974 τιμῶσι
3620 1904 3717 1957 καὶ
3736 1903 4022 1975 προτίθεν-

2442 2005 2553 2052 ται,
2579 1989 2656 2052 ὠς
2683 1991 2777 2043 καὶ
2805 1991 2978 2044 αἴτιον
3006 1993 3260 2060 γνώσεως
3293 1995 3601 2066 ἀνθρώποις
3635 1997 3947 2067 γενόμενον.

2517 2173 2605 2234 ιγ’.
2638 2168 2883 2222 Καῖανοί
2926 2167 3017 2221 τδν
3052 2168 3190 2223 Κατν
3217 2170 3293 2233 ὡς
3328 2170 3574 2242 μεγάλην
3619 2169 3741 2224 τινὰ
3786 2169 4026 2240 δύναμιν

2443 2260 2705 2326 γεγονότα
2733 2259 3036 2324 δοξάζουσι.

2515 2350 2593 2402 ιδ’.
2625 2350 2867 2416 Σηθῖται
2895 2351 2986 2406 τὸν
3023 2351 3154 2422 Σὴθ,
3181 2351 3257 2416 ὡς
3284 2353 3393 2406 ἀπὸ
3419 2353 3519 2423 τῆς
3549 2353 3662 2406 ἄνω
3701 2343 3904 2424 μητρὸς
3937 2353 4029 2404 ἑλ-

2443 2440 2601 2494 θόντα
2629 2441 2709 2503 εἰς
2732 2441 2851 2495 νέου
2882 2443 3087 2514 κόσμου
3141 2444 3528 2516 δημιουργίαν,
3555 2444 3818 2514 τιμῶσιν,
3848 2447 4029 2514 ἀρχὰς

2443 2535 2535 2586 καὶ
2563 2533 2810 2598 ἐξουσίας
2843 2534 3237 2600 θεοποιοῦντες.

2514 2633 2594 2680 ιε’.
2635 2630 3166 2695 Καρποκρατιανοί,
3196 2630 3254 2682 ὲν
3286 2633 3351 2699 τῇ
3397 2629 3552 2701 Ἀσίᾳ
3581 2633 3870 2698 γεγόνασιν
3897 2672 3911 2692 ,
3942 2631 4026 2682 εἰ-

2442 2721 2604 2783 κόνας
2631 2720 2739 2774 τῶν
2783 2720 3205 2790 θαυμασθέντων
3239 2722 3544 2792 ἀνθρώπων
3587 2723 3682 2775 καὶ
3725 2722 3881 2791 παρά
3910 2723 4030 2784 τοῖς

2442 2810 2701 2880 Ἕλλησι,
2733 2811 3043 2881 γράψαντες
3069 2813 3291 2881 τιμῶσι.
3324 2815 3434 2866 Καὶ
3475 2813 3574 2884 τὴν
3615 2813 3790 2883 Ἰησοῦ
3839 2813 4029 2883 ψυχὴν

2442 2906 2522 2968 εἰς
2547 2904 2772 2973 οὐρανὸν
2797 2905 3204 2975 ἀνεληλυθέναι,
3240 2905 3312 2968 ὡς
3353 2906 3647 2976 εὐάρεστον
3679 2902 3759 2974 τῷ
3783 2903 3903 2973 Θεῷ
3927 2919 4030 2971 γε-

2441 3003 2680 3066 γονυῖαν,
2715 2999 2903 3069 φασίν.

2517 3091 2613 3156 ις’.
2651 3091 3051 3158 Ιιήριγθιαγοί.
3092 3090 3365 3162 Κήρινθος
3398 3090 3503 3144 ὑπὸ
3538 3090 3770 3159 ἀγγέλου
3808 3088 3902 3142 τὸν
3933 3088 4028 3142 νό-

757 3184 928 3240 fuisse
953 3181 1178 3243 Judaeis,
1215 3193 1324 3232 non
1353 3178 1406 3230 in
1442 3177 1645 3230 bonum
1672 3175 1779 3228 illis
1819 3188 2096 3228 cessuram
2132 3173 2328 3225 aiebat.
2364 3223 2406 3281 α

2364 3223 2406 3281 c
2446 3199 2543 3252 μον
2569 3181 2812 3235 δεδόσθαι
2856 3180 3156 3244 Ἰουδαίοις,
3191 3181 3291 3234 οὐκ
3323 3182 3402 3244 εἰς
3432 3180 3636 3249 ἀγαθὸν
3672 3179 3854 3243 αὐτοῖς
3884 3195 4027 3250 προ-

832 3360 918 3414 17.
946 3357 1246 3412 Valentiani
1276 3356 1732 3409 resurrectionem
1757 3369 1877 3408 esse
1902 3362 2100 3422 negant
2127 3372 2141 3408 :
2176 3353 2340 3408 Vetus

760 3453 1049 3522 repudiant
1072 3449 1480 3504 Testamentum
1529 3464 1542 3499 :
1577 3447 1848 3500 Christum
1879 3447 1944 3500 de
1973 3447 2109 3500 caelo
2140 3462 2339 3515 corpus

759 3547 1010 3601 attulisse
1034 3542 1243 3596 volunt.

837 3637 921 3689 18.
964 3633 1258 3688 Ptolemaei.
1308 3631 1351 3684 A
1403 3630 1688 3683 Valentino
1739 3629 2062 3684 Ptolemaeus
2117 3631 2336 3699 quidam

761 3728 1055 3785 dissidens,
1102 3725 1352 3793 conjugia
1379 3739 1590 3777 monum
1623 3722 1692 3776 30
1728 3722 1916 3776 hmresi
1949 3720 2340 3777 Valentinianum

762 3819 1152 3891 superaddidit.

836 3914 923 3968 19.
955 3909 1297 3967 Secundiani.
1328 3906 1558 3972 Quidam
1605 3905 1891 3960 Secundus
1921 3905 2021 3959 fuit
2050 3920 2173 3960 cum
2200 3921 2338 3974 quo-

761 4010 885 4063 dam
917 4005 1124 4060 lsidoro
1148 4013 1201 4056 et
1225 4001 1521 4070 Epipliane.
1555 3999 1618 4054 Ili
1640 4014 1795 4053 caicze
1825 3998 2181 4053 Valentiniani
2213 4015 2337 4054 seu-

763 4100 946 4156 trntia:
973 4093 1136 4152 etiam
1165 4105 1348 4163 turpes
1378 4093 1622 4146 actiones
1656 4093 1998 4147 addiderunt.

834 4191 924 4244 20.
960 4186 1342 4240 lleracleouilw
1377 4185 1445 4238 ab
1479 4183 1700 4237 Heracla
1735 4185 1997 4252 quodam,
2025 4188 2338 4243 octonarios

763 4281 1028 4349 quosdam
1067 4275 1413 4331 honorandos
1451 4274 1894 4340 introduxerunt,
1922 4291 2159 4346 suosque
2189 4295 2335 4333 mor-

762 4387 885 4429 tuos
936 4369 1216 4424 llebraicis
1264 4367 1727 4432 invocationibus,
1778 4379 1938 4436 atque
1967 4369 2193 4425 balsami
2232 4388 2335 4425 un-

763 4467 926 4536 guine
960 4462 1149 4517 redimi
1185 4469 1532 4530 putaverunt.

2443 3275 2510 3345 6η
2520 3275 2578 3326 σό
2586 3292 2746 3344 μενον
2779 3274 2902 3342 ἔφη.

2515 3366 2599 3433 ιζ’.
2637 3367 3061 3421 Οὐαλεντίανοί
3088 3364 3202 3437 (78)
3232 3365 3532 3420 ἀνάστασιν
3561 3363 3622 3418 οὗ
3649 3380 3814 3435 φασιν
3842 3359 3989 3418 εἶναι
4011 3405 4026 3426 ,

2442 3461 2687 3513 Παλαιὰν
2715 3459 2970 3513 ἀθετοῦσι
2992 3458 3392 3528 Διαθήκην,τδν
3415 3457 3653 3527 Χριστὸν
3677 3456 3772 3510 ἀπ’
3791 3456 4029 3527 οὐρανοῦ

2443 3553 2601 3622 σῶμα
2634 3553 2954 3623 ἐνηνοχέναι
2989 3552 3291 3622 βούλονται.

2515 3646 2602 3714 ιη’.
2629 3645 3003 3713 Πτολεμαῖοι.
3046 3643 3181 3698 Ἀπὸ
3201 3641 3554 3696 Οὐαλεντίνου
3579 3639 3919 3708 Πτολεμαῖός
3943 3656 4030 3697 τις

2439 3740 2694 3802 διαστὰς,
2728 3737 2989 3805 συζυγίας
3019 3735 3229 3789 αἰώνων
3260 3733 3422 3787 τινῶν
3458 3730 3529 3800 λ’,
3566 3737 3632 3803 τῇ
3667 3731 4029 3786 Οὐαλεντίνου

2442 3828 2653 3897 αἱρέσει
2686 3829 3027 3897 προσήγαγε.

2513 3916 2599 3970 ιθ’.
2651 3916 3098 3970 Σεκουνόιανοί.
3143 3903 3435 3978 Σέκοῦνδός
3480 3932 3563 3978 τις
3614 3913 3833 3983 ἐγένετο
3886 3911 4030 3983 μετά

2454 4005 2724 4077 Ίσιδὼρου
2753 4005 2900 4069 τινός
2944 4006 3039 4060 καὶ
3079 4005 3430 4075 Ἐπιφανοῦς.
3475 4001 3635 4060 Οὗτοι
3675 4008 3742 4075 τῇ
3785 4003 4030 4057 Οὐαλεν-

2439 4100 2586 4153 τίνου
2613 4099 2788 4170 τυφλῇ
2817 4098 3011 4169 γνώμῃ
3053 4100 3147 4152 καὶ
3174 4098 3566 4168 αἰσχρουργίας
3596 4095 4026 4166 προστέθεικαν.

2511 4189 2581 4246 κ’.
2627 4189 3013 4258 Ἠρακλέονες
3045 4190 3153 4242 ἀπὸ
3191 4188 3440 4258 Ἠρακλᾶ
3461 4203 3628 4250 τινος,
3656 4185 3916 4253 ὀγδοάδας
3942 4203 4030 4238 τι-

2439 4283 2535 4344 νάς
2571 4283 2736 4352 τιμᾷν
2763 4280 3116 4351 εἰσήχθησαν,
3158 4283 3252 4332 καὶ
3284 4279 3410 4342 τοὺς
3445 4277 3815 4339 ἀποθανόντας
3841 4275 4027 4329 αὐτῶν

2438 4377 2494 4427 ἐν
2533 4374 2842 4444 Ἑϐραϊκαῖς
2867 4373 3208 4443 ἐπικλήσεσι,
3241 4371 3336 4425 καὶ
3365 4369 3442 4441 τῷ
3469 4369 3564 4423 τοῦ
3605 4370 3714 4423 ἀπὸ
3745 4367 4027 4439 βαλσάμου

2444 4466 2600 4536 μύρῳ
2623 4465 2950 4535 λυτροῦσθαι
2976 4464 3280 4534 νομίζουσι.

835 4561 924 4614 2|.
955 4557 1226 4610 Marcosii.
1257 4552 1488 4618 Quidam
1533 4551 1742 4607 Marcus
1773 4553 1872 4608 fuit
1900 4554 2177 4608 Colobarsi
2205 4573 2334 4610 ron-
2364 4561 2417 4620 D

2364 4561 2417 4620 D
2513 4564 2619 4610 κα’.
2652 4558 3002 4625 Μαρκόσιοι.
3042 4557 3267 4624 Μάρκος
3292 4571 3374 4616 τις
3410 4553 3700 4620 γεγένηται
3727 4551 4027 4619 Κολωὸαρ-

763 4653 1096 4722 discipulus,
1127 4651 1219 4719 qui
1263 4650 1371 4700 duo
1422 4646 1684 4716 principia
1719 4648 1956 4709 invexit,
1998 4657 2333 4704 mortuorum

766 4760 968 4813 negans
1005 4742 1487 4797 resurrectionem.

836 4837 928 4890 ‘29..
973 4835 1287 4890 Colobarsii.
1335 4833 1665 4888 Colobarsus
1713 4833 1899 4886 eadem
1954 4834 2220 4887 sentiebat
2252 4845 2334 4887 at-

766 4945 870 4995 que
891 4926 1126 4990 Marcus,
1159 4936 1214 4978 at
1237 4926 1457 4993 insuper
1492 4923 1756 4992 quosdam
1783 4924 2092 4978 octonarios
2120 4925 2337 4992 adjecit.

835 5019 928 5070 25.
961 5015 1300 5069 Cerdoniaui.
1338 5014 1562 5079 Quidam
1598 5014 1774 5068 Cerdo
1815 5011 2056 5068 Heraclze
2096 5029 2336 5067 errorem

767 5107 1063 5176 adoptavit,
1117 5116 1171 5161 et
1215 5108 1324 5160 duo
1381 5106 1652 5160 contraria
1706 5105 1969 5174 principia
2023 5104 2337 5168 constituit,

766 5200 1150 5269 Christumque
1185 5215 1284 5253 nec
1324 5214 1387 5253 ex
1438 5197 1544 5252 Deo
1592 5199 2015 5268 natum;aie|2at,
2058 5214 2230 5267 neque
2273 5212 2338 5251 ex

770 5288 936 5343 Maria
979 5304 1115 5344 esse.
1159 5287 1629 5345 Resurrectionem
1667 5301 1844 5360 negat,
1867 5300 1918 5344 et
1951 5288 2117 5344 Vetus
2144 5288 2336 5344 Testa«

771 5389 1012 5434 mentum
1049 5396 1153 5435 non
1182 5381 1437 5437 admittit.

839 5474 927 5527 24.
963 5473 1340 5530 Mercionistw.
1373 5476 1574 5532 Marcio
1599 5477 1858 5534 Ponticus
1890 5480 2008 5534 fuit.
2036 5477 2160 5532 Tria
2187 5478 2338 5548 prin-

771 5567 908 5637 cipia
940 5581 1059 5621 esse
1095 5569 1421 5635 somniabat,
1451 5571 1920 5641 bonum.justum,
1951 5570 2172 5624 malum.
2200 5571 2332 5624 Eum

842 5764 1151 5844 (77)"_Qua5t
1183 5769 1331 5823 dicas
1353 5768 1640 5844 harben/io,
1672 5773 1834 5827 ﬁlium
1865 5773 2113 5841 dominii,
2144 5783 2197 5829 et
2219 5771 2338 5826 bar-

774 5837 911 5890 bero.
944 5838 1114 5891 tilium
1146 5841 1424 5895 creatoris.

2446 4648 2541 4701 σοῦ
2570 4647 2962 4719 συμφοιτητὴς,
2980 4647 3074 4700 δύο
3094 4648 3268 4717 ἀρχὰς
3284 4645 3543 4712 εἰσάγων,
3565 4643 3774 4714 νεκρῶν
3792 4644 4029 4696 ἀνάστα·-

2445 4756 2528 4792 σιν
2558 4739 2784 4792 ἀθετῶν.

2517 4830 2616 4902 κβκ
2655 4831 3084 4897 Κο.1ω6ἀρσίοι.
3140 4829 3200 4880 '0
3253 4826 3617 4896 Κολωόαρσὺς
3654 4825 3868 4894 Μάρκῳ
3927 4824 4029 4893 μὲν

2443 4928 2513 4980 τά
2537 4927 2672 4979 αὐτὰ
2702 4924 2932 4994 φρονῶν,
2969 4922 3225 4993 προσθεὶς
3249 4921 3306 4974 δὲ
3332 4923 3427 4973 καὶ
3453 4920 3711 4987 ὀγδοάδας
3739 4919 3916 4981 τινάς.

2519 5018 2622 5087 κγ’.
2651 5017 3066 5086 Κερδωνιανοί.
3099 5015 3322 5085 Κέρδων
3345 5031 3427 5076 τις
3459 5013 3702 5082 Ἡρακλᾶ
3721 5011 4028 5080 διαδέχεται

2448 5112 2546 5182 τὴν
2574 5111 2802 5180 πλάνην,
2839 5109 2931 5162 δύο
2950 5109 3008 5161 δὲ
3033 5107 3205 5178 ἀρχὰς
3233 5105 3479 5168 ἐναντίας
3507 5104 3763 5172 ἀλλήλαις
3787 5103 4027 5171 ὑπεστήο

2446 5220 2598 5266 σατο,
2648 5201 2739 5254 τὸν
2791 5200 2849 5252 δὲ
2879 5197 3116 5268 Χριστὸν
3161 5197 3298 5266 μήτε
3331 5197 3397 5247 ὲκ
3433 5193 3528 5245 τοῦ
3567 5191 3704 5244 Θεοῦ
3744 5191 4026 5259 γεννητὸν,

2449 5298 2586 5365 μήτε
2625 5297 2689 5346 ὲκ
2732 5292 2950 5362 Μαρίας
2980 5286 3140 5344 εἷναι.
3194 5289 3518 5341 ’Δνάστασιν
3549 5269 3766 5348 ἀθετεῖ,
3796 5286 3891 5338 καί
3924 5283 4026 5354 τὴν

2443 5386 2687 5440 Παλαιὰν
2720 5385 2996 5454 Διαθήκην
3019 5383 3079 5435 οὐ
3107 5382 3492 5452 παραδέχεται.

2515 5478 2611 5532 κδ’.
2663 5475 3131 5546 Μαρκιοννισταί.
3176 5473 3441 5544 Μαρκίων
3493 5469 3752 5532 Ποντικδς
3809 5467 4024 5536 γέγονε.

2441 5572 2601 5643 Τρεῖς
2630 5573 2803 5643 ἀρχὰς
2829 5565 2967 5624 εἶναι
2993 5570 3262 5636 ἐδόξασεν,
3289 5564 3518 5636 ἀγαθὸν,
3545 5564 3771 5629 δίκαιον,
3799 5559 4024 5630 φαῦλον.

2522 5771 2633 5843 (78)
2669 5770 2831 5828 Forte
2857 5764 3314 5826 οὑαλεντινιανοί.
