4248 6438
222 424 325 483 153

1391 432 1762 492 LIBELLUS
1803 433 2310 496 MEMORIALIS.

3379 435 3484 502 ιδι

224 535 330 587 Τὸν
351 536 407 588 δὲ
432 535 531 607 τὴν
556 536 798 590 Παλαιὰν
818 538 894 606 τῷ
929 539 1143 609 Ἰσραὴλ
1171 541 1625 610 νομοθετήσαντα,
1652 546 1799 595 ὲναν-
1834 556 1871 604 Α

1834 556 1871 604 Α
1907 564 2063 615 porro
2084 549 2173 616 qui
2199 545 2366 602 Vetus
2389 545 2795 600 Testamentum
2821 545 3001 599 Ιβηριί
3027 546 3139 612 lege
3160 545 3342 600 sam-it
3355 545 3503 600 Novo

221 629 345 681 τίαν
381 625 548 682 οὖσαν
577 633 643 700 τῇ
672 631 846 700 Καινῇ
871 671 885 694 ,
918 632 1103 701 ἕτερον
1136 633 1233 701 ἔψη
1272 635 1404 684 Θεὸν
1453 632 1610 688 εἶναι.
1648 637 1809 689 ’Λνάο

225 738 418 774 στασιν
485 723 705 788 ἀθετεῖ,
765 724 1049 794 βάπτισμα
1134 725 1393 788 πολλάκις
1453 730 1563 790 τοῖς
1629 731 1812 792 αὐτοῖς

220 813 440 867 δίδωσιν
483 816 575 868 ἐπὶ
637 817 923 888 ἁμαρτιῶν
975 819 1146 870 λύσει.
1221 818 1397 889 ’Υπὲρ
1449 824 1813 892 κοιμωμένων

224 904 574 973 βαπτίζουσι.

295 996 396 1052 κε’.
435 1004 883 1053 Λουκιανισταί.
914 1003 1136 1064 Λούκιός
1167 1021 1269 1064 τις,
1297 1006 1417 1073 οὐχὶ
1447 1006 1471 1056 ό
1507 1005 1804 1072 Ἀρειανδς,

223 1088 418 1154 γέγονε
441 1092 578 1159 μετὰ
607 1092 930 1160 Μαρκίωνα,
959 1094 1023 1143 τὰ
1047 1096 1372 1159 Μαρκίωνος
1397 1096 1803 1165 διαδεξαμενος,

224 1180 319 1230 καὶ
350 1179 514 1249 ἕτερα
544 1183 726 1244 αὐτοῖς
759 1185 1110 1252 ὲπιπροσθεὶς
1149 1185 1485 1256 ἀτοπώτερα.

297 1270 413 1335 γς’.
450 1273 839 1327 Ἀπελλιανοί.
884 1275 1017 1327 ’Λπὸ
1051 1277 1348 1329 ’Λπελλαου
1371 1279 1515 1340 τινὸς
1550 1280 1807 1351 ἧρξαντο.

226 1362 464 1434 Κακίζει
508 1364 562 1415 δὲ
595 1365 692 1434 τὴν
741 1368 960 1437 ποίησιν
996 1372 1196 1430 πᾶσαν,
1231 1371 1306 1431 ὼς
1337 1375 1430 1424 καὶ
1459 1375 1485 1424 ὁ
1518 1374 1803 1442 Μαρκίων.

236 1456 314 1506 Οὐ
343 1458 494 1524 τρεῖς
521 1457 577 1508 δὲ
618 1459 789 1528 ἀρχὰς
818 1455 989 1522 εἶπεν,
1022 1461 1094 1524 ὡς
1121 1463 1326 1525 ἐκεῖνος
1350 1503 1364 1524 ,
1399 1465 1513 1516 ἀλλ’
1543 1466 1639 1517 ἕνα
1677 1465 1810 1517 Θεὸν

227 1546 568 1617 πεποιηκότα
587 1548 717 1600 Θεὸν
744 1549 950 1616 ἕτερον,
969 1551 1060 1604 τὸν
1080 1543 1178 1620 τῆς
1204 1553 1433 1616 κτίσεως
1453 1555 1807 1626 δημιουργόν.

295 1726 399 1788 κζ’.
433 1728 718 1783 Τατιανοί.
758 1729 1023 1791 Τατιανὸς
1066 1734 1122 1783 ἐν
1153 1736 1216 1801 τῇ
1283 1735 1675 1806 Μεσοποταμίᾳ
1711 1754 1806 1805 γε·

224 1817 396 1882 γόνει,
423 1819 518 1887 τὴν
570 1819 958 1889 Ἐγκρατητῶν
992 1823 1203 1893 αἵρεσιν
1253 1828 1664 1896 συστησάμενος
1687 1872 1700 1895 ,
1742 1830 1808 1900 ἢν

225 1907 405 1959 ἴσασιν
424 1909 471 1960 oi
506 1909 708 1963 πολλοί.

292 2007 402 2069 κη’.
441 2004 685 2072 Φρύγες.
736 2007 1031 2069 Μωντανός
1078 2025 1161 2071 τις
1223 2009 1315 2061 καὶ
1368 2010 1666 2079 Πρισκίλλα
1705 2012 1805 2082 τὴν

222 2093 438 2162 αἵρεσιν
467 2096 523 2145 ἐν
553 2098 618 2164 τῇ
662 2097 872 2167 Φρυγία
914 2102 1314 2168 συνεστήσαντο
1337 2145 1348 2165 ,
1383 2102 1668 2166 Πεπουζᾶν
1709 2103 1806 2156 Ἰε-

226 2186 511 2254 ρουσαλὴμ
535 2189 718 2252 αὐτοῖς
748 2190 902 2242 πόλιν
933 2191 1295 2259 τῆς-Φρυγίας
1326 2195 1708 2264 ποιησάμενοι.

292 2278 398 2332 κθ’.
430 2275 814 2341 Πρπουζῖανοί
837 2284 943 2336 ἀπὸ
969 2284 1251 2354 Πεπούζης
1273 2286 1370 2354 τῆς
1396 2288 1638 2355 Φρυγίας
1667 2289 1809 2341 οὕτω

222 2376 799 2443 προσαγορευόμενοι,
858 2376 1146 2428 κοινωνίαν
1198 2378 1436 2447 ἄθεσμον
1491 2380 1805 2451 ποιούμενοι

221 2464 368 2514 κατὰ
400 2465 509 2515 τῶν
541 2465 969 2540 δυσσεϐούντωνι

292 2552 356 2605 λ’.
395 2558 1120 2627 Τεσσαρεσκαιδεκατῖται,
1138 2561 1198 2614 τὸ
1214 2563 1403 2632 Πάσχα
1429 2564 1488 2617 ὲν
1512 2581 1808 2635 τεσσαρεσ-

225 2648 528 2720 καιδεκάτῃ
565 2649 664 2718 τῆς
707 2651 937 2720 σελήνης
991 2653 1128 2722 μετά
1183 2654 1452 2706 Ἰουδαίων
1501 2657 1802 2719 τελοῦντες.

291 2737 396 2790 λα’.
427 2741 673 2807 Ἀλοτοί
700 2758 845 2805 τινες
879 2744 1188 2810 κληθέντες,
1219 2743 1304 2795 διὰ
1332 2744 1391 2796 τὸ
1439 2746 1511 2814 μὴ
1556 2746 1802 2815 δέχεσθαι

217 2829 312 2880 τὸν
337 2829 506 2897 Λόγον
533 2833 591 2882 ἐν
620 2834 764 2902 ἀρχῇ
808 2831 942 2885 Θεὸν
969 2834 1096 2885 ὄντα
1132 2835 1270 2903 πρὸς
1300 2834 1391 2886 τὸν
1423 2836 1641 2904 Πατέρα
1662 2875 1675 2894 .
1712 2840 1805 2889 καὶ

218 2920 307 2973 διὰ
336 2919 494 2973 τοῦτο
529 2922 664 2991 μήτε
715 2923 962 2977 Ἰωάννου
1004 2925 1332 2994 Εὑαγγέλιον
1363 2927 1629 2996 δέχεσθαι,
1669 2931 1804 2999 μήτε

218 3010 321 3075 τὴν
367 3008 735 3078 Ἀποκάλυψιν
769 3012 956 3066 αὑτοῦ.

291 3097 393 3167 λβ’.
445 3101 838 3157 Θεοδοτιανοί.
885 3105 1141 3169 Θεόδοτός
1178 3122 1263 3168 τις
1301 3107 1358 3159 ὲν
1409 3107 1487 3178 τῷ
1521 3108 1804 3181 Βυζαντίῳ

220 3191 554 3260 γενόμενος,
609 3193 896 3264 ἄνθρωπον
947 3193 1101 3249 εἶπεν
1163 3194 1303 3250 εἶναι
1348 3199 1583 3269 Χριστὸν
1627 3200 1799 3270 ψιλὸν,

223 3285 458 3352 μετοχῆς
483 3283 619 3336 Θεοῦ
641 3285 964 3355 ἠξιωμένον.

294 3378 396 3439 λγ’.
459 3375 843 3444 Ἀρτεμιανοί.
908 3378 1197 3446 ’Δρτεμίας
1254 3381 1444 3449 γέγονὲ
1493 3400 1578 3446 τις
1627 3387 1682 3437 ἐν
1729 3389 1795 3456 τῇ

233 3464 413 3535 Ἀσίᾳ,
449 3464 548 3536 τὴν
601 3467 859 3521 Θεοδότου
919 3470 1131 3539 αἵρεσιν
1161 3474 1420 3542 τιμήσας.
1480 3474 1797 3545 ’Ἄνθρωπον

217 3553 327 3621 γὰρ
358 3549 510 3607 εἷπεν
548 3554 704 3623 ψιλὸν
735 3557 826 3609 τὸν
857 3559 1114 3628 Χριστὸν,
1144 3561 1201 3613 ὲν
1236 3563 1384 3633 αὐτῷ
1413 3563 1668 3618 τδνΘεὸν
1699 3567 1795 3619 Λό-

218 3662 316 3712 γον
352 3650 621 3699 κατοικεῖν
652 3648 1044 3719 εὑδοκήσαντα.

289 3733 386 3789 λδ¹.
415 3738 968 3806 Μελχισεὸεκιανοὶ,
999 3743 1234 3813 δύναμιν
1260 3744 1394 3797 Θεοῦ
1416 3746 1507 3799 τὸν
1528 3748 1794 3816 Μελχισε-

216 3825 314 3877 δὲκ
345 3822 484 3878 εἶναι
524 3829 803 3896 νομίζουσι
829 3871 843 3891 ,
876 3832 970 3883 καὶ
1001 3835 1078 3894 είς
1120 3835 1279 3886 αὑτὸν
1310 3837 1488 3898 πάσας
1520 3837 1619 3900 τὰς
1649 3838 1792 3906 Γρα-

219 3919 325 3984 ea;
355 3919 718 3989 ἀναφέρουσιν
737 3962 752 3986 ,
784 3922 943 3974 αὑτὸν
973 3920 1110 3977 εἶναι
1135 3927 1386 3994 λέγοντες
1413 3928 1505 3980 τὸν
1531 3929 1789 3998 Χριστόν.

290 4009 385 4062 λε’.
417 4007 698 4064 Ναυᾶτοι.
730 4011 978 4076 Ναυᾶτος
1003 4016 1289 4083 μετανοίας
1320 4018 1519 4086 τρόπον
1543 4017 1655 4086 (79)
1681 4022 1792 4082 τοῖς

218 4104 625 4174 ἁμαρτάνουσιν
646 4104 705 4157 οὐ
727 4104 961 4159 δίδωσιν.
991 4101 1147 4160 Οὗτοι
1173 4108 1228 4161 δέ
1252 4111 1386 4164 εἰσιν
1416 4111 1464 4162 οἱ
1490 4112 1794 4180 Καθαροὺς

217 4197 447 4258 ἑαυτοὺς
480 4197 1040 4266 προσαγορεύσαντες.

289 4287 401 4350 λς’.
425 4289 796 4354 Σευηριανοί.
821 4289 1088 4352 Γυναῖκας
1115 4293 1140 4342 ό
1157 4293 1295 4360 Σευῆ
1307 4311 1394 4363 ρος
1421 4300 1791 4366 παραιτεῖται,

216 4379 449 4448 δύναμιν
479 4380 770 4448 ἀριστερὰν
801 4381 970 4450 αὐτὴν
1005 4382 1204 4436 καλῶν.
1242 4386 1344 4437 Τὸν
1373 4384 1514 4440 οἶνον
1548 4390 1790 4442 ἀποϐάλ-

216 4471 404 4533 λεται,
442 4470 546 4523 ἀπὺ
578 4471 776 4539 μίξεως
806 4471 1098 4541 δράκοντος
1131 4478 1221 4526 καί
1248 4478 1344 4546 τῆς
1371 4479 1471 4547 γῆς
1505 4480 1665 4548 φῦναι
1694 4481 1792 4552 τὴν

215 4561 465 4630 ἄμπελον
487 4561 732 4628 φάσκων.

288 4652 384 4715 λζ’.
428 4652 869 4719 Βαρδισανῖται.
920 4655 1050 4707 ’Λπὸ
1089 4658 1414 4724 Βαρδισὰνου
1448 4661 1593 4725 τινὸς
1628 4665 1685 4715 ἐν
1723 4668 1789 4735 τῇ

215 4744 614 4812 Μεσοποταμίᾳ
647 4746 966 4811 γεγονότος,
993 4742 1138 4799 οὗτοι
1168 4750 1224 4801 δὲ
1264 4752 1595 4819 ἁνεφύησαν.
1639 4756 1793 4809 Ἀνά-

218 4851 417 4886 στασιν
449 4834 701 4887 άθετοῦσι
743 4836 1030 4906 σώματος,
1085 4843 1178 4893 καὶ
1227 4843 1322 4912 τὴν
1371 4844 1647 4913 σαρκωσιν
1696 4847 1789 4899 τοῦ

212 4928 253 4979 Σ
275 4927 472 4996 υτῆρος
513 4929 653 4981 κατὰ
684 4929 987 4996 φαντασίαν
1020 4933 1350 5001 γεγενῆσθαι
1387 4935 1646 4990 τίθενται.

283 5023 385 5086 λη’.
425 5018 800 5073 Ἑλκεσιανοὶ
830 5022 887 5073 ὲν
917 5024 980 5092 τῇ
1023 5022 1252 5093 Ἀραϐίᾳ
1285 5028 1594 5091 γεγόνασιν.
1628 5023 1789 5083 Οὗτοι

214 5114 324 5166 ἀπό
355 5129 497 5172 τινος
550 5111 788 5166 Ἐλκασᾶ
815 5114 1316 5186 ψευδοπροφητείας
1355 5122 1636 5193 φέροντες
1674 5124 1791 5178 ἑλέ-

213 5218 376 5268 γοντο
411 5202 468 5255 δὶ
497 5203 593 5256 καὶ
624 5205 943 5272 Σαμψαῖοι.

284 5291 385 5349 λίπ’.
419 5298 826 5363 Βυριλλιανοί.
856 5300 1110 5371 Βύριλ).ός
1141 5321 1220 5366 τις
1251 5308 1306 5356 ἐν
1327 5307 1392 5375 τῇ
1437 5306 1665 5377 Ἀραὸία
1696 5308 1789 5361 καὶ

213 5381 370 5450 οὗτος
403 5389 674 5456 γεγονὼς,
715 5391 1000 5457 ἄνθρωπον
1043 5397 1133 5447 τὸν
1164 5399 1395 5464 Χριστὸν
1426 5401 1694 5469 ἐνόμισεν,
1730 5402 1790 5453 οὑ

215 5480 483 5550 πρότερον
512 5481 676 5533 αὐτὸν
705 5482 833 5536 ὄντα
879 5486 971 5537 τὸν
1006 5489 1234 5557 Χριστὸν
1275 5491 1445 5557 Λόγον
1489 5489 1794 5562 παραδεξά-

216 5587 407 5640 μενος.

288 5662 362 5734 μ’.
391 5664 733 5720 Οὐαλέσιοι.
769 5668 1000 5740 υὺἀλης,
1026 5676 1050 5724 ό
1073 5675 1128 5724 ἐν
1158 5680 1217 5742 τῇ
1258 5674 1485 5744 ’.Ἀραϐία
1520 5675 1614 5727 καὶ
1635 5669 1789 5739 οὗτος

287 5840 397 5903 (7'))
423 5843 585 5901 Forte
611 5845 791 5903 τόπον.

1917 641 2273 701 rozitrarium,
2308 640 2474 692 alium
2504 637 2718 692 dicebat
2743 651 2864 692 esse
2897 637 3084 690 Deum.
3121 636 3497 693 Rosurmctio-

1917 746 2038 783 nem
2069 732 2295 799 respuit.
2330 730 2611 798 Baptisma
2642 729 2922 783 multoties
2951 728 3158 782 eisdem
3180 722 3504 784 conferebat

1917 825 1969 875 in
2007 823 2383 876 remissionem
2412 832 2786 892 peccatorum.
2819 819 3104 890 Baptizant
3123 834 3222 889 pro
3246 821 3495 874 mortuis.

1983 999 2073 1053 25.
2114 997 2448 1051 Lucianislw.
2492 997 2722 1062 Quidam
2767 996 2972 1051 Lucius
2994 1040 3007 1060 ,
3044 1011 3152 1049 non
3182 995 3371 1067 otique
3401 997 3493 1052 ille

1915 1093 2151 1147 Arianus
2178 1133 2192 1154 .
2235 1100 2358 1161 post
2405 1092 2735 1144 Mareionem
2786 1090 2922 1153 fuit,
2959 1090 3156 1159 placita
3204 1088 3498 1144 Marcionis

1914 1188 2179 1255 adoptans
2205 1224 2220 1245 .
2270 1184 2482 1252 aliaque
2528 1183 2686 1251 longe
2713 1183 3033 1236 absurdiora
3063 1181 3170 1237 illis
3200 1179 3489 1249 adjiciens.

1981 1278 2070 1332 26.
2102 1275 2383 1345 Apelliani.
2412 1275 2454 1326 Λ
2488 1275 2724 1342 quodam
2765 1273 2985 1341 Apellae
3031 1278 3333 1341 coeperunt.
3362 1269 3492 1326 illa-

1913 1370 2018 1423 lam
2050 1385 2172 1424 esse
2206 1370 2282 1422 ait
2323 1366 2631 1421 universam
2673 1373 3016 1428 creaturam,
3066 1374 3124 1418 ut
3172 1372 3228 1418 et
3267 1362 3493 1418 Marcio.

1915 1462 2031 1516 Non
2091 1470 2271 1515 tamen
2316 1470 2372 1513 nt
2421 1459 2512 1514 ille.
2564 1457 2664 1511 tria
2709 1456 2977 1526 principia
3025 1455 3347 1514 aliirmabat.
3391 1454 3493 1510 sed

1913 1570 2083 1612 unum
2113 1569 2236 1609 esse
2269 1555 2457 1616 Deum,
2492 1551 2586 1622 qui
2616 1550 2782 1604 alium
2814 1548 2984 1602 Deum
3021 1546 3211 1602 iecerit
3240 1545 3489 1616 opiﬁcem

1913 1654 2199 1701 creaturae.

1983 1739 2071 1792 97.
2124 1737 2361 1791 Ταιίαηί.
2423 1734 2686 1790 Tatianus
2735 1733 2787 1785 in
2844 1728 3232 1800 Mesopotamia
3275 1725 3491 1786 fuerat.

1913 1830 2325 1885 Encratetarum
2361 1827 2608 1882 haeresim
2633 1826 2914 1888 conﬁnxit,
2942 1837 3106 1893 quam
3133 1819 3356 1891 plurimi
3388 1833 3492 1872 no-

1842 1902 1881 1954 Β
1917 1933 2063 1977 runt.

1977 2015 2069 2069 28.
2107 2013 2358 2082 Phryges.
2385 2010 2618 2076 Quidam
2648 2007 2935 2062 Montanus
2966 2022 3029 2061 uc
3062 2002 3309 2061 Priscilla
3348 2002 3491 2056 hanc

1911 2108 2155 2162 haeresim
2181 2108 2232 2159 in
2258 2104 2486 2174 Phrygia
2515 2101 2894 2160 condiderunt.
2916 2101 3167 2167 Pepuzan
3198 2094 3486 2165 Phrygiam

1909 2202 2180 2256 civitatem
2221 2198 2650 2268 Hierosolymam
2686 2208 2842 2249 suam
2878 2199 3214 2268 reputantes.

1977 2292 2069 2346 29.
2108 2290 2416 2359 Pepuziani,
2450 2305 2478 2342 a
2513 2288 2724 2357 Pepuza
2757 2286 2976 2339 civitate
3006 2281 3250 2353 Phrygia
3282 2281 3355 2335 ita
3398 2295 3490 2332 co-

1909 2383 2243 2455 gnominati;
2282 2381 2505 2450 impiam
2532 2378 2848 2434 societatem
2881 2377 3142 2431 adversus
3167 2389 3263 2430 eos
3293 2372 3386 2443 qui
3413 2372 3490 2426 ir-

1911 2475 2159 2543 religiose
2180 2473 2437 2543 egissent.
2465 2471 2722 2525 inierunt.

1976 2568 2064 2622 ⁸50.
2120 2564 2612 2632 Quartadecimani,
2662 2562 2754 2632 qui
2808 2560 3084 2615 celebrant
3113 2556 3321 2613 Pascha
3359 2569 3486 2610 cum

1906 2659 2110 2714 Judaeis
2143 2658 2228 2711 die
2258 2657 2467 2712 decima
2494 2663 2690 2725 quarta
2723 2655 2884 2707 Iunm.

1977 2754 2065 2806 5i.
2105 2750 2257 2819 Magi
2295 2747 2518 2818 quidam
2554 2746 2634 2802 sic
2666 2745 2819 2805 dicti.
2863 2751 3141 2812 propterea
3187 2740 3328 2810 quod
3377 2753 3486 2793 non

1908 2845 2269 2899 admittebant
2327 2842 2578 2913 Logum,
2632 2841 2746 2895 sive
2781 2837 3049 2902 Verbum,
3107 2835 3160 2890 in
3221 2833 3489 2904 principio

1907 2936 2078 2990 Deum
2108 2944 2409 2990 exstantem
2444 2933 2584 3004 apud
2614 2932 2855 2994 Patrem,
2881 2931 3110 3000 ideoque
3132 2934 3232 2982 nec
3254 2925 3484 2981 Joannis

1908 3027 2257 3098 Evangelium
2286 3026 2638 3096 recipiebant,
2672 3039 2848 3093 neque
2877 3023 2994 3090 ejus
3023 3019 3407 3091 Apocalypsin.

1977 3123 2067 3176 52.
2135 3119 2501 3174 Theodotiani.
2562 3117 2877 3171 Theodotus
2930 3115 3100 3169 homo
3157 3111 3488 3184 Byzantinus

1912 3212 2092 3268 aiebat
2129 3211 2407 3267 Christum
2459 3226 2580 3264 esse
2613 3224 2806 3279 purum
2856 3206 3162 3270 hominem,
3193 3205 3488 3276 participa-

1908 3306 2051 3358 tione.
2079 3304 2381 3357 divinitatis
2415 3302 2713 3370 (lignatum.

1976 3397 2063 3449 55.
2096 3395 2411 3448 Artemiani.
2441 3393 2565 3446 Fuit
2593 3392 2814 3462 quidam
2856 3389 3124 3444 Artemias
3151 3387 3204 3442 in
3237 3385 3364 3442 Asia
3390 3388 3482 3456 qui

1904 3487 2167 3541 Theodoti
2229 3487 2474 3541 iurresim
2526 3486 2579 3538 in
2632 3484 2807 3556 pretio
2856 3481 3089 3536 habebat
3152 3496 3166 3533 :
3229 3493 3484 3534 asserens

1904 3578 2178 3632 Christum
2209 3593 2330 3631 esse
2364 3577 2565 3630 nudum
2597 3575 2870 3629 hominem
2895 3613 2910 3638 ,
2937 3572 2989 3625 in
3019 3584 3131 3640 quo
3167 3568 3308 3622 Deus
3347 3566 3481 3622 Ver—

1905 3671 2030 3724 bum
2060 3670 2301 3723 habitare
2322 3669 2550 3722 libenter
2575 3668 2779 3721 tulerit.

1975 3762 2063 3817 54.
2113 3761 2597 3815 ΜεΙεΙιίεεάεεΙιίαηί
2654 3761 2907 3814 virtutem
2970 3755 3064 3810 Dei
3115 3768 3238 3810 esse
3288 3761 3480 3823 putant

1903 3852 2483 3913 Melchisedechnm,et
2518 3852 2570 3905 in
2606 3866 2732 3904 eum
2764 3865 2952 3905 omnes
2985 3848 3295 3921 Scripturas
3338 3847 3479 3903 refe-

1902 3954 2050 4010 runt,
2080 3946 2326 4000 dicentes
2357 3961 2479 3998 eum
2508 3960 2630 3998 esse
2653 3943 2949 3998 Christum.

1969 4039 2056 4093 55.
2090 4037 2308 4091 Navali.
2337 4035 2577 4090 Navalus
2605 4035 2938 4105 poenitentia:
2980 4033 3196 4087 modum
3227 4041 3477 4103 peccato-

1901 4131 2052 4185 ribus
2083 4145 2189 4184 non
2221 4129 2480 4196 indulget.
2506 4127 2571 4181 Hi
2603 4137 2779 4182 autem
2803 4138 2951 4192 sunt,
2982 4125 3077 4196 qui
3108 4141 3166 4180 se
3189 4124 3471 4190 Catharos,

1902 4224 1952 4278 id
1993 4234 2072 4276 est
2104 4237 2292 4292 puros,
2331 4221 2635 4273 nominant.

1971 4312 2059 4366 56.
2096 4310 2383 4366 Seueriani.
2415 4310 2669 4364 Mulieres
2714 4311 2948 4362 Severus
2992 4321 3099 4361 non
3126 4307 3350 4376 patitur.
3381 4321 3476 4360 eos

1899 4403 2005 4456 vim
2050 4403 2328 4457 sinistram
2357 4403 2698 4470 appellitans.
2737 4399 2934 4453 Vinum
2982 4399 3260 4468 repudiat,
3288 4398 3479 4456 dicens

1899 4511 1964 4549 ex
1993 4495 2138 4549 coitu
2176 4492 2435 4547 draconis
2465 4503 2517 4546 et
2547 4492 2758 4546 telluris
2794 4500 2973 4546 ortam
3006 4495 3193 4548 vitem.

1970 4673 2058 4726 57.
2123 4671 2502 4736 Bardisanita',
2558 4687 2587 4725 a
2645 4669 2945 4724 Bardisano
2994 4669 3230 4737 quodam
3277 4668 3375 4738 qui
3415 4668 3469 4722 in

1899 4763 2284 4832 Mesopotamia
2311 4762 2430 4824 fuit,
2462 4764 2565 4814 orti
2594 4770 2740 4815 sunt.
2769 4759 3239 4813 Hesurrectionem
3266 4767 3470 4828 negant

1896 4852 2156 4921 corpmis,
2188 4853 2720 4920 inrarnationemqne
2751 4847 3050 4903 Salvatoris
3075 4847 3470 4916 pltantasticatn

1899 4944 2068 4998 fuisse
2094 4944 2306 4997 docent.

1967 5036 2056 5090 58.
2099 5035 2396 5088 Helcesiam'
2445 5036 2498 5089 in
2539 5034 2735 5089 Arabia
2768 5031 3011 5088 fuerunt.
3048 5032 3139 5087 Isti
3171 5047 3202 5086 a
3227 5029 3466 5096 quodam

1898 5125 2127 5183 Hclcasa
2156 5127 2321 5181 falsas
2360 5126 2670 5196 prophetias
2701 5125 2934 5179 mutuati
2957 5131 3104 5178 sunt.
3140 5121 3466 5176 Dicebantur

1896 5223 2058 5276 etiam
2101 5222 2377 5290 Sampswi.

1966 5313 2054 5366 '59.
2093 5311 2396 5382 Byrilliani.
2429 5310 2666 5382 Byrillus
2693 5309 2914 5380 quidam
2944 5308 2998 5362 in
3029 5308 3228 5362 Arabia
3259 5307 3465 5375 pariter

1897 5407 2017 5461 iuit.
2061 5405 2343 5460 Hominem
2380 5406 2652 5464 Christum
2708 5404 2949 5473 putabat,
2996 5417 3097 5457 nec
3147 5400 3463 5457 admittebat

1895 5505 2143 5557 eumdem
2168 5503 2319 5573 prius
2341 5503 2618 5558 exstitisse
2651 5502 2884 5557 Verbum
2908 5501 3212 5557 Christum.

1965 5678 2052 5732 40.
2093 5676 2304 5733 Valerii.
2333 5677 2548 5742 Valens,
2578 5678 2669 5748 qui
2701 5687 2755 5734 et
2790 5678 2907 5749 ipse
2943 5677 2999 5734 in
3033 5676 3230 5732 Arabia
3259 5673 3457 5742 fuerat,
