4248 6438
768 399 868 462 155

2274 405 2576 466 JOSEPPI

3919 412 4023 474 156

761 513 1004 570 evirabat
1058 528 1151 567 eos
1189 513 1278 582 qui
1329 515 1393 568 ad
1438 529 1495 567 se
1519 515 1868 581 accedebant,
1906 516 2325 588 excidebatque,
2360 523 2402 575 Α
2433 535 2438 545 ‘

2360 520 2750 588 Λγενόμενος,
2812 516 3091 587 εὐνούχιζε
3137 516 3262 579 τοὺς
3317 516 3641 586 προσιόντας
3699 518 3868 588 αὑτῷ,
3926 524 4021 574 καὶ

763 621 862 660 nec
904 603 1066 659 Vetus
1094 606 1500 660 Testamentum
1538 607 1875 662 admittebat.

831 698 920 751 41.
956 697 1273 751 Sabeltiani.
1313 698 1542 762 Quidam
1577 696 1848 753 Sabellius
1892 698 2339 770 Pentapolitanns

762 797 874 841 tres
914 802 1176 856 personas
1220 786 1383 839 unius
1427 785 1732 840 Divinitatis
1773 803 2115 857 nequaquam
2148 789 2340 842 admit-

763 889 901 943 tens,
931 877 1273 931 Divinitatem
1289 878 1499 931 Patrem
1523 894 1642 932 esse
1662 894 1724 932 ac
1743 877 1964 943 Filium,
1983 881 2338 950 eamdemque

762 971 1118 1038 compositam
1158 971 1353 1023 stolide
1385 971 1708 1024 sustinebat.

832 1063 921 1117 42.
957 1061 1214 1130 Origem'i.
1242 1062 1610 1130 Turpissimas
1634 1064 1873 1117 actiones
1897 1064 2203 1133 patrabant,
2239 1079 2339 1118 nec

762 1154 1115 1208 sobrietatem
1169 1153 1357 1207 colunt
1395 1154 1679 1208 abutentes
1726 1171 1910 1209 carne.
1957 1157 2025 1209 At
2059 1173 2167 1209 non
2211 1166 2339 1210 sunt

762 1244 850 1298 isti
874 1259 939 1298 ex
971 1244 1202 1312 Origene
1227 1242 1614 1309 Alexandrino,
1639 1245 1754 1300 sive
1777 1247 2124 1301 Adamantio.

830 1426 917 1478 όί).
957 1423 1330 1494 Origeuiastn’.
1365 1424 1462 1480 Hic
1493 1437 1575 1480 est
1609 1427 1986 1488 Adamantius.
2019 1431 2111 1498 qui
2145 1444 2338 1500 corpo-

761 1530 881 1567 rum
920 1518 1372 1571 resurrectionem
1400 1517 1632 1571 nolebat.
1667 1519 1722 1570 ln
1757 1519 2043 1589 allegorias
2073 1523 2338 1578 absurdas

764 1607 1076 1676 Scripturas
1127 1608 1466 1664 deﬂectebat.
1519 1609 1591 1662 De
1622 1611 1806 1678 gentili
1863 1612 2200 1683 philosophia
2240 1631 2336 1667 ve-

762 1700 937 1760 niens,
967 1715 1065 1752 nec
1091 1701 1478 1755 etlinicismum
1505 1701 1786 1771 abjurans,
1811 1704 2068 1759 tredecim
2101 1705 2337 1762 haereses

763 1789 815 1841 in
837 1788 1133 1844 Ecclesiam
1159 1793 1382 1846 invexit.

831 1883 918 1934 Η.
957 1881 1256 1939 l’autliani.
1298 1886 1502 1939 Paulus
1535 1884 1958 1950 Samosateuus,
2000 1888 2092 1958 qui
2141 1889 2333 1944 Antio-

762 1974 982 2026 chensis
1006 1975 1296 2044 episcopus
1315 1977 1437 2042 fuit,
1467 1977 1730 2033 Theodoti
1748 1988 1803 2034 et
1825 1981 2058 2034 Artemte
2083 1981 2331 2034 haeresim

761 2065 1061 2130 innovatis,
1121 2067 1401 2123 Christum
1465 2071 1647 2125 aiebat
1712 2072 1981 2124 hominem
2035 2072 2333 2127 divinitatis

762 2157 967 2211 honore
1013 2159 1354 2221 decoratum,
1399 2173 1680 2230 propterea
1732 2163 1875 2233 quod
1922 2161 2196 2228 Verbum,
2239 2164 2330 2219 Dei

763 2246 1064 2316 Sapientia,
1100 2250 1153 2304 in
1199 2251 1315 2319 ipso
1355 2253 1702 2308 habitaverit.

830 2341 919 2395 45.
975 2341 1268 2395 Manichwi.
1324 2343 1508 2398 Manes
1569 2343 1732 2398 Persa
1795 2357 1985 2400 contra
2038 2347 2332 2402 Ecclesiam

759 2431 1002 2484 emersit.
1039 2430 1155 2484 Duo
1207 2433 1388 2488 aiebat
1425 2434 1688 2503 principia
1718 2451 1867 2501 esse,
1907 2437 2106 2490 bonum
2142 2451 2335 2505 nempe

758 2535 813 2578 et
848 2527 1164 2595 malignum.
1223 2527 1562 2597 Repudiabat
1605 2546 1729 2584 eum
1776 2534 1866 2600 qui
1913 2532 2190 2600 lcgislator
2233 2530 2335 2586 fuit

760 2615 995 2682 lsraclis,
1026 2631 1077 2672 et
1102 2619 1274 2674 factor
1305 2622 1709 2676 universorum.
1739 2623 1898 2677 Astra
1922 2623 2156 2680 colebat.

830 2795 922 2848 46.
959 2793 1262 2850 Ηίεηιεὶιτε.
1290 2795 1346 2850 1η
1377 2795 1583 2852 Leouto
1605 2798 1822 2870 Egypti
1851 2802 1932 2854 vir
1960 2803 2181 2869 quidam
2212 2803 2335 2858 Hie-

760 2902 857 2940 rax
892 2888 1112 2941 nomine
1151 2891 1359 2951 suasit,
1389 2900 1446 2944 ut
1475 2906 1540 2944 ne
1584 2903 1894 2961 speraretur
1929 2895 2110 2949 carnis
2156 2912 2338 2950 resur—

760 2981 952 3034 rectio.
1011 2979 1236 3050 Nuptias
1287 2985 1627 3053 repudiabat.
1687 2985 1878 3040 Laicos
1934 2987 2181 3041 homines
2227 3004 2333 3041 non

760 3069 1114 3136 suscipiebat.
1171 3069 1377 3127 Pueros
1435 3075 1661 3129 docebat
1697 3077 1898 3130 Christi
1948 3094 2173 3145 regnum
2226 3095 2335 3132 non

763 3161 969 3230 ingredi
992 3202 1006 3226 ,
1040 3178 1104 3215 eo
1135 3164 1276 3232 quod
1309 3166 1459 3218 nullo
1486 3168 1784 3222 certamine
1813 3170 2121 3235 pugnarint.

831 3255 921 3308 47.
955 3255 1248 3313 Μειειὶαηὶ.
1289 3258 1346 3312 1η
1388 3259 1618 3330 Egypto
1661 3260 1998 3331 l’uitquidam
2026 3263 2329 3316 schismati-

762 3363 862 3401 cus
883 3347 1147 3404 Meletius.
1211 3350 1259 3406 Is
1307 3352 1526 3406 nolebat
1566 3368 1725 3408 orare
1779 3371 1902 3407 cum
1946 3356 2337 3424 paenitentibus

761 3450 984 3510 propter
1008 3443 1214 3512 lapsmn
1243 3445 1295 3498 in
1324 3447 1720 3514 persecutione,
1748 3448 1839 3516 qui
1869 3465 1897 3501 a
1929 3450 2138 3519 synodo
2161 3449 2335 3505 susci-

763 3534 1083 3601 piebantur;
1102 3543 1266 3605 atque
1300 3552 1331 3590 a
1362 3536 1519 3592 Petro
1547 3540 1806 3610 episcopo
1830 3551 1885 3594 et
1917 3553 2174 3612 martyre.

837 3712 924 3766 48.
967 3714 1251 3768 Adamiani
1307 3717 1435 3770 nudi
1489 3726 1632 3772 stant
1683 3719 1734 3772 in
1786 3719 2124 3776 orationibus
2159 3737 2340 3778 mares

761 3818 917 3871 reque
961 3813 1123 3874 atque
1153 3805 1412 3862 mulieres
1437 3849 1450 3870 ,
1486 3811 1804 3864 memoriam
1845 3811 2164 3868 refricantes
2212 3814 2341 3869 sim-

763 3896 1022 3963 plicitatis
1056 3896 1250 3951 Adami
1285 3907 1340 3952 et
1379 3899 1522 3954 Evze.

831 3984 923 4040 49.
969 3983 1292 4041 Marianum.
1331 3986 1551 4041 Mariam
1600 3991 1665 4044 ad
1710 3991 1949 4046 divinam
1980 3995 2219 4049 evehunt
2251 4011 2335 4049 cs-

763 4077 1015 4134 Stfnlialll,
1042 4075 1415 4145 aﬂirmantque
1431 4094 1549 4133 eam
1574 4092 1911 4152 assumptam
1939 4085 1991 4137 in
2021 4087 2210 4150 caelos,
2231 4103 2343 4142 me-

765 4166 994 4220 moriam
1028 4169 1172 4222 illius
1197 4167 1458 4224 facientes
1483 4173 1535 4225 in
1559 4174 1836 4229 oblatione
1869 4177 2048 4244 panis.

835 4258 925 4312 50.
972 4259 1264 4314 llasulium'
1298 4264 1510 4330 operari
1547 4264 1766 4329 nolunt,
1800 4267 1894 4320 scd
1939 4271 2095 4323 aiunt
2139 4271 2343 4325 oratio-

769 4351 932 4404 nibus
955 4361 1218 4422 perpetuo
1252 4356 1576 4422 vacandum,
1600 4357 1728 4412 dum
1763 4358 2003 4414 laborem
2037 4363 2219 4417 odisse
2248 4365 2344 4419 de-

767 4443 1061 4499 lcctanlur.

2440 612 2714 680 ἁπέτεμνε
2739 649 2752 672 ,
2787 608 2886 678 τὴν
2910 609 3154 662 Παλαιὰν
3177 608 3399 677 Γραφὴν
3431 608 3506 678 μὴ
3532 609 3840 678 δεχόμενος.

2513 701 2622 770 μα’.
2670 702 3002 757 Σαϐἐλλιοι.
3041 701 3327 763 Σαόἐλλιός
3361 719 3440 762 τις
3481 703 3539 753 ὲν
3570 705 3637 770 τῇ
3686 701 4021 754 Πενταπόλει

2439 793 2702 858 γεγονὼς.
2747 793 2843 854 τὰς
2885 793 3035 860 τρεῖς
3087 791 3414 853 ὑποστάσεις
3460 789 3559 858 τῆς
3593 791 3720 860 μιᾶς
3753 789 4023 860 Θεότητος

2438 881 2977 949 οὖκάποδεξάμενος,
2997 881 3309 948 Υίοπάτορσ.
3338 879 3438 946 τὴν
3471 879 3736 949 Θεότητα,
3766 880 3864 932 καὶ
3895 882 4024 932 σύν-

2440 973 2561 1025 θεον
2599 973 2950 1042 παρεφρόνει.

2514 1065 2617 1132 μβ’.
2661 1063 3013 1131 Ὠρειγένιοι.
3050 1063 3496 1131 Αίσχροποιοῦσι,
3541 1063 3636 1118 καὶ
3671 1065 3775 1134 τὴν
3803 1066 4021 1136 σώφρο-

2441 1154 2607 1224 σύνην
2636 1155 2695 1206 ού
2731 1152 2985 1222 τιμῶσιν,
3017 1151 3396 1221 ἀποχρώμενοι
3424 1156 3491 1224 τῇ
3530 1154 3712 1224 σαρκί.
3748 1155 3888 1208 Ἀλλ’
3917 1155 4022 1208 οῦκ

2439 1250 2577 1300 εἰσιν
2634 1241 2781 1299 οὗτοι
2861 1242 3254 1314 Ἀλεξανδρέως
3331 1247 3708 1315 Ὠρειγένους,
3767 1249 3862 1302 τού
3924 1251 4021 1302 καὶ

2452 1339 2826 1408 Ἀδαμαντίου.

2512 1435 2621 1498 μγν.
2673 1430 3152 1497 Ὠρειγενιασταί.
3182 1424 3350 1491 Οὗτός
3380 1432 3530 1483 ἐστιν
3559 1433 3586 1484 ὁ
3615 1433 3708 1483 καὶ
3748 1431 4021 1501 Ἀδαμάν-

2435 1540 2579 1587 τιος,
2637 1521 2906 1590 σωμάτιον
2957 1519 3252 1574 ἀνάστασιν
3296 1521 3496 1574 ἀθετεῖ.
3545 1522 3635 1584 Et;
3687 1521 4021 1592 ἀλληγορίας

2445 1616 2680 1676 ἀτόπους
2709 1614 2808 1675 τὰς
2839 1613 3060 1684 Γραφὰς
3115 1613 3362 1682 ἔτρεψεν.
3422 1614 3557 1667 Ἀπὸ
3598 1614 3696 1682 τῆς
3750 1613 4022 1683 Ἑλλήνων

2439 1707 2753 1776 φιλοσοφίας
2770 1705 2961 1768 ἐλθὼν,
2984 1704 3077 1758 τὸν
3089 1705 3144 1756 δὲ
3172 1705 3528 1776 Ἐλληνισμὸν
3551 1706 3652 1776 ουκ
3671 1706 4019 1770 ἀποπτύσας,

2436 1774 2790 1868 τρισκαίδεκα
2818 1795 3059 1864 αἱρέσεις
3085 1797 3153 1864 τῇ
3188 1774 3485 1864 Ἐκκλησία
3517 1774 3874 1864 ἑπέισήγαγε.

2510 1891 2610 1958 μδ’.
2646 1887 2995 1941 Παυλιανοί.
3044 1887 3255 1948 Παῦλος
3297 1886 3406 1938 ἀπὸ
3450 1886 3712 1955 Σαμοσᾶ,
3751 1886 3852 1954 τῆς
3896 1887 4022 1940 Ἀν-

2436 1982 2658 2048 τιοχέων
2711 1979 3000 2048 γενόμενος
3053 1978 3394 2040 ἐπίσκοπος,
3455 1978 3554 2047 τὴν
3609 1978 3864 2031 Θεοδότου
3918 1979 4020 2032 καὶ

2447 2071 2687 2142 Ἀρτεμᾶ
2740 2071 2950 2140 αἵρεσιν
3002 2069 3486 2137 ἀνανεωσάμενος,
3543 2068 3827 2134 ἄνθρωπον
3879 2067 4020 2122 Θεοῦ

2435 2167 2570 2234 τιμῇ
2613 2162 2974 2233 τετιμημένον
3006 2161 3097 2214 τὸν
3136 2159 3373 2230 Χριστὸν
3399 2199 3415 2223 ,
3447 2161 3534 2214 διὰ
3577 2161 3638 2215 τὸ
3679 2163 3770 2215 τὸν
3803 2163 3980 2232 Λόγον
4001 2206 4019 2232 ,

2434 2251 2534 2321 τὴν
2569 2250 2765 2318 Σοφίαν
2790 2249 2884 2302 τοῦ
2915 2248 3075 2310 Θεοῦ,
3102 2249 3386 2318 ἐνοικῆσαι
3415 2251 3493 2310 εἰς
3522 2250 3705 2316 αθτδν,
3741 2247 3886 2308 εἷπε.

2511 2341 2612 2410 με’.
2666 2340 3001 2409 Μανιχαῖοι.
3050 2338 3183 2392 Ἀπὸ
3233 2341 3332 2410 τῆς
3375 2341 3637 2408 Περσίδος
3687 2338 3840 2404 οὗτος
3874 2345 4021 2399 κατὰ

2436 2437 2533 2503 τῆς
2570 2433 2897 2501 Ἐκκλησίας
2918 2433 3182 2502 ἀνεφάνη,
3204 2431 3392 2501 Μάνης
3429 2432 3741 2502 λεγόμενος.
3773 2436 3878 2490 Δύο
3907 2456 4018 2508 φη-

2439 2527 2523 2579 σὶν
2557 2525 2729 2596 ἀρχὰς
2751 2565 2765 2589 ,
2802 2523 3019 2594 ἀγαθήν
3064 2541 3122 2577 τε
3165 2525 3258 2576 καὶ
3293 2525 3470 2594 κακὴν
3511 2521 3672 2581 εἶναι.
3716 2528 3819 2581 Τδν
3852 2547 4017 2600 νομο-

2436 2618 2596 2686 θέτην
2627 2619 2685 2670 ἐν
2715 2615 2792 2684 τῷ
2845 2615 3064 2686 Ἰσραὴλ
3098 2615 3362 2683 γεγονότα
3406 2617 3496 2670 καὶ
3530 2621 3761 2690 ποιητὴν
3795 2621 4019 2676 πάντων

2437 2708 2640 2762 ἀθετεῖ.
2679 2709 2889 2777 ’Δστρα
2917 2707 3153 2761 σέϐεται.

2511 2797 2629 2870 μς⁹.
2687 2798 3036 2867 ⁶1ερακῖται.,
3064 2800 3153 2853 Ἐν
3198 2798 3412 2869 Λεοντῷ
3459 2803 3524 2870 τῇ
3563 2803 3683 2854 κατ’
3716 2804 4015 2870 Αἴγυπτον,

2448 2889 2621 2964 Ἰέραξ
2653 2908 2735 2953 τις
2782 2890 3075 2960 λεγόμενος
3124 2889 3309 2942 ἐπειθε
3357 2891 3559 2958 σαρκὸς
3603 2892 3900 2947 ἀνάστασιν
3938 2895 4016 2968 μὴ

2437 2982 2698 3048 ἐλπίζειν.
2730 2981 2911 3051 Γάμον
2940 2981 3144 3046 seem.
3180 2982 3490 3051 Κοσμικοὺς
3528 2983 3628 3037 οὐκ
3665 2985 3897 3054 ἐδέχετο.
3932 2987 4016 3040 Τά

2439 3075 2630 3128 παιδία
2660 3077 2740 3138 είς
2783 3076 2880 3146 τὴν
2913 3072 3150 3145 Χριστοῦ
3203 3073 3479 3144 βασιλείαν
3523 3075 3599 3146 μὴ
3645 3077 4018 3148 είσέρχεσθαι,

2361 3187 2402 3241 C
2437 3168 2556 3219 ὲπεί
2592 3166 2727 3236 μηδὲ
2757 3167 3020 3236 ήθλησαν.

2514 3259 2619 3330 μζ’.
2664 3260 3036 3314 Μελετιανοί.
3096 3260 3186 3313 Ἐν
3234 3262 3494 3330 Αἰγύπτῳ
3546 3261 3899 3330 σχισματικός
3932 3277 4020 3320 τις

2440 3353 2629 3424 γέγονε
2672 3353 2901 3406 Μελίτον
2944 3351 3304 3424 [Μελὲτιος],
3354 3353 3429 3423 μὴ
3466 3351 3858 3420 συνευξάμενος
3901 3352 4021 3412 τοῖς

2445 3445 2842 3516 μετανοήσασιν
2882 3444 2989 3496 ἀπὸ
3017 3445 3110 3496 τοῦ
3143 3444 3381 3514 διωγμοῦ
3408 3485 3425 3506 ,
3459 3447 3554 3498 καὶ
3588 3445 3822 3513 δεχθεῐσι
3863 3442 4023 3512 παρὰ

2439 3539 2547 3604 τῆς.
2578 3536 2832 3600 συνόδου,
2885 3535 2977 3588 καὶ
3022 3535 3229 3607 Πέτρου
3274 3535 3368 3588 τοῦ
3411 3535 3711 3589 ἀποστόλου
3757 3533 3870 3603 (80)
3921 3535 4020 3586 καὶ

2445 3630 2741 3700 μάρτυρος,

2515 3725 2626 3788 μη’.
2671 3719 2997 3787 Ἀδαμιανοὶ
3027 3719 3226 3788 γυμνοὶ
3263 3721 3319 3771 ὲν
3345 3723 3464 3782 ταῖς
3494 3719 3680 3788 εὐχαῖς
3715 3717 4023 3786 παρίπαν-

2443 3829 2556 3871 ται,
2588 3810 2778 3881 ἄνδρες
2811 3810 2947 3878 ὁμοῦ
2984 3811 3080 3864 καὶ
3125 3817 3404 3878 γυναῖκες,
3445 3811 3541 3864 τοῦ
3587 3809 3758 3880 Ἀδὰμ
3786 3810 3880 3863 καὶ
3915 3809 4023 3877 τῆς

2446 3899 2590 3962 Εὔας
2626 3902 2724 3968 τῆς
2759 3899 3059 3968 ἁπλότητος
3094 3901 3551 3970 μνημονεύοντες.

2521 3991 2629 4058 μθ’.
2656 3991 3004 4061 Μαριανῖται
3043 3993 3144 4058 τὴν
3190 3991 3408 4061 Μαρίαν
3434 3995 3514 4055 είς
3544 3992 3695 4046 θείαν
3714 3989 3901 4044 οὐσίαν
3927 3991 4027 4045 ἂν-

2447 4083 2696 4149 άγουσιν.
2747 4081 2839 4134 καί
2872 4099 3034 4150 φασιν
3067 4081 3236 4152 αὐτὴν
3281 4084 3361 4145 εἰς
3392 4082 3618 4152 οὐρανὸν
3654 4081 3976 4150 ἀνειλῆφθαι
4005 4121 4022 4144 ,

2449 4175 2672 4245 μνήμην
2700 4173 2870 4240 αὐτῆς
2898 4175 2954 4225 ὲν
2986 4173 3152 4242 ἄρτου
3186 4174 3443 4242 προθέσει
3473 4173 3810 4243 ποιούμενοι.

2517 4272 2580 4320 ν’.
2626 4266 3043 4320 Μασαλλιανοὶ
3091 4266 3423 4336 ἐργάζεσθαι
3450 4265 3509 4319 ού
3556 4265 3855 4336 βούλονται,
3885 4265 4028 4320 ἀλλά

2450 4376 2616 4428 φασιν
2653 4360 2841 4429 εὐχαῖς
2877 4362 2956 4423 είς
2999 4359 3088 4412 ἀεὶ
3129 4360 3431 4422 διατελεῖν,
3471 4362 3755 4430 μισεργείν
3806 4360 4031 4428 ἀγαπή-

2451 4468 2660 4513 σαντες.

837 4533 925 4592 51.
960 4536 1272 4605 Apostoliri.
1308 4537 1547 4594 Fuerunt
1603 4541 1654 4593 lii
1708 4543 1852 4597 circa
1897 4542 2176 4609 Pisidiam,
2232 4531 2407 4601 sibic
2510 4561 2514 4573 '

2365 4531 2407 4587 Ο
2510 4541 2608 4596 να’.
2653 4543 3066 4596 Ἀποστολικοὶ
3096 4585 3109 4602 ,
3163 4545 3292 4613 περὶ
3320 4543 3419 4608 τὴν
3451 4541 3696 4595 Πισιδίαν
3742 4534 3892 4595 οὗτοι
3933 4558 4029 4608 γε·

763 4631 1041 4700 subjectos
1069 4632 1338 4686 duntaxat
1379 4633 1667 4703 recipiunt,
1699 4651 1822 4689 cum
1856 4637 2004 4690 nullo
2025 4639 2132 4692 alio
2153 4649 2336 4694 orant.

839 4815 924 4870 52.
956 4815 1261 4869 Archontici
1293 4816 1630 4886 principatus
1659 4826 1713 4872 et
1745 4827 2039 4887 potestates
2072 4823 2340 4890 quasdam

769 4919 1082 4971 recensent,
1133 4909 1323 4979 hisque
1361 4909 1664 4972 subjiciunt
1708 4913 1868 4981 hujus
1903 4915 2068 4968 totius
2106 4915 2342 4969 universi

768 5002 1342 5068 administrationem,
1391 5003 1655 5074 aiuntque
1704 5003 1982 5060 Christum
2033 5007 2247 5061 venisse
2294 5007 2345 5060 in

767 5091 1031 5160 judicium
1059 5107 1252 5146 eorum
1286 5094 1802 5148 administrationis.

837 5186 927 5242 53.
974 5186 1226 5255 Angelici.
1284 5186 1689 5256 Superbissime
1728 5187 2011 5256 sapiebant
2061 5188 2137 5252 lii,
2189 5190 2345 5258 quasi

2441 4633 2682 4700 γόνασιν,
2717 4633 3116 4696 ὑποτακτικοῦς
3155 4636 3312 4703 μόνον
3341 4636 3607 4704 δέχονται.
3643 4633 3775 4686 Μετ’
3807 4633 4028 4695 οὐδενὸς

2442 4725 2630 4795 ἑτέρου
2659 4725 2934 4793 εὔχονται.

2514 4815 2612 4886 νβ’.
2655 4818 3011 4886 Ἀρχοντικοὶ
3061 4819 3237 4888 ἀρχὰς
3271 4818 3366 4871 καὶ
3412 4815 3663 4881 ἐξουσίας
3699 4815 3853 4878 τινὰς
3883 4815 4031 4866 άπα-

2449 4907 2742 4978 ριθμοῦσι,
2804 4909 2896 4960 καὶ
2955 4909 3059 4960 ὑπὸ
3114 4908 3317 4970 ταύτας
3374 4908 3586 4961 τιθέασι
3637 4905 3734 4975 τὴν
3795 4906 4030 4958 καθόλου

2444 5001 2728 5071 διοίκησιν,
2761 4999 2991 5070 Χριστὸν
3026 5001 3082 5053 δὲ
3115 5003 3194 5063 εἰς
3223 5002 3321 5070 τὴν
3345 5000 3550 5052 τούτων
3578 4998 3679 5065 τῆς
3705 4996 4031 5065 διοικήσεως

2446 5093 2628 5162 κρίσιν
2655 5092 2816 5145 ἱέναι.

2518 5183 2617 5253 νγ’.
2679 5184 3022 5252 Ἀγγελικοά
3073 5183 3232 5251 Μέγα
3278 5183 3692 5252 πεφρονήκασιν
3741 5176 3922 5259 οὗτοι,
3953 5181 4032 5244 ὡς

768 5293 922 5332 suam
972 5281 1242 5347 propriam
1303 5279 1602 5348 angelicam
1656 5281 1887 5334 classem
1939 5280 2232 5345 habentes,
2285 5297 2347 5336 ac

2448 5277 2742 5348 ἀγγελικὴν
2770 5277 2904 5329 ἰδίαν
2948 5276 3099 5340 τάξιν
3129 5277 3366 5346 ἔχοντες,
3399 5279 3492 5330 καὶ
3517 5280 3628 5340 τοῖς
3661 5277 4031 5345 συντεταγμέ-

767 5370 1130 5424 sectatoribus
1153 5385 1343 5423 eorum
1366 5371 1746 5438 promittentes.

839 5462 928 5516 54.
979 5463 1235 5516 Audiam‘.
1287 5464 1352 5518 Et
1400 5463 1453 5517 bi
1489 5464 1684 5518 scissio
1738 5465 1985 5531 quaedam
2029 5462 2150 5517 fuit.
2206 5464 2344 5518 Cum

770 5555 923 5611 laicis
959 5571 1065 5611 non
1098 5557 1361 5620 orabant,
1393 5557 1536 5625 virga
1574 5573 1603 5610 a
1642 5557 1838 5626 seipsis
1871 5567 2189 5626 scparautes
2215 5573 2344 5621 eos,

838 5737 952 5809 (80)
983 5736 1152 5791 Error
1179 5740 1392 5795 videtur
1425 5750 1600 5812 typog.
1637 5757 1734 5811 pro
1764 5741 2080 5804 ἐπισκόπου,
2113 5739 2338 5797 Alexan-

770 5810 930 5866 drino
960 5824 1175 5868 nemnc.

2452 5389 2562 5424 vat:
2599 5372 2732 5424 (81).

2523 5389 2562 5434 ις
2622 5373 2680 5424 81
2719 5412 2732 5424 .

2523 5373 2614 5518 νδί
2639 5374 2942 5518 Αίθδιανοί.
2973 5464 3185 5534 Σχίσμα
3217 5461 3475 5530 γεγόνασι
3515 5463 3608 5516 καὶ
3637 5456 3802 5524 οὗτοι,
3835 5478 4032 5530 κοσμι-

2452 5557 2567 5618 κοῖς
2593 5555 2655 5608 οὐ
2697 5554 3100 5625 συνευχόμενοι.
3141 5553 3350 5623 Tarsa...
3387 5552 3732 5624 διορύξαντες
3762 5551 3856 5620 ἀφ’
3901 5552 4032 5605 ἑαυ-

2518 5736 2629 5808 (81)
2659 5735 2818 5792 Deest
2847 5734 3287 5807 ὑπισχνούμενοι,
3321 5733 3400 5791 vol
3431 5730 3561 5803 quid
3593 5728 3724 5787 tale.
