4248 6438
213 379 313 443 157

1392 379 1767 439 LIBELLUS
1804 380 2304 444 MEMORIALIS.

3375 381 3477 449 158

207 494 320 547 τῶν
345 495 462 555 ταῖς
495 493 681 561 εὐχαῖς
716 494 840 554 τοὺς
879 490 954 562 μὴ
984 490 1335 553 κοινωνικοὺς
1383 491 1492 543 ἀπὸ
1524 492 1646 552 ταῖς
1680 491 1791 557 (82)
1823 497 1866 557 Λ

1823 497 1866 557 Λ
1897 495 1986 559 qui
2012 494 2064 545 in
2087 494 2430 546 orationibus
2452 506 2559 545 non
2586 489 3068 544 communicabant
3096 506 3302 546 secum.
3330 496 3477 565 Λρο-

208 586 553 658 ἀποκρύφοις
579 585 803 653 βιόλίοις
827 585 1148 653 κέχρηνται,
1171 584 1266 636 καὶ
1293 583 1627 654 παραδόσεσι
1648 582 1794 647 ξέναι

209 678 325 730 τισὶ
352 676 447 729 τοῦ
484 677 712 746 ἐξάρχου
745 676 944 729 αὐτῶν.

280 776 376 822 νε’.
426 769 889 837 Μαρκελλιανοί.
930 767 1275 837 Μαρκέλλιός
1320 784 1404 830 τις
1451 767 1507 818 ὲν
1553 764 1796 835 ’Δγκύρα

209 864 429 931 γεγόνει
457 862 555 931 τὴν
603 860 894 913 Σαϐελλίου
938 859 1095 923 δόξαν
1146 858 1389 927 φρονῶν,
1424 858 1796 910 ἀνυπόστατον

208 958 304 1009 τὸν
326 956 421 1009 τοῦ
449 955 583 1009 Θεοῦ
602 956 797 1022 Λόγον,
818 957 912 1008 καὶ
933 956 993 1006 τὸ
1020 955 1212 1021 Ἀγιον
1232 952 1452 1021 Πνεῦμα
1472 952 1721 1021 νομίσας.

283 1048 391 1111 νς’,
453 1047 761 1114 Ἀρειανοί.
800 1047 1010 1115 Ἀρειός
1047 1062 1132 1107 τις
1176 1046 1399 1111 γέγονεν
1438 1045 1495 1094 ἐν
1539 1042 1793 1107 Ἀλεξαν-

206 1138 387 1208 δρείᾳ,
423 1138 517 1191 τὸν
548 1138 678 1189 Υίὸν
720 1136 813 1188 τοῦ
854 1136 989 1189 Θεοῦ
1036 1136 1254 1189 κτιστὸν
1282 1135 1375 1186 καὶ
1413 1132 1471 1198 ἐξ
1500 1133 1597 1185 οὐκ
1628 1133 1795 1186 ὄντων

207 1230 494 1298 γεγονέναι
527 1229 775 1295 δοξάσας.

282 1320 377 1387 νζ.
421 1321 754 1391 Ἡμιάρειοι.
807 1319 897 1383 Ἐξ
935 1319 1232 1389 ’Λρειανῶν
1261 1314 1408 1373 οῦτοι
1452 1321 1791 1388 ἀπέσχισαν,

207 1415 562 1483 ὀμοιούσιον
585 1412 663 1481 τῷ
691 1411 811 1480 Θεῷ
835 1412 1135 1479 φάσκοντες
1160 1412 1251 1463 τὸν
1276 1411 1422 1474 Υίὸν,
1448 1412 1555 1463 τῶν
1586 1411 1797 1479 ’Δρειαο

207 1506 318 1560 νῶν
352 1506 511 1572 μόνον
547 1505 614 1556 τὸ
644 1504 849 1571 ὅμοιον
874 1497 1014 1555 εἶναι
1047 1502 1333 1569 λεγόντων.

282 1602 385 1666 νῆ’.
437 1595 835 1648 Φωτεινιανοί.
891 1593 1157 1655 Φωτεινὸς
1209 1610 1294 1653 τις
1346 1593 1568 1660 γέγονεν
1614 1593 1672 1644 ὲν
1724 1594 1790 1661 τῇ

208 1687 473 1757 Σειρμίῳ.
508 1688 589 1740 Τά
618 1686 831 1738 Παύλου
860 1685 955 1738 τοῦ
1001 1685 1379 1754 Σαμωσατέως
1413 1684 1649 1750 δοξάζει,
1696 1684 1791 1737 άν-

207 1779 433 1849 θρωπον
472 1776 729 1847 θεοφόρον
759 1777 934 1843 λέγων
964 1771 1104 1829 εἶναι
1134 1777 1225 1828 τὸν
1256 1776 1510 1845 Χριστὸν.

280 1868 382 1922 νθ’.
424 1869 722 1923 Ἀετιανοί.
771 1868 977 1931 nam;
1016 1885 1100 1931 τις
1152 1867 1311 1931 Κίλιξ
1360 1871 1418 1920 τὸ
1459 1870 1635 1936 γένος,
1685 1868 1792 1920 τῶν

220 1963 520 2034 ’Δρειανῶν
553 1961 843 2031 χωρισθεὶς
881 1962 1067 2030 ὅμοιον
1093 1959 1358 2027 λεγόντων
1387 1960 1462 2031 τῷ
1499 1961 1673 2030 Πατρὶ
1700 1962 1791 2013 τδν

207 2056 364 2120 Υίδν,
388 2056 641 2123 ἀνόμοιον
666 2054 815 2124 αὐτῷ
842 2050 982 2108 εἶναι
1004 2048 1148 2109 εἶπε.
1180 2056 1444 2125 Εὑνόμιος
1470 2055 1525 2107 δὲ
1550 2056 1788 2125 προέστη

211 2149 334 2219 μετ’
360 2147 526 2201 αὑτοῦ
558 2148 759 2216 ταύτης
792 2147 889 2214 τῆς
912 2148 1199 2217 αἱρέσεως,
1233 2149 1355 2200 ὅθεν
1390 2149 1484 2201 καὶ
1512 2150 1793 2217 Εὐνομία·

206 2241 303 2294 rol
324 2240 374 2291 oi
415 2240 695 2307 Ἀνομῐται
732 2238 1050 2307 κέκληνται.

280 2333 346 2397 ξ’.
407 2333 711 2400 Ἆεριανοί.
776 2332 985 2401 Ἀέριὸς
1019 2348 1103 2395 τις
1140 2333 1330 2400 γέγονε
1379 2333 1657 2396 Ποντικὸς,
1691 2335 1788 2401 τῆς

221 2427 511 2497 ’Δρειανῆς
561 2425 823 2495 αἱρέσεως
869 2422 965 2489 ῶν,
1016 2425 1304 2490 ἀνεδόξασε
1345 2425 1401 2478 δὲ
1448 2426 1652 2491 αὐτοῖς,
1696 2429 1791 2479 καὶ

205 2516 484 2587 ἐχωρίσθη
520 2516 612 2569 ἀπ’
645 2515 825 2569 αὐτῶν
862 2514 949 2568 διὰ
989 2515 1218 2568 τοιαῦτα
1241 2532 1254 2547 ο
1293 2517 1591 2568 ἐπίσκοπον
1624 2516 1789 2587 μηδὲν

204 2608 487 2678 διαφέρειν
529 2607 900 2678 πρεσὸυτέρου
931 2607 1125 2675 λέγων.
1158 2608 1435 2677 Τετράδας
1474 2607 1570 2660 καὶ
1607 2624 1790 2678 παρα-

208 2701 413 2759 σκευὰς
486 2701 561 2769 μὴ
603 2701 878 2770 προτιμᾷν
928 2699 1037 2751 τῶν
1082 2701 1141 2751 ἐν
1189 2698 1375 2763 ἄλλαις
1428 2701 1661 2771 ἡμέραις
1697 2720 1791 2773 νη-

211 2789 442 2853 στεύων,
470 2788 592 2841 τινά
624 2788 827 2857 σκηνὴν
858 2788 969 2858 (85)
998 2789 1265 2856 ὑπερεῖδε.

281 2875 379 2942 ξα’.
412 2878 865 2933 Μακεδονιανοί.
912 2880 1241 2943 Μακεδόνιός
1284 2899 1364 2945 τις
1408 2883 1465 2935 ἐν
1501 2884 1791 2937 Κωνσταν-

202 2970 521 3023 τινουπόλει
555 2969 784 3044 γίνεται,
816 2970 874 3022 τὸ
922 2970 1147 3034 Πνεῦμα
1172 2972 1232 3024 τὸ
1271 2974 1427 3040 ἆγιον
1458 2973 1667 3028 ἀθετῶν
1690 2977 1789 3045 τῆς

204 3060 302 3115 τοῦ
326 3060 461 3114 Θεοῦ
488 3061 699 3132 Πατρδς
742 3062 835 3113 καὶ
858 3062 986 3114 Υίοῦ
1002 3062 1210 3126 οὐσίας.
1238 3063 1328 3116 Διὸ
1348 3065 1440 3117 καὶ
1458 3068 1791 3134 Πνευματο-

201 3143 388 3224 μάχοι
420 3154 714 3223 κέκληνται
742 3154 791 3207 οί
820 3155 1065 3207 κοινωνοὶ
1090 3155 1277 3208 αὐτοῦ.

280 3244 381 3314 ξβ’.
417 3245 1006 3314 Ἅνθρωπομυρφῖται.
1042 3243 1199 3300 Οὗτοι
1225 3248 1306 3311 είς
1330 3247 1427 3318 τὴν
1468 3248 1782 3319 Ἐλευθερο-

206 3339 420 3400 πόλεως
465 3336 843 3407 ἀναπεφῄνασι
881 3337 1085 3408 χώραν,
1116 3340 1175 3390 ὲν
1206 3333 1249 3405 ᾧ
1278 3342 1642 3395 ὲστιν.........
1680 3358 1784 3393 σω⁸

210 3428 441 3499 ματικδν
462 3431 785 3498 χαρακτῆρα
813 3429 905 3480 καὶ
934 3428 1146 3499 μορφὴν
1170 3429 1514 3499 ἀνθρωπίνην
1538 3430 1629 3482 τὸν
1652 3430 1783 3483 Θεὸν

206 3522 353 3591 ἔχειν
402 3519 543 3573 κατά
586 3519 684 3589 τὴν
732 3518 965 3589 ὓπαρξιν
1010 3518 1174 3572 αὑτοῦ
1219 3522 1318 3589 τὴν
1364 3522 1533 3573 ἀΐδιον
1571 3522 1783 3589 λογιζά-

211 3632 387 3684 μενοι,
416 3615 491 3678 ὡς
522 3614 614 3666 καὶ
655 3612 919 3667 Ἰουδαίων
953 3615 1001 3666 οἱ
1026 3614 1135 3666 τῶν
1165 3615 1394 3685 Γριφῶν
1428 3616 1662 3687 ἀμύητοι
1694 3635 1783 3669 νε-

208 3709 492 3775 νοήκασιν.

280 3792 454 3852 Ait-cat
483 3798 579 3867 μὲν
608 3794 701 3850 οὖν
735 3800 789 3851 αί
818 3800 957 3851 κατὰ
997 3802 1094 3869 τῆς
1142 3800 1651 3871 ἀγίαςἘκκλησίας
1690 3803 1785 3854 ir:-

207 3893 514 3945 αναστᾶσαι
548 3892 834 3958 γεγόνασιν
866 3891 1124 3960 αἱρέσεις,
1154 3895 1248 3961 τῆς
1287 3893 1376 3943 τὸν
1406 3892 1605 3962 Κύριον
1628 3894 1783 3963 ἡμῶν

219 3984 432 4053 Ἰησοῦν
469 3983 720 4054 Χριστὸν,
764 3983 856 4035 τὸν
889 3983 954 4035 δι’
981 3977 1042 4036 οῦ
1090 3983 1158 4035 τὰ
1195 3984 1370 4038 πάντα
1417 3984 1651 4051 ἐγένετο,
1691 3986 1783 4037 καὶ

202 4074 541 4144 γεννηθέντα
583 4076 647 4127 ἐκ
686 4075 906 4143 Μαρίας
955 4074 1054 4142 τῆς
1091 4074 1370 4144 Παρθένου
1398 4074 1539 4127 κατά
1583 4076 1782 4145 σάρκα,

208 4168 304 4220 καὶ
329 4168 743 4236 ἐπιδημήσαντα
763 4168 829 4235 τῇ
862 4164 1057 4218 ἑαυτοῦ
1094 4166 1291 4229 κτίσει,
1324 4166 1487 4217 αὑτὸν
1534 4164 1669 4219 εἶναι
1695 4170 1786 4220 τὸν

205 4259 319 4328 πρὸ
348 4259 456 4311 τῶν
487 4258 698 4312 αἰώνων
732 4260 958 4310 συνόντα
980 4256 1057 4327 τῷ
1085 4256 1203 4326 Θεῷ
1235 4258 1330 4309 καὶ
1366 4258 1559 4328 Πατρὶ,
1590 4276 1785 4329 γεννη-

206 4352 371 4404 θέντα
402 4352 465 4402 ὲκ
484 4350 582 4419 τῆς
601 4350 789 4412 οὐσίας
816 4349 911 4402 τοῦ
957 4348 1189 4418 Πατρὸς,
1230 4350 1323 4401 καὶ
1348 4349 1478 4402 ὄντα
1503 4351 1785 4419 ὁμοούσιον

205 4444 287 4515 τῷ
310 4443 432 4513 Θεῷ
465 4444 637 4512 Πατρὶ
669 4442 1071 4513 παρειληφυίας
1109 4443 1202 4495 καὶ
1233 4442 1654 4512 παραδιδούσης,
1691 4445 1786 4496 σὺν

204 4537 287 4605 τῷ
331 4536 499 4605 ’Δγίῳ
528 4534 824 4604 Πνεύματι.

1900 583 2122 653 cryphis
2152 594 2379 636 utuntur
2403 583 2578 645 libris,
2602 588 2657 635 et
2681 582 2958 636 inusitatis
2984 581 3330 639 documentis
3350 590 3478 657 qui-
3520 640 3531 645 ,

1899 678 2125 733 busdam
2157 680 2396 732 auctoris
2423 681 2528 732 sui.

1970 768 2061 821 55.
2099 767 2450 820 Marcelliani.
2487 768 2722 832 Quidam
2774 766 3083 823 Marcellius
3122 769 3175 823 in
3202 770 3335 825 urbe
3364 771 3479 825 An-

1895 876 2039 929 cyra:
2065 860 2166 913 luit
2188 875 2310 914 eum
2340 861 2578 915 Sabellio
2600 862 2863 922 sentiens.
2893 860 3223 931 imaginatus
3246 877 3478 931 persona

1897 968 2085 1006 carere
2128 953 2216 1005 Dei
2251 952 2487 1005 Verbum
2539 963 2703 1021 atque
2739 954 3001 1023 Spiritum
3031 966 3301 1009 sanctum.

1966 1046 2052 1099 56.
2085 1045 2289 1097 Ariani.
2340 1045 2571 1110 Quidam
2619 1045 2781 1100 Arius
2834 1046 2935 1101 fuit
2982 1045 3347 1110 Alexandriae,
3380 1047 3475 1117 qui

1895 1139 2225 1206 oninabatur
2248 1135 2444 1189 Filium
2474 1135 2566 1189 Dei
2592 1146 2900 1192 creaturam
2922 1153 3063 1201 esse,
3089 1147 3255 1208 atque
3275 1151 3340 1192 ex
3370 1152 3480 1192 non

1895 1231 2235 1285 exstantibus
2271 1229 2494 1283 factum.

1968 1322 2054 1376 57.
2092 1320 2429 1376 Semiariaui.
2476 1320 2556 1373 Ab
2586 1319 2805 1373 Arianis
2838 1319 2926 1373 isti
2959 1320 3253 1376 schismate
3279 1318 3480 1375 divulsi

1895 1425 2040 1479 sunt,
2088 1413 2311 1467 similem
2366 1424 2561 1465 natura
2608 1412 2714 1465 Deo
2773 1410 2915 1463 Patri
2965 1412 3207 1465 dicentes
3252 1409 3479 1478 Filium,

1896 1525 2062 1579 quum
2091 1506 2275 1559 Ariani
2308 1506 2555 1557 dicerent
2594 1506 2859 1557 duntaxat
2887 1520 3008 1558 esse
3046 1504 3297 1558 similem.

1968 1599 2058 1654 58.
2097 1597 2430 1651 Photiniuni.
2461 1597 2690 1662 Quidam
2718 1595 2986 1651 Photinus
3020 1596 3125 1651 fuit
3151 1595 3359 1659 Sirmii,
3383 1595 3477 1666 qui

1895 1707 2020 1747 cum
2047 1690 2216 1745 Paulo
2239 1691 2597 1744 Samosateno
2626 1691 2881 1759 opinione
2915 1689 3277 1744 conveniebat
3300 1727 3317 1755 ,
3347 1689 3478 1744 dum

1896 1784 2092 1835 asserit
2122 1780 2396 1835 Christum
2432 1780 2707 1833 hominem
2747 1796 2868 1834 esse
2902 1779 3190 1833 deiferum.

1966 1873 2055 1928 59.
2086 1873 2317 1926 Aeliaui.
2353 1872 2541 1926 Aetius
2590 1887 2786 1939 genere
2816 1870 2980 1933 Cilix,
3036 1873 3104 1925 ab
3143 1871 3362 1925 Arianis
3388 1868 3480 1924 de-

1898 1965 2147 2021 sciscens
2194 1963 2286 2031 qui
2323 1962 2555 2016 similem
2586 1962 2857 2016 dicebant
2890 1961 3034 2015 l’atri
3084 1960 3305 2024 Filium,
3353 1974 3479 2015 eum

1891 2054 2218 2110 dissimilem
2265 2052 2385 2122 ejus
2418 2068 2539 2107 esse
2570 2051 2897 2107 adirmahat.
2938 2052 3067 2107 Post
3102 2053 3255 2108 illum
3295 2051 3482 2107 Enno-

1893 2146 2037 2201 mius
2069 2144 2287 2215 praefuit
2319 2145 2445 2198 huic
2476 2154 2638 2199 secta:
2669 2163 2682 2197 :
2714 2145 3071 2212 quamobrem
3094 2144 3260 2199 etiam
3298 2142 3481 2198 Euno-

1894 2237 2060 2291 ηιὶαηί
2087 2236 2359 2290 Anomitm
2396 2244 2684 2289 vocantur.

1963 2330 2053 2385 60.
2085 2331 2323 2385 Aeriani.
2364 2328 2489 2383 Fuit
2517 2328 2781 2384 Ponticus
2810 2330 3031 2398 quidam
3080 2328 3481 2384 Aerius'hzre-

1892 2423 2033 2479 ticus
2053 2424 2288 2477 Arianus
2311 2442 2324 2476 :
2350 2422 2580 2476 subinde
2603 2422 2875 2478 contraria
2899 2422 3090 2483 sensit,
3114 2430 3167 2475 et
3184 2422 3481 2475 schismate

1903 2516 1971 2569 ab
2020 2516 2101 2570 eis
2162 2515 2359 2569 defecit
2398 2524 2616 2584 propter
2668 2514 2782 2567 haec
2830 2530 2844 2565 :
2890 2512 3111 2567 Dicebat
3164 2514 3478 2583 episcopum

1896 2608 2031 2661 nihil
2071 2622 2101 2662 a
2136 2610 2455 2678 presbytero
2482 2608 2722 2663 dilicrre.
2754 2605 2940 2659 Ferias
2965 2614 3190 2673 quartus
3214 2616 3265 2659 et
3297 2616 3480 2659 sextus

1900 2714 2008 2752 non
2043 2698 2406 2767 praeferendas
2434 2699 2658 2769 jejuniis
2696 2699 2927 2752 aliarum
2958 2697 3199 2751 dierum.
3231 2696 3478 2762 Quadra-

1899 2790 2162 2859 gesimam
2194 2791 2597 2843 contemnebat.

1961 2880 2051 2935 bl.
2094 2878 2484 2933 Hacedoniani.
2535 2880 2661 2935 Fuit
2709 2877 3181 2948 Constantinopoli
3256 2875 3478 2948 quidam

1892 2972 2262 3039 Macedonius,
2298 2975 2391 3043 qui
2431 2972 2697 3042 Spiritum
2745 2979 2995 3028 sanctum
3033 2971 3185 3025 nullo
3221 2971 3343 3024 loco
3376 2970 3477 3023 ha-

1890 3066 2070 3131 bebat,
2098 3066 2471 3136 spoliabatque
2506 3064 2595 3118 Dei
2620 3063 2798 3119 Patris
2822 3080 2885 3119 ac
2916 3062 3034 3117 Filii
3064 3062 3321 3117 essentia.
3348 3059 3480 3131 Ejus

1814 3184 1856 3240 ο
1891 3168 2177 3229 propterea
2213 3169 2497 3213 consortes
2535 3158 3005 3211 Pneumalomachi
3043 3156 3295 3211 audiunt.

1960 3251 2048 3305 52.
2099 3252 2671 3320 Autlrropomorphilw.
2724 3251 2787 3303 lli
2830 3251 2932 3304 orti
2982 3258 3109 3303 sunt
3154 3249 3206 3302 in
3250 3247 3476 3317 regione

1888 3342 2466 3412 Eleuthempolitana,
2510 3344 2597 3395 ubi
2641 3354 2816 3397 est....
2860 3357 3179 3410 corpoream
3231 3341 3472 3409 speciem

1888 3434 2232 3505 formamque
2267 3437 2559 3489 humanam
2588 3434 2756 3489 Deum
2788 3436 2985 3488 habere
3002 3434 3177 3503 quoad
3208 3444 3471 3487 aiternam

1888 3524 2007 3594 ejus
2053 3508 2413 3580 substantiam
2458 3525 2557 3578 rati
2606 3534 2764 3590 sunt,
2802 3526 3265 3593 quemadmodum
3305 3525 3473 3578 etiam

1888 3627 2216 3686 putaverunt
2265 3635 2327 3672 ex
2387 3616 2588 3672 ,Ιυιιςιτὶε
2636 3618 2729 3687 qui
2786 3617 3193 3686 Scripturarum
3250 3616 3475 3671 scientia

1890 3711 2083 3765 imbuti
2116 3728 2221 3765 non
2255 3723 2429 3765 erant.

1957 3801 2081 3857 Ista:
2103 3812 2231 3857 sunt
2267 3820 2395 3875 ergo
2430 3806 2682 3868 Increms,
2714 3822 2833 3870 utne
2863 3813 3052 3858 contra
3088 3810 3331 3857 sanetam
3375 3802 3464 3855 Ec.

1887 3894 2107 3947 clesiam
2134 3908 2338 3950 exorta
2368 3909 2512 3961 sunt,
2556 3914 2677 3966 qua:
2710 3897 2899 3949 didicit
2948 3903 3111 3964 atque
3150 3895 3308 3948 docet
3367 3891 3474 3945 Do-

1891 3987 2096 4041 tninum
2142 3999 2391 4043 nostrum
2442 3990 2627 4044 .lesum
2676 3990 2977 4047 Christum.
3019 4004 3113 4057 per
3152 4002 3314 4049 quem
3352 4000 3471 4038 om-

1890 4082 1977 4134 nia
2028 4081 2168 4136 l'acta
2218 4094 2368 4149 sunt,
2406 4087 2609 4155 quique
2654 4093 2813 4137 natus
2843 4098 2905 4135 ex
2944 4081 3109 4133 Maria
3146 4076 3368 4147 Virgine
3393 4073 3473 4131 est

1888 4174 2189 4227 secundum
2214 4191 2454 4235 carnem.
2475 4188 2636 4243 atque
2668 4174 2810 4228 inter
2835 4179 3139 4227 creaturam
3173 4186 3327 4225 suam
3356 4170 3472 4223 via-

1893 4274 2065 4320 torem
2100 4268 2242 4336 egit;
2288 4284 2412 4322 eum
2458 4270 2677 4339 inquam
2730 4283 2833 4321 una
2868 4284 2989 4321 cum
3035 4266 3239 4335 Spiritu
3276 4274 3471 4319 sancto

1887 4368 2013 4413 ante
2038 4360 2218 4414 omnia
2246 4361 2443 4415 saecula
2481 4361 2646 4415 Deum
2674 4376 2797 4414 cum
2838 4359 2999 4413 Patre
3034 4358 3223 4423 fuisse,
3260 4368 3463 4412 natumv

1888 4466 1995 4518 que
2026 4467 2090 4504 ex
2124 4462 2347 4521 paterna
2386 4453 2711 4518 substantia,
2749 4467 2980 4521 esseque
3024 4449 3470 4506 consubstantia-

1821 4537 1860 4588 D
1892 4544 1992 4595 lem
2021 4541 2132 4596 Deo
2161 4542 2325 4596 Patri.

206 4650 462 4703 ΚΕΦΑΛ.
500 4646 679 4702 ΡΜΔ¹.
710 4679 775 4687 -
802 4647 1257 4725 Ποῖαι-αίρέσεις
1284 4652 1442 4719 παρὰ
1483 4652 1783 4718 Ἰουδαίοις
1881 4676 1883 4689 ‹

1881 4653 2035 4709 CAP.
2068 4655 2251 4710 CXLI.
2278 4686 2347 4695 —
2376 4656 2569 4721 Quales
2611 4669 2760 4711 secta
2796 4672 2948 4725 penes
2986 4652 3203 4707 Judreos
3235 4653 3469 4722 fuerunt.

852 4722 1153 4787 γεγόνασι.

282 4826 611 4895 Φαρισαῖοι,
655 4829 1082 4899 έρμηνευόμενοι
1117 4832 1542 4901 κεχωρισμένοι
1567 4835 1599 4905 ἢ
1623 4834 1784 4902 ἀφω-

202 4918 505 4990 ρισμένοι.
553 4920 687 4987 Περὶ
720 4920 787 4973 τά
809 4920 1177 4991 φυλακτήρια,
1211 4924 1305 4975 καὶ
1337 4924 1653 4995 καθαρμοὺς
1678 4943 1787 4979 σω-

213 5013 503 5083 ματικοὺς,
564 5014 656 5066 καὶ
721 5012 1062 5086 βαπτισμοὺς
1124 5014 1328 5080 ξεστῶν
1381 5020 1475 5069 καὶ
1535 5018 1781 5073 πινάκων

208 5105 419 5174 ὴσχολη
426 5106 598 5172 μένοι.

287 5196 351 5265 β’.
374 5194 786 5261 Σαδδουκαῖοι,
836 5198 1259 5268 ἑρμηνευόμενοι
1290 5199 1528 5265 δίκαιοι,
1576 5202 1786 5271 νεκρῶν

209 5291 510 5342 ἀνάστασιν
560 5289 870 5360 ἀρνοῦνται,
926 5292 1189 5359 ἀγγέλους
1226 5287 1367 5346 εἶναι
1397 5294 1458 5345 οὐ
1514 5294 1783 5361 λέγουσιν,

209 5383 335 5435 οὐδὲ
367 5383 590 5453 Πνεῦμα
642 5385 820 5451 ἅγιον,
852 5384 913 5436 οὐ
964 5384 1179 5455 πνεῦμα
1221 5386 1411 5452 ἁγίων,
1442 5387 1475 5457 ἢ
1506 5386 1642 5449 ὅλως
1690 5389 1786 5439 ἀν-

210 5475 470 5545 θρώπων,
502 5474 641 5545 μετά
670 5475 768 5545 τὴν
796 5476 902 5529 ἀπὸ
927 5477 1020 5529 τοῦ
1052 5477 1302 5548 σώματος
1329 5478 1526 5545 ἔξοδον,
1563 5479 1621 5531 οὐ
1662 5480 1786 5549 κρί-

213 5583 300 5618 σιν
328 5564 439 5616 τῶν
467 5567 875 5637 πεπραγμένων
894 5567 1227 5638 ἀνθρώποις.

285 5664 357 5726 γ’.
403 5658 717 5727 Ἐσσηνοὶ,
766 5660 1014 5731 ἀκριϐεῖς
1052 5662 1176 5735 περὶ
1222 5661 1289 5717 τά
1331 5662 1555 5735 νόμιμα,
1609 5663 1788 5735 γάμου

283 5815 399 5882 (82)
432 5816 607 5874 Locus
640 5816 878 5873 vitiatus.

1965 4835 2239 4897 Phariswi,
2280 4837 2371 4905 qui
2402 4837 2829 4905 interpretantur
2856 4832 3077 4902 sejuncti
3108 4840 3202 4885 aut
3252 4846 3465 4900 separa-

1890 4932 1949 4984 ti.
1984 4931 2403 4998 Occupaltautur
2445 4930 2676 4981 maxime
2714 4928 2856 4979 circa
2907 4924 3240 4995 phylameria
3271 4934 3325 4976 et
3360 4938 3468 4993 pu-

1886 5022 2217 5077 rilicntiones
2257 5035 2573 5089 corporum,
2610 5026 2664 5072 et
2690 5017 2921 5071 lotiones
2961 5026 3254 5068 urceorum
3295 5020 3461 5083 atque

1888 5113 2150 5167 lanciunt.

1958 5205 2013 5258 2.
2044 5203 2346 5266 εαιίάιιειεὶ,
2394 5201 2486 5272 qui
2533 5202 2698 5255 latine
2732 5208 2924 5254 sonant
2970 5196 3136 5259 Iusti.
3191 5195 3464 5265 negabant

1897 5307 2234 5351 mortuorum
2284 5296 2763 5355 resurrectionem,
2809 5293 3031 5361 angelos
3083 5305 3206 5343 e~se
3255 5288 3467 5349 nolunt,

1900 5405 2077 5459 neque
2111 5388 2371 5455 Spiritum
2414 5397 2684 5450 sanctum,
2725 5399 2900 5453 neque
2952 5381 3203 5451 spiritum
3245 5389 3467 5435 sancto-

1899 5497 2041 5545 rnm,
2082 5491 2173 5534 aut
2203 5478 2427 5532 omnino
2467 5477 2771 5538 hominum,
2808 5489 2987 5543 neque
3020 5481 3139 5542 post
3166 5471 3369 5525 exitum
3401 5470 3466 5523 de

1895 5588 2123 5642 corpore
2146 5571 2261 5625 fore
2285 5569 2551 5637 judicium
2586 5569 2652 5621 de
2696 5568 2762 5620 iis
2789 5567 2971 5627 rebus,
2999 5580 3140 5634 quas
3167 5564 3465 5632 egerimus.

1969 5666 2022 5719 25.
2054 5663 2257 5726 Eueni,
2283 5660 2587 5729 scrupulosi
2613 5658 2905 5713 admodum
2928 5658 3071 5711 circa
3099 5653 3311 5726 legalia,
3334 5654 3462 5710 abs-

1968 5821 2078 5891 (83)
2114 5820 2270 5874 l’orte
2296 5818 2559 5891 νηστειῶν
2579 5860 2592 5887 ,
2622 5814 3083 5887 τεσσαρακοστήν.
