4248 6438
760 424 859 488 167

2314 401 2614 464 JOSEPPI

3917 394 4025 459 168

761 548 907 591 attito
940 546 1068 586 nm
1100 528 1313 599 imperii
1337 523 1574 590 Octavii,
1607 522 1679 577 ita
1704 528 1761 575 ut
1789 518 1898 573 siut
1936 512 2178 570 aliianni
2208 528 2334 567 xxv.
2370 527 2410 580 Α

2370 527 2410 580 Α
2445 510 2744 582 βασιλείας,
2776 508 2850 571 ὡς
2888 502 3028 560 εῖναι
3085 506 3218 560 ἄλλα
3249 506 3343 577 ἔτη
3386 506 3481 562 κε’.
3528 504 3694 577 Ὀμού
3735 504 3791 559 δὲ
3840 506 4020 559 πάντα

755 624 1064 685 Universim
1105 622 1439 690 colliguntur
1472 616 1543 671 ab
1578 614 1749 671 Adam
1782 611 1849 665 ad
1899 607 2199 664 Salvatoris
2233 622 2332 659 na-

755 720 1019 774 tivitatem
1056 715 1183 770 οιιιιί
1220 726 1471 766 ιιιιιιιιιιυ.

755 835 907 892 CAP.
945 831 1075 886 CLI.
1108 856 1177 869 —-
1218 827 1359 893 Quot
1418 824 1665 896 quibusve
1722 818 2021 896 nominibus
2059 815 2334 896 pradicet

830 886 949 957 rant
1000 912 1196 955 sancta’
1224 886 1530 966 ~Scriptura
1580 892 1875 947 vocandum
1919 888 2199 940 Dominum
2244 886 2332 937 ubi

829 978 967 1029 inter
996 972 1230 1025 homines
1260 968 1614 1038 apparuisset.

833 1089 1039 1159 Moyses
1069 1085 1389 1157 prophetam
1424 1095 1549 1135 eum
1588 1087 1780 1132 vocat:
1816 1075 1885 1129 Et
1913 1074 2219 1143 prophetam
2247 1084 2336 1121 ro-

762 1183 839 1236 bis
870 1182 1121 1236 excitabit
1166 1176 1445 1238 Dominus,
1480 1175 1754 1243 inquiens,
1794 1185 1860 1223 e1:
1890 1167 2055 1231 vobis,
2085 1174 2141 1218 ut
2180 1180 2283 1217 me.

841 1365 1002 1417 Vates
1049 1360 1131 1415 vel
1170 1359 1373 1413 invitus
1420 1354 1670 1426 prtetlixit
1698 1369 1821 1407 eum
1863 1348 2075 1404 stellam
2118 1346 2338 1417 appari-

763 1467 942 1509 turum
972 1469 989 1507 :
1031 1452 1267 1513 Orietur,
1300 1450 1570 1517 inquiens,
1601 1445 1755 1499 stella
1784 1445 1838 1497 in
1868 1440 2056 1496 Jacob.

836 1627 1064 1697 Angelus
1104 1626 1471 1693 interrogatus
1512 1636 1542 1673 a
1579 1619 1771 1673 Mauoe
1816 1615 2032 1684 judice,
2066 1613 2340 1681 qumlnam

766 1730 990 1773 voearet
1017 1733 1214 1771 nomen
1247 1716 1344 1769 \‘isi
1379 1713 1696 1775 Salvatoris,
1742 1708 1913 1778 inquit
1938 1707 2004 1761 ad
2040 1706 2189 1758 illum
2223 1722 2237 1756 :
2275 1701 2343 1754 Ut

766 1814 891 1883 quid
922 1812 1218 1877 interrogas
1247 1820 1431 1859 nomen
1465 1802 1675 1856 nteant?
1699 1811 1748 1854 et
1767 1802 1938 1869 ipsum
1970 1806 2047 1851 est
2080 1793 2337 1848 mirabile.

840 1981 1010 2036 David
1045 1979 1325 2035 Christum
1376 1974 1792 2048 praenominarit
1841 1973 1990 2027 illum
2041 1972 2093 2023 in
2140 1968 2346 2037 psalmo

770 2075 1040 2130 secundo:
1091 2081 1146 2127 et
1192 2072 1246 2125 in
1283 2087 1372 2133 xv,
1424 2072 1732 2124 Sanctum:
1770 2066 1822 2119 in
1883 2079 2017 2117 mu
2059 2062 2347 2116 Dominum

2442 604 2733 671 συνάγεται
2762 601 2855 653 ἐπὶ
2875 600 2981 671 τὴν
3007 598 3102 653 τοῦ
3156 599 3406 669 Σωτῆρος
3433 599 3687 669 γέννησιν
3711 598 3819 651 ἀπὸ
3853 596 4023 668 Ἀδὰμ

2442 697 2535 764 ἐτη
2558 693 2652 763 se’
2680 694 2813 766 (57)-

2443 810 2697 863 ΚΕΦΑΛ.
2754 810 2928 863 PNA'.
2981 838 3049 851 —
3102 807 3323 872 Πόσσις
3377 804 3476 858 καὶ
3528 804 3721 869 ποίοις
3772 806 4027 873 ὀνόμασι

2513 880 2949 948 προητορεύετο
2975 878 3074 931 διὰ
3111 876 3229 930 τῶν
3252 877 3438 945 ἁγίων
3479 874 3735 943 Γραφῶν
3756 878 3789 927 ὀ
3812 877 4027 942 Κύριος

2512 952 2583 1003 ἐν
2603 948 2942 1017 ἀνθρώποις
2974 950 3477 1018 ἐμφανησόμενος
3515 945 3954 1013 κληθήσεσθαι.

2516 1061 2776 1129 Μωϋσῆς
2803 1062 3091 1133 προφήτην
3125 1060 3286 1112 αὑτὸν
3341 1059 3512 1121 καλεῒ,
3569 1056 3674 1111 Καὶ
3712 1056 4030 1124 προφήτην

2446 1157 2591 1226 ὑμῖν
2614 1158 2951 1223 ἀγαπήσει
2983 1158 3214 1224 Κύριος.
3250 1155 3445 1219 λέγων,
3474 1153 3543 1205 ἐκ
3573 1153 3687 1205 τῶν
3713 1149 3903 1221 ὑμῶν,
3948 1152 4029 1216 ὠς

2446 1251 2572 1319 ἐμέ.

2528 1342 2588 1395 Ὀ
2646 1342 2856 1412 μάντης
2905 1341 3056 1395 ἄκων
3116 1339 3315 1408 ἄστρον
3362 1338 3524 1392 αὑτὸν
3579 1337 4031 1407 ἀναφανήσεσθαι

2448 1435 2875 1505 προηγόρευσεν,
2922 1429 3243 1495 ’Δνατελεῑ,
3301 1429 3495 1497 λέγων,
3526 1428 3752 1495 ἄστρον
3804 1429 3875 1481 ἐν
3914 1430 4032 1482 Ἰα-

2449 1528 2587 1579 κώὸ.

2536 1619 2598 1671 '0
2631 1617 2886 1688 ἄγγελος
2906 1616 3261 1686 ἐρωτώμενος
3296 1615 3402 1668 ὑπὸ
3428 1616 3626 1667 Μανωὲ
3674 1614 3769 1667 τοῦ
3813 1617 4032 1685 κριτοῦ,

2454 1715 2506 1767 τί
2534 1714 2595 1767 τὸ
2637 1713 2811 1783 ὄνομα
2868 1713 3089 1767 καλέσει
3132 1711 3226 1765 τοῦ
3276 1712 3698 1781 ἐπιφαινομένου
3756 1713 4034 1781 Σωτῆρος,

2458 1810 2592 1877 φησι
2620 1807 2757 1878 πρὸς
2788 1807 2947 1860 αὐτόν
2963 1823 2976 1837 ο
2996 1807 3119 1860 'Ira
3148 1807 3205 1859 τί
3220 1804 3437 1874 ἐρωτᾷς
3454 1807 3520 1860 τὸ
3544 1806 3731 1876 ὄνομά
3748 1822 3867 1875 μου
3882 1824 3901 1871 ;
3930 1809 4036 1859 καὶ

2384 1908 2424 1962 Β
2454 1902 2603 1953 αὐτό
2625 1899 2757 1952 ἐστι
2779 1899 3149 1968 θαυμαστόν.

2528 1989 2702 2045 Δηόὶδ
2746 1990 2982 2060 Χριστδν
3035 1990 3199 2043 αὑτὸν
3234 1994 3495 2059 προεῖπεν
3543 1991 3601 2043 ὲν
3632 1989 3874 2059 δευτέρῳ
3897 1988 4040 2058 ψαλ-

2456 2083 2542 2152 μῷ
2563 2097 2578 2113 ⁸
2610 2085 2667 2135 ὲν
2686 2083 2741 2135 δὲ
2771 2080 2857 2146 ιε’,
2884 2083 3071 2136 Ὀσιον
3093 2099 3106 2113 ⁸
3137 2083 3193 2135 ἐν
3222 2089 3329 2151 κγ’,
3364 2082 3566 2151 Κύριον
3599 2082 3709 2135 τῶν
3728 2082 4037 2151 δυνάμεων,

770 2168 1036 2219 virtutum
1067 2173 1119 2217 et
1151 2178 1331 2231 regem
1360 2160 1546 2231 glori:
1574 2176 1587 2212 :
1622 2159 1676 2212 in
1713 2171 1863 2211 xxvu
1897 2163 2079 2208 autem
2114 2152 2347 2207 Verbum

2452 2179 2545 2228 καὶ
2564 2174 2788 2245 βασιλέα
2838 2175 2935 2244 τῆς
2960 2175 3120 2243 δόξης
3144 2190 3158 2204 ·
3198 2176 3256 2227 ὲν
3295 2175 3352 2227 δὲ
3401 2173 3508 2243 λβ¹,
3544 2174 3715 2241 Λόγον
3738 2174 3875 2227 Θεοῦ
3910 2175 4042 2235 τοὺς

772 2257 889 2323 Dei,
926 2255 1068 2325 quod
1102 2254 1271 2308 caelos
1321 2251 1578 2305 lirmavit.
1622 2250 1677 2303 In
1728 2263 1877 2313 XLIV,
1924 2248 2092 2301 Deum
2127 2254 2350 2299 unctum

772 2362 867 2415 per
901 2344 1248 2399 dilectionem
1296 2340 1522 2411 justitize
1549 2379 1564 2405 ,
1600 2347 1655 2392 et
1687 2340 1873 2391 odium
1924 2336 2250 2405 iniquitatis.
2292 2332 2349 2388 lu

773 2454 967 2500 mnu,
1001 2435 1274 2491 hominem
1307 2433 1730 2501 redemptorem,
1774 2441 1827 2484 at
1858 2445 1966 2483 non
1997 2428 2219 2483 fratrem
2254 2428 2354 2481 ho-

775 2531 1002 2583 minum.
1047 2524 1104 2579 lu
1135 2541 1280 2579 uvu
1312 2533 1531 2586 autem,
1571 2520 1681 2574 Iter
1707 2522 1903 2590 facite,
1938 2520 2133 2591 inquit,
2171 2519 2217 2574 ei
2268 2519 2356 2589 qui

777 2621 1012 2673 ascendit
1040 2618 1093 2670 in
1117 2617 1306 2670 caelum
1335 2614 1450 2667 (α)ιὶ
1471 2614 1542 2666 ad
1569 2615 1822 2667 orientem
1845 2629 1862 2666 .'
1886 2612 2146 2666 Dominus
2173 2628 2357 2665 nomen

775 2714 843 2766 ei.
874 2710 1032 2776 Quod
1064 2708 1290 2780 Aquilus
1330 2708 1500 2761 edidit
1535 2723 1628 2776 per
1660 2706 1768 2759 Jah
1802 2706 2087 2776 appellatio
2116 2706 2261 2759 illius
2283 2705 2351 2760 ".

778 2804 844 2858 Et
885 2805 938 2857 in
974 2818 1127 2865 ωτι,
1182 2800 1507 2854 vaticinatus
1536 2798 1691 2862 lore,
1740 2809 1800 2852 ut
1848 2814 2072 2866 regnum
2113 2798 2261 2853 illius
2308 2808 2363 2853 et

778 2898 986 2966 justum
1020 2894 1286 2962 judicium
1317 2892 1778 2945 mauil‘estaudum
1816 2892 1975 2951 foret.
2011 2890 2361 2946 Salomonem

781 2991 933 3044 illum
983 2986 1369 3057 appellandum
1436 2984 1606 3039 fuisse.
1658 2984 1709 3036 in
1766 2984 1924 3037 titulo
1963 2985 2161 3052 posuit.
2219 2983 2361 3050 Quin

781 3082 889 3135 imo
916 3079 1114 3135 alicubi
1138 3079 1319 3134 lumen
1351 3080 1514 3134 etiam
1552 3087 1605 3133 et
1625 3079 1905 3133 veritatem
1941 3078 2079 3133 dixit
2119 3095 2133 3132 :
2167 3077 2366 3133 Emitte

781 3174 958 3227 lumen
991 3187 1137 3225 tuum
1176 3182 1224 3225 et
1257 3174 1526 3226 veritatem
1562 3181 1707 3223 tuam
1733 3172 1801 3225 ’⁸.
1840 3172 1905 3227 Et
1937 3172 2045 3225 alio
2082 3173 2223 3236 loco,
2255 3170 2368 3224 La-

2454 2268 2722 2338 οὐρανοὺς
2775 2267 3189 2339 στερεώσανταυ
3233 2269 3291 2321 ἐν
3329 2265 3434 2335 μδ’,
3487 2267 3620 2320 Θεὸν
3661 2267 3950 2339 χριόμενον
3973 2267 4043 2320 δι’

2455 2361 2676 2429 ἀγάπην
2698 2360 3045 2430 δικαιοσύνης
3061 2362 3158 2415 καὶ
3176 2361 3405 2431 ἀνομίας
3422 2363 3575 2430 μῖσος
3596 2376 3610 2390 θ
3630 2362 3688 2413 ὲν
3706 2366 3815 2430 μη¹,
3831 2359 3929 2415 ἄνθ
3939 2377 4046 2428 ρω-

2457 2471 2558 2506 nov
2584 2452 2882 2525 λυτρωτὴν,
2910 2454 3030 2508 ἀλλ’
3050 2456 3153 2507 ούκ
3171 2454 3398 2523 ἀδελφὸν
3426 2453 3755 2524 ἀνθρώπων·
3782 2455 3839 2507 ὲν
3862 2454 3919 2507 δὲ
3944 2451 4046 2516 EC“

2467 2546 3083 2618 Ὀδοποιήσατε,φησὶ,
3123 2547 3203 2613 τῷ
3236 2547 3606 2614 ἐπιϐεϐηκότι
3635 2547 3743 2599 τὸν
3781 2547 4049 2613 οὐραγὸν

2458 2638 2565 2694 τοῦ
2592 2639 2855 2709 οὐρανοῦ
2884 2640 3035 2693 κατὰ
3065 2639 3368 2705 ἀνατολάς
3389 2654 3406 2672 ο
3446 2638 3661 2707 Κύριος
3698 2638 3886 2707 ὄνομα
3934 2639 4047 2691 ai)-

2460 2730 2560 2795 τῷ.
2596 2733 2772 2800 Ὅπερ
2797 2734 2825 2785 ό
2853 2731 3083 2796 Ἀκύλας
3116 2732 3345 2798 ἐξέδωκε
3368 2730 3456 2784 διὰ
3494 2730 3612 2796 τοῦ,
3660 2730 3735 2784 ἰὰ
3766 2732 3804 2798 ἠ
3829 2730 4051 2798 ὀνομα-

2463 2823 2569 2876 σία
2593 2825 2801 2878 αὑτοῦ.
2852 2823 2941 2877 Ἐν
2961 2825 3018 2878 δὲ
3038 2825 3138 2889 οα⁰,
3168 2827 3268 2895 τὴν
3298 2823 3578 2894 βασιλείαν
3607 2822 3795 2889 αὑτοῦ,
3825 2824 3923 2877 καὶ
3948 2825 4051 2892 τὴν

2462 2913 2678 2968 δικαίαν
2708 2916 2888 2985 κρίσιν
2936 2916 3298 2987 ἐμφαίνεσθαι
3330 2915 3713 2988 προφητεύων,
3746 2916 4052 2982 Σαλομὼνα

2464 3006 2627 3060 αὑτὸν
2657 3007 2956 3078 κεκλῆσοαι
2982 3008 3285 3078 ἐπέγραψε.
3316 3009 3437 3071 Φῶς
3461 3006 3517 3061 δὲ
3542 3007 3636 3061 καὶ
3662 3006 3920 3077 ἀλήθειαν
3951 3008 4053 3061 ἁ).-

2466 3098 2631 3168 λαχοῦ
2658 3099 2720 3153 τι
2770 3117 2935 3170 φησιν
2955 3116 2969 3129 ·
3014 3100 3486 3165 Ἐξαπόστειλον
3517 3101 3584 3155 τὸ
3614 3099 3740 3169 φῶς
3779 3117 3919 3165 σου,
3952 3100 4054 3153 και

2470 3190 2586 3259 τὴν
2634 3190 2926 3257 ἀλήθειάν
2959 3208 3109 3247 σου·
3169 3195 3261 3246 καὶ
3307 3196 3363 3246 ὲν
3412 3193 3578 3264 ἄλλῳ,
3612 3193 3757 3245 λίθον
3799 3193 4057 3246 ἀποδεδο-

782 3266 957 3335 pidem
994 3264 1351 3330 reprobatum,
1388 3265 1479 3335 qui
1520 3264 1732 3335 quidem
1780 3265 1955 3334 factus
2000 3265 2068 3318 sit
2122 3264 2176 3317 in
2208 3272 2365 3330 caput
2393 3278 2437 3335 ε

2393 3278 2437 3335 C
2474 3287 2834 3357 κιμασμένον,
2868 3288 2960 3342 καὶ
3001 3287 3194 3341 τοῦτον
3220 3288 3511 3358 γενόμενον
3536 3290 3616 3351 εἰς
3647 3289 3891 3357 κεφαλὴν
3937 3305 4054 3357 γω-

784 3357 967 3427 anguli
994 3357 1062 3410 ".
1109 3355 1254 3423 Quin
1301 3365 1354 3412 et
1404 3356 1496 3411 Dei
1532 3357 1852 3425 sapientiam
1884 3355 2133 3423 praedixit
2168 3354 2318 3408 illum
2351 3372 2365 3408 :

792 3447 1069 3512 Universa,
1105 3449 1379 3518 inquiens,
1414 3452 1467 3501 in
1500 3449 1763 3515 sapientia
1794 3447 1985 3516 fecisti.

857 3543 923 3597 Et
954 3545 1007 3598 in
1042 3544 1266 3598 Cantica
1288 3545 1628 3599 canticorum
1654 3541 1903 3596 Salomon
1922 3556 2184 3610 sponsum
2217 3539 2367 3594 illum

789 3636 1145 3705 nuncupavit,
1173 3645 1229 3690 et
1262 3634 1586 3698 lratrem,et
1618 3633 1800 3687 fratris
1856 3632 2048 3697 lilium,
2073 3640 2127 3685 et
2153 3632 2368 3684 bouum

789 3727 1192 3794 ﬂorescentem,
1246 3725 1435 3780 ﬂorem
1464 3726 1667 3795 cainpi.
1705 3725 1907 3779 malum
1954 3726 2093 3778 inter
2124 3723 2367 3782 arbores.

794 3819 1082 3875 salientem
1134 3820 1187 3873 in
1244 3828 1488 3884 montes,
1523 3819 1726 3882 album,
1774 3817 2004 3881 fulvum,
2043 3818 2274 3870 electum
2305 3830 2370 3870 ex

790 3914 977 3970 decem
1005 3914 1266 3979 millibus,
1300 3914 1667 3974 Salomonem,
1700 3914 1914 3966 ducem.

870 4006 1007 4059 Etiu
1040 4006 1191 4060 libris
1216 4006 1336 4075 ejus
1369 4006 1805 4074 sapientialibus,
1837 4004 1966 4059 dicit
1991 4019 2115 4058 eum
2150 4000 2370 4068 Eithiel,

795 4098 940 4168 quod
972 4108 1073 4160 est,
1108 4097 1335 4165 aqualis
1366 4098 1495 4151 Deo.
1530 4096 1727 4150 Filium
1756 4098 1885 4151 item
1916 4094 2010 4149 Dei
2048 4114 2061 4150 :
2104 4096 2194 4149 Ait
2224 4094 2370 4148 enim

796 4195 876 4245 uir
910 4190 1144 4245 Eitltieli.
1168 4188 1235 4244 Et
1273 4190 1468 4245 iterum
1499 4207 1512 4245 :
1545 4190 1698 4256 Quod
1729 4206 1916 4244 nomen
1936 4189 2049 4257 ﬁlio
2080 4187 2191 4257 ejus
2220 4185 2306 4239 "'2

874 4368 1050 4422 lsaias
1082 4376 1263 4421 autem
1295 4368 1630 4423 nasciturum
1666 4384 1790 4423 eum
1837 4384 1905 4423 ex
1934 4369 2141 4439 virgine
2179 4369 2375 4438 ιιι-πεδί-

803 4473 957 4524 cens,
1008 4456 1329 4512 Emmanuel
1363 4459 1540 4528 ipsum
1586 4460 1892 4514 vocandum
1927 4460 2023 4513 ait.
2064 4458 2129 4514 Et
2176 4461 2372 4514 iterum

804 4552 926 4605 aliis
964 4551 1277 4604 nominibus
1306 4561 1493 4605 natum
1524 4553 1833 4622 appellavit.
1863 4551 2024 4617 Voca,
2059 4554 2255 4623 inquit,
2282 4572 2377 4609 no-

2478 3378 2629 3443 νίαςο
2660 3378 2755 3433 καὶ
2785 3379 2976 3447 σοφίαν
3011 3380 3145 3433 Θεοῦ
3192 3383 3453 3451 προεῖπεν
3483 3381 3666 3444 αὐτὸν,
3699 3379 3921 3443 Πάντα,
3967 3379 4058 3431 λέ-

2479 3488 2611 3540 γων,
2637 3471 2707 3524 ἐν
2731 3472 2918 3539 σοφίῃ
2950 3472 3264 3537 ἐποίησας.

2561 3564 2648 3616 Ἐν
2673 3564 2729 3616 δὲ
2748 3566 2825 3635 τῷ
2850 3564 3092 3635 ’ᾼσματι
3122 3565 3228 3617 τῶν
3256 3564 3516 3635 ᾀσμάτων
3547 3566 3580 3617 d
3602 3561 3892 3631 Σαλοιιῶν
3912 3579 4059 3631 νυμ-

2480 3653 2601 3720 φίον
2639 3653 2801 3707 αὑτὸν
2854 3654 3112 3723 κέκληκε,
3167 3654 3262 3708 καὶ
3311 3654 3557 3722 ἀδελφὸν,
3599 3654 3696 3708 καὶ
3748 3653 4061 3723 ἀδελφιδδν,

2482 3744 2576 3797 καὶ
2608 3743 2804 3815 βότρυν
2833 3746 3188 3817 κυπρίξοντα,
3222 3745 3380 3807 ἄνθος
3426 3748 3631 3812 πεδίου,
3671 3746 3837 3817 μῆλον
3872 3750 3929 3799 ἐν
3962 3745 4063 3812 ξύ-

2479 3834 2613 3901 λοις,
2673 3835 2924 3906 πηδῶντα
2969 3837 3062 3890 ἐπὶ
3115 3838 3185 3890 τὰ
3229 3837 3353 3908 ὅρη,
3382 3837 3593 3901 λευκὸν,
3621 3838 3850 3908 πυρῥδν,
3898 3837 4060 3891 ὲκλεο

2481 3925 2743 3996 λεγμένον
2773 3928 2879 3980 ἀπὸ
2911 3928 3207 3999 μυριάδων,
3244 3928 3561 3997 Σαλομῶνα,
3595 3928 3916 3997 ἡγούμενον.

2567 4018 2654 4069 Ἐν
2676 4017 2731 4070 δὲ
2762 4020 2871 4081 τοῖς
2892 4020 3075 4087 σοφοῖς
3099 4016 3265 4071 αὐτοῦ
3295 4016 3497 4084 λόγοις,
3520 4018 3730 4084 Ειοιὶιλ
3762 4018 3925 4072 αὐτὸν
3958 4035 4061 4070 κα-

2482 4107 2583 4169 λεῖ,
2616 4109 2644 4161 ὃ
2676 4110 2821 4162 ἐστιν
2872 4111 2983 4173 [σος
3023 4109 3143 4181 Θεῷ
3167 4125 3183 4141 °
3225 4109 3322 4164 καὶ
3365 4110 3493 4163 Υἱδν
3546 4109 3681 4163 Θεοῦ
3704 4126 3715 4137 ·
3751 4109 3909 4177 Φησὶ
3948 4109 4063 4181 γὰρ

2481 4199 2637 4266 ἀνὴρ
2686 4200 2766 4265 τῷ
2811 4200 3053 4269 Ειθιήλ·
3108 4201 3205 4255 καὶ
3241 4201 3437 4255 πάλιν·
3493 4203 3553 4256 Τί
3603 4201 3792 4271 ὄνομα
3827 4199 3908 4266 τῷ
3948 4201 4066 4267 υιῷ

2482 4290 2667 4343 αὐτοῦ
2686 4306 2706 4354 ;

2567 4384 2807 4449 Ἡσαΐας
2841 4385 2897 4437 δὲ
2926 4387 3245 4456 τικτόμενον
3265 4386 3426 4441 αὐτὸν
3458 4389 3521 4440 ἐκ
3553 4385 3824 4457 παρθένου
3845 4402 4066 4457 προκη-

2487 4476 2717 4547 ρύττων,
2764 4478 3115 4549 Ἐμμανουὴλ
3146 4479 3308 4531 αὐτὸν
3337 4478 3622 4533 καλεῖσθαι
3651 4478 3779 4549 ἔφη.
3815 4479 3924 4532 Καὶ
3952 4478 4064 4530 πά-

2486 4568 2569 4621 λιν
2603 4569 2779 4633 ἄλλοις
2828 4570 3057 4640 ὀνόμασι
3108 4572 3365 4641 τεχθέντα
3398 4571 3833 4642 προσηγόρευσε.
3865 4570 4065 4624 Κάλε-

806 4660 923 4696 men
944 4642 1210 4712 ejus,Cito
1235 4646 1513 4699 manubias
1537 4645 1741 4715 collige,
1766 4648 2073 4714 festinanter
2092 4648 2378 4717 praedator.
2417 4668 2457 4721 ι)

2417 4668 2457 4721 D
2486 4673 2621 4721 σον,
2659 4660 2813 4729 φησι,
2839 4660 2906 4712 τὸ
2935 4659 3123 4729 ὄνομα
3172 4662 3385 4722 αὐτοῦ,
3424 4662 3654 4729 Ταχέως
3684 4663 4065 4722 σκύλευσον,

805 4739 884 4791 Ac
919 4750 1134 4789 rursum
1159 4773 1173 4797 ,
1208 4743 1395 4789 natum
1435 4736 1487 4789 in
1535 4736 1749 4806 signum
1799 4739 1988 4793 salutis
2023 4740 2210 4795 mundi
2246 4757 2380 4811 pue-

809 4841 952 4903 rum,
983 4828 1164 4880 vocari
1196 4826 1335 4880 dixit
1384 4829 1562 4898 magni
1594 4830 1805 4885 consilii
1833 4831 2102 4901 angelum,
2148 4834 2384 4885 admira-

808 4917 987 4977 bilem,
1022 4917 1406 4981 consiliarium,
1435 4929 1699 4973 auctorem
1723 4921 1889 4989 pacis,
1924 4932 2181 4989 potestate
2212 4926 2385 4977 valen-

808 5018 932 5070 tem,
973 5007 1132 5061 Deum
1161 5009 1373 5077 fortem,
1397 5021 1600 5080 patrem
1620 5014 1788 5081 futuri
1819 5013 2002 5067 steculi
2028 5014 2095 5067 ”.
2118 5013 2380 5084 Itemque,

813 5103 1050 5154 animam
1090 5115 1188 5171 pro
1219 5102 1389 5156 nihilo
1431 5114 1734 5175 reputatatn
1756 5147 1770 5169 ,
1804 5107 2227 5162 abominabilem
2255 5123 2385 5177 gen-

812 5195 900 5259 tis,
941 5210 1156 5248 servum
1193 5207 1516 5264 potestatein
1553 5199 1943 5267 obtinentium,
1972 5218 2151 5267 ovem,
2183 5218 2381 5273 agnum

813 5288 1221 5348 subrummum.
1255 5292 1492 5346 radicem
1522 5293 1592 5347 de
1618 5303 1761 5347 terra
1795 5295 1961 5360 invia,
1994 5296 2201 5365 virgam
2236 5310 2268 5350 e
2299 5311 2388 5349 ra-

815 5380 933 5433 dice
959 5377 1149 5443 Jessae,
1195 5380 1381 5436 ﬂorem
1413 5399 1445 5438 ε
1477 5384 1661 5439 radice
1689 5387 2072 5441 ascendentem
2094 5427 2109 5451 ,
2158 5387 2387 5457 lapidem

2490 4749 2674 4815 ὀξέως
2712 4751 3167 4818 προνόμευσον·
3198 4752 3292 4803 καὶ
3325 4751 3506 4815 πάλιν,
3532 4750 3592 4802 τὸ
3619 4749 3806 4819 τεχθὲν
3852 4748 3947 4800 ἐπὶ
3972 4763 4073 4816 σῳ

2494 4840 2633 4908 μείω
2685 4838 2784 4907 τῆς
2824 4838 2920 4891 τοῦ
2956 4838 3164 4908 κόσμου
3199 4840 3477 4909 σωτηρίας
3510 4837 3744 4899 παιδίον,
3782 4835 4072 4888 καλεῖσθαι

2491 4932 2595 5002 ἔφη
2615 4930 2883 5001 μεγάλης
2919 4930 3159 5001 βουλῆς
3203 4930 3480 5000 ἄγγελον,
3515 4929 3883 4999 θαυμαστὸν,
3914 4930 4073 4997 σύμ-

2493 5026 2731 5085 ϐουλον,
2786 5022 3050 5090 ἄρχοντα
3104 5022 3371 5091 είρήνης,
3421 5018 3855 5085 ἐξουσιαστὴν,
3921 5019 4072 5071 Θεὸν

2491 5114 2768 5184 ἰσχυρὸν,
2810 5116 3041 5184 Πατέρα
3072 5116 3177 5168 τοῦ
3206 5114 3539 5185 μέλλοντος
3568 5111 3787 5177 αἰῶνος
3808 5129 3821 5141 ·
3851 5112 3946 5164 καὶ⁵
3975 5112 4069 5165 πά-

2492 5209 2596 5271 λιν,
2654 5207 3086 5278 ἑξουδενωμένην
3133 5208 3334 5278 ψυχὴν,
3368 5206 3653 5277 βδελυκτὸν
3697 5205 3903 5268 ἔθνους,
3943 5204 4075 5256 δοῦ-

2492 5300 2583 5353 λον
2627 5296 3066 5364 ἔξουσιαζόντων,
3117 5300 3410 5370 πρόϐατον,
3468 5300 3638 5369 ἀμνὸν
3692 5297 4073 5367 τυθιζόμενον,

2494 5390 2648 5460 ῥίζαν
2701 5389 2810 5444 ἀπὸ
2860 5392 2963 5460 γῆς
3017 5389 3240 5456 ἀϐάτου,
3301 5391 3494 5463 ῥάϐδον
3540 5393 3603 5445 ὲκ
3641 5390 3795 5461 ῥίζης
3848 5390 4075 5455 Ἰεσσαὶ,

816 5475 1179 5543 probationis,
1215 5476 1445 5546 lapidem
1472 5479 1811 5547 angularem,
1842 5481 2160 5549 pretiosum,
2192 5480 2393 5535 lunda-
2492 5522 2493 5527 η

2492 5481 2654 5546 ἄνθος
2683 5482 2749 5535 ὲκ
2777 5484 2877 5553 τῆς
2909 5482 3066 5554 ῥίζης
3098 5483 3266 5549 ἀνιὸν,
3303 5483 3450 5537 λίθον
3488 5482 3899 5553 δοκιμαστικδν,
3926 5482 4077 5535 λίθον

911 5644 933 5674 ⁹
974 5639 1119 5694 Psal.
1150 5655 1315 5705 vau,
1348 5640 1437 5695 3i.
1511 5642 1557 5674 "
1589 5642 1729 5695 l‘sal.
1778 5658 1910 5709 xui,
1935 5642 1991 5698 ὅ.
2066 5644 2107 5675 ⁹¹
2136 5643 2280 5698 Psal.
2309 5657 2474 5709 cxvn,
2502 5642 2588 5699 22.

2066 5644 2107 5675 "
2136 5643 2280 5698 Psal.
2309 5657 2474 5709 cxvn,
2502 5642 2592 5699 22.
2667 5645 2713 5677 "
2745 5642 2904 5699 Prov.
2932 5660 3061 5705 xxx.
3098 5644 3147 5707 l,
3182 5642 3237 5697 4.
3313 5644 3359 5678 ³³
3390 5642 3492 5699 lsa.
3523 5661 3597 5700 ιι.
3626 5644 3678 5709 6,

894 5798 1006 5869 (57)
1042 5795 1146 5852 Nec
1177 5802 1383 5855 numeri
1409 5802 1493 5855 hic
1520 5802 1630 5855 dati
1656 5802 1892 5856 elliciunt
1915 5801 2077 5857 modo
2098 5802 2259 5861 5500.
2289 5818 2387 5857 nec

824 5879 1032 5924 tantum
1088 5885 1262 5925 annos
1310 5872 1469 5938 5500,
1506 5875 1596 5929 sed
1646 5874 1803 5941 5303,
1859 5882 2177 5941 computant
2224 5875 2385 5943 Vulgo

2495 5802 2693 5865 Graeci.
2725 5803 2826 5859 nisi
2852 5804 2905 5857 in
2934 5817 3042 5857 mra
3074 5802 3333 5857 historica
3360 5803 3623 5860 Africani.
3648 5804 3830 5872 Quare
3860 5811 4079 5864 numeri

2496 5875 2585 5929 hie
2608 5874 2850 5944 corrupti
2877 5874 3136 5930 censendi
3162 5885 3309 5929 sunt.
