4276 6438
274 462 382 523 173

1443 450 1820 514 LIBELLUS
1858 449 2360 510 MEMORIALIS.

3417 440 3514 505 174

266 571 518 626 ΚΕΦΑΛ.
571 567 739 620 PNZ'.
765 589 834 603 —
864 564 1023 628 Τίνες
1053 562 1121 615 ἐκ
1151 561 1397 631 φαύλων
1439 561 1646 629 ἁγαθοὶ
1682 559 1844 627 γεγό-
1877 568 1916 622 Α
1945 559 1955 604 t

1825 586 1844 598 -
1877 568 1916 622 Α
1945 555 2098 609 CAP.
2139 557 2318 611 CLV]
2377 586 2445 597 -—-
2498 554 2726 620 Quinam
2782 551 2910 604 mali
2959 569 3074 606 cum
3121 564 3328 618 essent,
3364 555 3514 624 probi

998 647 1162 686 νασι.

341 751 636 815 βιατθαῖος
689 749 753 801 ὲκ
801 745 1033 800 τελώνου
1067 744 1367 806 ἀπόστολος
1417 743 1512 797 καὶ
1560 741 1845 810 εὐαγγελι-

269 846 403 916 στὴς
439 843 749 912 γενόμενος.
796 837 1046 906 Ζαχαῖος
1073 835 1403 904 καταλείψας
1437 834 1497 898 τὸ
1545 834 1842 898 τελωνεῖον,

268 938 644 997 καταδικάσας
677 933 891 994 ἑαυτὸν,
936 929 1310 1000 τετραπλάσια
1337 927 1372 980 ἃ
1409 926 1666 996 ἠδίκησεν
1708 926 1846 978 ἀπο-

266 1030 416 1091 δοὺς,
449 1028 541 1077 καὶ
584 1024 726 1076 οὕτω
759 1021 849 1074 τὸν
879 1022 1081 1090 Κύριον
1131 1019 1445 1087 δεξάμενος.
1497 1015 1736 1081 Παῦλος
1783 1015 1847 1067 ὲκ

267 1121 498 1172 animum;
529 1114 703 1187 κήρυξ
733 1115 830 1185 τῆς
855 1113 1086 1174 πίστεως
1108 1111 1416 1181 γενόμενος.

268 1230 522 1282 ΚΕΦΛᾹ.
557 1222 730 1278 ΡΝΗ⁹.
759 1253 828 1264 -
867 1223 964 1343 Τίὲ
1005 1220 1332 1343 έιακρόὸιος
1393 1217 1535 1272 αετὰ
1592 1215 1849 1272 Μωῦσέα

971 1311 1006 1343 ‘r
1037 1308 1194 1343 νετο.

935 1303 1194 1360 εγενετο.

353 1409 534 1462 Ἰωδαὲ
588 1405 898 1476 ἀρχιερεὺς,
953 1407 979 1456 ὁ
1025 1403 1122 1472 τὴν
1175 1401 1424 1454 Γοδολίαν
1490 1399 1846 1464 ἀποκτείνας,

269 1504 440 1568 ζήσας
465 1501 657 1553 ἑκατὸν
683 1500 774 1551 καὶ
808 1498 1108 1567 τριάκοντα
1136 1495 1252 1563 ἔτη.

265 1613 521 1666 KE‘I'AA.
553 1609 703 1662 PNG’
731 1636 800 1650 -—
845 1609 1009 1662 Tlrsc
1041 1606 1298 1660 Jéormr
1330 1606 1546 1676 χερσὶν
1579 1604 1848 1660 ἀνεῖλον.

337 1787 605 1859 Σαμψὼν
633 1790 660 1840 ὁ
700 1785 1020 1856 Ναζωραῖος
1040 1801 1053 1816 ·
1094 1785 1276 1850 Δασιδ,
1308 1785 1396 1838 ὅτε
1436 1784 1504 1839 τὰ
1529 1784 1621 1837 τοῦ
1650 1784 1856 1852 πατρὸς

2578 632 2878 678 euaserunt.

2027 741 2310 795 Mattheus
2344 754 2411 795 ex
2441 739 2735 810 publicano
2757 734 3039 805 apostolus
3067 733 3242 791 factus
3271 746 3326 791 et
3353 753 3519 792 evan-

1947 833 2159 904 gelista.
2191 830 2468 894 Zachwus,
2495 831 2589 902 qui
2614 829 2833 900 reliquit
2855 828 3141 890 telonium,
3169 830 3520 899 scipsumque

1947 925 2227 982 damnavit
2261 924 2313 979 in
2342 924 2699 993 quadruplatn
2729 920 3128 977 restitutionem
3162 936 3378 985 eorum,
3400 939 3521 992 qua:

1949 1019 2149 1088 injuste
2187 1016 2556 1077 fraudaverat,
2585 1025 2745 1084 atque
2774 1014 3036 1082 deinceps
3075 1015 3364 1068 Dominum
3397 1032 3518 1070 sus-

1949 1108 2112 1178 cepit.
2163 1106 2361 1158 Paulus
2387 1119 2450 1158 ex
2482 1113 2830 1174 persecutore
2854 1101 3082 1156 effectus
3112 1118 3289 1172 praeco
3318 1104 3461 1158 ﬁdei.

1950 1217 2103 1274 CAP.
2148 1215 2378 1272 CLVIII.
2407 1244 2477 1255 —
2517 1212 2650 1277 Quis
2684 1212 3112 1351 ’lon‘gcuissimus
3151 1225 3269 1283 post
3308 1214 3524 1283 Moysen

2709 1299 2762 1335 ut
2797 1324 2808 1336 .

2021 1402 2189 1457 Jtnlae
2215 1401 2481 1471 pontifex,
2510 1399 2602 1470 qui
2632 1398 2915 1454 Gutloliam
2957 1399 3251 1465 interfecit,
3282 1403 3524 1471 vixitque

1954 1509 2128 1548 annos
2155 1502 2369 1548 centum
2394 1501 2448 1546 et
2482 1488 2726 1560 triginta.

1953 1605 2105 1660 CAP.
2152 1603 2328 1659 CLIX.
2377 1633 2400 1642 -
2475 1602 2581 1668 Qui
2610 1613 2752 1666 sunt,
2790 1603 2879 1672 qui
2905 1602 3081 1656 leones
3113 1604 3354 1657 manibus
3385 1607 3524 1658 occi-

2639 1676 2848 1726 derunt.

2030 1786 2255 1844 Samson
2289 1785 2586 1840 Naziraeus.
2633 1783 2821 1848 David,
2855 1786 3076 1853 quando
3117 1783 3369 1852 pascebat
3397 1801 3528 1841 oves

266 1884 428 1951 ἔνεμε
480 1881 729 1950 ποίμνια.
773 1880 1010 1941 Βαναίας
1065 1879 1092 1930 ὁ
1148 1876 1243 1930 τοῦ
1308 1877 1487 1943 Ἰωάὄ,
1547 1876 1638 1930 τοῦ
1686 1876 1852 1930 Δαὸὶδ
1887 1913 1926 1972 Β

1839 1877 1852 1929 ῑ
1887 1913 1926 1972 Β
1957 1882 2125 1949 patris
2165 1896 2191 1935 s
2216 1880 2270 1935 xi.
2321 1877 2556 1946 Banajas
2605 1875 2749 1931 ﬁlius
2776 1874 2935 1941 Joab,
2971 1874 3224 1946 idemque
3262 1877 3371 1931 dux
3429 1877 3528 1930 Da-

270 1995 334 2029 στ
345 1977 606 2049 ρατηγός.

303 2113 555 2166 ΚΕΦΑΛ.
581 2111 678 2164 PE.’
704 2141 772 2151 —
802 2111 963 2176 Τίνες
988 2110 1103 2164 ὑπὸ
1121 2108 1384 2162 λεόντων
1404 2107 1806 2176 ἀνῃρέθησαν.

351 2226 525 2280 Ἰαὼδ
577 2226 605 2277 ὁ
643 2225 947 2296 προφήτης,
999 2226 1026 2277 ὁ
1069 2224 1129 2276 τὸ
1166 2226 1389 2293 σημεῖον
1421 2224 1500 2285 είς
1541 2223 1637 2293 τὴν
1679 2223 1851 2294 Βεοὴλ

266 2321 412 2382 δοὺς,
448 2321 548 2390 τὴν
576 2318 669 2372 τοῦ
698 2317 1084 2386 Θυσιαστηρίου
1133 2315 1442 2388 διάρρηξιν.
1493 2315 1554 2368 Ὀ
1594 2317 1852 2381 Ἀνθρω-

267 2430 387 2478 πος
409 2414 438 2465 ὁ
461 2410 770 2473 κελευσθεὶς
811 2410 1047 2474 πατάξαι
1092 2409 1180 2462 τὸν
1209 2411 1515 2480 προφήτην,
1542 2409 1632 2460 τὸν
1665 2407 1845 2476 βουλό·

273 2522 436 2574 μενον
477 2504 648 2568 δεῖξαι
695 2503 887 2556 ἑαυτὴν
930 2502 1469 2571 τετραυματισμένον
1499 2501 1576 2570 τῷ
1625 2499 1848 2570 Ἀχαά6,

270 2597 368 2648 καὶ
397 2596 471 2664 μὴ
517 2594 829 2657 ὑπακούσας
851 2609 865 2622 ⁸
899 2593 948 2646 οί
979 2592 1420 2653 κατοικισθέντες
1454 2593 1592 2663 μετά
1619 2594 1715 2662 τὴν
1754 2593 1849 2645 τοῦ

287 2685 504 2754 Ἰσραὴλ
537 2684 911 2754 αἰχμαλωσίαν
941 2684 1307 2738 Βαϐυλώνιοι
1336 2688 1414 2747 εἰς
1446 2685 1781 2755 Σαμάρειαν.

271 2795 530 2849 ΚΕΦΑΛ.
560 2793 723 2850 ΡΞΛἏ
754 2823 822 2833 -
850 2795 1016 2857 Τίνες
1040 2795 1137 2847 ἐπὶ
1173 2797 1538 2862 ὶεροσυλὶαις
1560 2795 1851 2864 ἀνῃρέθη-

993 2879 1131 2918 σαν.

361 2973 539 3044 Ἀχὰρ
566 2975 658 3047 ἐπὶ
711 2975 885 3046 Ἰησοῦ
923 2975 1014 3028 τοῦ
1045 2977 1223 3047 Ναυῆ,
1264 2978 1357 3031 ἐπὶ
1389 2980 1500 3040 τοῖς
1535 2979 1850 3048 ἀναθήμασι

272 3068 377 3136 τῆς
418 3067 648 3138 Ἱεριχῶ.
710 3069 878 3137 Ὀςρνῑ
909 3071 1001 3122 καὶ
1033 3070 1240 3137 Φινεὲς
1269 3071 1317 3123 οἱ
1341 3070 1432 3123 τοῦ
1476 3072 1647 3133 Ἠλεὶ,
1685 3073 1776 3124 ἐπὶ
1793 3071 1853 3124 τὸ

274 3161 494 3222 ἑαυτοῖς
535 3159 878 3230 ἀπάρχεσθαι
917 3161 985 3214 τὰ
1041 3162 1230 3232 ἱερεῖα.
1268 3163 1544 3229 Ἀνανίας
1578 3163 1671 3216 καὶ
1697 3166 1853 3216 Σαπ-

1955 1974 2119 2026 vidis.

1952 2109 2105 2165 CAP.
2139 2104 2294 2162 CLX.
2327 2137 2397 2149 --
2432 2105 2660 2171 Quinam
2685 2121 2717 2157 a
2738 2103 2975 2158 leonibus
3001 2104 3263 2172 interfecti
3290 2104 3523 2172 fuerunt.

2023 2219 2164 2273 Jaod
2203 2220 2484 2289 propheta,
2518 2217 2613 2287 qui
2649 2217 2865 2288 signum
2909 2215 2963 2271 in
2995 2216 3181 2272 Bethel
3222 2218 3414 2280 edidit,
3450 2219 3530 2272 al-

1955 2313 2088 2367 turis
2115 2327 2308 2383 nempe
2334 2311 2782 2367 destructionem.
2826 2307 2918 2362 Vir
2957 2309 3068 2374 ille,
3099 2311 3192 2380 qui
3222 2310 3412 2379 jussus
3445 2320 3530 2365 est

1956 2415 2238 2476 percutere
2265 2404 2607 2475 prophetam,
2638 2387 2735 2472 qui
2765 2402 2983 2456 volebat
3006 2404 3295 2457 ostendere
3320 2416 3379 2456 se
3411 2404 3528 2456 vul-

1956 2508 2199 2551 neratum
2231 2497 2475 2558 Achabo,
2517 2511 2617 2550 nec
2664 2495 3082 2564 obtemperavit.
3120 2493 3400 2565 Babylonii
3433 2496 3526 2565 qui

1953 2589 2168 2644 colonia
2197 2589 2412 2644 deducti
2436 2597 2564 2643 sunt
2592 2587 2646 2642 in
2677 2587 3008 2652 Samariam,
3043 2597 3332 2658 postquam
3363 2589 3527 2644 lsrae.

1954 2680 2200 2750 captivus
2230 2681 2498 2734 abductus
2524 2680 2648 2734 luit.

1953 2789 2107 2848 CAP.
2149 2789 2329 2846 CLXI.
2355 2820 2422 2834 ——
2456 2792 2688 2857 Quinam
2717 2799 2930 2916 prfpter
2957 2791 3240 2862 sacrilegia
3266 2792 3530 2864 interfecti

2678 2878 2774 2915 sun
2808 2902 2822 2916 .

2678 2878 2822 2917 sunt.

2025 2980 2200 3033 Achar
2246 2987 2488 3048 tempore
2533 2976 2657 3033 Jesu
2709 2978 2875 3044 Nave,
2919 2987 3137 3047 propter
3180 2979 3530 3036 anathemata

1955 3069 2310 3128 Jericltuntis.
2360 3071 2533 3141 Ophni
2573 3083 2625 3126 et
2659 3070 2904 3135 Phineas,
2934 3069 3028 3125 ﬁlii
3064 3070 3204 3133 Heli,
3247 3084 3526 3143 propterea

1956 3163 2101 3234 quod
2152 3175 2332 3234 partes
2379 3165 2725 3219 victimarum
2781 3164 2883 3219 sibi
2939 3166 3115 3230 primo
3165 3167 3528 3236 usurpabant.

273 3253 451 3323 φεῷα
485 3255 518 3323 ἡ
552 3253 738 3307 τούτου
762 3253 920 3324 γυνὴ.
950 3255 1044 3308 ἐπὶ
1070 3255 1147 3326 τῷ
1177 3257 1316 3328 μὲρη
1345 3257 1465 3310 τινὰ
1495 3244 1658 3326 τιμῆς
1675 3255 1845 3328 ἀγροῦ
1873 3257 1916 3316 C
1953 3290 1962 3309 t

1840 3256 1845 3306 ι
1873 3257 1916 3316 c
1953 3257 2188 3310 Auanias
2217 3265 2269 3310 et
2298 3255 2560 3326 Sapphira
2585 3256 2705 3324 ejus
2733 3271 2892 3323 uxor,
2921 3257 3014 3327 qui
3045 3265 3228 3328 partes
3262 3259 3529 3327 quasdam

274 3347 597 3417 προσάγειν,
656 3345 858 3400 ἐθέλειν
908 3347 965 3400 δὲ
1012 3347 1119 3426 τὴν.
1157 3347 1519 3419 ἀποστολικὴν
1571 3348 1850 3402 πολιτείαν

274 3438 513 3507 ἀπατᾷν,
561 3437 636 3501 ὡς
687 3438 814 3508 ὃλην
856 3437 950 3492 τοῦ
993 3438 1163 3510 ἀγροῦ
1210 3438 1307 3511 τὴν
1347 3439 1513 3511 τιμὴν
1571 3441 1646 3511 μὴ
1685 3456 1850 3511 προσ-

274 3531 626 3598 ενέγκαντας.

275 3667 530 3720 ΚΕΦΛΛ.
567 3663 732 3719 ΡΞΒ¹.
765 3692 823 3706 -
859 3666 1025 3730 Τίνες
1053 3669 1137 3730 εις
1173 3664 1440 3731 λάκκους
1465 3669 1552 3731 εις
1581 3666 1647 3721 τὸ
1678 3667 1849 3722 ἀναι-

734 3733 978 3804 ρεθῆναι
1024 3736 1394 3803 ἐϐλήθησαν.

360 3843 586 3916 ἰωσήςρ
630 3845 734 3898 ὑπὸ
757 3846 864 3897 τῶν
896 3844 1157 3913 ἀδελφῶν.
1185 3846 1462 3912 Ἱερεμίας
1492 3843 1596 3897 ὑπὸ
1623 3844 1732 3898 τῶν
1751 3845 1848 3916 ἀρ·-

274 3939 480 4011 χόντων
517 3937 608 3991 τοῦ
639 3937 789 3991 λαοῦ.
823 3938 1045 4005 Δανιὴλ
1070 3938 1173 3990 ὑπὸ
1200 3938 1442 4007 Περσῶν.

347 4053 598 4106 ΚΕΦΑΛ.
630 4049 791 4105 ΡΞΓ’.
825 4080 895 4090 -
931 4053 1094 4114 Τίνες
1122 4052 1294 4115 δίκας
1320 4051 1546 4105 ἔδοσαν
1576 4054 1848 4119 πλημμε-

890 4125 930 4176 λ
940 4123 1214 4188 ήσαντες.

351 4235 504 4292 Κάτν
530 4237 856 4299 ἀποκτείνας
897 4238 986 4288 τὸν
1016 4236 1262 4304 ἁδελφδν,
1296 4238 1375 4301 είς
1407 4237 1633 4306 ἕϐδομον
1659 4238 1850 4305 γενεὰν

278 4332 640 4401 παραλυθείς·
678 4331 954 4400 Σοδόμων
982 4331 1037 4384 αἱ
1068 4331 1251 4394 πόλεις
1281 4332 1738 4401 καταφλεχθείσᾶι
1761 4332 1850 4384 διὰ

279 4425 380 4492 τὴν
401 4424 499 4489 τῆς
522 4423 736 4490 φύσεως
763 4423 1168 4493 παραχάραξιν.
1207 4425 1502 4477 Χαναναῖοι
1523 4424 1614 4477 καὶ
1655 4426 1850 4496 Ἀμορο

283 4519 429 4585 ραῖοι
457 4515 566 4566 τῶν
618 4515 835 4567 οίκείων
881 4514 1239 4582 ὲκδληθέντες
1281 4514 1370 4566 διά
1418 4514 1515 4585 τὴν
1563 4515 1850 4567 είδωλολαὲ

1957 3350 2115 3418 pretii
2148 3350 2260 3421 agri
2291 3351 2614 3415 attulerunt,
2640 3350 2734 3404 sed
2762 3350 3016 3405 volebant
3036 3351 3285 3420 decipere
3307 3361 3530 3422 aposto-

1957 3441 2116 3496 licam
2152 3442 2432 3512 politiam;
2464 3442 2665 3513 quippe
2694 3441 2786 3512 qui
2822 3457 2929 3497 non
2959 3443 3230 3514 integrum
3259 3444 3376 3516 agri
3405 3458 3528 3515 pre-

1956 3535 2092 3590 tium
2131 3535 2451 3590 attulerunt.

1955 3665 2108 3722 CAP.
2139 3665 2349 3722 CLXII.
2382 3696 2452 3708 —
2485 3667 2726 3753 Quinant
2759 3669 3018 3753 infoveas
3050 3671 3122 3723 ad
3151 3681 3349 3726 certam
3385 3689 3531 3728 mor-

2479 3749 2580 3792 tem
2604 3749 2826 3808 projecti
2854 3751 2999 3794 sunt.

2026 3848 2221 3920 Ioseph
2245 3866 2273 3905 a
2308 3850 2590 3908 fratribus.
2614 3851 2875 3908 Jeremias
2903 3869 2933 3909 a
2955 3854 3294 3926 principibus
3321 3859 3526 3931 populi.

1956 3939 2150 3996 Daniel
2174 3959 2203 3997 a
2233 3943 2434 3999 Persis.

1955 4053 2108 4110 CAP.
2139 4052 2366 4110 CLXIII.
2414 4084 2484 4096 —
2535 4055 2770 4138 Quinam
2818 4073 2994 4125 paruas
3039 4059 3252 4114 lucrum
3306 4075 3525 4116 suorum

2603 4143 2894 4180 ~rtmmum.

2029 4238 2166 4293 Cain
2219 4239 2314 4310 qui
2364 4225 2585 4296 fratrem
2641 4256 2800 4296 suum
2837 4241 3140 4308 interfecit,
3193 4248 3245 4298 ln
3297 4247 3528 4316 septima

1958 4335 2307 4403 generatione
2335 4349 2365 4388 e
2386 4334 2566 4388 medio
2596 4331 3299 4393 sublatus.'Sodomitarum
3336 4337 3530 4394 civita-

1960 4437 2038 4480 tes
2077 4427 2355 4482 subversae
2382 4427 2454 4481 ob
2476 4437 2890 4496 ψημοειθιηιιιιι
2922 4438 3129 4482 παίω-αξ
3159 4444 3342 4484 usum.
3387 4429 3528 4486 Claa-

1959 4522 2130 4573 uanwi
2181 4528 2236 4573 et
2262 4519 2565 4574 Amorrha-i
2610 4520 2678 4574 de
2705 4519 2927 4574 sedibus
2959 4522 3075 4574 suis
3109 4521 3262 4588 ejecti
3313 4532 3529 4591 propter

276 4607 470 4679 τρείαν
490 4624 504 4638 ο
530 4605 740 4674 Φαραὼ
768 4610 863 4659 καὶ
890 4606 940 4657 οἱ
966 4605 1850 4676 ΑἰγύπτιοιΘείοιςὲναντιούμενοι
1886 4618 1925 4671 D
1957 4612 1965 4665 i

1838 4628 1850 4661 ι
1886 4618 1925 4671 D
1957 4611 2342 4665 idololatriam.
2369 4610 2582 4665 Pharao
2600 4617 2657 4665 et
2678 4608 2921 4682 Egyptii
2952 4611 3251 4665 renitentes
3267 4613 3527 4684 prodigiis

281 4701 556 4770 σημείοις,
589 4699 669 4761 είς
698 4698 789 4751 τὸν
832 4698 993 4767 βυθὸν
1023 4698 1392 4766 συσχεθέντες.
1437 4700 1636 4754 Σαοὺλ
1669 4702 1726 4751 ἐν
1758 4719 1856 4753 πο-

276 4778 433 4860 λῖμῳ
464 4790 651 4842 πεσὼν
685 4788 802 4858 ἅμα
833 4793 941 4850 τοῖς
961 4791 1202 4854 οἰκείοις,
1227 4789 1322 4843 καὶ
1351 4793 1460 4853 τοῖς
1487 4791 1856 4854 Γαϐαωνίταις

279 4884 645 4951 ἐκδιδομένιυν
674 4881 784 4933 τῶν
812 4881 942 4933 υίῶν
970 4883 1150 4935 αὐτῶν
1181 4884 1260 4945 εἰς
1295 4883 1591 4948 ὲξιλέωσιν.
1656 4883 1723 4937 'II
1751 4885 1855 4938 τοῦ

281 4977 563 5045 Βενιαμὶν
602 4974 763 5044 φυλὴ,
799 4976 892 5026 ἐπὶ
936 4977 1002 5044 τῇ
1043 4974 1300 5046 ἀσελγείᾳ.
1333 4976 1431 5045 τῆς
1472 4978 1728 5044 γυναικὸς
1762 4978 1854 5029 τοῦ

279 5068 670 5138 Ιιηθλεεμίτου.
714 5067 773 5120 Ἠ
812 5067 1098 5121 Βαΰινλὼν
1152 5067 1247 5120 ἐπὶ
1295 5070 1358 5137 τῇ
1421 5067 1665 5137 βασιλείᾳ
1701 5070 1856 5138 ἔγερ-

278 5164 459 5225 οεῖσα,
486 5163 564 5224 είς
591 5162 824 5231 ἐρημίαν
869 5161 1170 5214 ἐκδοθεῖσα.
1220 5161 1410 5229 ’Λχαρ
1454 5162 1814 5231 ἱεροσυλήσας
1838 5179 1852 5193 ο

289 5257 352 5310 '0
381 5259 442 5310 ὲν
488 5258 555 5324 τῇ
614 5257 805 5325 ἐρήμῳ
850 5255 916 5307 τὸ
953 5255 1254 5307 Σάϐϐατον
1298 5253 1612 5324 βεόηλώσας
1650 5255 1743 5307 ἐπὶ
1788 5257 1852 5324 τῇ

272 5347 389 5402 τῶν
419 5345 593 5411 ξύλων
625 5345 891 5414 συλλογῇ·
915 5348 942 5398 ὁ
965 5345 1096 5397 Θεὸν
1126 5346 1182 5396 ἐν
1210 5345 1277 5414 τῇ
1313 5344 1462 5418 μάχῃ
1479 5344 1854 5413 ,ϐλασφημή-

275 5455 399 5506 σας
456 5438 598 5493 κατά
643 5439 742 5506 τὴν
781 5437 1012 5508 ἕρημον.
1052 5441 1114 5490 οε
1142 5436 1246 5492 τοῦ
1287 5437 1452 5494 Ἠλει
1494 5437 1723 5503 παῖδες,
1755 5437 1855 5506 τῆς

280 5532 588 5604 ἱερωσύνης
627 5533 764 5602 μετά
795 5532 1068 5602 τιμωρίας
1120 5530 1540 5593 καταλυθέντες.
1573 5531 1856 5595 Σεδεκίας

278 5609 650 5693 ὲτῖιτυφλωθεὶς
685 5624 789 5678 ὑπὸ
819 5623 911 5677 τοῦ
939 5624 1303 5677 Βαόυλωνίου.
1361 5622 1422 5674 ’0
1455 5623 1601 5688 λαὸς
1628 5626 1659 5675 ὀ
1709 5621 1856 5675 Ἰουο

277 5718 486 5782 δαίων,
523 5719 616 5771 ἐπὶ
643 5720 709 5788 τῇ
749 5717 890 5771 κατά
924 5716 1018 5769 τοῦ
1051 5716 1301 5787 Σωτῆρος
1331 5715 1720 5775 ἐπαναστάσει.
1756 5714 1853 5783 τὴν

281 5811 361 5865 ἔτι
403 5811 735 5880 κατέχουσαν
766 5810 925 5865 αὑτὸν
985 5808 1272 5877 ὑπομένων
1315 5807 1452 5879 μετά
1494 5805 1854 5877 ἀναισθησίας

280 5903 683 5972 αἰχμαλωσίαν.

1959 4704 2179 4768 divinis,
2212 4710 2266 4757 et
2325 4704 2377 4756 in
2428 4703 2756 4770 profundum
2790 4703 3079 4758 submersi.
3120 4701 3274 4766 Saul.
3331 4705 3425 4774 qui
3474 4706 3527 4758 in

1958 4797 2102 4851 bello
2130 4795 2326 4850 cecidit
2363 4809 2488 4850 cum
2522 4795 2659 4860 suis,
2691 4795 2909 4849 traditis
2944 4794 3131 4848 liberis
3162 4794 3283 4864 ejus
3311 4793 3529 4850 Gabao-

1960 4890 2089 4943 nitis
2147 4888 2204 4943 in
2241 4887 2627 4958 placationcm.
2683 4886 3037 4956 Benjamitica
3087 4887 3258 4942 tribus
3311 4899 3530 4958 propter

1959 4969 2556 5033 enormcm’libidinem
2586 4995 2710 5033 cum
2747 4995 2917 5033 uxore
2951 4979 3048 5032 viri
3098 4978 3526 5034 lletltleltetniue.

1960 5069 2221 5137 Babylon,
2254 5085 2375 5137 qua:
2408 5069 2479 5123 ob
2509 5070 2916 5139 regnumelata,
2963 5071 3015 5121 in
3057 5068 3331 5123 desertum
3370 5070 3529 5122 rella-

1958 5173 2043 5216 cta
2069 5161 2190 5214 fuit.
2219 5161 2395 5213 Achar
2424 5161 2746 5229 sacrilegus.
2771 5160 2875 5226 Qui
2903 5159 3192 5214 Sabbatum
3220 5159 3529 5229 profanavit

1961 5255 2011 5307 in
2046 5256 2266 5308 deserto
2297 5267 2393 5322 per
2423 5253 2800 5306 collectionem
2830 5253 3118 5321 lignorum.
3153 5249 3258 5315 Qui
3283 5249 3527 5320 blasphe-

1962 5348 2120 5400 mavit
2154 5346 2320 5400 Deum
2375 5344 2427 5398 iu
2461 5345 2579 5398 rixa
2632 5361 2794 5414 quam
2829 5345 2953 5398 iniit
3000 5333 3339 5404 itLtlescrtn.
3393 5339 3527 5395 Filii

1952 5440 2199 5510 Heli,qui
2233 5441 2285 5495 in
2317 5455 2533 5510 pcenam
2560 5438 2754 5509 privati
2780 5447 2908 5491 sunt
2930 5435 3257 5491 sacerdmio.
3281 5434 3525 5488 Sedecias

1961 5544 2195 5588 emeatus
2228 5549 2257 5586 a
2292 5549 2417 5604 rege
2457 5532 2767 5603 Babylonis.
2812 5529 3078 5584 Iudaicus
3125 5527 3349 5598 populus
3396 5542 3524 5596 pru—

1964 5635 2148 5694 ptcrea
2211 5627 2358 5696 quod
2411 5625 2747 5680 Salvatorem
2805 5622 2992 5692 inique
3058 5627 3379 5690 pet-secutus
3432 5619 3526 5683 sit,

1961 5717 2193 5771 sustinet
2260 5716 2437 5772 adhuc
2496 5713 2891 5772 insensibiliter
2948 5711 3357 5782 captititatem,
3408 5725 3529 5781 qua:

1960 5810 2110 5864 illum
2140 5809 2356 5880 premit.
