  <div class='ocr_page' id='page_1' title='image "/cluster/home/n/w/nwhite01/storage/ocr_20150623/106/nnc1.0046979980/096.png"; bbox 0 0 4276 6438; ppageno 0'>
   <div class='ocr_carea' id='block_1_1' title="bbox 1018 454 3494 486">
    <p class='ocr_par' dir='ltr' id='par_1_1' title="bbox 1018 454 3494 486">
     <span class='ocr_line' id='line_1_1' title="bbox 1018 454 3494 486; baseline 0.001 -8"><span class='ocrx_word' id='word_1_1' title='bbox 1018 454 3494 486; x_wconf 61' lang='lat' dir='ltr'><strong><em>W</em></strong></span> 
     </span>
    </p>
   </div>
   <div class='ocr_carea' id='block_1_2' title="bbox 1565 621 2154 667">
    <p class='ocr_par' dir='ltr' id='par_1_2' title="bbox 1565 621 2154 667">
     <span class='ocr_line' id='line_1_2' title="bbox 1565 621 2154 667; baseline -0.002 -1"><span class='ocrx_word' id='word_1_2' title='bbox 1565 622 1736 667; x_wconf 79' lang='lat' dir='ltr'><strong>ANNO</strong></span> <span class='ocrx_word' id='word_1_3' title='bbox 1780 621 2000 667; x_wconf 79' lang='lat' dir='ltr'><strong><em>DOMINI</em></strong></span> <span class='ocrx_word' id='word_1_4' title='bbox 2047 622 2154 667; x_wconf 66' lang='lat' dir='ltr'><strong><em>CH!</em></strong></span> 
     </span>
    </p>
   </div>
   <div class='ocr_carea' id='block_1_3' title="bbox 325 801 3399 994">
    <p class='ocr_par' dir='ltr' id='par_1_3' title="bbox 325 801 3399 994">
     <span class='ocr_line' id='line_1_3' title="bbox 325 801 3399 994; baseline -0.004 -1"><span class='ocrx_word' id='word_1_5' title='bbox 325 806 1717 994; x_wconf 79' lang='lat' dir='ltr'><strong><em>NICEPHORUS</em></strong></span> <span class='ocrx_word' id='word_1_6' title='bbox 1848 801 3399 988; x_wconf 87' lang='lat' dir='ltr'><strong><em>PHILOSOPHUS</em></strong></span> 
     </span>
    </p>
   </div>
   <div class='ocr_carea' id='block_1_4' title="bbox 1612 1120 2123 1214">
    <p class='ocr_par' dir='ltr' id='par_1_4' title="bbox 1612 1120 2123 1214">
     <span class='ocr_line' id='line_1_4' title="bbox 1612 1120 2123 1214; baseline -0.004 -2"><span class='ocrx_word' id='word_1_7' title='bbox 1612 1120 2123 1214; x_wconf 80' lang='lat' dir='ltr'><strong><em>NOTITIA</em></strong></span> 
     </span>
    </p>
   </div>
   <div class='ocr_carea' id='block_1_5' title="bbox 1223 1311 2524 1380">
    <p class='ocr_par' dir='ltr' id='par_1_5' title="bbox 1223 1311 2524 1380">
     <span class='ocr_line' id='line_1_5' title="bbox 1223 1311 2524 1380; baseline -0.004 -13"><span class='ocrx_word' id='word_1_8' title='bbox 1223 1315 1399 1380; x_wconf 73' lang='lat' dir='ltr'><strong><em>(Ocnnr</em></strong></span> <span class='ocrx_word' id='word_1_9' title='bbox 1458 1317 1526 1368; x_wconf 85' lang='lat' dir='ltr'><strong><em>De</em></strong></span> <span class='ocrx_word' id='word_1_10' title='bbox 1565 1313 1744 1378; x_wconf 90' lang='lat' dir='ltr'><strong><em>Script.</em></strong></span> <span class='ocrx_word' id='word_1_11' title='bbox 1784 1312 1956 1365; x_wconf 88' lang='lat' dir='ltr'><strong><em>ccclcs.</em></strong></span> <span class='ocrx_word' id='word_1_12' title='bbox 1996 1320 2113 1364; x_wconf 89' lang='lat' dir='ltr'><strong><em>tom.</em></strong></span> <span class='ocrx_word' id='word_1_13' title='bbox 2140 1313 2204 1376; x_wconf 87' lang='grc'><strong><em>11,</em></strong></span> <span class='ocrx_word' id='word_1_14' title='bbox 2238 1327 2351 1377; x_wconf 81' lang='lat' dir='ltr'><strong><em>pag.</em></strong></span> <span class='ocrx_word' id='word_1_15' title='bbox 2389 1311 2524 1374; x_wconf 65' lang='lat'><strong><em>402.)</em></strong></span> 
     </span>
    </p>
   </div>
   <div class='ocr_carea' id='block_1_6' title="bbox 1845 1493 1915 1506">
    <p class='ocr_par' dir='ltr' id='par_1_6' title="bbox 1845 1493 1915 1506">
     <span class='ocr_line' id='line_1_6' title="bbox 1845 1493 1915 1506; baseline 0.029 -2"><span class='ocrx_word' id='word_1_16' title='bbox 1845 1493 1915 1506; x_wconf 64' lang='lat'><strong>~</strong></span> 
     </span>
    </p>
   </div>
   <div class='ocr_carea' id='block_1_7' title="bbox 306 1614 3498 1689">
    <p class='ocr_par' dir='ltr' id='par_1_7' title="bbox 306 1614 3498 1689">
     <span class='ocr_line' id='line_1_7' title="bbox 306 1614 3498 1689; baseline 0.001 -19"><span class='ocrx_word' id='word_1_17' title='bbox 306 1616 648 1687; x_wconf 82' lang='lat' dir='ltr'><strong><em>Nicephorus</em></strong></span> <span class='ocrx_word' id='word_1_18' title='bbox 682 1619 1043 1689; x_wconf 83' lang='lat' dir='ltr'><strong><em>philosophus</em></strong></span> <span class='ocrx_word' id='word_1_19' title='bbox 1083 1627 1139 1674; x_wconf 90' lang='lat' dir='ltr'><strong><em>et</em></strong></span> <span class='ocrx_word' id='word_1_20' title='bbox 1164 1627 1350 1674; x_wconf 89' lang='lat' dir='ltr'><strong><em>orator</em></strong></span> <span class='ocrx_word' id='word_1_21' title='bbox 1370 1617 1697 1688; x_wconf 72' lang='lat' dir='ltr'><strong><em>patriarcha:</em></strong></span> <span class='ocrx_word' id='word_1_22' title='bbox 1735 1615 2353 1684; x_wconf 81' lang='lat' dir='ltr'><strong><em>Constantinopolitani,</em></strong></span> <span class='ocrx_word' id='word_1_23' title='bbox 2392 1617 2496 1672; x_wconf 86' lang='lat' dir='ltr'><strong><em>sub</em></strong></span> <span class='ocrx_word' id='word_1_24' title='bbox 2533 1617 2774 1674; x_wconf 79' lang='lat' dir='ltr'><strong><em>Antonio</em></strong></span> <span class='ocrx_word' id='word_1_25' title='bbox 2812 1615 3018 1672; x_wconf 82' lang='lat' dir='ltr'><strong><em>Caulea</em></strong></span> <span class='ocrx_word' id='word_1_26' title='bbox 3049 1614 3299 1684; x_wconf 85' lang='lat' dir='ltr'><strong><em>ejusdem</em></strong></span> <span class='ocrx_word' id='word_1_27' title='bbox 3348 1618 3498 1672; x_wconf 82' lang='lat' dir='ltr'><strong><em>sedis</em></strong></span> 
     </span>
    </p>
   </div>
   <div class='ocr_carea' id='block_1_8' title="bbox 232 1705 3498 1776">
    <p class='ocr_par' dir='ltr' id='par_1_8' title="bbox 232 1705 3498 1776">
     <span class='ocr_line' id='line_1_8' title="bbox 232 1705 3498 1776; baseline 0.002 -21"><span class='ocrx_word' id='word_1_28' title='bbox 232 1706 651 1774; x_wconf 71' lang='lat' dir='ltr'><strong><em>archiepismipo</em></strong></span> <span class='ocrx_word' id='word_1_29' title='bbox 691 1717 746 1760; x_wconf 89' lang='lat' dir='ltr'><strong><em>et</em></strong></span> <span class='ocrx_word' id='word_1_30' title='bbox 770 1707 1081 1775; x_wconf 85' lang='lat' dir='ltr'><strong><em>patriarcha</em></strong></span> <span class='ocrx_word' id='word_1_31' title='bbox 1112 1705 1322 1770; x_wconf 84' lang='lat' dir='ltr'><strong><em>vivens,</em></strong></span> <span class='ocrx_word' id='word_1_32' title='bbox 1367 1706 1452 1761; x_wconf 85' lang='lat' dir='ltr'><strong><em>bis</em></strong></span> <span class='ocrx_word' id='word_1_33' title='bbox 1487 1707 1679 1760; x_wconf 87' lang='lat' dir='ltr'><strong><em>iisdem</em></strong></span> <span class='ocrx_word' id='word_1_34' title='bbox 1735 1706 2068 1775; x_wconf 69' lang='lat' dir='ltr'><strong><em>Icmpo:ibus</em></strong></span> <span class='ocrx_word' id='word_1_35' title='bbox 2102 1706 2385 1774; x_wconf 86' lang='lat' dir='ltr'><strong><em>aliquanto</em></strong></span> <span class='ocrx_word' id='word_1_36' title='bbox 2431 1716 2556 1775; x_wconf 92' lang='lat' dir='ltr'><strong><em>post</em></strong></span> <span class='ocrx_word' id='word_1_37' title='bbox 2579 1722 2672 1762; x_wconf 87' lang='lat' dir='ltr'><strong><em>an.</em></strong></span> <span class='ocrx_word' id='word_1_38' title='bbox 2718 1706 2826 1760; x_wconf 74' lang='lat'><strong><em>8&#39;)0</em></strong></span> <span class='ocrx_word' id='word_1_39' title='bbox 2874 1707 3085 1772; x_wconf 84' lang='lat' dir='ltr'><strong><em>ﬂoruit,</em></strong></span> <span class='ocrx_word' id='word_1_40' title='bbox 3154 1706 3498 1776; x_wconf 70' lang='lat' dir='ltr'><strong><em>scripsitque</em></strong></span> 
     </span>
    </p>
   </div>
   <div class='ocr_carea' id='block_1_9' title="bbox 236 1791 3504 1864">
    <p class='ocr_par' dir='ltr' id='par_1_9' title="bbox 236 1791 3504 1864">
     <span class='ocr_line' id='line_1_9' title="bbox 236 1791 3504 1864; baseline 0.001 -20"><span class='ocrx_word' id='word_1_41' title='bbox 236 1792 550 1845; x_wconf 76' lang='lat' dir='ltr'><strong><em>Orationem</em></strong></span> <span class='ocrx_word' id='word_1_42' title='bbox 583 1793 852 1861; x_wconf 77' lang='lat' dir='ltr'><strong><em>funebrem</em></strong></span> <span class='ocrx_word' id='word_1_43' title='bbox 886 1810 982 1848; x_wconf 88' lang='lat' dir='ltr'><strong><em>seu</em></strong></span> <span class='ocrx_word' id='word_1_44' title='bbox 1009 1791 1394 1847; x_wconf 82' lang='lat' dir='ltr'><strong><em>Narrationem</em></strong></span> <span class='ocrx_word' id='word_1_45' title='bbox 1423 1792 1857 1846; x_wconf 83' lang='lat' dir='ltr'><strong><em>encomiasticam</em></strong></span> <span class='ocrx_word' id='word_1_46' title='bbox 1900 1791 2034 1846; x_wconf 83' lang='lat' dir='ltr'><strong><em>Vita:</em></strong></span> <span class='ocrx_word' id='word_1_47' title='bbox 2055 1795 2225 1846; x_wconf 84' lang='lat' dir='ltr'><strong><em>sancti</em></strong></span> <span class='ocrx_word' id='word_1_48' title='bbox 2260 1794 2481 1847; x_wconf 81' lang='lat' dir='ltr'><strong><em>Antonii</em></strong></span> <span class='ocrx_word' id='word_1_49' title='bbox 2503 1802 2848 1864; x_wconf 83' lang='lat' dir='ltr'><strong><em>cognomento</em></strong></span> <span class='ocrx_word' id='word_1_50' title='bbox 2890 1793 3126 1855; x_wconf 61' lang='grc' dir='ltr'><strong><em>ϐαιτερ.</em></strong></span> <span class='ocrx_word' id='word_1_51' title='bbox 3177 1794 3504 1860; x_wconf 78' lang='lat' dir='ltr'><strong><em>patriarcha:</em></strong></span> 
     </span>
    </p>
   </div>
   <div class='ocr_carea' id='block_1_10' title="bbox 231 1875 3496 1953">
    <p class='ocr_par' dir='ltr' id='par_1_10' title="bbox 231 1875 3496 1953">
     <span class='ocr_line' id='line_1_10' title="bbox 231 1875 3496 1953; baseline -0.001 -20"><span class='ocrx_word' id='word_1_52' title='bbox 231 1879 840 1950; x_wconf 79' lang='lat' dir='ltr'><strong><em>Constmttinopolilani,</em></strong></span> <span class='ocrx_word' id='word_1_53' title='bbox 872 1884 966 1953; x_wconf 88' lang='lat' dir='ltr'><strong><em>qui</em></strong></span> <span class='ocrx_word' id='word_1_54' title='bbox 1001 1898 1147 1938; x_wconf 89' lang='lat' dir='ltr'><strong><em>anno</em></strong></span> <span class='ocrx_word' id='word_1_55' title='bbox 1176 1882 1377 1936; x_wconf 83' lang='lat' dir='ltr'><strong><em>Christi</em></strong></span> <span class='ocrx_word' id='word_1_56' title='bbox 1408 1881 1535 1947; x_wconf 83' lang='grc'><strong><em>891,</em></strong></span> <span class='ocrx_word' id='word_1_57' title='bbox 1565 1880 1660 1935; x_wconf 85' lang='lat' dir='ltr'><strong><em>sub</em></strong></span> <span class='ocrx_word' id='word_1_58' title='bbox 1687 1881 2000 1949; x_wconf 73' lang='lat' dir='ltr'><strong><em>imperatore</em></strong></span> <span class='ocrx_word' id='word_1_59' title='bbox 2028 1877 2194 1931; x_wconf 83' lang='lat' dir='ltr'><strong><em>Leone</em></strong></span> <span class='ocrx_word' id='word_1_60' title='bbox 2224 1875 2543 1947; x_wconf 85' lang='lat' dir='ltr'><strong><em>Philosopho</em></strong></span> <span class='ocrx_word' id='word_1_61' title='bbox 2574 1893 2665 1931; x_wconf 88' lang='lat' dir='ltr'><strong><em>seu</em></strong></span> <span class='ocrx_word' id='word_1_62' title='bbox 2691 1877 2959 1946; x_wconf 87' lang='lat' dir='ltr'><strong><em>Sapiente,</em></strong></span> <span class='ocrx_word' id='word_1_63' title='bbox 2995 1877 3084 1932; x_wconf 89' lang='lat' dir='ltr'><strong>die</strong></span> <span class='ocrx_word' id='word_1_64' title='bbox 3114 1877 3181 1932; x_wconf 74' lang='grc'><strong><em>12</em></strong></span> <span class='ocrx_word' id='word_1_65' title='bbox 3211 1877 3496 1932; x_wconf 79' lang='lat' dir='ltr'><strong><em>Februarii</em></strong></span> 
     </span>
    </p>
   </div>
   <div class='ocr_carea' id='block_1_11' title="bbox 235 1964 3500 2040">
    <p class='ocr_par' dir='ltr' id='par_1_11' title="bbox 235 1964 3500 2040">
     <span class='ocr_line' id='line_1_11' title="bbox 235 1964 3500 2040; baseline -0.001 -18"><span class='ocrx_word' id='word_1_66' title='bbox 235 1980 491 2023; x_wconf 85' lang='lat' dir='ltr'><strong><em>mortuus</em></strong></span> <span class='ocrx_word' id='word_1_67' title='bbox 521 1980 621 2025; x_wconf 77' lang='lat' dir='ltr'><strong><em>cst.</em></strong></span> <span class='ocrx_word' id='word_1_68' title='bbox 656 1970 847 2026; x_wconf 74' lang='lat' dir='ltr'><strong><em>Exstat</em></strong></span> <span class='ocrx_word' id='word_1_69' title='bbox 893 1973 1006 2026; x_wconf 73' lang='lat' dir='ltr'><strong><em>lucc</em></strong></span> <span class='ocrx_word' id='word_1_70' title='bbox 1055 1971 1245 2027; x_wconf 87' lang='lat' dir='ltr'><strong><em>Oratio</em></strong></span> <span class='ocrx_word' id='word_1_71' title='bbox 1278 1987 1374 2024; x_wconf 89' lang='lat' dir='ltr'><strong><em>seu</em></strong></span> <span class='ocrx_word' id='word_1_72' title='bbox 1416 1970 1537 2025; x_wconf 84' lang='lat' dir='ltr'><strong><em>Vita</em></strong></span> <span class='ocrx_word' id='word_1_73' title='bbox 1578 1971 1722 2040; x_wconf 90' lang='lat' dir='ltr'><strong><em>apud</em></strong></span> <span class='ocrx_word' id='word_1_74' title='bbox 1763 1967 2120 2024; x_wconf 78' lang='lat' dir='ltr'><strong><em>Laurentium</em></strong></span> <span class='ocrx_word' id='word_1_75' title='bbox 2150 1966 2393 2031; x_wconf 90' lang='lat' dir='ltr'><strong><em>Surium,</em></strong></span> <span class='ocrx_word' id='word_1_76' title='bbox 2447 1973 2507 2020; x_wconf 90' lang='lat' dir='ltr'><strong><em>ut</em></strong></span> <span class='ocrx_word' id='word_1_77' title='bbox 2550 1976 2604 2021; x_wconf 90' lang='lat' dir='ltr'><strong><em>et</em></strong></span> <span class='ocrx_word' id='word_1_78' title='bbox 2653 1965 2797 2036; x_wconf 89' lang='lat' dir='ltr'><strong><em>apud</em></strong></span> <span class='ocrx_word' id='word_1_79' title='bbox 2848 1964 3116 2021; x_wconf 80' lang='lat' dir='ltr'><strong><em>Joannem</em></strong></span> <span class='ocrx_word' id='word_1_80' title='bbox 3174 1965 3500 2020; x_wconf 84' lang='lat' dir='ltr'><strong><em>Bollandum</em></strong></span> 
     </span>
    </p>
   </div>
   <div class='ocr_carea' id='block_1_12' title="bbox 237 2056 3504 2128">
    <p class='ocr_par' dir='ltr' id='par_1_12' title="bbox 237 2056 3504 2128">
     <span class='ocr_line' id='line_1_12' title="bbox 237 2056 3504 2128; baseline 0.001 -18"><span class='ocrx_word' id='word_1_81' title='bbox 237 2068 407 2127; x_wconf 80' lang='lat' dir='ltr'><strong><em>atque</em></strong></span> <span class='ocrx_word' id='word_1_82' title='bbox 439 2058 870 2120; x_wconf 77' lang='lat' dir='ltr'><strong><em>Henschenium,</em></strong></span> <span class='ocrx_word' id='word_1_83' title='bbox 910 2061 963 2113; x_wconf 90' lang='lat' dir='ltr'><strong><em>in</em></strong></span> <span class='ocrx_word' id='word_1_84' title='bbox 1004 2060 1151 2113; x_wconf 79' lang='lat' dir='ltr'><strong><em>Actis</em></strong></span> <span class='ocrx_word' id='word_1_85' title='bbox 1193 2057 1510 2114; x_wconf 82' lang='lat' dir='ltr'><strong><em>Sanctorum</em></strong></span> <span class='ocrx_word' id='word_1_86' title='bbox 1538 2059 1605 2113; x_wconf 84' lang='lat' dir='ltr'><strong><em>ad</em></strong></span> <span class='ocrx_word' id='word_1_87' title='bbox 1639 2059 1784 2113; x_wconf 89' lang='lat' dir='ltr'><strong><em>diem</em></strong></span> <span class='ocrx_word' id='word_1_88' title='bbox 1837 2060 1905 2113; x_wconf 72' lang='grc'><strong><em>12</em></strong></span> <span class='ocrx_word' id='word_1_89' title='bbox 1931 2059 2242 2124; x_wconf 81' lang='lat' dir='ltr'><strong><em>Februarii,</em></strong></span> <span class='ocrx_word' id='word_1_90' title='bbox 2296 2059 2392 2115; x_wconf 88' lang='lat' dir='ltr'><strong><em>sed</em></strong></span> <span class='ocrx_word' id='word_1_91' title='bbox 2434 2058 2730 2128; x_wconf 86' lang='lat' dir='ltr'><strong><em>utrobique</em></strong></span> <span class='ocrx_word' id='word_1_92' title='bbox 2781 2056 2972 2112; x_wconf 79' lang='lat' dir='ltr'><strong><em>Latine</em></strong></span> <span class='ocrx_word' id='word_1_93' title='bbox 3026 2066 3260 2112; x_wconf 88' lang='lat' dir='ltr'><strong><em>tantum.</em></strong></span> <span class='ocrx_word' id='word_1_94' title='bbox 3302 2057 3504 2113; x_wconf 74' lang='lat' dir='ltr'><strong><em>Eadem</em></strong></span> 
     </span>
    </p>
   </div>
   <div class='ocr_carea' id='block_1_13' title="bbox 236 2146 3505 2216">
    <p class='ocr_par' dir='ltr' id='par_1_13' title="bbox 236 2146 3505 2216">
     <span class='ocr_line' id='line_1_13' title="bbox 236 2146 3505 2216; baseline 0.001 -18"><span class='ocrx_word' id='word_1_95' title='bbox 236 2156 422 2199; x_wconf 70' lang='lat' dir='ltr'><strong><em>autem</em></strong></span> <span class='ocrx_word' id='word_1_96' title='bbox 464 2147 652 2200; x_wconf 84' lang='lat' dir='ltr'><strong><em>Oratio</em></strong></span> <span class='ocrx_word' id='word_1_97' title='bbox 695 2162 792 2201; x_wconf 92' lang='lat' dir='ltr'><strong><em>seu</em></strong></span> <span class='ocrx_word' id='word_1_98' title='bbox 843 2147 963 2201; x_wconf 85' lang='lat' dir='ltr'><strong><em>Vita</em></strong></span> <span class='ocrx_word' id='word_1_99' title='bbox 992 2156 1174 2205; x_wconf 80' lang='lat' dir='ltr'><strong><em>exstat</em></strong></span> <span class='ocrx_word' id='word_1_100' title='bbox 1200 2147 1390 2203; x_wconf 67' lang='lat' dir='ltr'><strong><em>Graece</em></strong></span> <span class='ocrx_word' id='word_1_101' title='bbox 1421 2147 1818 2216; x_wconf 84' lang='lat' dir='ltr'><strong><em>manuscripta,</em></strong></span> <span class='ocrx_word' id='word_1_102' title='bbox 1876 2149 1928 2202; x_wconf 91' lang='lat' dir='ltr'><strong><em>in</em></strong></span> <span class='ocrx_word' id='word_1_103' title='bbox 1964 2150 2300 2203; x_wconf 83' lang='lat' dir='ltr'><strong><em>bibliotheca</em></strong></span> <span class='ocrx_word' id='word_1_104' title='bbox 2346 2146 2597 2203; x_wconf 68' lang='lat' dir='ltr'><strong><em>Caesarea</em></strong></span> <span class='ocrx_word' id='word_1_105' title='bbox 2647 2146 3085 2214; x_wconf 78' lang='lat' dir='ltr'><strong><em>Vindobonensi,</em></strong></span> <span class='ocrx_word' id='word_1_106' title='bbox 3129 2148 3273 2201; x_wconf 78' lang='lat' dir='ltr'><strong><em>inter</em></strong></span> <span class='ocrx_word' id='word_1_107' title='bbox 3306 2164 3505 2201; x_wconf 83' lang='lat' dir='ltr'><strong><em>mami-</em></strong></span> 
     </span>
    </p>
   </div>
   <div class='ocr_carea' id='block_1_14' title="bbox 237 2235 3502 2308">
    <p class='ocr_par' dir='ltr' id='par_1_14' title="bbox 237 2235 3502 2308">
     <span class='ocr_line' id='line_1_14' title="bbox 237 2235 3502 2308; baseline 0.001 -20"><span class='ocrx_word' id='word_1_108' title='bbox 237 2237 479 2305; x_wconf 77' lang='lat' dir='ltr'><strong><em>scriptus</em></strong></span> <span class='ocrx_word' id='word_1_109' title='bbox 512 2237 734 2292; x_wconf 89' lang='lat' dir='ltr'><strong><em>codices</em></strong></span> <span class='ocrx_word' id='word_1_110' title='bbox 765 2239 1060 2295; x_wconf 89' lang='lat' dir='ltr'><strong><em>historicos</em></strong></span> <span class='ocrx_word' id='word_1_111' title='bbox 1091 2238 1333 2302; x_wconf 72' lang='lat' dir='ltr'><strong><em>Graecos,</em></strong></span> <span class='ocrx_word' id='word_1_112' title='bbox 1365 2239 1488 2292; x_wconf 87' lang='lat' dir='ltr'><strong><em>cod.</em></strong></span> <span class='ocrx_word' id='word_1_113' title='bbox 1540 2237 1631 2301; x_wconf 74' lang='lat' dir='ltr'><strong><em>XI,</em></strong></span> <span class='ocrx_word' id='word_1_114' title='bbox 1663 2253 1817 2292; x_wconf 91' lang='lat' dir='ltr'><strong><em>num.</em></strong></span> <span class='ocrx_word' id='word_1_115' title='bbox 1845 2237 1936 2300; x_wconf 54' lang='grc' dir='ltr'><strong><em>ιο,</em></strong></span> <span class='ocrx_word' id='word_1_116' title='bbox 1983 2248 2037 2292; x_wconf 91' lang='lat' dir='ltr'><strong><em>et</em></strong></span> <span class='ocrx_word' id='word_1_117' title='bbox 2069 2237 2291 2307; x_wconf 76' lang='lat' dir='ltr'><strong>quidem</strong></span> <span class='ocrx_word' id='word_1_118' title='bbox 2338 2252 2370 2291; x_wconf 93' lang='lat' dir='ltr'><strong><em>a</em></strong></span> <span class='ocrx_word' id='word_1_119' title='bbox 2401 2236 2533 2291; x_wconf 78' lang='lat' dir='ltr'><strong><em>folio</em></strong></span> <span class='ocrx_word' id='word_1_120' title='bbox 2561 2235 2655 2302; x_wconf 81' lang='lat'><strong>95,</strong></span> <span class='ocrx_word' id='word_1_121' title='bbox 2705 2251 2827 2308; x_wconf 83' lang='lat' dir='ltr'><strong><em>pag.</em></strong></span> <span class='ocrx_word' id='word_1_122' title='bbox 2877 2235 2933 2300; x_wconf 76' lang='lat'><strong>2,</strong></span> <span class='ocrx_word' id='word_1_123' title='bbox 2967 2235 3075 2291; x_wconf 91' lang='lat' dir='ltr'><strong><em>col.</em></strong></span> <span class='ocrx_word' id='word_1_124' title='bbox 3116 2236 3174 2301; x_wconf 71' lang='lat'><strong>2,</strong></span> <span class='ocrx_word' id='word_1_125' title='bbox 3224 2253 3399 2306; x_wconf 88' lang='lat' dir='ltr'><strong><em>usque</em></strong></span> <span class='ocrx_word' id='word_1_126' title='bbox 3437 2239 3502 2290; x_wconf 88' lang='lat' dir='ltr'><strong><em>ad</em></strong></span> 
     </span>
    </p>
   </div>
   <div class='ocr_carea' id='block_1_15' title="bbox 240 2324 3501 2398">
    <p class='ocr_par' dir='ltr' id='par_1_15' title="bbox 240 2324 3501 2398">
     <span class='ocr_line' id='line_1_15' title="bbox 240 2324 3501 2398; baseline 0.001 -22"><span class='ocrx_word' id='word_1_127' title='bbox 240 2325 337 2378; x_wconf 81' lang='lat' dir='ltr'><strong><em>fol.</em></strong></span> <span class='ocrx_word' id='word_1_128' title='bbox 379 2326 502 2386; x_wconf 82' lang='grc'><strong>109,</strong></span> <span class='ocrx_word' id='word_1_129' title='bbox 541 2342 663 2398; x_wconf 75' lang='lat' dir='ltr'><strong><em>pug.</em></strong></span> <span class='ocrx_word' id='word_1_130' title='bbox 693 2327 747 2389; x_wconf 73' lang='lat'><strong><em>2.</em></strong></span> <span class='ocrx_word' id='word_1_131' title='bbox 780 2328 982 2383; x_wconf 85' lang='lat' dir='ltr'><strong><em>colum.</em></strong></span> <span class='ocrx_word' id='word_1_132' title='bbox 1022 2345 1061 2389; x_wconf 84' lang='grc' dir='ltr'>ι,</span> <span class='ocrx_word' id='word_1_133' title='bbox 1098 2337 1155 2381; x_wconf 86' lang='grc' dir='ltr'><strong><em>ιιι</em></strong></span> <span class='ocrx_word' id='word_1_134' title='bbox 1191 2327 1352 2382; x_wconf 86' lang='lat' dir='ltr'><strong>habet</strong></span> <span class='ocrx_word' id='word_1_135' title='bbox 1381 2326 1576 2381; x_wconf 83' lang='lat' dir='ltr'><strong><em>Petrus</em></strong></span> <span class='ocrx_word' id='word_1_136' title='bbox 1627 2326 1954 2380; x_wconf 83' lang='lat' dir='ltr'><strong>Lambecius</strong></span> <span class='ocrx_word' id='word_1_137' title='bbox 1997 2327 2137 2380; x_wconf 87' lang='lat' dir='ltr'><strong><em>libro</em></strong></span> <span class='ocrx_word' id='word_1_138' title='bbox 2184 2341 2281 2379; x_wconf 75' lang='lat' dir='ltr'><strong><em>uti</em></strong></span> <span class='ocrx_word' id='word_1_139' title='bbox 2322 2324 2859 2380; x_wconf 85' lang='lat' dir='ltr'><strong><em>Commentariorum</em></strong></span> <span class='ocrx_word' id='word_1_140' title='bbox 2911 2325 3076 2394; x_wconf 86' lang='lat' dir='ltr'><strong><em>hujus</em></strong></span> <span class='ocrx_word' id='word_1_141' title='bbox 3131 2325 3501 2386; x_wconf 73' lang='lat' dir='ltr'><strong><em>bibliotltcczt&#39;,</em></strong></span> 
     </span>
    </p>
   </div>
   <div class='ocr_carea' id='block_1_16' title="bbox 239 2413 1928 2488">
    <p class='ocr_par' dir='ltr' id='par_1_16' title="bbox 239 2413 1928 2488">
     <span class='ocr_line' id='line_1_16' title="bbox 239 2413 1928 2488; baseline 0.002 -23"><span class='ocrx_word' id='word_1_142' title='bbox 239 2431 291 2484; x_wconf 91' lang='lat' dir='ltr'><strong><em>p.</em></strong></span> <span class='ocrx_word' id='word_1_143' title='bbox 325 2414 417 2480; x_wconf 83' lang='lat'><strong><em>85,</em></strong></span> <span class='ocrx_word' id='word_1_144' title='bbox 449 2416 610 2484; x_wconf 83' lang='lat' dir='ltr'><strong><em>cujus</em></strong></span> <span class='ocrx_word' id='word_1_145' title='bbox 638 2417 831 2473; x_wconf 83' lang='lat' dir='ltr'><strong><em>titulus</em></strong></span> <span class='ocrx_word' id='word_1_146' title='bbox 865 2427 919 2472; x_wconf 90' lang='lat' dir='ltr'><strong><em>et</em></strong></span> <span class='ocrx_word' id='word_1_147' title='bbox 964 2417 1296 2488; x_wconf 87' lang='lat' dir='ltr'><strong><em>principium</em></strong></span> <span class='ocrx_word' id='word_1_148' title='bbox 1335 2435 1348 2471; x_wconf 90' lang='lat'><strong>:</strong></span> <span class='ocrx_word' id='word_1_149' title='bbox 1407 2417 1728 2487; x_wconf 74' lang='grc' dir='ltr'>Νικηφόρον</span> <span class='ocrx_word' id='word_1_150' title='bbox 1779 2413 1876 2469; x_wconf 78' lang='grc' dir='ltr'><strong><em>τοῦ</em></strong></span> <span class='ocrx_word' id='word_1_151' title='bbox 1913 2433 1928 2485; x_wconf 67' lang='grc' dir='ltr'><strong><em>ι</em></strong></span> 
     </span>
    </p>
   </div>
   <div class='ocr_carea' id='block_1_17' title="bbox 1843 2413 3532 2488">
    <p class='ocr_par' dir='ltr' id='par_1_17' title="bbox 1846 2413 3532 2486">
     <span class='ocr_line' id='line_1_17' title="bbox 1846 2413 3532 2486; baseline -0.002 -18"><span class='ocrx_word' id='word_1_152' title='bbox 1846 2413 1876 2468; x_wconf 85' lang='grc' dir='ltr'>ὖ</span> <span class='ocrx_word' id='word_1_153' title='bbox 1913 2413 2338 2486; x_wconf 79' lang='grc' dir='ltr'><strong><em>μακαριωτάτου</em></strong></span> <span class='ocrx_word' id='word_1_154' title='bbox 2386 2413 2680 2484; x_wconf 63' lang='grc' dir='ltr'><strong><em>φιλοσόφου</em></strong></span> <span class='ocrx_word' id='word_1_155' title='bbox 2728 2413 2820 2468; x_wconf 71' lang='lat' dir='ltr'><strong><em>irai</em></strong></span> <span class='ocrx_word' id='word_1_156' title='bbox 2876 2413 3128 2485; x_wconf 82' lang='grc' dir='ltr'><strong><em>ῥήτορος,</em></strong></span> <span class='ocrx_word' id='word_1_157' title='bbox 3179 2414 3532 2484; x_wconf 73' lang='grc' dir='ltr'><strong><em>Ἐπιτάφιον·</em></strong></span> 
     </span>
    </p>
   </div>
   <div class='ocr_carea' id='block_1_18' title="bbox 238 2502 3498 2577">
    <p class='ocr_par' dir='ltr' id='par_1_18' title="bbox 238 2502 3498 2577">
     <span class='ocr_line' id='line_1_18' title="bbox 238 2502 3498 2577; baseline 0.001 -23"><span class='ocrx_word' id='word_1_158' title='bbox 238 2504 360 2572; x_wconf 65' lang='grc' dir='ltr'><strong><em>ἤτοι</em></strong></span> <span class='ocrx_word' id='word_1_159' title='bbox 394 2504 508 2574; x_wconf 73' lang='grc' dir='ltr'><strong><em>βίος</em></strong></span> <span class='ocrx_word' id='word_1_160' title='bbox 537 2506 802 2576; x_wconf 75' lang='grc' dir='ltr'><strong><em>ἐγκωμίῳ</em></strong></span> <span class='ocrx_word' id='word_1_161' title='bbox 858 2507 1354 2577; x_wconf 82' lang='grc' dir='ltr'><strong><em>συμπεπλεγμένος</em></strong></span> <span class='ocrx_word' id='word_1_162' title='bbox 1384 2508 1465 2569; x_wconf 74' lang='grc' dir='ltr'><strong><em>εἰς</em></strong></span> <span class='ocrx_word' id='word_1_163' title='bbox 1492 2506 1585 2559; x_wconf 80' lang='grc' dir='ltr'><strong><em>τὸν</em></strong></span> <span class='ocrx_word' id='word_1_164' title='bbox 1635 2506 1814 2576; x_wconf 84' lang='grc' dir='ltr'><strong><em>μέγαν</em></strong></span> <span class='ocrx_word' id='word_1_165' title='bbox 1867 2504 1924 2556; x_wconf 81' lang='grc' dir='ltr'>ὲν</span> <span class='ocrx_word' id='word_1_166' title='bbox 1959 2503 2309 2574; x_wconf 80' lang='grc' dir='ltr'><strong><em>ἀρχιερεῦσιν</em></strong></span> <span class='ocrx_word' id='word_1_167' title='bbox 2339 2502 2500 2568; x_wconf 75' lang='grc' dir='ltr'><strong><em>θεοῦ,</em></strong></span> <span class='ocrx_word' id='word_1_168' title='bbox 2549 2503 2645 2556; x_wconf 77' lang='grc' dir='ltr'><strong><em>καὶ</em></strong></span> <span class='ocrx_word' id='word_1_169' title='bbox 2675 2502 2994 2572; x_wconf 77' lang='grc' dir='ltr'><strong><em>θαυμαστὸν</em></strong></span> <span class='ocrx_word' id='word_1_170' title='bbox 3033 2505 3092 2556; x_wconf 81' lang='grc' dir='ltr'>ὲν</span> <span class='ocrx_word' id='word_1_171' title='bbox 3124 2504 3498 2574; x_wconf 55' lang='grc' dir='ltr'><strong><em>πατριάρχης</em></strong></span> 
     </span>
    </p>
   </div>
   <div class='ocr_carea' id='block_1_19' title="bbox 249 2589 1938 2668">
    <p class='ocr_par' dir='ltr' id='par_1_19' title="bbox 249 2592 1938 2668">
     <span class='ocr_line' id='line_1_19' title="bbox 249 2592 1938 2668; baseline 0 -22"><span class='ocrx_word' id='word_1_172' title='bbox 249 2595 557 2648; x_wconf 78' lang='grc' dir='ltr'><strong><em>Ἀντώνιον.</em></strong></span> <span class='ocrx_word' id='word_1_173' title='bbox 597 2597 710 2650; x_wconf 78' lang='grc' dir='ltr'><strong><em>Οὐκ</em></strong></span> <span class='ocrx_word' id='word_1_174' title='bbox 739 2592 806 2668; x_wconf 82' lang='grc' dir='ltr'>ἦν</span> <span class='ocrx_word' id='word_1_175' title='bbox 833 2597 941 2667; x_wconf 75' lang='grc' dir='ltr'><strong><em>ἄρα.</em></strong></span> <span class='ocrx_word' id='word_1_176' title='bbox 966 2599 1074 2650; x_wconf 84' lang='grc' dir='ltr'><strong><em>τῶν</em></strong></span> <span class='ocrx_word' id='word_1_177' title='bbox 1101 2598 1486 2667; x_wconf 71' lang='grc' dir='ltr'><strong><em>προλαόόντων</em></strong></span> <span class='ocrx_word' id='word_1_178' title='bbox 1515 2595 1696 2649; x_wconf 84' lang='grc' dir='ltr'>καλῶν</span> <span class='ocrx_word' id='word_1_179' title='bbox 1726 2597 1804 2658; x_wconf 81' lang='lat' dir='ltr'><strong><em>el;</em></strong></span> <span class='ocrx_word' id='word_1_180' title='bbox 1830 2594 1938 2647; x_wconf 78' lang='grc' dir='ltr'><strong><em>πίσ·</em></strong></span> 
     </span>
    </p>
   </div>
   <div class='ocr_carea' id='block_1_20' title="bbox 1815 2589 3504 2668">
    <p class='ocr_par' dir='ltr' id='par_1_20' title="bbox 1830 2589 3504 2663">
     <span class='ocr_line' id='line_1_20' title="bbox 1830 2589 3504 2663; baseline 0 -16"><span class='ocrx_word' id='word_1_181' title='bbox 1830 2594 2032 2653; x_wconf 78' lang='grc' dir='ltr'><strong><em>πίστιν,</em></strong></span> <span class='ocrx_word' id='word_1_182' title='bbox 2070 2604 2178 2646; x_wconf 90' lang='lat' dir='ltr'><strong><em>etc.</em></strong></span> <span class='ocrx_word' id='word_1_183' title='bbox 2215 2590 2269 2645; x_wconf 89' lang='lat' dir='ltr'><strong><em>Id</em></strong></span> <span class='ocrx_word' id='word_1_184' title='bbox 2301 2600 2387 2646; x_wconf 92' lang='lat' dir='ltr'><strong><em>est</em></strong></span> <span class='ocrx_word' id='word_1_185' title='bbox 2424 2610 2437 2645; x_wconf 89' lang='lat'><strong>:</strong></span> <span class='ocrx_word' id='word_1_186' title='bbox 2477 2589 2766 2660; x_wconf 85' lang='lat' dir='ltr'><strong><em>Nicephori</em></strong></span> <span class='ocrx_word' id='word_1_187' title='bbox 2797 2592 3092 2646; x_wconf 74' lang='lat' dir='ltr'><strong><em>beatissimi</em></strong></span> <span class='ocrx_word' id='word_1_188' title='bbox 3121 2592 3420 2663; x_wconf 76' lang='lat' dir='ltr'><strong><em>philosophi</em></strong></span> <span class='ocrx_word' id='word_1_189' title='bbox 3453 2603 3504 2648; x_wconf 82' lang='lat' dir='ltr'><strong><em>rt</em></strong></span> 
     </span>
    </p>
   </div>
   <div class='ocr_carea' id='block_1_21' title="bbox 235 2678 3504 2752">
    <p class='ocr_par' dir='ltr' id='par_1_21' title="bbox 235 2678 3504 2752">
     <span class='ocr_line' id='line_1_21' title="bbox 235 2678 3504 2752; baseline 0 -17"><span class='ocrx_word' id='word_1_190' title='bbox 235 2685 472 2737; x_wconf 60' lang='lat' dir='ltr'><strong><em>viatoris</em></strong></span> <span class='ocrx_word' id='word_1_191' title='bbox 507 2683 696 2738; x_wconf 82' lang='lat' dir='ltr'><strong><em>Oratio</em></strong></span> <span class='ocrx_word' id='word_1_192' title='bbox 727 2685 962 2752; x_wconf 80' lang='lat' dir='ltr'><strong><em>funebris</em></strong></span> <span class='ocrx_word' id='word_1_193' title='bbox 1006 2687 1110 2739; x_wconf 78' lang='lat' dir='ltr'><strong><em>sive</em></strong></span> <span class='ocrx_word' id='word_1_194' title='bbox 1153 2684 1269 2738; x_wconf 86' lang='lat' dir='ltr'><strong><em>Vita</em></strong></span> <span class='ocrx_word' id='word_1_195' title='bbox 1303 2702 1423 2738; x_wconf 89' lang='lat' dir='ltr'><strong><em>cum</em></strong></span> <span class='ocrx_word' id='word_1_196' title='bbox 1452 2685 1689 2738; x_wconf 87' lang='lat' dir='ltr'><strong><em>encomio</em></strong></span> <span class='ocrx_word' id='word_1_197' title='bbox 1720 2683 2024 2751; x_wconf 85' lang='lat' dir='ltr'><strong><em>conjuncta,</em></strong></span> <span class='ocrx_word' id='word_1_198' title='bbox 2055 2684 2110 2733; x_wconf 81' lang='lat' dir='ltr'><strong><em>in</em></strong></span> <span class='ocrx_word' id='word_1_199' title='bbox 2143 2695 2394 2750; x_wconf 79' lang='lat' dir='ltr'><strong><em>maguum</em></strong></span> <span class='ocrx_word' id='word_1_200' title='bbox 2424 2678 2519 2733; x_wconf 85' lang='lat' dir='ltr'><strong><em>Dei</em></strong></span> <span class='ocrx_word' id='word_1_201' title='bbox 2561 2681 3015 2750; x_wconf 84' lang='lat' dir='ltr'><strong><em>archiepiscopum</em></strong></span> <span class='ocrx_word' id='word_1_202' title='bbox 3047 2691 3099 2735; x_wconf 86' lang='lat' dir='ltr'><strong><em>et</em></strong></span> <span class='ocrx_word' id='word_1_203' title='bbox 3129 2681 3504 2735; x_wconf 79' lang='lat' dir='ltr'><strong><em>admirabilem</em></strong></span> 
     </span>
    </p>
   </div>
   <div class='ocr_carea' id='block_1_22' title="bbox 235 2767 3502 2840">
    <p class='ocr_par' dir='ltr' id='par_1_22' title="bbox 235 2767 3502 2840">
     <span class='ocr_line' id='line_1_22' title="bbox 235 2767 3502 2840; baseline 0.001 -20"><span class='ocrx_word' id='word_1_204' title='bbox 235 2775 290 2822; x_wconf 80' lang='lat' dir='ltr'><strong><em>tu</em></strong></span> <span class='ocrx_word' id='word_1_205' title='bbox 336 2773 658 2839; x_wconf 83' lang='lat' dir='ltr'><strong><em>patriarchis</em></strong></span> <span class='ocrx_word' id='word_1_206' title='bbox 696 2774 1002 2837; x_wconf 76' lang='lat' dir='ltr'><strong><em>Antonium,</em></strong></span> <span class='ocrx_word' id='word_1_207' title='bbox 1033 2783 1139 2828; x_wconf 90' lang='lat' dir='ltr'><strong><em>etc.</em></strong></span> <span class='ocrx_word' id='word_1_208' title='bbox 1174 2771 1396 2827; x_wconf 81' lang='lat' dir='ltr'><strong>Minime</strong></span> <span class='ocrx_word' id='word_1_209' title='bbox 1428 2781 1610 2826; x_wconf 89' lang='lat' dir='ltr'><strong><em>autem</em></strong></span> <span class='ocrx_word' id='word_1_210' title='bbox 1649 2771 2068 2826; x_wconf 82' lang='lat' dir='ltr'><strong><em>conl‘uudcndus</em></strong></span> <span class='ocrx_word' id='word_1_211' title='bbox 2095 2779 2176 2824; x_wconf 87' lang='lat' dir='ltr'><strong><em>est</em></strong></span> <span class='ocrx_word' id='word_1_212' title='bbox 2199 2769 2290 2823; x_wconf 89' lang='lat' dir='ltr'><strong><em>hic</em></strong></span> <span class='ocrx_word' id='word_1_213' title='bbox 2315 2767 2660 2839; x_wconf 76' lang='lat' dir='ltr'><strong><em>Nicephorus</em></strong></span> <span class='ocrx_word' id='word_1_214' title='bbox 2691 2770 3051 2840; x_wconf 85' lang='lat' dir='ltr'><strong><em>philosophus</em></strong></span> <span class='ocrx_word' id='word_1_215' title='bbox 3084 2782 3138 2825; x_wconf 92' lang='lat' dir='ltr'><strong><em>et</em></strong></span> <span class='ocrx_word' id='word_1_216' title='bbox 3170 2771 3358 2825; x_wconf 85' lang='lat' dir='ltr'><strong><em>rhetor</em></strong></span> <span class='ocrx_word' id='word_1_217' title='bbox 3379 2787 3502 2824; x_wconf 86' lang='lat' dir='ltr'><strong><em>cum</em></strong></span> 
     </span>
    </p>
   </div>
   <div class='ocr_carea' id='block_1_23' title="bbox 237 2856 3506 2931">
    <p class='ocr_par' dir='ltr' id='par_1_23' title="bbox 237 2856 3506 2931">
     <span class='ocr_line' id='line_1_23' title="bbox 237 2856 3506 2931; baseline 0.001 -21"><span class='ocrx_word' id='word_1_218' title='bbox 237 2858 549 2928; x_wconf 73' lang='lat' dir='ltr'><strong><em>Nit&#39;cphut‘o</em></strong></span> <span class='ocrx_word' id='word_1_219' title='bbox 577 2860 850 2931; x_wconf 82' lang='lat' dir='ltr'><strong><em>Gregora.</em></strong></span> <span class='ocrx_word' id='word_1_220' title='bbox 895 2862 1123 2931; x_wconf 80' lang='lat' dir='ltr'><strong><em>integris</em></strong></span> <span class='ocrx_word' id='word_1_221' title='bbox 1147 2862 1359 2930; x_wconf 84' lang='lat' dir='ltr'><strong><em>aliquot</em></strong></span> <span class='ocrx_word' id='word_1_222' title='bbox 1389 2861 1607 2915; x_wconf 68' lang='lat' dir='ltr'><strong><em>saeculis</em></strong></span> <span class='ocrx_word' id='word_1_223' title='bbox 1636 2859 1965 2921; x_wconf 76' lang='lat' dir='ltr'><strong><em>recentiore,</em></strong></span> <span class='ocrx_word' id='word_1_224' title='bbox 1994 2858 2086 2925; x_wconf 89' lang='lat' dir='ltr'><strong><em>qui</em></strong></span> <span class='ocrx_word' id='word_1_225' title='bbox 2116 2856 2412 2913; x_wconf 82' lang='lat' dir='ltr'><strong><em>Historiam</em></strong></span> <span class='ocrx_word' id='word_1_226' title='bbox 2449 2874 2606 2913; x_wconf 86' lang='lat' dir='ltr'><strong><em>suam</em></strong></span> <span class='ocrx_word' id='word_1_227' title='bbox 2641 2858 3024 2930; x_wconf 86' lang='lat' dir='ltr'><strong><em>Byzantinam,</em></strong></span> <span class='ocrx_word' id='word_1_228' title='bbox 3060 2874 3238 2929; x_wconf 87' lang='lat' dir='ltr'><strong><em>usque</em></strong></span> <span class='ocrx_word' id='word_1_229' title='bbox 3285 2861 3351 2914; x_wconf 86' lang='lat' dir='ltr'><strong><em>ad</em></strong></span> <span class='ocrx_word' id='word_1_230' title='bbox 3385 2861 3506 2914; x_wconf 78' lang='lat' dir='ltr'><strong><em>obi-</em></strong></span> 
     </span>
    </p>
   </div>
   <div class='ocr_carea' id='block_1_24' title="bbox 237 2944 3508 3018">
    <p class='ocr_par' dir='ltr' id='par_1_24' title="bbox 237 2944 3508 3018">
     <span class='ocr_line' id='line_1_24' title="bbox 237 2944 3508 3018; baseline 0.001 -18"><span class='ocrx_word' id='word_1_231' title='bbox 237 2961 356 3002; x_wconf 85' lang='lat' dir='ltr'><strong><em>tum</em></strong></span> <span class='ocrx_word' id='word_1_232' title='bbox 397 2950 528 3018; x_wconf 87' lang='lat' dir='ltr'><strong><em>imp.</em></strong></span> <span class='ocrx_word' id='word_1_233' title='bbox 565 2951 865 3005; x_wconf 80' lang='lat' dir='ltr'><strong><em>Andronici</em></strong></span> <span class='ocrx_word' id='word_1_234' title='bbox 901 2950 1169 3017; x_wconf 84' lang='lat' dir='ltr'><strong><em>Junioris,</em></strong></span> <span class='ocrx_word' id='word_1_235' title='bbox 1205 2952 1320 3007; x_wconf 85' lang='lat' dir='ltr'><strong><em>sive</em></strong></span> <span class='ocrx_word' id='word_1_236' title='bbox 1347 2952 1411 3005; x_wconf 79' lang='lat' dir='ltr'><strong><em>ad</em></strong></span> <span class='ocrx_word' id='word_1_237' title='bbox 1446 2966 1647 3004; x_wconf 88' lang='lat' dir='ltr'><strong><em>annum</em></strong></span> <span class='ocrx_word' id='word_1_238' title='bbox 1691 2948 1896 3004; x_wconf 85' lang='lat' dir='ltr'><strong><em>Christi</em></strong></span> <span class='ocrx_word' id='word_1_239' title='bbox 1952 2949 2081 3003; x_wconf 71' lang='lat' dir='ltr'><strong><em>l5“</em></strong></span> <span class='ocrx_word' id='word_1_240' title='bbox 2121 2947 2396 3016; x_wconf 80' lang='lat' dir='ltr'><strong><em>perduxit.</em></strong></span> <span class='ocrx_word' id='word_1_241' title='bbox 2453 2944 2593 3000; x_wconf 81' lang='lat' dir='ltr'><strong><em>Nam</em></strong></span> <span class='ocrx_word' id='word_1_242' title='bbox 2626 2958 2676 3001; x_wconf 97' lang='lat' dir='ltr'><strong><em>et</em></strong></span> <span class='ocrx_word' id='word_1_243' title='bbox 2701 2947 2767 3001; x_wconf 88' lang='lat' dir='ltr'><strong>de</strong></span> <span class='ocrx_word' id='word_1_244' title='bbox 2794 2961 2860 3002; x_wconf 91' lang='lat' dir='ltr'><strong><em>eo</em></strong></span> <span class='ocrx_word' id='word_1_245' title='bbox 2886 2947 2967 3001; x_wconf 81' lang='lat' dir='ltr'><strong><em>vir</em></strong></span> <span class='ocrx_word' id='word_1_246' title='bbox 3005 2945 3365 3002; x_wconf 74' lang='lat' dir='ltr'><strong><em>doctissimus</em></strong></span> <span class='ocrx_word' id='word_1_247' title='bbox 3397 2946 3508 3004; x_wconf 86' lang='lat' dir='ltr'><strong><em>Leo</em></strong></span> 
     </span>
    </p>
   </div>
   <div class='ocr_carea' id='block_1_25' title="bbox 240 3033 3507 3112">
    <p class='ocr_par' dir='ltr' id='par_1_25' title="bbox 240 3033 3507 3112">
     <span class='ocr_line' id='line_1_25' title="bbox 240 3033 3507 3112; baseline -0 -22"><span class='ocrx_word' id='word_1_248' title='bbox 240 3039 478 3094; x_wconf 76' lang='lat' dir='ltr'><strong><em>Allatius</em></strong></span> <span class='ocrx_word' id='word_1_249' title='bbox 509 3040 560 3093; x_wconf 89' lang='lat' dir='ltr'><strong><em>in</em></strong></span> <span class='ocrx_word' id='word_1_250' title='bbox 610 3039 857 3095; x_wconf 84' lang='lat' dir='ltr'><strong><em>Diatriba</em></strong></span> <span class='ocrx_word' id='word_1_251' title='bbox 889 3042 953 3096; x_wconf 83' lang='lat' dir='ltr'><strong><em>de</em></strong></span> <span class='ocrx_word' id='word_1_252' title='bbox 981 3041 1302 3112; x_wconf 84' lang='lat' dir='ltr'><strong><em>Symeonum</em></strong></span> <span class='ocrx_word' id='word_1_253' title='bbox 1346 3042 1581 3108; x_wconf 88' lang='lat' dir='ltr'><strong><em>scriptis,</em></strong></span> <span class='ocrx_word' id='word_1_254' title='bbox 1611 3055 1734 3109; x_wconf 70' lang='lat' dir='ltr'><strong><em>pug.</em></strong></span> <span class='ocrx_word' id='word_1_255' title='bbox 1786 3037 1875 3103; x_wconf 88' lang='lat'><strong><em>87,</em></strong></span> <span class='ocrx_word' id='word_1_256' title='bbox 1910 3035 2096 3099; x_wconf 74' lang='lat' dir='ltr'><strong><em>refert,</em></strong></span> <span class='ocrx_word' id='word_1_257' title='bbox 2133 3033 2280 3106; x_wconf 87' lang='lat' dir='ltr'><strong><em>quod</em></strong></span> <span class='ocrx_word' id='word_1_258' title='bbox 2323 3033 2496 3088; x_wconf 81' lang='lat' dir='ltr'><strong><em>Vitam</em></strong></span> <span class='ocrx_word' id='word_1_259' title='bbox 2527 3035 2760 3104; x_wconf 82' lang='lat' dir='ltr'><strong><em>ejusdem</em></strong></span> <span class='ocrx_word' id='word_1_260' title='bbox 2813 3033 2870 3090; x_wconf 89' lang='lat' dir='ltr'><strong><em>S.</em></strong></span> <span class='ocrx_word' id='word_1_261' title='bbox 2921 3036 3141 3089; x_wconf 74' lang='lat' dir='ltr'><strong><em>Antonii</em></strong></span> <span class='ocrx_word' id='word_1_262' title='bbox 3180 3037 3507 3106; x_wconf 76' lang='lat' dir='ltr'><strong><em>patriurclue</em></strong></span> 
     </span>
    </p>
   </div>
   <div class='ocr_carea' id='block_1_26' title="bbox 236 3112 3510 3199">
    <p class='ocr_par' dir='ltr' id='par_1_26' title="bbox 236 3112 3510 3199">
     <span class='ocr_line' id='line_1_26' title="bbox 236 3112 3510 3199; baseline 0 -20"><span class='ocrx_word' id='word_1_263' title='bbox 236 3127 552 3195; x_wconf 77' lang='lat' dir='ltr'><strong><em>scripserit,</em></strong></span> <span class='ocrx_word' id='word_1_264' title='bbox 588 3112 748 3197; x_wconf 84' lang='lat' dir='ltr'><strong><em>cujus</em></strong></span> <span class='ocrx_word' id='word_1_265' title='bbox 794 3130 1011 3184; x_wconf 89' lang='lat' dir='ltr'><strong><em>titulum</em></strong></span> <span class='ocrx_word' id='word_1_266' title='bbox 1047 3139 1100 3183; x_wconf 90' lang='lat' dir='ltr'><strong><em>et</em></strong></span> <span class='ocrx_word' id='word_1_267' title='bbox 1133 3130 1460 3199; x_wconf 87' lang='lat' dir='ltr'><strong><em>principimn</em></strong></span> <span class='ocrx_word' id='word_1_268' title='bbox 1498 3128 1572 3184; x_wconf 87' lang='lat' dir='ltr'><strong><em>ibi</em></strong></span> <span class='ocrx_word' id='word_1_269' title='bbox 1615 3130 1719 3183; x_wconf 90' lang='lat' dir='ltr'><strong><em>hoc</em></strong></span> <span class='ocrx_word' id='word_1_270' title='bbox 1759 3127 1920 3181; x_wconf 86' lang='lat' dir='ltr'><strong><em>modo</em></strong></span> <span class='ocrx_word' id='word_1_271' title='bbox 1963 3123 2188 3178; x_wconf 79' lang='lat' dir='ltr'><strong><em>exhibet</em></strong></span> <span class='ocrx_word' id='word_1_272' title='bbox 2229 3141 2242 3177; x_wconf 93' lang='lat'><strong>:</strong></span> <span class='ocrx_word' id='word_1_273' title='bbox 2285 3121 2580 3194; x_wconf 83' lang='lat' dir='ltr'><strong><em>Nicephori</em></strong></span> <span class='ocrx_word' id='word_1_274' title='bbox 2627 3123 2882 3192; x_wconf 71' lang='lat' dir='ltr'><strong><em>Gregorae</em></strong></span> <span class='ocrx_word' id='word_1_275' title='bbox 2914 3123 3040 3189; x_wconf 80' lang='lat' dir='ltr'><strong><em>Bio;</em></strong></span> <span class='ocrx_word' id='word_1_276' title='bbox 3082 3125 3178 3178; x_wconf 74' lang='grc' dir='ltr'><strong><em>τοῦ</em></strong></span> <span class='ocrx_word' id='word_1_277' title='bbox 3227 3128 3286 3180; x_wconf 72' lang='grc' dir='ltr'>ἐν</span> <span class='ocrx_word' id='word_1_278' title='bbox 3329 3127 3510 3194; x_wconf 75' lang='grc' dir='ltr'><strong><em>ἁγίοις</em></strong></span> 
     </span>
    </p>
   </div>
   <div class='ocr_carea' id='block_1_27' title="bbox 236 3209 3509 3285">
    <p class='ocr_par' dir='ltr' id='par_1_27' title="bbox 236 3209 3509 3285">
     <span class='ocr_line' id='line_1_27' title="bbox 236 3209 3509 3285; baseline 0.001 -20"><span class='ocrx_word' id='word_1_279' title='bbox 236 3215 584 3284; x_wconf 75' lang='grc' dir='ltr'><strong><em>πατριάρχου</em></strong></span> <span class='ocrx_word' id='word_1_280' title='bbox 616 3217 1261 3282; x_wconf 76' lang='grc' dir='ltr'><strong><em>Κωνσταντινουπόλεως,</em></strong></span> <span class='ocrx_word' id='word_1_281' title='bbox 1306 3217 1596 3271; x_wconf 83' lang='grc' dir='ltr'><strong><em>Ἀντωνίου</em></strong></span> <span class='ocrx_word' id='word_1_282' title='bbox 1654 3215 1749 3269; x_wconf 83' lang='grc' dir='ltr'><strong><em>τοῦ</em></strong></span> <span class='ocrx_word' id='word_1_283' title='bbox 1784 3215 1883 3284; x_wconf 75' lang='grc' dir='ltr'><strong><em>τὴν</em></strong></span> <span class='ocrx_word' id='word_1_284' title='bbox 1920 3211 2088 3283; x_wconf 81' lang='grc' dir='ltr'>μονὴν</span> <span class='ocrx_word' id='word_1_285' title='bbox 2113 3209 2207 3265; x_wconf 77' lang='grc' dir='ltr'><strong><em>τοῦ</em></strong></span> <span class='ocrx_word' id='word_1_286' title='bbox 2240 3209 2467 3275; x_wconf 82' lang='grc' dir='ltr'><strong><em>Καλέως</em></strong></span> <span class='ocrx_word' id='word_1_287' title='bbox 2512 3211 2951 3281; x_wconf 79' lang='grc' dir='ltr'><strong><em>συστησαμένου.</em></strong></span> <span class='ocrx_word' id='word_1_288' title='bbox 2989 3214 3051 3266; x_wconf 82' lang='grc' dir='ltr'>Εἰ</span> <span class='ocrx_word' id='word_1_289' title='bbox 3080 3213 3138 3267; x_wconf 82' lang='grc' dir='ltr'><strong><em>δὲ</em></strong></span> <span class='ocrx_word' id='word_1_290' title='bbox 3179 3215 3273 3267; x_wconf 71' lang='grc' dir='ltr'><strong><em>καὶ</em></strong></span> <span class='ocrx_word' id='word_1_291' title='bbox 3304 3213 3509 3285; x_wconf 77' lang='grc' dir='ltr'>θνητὴν</span> 
     </span>
    </p>
   </div>
   <div class='ocr_carea' id='block_1_28' title="bbox 235 3300 1924 3376">
    <p class='ocr_par' dir='ltr' id='par_1_28' title="bbox 235 3301 1924 3376">
     <span class='ocr_line' id='line_1_28' title="bbox 235 3301 1924 3376; baseline -0.001 -20"><span class='ocrx_word' id='word_1_292' title='bbox 235 3301 424 3371; x_wconf 67' lang='grc' dir='ltr'>ψυχὴν</span> <span class='ocrx_word' id='word_1_293' title='bbox 443 3304 471 3354; x_wconf 86' lang='grc' dir='ltr'>ὁ</span> <span class='ocrx_word' id='word_1_294' title='bbox 498 3304 710 3372; x_wconf 76' lang='grc' dir='ltr'><strong><em>χρόνος,</em></strong></span> <span class='ocrx_word' id='word_1_295' title='bbox 737 3306 828 3358; x_wconf 79' lang='grc' dir='ltr'><strong><em>καὶ</em></strong></span> <span class='ocrx_word' id='word_1_296' title='bbox 855 3306 1074 3358; x_wconf 69' lang='grc' dir='ltr'>πάντων</span> <span class='ocrx_word' id='word_1_297' title='bbox 1099 3307 1216 3359; x_wconf 73' lang='grc' dir='ltr'>ἐστὶ</span> <span class='ocrx_word' id='word_1_298' title='bbox 1241 3308 1423 3376; x_wconf 80' lang='grc' dir='ltr'><strong><em>πατὴρ</em></strong></span> <span class='ocrx_word' id='word_1_299' title='bbox 1449 3305 1623 3359; x_wconf 68' lang='grc' dir='ltr'>ὁπόσα</span> <span class='ocrx_word' id='word_1_300' title='bbox 1659 3305 1837 3374; x_wconf 69' lang='grc' dir='ltr'>φθορὰ</span> <span class='ocrx_word' id='word_1_301' title='bbox 1863 3321 1924 3356; x_wconf 82' lang='grc' dir='ltr'><strong><em>κα</em></strong></span> 
     </span>
    </p>
   </div>
   <div class='ocr_carea' id='block_1_29' title="bbox 1814 3300 3503 3376">
    <p class='ocr_par' dir='ltr' id='par_1_29' title="bbox 1814 3300 3503 3374">
     <span class='ocr_line' id='line_1_29' title="bbox 1814 3300 3503 3374; baseline 0.002 -19"><span class='ocrx_word' id='word_1_302' title='bbox 1814 3307 1837 3355; x_wconf 78' lang='lat' dir='ltr'><strong><em>tt</em></strong></span> <span class='ocrx_word' id='word_1_303' title='bbox 1863 3305 1956 3356; x_wconf 79' lang='grc' dir='ltr'>καὶ</span> <span class='ocrx_word' id='word_1_304' title='bbox 1987 3302 2203 3369; x_wconf 77' lang='grc' dir='ltr'><strong><em>γένεσις</em></strong></span> <span class='ocrx_word' id='word_1_305' title='bbox 2248 3301 2459 3370; x_wconf 81' lang='grc' dir='ltr'><strong><em>βόσκει,</em></strong></span> <span class='ocrx_word' id='word_1_306' title='bbox 2487 3308 2596 3356; x_wconf 92' lang='lat' dir='ltr'><strong><em>etc.</em></strong></span> <span class='ocrx_word' id='word_1_307' title='bbox 2640 3301 2796 3369; x_wconf 87' lang='lat' dir='ltr'><strong><em>Quod</em></strong></span> <span class='ocrx_word' id='word_1_308' title='bbox 2829 3317 2995 3371; x_wconf 91' lang='lat' dir='ltr'><strong><em>porro</em></strong></span> <span class='ocrx_word' id='word_1_309' title='bbox 3019 3302 3086 3358; x_wconf 88' lang='lat' dir='ltr'><strong><em>ad</em></strong></span> <span class='ocrx_word' id='word_1_310' title='bbox 3127 3300 3503 3374; x_wconf 72' lang='lat' dir='ltr'><strong><em>Nicephorum</em></strong></span> 
     </span>
    </p>
   </div>
   <div class='ocr_carea' id='block_1_30' title="bbox 237 3387 3500 3464">
    <p class='ocr_par' dir='ltr' id='par_1_30' title="bbox 237 3387 3500 3464">
     <span class='ocr_line' id='line_1_30' title="bbox 237 3387 3500 3464; baseline 0.002 -22"><span class='ocrx_word' id='word_1_311' title='bbox 237 3387 523 3444; x_wconf 80' lang='lat' dir='ltr'><strong><em>Orationis</em></strong></span> <span class='ocrx_word' id='word_1_312' title='bbox 567 3408 660 3445; x_wconf 84' lang='lat' dir='ltr'><strong><em>seu</em></strong></span> <span class='ocrx_word' id='word_1_313' title='bbox 699 3391 830 3447; x_wconf 73' lang='lat' dir='ltr'><strong><em>Vita:</em></strong></span> <span class='ocrx_word' id='word_1_314' title='bbox 879 3393 1039 3448; x_wconf 71' lang='lat' dir='ltr'><strong><em>istius</em></strong></span> <span class='ocrx_word' id='word_1_315' title='bbox 1075 3396 1400 3463; x_wconf 85' lang='lat' dir='ltr'><strong><em>scriptorem</em></strong></span> <span class='ocrx_word' id='word_1_316' title='bbox 1436 3394 1653 3458; x_wconf 88' lang='lat' dir='ltr'><strong><em>attinet,</em></strong></span> <span class='ocrx_word' id='word_1_317' title='bbox 1695 3395 1785 3448; x_wconf 89' lang='lat' dir='ltr'><strong><em>ille</em></strong></span> <span class='ocrx_word' id='word_1_318' title='bbox 1826 3392 1930 3446; x_wconf 85' lang='lat' dir='ltr'><strong><em>sub</em></strong></span> <span class='ocrx_word' id='word_1_319' title='bbox 1977 3391 2158 3445; x_wconf 82' lang='lat' dir='ltr'><strong><em>Leone</em></strong></span> <span class='ocrx_word' id='word_1_320' title='bbox 2194 3389 2454 3460; x_wconf 87' lang='lat' dir='ltr'><strong><em>Sapiente</em></strong></span> <span class='ocrx_word' id='word_1_321' title='bbox 2515 3391 2850 3461; x_wconf 76' lang='lat' dir='ltr'><strong><em>imperatore</em></strong></span> <span class='ocrx_word' id='word_1_322' title='bbox 2905 3392 3062 3460; x_wconf 71' lang='lat' dir='ltr'><strong><em>risit,</em></strong></span> <span class='ocrx_word' id='word_1_323' title='bbox 3108 3405 3170 3448; x_wconf 93' lang='lat' dir='ltr'><strong><em>ut</em></strong></span> <span class='ocrx_word' id='word_1_324' title='bbox 3204 3394 3322 3464; x_wconf 90' lang='lat' dir='ltr'><strong><em>ipse</em></strong></span> <span class='ocrx_word' id='word_1_325' title='bbox 3351 3394 3500 3449; x_wconf 84' lang='lat' dir='ltr'><strong><em>clare</em></strong></span> 
     </span>
    </p>
   </div>
   <div class='ocr_carea' id='block_1_31' title="bbox 237 3477 3512 3553">
    <p class='ocr_par' dir='ltr' id='par_1_31' title="bbox 237 3477 3512 3553">
     <span class='ocr_line' id='line_1_31' title="bbox 237 3477 3512 3553; baseline 0.002 -22"><span class='ocrx_word' id='word_1_326' title='bbox 237 3477 378 3532; x_wconf 81' lang='lat' dir='ltr'><strong><em>satis</em></strong></span> <span class='ocrx_word' id='word_1_327' title='bbox 410 3479 633 3543; x_wconf 83' lang='lat' dir='ltr'><strong><em>inlicat,</em></strong></span> <span class='ocrx_word' id='word_1_328' title='bbox 669 3480 798 3532; x_wconf 76' lang='lat' dir='ltr'><strong><em>dum</em></strong></span> <span class='ocrx_word' id='word_1_329' title='bbox 832 3482 1038 3535; x_wconf 86' lang='lat' dir='ltr'><strong><em>diserte</em></strong></span> <span class='ocrx_word' id='word_1_330' title='bbox 1071 3483 1148 3536; x_wconf 85' lang='lat' dir='ltr'><strong><em>ait</em></strong></span> <span class='ocrx_word' id='word_1_331' title='bbox 1174 3500 1188 3536; x_wconf 89' lang='lat'><strong>:</strong></span> <span class='ocrx_word' id='word_1_332' title='bbox 1231 3482 1611 3551; x_wconf 79' lang='lat' dir='ltr'><strong><em>Plerarumque</em></strong></span> <span class='ocrx_word' id='word_1_333' title='bbox 1643 3497 1819 3535; x_wconf 86' lang='lat' dir='ltr'><strong><em>rerum</em></strong></span> <span class='ocrx_word' id='word_1_334' title='bbox 1847 3479 1912 3533; x_wconf 84' lang='lat' dir='ltr'><strong><em>de</em></strong></span> <span class='ocrx_word' id='word_1_335' title='bbox 1945 3477 2005 3533; x_wconf 92' lang='lat' dir='ltr'><strong><em>S.</em></strong></span> <span class='ocrx_word' id='word_1_336' title='bbox 2035 3479 2270 3532; x_wconf 80' lang='lat' dir='ltr'><strong><em>Antonio</em></strong></span> <span class='ocrx_word' id='word_1_337' title='bbox 2292 3480 2607 3548; x_wconf 84' lang='lat' dir='ltr'><strong><em>patriarcha</em></strong></span> <span class='ocrx_word' id='word_1_338' title='bbox 2634 3478 3032 3536; x_wconf 70' lang='lat' dir='ltr'><strong><em>narrandum</em></strong></span> <span class='ocrx_word' id='word_1_339' title='bbox 3061 3483 3376 3553; x_wconf 72' lang='lat' dir='ltr'><strong><em>magistram</em></strong></span> <span class='ocrx_word' id='word_1_340' title='bbox 3408 3483 3512 3538; x_wconf 67' lang='lat' dir='ltr'><strong><em>sibi</em></strong></span> 
     </span>
    </p>
   </div>
   <div class='ocr_carea' id='block_1_32' title="bbox 239 3564 3509 3640">
    <p class='ocr_par' dir='ltr' id='par_1_32' title="bbox 239 3564 3509 3640">
     <span class='ocr_line' id='line_1_32' title="bbox 239 3564 3509 3640; baseline 0.002 -25"><span class='ocrx_word' id='word_1_341' title='bbox 239 3581 350 3617; x_wconf 85' lang='lat' dir='ltr'><strong><em>non</em></strong></span> <span class='ocrx_word' id='word_1_342' title='bbox 375 3566 539 3618; x_wconf 86' lang='lat' dir='ltr'><strong><em>multo</em></strong></span> <span class='ocrx_word' id='word_1_343' title='bbox 575 3578 695 3620; x_wconf 88' lang='lat' dir='ltr'><strong><em>ante</em></strong></span> <span class='ocrx_word' id='word_1_344' title='bbox 725 3579 953 3637; x_wconf 87' lang='lat' dir='ltr'><strong><em>tempore</em></strong></span> <span class='ocrx_word' id='word_1_345' title='bbox 977 3570 1140 3637; x_wconf 76' lang='lat' dir='ltr'><strong><em>fuisse</em></strong></span> <span class='ocrx_word' id='word_1_346' title='bbox 1186 3572 1361 3638; x_wconf 87' lang='lat' dir='ltr'><strong><em>ipsum</em></strong></span> <span class='ocrx_word' id='word_1_347' title='bbox 1389 3571 1763 3640; x_wconf 83' lang='lat' dir='ltr'><strong><em>inspectionem</em></strong></span> <span class='ocrx_word' id='word_1_348' title='bbox 1807 3578 1855 3623; x_wconf 89' lang='lat' dir='ltr'><strong><em>et</em></strong></span> <span class='ocrx_word' id='word_1_349' title='bbox 1885 3567 2288 3636; x_wconf 69' lang='lat' dir='ltr'><strong><em>experientiam.</em></strong></span> <span class='ocrx_word' id='word_1_350' title='bbox 2327 3564 2507 3622; x_wconf 79' lang='lat' dir='ltr'><strong><em>Verba</em></strong></span> <span class='ocrx_word' id='word_1_351' title='bbox 2559 3569 2681 3637; x_wconf 90' lang='lat' dir='ltr'><strong><em>ejus</em></strong></span> <span class='ocrx_word' id='word_1_352' title='bbox 2718 3567 2910 3623; x_wconf 75' lang='lat' dir='ltr'><strong><em>Graeca</em></strong></span> <span class='ocrx_word' id='word_1_353' title='bbox 2944 3570 3061 3625; x_wconf 66' lang='lat' dir='ltr'><strong><em>haec</em></strong></span> <span class='ocrx_word' id='word_1_354' title='bbox 3095 3581 3247 3633; x_wconf 88' lang='lat' dir='ltr'><strong><em>sunt,</em></strong></span> <span class='ocrx_word' id='word_1_355' title='bbox 3272 3570 3369 3623; x_wconf 81' lang='grc' dir='ltr'><strong><em>καὶ</em></strong></span> <span class='ocrx_word' id='word_1_356' title='bbox 3398 3569 3509 3624; x_wconf 82' lang='grc' dir='ltr'>τῶν</span> 
     </span>
    </p>
   </div>
   <div class='ocr_carea' id='block_1_33' title="bbox 239 3652 3514 3731">
    <p class='ocr_par' dir='ltr' id='par_1_33' title="bbox 239 3652 3514 3731">
     <span class='ocr_line' id='line_1_33' title="bbox 239 3652 3514 3731; baseline 0.003 -27"><span class='ocrx_word' id='word_1_357' title='bbox 239 3653 345 3720; x_wconf 85' lang='grc' dir='ltr'><strong><em>μὲν</em></strong></span> <span class='ocrx_word' id='word_1_358' title='bbox 381 3653 676 3707; x_wconf 77' lang='grc' dir='ltr'><strong><em>ἁνελὲττειν</em></strong></span> <span class='ocrx_word' id='word_1_359' title='bbox 705 3656 809 3723; x_wconf 82' lang='grc' dir='ltr'><strong><em>τὴν</em></strong></span> <span class='ocrx_word' id='word_1_360' title='bbox 840 3657 1088 3728; x_wconf 83' lang='grc' dir='ltr'><strong><em>μνήμην,</em></strong></span> <span class='ocrx_word' id='word_1_361' title='bbox 1121 3652 1197 3713; x_wconf 84' lang='grc' dir='ltr'>ὧν</span> <span class='ocrx_word' id='word_1_362' title='bbox 1226 3658 1350 3728; x_wconf 68' lang='grc' dir='ltr'>ὕψις</span> <span class='ocrx_word' id='word_1_363' title='bbox 1398 3676 1490 3729; x_wconf 85' lang='grc' dir='ltr'><strong><em>μοι</em></strong></span> <span class='ocrx_word' id='word_1_364' title='bbox 1525 3658 1622 3712; x_wconf 73' lang='grc' dir='ltr'><strong><em>καὶ</em></strong></span> <span class='ocrx_word' id='word_1_365' title='bbox 1659 3660 1825 3728; x_wconf 78' lang='grc' dir='ltr'>πεῖρα</span> <span class='ocrx_word' id='word_1_366' title='bbox 1856 3657 2072 3727; x_wconf 81' lang='grc' dir='ltr'><strong><em>χρόνοις</em></strong></span> <span class='ocrx_word' id='word_1_367' title='bbox 2100 3657 2162 3710; x_wconf 81' lang='grc' dir='ltr'><strong><em>οὐ</em></strong></span> <span class='ocrx_word' id='word_1_368' title='bbox 2217 3659 2437 3727; x_wconf 83' lang='grc' dir='ltr'><strong><em>συχνοῖς</em></strong></span> <span class='ocrx_word' id='word_1_369' title='bbox 2474 3657 2798 3722; x_wconf 69' lang='grc' dir='ltr'><strong><em>διδάσκαλος</em></strong></span> <span class='ocrx_word' id='word_1_370' title='bbox 2832 3654 2923 3731; x_wconf 77' lang='grc' dir='ltr'><strong><em>ἦν,</em></strong></span> <span class='ocrx_word' id='word_1_371' title='bbox 2956 3669 3066 3715; x_wconf 92' lang='lat' dir='ltr'><strong><em>etc.</em></strong></span> <span class='ocrx_word' id='word_1_372' title='bbox 3099 3659 3174 3715; x_wconf 90' lang='lat' dir='ltr'><strong><em>De</em></strong></span> <span class='ocrx_word' id='word_1_373' title='bbox 3205 3660 3514 3730; x_wconf 77' lang='lat' dir='ltr'><strong><em>Nicephoro</em></strong></span> 
     </span>
    </p>
   </div>
   <div class='ocr_carea' id='block_1_34' title="bbox 241 3741 3510 3821">
    <p class='ocr_par' dir='ltr' id='par_1_34' title="bbox 241 3741 3510 3821">
     <span class='ocr_line' id='line_1_34' title="bbox 241 3741 3510 3821; baseline 0.003 -27"><span class='ocrx_word' id='word_1_374' title='bbox 241 3743 355 3794; x_wconf 83' lang='lat' dir='ltr'><strong><em>isto</em></strong></span> <span class='ocrx_word' id='word_1_375' title='bbox 391 3741 721 3811; x_wconf 85' lang='lat' dir='ltr'><strong><em>pltilOSOpllo</em></strong></span> <span class='ocrx_word' id='word_1_376' title='bbox 755 3752 809 3797; x_wconf 91' lang='lat' dir='ltr'><strong><em>et</em></strong></span> <span class='ocrx_word' id='word_1_377' title='bbox 837 3754 1083 3808; x_wconf 87' lang='lat' dir='ltr'><strong><em>oratore,</em></strong></span> <span class='ocrx_word' id='word_1_378' title='bbox 1116 3746 1394 3801; x_wconf 84' lang='lat' dir='ltr'><strong><em>Gerardus</em></strong></span> <span class='ocrx_word' id='word_1_379' title='bbox 1422 3744 1667 3802; x_wconf 78' lang='lat' dir='ltr'><strong><em>Joannes</em></strong></span> <span class='ocrx_word' id='word_1_380' title='bbox 1693 3746 1921 3801; x_wconf 81' lang='lat' dir='ltr'><strong><em>Vossius</em></strong></span> <span class='ocrx_word' id='word_1_381' title='bbox 1955 3747 2095 3801; x_wconf 92' lang='lat' dir='ltr'><strong><em>libro</em></strong></span> <span class='ocrx_word' id='word_1_382' title='bbox 2142 3763 2180 3802; x_wconf 92' lang='grc' dir='ltr'><strong><em>ιι</em></strong></span> <span class='ocrx_word' id='word_1_383' title='bbox 2209 3746 2287 3800; x_wconf 88' lang='lat' dir='ltr'><strong><em>De</em></strong></span> <span class='ocrx_word' id='word_1_384' title='bbox 2329 3748 2599 3802; x_wconf 86' lang='lat' dir='ltr'><strong><em>historicis</em></strong></span> <span class='ocrx_word' id='word_1_385' title='bbox 2632 3747 2855 3814; x_wconf 59' lang='lat' dir='ltr'><strong><em>Grecis,</em></strong></span> <span class='ocrx_word' id='word_1_386' title='bbox 2893 3764 3017 3819; x_wconf 89' lang='lat' dir='ltr'><strong><em>cap.</em></strong></span> <span class='ocrx_word' id='word_1_387' title='bbox 3058 3749 3152 3814; x_wconf 69' lang='lat'><strong><em>26,</em></strong></span> <span class='ocrx_word' id='word_1_388' title='bbox 3190 3751 3280 3804; x_wconf 90' lang='lat' dir='ltr'><strong><em>ubi</em></strong></span> <span class='ocrx_word' id='word_1_389' title='bbox 3316 3766 3510 3821; x_wconf 86' lang='lat' dir='ltr'><strong><em>perpe-</em></strong></span> 
     </span>
    </p>
   </div>
   <div class='ocr_carea' id='block_1_35' title="bbox 239 3834 3513 3907">
    <p class='ocr_par' dir='ltr' id='par_1_35' title="bbox 239 3834 3513 3907">
     <span class='ocr_line' id='line_1_35' title="bbox 239 3834 3513 3907; baseline 0.001 -20"><span class='ocrx_word' id='word_1_390' title='bbox 239 3849 362 3887; x_wconf 78' lang='lat' dir='ltr'><strong><em>ram</em></strong></span> <span class='ocrx_word' id='word_1_391' title='bbox 396 3834 594 3903; x_wconf 78' lang='lat' dir='ltr'><strong><em>legitur</em></strong></span> <span class='ocrx_word' id='word_1_392' title='bbox 619 3834 675 3888; x_wconf 89' lang='lat' dir='ltr'><strong><em>S.</em></strong></span> <span class='ocrx_word' id='word_1_393' title='bbox 716 3836 1010 3890; x_wconf 78' lang='lat' dir='ltr'><strong><em>Antonium</em></strong></span> <span class='ocrx_word' id='word_1_394' title='bbox 1035 3836 1291 3892; x_wconf 87' lang='lat' dir='ltr'><strong><em>Cauleam</em></strong></span> <span class='ocrx_word' id='word_1_395' title='bbox 1326 3836 1531 3892; x_wconf 90' lang='lat' dir='ltr'><strong><em>obiisse</em></strong></span> <span class='ocrx_word' id='word_1_396' title='bbox 1564 3853 1655 3893; x_wconf 85' lang='lat' dir='ltr'><strong><em>an.</em></strong></span> <span class='ocrx_word' id='word_1_397' title='bbox 1703 3837 1910 3892; x_wconf 77' lang='lat' dir='ltr'><strong><em>Christi</em></strong></span> <span class='ocrx_word' id='word_1_398' title='bbox 1936 3835 2062 3902; x_wconf 80' lang='grc'><strong>901,</strong></span> <span class='ocrx_word' id='word_1_399' title='bbox 2089 3850 2189 3906; x_wconf 90' lang='lat' dir='ltr'><strong><em>pro</em></strong></span> <span class='ocrx_word' id='word_1_400' title='bbox 2217 3835 2339 3891; x_wconf 84' lang='grc'><strong><em>891.</em></strong></span> <span class='ocrx_word' id='word_1_401' title='bbox 2370 3835 2691 3891; x_wconf 86' lang='lat' dir='ltr'><strong><em>Guillelmus</em></strong></span> <span class='ocrx_word' id='word_1_402' title='bbox 2727 3835 2984 3892; x_wconf 82' lang='lat' dir='ltr'><strong><em>Cavusin</em></strong></span> <span class='ocrx_word' id='word_1_403' title='bbox 3016 3836 3259 3892; x_wconf 83' lang='lat' dir='ltr'><strong><em>Historia</em></strong></span> <span class='ocrx_word' id='word_1_404' title='bbox 3287 3840 3513 3907; x_wconf 88' lang='lat' dir='ltr'><strong><em>scripto-</em></strong></span> 
     </span>
    </p>
   </div>
   <div class='ocr_carea' id='block_1_36' title="bbox 238 3920 3514 3997">
    <p class='ocr_par' dir='ltr' id='par_1_36' title="bbox 238 3920 3514 3997">
     <span class='ocr_line' id='line_1_36' title="bbox 238 3920 3514 3997; baseline 0.002 -23"><span class='ocrx_word' id='word_1_405' title='bbox 238 3937 361 3974; x_wconf 71' lang='lat' dir='ltr'><strong><em>rum</em></strong></span> <span class='ocrx_word' id='word_1_406' title='bbox 400 3920 669 3989; x_wconf 66' lang='lat' dir='ltr'><strong><em>Ecclesia,</em></strong></span> <span class='ocrx_word' id='word_1_407' title='bbox 703 3928 769 3977; x_wconf 85' lang='lat' dir='ltr'><strong><em>ad</em></strong></span> <span class='ocrx_word' id='word_1_408' title='bbox 801 3940 1005 3979; x_wconf 89' lang='lat' dir='ltr'><strong><em>annum</em></strong></span> <span class='ocrx_word' id='word_1_409' title='bbox 1029 3925 1153 3986; x_wconf 80' lang='lat'><strong><em>895.</em></strong></span> <span class='ocrx_word' id='word_1_410' title='bbox 1189 3941 1310 3995; x_wconf 70' lang='lat' dir='ltr'><strong><em>pag.</em></strong></span> <span class='ocrx_word' id='word_1_411' title='bbox 1337 3925 1461 3980; x_wconf 87' lang='lat'><strong><em>569.</em></strong></span> <span class='ocrx_word' id='word_1_412' title='bbox 1494 3924 1691 3981; x_wconf 84' lang='lat' dir='ltr'><strong><em>Petrus</em></strong></span> <span class='ocrx_word' id='word_1_413' title='bbox 1721 3923 2070 3992; x_wconf 87' lang='lat' dir='ltr'><strong><em>Lambecius,</em></strong></span> <span class='ocrx_word' id='word_1_414' title='bbox 2097 3941 2259 3996; x_wconf 91' lang='lat' dir='ltr'><strong><em>quem</em></strong></span> <span class='ocrx_word' id='word_1_415' title='bbox 2292 3925 2379 3980; x_wconf 93' lang='lat' dir='ltr'><strong><em>hic</em></strong></span> <span class='ocrx_word' id='word_1_416' title='bbox 2425 3927 2845 3997; x_wconf 75' lang='lat' dir='ltr'><strong><em>exscripsimus,</em></strong></span> <span class='ocrx_word' id='word_1_417' title='bbox 2881 3929 2979 3985; x_wconf 90' lang='lat' dir='ltr'><strong><em>lib.</em></strong></span> <span class='ocrx_word' id='word_1_418' title='bbox 3019 3944 3114 3984; x_wconf 81' lang='lat' dir='ltr'><strong><em>vnt</em></strong></span> <span class='ocrx_word' id='word_1_419' title='bbox 3162 3928 3514 3984; x_wconf 87' lang='lat' dir='ltr'><strong><em>Commenta-</em></strong></span> 
     </span>
    </p>
   </div>
   <div class='ocr_carea' id='block_1_37' title="bbox 240 4010 2801 4086">
    <p class='ocr_par' dir='ltr' id='par_1_37' title="bbox 240 4010 2801 4086">
     <span class='ocr_line' id='line_1_37' title="bbox 240 4010 2801 4086; baseline 0.004 -23"><span class='ocrx_word' id='word_1_420' title='bbox 240 4012 450 4063; x_wconf 88' lang='lat' dir='ltr'><strong><em>riorum</em></strong></span> <span class='ocrx_word' id='word_1_421' title='bbox 489 4010 829 4065; x_wconf 68' lang='lat' dir='ltr'><strong><em>bibliotheca:</em></strong></span> <span class='ocrx_word' id='word_1_422' title='bbox 876 4013 1139 4068; x_wconf 70' lang='lat' dir='ltr'><strong><em>Caesarea:</em></strong></span> <span class='ocrx_word' id='word_1_423' title='bbox 1172 4011 1637 4080; x_wconf 84' lang='lat' dir='ltr'><strong><em>Vindobonensis,</em></strong></span> <span class='ocrx_word' id='word_1_424' title='bbox 1666 4029 1720 4084; x_wconf 91' lang='lat' dir='ltr'><strong><em>p.</em></strong></span> <span class='ocrx_word' id='word_1_425' title='bbox 1740 4014 1830 4080; x_wconf 77' lang='grc'><strong><em>83,</em></strong></span> <span class='ocrx_word' id='word_1_426' title='bbox 1861 4024 1919 4071; x_wconf 89' lang='lat' dir='ltr'><strong><em>et</em></strong></span> <span class='ocrx_word' id='word_1_427' title='bbox 1942 4014 1998 4069; x_wconf 91' lang='lat' dir='ltr'><strong><em>in</em></strong></span> <span class='ocrx_word' id='word_1_428' title='bbox 2025 4013 2410 4086; x_wconf 45' lang='lat' dir='ltr'><strong><em>indicibusﬁp.</em></strong></span> <span class='ocrx_word' id='word_1_429' title='bbox 2450 4014 2556 4072; x_wconf 78' lang='lat'><strong><em>562</em></strong></span> <span class='ocrx_word' id='word_1_430' title='bbox 2588 4025 2643 4072; x_wconf 90' lang='lat' dir='ltr'><strong><em>et</em></strong></span> <span class='ocrx_word' id='word_1_431' title='bbox 2673 4015 2801 4072; x_wconf 84' lang='lat'><strong><em>578.</em></strong></span> 
     </span>
    </p>
   </div>
   <div class='ocr_carea' id='block_1_38' title="bbox 1012 4346 2742 4466">
    <p class='ocr_par' dir='ltr' id='par_1_38' title="bbox 1012 4346 2742 4466">
     <span class='ocr_line' id='line_1_38' title="bbox 1012 4346 2742 4466; baseline 0.003 -5"><span class='ocrx_word' id='word_1_432' title='bbox 1012 4346 1794 4464; x_wconf 82' lang='lat' dir='ltr'><strong><em>NlCEPHORl</em></strong></span> <span class='ocrx_word' id='word_1_433' title='bbox 1877 4348 2742 4466; x_wconf 86' lang='lat' dir='ltr'><strong><em>PHILOSOPHI</em></strong></span> 
     </span>
    </p>
   </div>
   <div class='ocr_carea' id='block_1_39' title="bbox 594 4581 3150 4682">
    <p class='ocr_par' dir='ltr' id='par_1_39' title="bbox 594 4581 3150 4682">
     <span class='ocr_line' id='line_1_39' title="bbox 594 4581 3150 4682; baseline 0.002 -6"><span class='ocrx_word' id='word_1_434' title='bbox 594 4583 874 4676; x_wconf 83' lang='lat' dir='ltr'><strong>VITA</strong></span> <span class='ocrx_word' id='word_1_435' title='bbox 946 4585 1040 4672; x_wconf 91' lang='lat' dir='ltr'><strong><em>S.</em></strong></span> <span class='ocrx_word' id='word_1_436' title='bbox 1116 4582 1629 4676; x_wconf 86' lang='lat' dir='ltr'><strong><em>ANTONII</em></strong></span> <span class='ocrx_word' id='word_1_437' title='bbox 1707 4581 2539 4680; x_wconf 86' lang='lat' dir='ltr'><strong><em>COGNOMENTO</em></strong></span> <span class='ocrx_word' id='word_1_438' title='bbox 2612 4587 3150 4682; x_wconf 63' lang='lat' dir='ltr'><strong><em>CAULEIE.</em></strong></span> 
     </span>
    </p>
   </div>
   <div class='ocr_carea' id='block_1_40' title="bbox 1556 4781 2212 4845">
    <p class='ocr_par' dir='ltr' id='par_1_40' title="bbox 1556 4781 2212 4845">
     <span class='ocr_line' id='line_1_40' title="bbox 1556 4781 2212 4845; baseline 0.006 -4"><span class='ocrx_word' id='word_1_439' title='bbox 1556 4781 1836 4842; x_wconf 85' lang='lat' dir='ltr'><strong>PATRIA</strong></span> <span class='ocrx_word' id='word_1_440' title='bbox 1846 4783 2064 4844; x_wconf 70' lang='lat' dir='ltr'><strong>RCH/E</strong></span> <span class='ocrx_word' id='word_1_441' title='bbox 2103 4783 2212 4845; x_wconf 68' lang='grc' dir='ltr'><strong><em>(ΖΡ.</em></strong></span> 
     </span>
    </p>
   </div>
   <div class='ocr_carea' id='block_1_41' title="bbox 1094 4931 2662 5005">
    <p class='ocr_par' dir='ltr' id='par_1_41' title="bbox 1094 4931 2662 5005">
     <span class='ocr_line' id='line_1_41' title="bbox 1094 4931 2662 5005; baseline 0.006 -23"><span class='ocrx_word' id='word_1_442' title='bbox 1094 4934 1238 4995; x_wconf 74' lang='lat' dir='ltr'><strong><em>(Acta</em></strong></span> <span class='ocrx_word' id='word_1_443' title='bbox 1271 4933 1368 4983; x_wconf 87' lang='lat' dir='ltr'><strong><em>SS.</em></strong></span> <span class='ocrx_word' id='word_1_444' title='bbox 1404 4931 1650 4995; x_wconf 82' lang='lat' dir='ltr'><strong><em>Bollaud.,</em></strong></span> <span class='ocrx_word' id='word_1_445' title='bbox 1684 4932 1946 4984; x_wconf 82' lang='lat' dir='ltr'><strong><em>Februarii</em></strong></span> <span class='ocrx_word' id='word_1_446' title='bbox 1973 4941 2092 4986; x_wconf 88' lang='lat' dir='ltr'><strong><em>tom.</em></strong></span> <span class='ocrx_word' id='word_1_447' title='bbox 2121 4936 2182 4996; x_wconf 89' lang='grc'><strong>11,</strong></span> <span class='ocrx_word' id='word_1_448' title='bbox 2215 4935 2297 4988; x_wconf 91' lang='lat' dir='ltr'><strong><em>die</em></strong></span> <span class='ocrx_word' id='word_1_449' title='bbox 2326 4936 2408 5000; x_wconf 77' lang='grc'><strong><em>12,</em></strong></span> <span class='ocrx_word' id='word_1_450' title='bbox 2441 4953 2490 5002; x_wconf 93' lang='lat' dir='ltr'><strong><em>p.</em></strong></span> <span class='ocrx_word' id='word_1_451' title='bbox 2525 4939 2614 4992; x_wconf 75' lang='lat'><strong><em>621</em></strong></span> <span class='ocrx_word' id='word_1_452' title='bbox 2632 4941 2662 5005; x_wconf 85' lang='lat'><strong><em>.)</em></strong></span> 
     </span>
    </p>
   </div>
   <div class='ocr_carea' id='block_1_42' title="bbox 1062 5249 2684 5352">
    <p class='ocr_par' dir='ltr' id='par_1_42' title="bbox 1062 5249 2684 5352">
     <span class='ocr_line' id='line_1_42' title="bbox 1062 5249 2684 5352; baseline 0.006 -11"><span class='ocrx_word' id='word_1_453' title='bbox 1062 5249 2013 5348; x_wconf 80' lang='lat' dir='ltr'><strong><em>COMMENTARIUS</em></strong></span> <span class='ocrx_word' id='word_1_454' title='bbox 2093 5257 2684 5352; x_wconf 69' lang='lat' dir='ltr'><strong><em>PRAEVIUS.</em></strong></span> 
     </span>
    </p>
   </div>
   <div class='ocr_carea' id='block_1_43' title="bbox 321 5571 3512 5660">
    <p class='ocr_par' dir='ltr' id='par_1_43' title="bbox 321 5571 3512 5660">
     <span class='ocr_line' id='line_1_43' title="bbox 321 5571 3512 5660; baseline 0.007 -31"><span class='ocrx_word' id='word_1_455' title='bbox 321 5573 375 5630; x_wconf 87' lang='grc'><strong>1.</strong></span> <span class='ocrx_word' id='word_1_456' title='bbox 429 5571 654 5628; x_wconf 77' lang='lat' dir='ltr'><strong><em>Relatus</em></strong></span> <span class='ocrx_word' id='word_1_457' title='bbox 693 5590 746 5627; x_wconf 90' lang='grc' dir='ltr'><strong><em>ιιι</em></strong></span> <span class='ocrx_word' id='word_1_458' title='bbox 783 5575 1027 5630; x_wconf 64' lang='lat' dir='ltr'><strong><em>caelitum</em></strong></span> <span class='ocrx_word' id='word_1_459' title='bbox 1064 5578 1276 5632; x_wconf 82' lang='lat' dir='ltr'><strong><em>tabulas</em></strong></span> <span class='ocrx_word' id='word_1_460' title='bbox 1321 5590 1402 5635; x_wconf 86' lang='lat' dir='ltr'><strong><em>est</em></strong></span> <span class='ocrx_word' id='word_1_461' title='bbox 1427 5582 1570 5650; x_wconf 89' lang='lat' dir='ltr'><strong><em>apud</em></strong></span> <span class='ocrx_word' id='word_1_462' title='bbox 1600 5581 1824 5641; x_wconf 89' lang='lat' dir='ltr'><strong><em>Latinos</em></strong></span> <span class='ocrx_word' id='word_1_463' title='bbox 1932 5581 2182 5641; x_wconf 71' lang='lat' dir='ltr'><strong><em>Ecclesiae</em></strong></span> <span class='ocrx_word' id='word_1_464' title='bbox 2215 5584 2843 5656; x_wconf 63' lang='lat' dir='ltr'><strong><em>Constantinopolitanae</em></strong></span> <span class='ocrx_word' id='word_1_465' title='bbox 2868 5588 3142 5660; x_wconf 69' lang='lat' dir='ltr'><strong><em>praesedit.</em></strong></span> <span class='ocrx_word' id='word_1_466' title='bbox 3167 5593 3243 5650; x_wconf 91' lang='lat' dir='ltr'><strong><em>De</em></strong></span> <span class='ocrx_word' id='word_1_467' title='bbox 3270 5609 3337 5650; x_wconf 86' lang='lat' dir='ltr'><strong><em>eo</em></strong></span> <span class='ocrx_word' id='word_1_468' title='bbox 3369 5594 3512 5650; x_wconf 76' lang='lat' dir='ltr'><strong><em>Mar-</em></strong></span> 
     </span>
    </p>
   </div>
   <div class='ocr_carea' id='block_1_44' title="bbox 245 5666 3509 5755">
    <p class='ocr_par' dir='ltr' id='par_1_44' title="bbox 245 5666 3509 5755">
     <span class='ocr_line' id='line_1_44' title="bbox 245 5666 3509 5755; baseline 0.008 -37"><span class='ocrx_word' id='word_1_469' title='bbox 245 5682 404 5734; x_wconf 81' lang='lat' dir='ltr'><strong><em>a-que</em></strong></span> <span class='ocrx_word' id='word_1_470' title='bbox 454 5680 518 5720; x_wconf 89' lang='lat' dir='ltr'><strong><em>ac</em></strong></span> <span class='ocrx_word' id='word_1_471' title='bbox 549 5666 768 5722; x_wconf 72' lang='lat' dir='ltr'><strong><em>Grzrcos</em></strong></span> <span class='ocrx_word' id='word_1_472' title='bbox 799 5668 1106 5734; x_wconf 83' lang='lat' dir='ltr'><strong><em>Antonius,</em></strong></span> <span class='ocrx_word' id='word_1_473' title='bbox 1143 5683 1510 5741; x_wconf 77' lang='lat' dir='ltr'><strong><em>cognomento</em></strong></span> <span class='ocrx_word' id='word_1_474' title='bbox 1568 5677 1826 5745; x_wconf 89' lang='lat' dir='ltr'><strong><em>Cauleas,</em></strong></span> <span class='ocrx_word' id='word_1_475' title='bbox 1934 5688 2096 5750; x_wconf 86' lang='lat' dir='ltr'><strong><em>tyrot.</em></strong></span> <span class='ocrx_word' id='word_1_476' title='bbox 2134 5677 2445 5734; x_wconf 80' lang='lat' dir='ltr'><strong><em>Romanum</em></strong></span> <span class='ocrx_word' id='word_1_477' title='bbox 2487 5695 2503 5735; x_wconf 90' lang='lat'><strong>:</strong></span> <span class='ocrx_word' id='word_1_478' title='bbox 2548 5697 2567 5732; x_wconf 72' lang='grc' dir='ltr'><strong><em>ι</em></strong></span> <span class='ocrx_word' id='word_1_479' title='bbox 2621 5678 3099 5755; x_wconf 82' lang='lat' dir='ltr'><strong><em>Constantinopoli</em></strong></span> <span class='ocrx_word' id='word_1_480' title='bbox 3161 5684 3223 5742; x_wconf 85' lang='lat' dir='ltr'><strong><em>S.</em></strong></span> <span class='ocrx_word' id='word_1_481' title='bbox 3288 5688 3509 5743; x_wconf 80' lang='lat' dir='ltr'><strong><em>Antonii</em></strong></span> 
     </span>
    </p>
   </div>
   <div class='ocr_carea' id='block_1_45' title="bbox 248 5756 3507 5852">
    <p class='ocr_par' dir='ltr' id='par_1_45' title="bbox 248 5756 3507 5852">
     <span class='ocr_line' id='line_1_45' title="bbox 248 5756 3507 5852; baseline 0.008 -41"><span class='ocrx_word' id='word_1_482' title='bbox 248 5756 346 5828; x_wconf 72' lang='lat' dir='ltr'><strong><em>qui</em></strong></span> <span class='ocrx_word' id='word_1_483' title='bbox 380 5757 484 5812; x_wconf 89' lang='lat' dir='ltr'><strong><em>sub</em></strong></span> <span class='ocrx_word' id='word_1_484' title='bbox 530 5759 734 5813; x_wconf 80' lang='lat' dir='ltr'><strong><em>exitum</em></strong></span> <span class='ocrx_word' id='word_1_485' title='bbox 765 5760 895 5815; x_wconf 88' lang='lat' dir='ltr'><strong><em>noni</em></strong></span> <span class='ocrx_word' id='word_1_486' title='bbox 930 5775 961 5816; x_wconf 80' lang='lat' dir='ltr'><strong><em>a</em></strong></span> <span class='ocrx_word' id='word_1_487' title='bbox 991 5761 1195 5819; x_wconf 88' lang='lat' dir='ltr'><strong><em>Christi</em></strong></span> <span class='ocrx_word' id='word_1_488' title='bbox 1229 5764 1607 5826; x_wconf 85' lang='lat' dir='ltr'><strong><em>incarnatione</em></strong></span> <span class='ocrx_word' id='word_1_489' title='bbox 1638 5772 1824 5828; x_wconf 71' lang='lat' dir='ltr'><strong><em>saeculi</em></strong></span> <span class='ocrx_word' id='word_1_490' title='bbox 1933 5787 2019 5842; x_wconf 89' lang='lat' dir='ltr'><strong><em>ep.</em></strong></span> <span class='ocrx_word' id='word_1_491' title='bbox 2058 5778 2303 5843; x_wconf 84' lang='lat' dir='ltr'><strong><em>tempore</em></strong></span> <span class='ocrx_word' id='word_1_492' title='bbox 2331 5769 2531 5828; x_wconf 90' lang='lat' dir='ltr'><strong><em>Leonis</em></strong></span> <span class='ocrx_word' id='word_1_493' title='bbox 2569 5768 2634 5827; x_wconf 81' lang='lat' dir='ltr'><strong><em>Vl</em></strong></span> <span class='ocrx_word' id='word_1_494' title='bbox 2684 5772 2845 5847; x_wconf 90' lang='lat' dir='ltr'><strong><em>imp.,</em></strong></span> <span class='ocrx_word' id='word_1_495' title='bbox 2896 5797 2916 5831; x_wconf 74' lang='grc' dir='ltr'><strong><em>ι</em></strong></span> <span class='ocrx_word' id='word_1_496' title='bbox 2971 5779 3091 5851; x_wconf 84' lang='lat' dir='ltr'><strong><em>ejus</em></strong></span> <span class='ocrx_word' id='word_1_497' title='bbox 3139 5795 3354 5851; x_wconf 88' lang='lat' dir='ltr'><strong><em>nempe,</em></strong></span> <span class='ocrx_word' id='word_1_498' title='bbox 3407 5780 3507 5852; x_wconf 85' lang='lat' dir='ltr'><strong><em>qui</em></strong></span> 
     </span>
    </p>
   </div>
  </div>
