4276 6438
745 404 847 470 179

1913 396 2335 460 NICEPHORI
2375 397 2837 461 PHILOSOPHI

3907 394 4014 460 180

740 513 944 570 Basilio
961 509 1257 567 Macedone
1278 511 1513 581 genitus,
1544 505 1791 577 Sapiens,
1814 522 1907 562 seu
1940 505 2318 574 Philosophus,
2350 506 2396 566 Α
2426 507 2622 561 vulnus
2668 508 2827 564 annis
2859 523 2873 560 :
2906 519 3038 577 ergo
3074 507 3125 563 id
3160 507 3236 562 illi
3262 507 3528 564 iullictum
3577 517 3700 562 eral.
3727 522 3818 562 an.
3853 508 4018 563 MM.

738 618 822 660 est
853 602 1183 674 appellatus.
1218 600 1437 653 Antonii
1492 598 1737 668 ejusdem
1773 597 2094 652 memoriam
2140 597 2211 650 ita
2268 596 2320 649 iu

743 700 929 753 Addit.
981 697 1046 751 ad
1086 692 1399 749 Usumdunt
1434 689 1718 744 annotavit
1760 687 2009 743 Molauus
2049 708 2060 741 :
2116 706 2133 738 ι
2191 688 2321 740 ltem

739 787 1217 857 Constantinopoli
1252 786 1315 841 8.
1369 783 1612 846 Antonii,
1659 782 1840 849 magni
1881 781 2023 835 inter
2059 780 2150 834 Dei
2187 795 2319 849 pon-

742 888 930 943 tilices.
960 893 1013 939 et
1050 880 1391 937 admirabilis
1441 880 1583 931 inter
1628 875 1998 945 patriarchas.
2034 894 2052 926 ι
2093 872 2324 928 Praaiere

744 977 941 1029 Menam
982 974 1069 1029 his
1128 972 1357 1028 verbis:
1408 989 1426 1021 ι
1472 968 1673 1022 Eodem
1737 969 1823 1021 die
1873 967 1965 1039 (l9.
2015 965 2323 1035 Februarii)

744 1066 1008 1120 memoria
1054 1063 1114 1119 8.
1148 1062 1211 1117 Ρ.
1252 1061 1319 1115 Ν.
1356 1060 1587 1119 Antonii
1610 1059 2010 1129 archiepisc0pi
2055 1058 2326 1112 Constan-

744 1160 1078 1230 titmpoleos,
1116 1176 1134 1209 ι
1170 1156 1469 1210 adnectunt
1500 1154 1765 1225 elogium,
1793 1154 1860 1207 de
1884 1169 1992 1222 quo
2019 1151 2180 1206 infra.

812 1252 868 1307 ἓ.
901 1251 1184 1320 Philippus
1223 1247 1510 1303 Ferrarius
1541 1249 1594 1301 in
1631 1246 1867 1316 generali
1895 1244 2155 1315 Catalogo
2199 1260 2327 1300 san-

742 1358 979 1409 ctorum,
1024 1344 1117 1415 qui
1167 1344 1367 1399 desunt
1395 1341 1784 1413 Martyrologio
1833 1339 2104 1405 Romano,
2159 1340 2225 1394 ad
2263 1340 2320 1393 11

743 1437 1027 1491 Februarii
1084 1436 1143 1490 S.
1197 1435 1500 1489 Antonium
1554 1433 1856 1502 inscripsit,
1904 1447 1971 1486 ex
2021 1430 2328 1503 Mettologio

744 1528 1084 1591 Grzrcorum,
1122 1534 1182 1580 ut
1213 1526 1266 1580 in
1288 1524 1678 1579 Notationibus
1706 1523 2013 1593 profitetur.
2047 1522 2153 1577 Sed
2186 1526 2328 1592 quo?

742 1619 860 1672 Non
903 1634 967 1674 eo
1025 1631 1175 1674 certe
1213 1620 1359 1688 quod
1422 1615 1591 1671 Henr.
1644 1615 1901 1670 Canisius
1952 1614 2174 1670 edidit:
2214 1631 2326 1671 non

744 1711 937 1765 Graeco
969 1712 1116 1781 quod
1157 1710 1401 1765 Venetiis
1444 1723 1709 1765 excusum
1745 1726 1757 1760 :
1794 1722 1902 1762 non
1942 1708 2090 1777 quod
2141 1706 2327 1763 Basilii

746 1804 1059 1860 Macedonis
1086 1802 1245 1873 jussu
1288 1802 1680 1857 concinnatum
1713 1800 1986 1856 asservari
2036 1798 2222 1855 Romae
2250 1798 2329 1855 fe-

2426 599 2488 652 31
2522 600 2684 667 Maii;
2720 604 2771 655 in
2824 616 2950 656 eum
3000 602 3147 656 enim
3185 602 3328 657 diem
3383 603 3707 656 Pentecoste
3738 601 3829 655 illo
3873 616 4022 655 anno

2425 692 2616 747 incidit
2647 712 2659 746 :
2695 709 2801 748 non
2849 693 3022 749 multo
3067 694 3229 765 igitur
3272 703 3399 749 ante
3430 693 3691 759 Antonio,
3731 694 3909 763 pridie
3938 694 4017 747 Id.

2427 784 2707 841 Februarii
2739 789 3034 850 exstincto,
3080 796 3429 843 successerat
3480 784 3757 842 Nicotaus.
3806 784 4018 842 Verum

2425 880 2526 933 etsi
2558 880 2744 949 paucis
2766 881 2948 936 verbis
2974 882 3263 950 perstricta
3287 890 3442 947 sunt,
3464 896 3587 950 quas
3612 881 3689 935 illi
3718 881 4020 949 scriptores

2425 972 2798 1041 interjiciunt,
2844 974 3094 1041 pluribus
3120 984 3299 1029 tamen
3322 985 3471 1045 gesta
3506 983 3640 1029 sunt
3673 976 3869 1039 annis;
3905 990 4021 1043 quo

2426 1067 2687 1121 nimirum
2708 1075 2872 1136 ‘pacto
2899 1075 3023 1137 post
3057 1065 3115 1120 S.
3149 1067 3575 1136 'l‘heophanonis
3610 1068 3799 1135 primae
3828 1058 4022 1122 uxoris

2429 1158 2660 1225 obitum,
2687 1159 2980 1214 secundam
3000 1158 3124 1213 dein
3149 1166 3202 1213 et
3227 1159 3442 1213 tertiam
3471 1160 3689 1213 duxerit
3709 1158 3836 1221 Leo,
3857 1168 4025 1227 atque

2430 1250 2784 1320 imperatorio
2812 1248 3122 1304 diademate
3160 1249 3359 1318 insigni
3393 1249 3514 1303 erit.

2501 1341 2554 1395 5.
2599 1341 2940 1397 Retractavit
2975 1341 3119 1412 quod
3152 1340 3219 1395 ad
3257 1338 3698 1410 Martyrologium
3730 1350 4024 1394 annotarat

2433 1433 2700 1488 Baronius
2728 1442 2768 1488 t.
2817 1431 2883 1489 Χ.
2919 1433 3121 1488 Annal.
3159 1432 3248 1487 ubi
3297 1432 3365 1487 ad
3411 1448 3541 1485 ann.
3577 1432 3702 1495 890,
3736 1448 3788 1484 ιι.
3825 1432 3913 1495 15,
3948 1434 4023 1486 ita

2430 1528 2652 1597 scripsit
2694 1544 2707 1581 :
2744 1545 2764 1578 ι
2807 1524 2923 1582 Hoc
2961 1542 3107 1582 anno
3141 1527 3373 1580 moritur
3399 1524 3670 1579 Antonius
3713 1526 4023 1593 patriarcha

2427 1617 3113 1687 Constantinopolitanus,
3158 1617 3249 1672 ubi
3304 1627 3515 1671 tantum
3552 1631 3725 1670 annos
3764 1617 3904 1671 duos
3933 1632 4025 1670 se-

2431 1712 2622 1766 disset.
2660 1709 2737 1765 Ita
2768 1709 2822 1763 in
2851 1709 3006 1765 Serie
3051 1708 3485 1780 patriarcharum
3517 1706 4024 1778 Constantinopoli-

2436 1814 2687 1858 tanorum
2730 1803 2784 1857 in
2827 1801 3071 1871 Corpore
3103 1800 3251 1857 Juris
3283 1800 3511 1854 intexta.
3556 1817 3573 1849 ι
3605 1801 3676 1852 At
3716 1815 3837 1868 quae
3874 1800 3927 1851 in
3962 1814 4027 1852 ea

748 1908 893 1961 rnnt,
931 1912 1054 1951 cum
1119 1895 1184 1949 ad
1254 1895 1438 1964 plures
1489 1909 1665 1948 annos
1716 1901 1998 1963 superstes
2043 1891 2327 1948 Macedoni
2363 1863 2404 1918 Β
2436 1893 2589 1949 Serie
2620 1894 2917 1949 traduntur
2945 1892 3012 1950 de
3043 1892 3205 1948 annis
3240 1893 3701 1964 patriarcharum,
3754 1892 3847 1961 qui
3883 1901 4029 1945 tern—

743 1990 1016 2044 Antonius
1051 1988 1235 2043 fuerit.
1258 1988 1374 2043 Alia
1407 1996 1597 2057 peccat
1631 1988 1683 2040 in
1713 1986 1911 2041 iisdem
1934 1984 2327 2044 Notationibus

746 2082 1050 2146 Ferrarius,
1082 2083 1209 2136 dum
1260 2097 1383 2135 eum
1434 2082 1511 2134 ait
1546 2101 1564 2132 ι
1633 2078 1816 2134 Plotio
1863 2080 2222 2135 schismatico
2276 2089 2333 2137 et

749 2178 1008 2229 lneretiro
1039 2176 1394 2243 subrogatum
1432 2174 1534 2228 sub
1563 2174 1745 2229 Leone
1775 2173 1842 2229 IV
1890 2174 2025 2245 imp.
2063 2194 2083 2227 ι
2122 2175 2331 2245 Cepro-

748 2267 896 2337 nymi
932 2266 1077 2319 filius
1121 2264 1225 2318 fuit
1260 2264 1369 2319 Leo
1415 2262 1483 2318 ιν
1526 2276 1691 2335 atque
1735 2265 1897 2321 annis
1927 2275 2147 2322 centum
2182 2266 2333 2336 prior

745 2359 1008 2423 Antonio,
1035 2359 1131 2426 qui
1156 2358 1335 2411 Leone
1357 2355 1421 2411 Vl
1453 2359 1904 2427 imperante,non
1923 2358 2118 2414 Photio
2146 2361 2329 2432 (quem

747 2451 1005 2507 mendose
1052 2448 1285 2503 Plotium
1318 2452 1500 2518 vocat)
1549 2450 1644 2504 sed
1682 2450 1741 2504 S.
1787 2450 2089 2523 Stephano,
2136 2452 2331 2508 Leonis

749 2546 1099 2614 imperatoris
1132 2543 1287 2598 fratri
1323 2545 1607 2603 sulJ'ectus.

817 2641 871 2694 5.
899 2641 1058 2695 Amm
1093 2639 1287 2693 Leonis
1337 2639 1518 2703 tertio,
1555 2639 1645 2709 qui
1680 2647 1798 2694 erat
1818 2655 1959 2703 εει-τε,
1992 2656 2156 2712 quam
2189 2656 2335 2696 nunc

748 2733 940 2789 Latina
992 2731 1230 2787 Ecclesia
1276 2742 1537 2800 usurpat,
1589 2732 1742 2794 1588,
1785 2732 1853 2785 ad
1905 2733 2333 2801 patriarchatum

747 2830 970 2876 evectus
1013 2820 1281 2874 Antonius
1324 2833 1427 2875 est.
1472 2822 1545 2875 Ita
1575 2822 1856 2877 Crtlrenus
1906 2822 1960 2877 in
1999 2824 2337 2893 Compendio

753 2918 1103 2974 historiarum
1145 2935 1157 2969 :
1208 2938 1226 2969 ι
1268 2918 1425 2971 Anno
1479 2919 1788 2989 insequenti
1836 2921 2032 2989 (antea
2077 2921 2336 2976 retulerat

753 3025 839 3066 tes
870 3022 1055 3081 gestas
1098 3009 1176 3081 τῷ
1224 3012 1464 3081 δευτέρῳ
1491 3012 1600 3064 ἔτει
1636 3011 1735 3080 τῆς
1777 3012 2056 3082 βασιλείας
2085 3013 2334 3079 Λέοντος,

749 3116 896 3157 anno
940 3104 1184 3158 secundo
1235 3104 1449 3174 imperii
1500 3103 1740 3173 Leonis)
1799 3107 2107 3176 insequenti
2148 3108 2332 3177 igitur,

2435 2002 2566 2057 pore
2620 1985 2819 2041 Leonis
2868 2002 2987 2041 eam
3040 1985 3282 2040 rexerint
3328 1982 3651 2045 Ecclesium,
3706 1982 3849 2036 haud
3888 1981 4031 2034 satis

2432 2086 2557 2150 apte
2586 2078 2817 2132 invicem
2859 2086 3193 2147 congruunt.
3249 2075 3459 2129 Dicitur
3509 2075 3655 2127 enim
3711 2072 4031 2141 Stephanus

2434 2169 2647 2225 sedisse
2702 2182 2878 2222 annos
2910 2168 2963 2222 5.
3033 2185 3052 2218 ι
3109 2165 3384 2220 Antonius
3413 2165 3469 2227 2,
3522 2162 3783 2217 Nicolaus
3837 2161 4034 2233 Mysti-

2434 2275 2531 2316 cns
2560 2259 2647 2323 11,
2679 2273 2745 2313 eo
2794 2258 2968 2328 ejecto
3008 2256 3337 2329 Euthymius
3384 2271 3560 2310 annos
3609 2254 3663 2317 5,
3722 2268 3939 2307 ιιιυιιδυδ
3972 2252 4029 2314 6,

2434 2351 2770 2421 tandemque
2802 2360 3020 2404 mortuo
3049 2348 3252 2411 Lemne,
3282 2349 3439 2418 pulso
3460 2347 3778 2418 Entltymio,
3802 2346 4033 2399 restitu-

2439 2454 2525 2497 tus
2555 2443 2835 2499 Nicolaus.
2878 2442 3090 2496 Annoi
3133 2440 3353 2504 Leonis,
3387 2441 3592 2495 Christi
3657 2440 3813 2504 l586,
3850 2439 3901 2492 in
3937 2452 4031 2492 so-

2435 2533 2569 2588 lium
2600 2532 2964 2603 patriarchale
2994 2542 3217 2587 evectus
3238 2543 3322 2586 est
3349 2531 3682 2601 Stephanus,
3710 2530 4031 2595 exturbato,

2435 2627 2528 2698 qui
2569 2642 2845 2697 nunquam
2890 2626 2940 2681 id
2990 2625 3226 2696 legitime
3262 2625 3597 2685 obtinuerat,
3650 2621 3849 2677 Photio
3886 2642 3897 2674 :
3932 2623 4033 2677 de-

2437 2720 2603 2775 cessit
2629 2717 2941 2789 Stephanus
2980 2719 3142 2773 tertio
3170 2727 3293 2788 post
3318 2733 3487 2779 anno,
3519 2718 3678 2772 1588.
3717 2718 4019 2777 Antonius.

2438 2813 2484 2868 si
2514 2812 2653 2867 duos
2679 2811 2947 2866 duntaxat
2992 2810 3134 2865 sedit
3163 2824 3361 2877 annos,
3401 2810 3608 2864 obiisse
3644 2810 3910 2864 dicendus
3943 2818 4033 2864 est

2441 2904 2599 2969 1590,
2636 2904 2712 2959 uti
2746 2903 3015 2958 Baronius
3052 2903 3243 2958 statuit
3280 2922 3292 2955 :
3328 2918 3459 2973 ergo
3503 2900 3635 2955 1401
3691 2902 3900 2971 ejecttts
3930 2900 4033 2956 Ni-

2439 2999 2648 3062 colaus,
2691 3012 2817 3052 cum
2863 2996 3094 3052 sedisset
3132 3011 3310 3051 annos
3344 2995 3432 3050 11.
3483 2996 3775 3065 Sequetur,
3823 2996 4032 3065 Euthy-

2442 3093 2613 3145 mium
2642 3090 2730 3145 cui
2762 3091 2795 3145 5
2823 3089 2968 3145 sedis
2990 3088 3145 3153 anui,
3172 3103 3389 3144 menses
3418 3088 3473 3152 6,
3510 3088 3847 3154 tribuuntur,
3880 3103 4034 3143 anno

751 3196 867 3250 sive
895 3197 1053 3250 tertio
1077 3196 1293 3265 imperii
1316 3196 1437 3265 ejus
1466 3212 1636 3261 anno,
1660 3196 1970 3267 Stephanus
1991 3199 2338 3269 imperatoris
2364 3206 2407 3268 ο

2364 3206 2407 3268 C
2441 3184 2546 3238 906
2585 3183 2800 3253 pulsum
2836 3197 2979 3247 esse,
3029 3181 3174 3251 quod
3220 3182 3443 3236 demum
3495 3181 3595 3236 911
3630 3181 3852 3248 accidit,
3901 3196 4031 3237 cum

753 3289 920 3345 frater
949 3304 1014 3344 ac
1057 3290 1369 3360 patriarcha
1409 3290 1649 3345 excessit
1687 3306 1717 3343 e
1747 3290 1880 3344 vita.
1913 3291 1969 3344 In
2006 3290 2125 3359 ejus
2155 3291 2333 3345 locum

751 3382 1040 3438 ordinatus
1104 3391 1187 3437 est
1238 3382 1554 3452 patriarcha
1615 3383 1923 3450 Antonius,
1973 3393 2337 3455 cognomento

751 3477 1006 3531 Cauleas.
1045 3496 1063 3529 ι
1090 3475 1347 3532 Mendose
1374 3477 1474 3532 ista
1503 3477 1555 3530 in
1586 3475 1915 3545 Curopalale
1945 3476 2102 3533 vertit
2132 3476 2340 3533 Gabios

756 3571 841 3624 his
876 3570 1059 3624 verbis
1090 3586 1104 3623 :
1142 3589 1160 3622 ι
1202 3569 1514 3639 Insequenti
1563 3585 1708 3623 anno
1756 3570 2066 3639 Stephanus
2101 3570 2338 3639 impera-

754 3663 893 3717 toris
933 3662 1119 3727 frater,
1168 3671 1222 3716 et
1266 3661 1580 3731 patriarcha
1620 3673 1972 3717 excesserunt
2016 3678 2046 3717 e
2095 3663 2205 3716 vita
2242 3678 2254 3712 :
2286 3662 2339 3715 in

753 3758 914 3823 enjus
972 3758 1151 3810 locum
1202 3756 1464 3810 sull‘ectus
1524 3766 1605 3809 est
1649 3755 1921 3809 Antonius
1977 3750 2343 3825 cognomento

755 3852 1006 3906 Cauleas.
1046 3868 1064 3899 ι
1099 3849 1287 3905 Grmce
1313 3858 1366 3903 et
1406 3849 1495 3903 hic
1536 3849 1791 3910 Καυλέας
1835 3849 2139 3917 appellatur
2178 3863 2207 3901 a
2243 3846 2345 3901 Ce-

755 3945 924 3997 dreno
956 3957 1020 3996 ac
1061 3940 1273 3994 Zonara
1303 3948 1358 3995 et
1388 3938 1441 3993 in
1478 3939 1633 3994 Serie
1680 3940 2062 4008 ep’seoporum
2097 3936 2340 4009 Byzantii

758 4037 833 4089 lib
886 4052 959 4090 tv.
988 4034 1138 4089 Juris
1162 4032 1510 4096 Graecorum;
1540 4041 1594 4086 et
1624 4030 1937 4101 Stephanus
1968 4029 2138 4086 frater
2174 4031 2343 4099 impe-

754 4130 992 4192 ratmis,
1040 4127 1183 4182 idem
1233 4136 1289 4181 et
1331 4127 1641 4196 patriarcha
1681 4134 1833 4189 erat,
1867 4124 1945 4179 uti
1978 4124 2093 4194 ipse
2125 4139 2344 4193 quoque

756 4222 1114 4291 Curopalales
1164 4220 1328 4289 paulo
1368 4228 1496 4273 ante
1536 4219 1834 4283 retulerat;
1877 4227 1932 4272 et
1964 4217 2104 4287 apud
2140 4218 2342 4272 Cedre—

761 4331 890 4369 num
921 4325 1006 4369 est
1038 4313 1269 4367 ἀπέλιπε
1297 4311 1585 4383 τὴν-ζωὴν,
1610 4312 1829 4365 excessit
1858 4328 1885 4364 e
1915 4312 2057 4375 vita;
2091 4325 2197 4364 non
2241 4325 2343 4365 au-

761 4417 868 4459 tem
928 4414 1278 4459 excesserunt.
1338 4403 1585 4458 Mortuus
1632 4404 1852 4458 videtur
1900 4403 2212 4472 Stephanus
2257 4404 2345 4458 die

764 4500 830 4552 l7
864 4498 1015 4564 Maii,
1059 4515 1169 4568 quo
1198 4514 1228 4552 a
1277 4496 1483 4552 Graecis
1523 4497 1626 4551 coli
1661 4497 1853 4552 scribit
1892 4495 2158 4552 Baronius
2206 4505 2247 4551 t.
2272 4495 2341 4551 Χ.

760 4590 958 4643 Annal.
993 4590 1058 4642 ad
1097 4606 1187 4642 an.
1219 4588 1344 4651 888,
1383 4605 1435 4641 u.
1472 4587 1524 4642 8.

833 4681 890 4734 4.
934 4679 1047 4734 Νοιι
1081 4684 1215 4733 sats
1248 4679 1534 4748 perspicue
1573 4676 1809 4731 traditur
1836 4692 1946 4747 quo
1978 4692 2124 4731 anno
2158 4676 2349 4731 deces-

763 4772 896 4825 serit
926 4771 980 4823 8.
1024 4771 1317 4830 Antonius,
1371 4779 1463 4821 aut
1498 4776 1705 4837 quanto
1750 4775 1995 4835 tempore
2045 4766 2346 4821 Ecclesiam

766 4863 911 4915 illam
953 4860 1372 4915 administrarit.
1425 4860 1691 4914 Baronius
1741 4859 1795 4911 in
1844 4860 2045 4913 Annot.
2095 4858 2161 4913 ad
2202 4857 2345 4912 Mar-

766 4954 925 5023 tyrol.
986 4961 1040 5006 et
1090 4951 1350 5016 Vossius,
1406 4951 1499 5004 lib.
1550 4965 1609 5015 ιι,
1655 4948 1728 5002 De
1787 4945 2069 5002 Historicis
2126 4945 2346 5012 σταθεὶς,

765 5061 885 5112 cap.
919 5043 1010 5105 26,
1044 5043 1293 5098 scribunt
1324 5058 1470 5096 anno
1499 5042 1631 5096 1401
1670 5040 1899 5096 obiisse.
1932 5038 2199 5094 Videntur
2226 5057 2348 5094 eam

766 5138 1083 5207 opinionem
1126 5138 1378 5193 hausisse
1420 5152 1485 5191 ex
1526 5135 1875 5204 Curopalate,
1926 5134 2019 5204 qui
2060 5143 2347 5206 postquam

768 5230 991 5298 scripsit
1034 5249 1050 5280 ι
1092 5231 1199 5284 \ita
1233 5229 1422 5285 functo
1466 5227 1778 5299 patriarcha
1812 5227 2074 5289 Antonio.
2108 5227 2352 5282 declara—

770 5332 883 5375 tum
930 5319 1211 5374 Nicolaum
1256 5320 1581 5392 Mysticum;
1626 5338 1643 5369 ι
1685 5318 1738 5372 in
1778 5320 1966 5371 eadem
2016 5319 2209 5388 pagina
2239 5317 2351 5387 (uti

769 5424 823 5468 et
854 5412 1159 5477 Cetlrenus,
1189 5429 1348 5479 quem
1381 5423 1645 5483 perpetuo
1676 5409 1962 5480 sequitur)
1996 5419 2201 5471 narrat,
2251 5409 2352 5462 im-

771 5515 1079 5577 peratorem
1139 5505 1408 5569 Leonem,
1457 5506 1546 5560 die
1617 5506 1973 5560 Pentecostes
2037 5505 2089 5556 in
2149 5504 2351 5571 templo

776 5606 835 5655 S.
860 5602 1038 5665 Mocii,
1063 5601 1202 5655 fuste
1216 5602 1285 5655 ab
1310 5599 1529 5654 homine
1548 5599 1759 5654 nefario
1775 5598 1944 5654 fuisse
1970 5597 2309 5651 vulneratum
2334 5616 2351 5665 ;

773 5704 940 5763 atque
969 5694 1017 5747 ei
1040 5708 1068 5746 a
1097 5693 1272 5747 Mario
1306 5692 1573 5747 monacho
1597 5680 1940 5762 praedictum,
1959 5690 2145 5745 decem
2174 5691 2352 5745 adhuc

775 5802 950 5844 annos
984 5786 1277 5843 victurum.
1323 5788 1396 5841 lla
1440 5788 1586 5840 enim
1620 5785 1837 5840 videtur
1880 5784 2004 5853 quis
2040 5783 2350 5839 ratiocinari

778 5898 958 5957 posse.
978 5881 1127 5940 Obiit
1155 5882 1265 5938 Leo
1284 5899 1372 5938 an.
1397 5882 1555 5951 1411,
1578 5881 1760 5937 decem
1779 5888 1900 5950 post
1920 5878 2049 5935 illud
2070 5888 2349 5949 acceptum

2382 4573 2424 4627 Ι)
2456 4580 2701 4634 Zonaras
2748 4588 2803 4634 et
2860 4577 3144 4634 Cedrenus
3193 4575 3441 4632 scribunt

2442 3274 2627 3331 Leone
2682 3283 2935 3339 mortuo,
2989 3273 3285 3343 imperium
3337 3274 3636 3344 capessivit
3692 3273 4032 3329 Alexander.

2445 3370 2651 3425 Desunt
2679 3372 2841 3441 igitur
2870 3384 3103 3425 numero
3136 3385 3405 3425 annorum
3442 3369 3667 3425 Antonii
3709 3369 3839 3424 anni
3866 3370 4039 3439 quin-

2444 3479 2551 3533 que
2592 3472 2646 3518 et
2676 3478 2892 3518 menses
2926 3462 3136 3530 aliquot
3172 3482 3185 3516 :
3222 3478 3399 3533 neque
3433 3463 3579 3518 enim
3614 3463 3826 3532 uspiam
3858 3461 4037 3516 inter-

2447 3557 2598 3627 regni
2628 3557 2831 3610 mentio
2860 3556 2939 3620 ﬁt,
2967 3557 3100 3626 quin
3126 3570 3342 3626 semper
3371 3570 3480 3611 uno
3508 3566 3725 3610 mortuo
3750 3566 3844 3609 aut
3872 3554 4039 3625 pulso

2446 3653 2582 3707 alter
2610 3662 2830 3706 creatus
2862 3651 2934 3707 sit
2958 3650 3293 3721 patriarcha.

2519 3745 2570 3800 6.
2619 3744 2792 3799 Aliter
2842 3745 3073 3813 patescit
3121 3758 3296 3809 error,
3343 3742 3387 3798 si
3442 3743 3514 3798 ita
3564 3743 3967 3814 argumenteris
4019 3762 4035 3800 :

2447 3838 2642 3892 Pulsus
2692 3845 2775 3890 est
2838 3835 3167 3906 Euthymius
3200 3850 3345 3889 anno
3402 3835 3530 3900 9H,
3596 3850 3783 3889 mense
3840 3833 4037 3902 Junio,

2447 3940 2666 3985 mortuo
2697 3927 2901 3983 Leone.
2934 3927 3039 3983 Sed
3080 3935 3197 3982 erat
3227 3939 3406 3981 autem
3434 3942 3607 3981 annos
3630 3927 3684 3991 5,
3727 3942 3943 3983 menses
3976 3932 4037 3993 6,

2447 4022 2515 4075 ab
2547 4022 2706 4076 initio
2741 4036 2936 4092 nempe
2975 4020 3105 4075 anni
3152 4018 3278 4076 966.
3319 4018 3461 4092 Ergo
3494 4029 3623 4075 tunc
3653 4021 3889 4090 primum
3923 4021 4043 4091 ejeo

2447 4126 2568 4170 ctus
2599 4122 2718 4169 erat
2764 4112 3053 4179 Nicolaus,
3105 4122 3397 4181 postquam
3454 4127 3628 4167 annos
3666 4112 3725 4166 11
3775 4110 4041 4167 Ecclesiae

2449 4208 2777 4278 przefuisset,
2822 4207 2891 4263 ab
2944 4207 3070 4260 anni
3117 4205 3223 4260 895
3259 4203 3587 4271 Februario,
3642 4206 3800 4272 cujus
3848 4205 3937 4260 die
3970 4208 4042 4259 12’.

2448 4303 2662 4358 obierat
2704 4302 2963 4357 decessor
3009 4300 3131 4371 ejus
3177 4299 3470 4355 Antonius.
3508 4297 3748 4368 Denique
3777 4314 3902 4354 cum
3938 4314 4038 4355 an.

2449 4396 2574 4462 912,
2601 4395 2910 4449 exstinctus
2936 4402 3021 4449 est
3053 4392 3385 4457 Alexander,
3413 4391 3806 4447 Constantinus
3834 4389 4041 4446 Leonis

2452 4488 2596 4541 filius
2632 4486 2927 4556 septimum
2972 4486 3085 4555 jam
3140 4500 3345 4538 annum
3400 4485 3579 4538 aetatis
3625 4484 3900 4552 explebat,
3956 4485 4039 4537 uti

3501 4592 3516 4629 :
3571 4589 3732 4644 quem
3807 4575 4042 4644 proinde

2452 4684 2639 4729 mstate
2667 4674 2797 4728 anni
2828 4671 2934 4728 905
2962 4680 3152 4726 natum
3185 4671 3356 4725 fuisse
3399 4677 3633 4739 oportet.
3666 4669 3830 4739 Atqui
3869 4684 3998 4724 eum
4021 4711 4038 4735 ,

2452 4776 2589 4820 teste
2616 4764 2891 4828 Cedreno,
2927 4761 3227 4831 baptizavit
3256 4760 3311 4815 in
3343 4761 3559 4816 Sancta:
3592 4760 3811 4828 Sophia:
3835 4762 4042 4830 templo

2452 4862 2731 4917 Nicolaus.
2767 4859 2897 4914 Dein
2929 4858 3069 4913 idem
3104 4857 3446 4927 imperatori,
3476 4856 3603 4926 quia
3634 4855 3805 4921 Zoen,
3833 4871 3957 4926 quae
3985 4858 4041 4912 ei

2456 4969 2554 5008 nec
2590 4951 2822 5007 necdum
2874 4950 3034 5004 thoro
3061 4948 3252 5019 juncta
3293 4947 3485 5002 'ftlium
3517 4948 3668 5003 illum
3713 4958 4040 5018 pepererat,

2455 5046 2556 5101 sibi
2587 5055 2837 5115 quartam
2862 5044 2976 5113 jam
3016 5043 3306 5114 conjugem
3358 5041 3695 5110 copulasset,
3727 5050 3893 5109 atque
3920 5042 4037 5097 Au-

2454 5149 2667 5205 gustam
2692 5144 3029 5200 coronasset,
3057 5137 3229 5188 sacris
3254 5133 3533 5188 interdixit
3561 5131 3852 5196 Nicolaus;
3879 5149 4041 5189 cum-

2454 5245 2563 5300 que
2604 5229 2819 5285 exorari
2868 5244 2949 5291 se,
3002 5238 3060 5282 ut
3103 5241 3228 5282 eum
3264 5227 3316 5279 in
3358 5226 3657 5280 Eeelesiarn
3700 5225 4039 5292 admitteret,

2454 5321 2621 5376 nullis
2648 5321 2901 5390 precibus
2942 5329 3240 5390 pateretur,
3277 5317 3393 5386 ipse
3415 5332 3446 5371 e
3470 5316 3728 5371 cathedra
3750 5318 4043 5375 submotus

2454 5415 2611 5469 initio
2651 5416 2780 5469 anni
2830 5415 2956 5479 966,
3006 5428 3131 5467 cum
3184 5410 3416 5465 sedisset
3455 5426 3632 5465 annos
3671 5410 3757 5475 11,
3796 5410 3865 5465 ab
3892 5427 4043 5465 anno

2454 5523 2650 5576 nempe
2665 5507 2789 5573 895,
2812 5523 2921 5578 quo
2940 5508 3144 5563 obiisse
3168 5505 3462 5560 Antonium
3485 5511 3719 5574 oportet,
3749 5513 4039 5573 postquam

2455 5599 2753 5657 Ecclesiam
2787 5601 3146 5672 gubernasset
3187 5613 3361 5654 annos
3391 5598 3448 5663 7,
3480 5596 3574 5666 qui
3608 5611 3775 5661 anno,
3811 5605 3867 5650 ut
3892 5597 4041 5651 dixi-

2458 5710 2599 5759 mus,
2632 5694 2737 5750 888
2766 5692 3044 5762 Stepltauo
3078 5694 3256 5747 fuerat
3287 5690 3570 5746 sttﬂ'ectus.

2530 5787 2581 5840 7.
2623 5786 2905 5842 Cedrenus
2934 5796 2987 5841 et
3018 5785 3376 5854 Curopalates
3414 5783 3593 5839 solum
3640 5792 3889 5847 narrant,
3923 5784 4040 5838 An-

2459 5882 2610 5937 tonio
2658 5893 2877 5936 mortuo
2922 5880 3265 5951 designatum
3315 5878 3685 5949 patriarcbam
3746 5876 4035 5937 Nicolaum
