4276 6438
234 441 334 509 181

1008 436 1184 496 VITA
1225 435 1285 493 S.
1329 429 1645 492 ΑΝΤΟΝΙΙ
1684 428 1998 489 CAULEE
2036 423 2539 486 PATRIARClle
2578 424 2687 485 (ΖΡ.

3388 415 3489 479 182

230 556 540 625 Mysticum,
590 557 721 618 quot
758 546 845 600 ille
878 545 1081 600 sederit
1127 543 1289 597 annis
1322 556 1428 594 non
1464 539 1800 608 exprimunt.
1832 539 1881 596 Α
1976 535 2030 587 8.
2066 534 2220 587 Edita
2268 542 2351 585 est
2392 548 2421 584 a
2469 530 2771 599 Lipomano
2806 537 2938 582 tom.
2969 525 3033 590 ν,
3075 524 3149 579 De
3184 524 3319 579 Vitis
3357 524 3486 595 88.,

231 646 584 716 hsps‘essisse
606 642 656 695 id
678 640 924 693 Zonaras
954 636 1186 699 videtur,
1209 633 1303 688 sed
1333 632 1545 686 incuria
1575 628 1803 689 librarii,

232 738 315 789 vel
347 734 550 788 codicis
580 730 791 796 antiqui
838 727 994 786 vitio,
1027 725 1081 788 id
1125 725 1178 777 in
1213 722 1372 777 editis
1404 718 1810 792 exemplaribus

232 827 523 879 omissum.
575 822 765 876 Graec
818 818 891 872 ita
941 815 1195 871 habetur.
1226 812 1333 866 Τοῦ
1370 812 1478 885 γὰρ
1520 810 1807 864 ’Δντωνίου

233 920 411 986 θρόνῳ
453 916 553 984 τῆς
583 906 1203 968 Κωνπαντινουπόλεως
1233 903 1592 974 ἐπιζήσαντος
1618 901 1806 971 ἐτη....

235 1014 331 1063 καὶ
374 1007 740 1079 μεταθεμένου
782 1003 882 1073 τὴν
940 1001 1110 1070 ζωὴν,
1156 1000 1185 1051 ὁ
1227 995 1501 1058 Macrino;
1547 994 1812 1055 Νικόλαος

239 1104 585 1172 πατριάρχης
609 1095 1071 1166 ἐκεχειροτόνητο.
1104 1089 1339 1145 Wolﬁus
1369 1088 1528 1142 vertit
1559 1104 1571 1140 :
1617 1105 1634 1137 ο
1676 1084 1809 1138 Nam

237 1210 363 1247 enm
411 1189 681 1243 Antenins
729 1188 869 1240 Sede
924 1181 1530 1250 Constantinopolitana
1583 1178 1810 1232 annis...

239 1286 538 1355 gulternata
564 1281 915 1343 decessisset,
945 1274 1473 1348 MysticttsNicolaus
1507 1270 1812 1341 patriarcha

239 1387 324 1432 est
353 1377 690 1446 designatus.
730 1393 749 1425 ι
790 1372 945 1437 Quod
987 1379 1171 1424 autem
1222 1368 1276 1420 in
1330 1367 1495 1420 citata
1524 1362 1678 1417 Serie
1714 1377 1812 1431 pa-

241 1469 609 1522 triarcharum
630 1463 1013 1518 contendimus
1049 1462 1229 1514 inesse
1262 1457 1545 1519 mendum,
1582 1457 1653 1508 ita
1686 1468 1817 1508 con-

240 1561 434 1628 tigisse
465 1559 679 1613 videtur
725 1555 870 1625 quod
907 1568 1005 1623 pro
1039 1553 1082 1615 ζ’
1118 1553 1189 1606 sit
1220 1551 1263 1622 β’
1298 1551 1569 1619 positum;
1597 1548 1679 1601 vel
1722 1562 1818 1615 pro

244 1654 360 1711 1111,
394 1656 591 1715 solum,
626 1650 715 1703 11.
747 1648 884 1702 Cum
921 1645 1161 1712 alioquin
1194 1652 1385 1696 auctor
1414 1640 1638 1695 forsitan
1675 1648 1819 1693 recte

242 1744 525 1813 scripserit
575 1759 590 1796 :
637 1739 922 1801 Ἀντώνιος
974 1739 1003 1789 ὁ
1049 1734 1323 1799 Καυλέας,
1374 1733 1466 1785 ἐπὶ
1510 1730 1603 1785 τοῦ
1652 1731 1817 1784 αὐτοῦ

243 1837 473 1898 Λέοντος
497 1838 578 1888 ἑτι
600 1834 643 1898 ζ’
671 1834 751 1886 vel
777 1833 869 1901 ἐτη
902 1833 1006 1883 Πιι.
1042 1828 1317 1883 Antonius
1343 1826 1596 1889 Cauleas,
1627 1824 1817 1879 eodem

243 1928 429 1983 Leone
466 1930 785 1996 imperante,
818 1938 992 1978 annos
1021 1922 1074 1977 6.

259 2146 1110 2171 Μ

1911 640 1972 678 ac
1997 625 2120 678 dein
2160 639 2190 676 a
2220 623 2403 684 Surio,
2441 641 2459 673 ι
2495 619 2805 689 Nic-ephori,
2842 617 3143 674 beatissimi
3173 617 3486 688 philosophi

1909 727 1961 771 et
1986 716 2242 777 oratoris,
2271 715 2459 768 Oratio
2485 712 2751 776 funebris,
2791 726 2886 766 seu
2928 710 3048 764 Vita
3075 708 3327 764 encomio
3350 725 3480 763 con-

1912 816 2079 871 texta,
2108 804 2289 875 magni
2321 806 2459 858 inter
2491 804 2583 858 Dei
2619 801 2905 874 pontiﬁces
2946 810 3001 853 et
3030 798 3373 853 admirabilis
3402 798 3489 851 in-

1912 909 1992 954 ter
2015 896 2351 969 patriarchas
2392 896 2630 949 Antonii.
2671 894 2846 962 Quam
2877 901 2932 948 et
2974 908 3074 947 nos
3110 891 3237 945 inde
3273 890 3361 943 hic
3390 890 3494 944 da-

1914 1007 2053 1045 mus.
2088 990 2223 1057 Quis
2255 989 2343 1042 ille
2388 986 2725 1054 Nicephorus
2764 985 2947 1049 fuerit,
2992 993 3048 1037 et
3079 997 3209 1037 num
3242 982 3346 1034 alia
3373 982 3491 1034 edi-

1914 1084 2053 1138 derit
2079 1097 2273 1151 opera,
2323 1094 2593 1146 nusquam
2624 1079 2877 1147 legimus.
2922 1076 3143 1130 Vixisse
3177 1074 3280 1128 sub
3311 1072 3493 1126 Leone

1914 1175 2167 1245 Sapiente
2192 1175 2349 1243 itnp.,
2381 1172 2480 1226 sub
2506 1185 2616 1239 quo
2639 1179 2693 1224 et
2721 1170 3007 1235 Antonius,
3034 1183 3100 1224 ex
3129 1168 3244 1238 ipsa
3275 1174 3492 1219 constat

1916 1256 2184 1325 oratione.

1987 1361 2040 1415 9.
2076 1357 2211 1413 Vita:
2241 1357 2299 1412 S.
2334 1354 2558 1410 Antonii
2585 1350 2994 1423 compendium,
3027 1365 3093 1405 ex
3143 1350 3333 1405 eadem
3360 1364 3492 1402 con-

1918 1454 2199 1508 cinnatum
2234 1452 2502 1514 oratione,
2532 1454 2715 1504 exstat
2746 1447 2798 1499 in
2833 1444 3076 1509 Menaeis,
3108 1444 3163 1495 in
3189 1457 3300 1511 quo
3327 1442 3497 1495 fuisse

1919 1545 2039 1615 ejus
2065 1544 2285 1599 nomine
2309 1542 2702 1597 monasterium
2745 1538 2967 1608 aliquod
2998 1536 3293 1595 indicatur,
3328 1536 3397 1587 ah
3431 1550 3497 1587 eo

1923 1637 2173 1692 fortassis
2207 1634 2510 1697 conditum,
2552 1642 2645 1686 aut
2695 1632 2747 1685 itt
2788 1643 2899 1698 quo
2949 1630 3066 1697 ipse
3114 1626 3496 1680 monachicum

1923 1730 2163 1785 habitum
2212 1726 2362 1784 olim,
2390 1733 2728 1793 susceperat.
2763 1722 2839 1775 Ita
2878 1721 3084 1773 habent
3112 1716 3312 1770 Menaaa
3345 1733 3357 1767 :
3395 1716 3497 1768 Τε-

1923 1818 2097 1871 λεῖται
2129 1817 2184 1869 δὲ
2206 1815 2431 1886 1ἔμιὺτοῦ
2458 1812 2712 1875 σύνταξις
2751 1813 2809 1863 ὲν
2828 1812 2894 1879 τῇ
2927 1808 3089 1863 αὑτοῦ
3118 1808 3276 1878 μονῇ.
3314 1823 3335 1856 r
3371 1804 3503 1870 Agi-

1852 1886 1892 1941 Β
1924 1923 2012 1966 tur
2040 1911 2160 1981 ejus
2194 1907 2644 1965 commemoratio
2668 1905 2721 1959 in
2759 1903 2931 1974 ipsius
2962 1900 3317 1957 monasterio.
3356 1914 3377 1950 ι

1125 2115 3472 2158 ___________________.____._______——————-

771 2306 1231 2407 ORATIO
1316 2305 1439 2394 IN
1516 2304 1608 2394 S.
1685 2293 2326 2388 ANTONIUM
2406 2287 2949 2381 CAULEAM

986 2537 1765 2661 NICEPHORI
1856 2527 2764 2645 PHILOSOPHI.

561 2910 929 2970 EXORDIUM
974 2908 1061 2963 AC
1098 2904 1429 2961 PROPl)SiT
1447 2902 1532 2958 lO.

332 3080 381 3132 l.
424 3075 563 3129 Fieri
598 3087 726 3144 ergo
758 3086 865 3123 non
918 3075 1150 3137 poterat,
1199 3072 1257 3116 ut
1294 3076 1484 3115 eorum
1517 3059 1611 3130 qui
1641 3058 1694 3112 itt
1732 3057 1834 3113 fide

256 3178 413 3242 prius
469 3165 715 3239 pra-clari
762 3162 1112 3221 exstiterunt,
1173 3172 1280 3209 non
1339 3168 1529 3207 rursus
1591 3162 1829 3221 tempus,

256 3241 476 3317 etiamsi
519 3258 791 3312 videretur
818 3249 1197 3313 consenuisse,
1231 3245 1394 3302 fastus
1443 3243 1647 3298 similes
1675 3241 1833 3296 affer-

258 3358 377 3413 ret,
407 3359 461 3404 et
490 3362 585 3417 per
615 3353 920 3400 extremum
949 3347 1183 3410 partum,
1218 3336 1382 3390 rebus
1410 3334 1543 3404 ipsis
1574 3343 1629 3387 et
1653 3332 1832 3397 factis,

260 3440 684 3513 prmeedentium
732 3435 1008 3489 fructuum
1058 3428 1442 3497 comprobaret
1496 3424 1838 3479 admirabili-

260 3544 448 3589 tatem.
479 3533 617 3587 Cum
659 3529 808 3584 enim
851 3527 1006 3580 lictor
1047 3524 1116 3577 ab
1147 3520 1303 3575 initio
1332 3520 1626 3574 humanam
1675 3515 1841 3571 fabri-

261 3637 420 3681 catus
448 3632 593 3679 esset
628 3630 897 3685 naturam,
922 3626 977 3673 et
1007 3616 1274 3670 bonorum
1304 3611 1572 3667 seminum
1611 3609 1659 3663 ei
1694 3609 1839 3663 indi-

260 3724 436 3775 disset
460 3716 770 3777 materiam,
804 3728 911 3765 non
939 3710 1064 3763 sivit
1098 3718 1245 3761 utea
1282 3720 1407 3759 cunt
1445 3714 1684 3772 tempore
1711 3718 1842 3757 con-

262 3819 598 3872 senesceret,
651 3809 743 3862 sed
771 3816 828 3859 ut
874 3806 925 3857 itt
974 3803 1092 3857 dics
1142 3799 1548 3868 repubesceret,
1595 3806 1648 3850 et
1680 3795 1845 3848 fert-ct

265 3908 433 3960 ltettts
481 3914 773 3972 germanos
824 3894 1279 3967 praecedentibus,
1338 3904 1585 3959 supernae
1638 3904 1843 3954 comta-

265 3992 432 4047 tionis
466 3989 689 4043 tninitne
729 3986 1084 4040 adulteratam
1118 3981 1454 4037 nobilitatem
1489 3979 1541 4032 itt
1576 3993 1632 4032 se
1668 3978 1846 4031 feren-

266 4099 371 4139 tes.
408 4082 594 4137 Virtus
618 4082 763 4136 enim
800 4094 907 4134 non
940 4078 1142 4148 accipit
1194 4075 1598 4131 dimensionem
1649 4089 1712 4127 ex
1758 4087 1843 4136 co,

264 4176 413 4246 quod
454 4186 536 4230 est
568 4183 811 4243 tempore
844 4172 1121 4242 posterius
1151 4178 1247 4224 aut
1285 4168 1457 4238 prius,
1498 4167 1590 4222 sed
1619 4183 1683 4221 ex
1716 4180 1849 4235 pura

264 4279 318 4325 et
347 4270 665 4337 incorrupta
697 4276 875 4319 mente
911 4279 1127 4326 eorum,
1175 4262 1269 4331 qui
1314 4276 1372 4315 se
1406 4267 1551 4313 recte
1600 4267 1797 4328 gerunt
1834 4278 1845 4313 ε

264 4358 541 4431 quomodo
573 4358 640 4419 is,
680 4356 774 4427 qui
822 4370 967 4408 nunc
1000 4356 1249 4407 oratione
1286 4351 1592 4405 laudandus
1621 4359 1703 4404 est
1730 4366 1852 4419 pro-

264 4453 502 4524 positus,
533 4450 624 4520 qui
649 4447 985 4519 qttotidianis
1009 4444 1415 4500 accessionibus
1439 4442 1684 4499 ascendit
1712 4452 1853 4497 totas

268 4545 447 4599 scalas
480 4544 767 4602 virtutum,
802 4548 855 4593 et
889 4538 1133 4605 pervenit
1170 4538 1234 4591 ad
1264 4552 1563 4591 summum.

338 4636 394 4688 2.
434 4632 539 4688 Sed
585 4638 823 4698 oportet,
874 4630 1022 4697 huic,
1071 4629 1164 4699 qui
1224 4644 1317 4698 per
1358 4636 1528 4682 totam
1561 4627 1728 4680 vitam
1796 4627 1846 4680 in

267 4729 478 4783 virtute
516 4741 573 4781 se
602 4726 870 4786 exercuit,
903 4740 997 4777 eos
1023 4725 1115 4792 qui
1157 4738 1249 4791 per
1284 4714 1450 4775 totam
1482 4722 1649 4775 vitam
1683 4721 1738 4775 in
1770 4720 1852 4773 di-

268 4819 430 4874 cendi
456 4817 715 4873 facultate
748 4816 989 4869 studium
1026 4822 1344 4883 posuerunt,
1379 4820 1672 4867 contexere
1699 4828 1854 4866 coro-

271 4928 423 4975 nam,
457 4911 546 4980 qni
588 4907 810 4980 quidem
844 4916 973 4963 sunt
1004 4906 1192 4976 lingua
1224 4906 1352 4960 boni
1400 4914 1454 4959 et
1484 4912 1735 4974 potentes
1762 4922 1776 4969 ;
1800 4912 1856 4958 et

272 5002 538 5056 admirari
583 5016 669 5054 res
706 4999 969 5068 prmclare
1004 5007 1059 5052 et
1103 5006 1252 5050 recte
1299 4995 1367 5049 ah
1402 5008 1469 5049 eo
1516 5000 1731 5065 gestas;
1769 4994 1855 5047 me

271 5104 455 5149 autem
489 5094 707 5147 silentio
739 5091 900 5162 longo
928 5105 990 5145 os
1018 5103 1199 5144 meum
1231 5087 1617 5156 comprimere,
1658 5094 1712 5140 et
1752 5086 1856 5138 lin—

274 5199 440 5255 guam
473 5182 693 5238 vinculo
709 5182 993 5236 continere
1020 5196 1033 5234 ε
1062 5189 1116 5233 et
1146 5178 1277 5233 dum
1308 5176 1651 5231 aliioratoris
1675 5175 1855 5229 oliicio

275 5275 662 5345 fungerentur,
695 5287 779 5326 me
812 5271 865 5325 in
890 5286 1178 5325 numerum
1209 5268 1400 5323 referri
1426 5269 1736 5322 auditorum
1762 5285 1776 5333 ;
1804 5275 1859 5321 et

272 5382 467 5420 eorum
518 5365 739 5432 quidem
776 5363 1055 5418 revolvere
1100 5361 1444 5427 memoriam,
1500 5376 1732 5430 quorum
1770 5361 1853 5413 in-

276 5458 489 5527 spectio
509 5457 917 5526 etexperientia
941 5454 1040 5525 (l),
1064 5469 1174 5509 non
1197 5455 1360 5524 longo
1383 5453 1585 5508 abhinc
1613 5463 1859 5522 tempore

281 5560 496 5620 poterat
536 5565 659 5605 esse
710 5550 1003 5620 magistra,
1055 5558 1116 5603 ut
1169 5546 1385 5601 veritati
1419 5561 1632 5615 possem
1675 5561 1858 5600 verum

281 5655 339 5700 et
390 5645 609 5700 firmum
668 5642 813 5698 ferre
870 5642 1275 5704 testimonium;
1329 5656 1520 5696 eorum
1558 5654 1686 5695 vero
1739 5655 1863 5710 qua

1943 2895 2267 2966 ignorantur
2303 2890 2617 2945 narratione
2649 2903 2743 2957 per
2766 2888 3071 2940 orationem
3096 2887 3375 2956 percipere
3418 2900 3515 2942 co-

1940 2971 2241 3061 gnitionem
2269 3003 2282 3039 :
2318 2999 2427 3038 non
2458 2992 2635 3036 autem
2681 2982 2861 3051 lingua
2889 2979 3181 3043 inerudita,
3209 2987 3264 3033 et
3292 2979 3515 3049 ωδε-ἰω-

1939 3081 2083 3137 dinis
2120 3078 2290 3133 animi
2340 3075 2485 3130 nube
2540 3072 2770 3128 confusa
2826 3080 3028 3134 mente,
3079 3071 3298 3142 aggredi
3354 3081 3519 3126 tantae

1859 3203 1904 3267 Ο
1939 3173 2016 3228 rei
2049 3169 2502 3241 magnitudinem,
2544 3166 2826 3219 timentem
2851 3163 3094 3231 pericultt
3109 3178 3186 3225 tn,
3225 3162 3369 3232 quod
3414 3164 3518 3217 im-

1942 3268 2110 3321 minet
2142 3266 2233 3329 iis,
2265 3264 2360 3333 qui
2400 3261 2710 3329 suscipiunt
2747 3272 2810 3311 ea
2842 3272 2966 3327 qua:
2991 3266 3122 3310 sunt
3148 3272 3313 3324 supra
3345 3256 3514 3311 vires.

1940 3360 2143 3414 Natura
2167 3358 2315 3412 enim
2350 3357 2420 3409 ita
2452 3362 2538 3408 est
2566 3359 2970 3420 comparatum,
3004 3358 3065 3403 ut
3100 3350 3266 3404 verba
3296 3364 3385 3403 res
3411 3365 3520 3403 non

1941 3453 2148 3524 possint
2186 3448 2437 3518 assequi.
2478 3446 2579 3500 llic
2613 3453 2795 3498 autem
2828 3456 2997 3505 nunc,
3026 3440 3117 3495 ubi
3166 3449 3223 3495 et
3262 3439 3525 3510 longissi-

1944 3560 2092 3599 nturn
2128 3553 2341 3611 tempus
2370 3540 2680 3593 dimensum
2723 3543 2809 3590 est
2839 3534 3119 3596 virtutem,
3155 3541 3210 3587 et
3236 3531 3527 3587 110τίἀίεεί-

1946 3654 2093 3691 mum
2138 3646 2353 3706 pratum
2412 3633 2700 3687 imitantur
2747 3637 2891 3682 recte
2946 3626 3111 3689 facta,
3152 3640 3279 3680 cum
3338 3623 3527 3679 omnia

1946 3734 2183 3779 tractare
2223 3722 2374 3775 nulla
2424 3716 2637 3789 possint
2687 3717 2937 3779 ratione,
2978 3714 3177 3768 merito
3227 3710 3527 3781 refugiunt.

1949 3816 2134 3885 Neque
2165 3812 2309 3867 enim
2334 3826 2494 3866 suunt
2527 3808 2828 3877 ingenium,
2862 3820 2963 3859 nec
2994 3818 3177 3860 rerum
3210 3804 3530 3873 ignorantes

1950 3906 2403 3977 magnitudinem,
2456 3909 2742 3971 sperantes
2791 3907 2972 3952 tamen
3003 3912 3063 3951 se
3102 3895 3285 3966 potius
3320 3892 3531 3964 aliquid

1948 4005 2293 4065 accepturos,
2323 4007 2486 4063 quam
2525 3989 2773 4050 daturos,
2817 3986 3139 4043 existimant
3177 3999 3235 4040 se
3265 3983 3531 4040 virtutum

1953 4087 2501 4157 magnitudine;esse
2530 4096 2687 4136 suam
2727 4079 3005 4133 celatnros
3040 4076 3473 4133 imbecillitatem
3511 4091 3528 4134 :

1952 4184 2227 4237 neminem
2262 4178 2405 4233 enim
2434 4175 2683 4246 judicare
2709 4171 3418 4240 orationes,-stupefactum
3447 4182 3534 4223 reo

1957 4290 2076 4329 rum
2110 4271 2499 4327 admiratione.
2528 4265 2895 4332 Quamobrem
2932 4270 3154 4332 sperant
3186 4260 3329 4325 fore,
3364 4269 3425 4313 ut
3454 4258 3533 4313 si-

1956 4370 2066 4423 mul
2096 4377 2149 4421 et
2185 4366 2415 4425 lateant,
2436 4372 2489 4414 et
2519 4358 2903 4429 praadicentur,
2933 4354 3063 4408 dtttn
3095 4361 3313 4424 propth
3335 4352 3533 4406 horum

1956 4461 2356 4515 connexionem
2400 4456 2673 4507 habentur
2707 4451 2760 4503 itt
2808 4446 3196 4501 admiratione.
3240 4442 3346 4498 Sed
3393 4457 3537 4512 quo—

1884 4553 1926 4609 D
1957 4557 2104 4609 niam
2132 4551 2349 4613 mentis,
2382 4563 2502 4617 qua:
2527 4548 2667 4599 inter
2697 4555 2890 4597 omnes
2912 4539 3275 4609 principatum
3298 4535 3533 4599 obtinet,

1961 4647 2127 4702 vincit
2183 4641 2474 4702 sententia,
2521 4653 2643 4705 quae
2691 4642 2812 4705 post
2840 4632 3135 4700 exsequias
3165 4636 3354 4685 censet
3384 4627 3537 4696 justa

1962 4738 2106 4791 Patri
2138 4750 2261 4789 esse
2295 4728 2607 4792 tribuenda,
2648 4727 2740 4796 jus
2767 4724 2824 4778 in
2854 4723 3089 4777 dicendo
3108 4718 3299 4791 gratia
3321 4718 3539 4771 univer—

1963 4846 2084 4886 sum
2119 4826 2517 4898 permittentes,
2567 4820 2730 4887 (qnze,
2778 4815 2880 4871 etsi
2939 4826 3164 4868 necesse
3203 4802 3389 4896 sithad
3428 4822 3536 4860 non

1960 4920 2201 4990 assequi,
2244 4916 2472 4969 omnino
2517 4910 2663 4982 quod
2709 4907 2891 4963 deﬁcit
2935 4902 3193 4973 adjiciat,
3230 4899 3538 4969 velvpotins

1959 5012 2195 5067 orationi
2247 5009 2514 5075 integram
2574 4998 2835 5072 praebebit
2898 4993 3321 5059 correctionem)
3386 5005 3541 5043 acce-

1958 5108 2138 5161 ditnus
2173 5101 2237 5157 ad
2280 5096 2679 5157 narrationem,
2713 5088 2881 5145 veluti
2902 5085 3179 5158 quoddam
3216 5080 3543 5136 fundamen-

1964 5210 2077 5253 tum
2100 5193 2328 5265 patriam
2361 5188 2538 5258 primo
2576 5185 2697 5239 loco
2736 5187 3022 5252 ponentes.

2605 5294 2833 5353 CAPUT
2869 5292 2912 5346 l.

2006 5427 2189 5483 Sancti
2214 5423 2433 5478 Antonii
2470 5427 2644 5481 ortus,
2672 5410 2962 5472 institutio,
2995 5407 3104 5464 vita
3142 5402 3475 5459 monachica.

2033 5547 2087 5599 5.
2119 5544 2222 5599 Sed
2253 5542 2443 5613 patria:
2472 5550 2527 5593 et
2557 5534 2830 5604 majorum
2860 5527 3060 5583 nollem
3094 5523 3279 5578 facere
3309 5519 3546 5575 mentio-

1976 5654 2100 5695 nem
2136 5656 2147 5691 :
2176 5635 2436 5707 quoniam
2471 5647 2571 5689 nec
2600 5624 2804 5697 aliquid
2831 5635 3047 5685 eorum,
3073 5631 3195 5688 qua
3218 5615 3285 5670 ad
3323 5626 3545 5670 carnem

351 5822 432 5894 (l)
468 5821 605 5877 llinc
637 5832 803 5892 patet,
835 5838 943 5890 quo
995 5831 1241 5893 tempore
1300 5819 1579 5891 scripserit
1637 5817 1779 5873 hanc
1818 5818 2121 5875 orationem
2169 5812 2545 5883 Nicepltorus;
2592 5824 2717 5865 cum
2750 5821 2945 5879 nempe
2991 5800 3140 5860 haud
3202 5796 3411 5871 pridem
3468 5789 3551 5846 vi-

286 5910 412 5953 vere
444 5895 719 5951 Antonius
745 5895 1017 5951 desiisset.
