  <div class='ocr_page' id='page_1' title='image "/cluster/home/n/w/nwhite01/storage/ocr_20150623/106/nnc1.0046979980/099.png"; bbox 0 0 4276 6438; ppageno 0'>
   <div class='ocr_carea' id='block_1_1' title="bbox 750 408 851 476">
    <p class='ocr_par' dir='ltr' id='par_1_1' title="bbox 750 408 851 476">
     <span class='ocr_line' id='line_1_1' title="bbox 750 408 851 476; baseline 0.04 -4"><span class='ocrx_word' id='word_1_1' title='bbox 750 408 851 476; x_wconf 85' lang='grc'><strong>183</strong></span> 
     </span>
    </p>
   </div>
   <div class='ocr_carea' id='block_1_2' title="bbox 1920 417 2842 483">
    <p class='ocr_par' dir='ltr' id='par_1_2' title="bbox 1920 417 2842 483">
     <span class='ocr_line' id='line_1_2' title="bbox 1920 417 2842 483; baseline 0.003 -5"><span class='ocrx_word' id='word_1_2' title='bbox 1920 417 2332 479; x_wconf 83' lang='lat' dir='ltr'><strong>NICEPHORI</strong></span> <span class='ocrx_word' id='word_1_3' title='bbox 2378 420 2842 483; x_wconf 77' lang='lat' dir='ltr'><strong>PHILOSOPHI</strong></span> 
     </span>
    </p>
   </div>
   <div class='ocr_carea' id='block_1_3' title="bbox 3896 420 4000 489">
    <p class='ocr_par' dir='ltr' id='par_1_3' title="bbox 3896 420 4000 489">
     <span class='ocr_line' id='line_1_3' title="bbox 3896 420 4000 489; baseline -0.038 0"><span class='ocrx_word' id='word_1_4' title='bbox 3896 420 4000 489; x_wconf 70' lang='grc'><strong>184</strong></span> 
     </span>
    </p>
   </div>
   <div class='ocr_carea' id='block_1_4' title="bbox 746 519 4006 602">
    <p class='ocr_par' dir='ltr' id='par_1_4' title="bbox 746 519 4006 602">
     <span class='ocr_line' id='line_1_4' title="bbox 746 519 4006 602; baseline 0.005 -31"><span class='ocrx_word' id='word_1_5' title='bbox 746 519 1037 587; x_wconf 88' lang='lat' dir='ltr'><strong>pertinent,</strong></span> <span class='ocrx_word' id='word_1_6' title='bbox 1065 522 1271 578; x_wconf 67' lang='lat' dir='ltr'><strong>caelesti</strong></span> <span class='ocrx_word' id='word_1_7' title='bbox 1297 522 1371 577; x_wconf 86' lang='lat' dir='ltr'><strong>illi</strong></span> <span class='ocrx_word' id='word_1_8' title='bbox 1392 530 1445 577; x_wconf 93' lang='lat' dir='ltr'><strong>et</strong></span> <span class='ocrx_word' id='word_1_9' title='bbox 1462 526 1648 580; x_wconf 87' lang='lat' dir='ltr'><strong>carnis</strong></span> <span class='ocrx_word' id='word_1_10' title='bbox 1668 528 2065 597; x_wconf 84' lang='lat' dir='ltr'><strong>propemodum</strong></span> <span class='ocrx_word' id='word_1_11' title='bbox 2090 531 2320 599; x_wconf 85' lang='lat' dir='ltr'><strong>experti,</strong></span> <span class='ocrx_word' id='word_1_12' title='bbox 2354 538 2396 593; x_wconf 78' lang='grc' dir='ltr'>Α</span> <span class='ocrx_word' id='word_1_13' title='bbox 2426 533 2549 588; x_wconf 92' lang='lat' dir='ltr'><strong>dam</strong></span> <span class='ocrx_word' id='word_1_14' title='bbox 2581 532 2950 602; x_wconf 85' lang='lat' dir='ltr'><strong>possessione,</strong></span> <span class='ocrx_word' id='word_1_15' title='bbox 3004 545 3127 600; x_wconf 68' lang='lat' dir='ltr'><strong>qua:</strong></span> <span class='ocrx_word' id='word_1_16' title='bbox 3157 544 3264 584; x_wconf 88' lang='lat' dir='ltr'><strong>non</strong></span> <span class='ocrx_word' id='word_1_17' title='bbox 3300 532 3534 585; x_wconf 90' lang='lat' dir='ltr'><strong>multum</strong></span> <span class='ocrx_word' id='word_1_18' title='bbox 3570 532 3757 591; x_wconf 76' lang='lat' dir='ltr'><strong>aberat</strong></span> <span class='ocrx_word' id='word_1_19' title='bbox 3792 548 3823 588; x_wconf 89' lang='lat' dir='ltr'><strong>a</strong></span> <span class='ocrx_word' id='word_1_20' title='bbox 3863 537 4006 588; x_wconf 84' lang='lat' dir='ltr'><strong>civi-</strong></span> 
     </span>
    </p>
   </div>
   <div class='ocr_carea' id='block_1_5' title="bbox 746 612 2319 687">
    <p class='ocr_par' dir='ltr' id='par_1_5' title="bbox 746 612 2319 687">
     <span class='ocr_line' id='line_1_5' title="bbox 746 612 2319 687; baseline 0.008 -24"><span class='ocrx_word' id='word_1_21' title='bbox 746 619 801 664; x_wconf 92' lang='lat' dir='ltr'><strong>et</strong></span> <span class='ocrx_word' id='word_1_22' title='bbox 828 612 920 681; x_wconf 87' lang='lat' dir='ltr'><strong>qui</strong></span> <span class='ocrx_word' id='word_1_23' title='bbox 946 612 1120 668; x_wconf 83' lang='lat' dir='ltr'><strong>solam</strong></span> <span class='ocrx_word' id='word_1_24' title='bbox 1161 625 1387 669; x_wconf 80' lang='lat' dir='ltr'><strong>noverat</strong></span> <span class='ocrx_word' id='word_1_25' title='bbox 1418 616 1650 684; x_wconf 90' lang='lat' dir='ltr'><strong>patriam</strong></span> <span class='ocrx_word' id='word_1_26' title='bbox 1683 633 1978 687; x_wconf 83' lang='lat' dir='ltr'><strong>supernam</strong></span> <span class='ocrx_word' id='word_1_27' title='bbox 2019 619 2319 682; x_wconf 83' lang='lat' dir='ltr'><strong>civitatem,</strong></span> 
     </span>
    </p>
   </div>
   <div class='ocr_carea' id='block_1_6' title="bbox 749 700 2323 780">
    <p class='ocr_par' dir='ltr' id='par_1_6' title="bbox 749 700 2323 780">
     <span class='ocr_line' id='line_1_6' title="bbox 749 700 2323 780; baseline 0.008 -27"><span class='ocrx_word' id='word_1_28' title='bbox 749 700 803 755; x_wconf 93' lang='lat' dir='ltr'><strong>in</strong></span> <span class='ocrx_word' id='word_1_29' title='bbox 832 719 995 771; x_wconf 84' lang='lat' dir='ltr'><strong>quam</strong></span> <span class='ocrx_word' id='word_1_30' title='bbox 1030 705 1175 758; x_wconf 83' lang='lat' dir='ltr'><strong>cives</strong></span> <span class='ocrx_word' id='word_1_31' title='bbox 1207 704 1615 770; x_wconf 89' lang='lat' dir='ltr'><strong>adsciscuntur,</strong></span> <span class='ocrx_word' id='word_1_32' title='bbox 1648 710 1741 777; x_wconf 88' lang='lat' dir='ltr'><strong>qu‘i</strong></span> <span class='ocrx_word' id='word_1_33' title='bbox 1780 717 1913 763; x_wconf 82' lang='lat' dir='ltr'><strong>sunt</strong></span> <span class='ocrx_word' id='word_1_34' title='bbox 1941 710 2161 767; x_wconf 87' lang='lat' dir='ltr'><strong>virttttis</strong></span> <span class='ocrx_word' id='word_1_35' title='bbox 2190 728 2323 780; x_wconf 82' lang='lat' dir='ltr'><strong>ope-</strong></span> 
     </span>
    </p>
   </div>
   <div class='ocr_carea' id='block_1_7' title="bbox 746 795 2319 873">
    <p class='ocr_par' dir='ltr' id='par_1_7' title="bbox 746 795 2319 873">
     <span class='ocr_line' id='line_1_7' title="bbox 746 795 2319 873; baseline 0.006 -25"><span class='ocrx_word' id='word_1_36' title='bbox 746 805 979 860; x_wconf 85' lang='lat' dir='ltr'><strong>ratores,</strong></span> <span class='ocrx_word' id='word_1_37' title='bbox 1040 795 1248 851; x_wconf 80' lang='lat' dir='ltr'><strong>scimus</strong></span> <span class='ocrx_word' id='word_1_38' title='bbox 1310 797 1480 854; x_wconf 87' lang='lat' dir='ltr'><strong>fuisse</strong></span> <span class='ocrx_word' id='word_1_39' title='bbox 1538 800 1843 869; x_wconf 81' lang='lat' dir='ltr'><strong>preprium.</strong></span> <span class='ocrx_word' id='word_1_40' title='bbox 1888 802 1992 857; x_wconf 86' lang='lat' dir='ltr'><strong>Sed</strong></span> <span class='ocrx_word' id='word_1_41' title='bbox 2057 805 2319 873; x_wconf 79' lang='lat' dir='ltr'><strong>quoniam</strong></span> 
     </span>
    </p>
   </div>
   <div class='ocr_carea' id='block_1_8' title="bbox 748 886 2322 965">
    <p class='ocr_par' dir='ltr' id='par_1_8' title="bbox 748 886 2322 965">
     <span class='ocr_line' id='line_1_8' title="bbox 748 886 2322 965; baseline 0.006 -25"><span class='ocrx_word' id='word_1_42' title='bbox 748 902 895 948; x_wconf 87' lang='lat' dir='ltr'><strong>eum,</strong></span> <span class='ocrx_word' id='word_1_43' title='bbox 924 886 1015 955; x_wconf 91' lang='lat' dir='ltr'><strong>qui</strong></span> <span class='ocrx_word' id='word_1_44' title='bbox 1045 896 1269 959; x_wconf 76' lang='lat' dir='ltr'><strong>propter</strong></span> <span class='ocrx_word' id='word_1_45' title='bbox 1325 905 1422 944; x_wconf 88' lang='lat' dir='ltr'><strong>nos</strong></span> <span class='ocrx_word' id='word_1_46' title='bbox 1456 906 1653 946; x_wconf 62' lang='lat' dir='ltr'><strong>massae</strong></span> <span class='ocrx_word' id='word_1_47' title='bbox 1701 903 1902 949; x_wconf 67' lang='lat' dir='ltr'><strong>nostra:</strong></span> <span class='ocrx_word' id='word_1_48' title='bbox 1953 897 2322 965; x_wconf 86' lang='lat' dir='ltr'><strong>assumptione</strong></span> 
     </span>
    </p>
   </div>
   <div class='ocr_carea' id='block_1_9' title="bbox 750 978 2327 1054">
    <p class='ocr_par' dir='ltr' id='par_1_9' title="bbox 750 978 2327 1054">
     <span class='ocr_line' id='line_1_9' title="bbox 750 978 2327 1054; baseline 0.004 -23"><span class='ocrx_word' id='word_1_49' title='bbox 750 978 925 1033; x_wconf 86' lang='lat' dir='ltr'><strong>factus</strong></span> <span class='ocrx_word' id='word_1_50' title='bbox 960 990 1045 1034; x_wconf 88' lang='lat' dir='ltr'><strong>est</strong></span> <span class='ocrx_word' id='word_1_51' title='bbox 1080 980 1223 1035; x_wconf 91' lang='lat' dir='ltr'><strong>sicut</strong></span> <span class='ocrx_word' id='word_1_52' title='bbox 1257 996 1377 1044; x_wconf 90' lang='lat' dir='ltr'><strong>nos,</strong></span> <span class='ocrx_word' id='word_1_53' title='bbox 1411 982 1656 1038; x_wconf 82' lang='lat' dir='ltr'><strong>universi</strong></span> <span class='ocrx_word' id='word_1_54' title='bbox 1695 985 1946 1054; x_wconf 83' lang='lat' dir='ltr'><strong>opificem</strong></span> <span class='ocrx_word' id='word_1_55' title='bbox 1993 986 2241 1040; x_wconf 84' lang='lat' dir='ltr'><strong>videmus</strong></span> <span class='ocrx_word' id='word_1_56' title='bbox 2272 997 2327 1039; x_wconf 89' lang='lat' dir='ltr'><strong>et</strong></span> 
     </span>
    </p>
   </div>
   <div class='ocr_carea' id='block_1_10' title="bbox 750 1070 2326 1145">
    <p class='ocr_par' dir='ltr' id='par_1_10' title="bbox 750 1070 2326 1145">
     <span class='ocr_line' id='line_1_10' title="bbox 750 1070 2326 1145; baseline 0.006 -23"><span class='ocrx_word' id='word_1_57' title='bbox 750 1070 1066 1135; x_wconf 90' lang='lat' dir='ltr'><strong>Dominum,</strong></span> <span class='ocrx_word' id='word_1_58' title='bbox 1089 1072 1377 1127; x_wconf 82' lang='lat' dir='ltr'><strong>admisisse</strong></span> <span class='ocrx_word' id='word_1_59' title='bbox 1401 1074 1633 1142; x_wconf 89' lang='lat' dir='ltr'><strong>patriam</strong></span> <span class='ocrx_word' id='word_1_60' title='bbox 1659 1085 1713 1129; x_wconf 90' lang='lat' dir='ltr'><strong>et</strong></span> <span class='ocrx_word' id='word_1_61' title='bbox 1741 1077 1997 1145; x_wconf 87' lang='lat' dir='ltr'><strong>majores,</strong></span> <span class='ocrx_word' id='word_1_62' title='bbox 2020 1087 2075 1133; x_wconf 88' lang='lat' dir='ltr'><strong>et</strong></span> <span class='ocrx_word' id='word_1_63' title='bbox 2107 1078 2326 1132; x_wconf 84' lang='lat' dir='ltr'><strong>humilis</strong></span> 
     </span>
    </p>
   </div>
   <div class='ocr_carea' id='block_1_11' title="bbox 755 1160 2325 1237">
    <p class='ocr_par' dir='ltr' id='par_1_11' title="bbox 755 1160 2325 1237">
     <span class='ocr_line' id='line_1_11' title="bbox 755 1160 2325 1237; baseline 0.005 -24"><span class='ocrx_word' id='word_1_64' title='bbox 755 1160 1069 1218; x_wconf 81' lang='lat' dir='ltr'><strong>Bethlehem</strong></span> <span class='ocrx_word' id='word_1_65' title='bbox 1112 1164 1544 1234; x_wconf 76' lang='lat' dir='ltr'><strong>magnitudinem</strong></span> <span class='ocrx_word' id='word_1_66' title='bbox 1575 1167 1726 1221; x_wconf 91' lang='lat' dir='ltr'><strong>omni</strong></span> <span class='ocrx_word' id='word_1_67' title='bbox 1776 1166 1962 1233; x_wconf 79' lang='lat' dir='ltr'><strong>lingua</strong></span> <span class='ocrx_word' id='word_1_68' title='bbox 2007 1169 2325 1237; x_wconf 64' lang='lat' dir='ltr'><strong>praedicari;</strong></span> 
     </span>
    </p>
   </div>
   <div class='ocr_carea' id='block_1_12' title="bbox 755 1255 2329 1330">
    <p class='ocr_par' dir='ltr' id='par_1_12' title="bbox 755 1255 2329 1330">
     <span class='ocr_line' id='line_1_12' title="bbox 755 1255 2329 1330; baseline 0.005 -23"><span class='ocrx_word' id='word_1_69' title='bbox 755 1270 853 1308; x_wconf 83' lang='lat' dir='ltr'><strong>nec</strong></span> <span class='ocrx_word' id='word_1_70' title='bbox 884 1255 934 1307; x_wconf 93' lang='lat' dir='ltr'><strong>in</strong></span> <span class='ocrx_word' id='word_1_71' title='bbox 963 1265 1155 1309; x_wconf 84' lang='lat' dir='ltr'><strong>saneto</strong></span> <span class='ocrx_word' id='word_1_72' title='bbox 1182 1271 1403 1324; x_wconf 87' lang='lat' dir='ltr'><strong>quoque</strong></span> <span class='ocrx_word' id='word_1_73' title='bbox 1432 1256 1695 1312; x_wconf 87' lang='lat' dir='ltr'><strong>Pontifice</strong></span> <span class='ocrx_word' id='word_1_74' title='bbox 1725 1257 1806 1313; x_wconf 86' lang='lat' dir='ltr'><strong>fas</strong></span> <span class='ocrx_word' id='word_1_75' title='bbox 1838 1274 1959 1314; x_wconf 86' lang='lat' dir='ltr'><strong>esse</strong></span> <span class='ocrx_word' id='word_1_76' title='bbox 1994 1261 2157 1313; x_wconf 89' lang='lat' dir='ltr'><strong>statui</strong></span> <span class='ocrx_word' id='word_1_77' title='bbox 2191 1276 2329 1330; x_wconf 76' lang='lat' dir='ltr'><strong>prte—</strong></span> 
     </span>
    </p>
   </div>
   <div class='ocr_carea' id='block_1_13' title="bbox 755 1347 2326 1420">
    <p class='ocr_par' dir='ltr' id='par_1_13' title="bbox 755 1347 2326 1420">
     <span class='ocr_line' id='line_1_13' title="bbox 755 1347 2326 1420; baseline 0.002 -18"><span class='ocrx_word' id='word_1_78' title='bbox 755 1347 1055 1402; x_wconf 86' lang='lat' dir='ltr'><strong>termittere</strong></span> <span class='ocrx_word' id='word_1_79' title='bbox 1101 1366 1114 1402; x_wconf 89' lang='lat'><strong>:</strong></span> <span class='ocrx_word' id='word_1_80' title='bbox 1171 1348 1263 1402; x_wconf 90' lang='lat' dir='ltr'><strong>sed</strong></span> <span class='ocrx_word' id='word_1_81' title='bbox 1298 1350 1353 1402; x_wconf 91' lang='lat' dir='ltr'><strong>in</strong></span> <span class='ocrx_word' id='word_1_82' title='bbox 1389 1364 1456 1403; x_wconf 93' lang='lat' dir='ltr'><strong>eo</strong></span> <span class='ocrx_word' id='word_1_83' title='bbox 1492 1350 1675 1418; x_wconf 87' lang='lat' dir='ltr'><strong>potius</strong></span> <span class='ocrx_word' id='word_1_84' title='bbox 1720 1350 1964 1420; x_wconf 81' lang='lat' dir='ltr'><strong>jucunde</strong></span> <span class='ocrx_word' id='word_1_85' title='bbox 2024 1351 2326 1418; x_wconf 88' lang='lat' dir='ltr'><strong>immorari,</strong></span> 
     </span>
    </p>
   </div>
   <div class='ocr_carea' id='block_1_14' title="bbox 758 1438 2328 1509">
    <p class='ocr_par' dir='ltr' id='par_1_14' title="bbox 758 1438 2328 1509">
     <span class='ocr_line' id='line_1_14' title="bbox 758 1438 2328 1509; baseline 0.004 -18"><span class='ocrx_word' id='word_1_86' title='bbox 758 1438 1029 1492; x_wconf 86' lang='lat' dir='ltr'><strong>reddendo</strong></span> <span class='ocrx_word' id='word_1_87' title='bbox 1060 1439 1469 1507; x_wconf 87' lang='lat' dir='ltr'><strong>quodammodo</strong></span> <span class='ocrx_word' id='word_1_88' title='bbox 1503 1442 1731 1509; x_wconf 78' lang='lat' dir='ltr'><strong>gratiam</strong></span> <span class='ocrx_word' id='word_1_89' title='bbox 1786 1442 2188 1498; x_wconf 81' lang='lat' dir='ltr'><strong>alimentorum.</strong></span> <span class='ocrx_word' id='word_1_90' title='bbox 2223 1444 2328 1498; x_wconf 90' lang='lat' dir='ltr'><strong>Sed</strong></span> 
     </span>
    </p>
   </div>
   <div class='ocr_carea' id='block_1_15' title="bbox 757 1529 2329 1605">
    <p class='ocr_par' dir='ltr' id='par_1_15' title="bbox 757 1529 2329 1605">
     <span class='ocr_line' id='line_1_15' title="bbox 757 1529 2329 1605; baseline 0.004 -22"><span class='ocrx_word' id='word_1_91' title='bbox 757 1529 811 1583; x_wconf 91' lang='lat' dir='ltr'><strong>in</strong></span> <span class='ocrx_word' id='word_1_92' title='bbox 843 1530 966 1585; x_wconf 87' lang='lat' dir='ltr'><strong>aliis</strong></span> <span class='ocrx_word' id='word_1_93' title='bbox 997 1531 1219 1599; x_wconf 90' lang='lat' dir='ltr'><strong>quidem</strong></span> <span class='ocrx_word' id='word_1_94' title='bbox 1256 1530 1493 1586; x_wconf 77' lang='lat' dir='ltr'><strong>fortasse</strong></span> <span class='ocrx_word' id='word_1_95' title='bbox 1528 1533 1701 1601; x_wconf 90' lang='lat' dir='ltr'><strong>patria</strong></span> <span class='ocrx_word' id='word_1_96' title='bbox 1734 1543 1789 1587; x_wconf 88' lang='lat' dir='ltr'><strong>et</strong></span> <span class='ocrx_word' id='word_1_97' title='bbox 1814 1550 1986 1603; x_wconf 88' lang='lat' dir='ltr'><strong>genus</strong></span> <span class='ocrx_word' id='word_1_98' title='bbox 2022 1536 2329 1605; x_wconf 81' lang='lat' dir='ltr'><strong>proposita,</strong></span> 
     </span>
    </p>
   </div>
   <div class='ocr_carea' id='block_1_16' title="bbox 758 1620 2328 1697">
    <p class='ocr_par' dir='ltr' id='par_1_16' title="bbox 758 1620 2328 1697">
     <span class='ocr_line' id='line_1_16' title="bbox 758 1620 2328 1697; baseline 0.005 -24"><span class='ocrx_word' id='word_1_99' title='bbox 758 1620 976 1675; x_wconf 88' lang='lat' dir='ltr'><strong>laudem</strong></span> <span class='ocrx_word' id='word_1_100' title='bbox 1007 1637 1072 1677; x_wconf 83' lang='lat' dir='ltr'><strong>ex</strong></span> <span class='ocrx_word' id='word_1_101' title='bbox 1125 1632 1242 1677; x_wconf 90' lang='lat' dir='ltr'><strong>arte</strong></span> <span class='ocrx_word' id='word_1_102' title='bbox 1291 1623 1554 1690; x_wconf 79' lang='lat' dir='ltr'><strong>afferunt;</strong></span> <span class='ocrx_word' id='word_1_103' title='bbox 1587 1624 1640 1678; x_wconf 91' lang='lat' dir='ltr'><strong>in</strong></span> <span class='ocrx_word' id='word_1_104' title='bbox 1685 1640 1752 1679; x_wconf 91' lang='lat' dir='ltr'><strong>eo</strong></span> <span class='ocrx_word' id='word_1_105' title='bbox 1799 1636 2005 1692; x_wconf 86' lang='lat' dir='ltr'><strong>autem,</strong></span> <span class='ocrx_word' id='word_1_106' title='bbox 2038 1627 2105 1681; x_wconf 89' lang='lat' dir='ltr'><strong>de</strong></span> <span class='ocrx_word' id='word_1_107' title='bbox 2138 1642 2249 1697; x_wconf 90' lang='lat' dir='ltr'><strong>quo</strong></span> <span class='ocrx_word' id='word_1_108' title='bbox 2278 1629 2328 1681; x_wconf 89' lang='lat' dir='ltr'><strong>in</strong></span> 
     </span>
    </p>
   </div>
   <div class='ocr_carea' id='block_1_17' title="bbox 756 1715 2332 1789">
    <p class='ocr_par' dir='ltr' id='par_1_17' title="bbox 756 1715 2332 1789">
     <span class='ocr_line' id='line_1_17' title="bbox 756 1715 2332 1789; baseline 0.004 -22"><span class='ocrx_word' id='word_1_109' title='bbox 756 1715 1047 1783; x_wconf 67' lang='lat' dir='ltr'><strong>praesentia</strong></span> <span class='ocrx_word' id='word_1_110' title='bbox 1094 1716 1331 1785; x_wconf 84' lang='lat' dir='ltr'><strong>agimus,</strong></span> <span class='ocrx_word' id='word_1_111' title='bbox 1388 1726 1580 1785; x_wconf 86' lang='lat' dir='ltr'><strong>partus</strong></span> <span class='ocrx_word' id='word_1_112' title='bbox 1621 1717 1803 1786; x_wconf 82' lang='lat' dir='ltr'><strong>potius</strong></span> <span class='ocrx_word' id='word_1_113' title='bbox 1860 1718 1961 1785; x_wconf 89' lang='lat' dir='ltr'><strong>iis,</strong></span> <span class='ocrx_word' id='word_1_114' title='bbox 1997 1733 2081 1773; x_wconf 19' lang='lat' dir='ltr'><strong>te:</strong></span> <span class='ocrx_word' id='word_1_115' title='bbox 2134 1719 2332 1789; x_wconf 88' lang='lat' dir='ltr'><strong>quibus</strong></span> 
     </span>
    </p>
   </div>
   <div class='ocr_carea' id='block_1_18' title="bbox 759 1806 2332 1874">
    <p class='ocr_par' dir='ltr' id='par_1_18' title="bbox 759 1806 2332 1874">
     <span class='ocr_line' id='line_1_18' title="bbox 759 1806 2332 1874; baseline 0.003 -15"><span class='ocrx_word' id='word_1_116' title='bbox 759 1814 915 1861; x_wconf 92' lang='lat' dir='ltr'><strong>ortus</strong></span> <span class='ocrx_word' id='word_1_117' title='bbox 948 1817 1048 1869; x_wconf 87' lang='lat' dir='ltr'><strong>est,</strong></span> <span class='ocrx_word' id='word_1_118' title='bbox 1084 1807 1251 1859; x_wconf 89' lang='lat' dir='ltr'><strong>donat</strong></span> <span class='ocrx_word' id='word_1_119' title='bbox 1296 1806 1526 1874; x_wconf 84' lang='lat' dir='ltr'><strong>gloriam</strong></span> <span class='ocrx_word' id='word_1_120' title='bbox 1578 1808 1965 1873; x_wconf 83' lang='lat' dir='ltr'><strong>immortalem,</strong></span> <span class='ocrx_word' id='word_1_121' title='bbox 2001 1808 2214 1864; x_wconf 90' lang='lat' dir='ltr'><strong>inferne</strong></span> <span class='ocrx_word' id='word_1_122' title='bbox 2248 1824 2332 1863; x_wconf 86' lang='lat' dir='ltr'><strong>re—</strong></span> 
     </span>
    </p>
   </div>
   <div class='ocr_carea' id='block_1_19' title="bbox 760 1899 2330 1967">
    <p class='ocr_par' dir='ltr' id='par_1_19' title="bbox 760 1899 2330 1967">
     <span class='ocr_line' id='line_1_19' title="bbox 760 1899 2330 1967; baseline -0.001 -13"><span class='ocrx_word' id='word_1_123' title='bbox 760 1900 982 1954; x_wconf 84' lang='lat' dir='ltr'><strong>mittens</strong></span> <span class='ocrx_word' id='word_1_124' title='bbox 1034 1899 1401 1967; x_wconf 84' lang='lat' dir='ltr'><strong>spleudorem.</strong></span> <span class='ocrx_word' id='word_1_125' title='bbox 1460 1900 1710 1955; x_wconf 85' lang='lat' dir='ltr'><strong>similiter</strong></span> <span class='ocrx_word' id='word_1_126' title='bbox 1745 1901 2009 1956; x_wconf 90' lang='lat' dir='ltr'><strong>solarium</strong></span> <span class='ocrx_word' id='word_1_127' title='bbox 2057 1902 2330 1957; x_wconf 81' lang='lat' dir='ltr'><strong>radiorum</strong></span> 
     </span>
    </p>
   </div>
   <div class='ocr_carea' id='block_1_20' title="bbox 758 1990 2331 2063">
    <p class='ocr_par' dir='ltr' id='par_1_20' title="bbox 758 1990 2331 2063">
     <span class='ocr_line' id='line_1_20' title="bbox 758 1990 2331 2063; baseline -0.001 -16"><span class='ocrx_word' id='word_1_128' title='bbox 758 1992 1315 2047; x_wconf 86' lang='lat' dir='ltr'><strong>reverberationibus.</strong></span> <span class='ocrx_word' id='word_1_129' title='bbox 1372 1990 1555 2047; x_wconf 87' lang='lat' dir='ltr'><strong>Patria</strong></span> <span class='ocrx_word' id='word_1_130' title='bbox 1606 2009 1755 2063; x_wconf 82' lang='lat' dir='ltr'><strong>ergo,</strong></span> <span class='ocrx_word' id='word_1_131' title='bbox 1790 2010 1911 2063; x_wconf 65' lang='lat' dir='ltr'><strong>quae</strong></span> <span class='ocrx_word' id='word_1_132' title='bbox 1938 1994 2009 2048; x_wconf 84' lang='lat' dir='ltr'><strong>sit</strong></span> <span class='ocrx_word' id='word_1_133' title='bbox 2057 2010 2186 2055; x_wconf 88' lang='lat' dir='ltr'><strong>una,</strong></span> <span class='ocrx_word' id='word_1_134' title='bbox 2225 2009 2331 2047; x_wconf 90' lang='lat' dir='ltr'><strong>non</strong></span> 
     </span>
    </p>
   </div>
   <div class='ocr_carea' id='block_1_21' title="bbox 760 2083 2335 2156">
    <p class='ocr_par' dir='ltr' id='par_1_21' title="bbox 760 2083 2335 2156">
     <span class='ocr_line' id='line_1_21' title="bbox 760 2083 2335 2156; baseline 0.002 -18"><span class='ocrx_word' id='word_1_135' title='bbox 760 2092 939 2153; x_wconf 85' lang='lat' dir='ltr'><strong>potest</strong></span> <span class='ocrx_word' id='word_1_136' title='bbox 972 2084 1224 2139; x_wconf 79' lang='lat' dir='ltr'><strong>inveniri.</strong></span> <span class='ocrx_word' id='word_1_137' title='bbox 1259 2083 1395 2138; x_wconf 79' lang='lat' dir='ltr'><strong>Nam</strong></span> <span class='ocrx_word' id='word_1_138' title='bbox 1444 2085 1571 2139; x_wconf 82' lang='lat' dir='ltr'><strong>Asia</strong></span> <span class='ocrx_word' id='word_1_139' title='bbox 1613 2086 1833 2155; x_wconf 90' lang='lat' dir='ltr'><strong>quidem</strong></span> <span class='ocrx_word' id='word_1_140' title='bbox 1863 2096 1917 2141; x_wconf 89' lang='lat' dir='ltr'><strong>et</strong></span> <span class='ocrx_word' id='word_1_141' title='bbox 1948 2087 2166 2156; x_wconf 87' lang='lat' dir='ltr'><strong>Europa</strong></span> <span class='ocrx_word' id='word_1_142' title='bbox 2220 2088 2335 2155; x_wconf 81' lang='lat' dir='ltr'><strong>glo~</strong></span> 
     </span>
    </p>
   </div>
   <div class='ocr_carea' id='block_1_22' title="bbox 763 2177 2339 2249">
    <p class='ocr_par' dir='ltr' id='par_1_22' title="bbox 763 2177 2339 2249">
     <span class='ocr_line' id='line_1_22' title="bbox 763 2177 2339 2249; baseline 0.001 -18"><span class='ocrx_word' id='word_1_143' title='bbox 763 2178 901 2231; x_wconf 90' lang='lat' dir='ltr'><strong>riam</strong></span> <span class='ocrx_word' id='word_1_144' title='bbox 935 2180 1078 2232; x_wconf 90' lang='lat' dir='ltr'><strong>inter</strong></span> <span class='ocrx_word' id='word_1_145' title='bbox 1113 2192 1172 2232; x_wconf 89' lang='lat' dir='ltr'><strong>se</strong></span> <span class='ocrx_word' id='word_1_146' title='bbox 1216 2178 1445 2246; x_wconf 86' lang='lat' dir='ltr'><strong>partitur</strong></span> <span class='ocrx_word' id='word_1_147' title='bbox 1473 2194 1489 2232; x_wconf 88' lang='lat'><strong>:</strong></span> <span class='ocrx_word' id='word_1_148' title='bbox 1523 2177 1635 2231; x_wconf 76' lang='lat' dir='ltr'><strong>haec</strong></span> <span class='ocrx_word' id='word_1_149' title='bbox 1665 2178 1884 2248; x_wconf 90' lang='lat' dir='ltr'><strong>quidem</strong></span> <span class='ocrx_word' id='word_1_150' title='bbox 1915 2188 2138 2249; x_wconf 91' lang='lat' dir='ltr'><strong>propter</strong></span> <span class='ocrx_word' id='word_1_151' title='bbox 2167 2179 2339 2233; x_wconf 83' lang='lat' dir='ltr'><strong>Thra-</strong></span> 
     </span>
    </p>
   </div>
   <div class='ocr_carea' id='block_1_23' title="bbox 760 2266 2334 2338">
    <p class='ocr_par' dir='ltr' id='par_1_23' title="bbox 760 2266 2334 2338">
     <span class='ocr_line' id='line_1_23' title="bbox 760 2266 2334 2338; baseline 0.001 -15"><span class='ocrx_word' id='word_1_152' title='bbox 760 2268 927 2335; x_wconf 91' lang='lat' dir='ltr'><strong>ciam,</strong></span> <span class='ocrx_word' id='word_1_153' title='bbox 956 2268 1047 2322; x_wconf 85' lang='lat' dir='ltr'><strong>illa</strong></span> <span class='ocrx_word' id='word_1_154' title='bbox 1078 2282 1211 2322; x_wconf 90' lang='lat' dir='ltr'><strong>vero</strong></span> <span class='ocrx_word' id='word_1_155' title='bbox 1251 2275 1472 2338; x_wconf 82' lang='lat' dir='ltr'><strong>propter</strong></span> <span class='ocrx_word' id='word_1_156' title='bbox 1509 2266 1827 2338; x_wconf 78' lang='lat' dir='ltr'><strong>Phrygiam,</strong></span> <span class='ocrx_word' id='word_1_157' title='bbox 1868 2270 1990 2337; x_wconf 87' lang='lat' dir='ltr'><strong>ejus</strong></span> <span class='ocrx_word' id='word_1_158' title='bbox 2022 2278 2202 2324; x_wconf 90' lang='lat' dir='ltr'><strong>ortum</strong></span> <span class='ocrx_word' id='word_1_159' title='bbox 2233 2270 2334 2324; x_wconf 88' lang='lat' dir='ltr'><strong>sibi</strong></span> 
     </span>
    </p>
   </div>
   <div class='ocr_carea' id='block_1_24' title="bbox 764 2359 2339 2415">
    <p class='ocr_par' dir='ltr' id='par_1_24' title="bbox 764 2359 2339 2415">
     <span class='ocr_line' id='line_1_24' title="bbox 764 2359 2339 2415; baseline 0.001 -4"><span class='ocrx_word' id='word_1_160' title='bbox 764 2360 1121 2415; x_wconf 69' lang='lat' dir='ltr'><strong>vindicantes.</strong></span> <span class='ocrx_word' id='word_1_161' title='bbox 1158 2359 1295 2415; x_wconf 90' lang='lat' dir='ltr'><strong>Cum</strong></span> <span class='ocrx_word' id='word_1_162' title='bbox 1342 2374 1428 2414; x_wconf 86' lang='lat' dir='ltr'><strong>res</strong></span> <span class='ocrx_word' id='word_1_163' title='bbox 1460 2369 1641 2413; x_wconf 90' lang='lat' dir='ltr'><strong>autem</strong></span> <span class='ocrx_word' id='word_1_164' title='bbox 1680 2360 1747 2413; x_wconf 87' lang='lat' dir='ltr'><strong>sit</strong></span> <span class='ocrx_word' id='word_1_165' title='bbox 1792 2359 1931 2414; x_wconf 90' lang='lat' dir='ltr'><strong>inter</strong></span> <span class='ocrx_word' id='word_1_166' title='bbox 1964 2375 2059 2415; x_wconf 91' lang='lat' dir='ltr'><strong>eos</strong></span> <span class='ocrx_word' id='word_1_167' title='bbox 2112 2370 2339 2414; x_wconf 83' lang='lat' dir='ltr'><strong>contro-</strong></span> 
     </span>
    </p>
   </div>
   <div class='ocr_carea' id='block_1_25' title="bbox 764 2451 2338 2524">
    <p class='ocr_par' dir='ltr' id='par_1_25' title="bbox 764 2451 2338 2524">
     <span class='ocr_line' id='line_1_25' title="bbox 764 2451 2338 2524; baseline -0.001 -16"><span class='ocrx_word' id='word_1_168' title='bbox 764 2469 945 2518; x_wconf 88' lang='lat' dir='ltr'><strong>versa,</strong></span> <span class='ocrx_word' id='word_1_169' title='bbox 993 2461 1220 2524; x_wconf 87' lang='lat' dir='ltr'><strong>apparet</strong></span> <span class='ocrx_word' id='word_1_170' title='bbox 1266 2451 1376 2505; x_wconf 80' lang='lat' dir='ltr'><strong>alia</strong></span> <span class='ocrx_word' id='word_1_171' title='bbox 1440 2454 1598 2505; x_wconf 89' lang='lat' dir='ltr'><strong>tertia</strong></span> <span class='ocrx_word' id='word_1_172' title='bbox 1654 2453 1853 2521; x_wconf 88' lang='lat' dir='ltr'><strong>patria,</strong></span> <span class='ocrx_word' id='word_1_173' title='bbox 1903 2467 2096 2522; x_wconf 87' lang='lat' dir='ltr'><strong>nempe</strong></span> <span class='ocrx_word' id='word_1_174' title='bbox 2152 2453 2338 2522; x_wconf 83' lang='lat' dir='ltr'><strong>regina</strong></span> 
     </span>
    </p>
   </div>
   <div class='ocr_carea' id='block_1_26' title="bbox 767 2547 2338 2619">
    <p class='ocr_par' dir='ltr' id='par_1_26' title="bbox 767 2547 2338 2619">
     <span class='ocr_line' id='line_1_26' title="bbox 767 2547 2338 2619; baseline -0.003 -13"><span class='ocrx_word' id='word_1_175' title='bbox 767 2552 1011 2615; x_wconf 87' lang='lat' dir='ltr'><strong>urbium,</strong></span> <span class='ocrx_word' id='word_1_176' title='bbox 1044 2564 1166 2619; x_wconf 64' lang='lat' dir='ltr'><strong>qua:</strong></span> <span class='ocrx_word' id='word_1_177' title='bbox 1215 2547 1378 2603; x_wconf 89' lang='lat' dir='ltr'><strong>etiam</strong></span> <span class='ocrx_word' id='word_1_178' title='bbox 1424 2562 1550 2602; x_wconf 90' lang='lat' dir='ltr'><strong>eum</strong></span> <span class='ocrx_word' id='word_1_179' title='bbox 1600 2547 1756 2613; x_wconf 86' lang='lat' dir='ltr'><strong>aluit,</strong></span> <span class='ocrx_word' id='word_1_180' title='bbox 1789 2547 1935 2602; x_wconf 92' lang='lat' dir='ltr'><strong>ulnis</strong></span> <span class='ocrx_word' id='word_1_181' title='bbox 1984 2548 2100 2603; x_wconf 90' lang='lat' dir='ltr'><strong>suis</strong></span> <span class='ocrx_word' id='word_1_182' title='bbox 2131 2548 2338 2613; x_wconf 87' lang='lat' dir='ltr'><strong>ample-</strong></span> 
     </span>
    </p>
   </div>
   <div class='ocr_carea' id='block_1_27' title="bbox 766 2638 2339 2710">
    <p class='ocr_par' dir='ltr' id='par_1_27' title="bbox 766 2638 2339 2710">
     <span class='ocr_line' id='line_1_27' title="bbox 766 2638 2339 2710; baseline -0.003 -12"><span class='ocrx_word' id='word_1_183' title='bbox 766 2656 943 2705; x_wconf 88' lang='lat' dir='ltr'><strong>ctens,</strong></span> <span class='ocrx_word' id='word_1_184' title='bbox 992 2655 1058 2696; x_wconf 88' lang='lat' dir='ltr'><strong>ex</strong></span> <span class='ocrx_word' id='word_1_185' title='bbox 1096 2656 1204 2710; x_wconf 83' lang='lat' dir='ltr'><strong>quo</strong></span> <span class='ocrx_word' id='word_1_186' title='bbox 1241 2638 1354 2694; x_wconf 91' lang='lat' dir='ltr'><strong>fere</strong></span> <span class='ocrx_word' id='word_1_187' title='bbox 1397 2654 1425 2693; x_wconf 91' lang='lat' dir='ltr'><strong>a</strong></span> <span class='ocrx_word' id='word_1_188' title='bbox 1455 2639 1756 2708; x_wconf 84' lang='lat' dir='ltr'><strong>puerilibus</strong></span> <span class='ocrx_word' id='word_1_189' title='bbox 1788 2638 1977 2694; x_wconf 83' lang='lat' dir='ltr'><strong>fasciis</strong></span> <span class='ocrx_word' id='word_1_190' title='bbox 2005 2654 2128 2693; x_wconf 84' lang='lat' dir='ltr'><strong>eum</strong></span> <span class='ocrx_word' id='word_1_191' title='bbox 2165 2640 2339 2693; x_wconf 72' lang='lat' dir='ltr'><strong>et&#39;olv&#39;t</strong></span> 
     </span>
    </p>
   </div>
   <div class='ocr_carea' id='block_1_28' title="bbox 768 2730 2343 2805">
    <p class='ocr_par' dir='ltr' id='par_1_28' title="bbox 768 2730 2343 2805">
     <span class='ocr_line' id='line_1_28' title="bbox 768 2730 2343 2805; baseline -0.003 -15"><span class='ocrx_word' id='word_1_192' title='bbox 768 2734 1019 2805; x_wconf 81' lang='lat' dir='ltr'><strong>contigit,</strong></span> <span class='ocrx_word' id='word_1_193' title='bbox 1065 2741 1124 2786; x_wconf 87' lang='grc' dir='ltr'><strong>ιιι</strong></span> <span class='ocrx_word' id='word_1_194' title='bbox 1157 2733 1248 2802; x_wconf 92' lang='lat' dir='ltr'><strong>qui</strong></span> <span class='ocrx_word' id='word_1_195' title='bbox 1292 2732 1341 2785; x_wconf 90' lang='lat' dir='ltr'><strong>ei</strong></span> <span class='ocrx_word' id='word_1_196' title='bbox 1393 2742 1577 2800; x_wconf 89' lang='lat' dir='ltr'><strong>postea</strong></span> <span class='ocrx_word' id='word_1_197' title='bbox 1616 2730 1836 2785; x_wconf 90' lang='lat' dir='ltr'><strong>futurus</strong></span> <span class='ocrx_word' id='word_1_198' title='bbox 1882 2740 2029 2785; x_wconf 87' lang='lat' dir='ltr'><strong>esset</strong></span> <span class='ocrx_word' id='word_1_199' title='bbox 2072 2732 2239 2785; x_wconf 91' lang='lat' dir='ltr'><strong>decus</strong></span> <span class='ocrx_word' id='word_1_200' title='bbox 2290 2740 2343 2785; x_wconf 92' lang='lat' dir='ltr'><strong>et</strong></span> 
     </span>
    </p>
   </div>
   <div class='ocr_carea' id='block_1_29' title="bbox 767 2822 2342 2892">
    <p class='ocr_par' dir='ltr' id='par_1_29' title="bbox 767 2822 2342 2892">
     <span class='ocr_line' id='line_1_29' title="bbox 767 2822 2342 2892; baseline -0.003 -12"><span class='ocrx_word' id='word_1_201' title='bbox 767 2823 1273 2881; x_wconf 64' lang='lat' dir='ltr'><strong>ornamentum-Et</strong></span> <span class='ocrx_word' id='word_1_202' title='bbox 1301 2823 1415 2878; x_wconf 62' lang='lat' dir='ltr'><strong>haec</strong></span> <span class='ocrx_word' id='word_1_203' title='bbox 1443 2823 1687 2891; x_wconf 89' lang='lat' dir='ltr'><strong>quidem,</strong></span> <span class='ocrx_word' id='word_1_204' title='bbox 1721 2832 1905 2892; x_wconf 86' lang='lat' dir='ltr'><strong>utpote</strong></span> <span class='ocrx_word' id='word_1_205' title='bbox 1933 2833 2115 2892; x_wconf 89' lang='lat' dir='ltr'><strong>caput,</strong></span> <span class='ocrx_word' id='word_1_206' title='bbox 2154 2824 2202 2876; x_wconf 87' lang='lat' dir='ltr'><strong>ei</strong></span> <span class='ocrx_word' id='word_1_207' title='bbox 2259 2822 2342 2876; x_wconf 83' lang='lat' dir='ltr'><strong>fa-</strong></span> 
     </span>
    </p>
   </div>
   <div class='ocr_carea' id='block_1_30' title="bbox 767 2916 2341 2987">
    <p class='ocr_par' dir='ltr' id='par_1_30' title="bbox 767 2916 2341 2987">
     <span class='ocr_line' id='line_1_30' title="bbox 767 2916 2341 2987; baseline -0.001 -15"><span class='ocrx_word' id='word_1_208' title='bbox 767 2919 872 2973; x_wconf 88' lang='lat' dir='ltr'><strong>cile</strong></span> <span class='ocrx_word' id='word_1_209' title='bbox 899 2924 953 2972; x_wconf 90' lang='lat' dir='ltr'><strong>ct</strong></span> <span class='ocrx_word' id='word_1_210' title='bbox 978 2925 1230 2987; x_wconf 88' lang='lat' dir='ltr'><strong>prompto</strong></span> <span class='ocrx_word' id='word_1_211' title='bbox 1260 2917 1444 2969; x_wconf 90' lang='lat' dir='ltr'><strong>animo</strong></span> <span class='ocrx_word' id='word_1_212' title='bbox 1475 2917 1636 2981; x_wconf 86' lang='lat' dir='ltr'><strong>cedit,</strong></span> <span class='ocrx_word' id='word_1_213' title='bbox 1670 2932 1895 2985; x_wconf 89' lang='lat' dir='ltr'><strong>sperans</strong></span> <span class='ocrx_word' id='word_1_214' title='bbox 1928 2917 2044 2971; x_wconf 91' lang='lat' dir='ltr'><strong>fore</strong></span> <span class='ocrx_word' id='word_1_215' title='bbox 2101 2925 2157 2970; x_wconf 93' lang='lat' dir='ltr'><strong>ut</strong></span> <span class='ocrx_word' id='word_1_216' title='bbox 2192 2916 2341 2971; x_wconf 90' lang='lat' dir='ltr'><strong>frua—</strong></span> 
     </span>
    </p>
   </div>
   <div class='ocr_carea' id='block_1_31' title="bbox 770 3007 2340 3080">
    <p class='ocr_par' dir='ltr' id='par_1_31' title="bbox 770 3007 2340 3080">
     <span class='ocr_line' id='line_1_31' title="bbox 770 3007 2340 3080; baseline 0.001 -17"><span class='ocrx_word' id='word_1_217' title='bbox 770 3020 860 3064; x_wconf 91' lang='lat' dir='ltr'><strong>tur</strong></span> <span class='ocrx_word' id='word_1_218' title='bbox 889 3009 1083 3080; x_wconf 80' lang='lat' dir='ltr'><strong>gloria.</strong></span> <span class='ocrx_word' id='word_1_219' title='bbox 1131 3008 1260 3063; x_wconf 88' lang='lat' dir='ltr'><strong>Asia</strong></span> <span class='ocrx_word' id='word_1_220' title='bbox 1310 3023 1440 3063; x_wconf 91' lang='lat' dir='ltr'><strong>vero</strong></span> <span class='ocrx_word' id='word_1_221' title='bbox 1472 3024 1614 3079; x_wconf 76' lang='lat' dir='ltr'><strong>:egre</strong></span> <span class='ocrx_word' id='word_1_222' title='bbox 1664 3007 1768 3062; x_wconf 88' lang='lat' dir='ltr'><strong>fert</strong></span> <span class='ocrx_word' id='word_1_223' title='bbox 1818 3009 2059 3077; x_wconf 89' lang='lat' dir='ltr'><strong>qttidcm,</strong></span> <span class='ocrx_word' id='word_1_224' title='bbox 2095 3010 2187 3064; x_wconf 90' lang='lat' dir='ltr'><strong>sed</strong></span> <span class='ocrx_word' id='word_1_225' title='bbox 2234 3025 2340 3064; x_wconf 92' lang='lat' dir='ltr'><strong>non</strong></span> 
     </span>
    </p>
   </div>
   <div class='ocr_carea' id='block_1_32' title="bbox 769 3099 2345 3171">
    <p class='ocr_par' dir='ltr' id='par_1_32' title="bbox 769 3099 2345 3171">
     <span class='ocr_line' id='line_1_32' title="bbox 769 3099 2345 3171; baseline 0 -16"><span class='ocrx_word' id='word_1_226' title='bbox 769 3116 943 3171; x_wconf 91' lang='lat' dir='ltr'><strong>usque</strong></span> <span class='ocrx_word' id='word_1_227' title='bbox 971 3101 1038 3155; x_wconf 91' lang='lat' dir='ltr'><strong>ad</strong></span> <span class='ocrx_word' id='word_1_228' title='bbox 1089 3099 1501 3155; x_wconf 88' lang='lat' dir='ltr'><strong>immoderatam</strong></span> <span class='ocrx_word' id='word_1_229' title='bbox 1558 3099 1733 3153; x_wconf 88' lang='lat' dir='ltr'><strong>fertur</strong></span> <span class='ocrx_word' id='word_1_230' title='bbox 1784 3100 2187 3154; x_wconf 82' lang='lat' dir='ltr'><strong>contentionem</strong></span> <span class='ocrx_word' id='word_1_231' title='bbox 2230 3119 2242 3154; x_wconf 92' lang='lat'>:</span> <span class='ocrx_word' id='word_1_232' title='bbox 2284 3117 2345 3155; x_wconf 88' lang='lat' dir='ltr'><strong>se</strong></span> 
     </span>
    </p>
   </div>
   <div class='ocr_carea' id='block_1_33' title="bbox 2430 623 4004 693">
    <p class='ocr_par' dir='ltr' id='par_1_33' title="bbox 2430 623 4004 693">
     <span class='ocr_line' id='line_1_33' title="bbox 2430 623 4004 693; baseline 0.001 -15"><span class='ocrx_word' id='word_1_233' title='bbox 2430 635 2558 689; x_wconf 90' lang='lat' dir='ltr'><strong>tate,</strong></span> <span class='ocrx_word' id='word_1_234' title='bbox 2596 625 2648 678; x_wconf 94' lang='lat' dir='ltr'><strong>in</strong></span> <span class='ocrx_word' id='word_1_235' title='bbox 2682 640 2791 693; x_wconf 87' lang='lat' dir='ltr'><strong>qua</strong></span> <span class='ocrx_word' id='word_1_236' title='bbox 2848 623 3187 686; x_wconf 86' lang='lat' dir='ltr'><strong>habitabant,</strong></span> <span class='ocrx_word' id='word_1_237' title='bbox 3226 626 3467 678; x_wconf 86' lang='lat' dir='ltr'><strong>urbanos</strong></span> <span class='ocrx_word' id='word_1_238' title='bbox 3501 627 3793 689; x_wconf 89' lang='lat' dir='ltr'><strong>tumultus,</strong></span> <span class='ocrx_word' id='word_1_239' title='bbox 3834 636 3892 679; x_wconf 88' lang='lat' dir='ltr'><strong>et</strong></span> <span class='ocrx_word' id='word_1_240' title='bbox 3922 626 4004 691; x_wconf 74' lang='grc' dir='ltr'><strong>(Ξ)</strong></span> 
     </span>
    </p>
   </div>
   <div class='ocr_carea' id='block_1_34' title="bbox 2429 712 4008 782">
    <p class='ocr_par' dir='ltr' id='par_1_34' title="bbox 2429 712 4008 782">
     <span class='ocr_line' id='line_1_34' title="bbox 2429 712 4008 782; baseline 0 -15"><span class='ocrx_word' id='word_1_241' title='bbox 2429 714 2936 778; x_wconf 88' lang='lat' dir='ltr'><strong>lcouomachorum,</strong></span> <span class='ocrx_word' id='word_1_242' title='bbox 2962 728 3083 782; x_wconf 70' lang='lat' dir='ltr'><strong>qua:</strong></span> <span class='ocrx_word' id='word_1_243' title='bbox 3127 723 3255 766; x_wconf 89' lang='lat' dir='ltr'><strong>tunc</strong></span> <span class='ocrx_word' id='word_1_244' title='bbox 3299 712 3561 781; x_wconf 85' lang='lat' dir='ltr'><strong>vigebat,,</strong></span> <span class='ocrx_word' id='word_1_245' title='bbox 3596 712 3801 766; x_wconf 81' lang='lat' dir='ltr'><strong>rabiem</strong></span> <span class='ocrx_word' id='word_1_246' title='bbox 3834 714 4008 767; x_wconf 86' lang='lat' dir='ltr'><strong>decli-</strong></span> 
     </span>
    </p>
   </div>
   <div class='ocr_carea' id='block_1_35' title="bbox 2428 801 4005 870">
    <p class='ocr_par' dir='ltr' id='par_1_35' title="bbox 2428 801 4005 870">
     <span class='ocr_line' id='line_1_35' title="bbox 2428 801 4005 870; baseline -0.003 -12"><span class='ocrx_word' id='word_1_247' title='bbox 2428 813 2638 864; x_wconf 88' lang='lat' dir='ltr'><strong>nantes.</strong></span> <span class='ocrx_word' id='word_1_248' title='bbox 2690 802 2743 855; x_wconf 91' lang='lat' dir='ltr'><strong>in</strong></span> <span class='ocrx_word' id='word_1_249' title='bbox 2769 803 2943 857; x_wconf 90' lang='lat' dir='ltr'><strong>lucem</strong></span> <span class='ocrx_word' id='word_1_250' title='bbox 2994 802 3201 863; x_wconf 88' lang='lat' dir='ltr'><strong>editus,</strong></span> <span class='ocrx_word' id='word_1_251' title='bbox 3250 801 3426 869; x_wconf 83' lang='lat' dir='ltr'><strong>magis</strong></span> <span class='ocrx_word' id='word_1_252' title='bbox 3472 801 3673 870; x_wconf 86' lang='lat' dir='ltr'><strong>pietate</strong></span> <span class='ocrx_word' id='word_1_253' title='bbox 3724 801 4005 866; x_wconf 84' lang='lat' dir='ltr'><strong>alebatur,</strong></span> 
     </span>
    </p>
   </div>
   <div class='ocr_carea' id='block_1_36' title="bbox 2424 891 4006 966">
    <p class='ocr_par' dir='ltr' id='par_1_36' title="bbox 2424 891 4006 966">
     <span class='ocr_line' id='line_1_36' title="bbox 2424 891 4006 966; baseline -0.002 -17"><span class='ocrx_word' id='word_1_254' title='bbox 2424 911 2587 966; x_wconf 88' lang='lat' dir='ltr'><strong>quam</strong></span> <span class='ocrx_word' id='word_1_255' title='bbox 2625 895 2786 950; x_wconf 84' lang='lat' dir='ltr'><strong>lacte.</strong></span> <span class='ocrx_word' id='word_1_256' title='bbox 2832 895 2967 948; x_wconf 86' lang='lat' dir='ltr'><strong>Cum</strong></span> <span class='ocrx_word' id='word_1_257' title='bbox 3001 902 3180 947; x_wconf 89' lang='lat' dir='ltr'><strong>autem</strong></span> <span class='ocrx_word' id='word_1_258' title='bbox 3212 892 3325 960; x_wconf 88' lang='lat' dir='ltr'><strong>jam</strong></span> <span class='ocrx_word' id='word_1_259' title='bbox 3371 891 3666 961; x_wconf 83' lang='lat' dir='ltr'><strong>incepisset</strong></span> <span class='ocrx_word' id='word_1_260' title='bbox 3706 892 4006 957; x_wconf 86' lang='lat' dir='ltr'><strong>balbutire,</strong></span> 
     </span>
    </p>
   </div>
   <div class='ocr_carea' id='block_1_37' title="bbox 2427 982 4011 1057">
    <p class='ocr_par' dir='ltr' id='par_1_37' title="bbox 2427 982 4011 1057">
     <span class='ocr_line' id='line_1_37' title="bbox 2427 982 4011 1057; baseline -0.004 -15"><span class='ocrx_word' id='word_1_261' title='bbox 2427 988 2744 1057; x_wconf 87' lang='lat' dir='ltr'><strong>parentibus</strong></span> <span class='ocrx_word' id='word_1_262' title='bbox 2771 984 3072 1057; x_wconf 81' lang='lat' dir='ltr'><strong>jucundam</strong></span> <span class='ocrx_word' id='word_1_263' title='bbox 3119 982 3373 1037; x_wconf 79' lang='lat' dir='ltr'><strong>exhibuit</strong></span> <span class='ocrx_word' id='word_1_264' title='bbox 3405 982 3849 1037; x_wconf 88' lang='lat' dir='ltr'><strong>admirationem.</strong></span> <span class='ocrx_word' id='word_1_265' title='bbox 3881 982 4011 1037; x_wconf 90' lang='lat' dir='ltr'><strong>Bal-</strong></span> 
     </span>
    </p>
   </div>
   <div class='ocr_carea' id='block_1_38' title="bbox 2430 1073 4013 1146">
    <p class='ocr_par' dir='ltr' id='par_1_38' title="bbox 2430 1073 4013 1146">
     <span class='ocr_line' id='line_1_38' title="bbox 2430 1073 4013 1146; baseline -0.003 -13"><span class='ocrx_word' id='word_1_266' title='bbox 2430 1078 2656 1133; x_wconf 90' lang='lat' dir='ltr'><strong>butienti</strong></span> <span class='ocrx_word' id='word_1_267' title='bbox 2691 1079 2836 1133; x_wconf 91' lang='lat' dir='ltr'><strong>enim</strong></span> <span class='ocrx_word' id='word_1_268' title='bbox 2871 1077 3069 1146; x_wconf 69' lang='lat' dir='ltr'><strong>lingua:</strong></span> <span class='ocrx_word' id='word_1_269' title='bbox 3117 1075 3252 1129; x_wconf 91' lang='lat' dir='ltr'><strong>nihil</strong></span> <span class='ocrx_word' id='word_1_270' title='bbox 3283 1074 3397 1129; x_wconf 87' lang='lat' dir='ltr'><strong>fere</strong></span> <span class='ocrx_word' id='word_1_271' title='bbox 3430 1073 3577 1127; x_wconf 91' lang='lat' dir='ltr'><strong>aliud</strong></span> <span class='ocrx_word' id='word_1_272' title='bbox 3604 1073 3882 1143; x_wconf 66' lang='lat' dir='ltr'><strong>praebebat</strong></span> <span class='ocrx_word' id='word_1_273' title='bbox 3925 1076 4013 1128; x_wconf 89' lang='lat' dir='ltr'><strong>lo-</strong></span> 
     </span>
    </p>
   </div>
   <div class='ocr_carea' id='block_1_39' title="bbox 2428 1166 4009 1239">
    <p class='ocr_par' dir='ltr' id='par_1_39' title="bbox 2428 1166 4009 1239">
     <span class='ocr_line' id='line_1_39' title="bbox 2428 1166 4009 1239; baseline -0.002 -17"><span class='ocrx_word' id='word_1_274' title='bbox 2428 1168 2729 1239; x_wconf 90' lang='lat' dir='ltr'><strong>quendum,</strong></span> <span class='ocrx_word' id='word_1_275' title='bbox 2785 1167 2888 1221; x_wconf 90' lang='lat' dir='ltr'><strong>nisi</strong></span> <span class='ocrx_word' id='word_1_276' title='bbox 2947 1180 3291 1236; x_wconf 69' lang='lat' dir='ltr'><strong>qumcunque</strong></span> <span class='ocrx_word' id='word_1_277' title='bbox 3352 1172 3512 1220; x_wconf 91' lang='lat' dir='ltr'><strong>erant</strong></span> <span class='ocrx_word' id='word_1_278' title='bbox 3568 1166 3784 1235; x_wconf 87' lang='lat' dir='ltr'><strong>mystici</strong></span> <span class='ocrx_word' id='word_1_279' title='bbox 3832 1169 4009 1220; x_wconf 77' lang='lat' dir='ltr'><strong>nostri</strong></span> 
     </span>
    </p>
   </div>
   <div class='ocr_carea' id='block_1_40' title="bbox 2429 1256 4009 1327">
    <p class='ocr_par' dir='ltr' id='par_1_40' title="bbox 2429 1256 4009 1327">
     <span class='ocr_line' id='line_1_40' title="bbox 2429 1256 4009 1327; baseline -0.004 -12"><span class='ocrx_word' id='word_1_280' title='bbox 2429 1261 2627 1324; x_wconf 89' lang='lat' dir='ltr'><strong>cultus,</strong></span> <span class='ocrx_word' id='word_1_281' title='bbox 2663 1267 2931 1327; x_wconf 85' lang='lat' dir='ltr'><strong>quantum</strong></span> <span class='ocrx_word' id='word_1_282' title='bbox 2966 1273 2995 1310; x_wconf 91' lang='lat' dir='ltr'><strong>a</strong></span> <span class='ocrx_word' id='word_1_283' title='bbox 3043 1257 3193 1310; x_wconf 87' lang='lat' dir='ltr'><strong>molli</strong></span> <span class='ocrx_word' id='word_1_284' title='bbox 3254 1265 3308 1310; x_wconf 87' lang='lat' dir='ltr'><strong>et</strong></span> <span class='ocrx_word' id='word_1_285' title='bbox 3344 1266 3530 1310; x_wconf 89' lang='lat' dir='ltr'><strong>tenera</strong></span> <span class='ocrx_word' id='word_1_286' title='bbox 3605 1256 3760 1325; x_wconf 89' lang='lat' dir='ltr'><strong>pueri</strong></span> <span class='ocrx_word' id='word_1_287' title='bbox 3809 1267 4009 1310; x_wconf 89' lang='lat' dir='ltr'><strong>natura</strong></span> 
     </span>
    </p>
   </div>
   <div class='ocr_carea' id='block_1_41' title="bbox 2430 1348 4007 1422">
    <p class='ocr_par' dir='ltr' id='par_1_41' title="bbox 2430 1348 4007 1422">
     <span class='ocr_line' id='line_1_41' title="bbox 2430 1348 4007 1422; baseline -0.003 -16"><span class='ocrx_word' id='word_1_288' title='bbox 2430 1360 2607 1422; x_wconf 89' lang='lat' dir='ltr'><strong>potest</strong></span> <span class='ocrx_word' id='word_1_289' title='bbox 2634 1350 2863 1420; x_wconf 80' lang='lat' dir='ltr'><strong>exprimi</strong></span> <span class='ocrx_word' id='word_1_290' title='bbox 2885 1358 2939 1404; x_wconf 91' lang='lat' dir='ltr'><strong>et</strong></span> <span class='ocrx_word' id='word_1_291' title='bbox 2959 1365 2989 1403; x_wconf 90' lang='lat' dir='ltr'><strong>e</strong></span> <span class='ocrx_word' id='word_1_292' title='bbox 3018 1348 3185 1403; x_wconf 87' lang='lat' dir='ltr'><strong>labris</strong></span> <span class='ocrx_word' id='word_1_293' title='bbox 3206 1348 3457 1417; x_wconf 85' lang='lat' dir='ltr'><strong>progredi</strong></span> <span class='ocrx_word' id='word_1_294' title='bbox 3502 1365 3515 1401; x_wconf 90' lang='lat'><strong>:</strong></span> <span class='ocrx_word' id='word_1_295' title='bbox 3542 1357 3588 1403; x_wconf 88' lang='lat' dir='ltr'><strong>et</strong></span> <span class='ocrx_word' id='word_1_296' title='bbox 3615 1350 3715 1402; x_wconf 92' lang='lat' dir='ltr'><strong>hoc</strong></span> <span class='ocrx_word' id='word_1_297' title='bbox 3740 1349 4007 1417; x_wconf 85' lang='lat' dir='ltr'><strong>paulatim</strong></span> 
     </span>
    </p>
   </div>
   <div class='ocr_carea' id='block_1_42' title="bbox 2429 1439 4009 1510">
    <p class='ocr_par' dir='ltr' id='par_1_42' title="bbox 2429 1439 4009 1510">
     <span class='ocr_line' id='line_1_42' title="bbox 2429 1439 4009 1510; baseline -0.002 -13"><span class='ocrx_word' id='word_1_298' title='bbox 2429 1457 2683 1498; x_wconf 86' lang='lat' dir='ltr'><strong>crescens</strong></span> <span class='ocrx_word' id='word_1_299' title='bbox 2735 1456 2861 1497; x_wconf 89' lang='lat' dir='ltr'><strong>cum</strong></span> <span class='ocrx_word' id='word_1_300' title='bbox 2916 1451 3215 1510; x_wconf 87' lang='lat' dir='ltr'><strong>augmento</strong></span> <span class='ocrx_word' id='word_1_301' title='bbox 3273 1439 3562 1510; x_wconf 88' lang='lat' dir='ltr'><strong>corporis.</strong></span> <span class='ocrx_word' id='word_1_302' title='bbox 3617 1440 3783 1493; x_wconf 91' lang='lat' dir='ltr'><strong>simul</strong></span> <span class='ocrx_word' id='word_1_303' title='bbox 3840 1442 4009 1494; x_wconf 84' lang='lat' dir='ltr'><strong>etiam</strong></span> 
     </span>
    </p>
   </div>
   <div class='ocr_carea' id='block_1_43' title="bbox 2429 1532 4011 1602">
    <p class='ocr_par' dir='ltr' id='par_1_43' title="bbox 2429 1532 4011 1602">
     <span class='ocr_line' id='line_1_43' title="bbox 2429 1532 4011 1602; baseline -0.003 -11"><span class='ocrx_word' id='word_1_304' title='bbox 2429 1545 2770 1591; x_wconf 86' lang='lat' dir='ltr'><strong>crescentem</strong></span> <span class='ocrx_word' id='word_1_305' title='bbox 2798 1532 3048 1589; x_wconf 85' lang='lat' dir='ltr'><strong>habebat</strong></span> <span class='ocrx_word' id='word_1_306' title='bbox 3076 1532 3498 1586; x_wconf 89' lang='lat' dir='ltr'><strong>admirationem</strong></span> <span class='ocrx_word' id='word_1_307' title='bbox 3534 1549 3548 1584; x_wconf 90' lang='lat'><strong>:</strong></span> <span class='ocrx_word' id='word_1_308' title='bbox 3581 1540 3637 1585; x_wconf 91' lang='lat' dir='ltr'><strong>et</strong></span> <span class='ocrx_word' id='word_1_309' title='bbox 3686 1532 4011 1602; x_wconf 85' lang='lat' dir='ltr'><strong>quicunque</strong></span> 
     </span>
    </p>
   </div>
   <div class='ocr_carea' id='block_1_44' title="bbox 2433 1623 3436 1695">
    <p class='ocr_par' dir='ltr' id='par_1_44' title="bbox 2433 1623 3436 1695">
     <span class='ocr_line' id='line_1_44' title="bbox 2433 1623 3436 1695; baseline -0.004 -13"><span class='ocrx_word' id='word_1_310' title='bbox 2433 1631 2483 1684; x_wconf 91' lang='lat' dir='ltr'><strong>id</strong></span> <span class='ocrx_word' id='word_1_311' title='bbox 2524 1627 2765 1694; x_wconf 83' lang='lat' dir='ltr'><strong>videbat,</strong></span> <span class='ocrx_word' id='word_1_312' title='bbox 2801 1635 2918 1681; x_wconf 86' lang='lat' dir='ltr'><strong>erat</strong></span> <span class='ocrx_word' id='word_1_313' title='bbox 2946 1625 3212 1695; x_wconf 85' lang='lat' dir='ltr'><strong>propheta</strong></span> <span class='ocrx_word' id='word_1_314' title='bbox 3246 1623 3436 1678; x_wconf 90' lang='lat' dir='ltr'><strong>futuri.</strong></span> 
     </span>
    </p>
   </div>
   <div class='ocr_carea' id='block_1_45' title="bbox 2501 1715 4005 1787">
    <p class='ocr_par' dir='ltr' id='par_1_45' title="bbox 2501 1715 4005 1787">
     <span class='ocr_line' id='line_1_45' title="bbox 2501 1715 4005 1787; baseline -0.006 -12"><span class='ocrx_word' id='word_1_315' title='bbox 2501 1721 2556 1777; x_wconf 82' lang='lat'><strong>5.</strong></span> <span class='ocrx_word' id='word_1_316' title='bbox 2589 1718 2725 1773; x_wconf 92' lang='lat' dir='ltr'><strong>Cum</strong></span> <span class='ocrx_word' id='word_1_317' title='bbox 2779 1716 2847 1771; x_wconf 89' lang='lat' dir='ltr'><strong>ad</strong></span> <span class='ocrx_word' id='word_1_318' title='bbox 2882 1716 3136 1787; x_wconf 90' lang='lat' dir='ltr'><strong>quintum</strong></span> <span class='ocrx_word' id='word_1_319' title='bbox 3179 1724 3360 1769; x_wconf 87' lang='lat' dir='ltr'><strong>autem</strong></span> <span class='ocrx_word' id='word_1_320' title='bbox 3394 1730 3598 1769; x_wconf 88' lang='lat' dir='ltr'><strong>annum</strong></span> <span class='ocrx_word' id='word_1_321' title='bbox 3637 1715 4005 1783; x_wconf 86' lang='lat' dir='ltr'><strong>pervenisset,</strong></span> 
     </span>
    </p>
   </div>
   <div class='ocr_carea' id='block_1_46' title="bbox 2438 1806 4009 1879">
    <p class='ocr_par' dir='ltr' id='par_1_46' title="bbox 2438 1806 4009 1879">
     <span class='ocr_line' id='line_1_46' title="bbox 2438 1806 4009 1879; baseline -0.003 -14"><span class='ocrx_word' id='word_1_322' title='bbox 2438 1812 2765 1867; x_wconf 87' lang='lat' dir='ltr'><strong>Litterarum</strong></span> <span class='ocrx_word' id='word_1_323' title='bbox 2804 1809 3004 1879; x_wconf 81' lang='lat' dir='ltr'><strong>ﬁguras</strong></span> <span class='ocrx_word' id='word_1_324' title='bbox 3038 1807 3233 1862; x_wconf 79' lang='lat' dir='ltr'><strong>doctus</strong></span> <span class='ocrx_word' id='word_1_325' title='bbox 3278 1822 3307 1860; x_wconf 91' lang='lat' dir='ltr'><strong>a</strong></span> <span class='ocrx_word' id='word_1_326' title='bbox 3348 1816 3540 1861; x_wconf 92' lang='lat' dir='ltr'><strong>sancto</strong></span> <span class='ocrx_word' id='word_1_327' title='bbox 3568 1806 3773 1876; x_wconf 90' lang='lat' dir='ltr'><strong>Spiritu</strong></span> <span class='ocrx_word' id='word_1_328' title='bbox 3806 1808 4009 1877; x_wconf 80' lang='lat' dir='ltr'><strong>(neque</strong></span> 
     </span>
    </p>
   </div>
   <div class='ocr_carea' id='block_1_47' title="bbox 2438 1899 4011 1969">
    <p class='ocr_par' dir='ltr' id='par_1_47' title="bbox 2438 1899 4011 1969">
     <span class='ocr_line' id='line_1_47' title="bbox 2438 1899 4011 1969; baseline -0.003 -12"><span class='ocrx_word' id='word_1_329' title='bbox 2438 1903 2582 1957; x_wconf 88' lang='lat' dir='ltr'><strong>enim</strong></span> <span class='ocrx_word' id='word_1_330' title='bbox 2614 1901 2800 1955; x_wconf 80' lang='lat' dir='ltr'><strong>venire</strong></span> <span class='ocrx_word' id='word_1_331' title='bbox 2842 1900 2909 1953; x_wconf 92' lang='lat' dir='ltr'><strong>ad</strong></span> <span class='ocrx_word' id='word_1_332' title='bbox 2952 1899 3061 1952; x_wconf 92' lang='lat' dir='ltr'><strong>ludi</strong></span> <span class='ocrx_word' id='word_1_333' title='bbox 3086 1899 3430 1969; x_wconf 87' lang='lat' dir='ltr'><strong>magistrum,</strong></span> <span class='ocrx_word' id='word_1_334' title='bbox 3462 1914 3759 1967; x_wconf 88' lang='lat' dir='ltr'><strong>puerorum</strong></span> <span class='ocrx_word' id='word_1_335' title='bbox 3793 1900 4011 1954; x_wconf 88' lang='lat' dir='ltr'><strong>irrisio-</strong></span> 
     </span>
    </p>
   </div>
   <div class='ocr_carea' id='block_1_48' title="bbox 2438 1991 4009 2063">
    <p class='ocr_par' dir='ltr' id='par_1_48' title="bbox 2438 1991 4009 2063">
     <span class='ocr_line' id='line_1_48' title="bbox 2438 1991 4009 2063; baseline -0.002 -14"><span class='ocrx_word' id='word_1_336' title='bbox 2438 2010 2534 2049; x_wconf 83' lang='lat' dir='ltr'><strong>nes</strong></span> <span class='ocrx_word' id='word_1_337' title='bbox 2559 2006 2610 2049; x_wconf 83' lang='lat' dir='ltr'><strong>et</strong></span> <span class='ocrx_word' id='word_1_338' title='bbox 2642 1993 2778 2048; x_wconf 91' lang='lat' dir='ltr'><strong>alias</strong></span> <span class='ocrx_word' id='word_1_339' title='bbox 2819 1991 3059 2063; x_wconf 85' lang='lat' dir='ltr'><strong>pueriles</strong></span> <span class='ocrx_word' id='word_1_340' title='bbox 3083 1991 3314 2063; x_wconf 87' lang='lat' dir='ltr'><strong>ineptias</strong></span> <span class='ocrx_word' id='word_1_341' title='bbox 3341 1992 3643 2054; x_wconf 86' lang='lat' dir='ltr'><strong>declinans.</strong></span> <span class='ocrx_word' id='word_1_342' title='bbox 3672 1994 3725 2046; x_wconf 92' lang='lat' dir='ltr'><strong>in</strong></span> <span class='ocrx_word' id='word_1_343' title='bbox 3760 1992 4009 2046; x_wconf 89' lang='lat' dir='ltr'><strong>animum</strong></span> 
     </span>
    </p>
   </div>
   <div class='ocr_carea' id='block_1_49' title="bbox 2438 2085 4013 2156">
    <p class='ocr_par' dir='ltr' id='par_1_49' title="bbox 2438 2085 4013 2156">
     <span class='ocr_line' id='line_1_49' title="bbox 2438 2085 4013 2156; baseline -0.003 -14"><span class='ocrx_word' id='word_1_344' title='bbox 2438 2087 2677 2156; x_wconf 77' lang='lat' dir='ltr'><strong>induxit)</strong></span> <span class='ocrx_word' id='word_1_345' title='bbox 2709 2100 2902 2140; x_wconf 89' lang='lat' dir='ltr'><strong>omnes</strong></span> <span class='ocrx_word' id='word_1_346' title='bbox 2945 2100 3131 2140; x_wconf 88' lang='lat' dir='ltr'><strong>sacras</strong></span> <span class='ocrx_word' id='word_1_347' title='bbox 3161 2085 3457 2149; x_wconf 86' lang='lat' dir='ltr'><strong>orationes,</strong></span> <span class='ocrx_word' id='word_1_348' title='bbox 3496 2085 3731 2141; x_wconf 64' lang='lat' dir='ltr'><strong>maxine</strong></span> <span class='ocrx_word' id='word_1_349' title='bbox 3757 2102 3881 2155; x_wconf 71' lang='lat' dir='ltr'><strong>quae</strong></span> <span class='ocrx_word' id='word_1_350' title='bbox 3901 2100 4013 2139; x_wconf 90' lang='lat' dir='ltr'><strong>non</strong></span> 
     </span>
    </p>
   </div>
   <div class='ocr_carea' id='block_1_50' title="bbox 2440 2176 4014 2250">
    <p class='ocr_par' dir='ltr' id='par_1_50' title="bbox 2440 2176 4014 2250">
     <span class='ocr_line' id='line_1_50' title="bbox 2440 2176 4014 2250; baseline -0.001 -16"><span class='ocrx_word' id='word_1_351' title='bbox 2440 2180 2685 2249; x_wconf 69' lang='lat' dir='ltr'><strong>mysticae</strong></span> <span class='ocrx_word' id='word_1_352' title='bbox 2717 2194 2781 2233; x_wconf 72' lang='lat' dir='ltr'><strong>ac:</strong></span> <span class='ocrx_word' id='word_1_353' title='bbox 2807 2186 3018 2233; x_wconf 84' lang='lat' dir='ltr'><strong>secreto</strong></span> <span class='ocrx_word' id='word_1_354' title='bbox 3053 2176 3298 2245; x_wconf 60' lang='lat' dir='ltr'><strong>prolatae,</strong></span> <span class='ocrx_word' id='word_1_355' title='bbox 3353 2178 3771 2250; x_wconf 57' lang='lat' dir='ltr'><strong>sacriliebvoce</strong></span> <span class='ocrx_word' id='word_1_356' title='bbox 3818 2194 4014 2247; x_wconf 85' lang='lat' dir='ltr'><strong>perve-</strong></span> 
     </span>
    </p>
   </div>
   <div class='ocr_carea' id='block_1_51' title="bbox 2441 2256 4017 2339">
    <p class='ocr_par' dir='ltr' id='par_1_51' title="bbox 2441 2256 4017 2339">
     <span class='ocr_line' id='line_1_51' title="bbox 2441 2256 4017 2339; baseline -0.002 -14"><span class='ocrx_word' id='word_1_357' title='bbox 2441 2273 2601 2325; x_wconf 90' lang='lat' dir='ltr'><strong>niunt</strong></span> <span class='ocrx_word' id='word_1_358' title='bbox 2635 2270 2702 2325; x_wconf 91' lang='lat' dir='ltr'><strong>ad</strong></span> <span class='ocrx_word' id='word_1_359' title='bbox 2754 2283 2915 2323; x_wconf 90' lang='lat' dir='ltr'><strong>aures</strong></span> <span class='ocrx_word' id='word_1_360' title='bbox 2948 2282 3163 2334; x_wconf 83' lang='lat' dir='ltr'><strong>eorum,</strong></span> <span class='ocrx_word' id='word_1_361' title='bbox 3204 2268 3296 2337; x_wconf 92' lang='lat' dir='ltr'><strong>qui</strong></span> <span class='ocrx_word' id='word_1_362' title='bbox 3358 2256 3670 2334; x_wconf 76' lang='lat' dir='ltr'><strong>initiantur,</strong></span> <span class='ocrx_word' id='word_1_363' title='bbox 3732 2270 4017 2339; x_wconf 80' lang='lat' dir='ltr'><strong>ingeniose</strong></span> 
     </span>
    </p>
   </div>
   <div class='ocr_carea' id='block_1_52' title="bbox 2442 2358 4016 2429">
    <p class='ocr_par' dir='ltr' id='par_1_52' title="bbox 2442 2358 4016 2429">
     <span class='ocr_line' id='line_1_52' title="bbox 2442 2358 4016 2429; baseline 0.002 -16"><span class='ocrx_word' id='word_1_364' title='bbox 2442 2359 2753 2414; x_wconf 90' lang='lat' dir='ltr'><strong>memoriter</strong></span> <span class='ocrx_word' id='word_1_365' title='bbox 2802 2359 3196 2427; x_wconf 85' lang='lat' dir='ltr'><strong>pronuntians;</strong></span> <span class='ocrx_word' id='word_1_366' title='bbox 3227 2358 3293 2413; x_wconf 87' lang='lat' dir='ltr'><strong>de</strong></span> <span class='ocrx_word' id='word_1_367' title='bbox 3328 2369 3526 2412; x_wconf 72' lang='lat' dir='ltr'><strong>caztero</strong></span> <span class='ocrx_word' id='word_1_368' title='bbox 3557 2359 3719 2413; x_wconf 86' lang='lat' dir='ltr'><strong>etiam</strong></span> <span class='ocrx_word' id='word_1_369' title='bbox 3752 2376 3838 2413; x_wconf 87' lang='lat' dir='ltr'><strong>res</strong></span> <span class='ocrx_word' id='word_1_370' title='bbox 3866 2361 4016 2429; x_wconf 82' lang='lat' dir='ltr'><strong>ipsas</strong></span> 
     </span>
    </p>
   </div>
   <div class='ocr_carea' id='block_1_53' title="bbox 2441 2450 4019 2521">
    <p class='ocr_par' dir='ltr' id='par_1_53' title="bbox 2441 2450 4019 2521">
     <span class='ocr_line' id='line_1_53' title="bbox 2441 2450 4019 2521; baseline 0.001 -15"><span class='ocrx_word' id='word_1_371' title='bbox 2441 2452 2761 2506; x_wconf 84' lang='lat' dir='ltr'><strong>imitabatur</strong></span> <span class='ocrx_word' id='word_1_372' title='bbox 2782 2466 2846 2506; x_wconf 89' lang='lat' dir='ltr'><strong>ac</strong></span> <span class='ocrx_word' id='word_1_373' title='bbox 2878 2450 3324 2520; x_wconf 65' lang='lat' dir='ltr'><strong>repraesentabat,</strong></span> <span class='ocrx_word' id='word_1_374' title='bbox 3359 2466 3561 2521; x_wconf 87' lang='lat' dir='ltr'><strong>panem</strong></span> <span class='ocrx_word' id='word_1_375' title='bbox 3601 2467 3937 2521; x_wconf 81' lang='lat' dir='ltr'><strong>prepnnens,</strong></span> <span class='ocrx_word' id='word_1_376' title='bbox 3962 2464 4019 2507; x_wconf 87' lang='lat' dir='ltr'><strong>et</strong></span> 
     </span>
    </p>
   </div>
   <div class='ocr_carea' id='block_1_54' title="bbox 2442 2542 4020 2612">
    <p class='ocr_par' dir='ltr' id='par_1_54' title="bbox 2442 2542 4020 2612">
     <span class='ocr_line' id='line_1_54' title="bbox 2442 2542 4020 2612; baseline -0.001 -14"><span class='ocrx_word' id='word_1_377' title='bbox 2442 2559 2606 2598; x_wconf 81' lang='lat' dir='ltr'><strong>manu</strong></span> <span class='ocrx_word' id='word_1_378' title='bbox 2640 2552 2830 2597; x_wconf 91' lang='lat' dir='ltr'><strong>tenens</strong></span> <span class='ocrx_word' id='word_1_379' title='bbox 2859 2542 3198 2597; x_wconf 89' lang='lat' dir='ltr'><strong>thuribulum</strong></span> <span class='ocrx_word' id='word_1_380' title='bbox 3238 2560 3251 2595; x_wconf 86' lang='lat'><strong>:</strong></span> <span class='ocrx_word' id='word_1_381' title='bbox 3285 2543 3510 2612; x_wconf 88' lang='lat' dir='ltr'><strong>perinde</strong></span> <span class='ocrx_word' id='word_1_382' title='bbox 3537 2559 3600 2598; x_wconf 91' lang='lat' dir='ltr'><strong>ac</strong></span> <span class='ocrx_word' id='word_1_383' title='bbox 3629 2545 3674 2597; x_wconf 88' lang='lat' dir='ltr'><strong>si</strong></span> <span class='ocrx_word' id='word_1_384' title='bbox 3713 2561 3819 2599; x_wconf 91' lang='lat' dir='ltr'><strong>non</strong></span> <span class='ocrx_word' id='word_1_385' title='bbox 3851 2547 4020 2600; x_wconf 79' lang='lat' dir='ltr'><strong>susti-</strong></span> 
     </span>
    </p>
   </div>
   <div class='ocr_carea' id='block_1_55' title="bbox 2443 2636 4016 2710">
    <p class='ocr_par' dir='ltr' id='par_1_55' title="bbox 2443 2636 4016 2710">
     <span class='ocr_line' id='line_1_55' title="bbox 2443 2636 4016 2710; baseline 0.003 -19"><span class='ocrx_word' id='word_1_386' title='bbox 2443 2649 2597 2691; x_wconf 88' lang='lat' dir='ltr'><strong>neret</strong></span> <span class='ocrx_word' id='word_1_387' title='bbox 2622 2651 2776 2691; x_wconf 88' lang='lat' dir='ltr'><strong>sacra</strong></span> <span class='ocrx_word' id='word_1_388' title='bbox 2808 2636 3013 2700; x_wconf 89' lang='lat' dir='ltr'><strong>anima,</strong></span> <span class='ocrx_word' id='word_1_389' title='bbox 3044 2652 3155 2706; x_wconf 93' lang='lat' dir='ltr'><strong>quo</strong></span> <span class='ocrx_word' id='word_1_390' title='bbox 3199 2637 3384 2691; x_wconf 87' lang='lat' dir='ltr'><strong>minus</strong></span> <span class='ocrx_word' id='word_1_391' title='bbox 3415 2636 3577 2691; x_wconf 87' lang='lat' dir='ltr'><strong>etiam</strong></span> <span class='ocrx_word' id='word_1_392' title='bbox 3610 2638 3663 2691; x_wconf 93' lang='lat' dir='ltr'><strong>in</strong></span> <span class='ocrx_word' id='word_1_393' title='bbox 3702 2638 4016 2710; x_wconf 81' lang='lat' dir='ltr'><strong>imperfecta</strong></span> 
     </span>
    </p>
   </div>
   <div class='ocr_carea' id='block_1_56' title="bbox 2442 2727 4020 2800">
    <p class='ocr_par' dir='ltr' id='par_1_56' title="bbox 2442 2727 4020 2800">
     <span class='ocr_line' id='line_1_56' title="bbox 2442 2727 4020 2800; baseline 0.001 -17"><span class='ocrx_word' id='word_1_394' title='bbox 2442 2738 2599 2783; x_wconf 61' lang='lat' dir='ltr'><strong>aetate</strong></span> <span class='ocrx_word' id='word_1_395' title='bbox 2638 2737 2961 2797; x_wconf 88' lang='lat' dir='ltr'><strong>operaretur</strong></span> <span class='ocrx_word' id='word_1_396' title='bbox 3004 2742 3091 2782; x_wconf 91' lang='lat' dir='ltr'><strong>res</strong></span> <span class='ocrx_word' id='word_1_397' title='bbox 3119 2727 3354 2789; x_wconf 85' lang='lat' dir='ltr'><strong>divinas,</strong></span> <span class='ocrx_word' id='word_1_398' title='bbox 3392 2738 3446 2783; x_wconf 90' lang='lat' dir='ltr'><strong>et</strong></span> <span class='ocrx_word' id='word_1_399' title='bbox 3473 2739 3598 2783; x_wconf 88' lang='lat' dir='ltr'><strong>ante</strong></span> <span class='ocrx_word' id='word_1_400' title='bbox 3644 2739 3857 2799; x_wconf 91' lang='lat' dir='ltr'><strong>tempus</strong></span> <span class='ocrx_word' id='word_1_401' title='bbox 3894 2746 4020 2800; x_wconf 81' lang='lat' dir='ltr'><strong>per—</strong></span> 
     </span>
    </p>
   </div>
   <div class='ocr_carea' id='block_1_57' title="bbox 2444 2817 4018 2889">
    <p class='ocr_par' dir='ltr' id='par_1_57' title="bbox 2444 2817 4018 2889">
     <span class='ocr_line' id='line_1_57' title="bbox 2444 2817 4018 2889; baseline 0 -15"><span class='ocrx_word' id='word_1_402' title='bbox 2444 2819 2696 2874; x_wconf 87' lang='lat' dir='ltr'><strong>fectionis</strong></span> <span class='ocrx_word' id='word_1_403' title='bbox 2715 2834 2777 2874; x_wconf 91' lang='lat' dir='ltr'><strong>ea</strong></span> <span class='ocrx_word' id='word_1_404' title='bbox 2815 2834 2936 2887; x_wconf 68' lang='lat' dir='ltr'><strong>qua:</strong></span> <span class='ocrx_word' id='word_1_405' title='bbox 2959 2817 3025 2871; x_wconf 92' lang='lat' dir='ltr'><strong>ad</strong></span> <span class='ocrx_word' id='word_1_406' title='bbox 3055 2817 3441 2887; x_wconf 88' lang='lat' dir='ltr'><strong>perfectionem</strong></span> <span class='ocrx_word' id='word_1_407' title='bbox 3476 2822 3749 2889; x_wconf 90' lang='lat' dir='ltr'><strong>pertinent</strong></span> <span class='ocrx_word' id='word_1_408' title='bbox 3784 2822 4018 2877; x_wconf 88' lang='lat' dir='ltr'><strong>inchoa-</strong></span> 
     </span>
    </p>
   </div>
   <div class='ocr_carea' id='block_1_58' title="bbox 2444 2911 4022 2980">
    <p class='ocr_par' dir='ltr' id='par_1_58' title="bbox 2444 2911 4022 2980">
     <span class='ocr_line' id='line_1_58' title="bbox 2444 2911 4022 2980; baseline -0.002 -13"><span class='ocrx_word' id='word_1_409' title='bbox 2444 2921 2569 2967; x_wconf 84' lang='lat' dir='ltr'><strong>ret:</strong></span> <span class='ocrx_word' id='word_1_410' title='bbox 2618 2919 2671 2965; x_wconf 90' lang='lat' dir='ltr'><strong>et</strong></span> <span class='ocrx_word' id='word_1_411' title='bbox 2710 2920 3069 2964; x_wconf 82' lang='lat' dir='ltr'><strong>sacrosancto</strong></span> <span class='ocrx_word' id='word_1_412' title='bbox 3114 2926 3285 2979; x_wconf 85' lang='lat' dir='ltr'><strong>puero</strong></span> <span class='ocrx_word' id='word_1_413' title='bbox 3331 2926 3429 2979; x_wconf 88' lang='lat' dir='ltr'><strong>pro</strong></span> <span class='ocrx_word' id='word_1_414' title='bbox 3472 2911 3668 2980; x_wconf 84' lang='lat' dir='ltr'><strong>quovis</strong></span> <span class='ocrx_word' id='word_1_415' title='bbox 3715 2912 3844 2965; x_wconf 86' lang='lat' dir='ltr'><strong>ludo</strong></span> <span class='ocrx_word' id='word_1_416' title='bbox 3897 2922 4022 2965; x_wconf 86' lang='lat' dir='ltr'><strong>erat</strong></span> 
     </span>
    </p>
   </div>
   <div class='ocr_carea' id='block_1_59' title="bbox 2443 3001 4019 3073">
    <p class='ocr_par' dir='ltr' id='par_1_59' title="bbox 2443 3001 4019 3073">
     <span class='ocr_line' id='line_1_59' title="bbox 2443 3001 4019 3073; baseline -0.003 -16"><span class='ocrx_word' id='word_1_417' title='bbox 2443 3017 2581 3072; x_wconf 93' lang='lat' dir='ltr'><strong>opus</strong></span> <span class='ocrx_word' id='word_1_418' title='bbox 2610 3012 2664 3057; x_wconf 90' lang='lat' dir='ltr'><strong>et</strong></span> <span class='ocrx_word' id='word_1_419' title='bbox 2687 3001 2952 3073; x_wconf 86' lang='lat' dir='ltr'><strong>studium,</strong></span> <span class='ocrx_word' id='word_1_420' title='bbox 2986 3017 3179 3069; x_wconf 89' lang='lat' dir='ltr'><strong>parum</strong></span> <span class='ocrx_word' id='word_1_421' title='bbox 3207 3001 3426 3070; x_wconf 90' lang='lat' dir='ltr'><strong>quidem</strong></span> <span class='ocrx_word' id='word_1_422' title='bbox 3459 3011 3687 3056; x_wconf 89' lang='lat' dir='ltr'><strong>matrem</strong></span> <span class='ocrx_word' id='word_1_423' title='bbox 3712 3002 4019 3064; x_wconf 81' lang='lat' dir='ltr'><strong>comitanti,</strong></span> 
     </span>
    </p>
   </div>
   <div class='ocr_carea' id='block_1_60' title="bbox 2446 3092 4021 3164">
    <p class='ocr_par' dir='ltr' id='par_1_60' title="bbox 2446 3092 4021 3164">
     <span class='ocr_line' id='line_1_60' title="bbox 2446 3092 4021 3164; baseline -0.001 -16"><span class='ocrx_word' id='word_1_424' title='bbox 2446 3108 2640 3164; x_wconf 85' lang='lat' dir='ltr'><strong>magna</strong></span> <span class='ocrx_word' id='word_1_425' title='bbox 2676 3102 2855 3148; x_wconf 88' lang='lat' dir='ltr'><strong>antem</strong></span> <span class='ocrx_word' id='word_1_426' title='bbox 2891 3108 2957 3149; x_wconf 81' lang='lat' dir='ltr'><strong>ex</strong></span> <span class='ocrx_word' id='word_1_427' title='bbox 3012 3103 3165 3163; x_wconf 90' lang='lat' dir='ltr'><strong>parte</strong></span> <span class='ocrx_word' id='word_1_428' title='bbox 3214 3094 3266 3147; x_wconf 91' lang='lat' dir='ltr'><strong>in</strong></span> <span class='ocrx_word' id='word_1_429' title='bbox 3317 3092 3400 3147; x_wconf 88' lang='lat' dir='ltr'><strong>bis</strong></span> <span class='ocrx_word' id='word_1_430' title='bbox 3450 3108 3698 3148; x_wconf 85' lang='lat' dir='ltr'><strong>seorsum</strong></span> <span class='ocrx_word' id='word_1_431' title='bbox 3729 3104 4021 3163; x_wconf 84' lang='lat' dir='ltr'><strong>occnpato.</strong></span> 
     </span>
    </p>
   </div>
   <div class='ocr_carea' id='block_1_61' title="bbox 769 3185 4023 3271">
    <p class='ocr_par' dir='ltr' id='par_1_61' title="bbox 769 3185 4023 3271">
     <span class='ocr_line' id='line_1_61' title="bbox 769 3185 4023 3271; baseline -0.001 -24"><span class='ocrx_word' id='word_1_432' title='bbox 769 3196 970 3263; x_wconf 76' lang='lat' dir='ltr'><strong>regina:</strong></span> <span class='ocrx_word' id='word_1_433' title='bbox 996 3201 1178 3248; x_wconf 90' lang='lat' dir='ltr'><strong>autem</strong></span> <span class='ocrx_word' id='word_1_434' title='bbox 1203 3191 1553 3256; x_wconf 86' lang='lat' dir='ltr'><strong>submittens,</strong></span> <span class='ocrx_word' id='word_1_435' title='bbox 1579 3202 1631 3245; x_wconf 89' lang='lat' dir='ltr'><strong>et</strong></span> <span class='ocrx_word' id='word_1_436' title='bbox 1654 3191 1919 3261; x_wconf 88' lang='lat' dir='ltr'><strong>majorum</strong></span> <span class='ocrx_word' id='word_1_437' title='bbox 1945 3191 2064 3261; x_wconf 87' lang='lat' dir='ltr'><strong>ejus</strong></span> <span class='ocrx_word' id='word_1_438' title='bbox 2088 3200 2339 3248; x_wconf 90' lang='lat' dir='ltr'><strong>contenta</strong></span> <span class='ocrx_word' id='word_1_439' title='bbox 2371 3211 2415 3271; x_wconf 73' lang='grc' dir='ltr'>ρ</span> <span class='ocrx_word' id='word_1_440' title='bbox 2449 3187 2740 3257; x_wconf 79' lang='lat' dir='ltr'><strong>Postquam</strong></span> <span class='ocrx_word' id='word_1_441' title='bbox 2771 3201 2899 3241; x_wconf 77' lang='lat' dir='ltr'><strong>vero</strong></span> <span class='ocrx_word' id='word_1_442' title='bbox 2943 3186 3033 3240; x_wconf 84' lang='lat' dir='ltr'><strong>illa</strong></span> <span class='ocrx_word' id='word_1_443' title='bbox 3073 3186 3141 3240; x_wconf 85' lang='lat' dir='ltr'><strong>ad</strong></span> <span class='ocrx_word' id='word_1_444' title='bbox 3178 3185 3413 3251; x_wconf 79' lang='lat' dir='ltr'><strong>beatam,</strong></span> <span class='ocrx_word' id='word_1_445' title='bbox 3448 3194 3501 3241; x_wconf 78' lang='lat' dir='ltr'><strong>el</strong></span> <span class='ocrx_word' id='word_1_446' title='bbox 3542 3200 3664 3255; x_wconf 61' lang='lat' dir='ltr'><strong>quin</strong></span> <span class='ocrx_word' id='word_1_447' title='bbox 3712 3202 4023 3256; x_wconf 81' lang='lat' dir='ltr'><strong>numquam</strong></span> 
     </span>
    </p>
   </div>
   <div class='ocr_carea' id='block_1_62' title="bbox 769 3282 2338 3355">
    <p class='ocr_par' dir='ltr' id='par_1_62' title="bbox 769 3282 2338 3355">
     <span class='ocr_line' id='line_1_62' title="bbox 769 3282 2338 3355; baseline 0.002 -19"><span class='ocrx_word' id='word_1_448' title='bbox 769 3283 965 3354; x_wconf 87' lang='lat' dir='ltr'><strong>gloria,</strong></span> <span class='ocrx_word' id='word_1_449' title='bbox 1006 3299 1036 3338; x_wconf 94' lang='lat' dir='ltr'><strong>a</strong></span> <span class='ocrx_word' id='word_1_450' title='bbox 1080 3284 1282 3354; x_wconf 91' lang='lat' dir='ltr'><strong>quibus</strong></span> <span class='ocrx_word' id='word_1_451' title='bbox 1336 3294 1465 3339; x_wconf 90' lang='lat' dir='ltr'><strong>sunt</strong></span> <span class='ocrx_word' id='word_1_452' title='bbox 1514 3284 1642 3339; x_wconf 91' lang='lat' dir='ltr'><strong>huic</strong></span> <span class='ocrx_word' id='word_1_453' title='bbox 1693 3282 1872 3339; x_wconf 88' lang='lat' dir='ltr'><strong>fontes</strong></span> <span class='ocrx_word' id='word_1_454' title='bbox 1926 3286 2338 3355; x_wconf 87' lang='lat' dir='ltr'><strong>generationis:</strong></span> 
     </span>
    </p>
   </div>
   <div class='ocr_carea' id='block_1_63' title="bbox 769 3375 2343 3448">
    <p class='ocr_par' dir='ltr' id='par_1_63' title="bbox 769 3375 2343 3448">
     <span class='ocr_line' id='line_1_63' title="bbox 769 3375 2343 3448; baseline 0.001 -16"><span class='ocrx_word' id='word_1_455' title='bbox 769 3394 908 3448; x_wconf 91' lang='lat' dir='ltr'><strong>quos</strong></span> <span class='ocrx_word' id='word_1_456' title='bbox 941 3394 1113 3448; x_wconf 70' lang='lat' dir='ltr'><strong>genus</strong></span> <span class='ocrx_word' id='word_1_457' title='bbox 1152 3377 1413 3432; x_wconf 86' lang='lat' dir='ltr'><strong>ducentes</strong></span> <span class='ocrx_word' id='word_1_458' title='bbox 1447 3393 1510 3431; x_wconf 78' lang='lat' dir='ltr'><strong>ex</strong></span> <span class='ocrx_word' id='word_1_459' title='bbox 1561 3375 1820 3446; x_wconf 85' lang='lat' dir='ltr'><strong>Phrygia,</strong></span> <span class='ocrx_word' id='word_1_460' title='bbox 1864 3388 2084 3447; x_wconf 89' lang='lat' dir='ltr'><strong>propter</strong></span> <span class='ocrx_word' id='word_1_461' title='bbox 2118 3394 2343 3433; x_wconf 90' lang='lat' dir='ltr'><strong>munera</strong></span> 
     </span>
    </p>
   </div>
   <div class='ocr_carea' id='block_1_64' title="bbox 772 3465 2342 3537">
    <p class='ocr_par' dir='ltr' id='par_1_64' title="bbox 772 3465 2342 3537">
     <span class='ocr_line' id='line_1_64' title="bbox 772 3465 2342 3537; baseline 0.001 -15"><span class='ocrx_word' id='word_1_462' title='bbox 772 3468 1143 3537; x_wconf 90' lang='lat' dir='ltr'><strong>imperatoria,</strong></span> <span class='ocrx_word' id='word_1_463' title='bbox 1179 3482 1301 3536; x_wconf 73' lang='lat' dir='ltr'><strong>qua:</strong></span> <span class='ocrx_word' id='word_1_464' title='bbox 1332 3465 1587 3521; x_wconf 86' lang='lat' dir='ltr'><strong>obierunt</strong></span> <span class='ocrx_word' id='word_1_465' title='bbox 1622 3467 1675 3519; x_wconf 93' lang='lat' dir='ltr'><strong>iu</strong></span> <span class='ocrx_word' id='word_1_466' title='bbox 1709 3467 1955 3522; x_wconf 84' lang='lat' dir='ltr'><strong>exercitu</strong></span> <span class='ocrx_word' id='word_1_467' title='bbox 1981 3468 2342 3536; x_wconf 81' lang='lat' dir='ltr'><strong>imperatoris,</strong></span> 
     </span>
    </p>
   </div>
   <div class='ocr_carea' id='block_1_65' title="bbox 770 3560 2342 3631">
    <p class='ocr_par' dir='ltr' id='par_1_65' title="bbox 770 3560 2342 3631">
     <span class='ocr_line' id='line_1_65' title="bbox 770 3560 2342 3631; baseline 0.001 -18"><span class='ocrx_word' id='word_1_468' title='bbox 770 3561 963 3615; x_wconf 86' lang='lat' dir='ltr'><strong>habuit</strong></span> <span class='ocrx_word' id='word_1_469' title='bbox 999 3560 1184 3631; x_wconf 89' lang='lat' dir='ltr'><strong>regina</strong></span> <span class='ocrx_word' id='word_1_470' title='bbox 1217 3560 1436 3615; x_wconf 92' lang='lat' dir='ltr'><strong>urbium</strong></span> <span class='ocrx_word' id='word_1_471' title='bbox 1488 3560 1843 3619; x_wconf 89' lang='lat' dir='ltr'><strong>habitatores.</strong></span> <span class='ocrx_word' id='word_1_472' title='bbox 1906 3560 2092 3615; x_wconf 90' lang='lat' dir='ltr'><strong>animo</strong></span> <span class='ocrx_word' id='word_1_473' title='bbox 2123 3562 2342 3631; x_wconf 89' lang='lat' dir='ltr'><strong>quidem</strong></span> 
     </span>
    </p>
   </div>
   <div class='ocr_carea' id='block_1_66' title="bbox 772 3651 2347 3723">
    <p class='ocr_par' dir='ltr' id='par_1_66' title="bbox 772 3651 2347 3723">
     <span class='ocr_line' id='line_1_66' title="bbox 772 3651 2347 3723; baseline 0 -16"><span class='ocrx_word' id='word_1_474' title='bbox 772 3652 966 3716; x_wconf 88' lang='lat' dir='ltr'><strong>fortes,</strong></span> <span class='ocrx_word' id='word_1_475' title='bbox 998 3651 1169 3707; x_wconf 89' lang='lat' dir='ltr'><strong>fortes</strong></span> <span class='ocrx_word' id='word_1_476' title='bbox 1198 3660 1377 3707; x_wconf 92' lang='lat' dir='ltr'><strong>autem</strong></span> <span class='ocrx_word' id='word_1_477' title='bbox 1418 3666 1669 3720; x_wconf 89' lang='lat' dir='ltr'><strong>corpore,</strong></span> <span class='ocrx_word' id='word_1_478' title='bbox 1706 3659 1760 3706; x_wconf 90' lang='lat' dir='ltr'><strong>et</strong></span> <span class='ocrx_word' id='word_1_479' title='bbox 1791 3652 1943 3720; x_wconf 87' lang='lat' dir='ltr'><strong>ejus,</strong></span> <span class='ocrx_word' id='word_1_480' title='bbox 1974 3653 2069 3723; x_wconf 90' lang='lat' dir='ltr'><strong>qui</strong></span> <span class='ocrx_word' id='word_1_481' title='bbox 2103 3668 2167 3707; x_wconf 87' lang='lat' dir='ltr'><strong>ex</strong></span> <span class='ocrx_word' id='word_1_482' title='bbox 2214 3653 2347 3722; x_wconf 88' lang='lat' dir='ltr'><strong>ipsis</strong></span> 
     </span>
    </p>
   </div>
   <div class='ocr_carea' id='block_1_67' title="bbox 771 3742 2347 3816">
    <p class='ocr_par' dir='ltr' id='par_1_67' title="bbox 771 3742 2347 3816">
     <span class='ocr_line' id='line_1_67' title="bbox 771 3742 2347 3816; baseline -0.003 -16"><span class='ocrx_word' id='word_1_483' title='bbox 771 3753 891 3800; x_wconf 87' lang='lat' dir='ltr'><strong>erat</strong></span> <span class='ocrx_word' id='word_1_484' title='bbox 919 3743 1243 3816; x_wconf 82' lang='lat' dir='ltr'><strong>gignendos,</strong></span> <span class='ocrx_word' id='word_1_485' title='bbox 1293 3742 1443 3811; x_wconf 90' lang='lat' dir='ltr'><strong>prius</strong></span> <span class='ocrx_word' id='word_1_486' title='bbox 1478 3742 1529 3795; x_wconf 93' lang='lat' dir='ltr'><strong>in</strong></span> <span class='ocrx_word' id='word_1_487' title='bbox 1560 3757 1620 3795; x_wconf 91' lang='lat' dir='ltr'><strong>se</strong></span> <span class='ocrx_word' id='word_1_488' title='bbox 1647 3742 2022 3799; x_wconf 90' lang='lat' dir='ltr'><strong>describentes</strong></span> <span class='ocrx_word' id='word_1_489' title='bbox 2075 3743 2347 3799; x_wconf 87' lang='lat' dir='ltr'><strong>fortitudi-</strong></span> 
     </span>
    </p>
   </div>
   <div class='ocr_carea' id='block_1_68' title="bbox 774 3835 1768 3892">
    <p class='ocr_par' dir='ltr' id='par_1_68' title="bbox 774 3835 1768 3892">
     <span class='ocr_line' id='line_1_68' title="bbox 774 3835 1768 3892; baseline -0.002 0"><span class='ocrx_word' id='word_1_490' title='bbox 774 3852 897 3892; x_wconf 89' lang='lat' dir='ltr'><strong>nem</strong></span> <span class='ocrx_word' id='word_1_491' title='bbox 926 3844 1114 3892; x_wconf 91' lang='lat' dir='ltr'><strong>contra</strong></span> <span class='ocrx_word' id='word_1_492' title='bbox 1146 3835 1275 3889; x_wconf 88' lang='lat' dir='ltr'><strong>vitia</strong></span> <span class='ocrx_word' id='word_1_493' title='bbox 1302 3842 1357 3890; x_wconf 92' lang='lat' dir='ltr'><strong>et</strong></span> <span class='ocrx_word' id='word_1_494' title='bbox 1378 3835 1768 3890; x_wconf 89' lang='lat' dir='ltr'><strong>constantiam.</strong></span> 
     </span>
    </p>
   </div>
   <div class='ocr_carea' id='block_1_69' title="bbox 845 3926 2347 3999">
    <p class='ocr_par' dir='ltr' id='par_1_69' title="bbox 845 3926 2347 3999">
     <span class='ocr_line' id='line_1_69' title="bbox 845 3926 2347 3999; baseline 0.001 -15"><span class='ocrx_word' id='word_1_495' title='bbox 845 3930 899 3984; x_wconf 70' lang='grc'><strong>4.</strong></span> <span class='ocrx_word' id='word_1_496' title='bbox 930 3929 972 3980; x_wconf 86' lang='lat' dir='ltr'><strong>A</strong></span> <span class='ocrx_word' id='word_1_497' title='bbox 1005 3927 1207 3997; x_wconf 88' lang='lat' dir='ltr'><strong>quibus</strong></span> <span class='ocrx_word' id='word_1_498' title='bbox 1229 3934 1385 3982; x_wconf 91' lang='lat' dir='ltr'><strong>ortus</strong></span> <span class='ocrx_word' id='word_1_499' title='bbox 1414 3926 1580 3995; x_wconf 88' lang='lat' dir='ltr'><strong>hujus</strong></span> <span class='ocrx_word' id='word_1_500' title='bbox 1606 3929 1764 3996; x_wconf 76' lang='lat' dir='ltr'><strong>pater‘</strong></span> <span class='ocrx_word' id='word_1_501' title='bbox 1780 3929 1849 3983; x_wconf 93' lang='lat' dir='ltr'><strong>ab</strong></span> <span class='ocrx_word' id='word_1_502' title='bbox 1872 3929 2004 3999; x_wconf 87' lang='lat' dir='ltr'><strong>ipsis</strong></span> <span class='ocrx_word' id='word_1_503' title='bbox 2032 3930 2347 3999; x_wconf 89' lang='lat' dir='ltr'><strong>parentibus</strong></span> 
     </span>
    </p>
   </div>
   <div class='ocr_carea' id='block_1_70' title="bbox 774 4018 2347 4087">
    <p class='ocr_par' dir='ltr' id='par_1_70' title="bbox 774 4018 2347 4087">
     <span class='ocr_line' id='line_1_70' title="bbox 774 4018 2347 4087; baseline 0 -12"><span class='ocrx_word' id='word_1_504' title='bbox 774 4022 842 4075; x_wconf 90' lang='lat' dir='ltr'><strong>ab</strong></span> <span class='ocrx_word' id='word_1_505' title='bbox 876 4020 1095 4075; x_wconf 90' lang='lat' dir='ltr'><strong>ineunte</strong></span> <span class='ocrx_word' id='word_1_506' title='bbox 1125 4027 1304 4082; x_wconf 69' lang='lat' dir='ltr'><strong>aetate,</strong></span> <span class='ocrx_word' id='word_1_507' title='bbox 1362 4027 1623 4087; x_wconf 88' lang='lat' dir='ltr'><strong>tanquam</strong></span> <span class='ocrx_word' id='word_1_508' title='bbox 1661 4018 1901 4085; x_wconf 86' lang='lat' dir='ltr'><strong>Samuel,</strong></span> <span class='ocrx_word' id='word_1_509' title='bbox 1935 4028 1988 4074; x_wconf 89' lang='lat' dir='ltr'><strong>et</strong></span> <span class='ocrx_word' id='word_1_510' title='bbox 2022 4020 2209 4075; x_wconf 90' lang='lat' dir='ltr'><strong>habitu</strong></span> <span class='ocrx_word' id='word_1_511' title='bbox 2253 4020 2347 4076; x_wconf 89' lang='lat' dir='ltr'><strong>Dei</strong></span> 
     </span>
    </p>
   </div>
   <div class='ocr_carea' id='block_1_71' title="bbox 777 4108 2349 4179">
    <p class='ocr_par' dir='ltr' id='par_1_71' title="bbox 777 4108 2349 4179">
     <span class='ocr_line' id='line_1_71' title="bbox 777 4108 2349 4179; baseline 0 -13"><span class='ocrx_word' id='word_1_512' title='bbox 777 4111 913 4166; x_wconf 91' lang='lat' dir='ltr'><strong>sorti</strong></span> <span class='ocrx_word' id='word_1_513' title='bbox 941 4110 1227 4165; x_wconf 91' lang='lat' dir='ltr'><strong>dedicatur</strong></span> <span class='ocrx_word' id='word_1_514' title='bbox 1254 4118 1307 4164; x_wconf 92' lang='lat' dir='ltr'><strong>et</strong></span> <span class='ocrx_word' id='word_1_515' title='bbox 1329 4124 1389 4163; x_wconf 89' lang='lat' dir='ltr'><strong>re</strong></span> <span class='ocrx_word' id='word_1_516' title='bbox 1416 4108 1532 4178; x_wconf 88' lang='lat' dir='ltr'><strong>ipsa</strong></span> <span class='ocrx_word' id='word_1_517' title='bbox 1563 4126 1575 4162; x_wconf 91' lang='lat'><strong>:</strong></span> <span class='ocrx_word' id='word_1_518' title='bbox 1602 4118 1655 4163; x_wconf 91' lang='lat' dir='ltr'><strong>et</strong></span> <span class='ocrx_word' id='word_1_519' title='bbox 1686 4109 1752 4164; x_wconf 91' lang='lat' dir='ltr'><strong>ad</strong></span> <span class='ocrx_word' id='word_1_520' title='bbox 1793 4111 2008 4179; x_wconf 83' lang='lat' dir='ltr'><strong>generis</strong></span> <span class='ocrx_word' id='word_1_521' title='bbox 2038 4112 2349 4166; x_wconf 84' lang='lat' dir='ltr'><strong>successio-</strong></span> 
     </span>
    </p>
   </div>
   <div class='ocr_carea' id='block_1_72' title="bbox 779 4196 2349 4267">
    <p class='ocr_par' dir='ltr' id='par_1_72' title="bbox 779 4196 2349 4267">
     <span class='ocr_line' id='line_1_72' title="bbox 779 4196 2349 4267; baseline 0.001 -14"><span class='ocrx_word' id='word_1_522' title='bbox 779 4214 902 4254; x_wconf 88' lang='lat' dir='ltr'><strong>nem</strong></span> <span class='ocrx_word' id='word_1_523' title='bbox 936 4198 1052 4267; x_wconf 79' lang='lat' dir='ltr'><strong>lege</strong></span> <span class='ocrx_word' id='word_1_524' title='bbox 1084 4197 1420 4252; x_wconf 90' lang='lat' dir='ltr'><strong>matrimonii</strong></span> <span class='ocrx_word' id='word_1_525' title='bbox 1454 4196 1807 4267; x_wconf 83' lang='lat' dir='ltr'><strong>eonjungitur</strong></span> <span class='ocrx_word' id='word_1_526' title='bbox 1832 4198 2069 4261; x_wconf 89' lang='lat' dir='ltr'><strong>mulieri,</strong></span> <span class='ocrx_word' id='word_1_527' title='bbox 2110 4200 2349 4255; x_wconf 73' lang='lat' dir='ltr'><strong>honesta:</strong></span> 
     </span>
    </p>
   </div>
   <div class='ocr_carea' id='block_1_73' title="bbox 776 4290 2349 4361">
    <p class='ocr_par' dir='ltr' id='par_1_73' title="bbox 776 4290 2349 4361">
     <span class='ocr_line' id='line_1_73' title="bbox 776 4290 2349 4361; baseline 0 -15"><span class='ocrx_word' id='word_1_528' title='bbox 776 4292 993 4361; x_wconf 89' lang='lat' dir='ltr'><strong>quidem</strong></span> <span class='ocrx_word' id='word_1_529' title='bbox 1023 4290 1230 4354; x_wconf 88' lang='lat' dir='ltr'><strong>animo,</strong></span> <span class='ocrx_word' id='word_1_530' title='bbox 1254 4290 1499 4345; x_wconf 78' lang='lat' dir='ltr'><strong>honesta:</strong></span> <span class='ocrx_word' id='word_1_531' title='bbox 1533 4306 1658 4343; x_wconf 91' lang='lat' dir='ltr'><strong>vero</strong></span> <span class='ocrx_word' id='word_1_532' title='bbox 1706 4291 1962 4346; x_wconf 91' lang='lat' dir='ltr'><strong>omnibus</strong></span> <span class='ocrx_word' id='word_1_533' title='bbox 1993 4294 2262 4353; x_wconf 86' lang='lat' dir='ltr'><strong>moribus.</strong></span> <span class='ocrx_word' id='word_1_534' title='bbox 2296 4302 2349 4348; x_wconf 84' lang='lat' dir='ltr'><strong>et</strong></span> 
     </span>
    </p>
   </div>
   <div class='ocr_carea' id='block_1_74' title="bbox 776 4380 2345 4450">
    <p class='ocr_par' dir='ltr' id='par_1_74' title="bbox 776 4380 2345 4450">
     <span class='ocr_line' id='line_1_74' title="bbox 776 4380 2345 4450; baseline 0.001 -15"><span class='ocrx_word' id='word_1_535' title='bbox 776 4381 1029 4449; x_wconf 85' lang='lat' dir='ltr'><strong>corporis</strong></span> <span class='ocrx_word' id='word_1_536' title='bbox 1082 4380 1266 4450; x_wconf 87' lang='lat' dir='ltr'><strong>specie</strong></span> <span class='ocrx_word' id='word_1_537' title='bbox 1334 4395 1441 4434; x_wconf 89' lang='lat' dir='ltr'><strong>non</strong></span> <span class='ocrx_word' id='word_1_538' title='bbox 1500 4380 1756 4436; x_wconf 77' lang='lat' dir='ltr'><strong>afferente</strong></span> <span class='ocrx_word' id='word_1_539' title='bbox 1801 4382 2036 4437; x_wconf 87' lang='lat' dir='ltr'><strong>dedecus</strong></span> <span class='ocrx_word' id='word_1_540' title='bbox 2078 4384 2345 4439; x_wconf 65' lang='lat' dir='ltr'><strong>nobilitati</strong></span> 
     </span>
    </p>
   </div>
   <div class='ocr_carea' id='block_1_75' title="bbox 778 4470 2349 4543">
    <p class='ocr_par' dir='ltr' id='par_1_75' title="bbox 778 4470 2349 4543">
     <span class='ocr_line' id='line_1_75' title="bbox 778 4470 2349 4543; baseline 0.002 -19"><span class='ocrx_word' id='word_1_541' title='bbox 778 4471 979 4525; x_wconf 73' lang='lat' dir='ltr'><strong>anima:</strong></span> <span class='ocrx_word' id='word_1_542' title='bbox 1010 4489 1023 4525; x_wconf 92' lang='lat'>:</span> <span class='ocrx_word' id='word_1_543' title='bbox 1066 4478 1283 4540; x_wconf 70' lang='lat' dir='ltr'><strong>etquae,</strong></span> <span class='ocrx_word' id='word_1_544' title='bbox 1325 4478 1384 4524; x_wconf 89' lang='lat' dir='ltr'><strong>ut</strong></span> <span class='ocrx_word' id='word_1_545' title='bbox 1416 4471 1586 4525; x_wconf 91' lang='lat' dir='ltr'><strong>semel</strong></span> <span class='ocrx_word' id='word_1_546' title='bbox 1620 4470 1819 4534; x_wconf 87' lang='lat' dir='ltr'><strong>dicam,</strong></span> <span class='ocrx_word' id='word_1_547' title='bbox 1857 4471 2025 4525; x_wconf 90' lang='lat' dir='ltr'><strong>animi</strong></span> <span class='ocrx_word' id='word_1_548' title='bbox 2054 4482 2108 4526; x_wconf 92' lang='lat' dir='ltr'><strong>et</strong></span> <span class='ocrx_word' id='word_1_549' title='bbox 2155 4488 2349 4543; x_wconf 81' lang='lat' dir='ltr'><strong>corpo-</strong></span> 
     </span>
    </p>
   </div>
   <div class='ocr_carea' id='block_1_76' title="bbox 2446 3280 4027 3352">
    <p class='ocr_par' dir='ltr' id='par_1_76' title="bbox 2446 3280 4027 3352">
     <span class='ocr_line' id='line_1_76' title="bbox 2446 3280 4027 3352; baseline -0.004 -15"><span class='ocrx_word' id='word_1_550' title='bbox 2446 3282 2706 3344; x_wconf 87' lang='lat' dir='ltr'><strong>senescit,</strong></span> <span class='ocrx_word' id='word_1_551' title='bbox 2754 3281 3007 3352; x_wconf 87' lang='lat' dir='ltr'><strong>migravit</strong></span> <span class='ocrx_word' id='word_1_552' title='bbox 3037 3280 3431 3343; x_wconf 69' lang='lat' dir='ltr'><strong>litereditatcm,</strong></span> <span class='ocrx_word' id='word_1_553' title='bbox 3469 3296 3594 3335; x_wconf 92' lang='lat' dir='ltr'><strong>cum</strong></span> <span class='ocrx_word' id='word_1_554' title='bbox 3642 3290 3791 3349; x_wconf 89' lang='lat' dir='ltr'><strong>patre</strong></span> <span class='ocrx_word' id='word_1_555' title='bbox 3834 3297 4027 3334; x_wconf 87' lang='lat' dir='ltr'><strong>versa-</strong></span> 
     </span>
    </p>
   </div>
   <div class='ocr_carea' id='block_1_77' title="bbox 2448 3370 4024 3441">
    <p class='ocr_par' dir='ltr' id='par_1_77' title="bbox 2448 3370 4024 3441">
     <span class='ocr_line' id='line_1_77' title="bbox 2448 3370 4024 3441; baseline -0.003 -13"><span class='ocrx_word' id='word_1_556' title='bbox 2448 3376 2605 3430; x_wconf 87' lang='lat' dir='ltr'><strong>batur</strong></span> <span class='ocrx_word' id='word_1_557' title='bbox 2627 3385 2778 3437; x_wconf 77' lang='lat' dir='ltr'><strong>tunc,</strong></span> <span class='ocrx_word' id='word_1_558' title='bbox 2816 3389 2875 3427; x_wconf 85' lang='lat' dir='ltr'><strong>se</strong></span> <span class='ocrx_word' id='word_1_559' title='bbox 2901 3388 3164 3428; x_wconf 79' lang='lat' dir='ltr'><strong>exercens</strong></span> <span class='ocrx_word' id='word_1_560' title='bbox 3193 3371 3245 3425; x_wconf 92' lang='lat' dir='ltr'><strong>in</strong></span> <span class='ocrx_word' id='word_1_561' title='bbox 3270 3371 3738 3426; x_wconf 86' lang='lat' dir='ltr'><strong>saerisdiscendis</strong></span> <span class='ocrx_word' id='word_1_562' title='bbox 3768 3370 4024 3441; x_wconf 89' lang='lat' dir='ltr'><strong>psalmis.</strong></span> 
     </span>
    </p>
   </div>
   <div class='ocr_carea' id='block_1_78' title="bbox 2449 3464 4025 3537">
    <p class='ocr_par' dir='ltr' id='par_1_78' title="bbox 2449 3464 4025 3537">
     <span class='ocr_line' id='line_1_78' title="bbox 2449 3464 4025 3537; baseline -0.003 -17"><span class='ocrx_word' id='word_1_563' title='bbox 2449 3467 2654 3537; x_wconf 85' lang='lat' dir='ltr'><strong>ingenii</strong></span> <span class='ocrx_word' id='word_1_564' title='bbox 2738 3473 2919 3520; x_wconf 89' lang='lat' dir='ltr'><strong>autem</strong></span> <span class='ocrx_word' id='word_1_565' title='bbox 2974 3464 3267 3528; x_wconf 81' lang='lat' dir='ltr'><strong>felicitate,</strong></span> <span class='ocrx_word' id='word_1_566' title='bbox 3322 3464 3735 3533; x_wconf 83' lang='lat' dir='ltr'><strong>intelligentiam</strong></span> <span class='ocrx_word' id='word_1_567' title='bbox 3800 3465 4025 3533; x_wconf 79' lang='lat' dir='ltr'><strong>quidem</strong></span> 
     </span>
    </p>
   </div>
   <div class='ocr_carea' id='block_1_79' title="bbox 2447 3556 4026 3628">
    <p class='ocr_par' dir='ltr' id='par_1_79' title="bbox 2447 3556 4026 3628">
     <span class='ocr_line' id='line_1_79' title="bbox 2447 3556 4026 3628; baseline -0.004 -16"><span class='ocrx_word' id='word_1_568' title='bbox 2447 3575 2612 3628; x_wconf 87' lang='lat' dir='ltr'><strong>quam</strong></span> <span class='ocrx_word' id='word_1_569' title='bbox 2644 3575 2739 3628; x_wconf 90' lang='lat' dir='ltr'><strong>pro</strong></span> <span class='ocrx_word' id='word_1_570' title='bbox 2762 3568 2918 3611; x_wconf 79' lang='lat' dir='ltr'><strong>:rtale</strong></span> <span class='ocrx_word' id='word_1_571' title='bbox 2946 3557 3232 3626; x_wconf 79' lang='lat' dir='ltr'><strong>majorem,</strong></span> <span class='ocrx_word' id='word_1_572' title='bbox 3257 3556 3610 3608; x_wconf 86' lang='lat' dir='ltr'><strong>maturiorem</strong></span> <span class='ocrx_word' id='word_1_573' title='bbox 3641 3565 3822 3607; x_wconf 89' lang='lat' dir='ltr'><strong>autem</strong></span> <span class='ocrx_word' id='word_1_574' title='bbox 3856 3568 4026 3621; x_wconf 82' lang='lat' dir='ltr'><strong>quant</strong></span> 
     </span>
    </p>
   </div>
   <div class='ocr_carea' id='block_1_80' title="bbox 2448 3645 4027 3719">
    <p class='ocr_par' dir='ltr' id='par_1_80' title="bbox 2448 3645 4027 3719">
     <span class='ocr_line' id='line_1_80' title="bbox 2448 3645 4027 3719; baseline -0.004 -16"><span class='ocrx_word' id='word_1_575' title='bbox 2448 3665 2547 3719; x_wconf 89' lang='lat' dir='ltr'><strong>pro</strong></span> <span class='ocrx_word' id='word_1_576' title='bbox 2602 3657 2844 3717; x_wconf 83' lang='lat' dir='ltr'><strong>tempore</strong></span> <span class='ocrx_word' id='word_1_577' title='bbox 2896 3646 3070 3701; x_wconf 64' lang='lat' dir='ltr'><strong>astatis</strong></span> <span class='ocrx_word' id='word_1_578' title='bbox 3132 3647 3293 3699; x_wconf 82' lang='lat' dir='ltr'><strong>dabat</strong></span> <span class='ocrx_word' id='word_1_579' title='bbox 3350 3645 3700 3713; x_wconf 73' lang='lat' dir='ltr'><strong>spectandam</strong></span> <span class='ocrx_word' id='word_1_580' title='bbox 3756 3652 4027 3696; x_wconf 87' lang='lat' dir='ltr'><strong>staturant</strong></span> 
     </span>
    </p>
   </div>
   <div class='ocr_carea' id='block_1_81' title="bbox 2449 3736 4031 3810">
    <p class='ocr_par' dir='ltr' id='par_1_81' title="bbox 2449 3736 4031 3810">
     <span class='ocr_line' id='line_1_81' title="bbox 2449 3736 4031 3810; baseline -0.005 -15"><span class='ocrx_word' id='word_1_581' title='bbox 2449 3740 2717 3810; x_wconf 86' lang='lat' dir='ltr'><strong>corporis,</strong></span> <span class='ocrx_word' id='word_1_582' title='bbox 2773 3746 3013 3793; x_wconf 90' lang='lat' dir='ltr'><strong>mentem</strong></span> <span class='ocrx_word' id='word_1_583' title='bbox 3046 3752 3175 3791; x_wconf 90' lang='lat' dir='ltr'><strong>vero</strong></span> <span class='ocrx_word' id='word_1_584' title='bbox 3214 3737 3355 3805; x_wconf 86' lang='lat' dir='ltr'><strong>ejus,</strong></span> <span class='ocrx_word' id='word_1_585' title='bbox 3396 3736 3540 3805; x_wconf 93' lang='lat' dir='ltr'><strong>quod</strong></span> <span class='ocrx_word' id='word_1_586' title='bbox 3598 3746 3684 3789; x_wconf 90' lang='lat' dir='ltr'><strong>est</strong></span> <span class='ocrx_word' id='word_1_587' title='bbox 3724 3737 3928 3787; x_wconf 91' lang='lat' dir='ltr'><strong>bonum</strong></span> <span class='ocrx_word' id='word_1_588' title='bbox 3969 3746 4031 3787; x_wconf 83' lang='lat' dir='ltr'><strong>et</strong></span> 
     </span>
    </p>
   </div>
   <div class='ocr_carea' id='block_1_82' title="bbox 2450 3828 4031 3895">
    <p class='ocr_par' dir='ltr' id='par_1_82' title="bbox 2450 3828 4031 3895">
     <span class='ocr_line' id='line_1_82' title="bbox 2450 3828 4031 3895; baseline -0.004 -12"><span class='ocrx_word' id='word_1_589' title='bbox 2450 3831 2764 3894; x_wconf 88' lang='lat' dir='ltr'><strong>honestum,</strong></span> <span class='ocrx_word' id='word_1_590' title='bbox 2814 3828 3154 3895; x_wconf 89' lang='lat' dir='ltr'><strong>capaciorem</strong></span> <span class='ocrx_word' id='word_1_591' title='bbox 3186 3840 3350 3895; x_wconf 91' lang='lat' dir='ltr'><strong>quam</strong></span> <span class='ocrx_word' id='word_1_592' title='bbox 3401 3832 3668 3894; x_wconf 89' lang='lat' dir='ltr'><strong>quantum</strong></span> <span class='ocrx_word' id='word_1_593' title='bbox 3729 3834 4031 3877; x_wconf 78' lang='lat' dir='ltr'><strong>consenta-</strong></span> 
     </span>
    </p>
   </div>
   <div class='ocr_carea' id='block_1_83' title="bbox 2450 3915 4031 3987">
    <p class='ocr_par' dir='ltr' id='par_1_83' title="bbox 2450 3915 4031 3987">
     <span class='ocr_line' id='line_1_83' title="bbox 2450 3915 4031 3987; baseline -0.003 -13"><span class='ocrx_word' id='word_1_594' title='bbox 2450 3936 2611 3974; x_wconf 89' lang='lat' dir='ltr'><strong>neum</strong></span> <span class='ocrx_word' id='word_1_595' title='bbox 2690 3929 2839 3975; x_wconf 87' lang='lat' dir='ltr'><strong>esset</strong></span> <span class='ocrx_word' id='word_1_596' title='bbox 2918 3928 3209 3987; x_wconf 83' lang='lat' dir='ltr'><strong>utrumquc</strong></span> <span class='ocrx_word' id='word_1_597' title='bbox 3266 3917 3552 3971; x_wconf 87' lang='lat' dir='ltr'><strong>admittere</strong></span> <span class='ocrx_word' id='word_1_598' title='bbox 3629 3915 4031 3970; x_wconf 86' lang='lat' dir='ltr'><strong>dimensioncnt</strong></span> 
     </span>
    </p>
   </div>
   <div class='ocr_carea' id='block_1_84' title="bbox 2450 4012 2732 4083">
    <p class='ocr_par' dir='ltr' id='par_1_84' title="bbox 2450 4012 2732 4083">
     <span class='ocr_line' id='line_1_84' title="bbox 2450 4012 2732 4083; baseline -0.011 -16"><span class='ocrx_word' id='word_1_599' title='bbox 2450 4012 2732 4083; x_wconf 90' lang='lat' dir='ltr'><strong>temporis.</strong></span> 
     </span>
    </p>
   </div>
   <div class='ocr_carea' id='block_1_85' title="bbox 2520 4100 4028 4172">
    <p class='ocr_par' dir='ltr' id='par_1_85' title="bbox 2520 4100 4028 4172">
     <span class='ocr_line' id='line_1_85' title="bbox 2520 4100 4028 4172; baseline -0.006 -12"><span class='ocrx_word' id='word_1_600' title='bbox 2520 4107 2572 4160; x_wconf 87' lang='grc'><strong>6.</strong></span> <span class='ocrx_word' id='word_1_601' title='bbox 2612 4105 2748 4159; x_wconf 91' lang='lat' dir='ltr'><strong>llinc</strong></span> <span class='ocrx_word' id='word_1_602' title='bbox 2773 4119 2899 4160; x_wconf 91' lang='lat' dir='ltr'><strong>cum</strong></span> <span class='ocrx_word' id='word_1_603' title='bbox 2922 4102 2988 4158; x_wconf 91' lang='lat' dir='ltr'><strong>ad</strong></span> <span class='ocrx_word' id='word_1_604' title='bbox 3009 4117 3209 4157; x_wconf 92' lang='lat' dir='ltr'><strong>annum</strong></span> <span class='ocrx_word' id='word_1_605' title='bbox 3244 4101 3581 4172; x_wconf 85' lang='lat' dir='ltr'><strong>pervenisset</strong></span> <span class='ocrx_word' id='word_1_606' title='bbox 3610 4100 4028 4163; x_wconf 85' lang='lat' dir='ltr'><strong>duodecimum,</strong></span> 
     </span>
    </p>
   </div>
   <div class='ocr_carea' id='block_1_86' title="bbox 2450 4192 4033 4266">
    <p class='ocr_par' dir='ltr' id='par_1_86' title="bbox 2450 4192 4033 4266">
     <span class='ocr_line' id='line_1_86' title="bbox 2450 4192 4033 4266; baseline -0.006 -15"><span class='ocrx_word' id='word_1_607' title='bbox 2450 4197 2515 4252; x_wconf 90' lang='lat' dir='ltr'><strong>ad</strong></span> <span class='ocrx_word' id='word_1_608' title='bbox 2563 4213 2648 4251; x_wconf 90' lang='lat' dir='ltr'><strong>res</strong></span> <span class='ocrx_word' id='word_1_609' title='bbox 2698 4196 3014 4266; x_wconf 87' lang='lat' dir='ltr'><strong>diligentius</strong></span> <span class='ocrx_word' id='word_1_610' title='bbox 3058 4193 3486 4249; x_wconf 87' lang='lat' dir='ltr'><strong>considerandas</strong></span> <span class='ocrx_word' id='word_1_611' title='bbox 3537 4208 3595 4247; x_wconf 93' lang='lat' dir='ltr'><strong>se</strong></span> <span class='ocrx_word' id='word_1_612' title='bbox 3624 4192 3933 4261; x_wconf 89' lang='lat' dir='ltr'><strong>applicans,</strong></span> <span class='ocrx_word' id='word_1_613' title='bbox 3973 4192 4033 4253; x_wconf 76' lang='grc' dir='ltr'><strong>(υ</strong></span> 
     </span>
    </p>
   </div>
   <div class='ocr_carea' id='block_1_87' title="bbox 2451 4283 4029 4354">
    <p class='ocr_par' dir='ltr' id='par_1_87' title="bbox 2451 4283 4029 4354">
     <span class='ocr_line' id='line_1_87' title="bbox 2451 4283 4029 4354; baseline -0.006 -10"><span class='ocrx_word' id='word_1_614' title='bbox 2451 4301 2687 4345; x_wconf 85' lang='lat' dir='ltr'><strong>mentem</strong></span> <span class='ocrx_word' id='word_1_615' title='bbox 2742 4287 3030 4344; x_wconf 83' lang='lat' dir='ltr'><strong>stabilem!</strong></span> <span class='ocrx_word' id='word_1_616' title='bbox 3063 4302 3095 4339; x_wconf 92' lang='lat'><strong>0</strong></span> <span class='ocrx_word' id='word_1_617' title='bbox 3146 4285 3350 4339; x_wconf 89' lang='lat' dir='ltr'><strong>bonum</strong></span> <span class='ocrx_word' id='word_1_618' title='bbox 3403 4283 3806 4354; x_wconf 82' lang='lat' dir='ltr'><strong>propositum!)</strong></span> <span class='ocrx_word' id='word_1_619' title='bbox 3852 4300 4029 4354; x_wconf 73' lang='lat' dir='ltr'><strong>genus</strong></span> 
     </span>
    </p>
   </div>
   <div class='ocr_carea' id='block_1_88' title="bbox 2452 4375 4028 4450">
    <p class='ocr_par' dir='ltr' id='par_1_88' title="bbox 2452 4375 4028 4450">
     <span class='ocr_line' id='line_1_88' title="bbox 2452 4375 4028 4450; baseline -0.006 -15"><span class='ocrx_word' id='word_1_620' title='bbox 2452 4383 2574 4436; x_wconf 58' lang='lat' dir='ltr'><strong>vitae</strong></span> <span class='ocrx_word' id='word_1_621' title='bbox 2615 4381 2873 4436; x_wconf 88' lang='lat' dir='ltr'><strong>discrevit</strong></span> <span class='ocrx_word' id='word_1_622' title='bbox 2910 4387 2965 4434; x_wconf 91' lang='lat' dir='ltr'><strong>et</strong></span> <span class='ocrx_word' id='word_1_623' title='bbox 2999 4377 3163 4450; x_wconf 85' lang='lat' dir='ltr'><strong>elegit</strong></span> <span class='ocrx_word' id='word_1_624' title='bbox 3202 4395 3215 4431; x_wconf 93' lang='lat'><strong>:</strong></span> <span class='ocrx_word' id='word_1_625' title='bbox 3253 4376 3485 4447; x_wconf 90' lang='lat' dir='ltr'><strong>aliisque</strong></span> <span class='ocrx_word' id='word_1_626' title='bbox 3534 4376 3767 4444; x_wconf 90' lang='lat' dir='ltr'><strong>rejectis,</strong></span> <span class='ocrx_word' id='word_1_627' title='bbox 3800 4375 3865 4428; x_wconf 92' lang='lat' dir='ltr'><strong>ad</strong></span> <span class='ocrx_word' id='word_1_628' title='bbox 3904 4390 4028 4426; x_wconf 83' lang='lat' dir='ltr'><strong>mo-</strong></span> 
     </span>
    </p>
   </div>
   <div class='ocr_carea' id='block_1_89' title="bbox 2454 4460 4026 4540">
    <p class='ocr_par' dir='ltr' id='par_1_89' title="bbox 2454 4460 4026 4540">
     <span class='ocr_line' id='line_1_89' title="bbox 2454 4460 4026 4540; baseline -0.006 -13"><span class='ocrx_word' id='word_1_629' title='bbox 2454 4460 2717 4528; x_wconf 88' lang='lat' dir='ltr'><strong>nasticam</strong></span> <span class='ocrx_word' id='word_1_630' title='bbox 2746 4472 2991 4537; x_wconf 90' lang='lat' dir='ltr'><strong>intuens,</strong></span> <span class='ocrx_word' id='word_1_631' title='bbox 3020 4468 3284 4540; x_wconf 82' lang='lat' dir='ltr'><strong>flagrabat</strong></span> <span class='ocrx_word' id='word_1_632' title='bbox 3306 4468 3622 4538; x_wconf 90' lang='lat' dir='ltr'><strong>cupiditate.</strong></span> <span class='ocrx_word' id='word_1_633' title='bbox 3647 4465 3844 4520; x_wconf 83' lang='lat' dir='ltr'><strong>Rerum</strong></span> <span class='ocrx_word' id='word_1_634' title='bbox 3876 4468 4026 4519; x_wconf 87' lang='lat' dir='ltr'><strong>enim</strong></span> 
     </span>
    </p>
   </div>
   <div class='ocr_carea' id='block_1_90' title="bbox 777 4552 4033 4635">
    <p class='ocr_par' dir='ltr' id='par_1_90' title="bbox 777 4552 4033 4635">
     <span class='ocr_line' id='line_1_90' title="bbox 777 4552 4033 4635; baseline -0.002 -21"><span class='ocrx_word' id='word_1_635' title='bbox 777 4561 857 4615; x_wconf 85' lang='lat' dir='ltr'><strong>ris</strong></span> <span class='ocrx_word' id='word_1_636' title='bbox 880 4560 1123 4623; x_wconf 79' lang='lat' dir='ltr'><strong>dotibus,</strong></span> <span class='ocrx_word' id='word_1_637' title='bbox 1154 4560 1373 4635; x_wconf 81' lang='lat' dir='ltr'><strong>marito.</strong></span> <span class='ocrx_word' id='word_1_638' title='bbox 1406 4560 1497 4628; x_wconf 90' lang='lat' dir='ltr'><strong>qui</strong></span> <span class='ocrx_word' id='word_1_639' title='bbox 1546 4568 1667 4614; x_wconf 91' lang='lat' dir='ltr'><strong>erat</strong></span> <span class='ocrx_word' id='word_1_640' title='bbox 1704 4560 1760 4613; x_wconf 92' lang='lat' dir='ltr'><strong>in</strong></span> <span class='ocrx_word' id='word_1_641' title='bbox 1812 4561 2061 4630; x_wconf 86' lang='lat' dir='ltr'><strong>utrisque.</strong></span> <span class='ocrx_word' id='word_1_642' title='bbox 2093 4562 2342 4634; x_wconf 87' lang='lat' dir='ltr'><strong>insignis,</strong></span> <span class='ocrx_word' id='word_1_643' title='bbox 2377 4552 2423 4611; x_wconf 76' lang='grc' dir='ltr'><strong>Ι)</strong></span> <span class='ocrx_word' id='word_1_644' title='bbox 2454 4563 2723 4634; x_wconf 87' lang='lat' dir='ltr'><strong>principia</strong></span> <span class='ocrx_word' id='word_1_645' title='bbox 2762 4578 2792 4616; x_wconf 91' lang='lat' dir='ltr'><strong>a</strong></span> <span class='ocrx_word' id='word_1_646' title='bbox 2824 4562 2934 4616; x_wconf 88' lang='lat' dir='ltr'><strong>line</strong></span> <span class='ocrx_word' id='word_1_647' title='bbox 2974 4561 3266 4631; x_wconf 87' lang='lat' dir='ltr'><strong>dijudicata</strong></span> <span class='ocrx_word' id='word_1_648' title='bbox 3301 4559 3547 4629; x_wconf 64' lang='lat' dir='ltr'><strong>praebent</strong></span> <span class='ocrx_word' id='word_1_649' title='bbox 3581 4569 3748 4611; x_wconf 88' lang='lat' dir='ltr'><strong>tutam</strong></span> <span class='ocrx_word' id='word_1_650' title='bbox 3803 4558 4033 4610; x_wconf 89' lang='lat' dir='ltr'><strong>electio-</strong></span> 
     </span>
    </p>
   </div>
   <div class='ocr_carea' id='block_1_91' title="bbox 781 4649 2345 4721">
    <p class='ocr_par' dir='ltr' id='par_1_91' title="bbox 781 4649 2345 4721">
     <span class='ocr_line' id='line_1_91' title="bbox 781 4649 2345 4721; baseline 0.002 -17"><span class='ocrx_word' id='word_1_651' title='bbox 781 4651 930 4704; x_wconf 88' lang='lat' dir='ltr'><strong>nulla</strong></span> <span class='ocrx_word' id='word_1_652' title='bbox 962 4650 1015 4704; x_wconf 91' lang='lat' dir='ltr'><strong>in</strong></span> <span class='ocrx_word' id='word_1_653' title='bbox 1048 4666 1107 4705; x_wconf 91' lang='lat' dir='ltr'><strong>re</strong></span> <span class='ocrx_word' id='word_1_654' title='bbox 1135 4654 1255 4703; x_wconf 68' lang='lat' dir='ltr'><strong>erat</strong></span> <span class='ocrx_word' id='word_1_655' title='bbox 1302 4649 1534 4702; x_wconf 87' lang='lat' dir='ltr'><strong>inferior</strong></span> <span class='ocrx_word' id='word_1_656' title='bbox 1575 4663 1590 4702; x_wconf 87' lang='lat'><strong>:</strong></span> <span class='ocrx_word' id='word_1_657' title='bbox 1624 4649 1717 4704; x_wconf 90' lang='lat' dir='ltr'><strong>sed</strong></span> <span class='ocrx_word' id='word_1_658' title='bbox 1749 4658 1867 4704; x_wconf 89' lang='lat' dir='ltr'><strong>erat</strong></span> <span class='ocrx_word' id='word_1_659' title='bbox 1916 4651 2035 4721; x_wconf 86' lang='lat' dir='ltr'><strong>biga</strong></span> <span class='ocrx_word' id='word_1_660' title='bbox 2095 4651 2345 4721; x_wconf 79' lang='lat' dir='ltr'><strong>insignis,</strong></span> 
     </span>
    </p>
   </div>
   <div class='ocr_carea' id='block_1_92' title="bbox 782 4742 2348 4813">
    <p class='ocr_par' dir='ltr' id='par_1_92' title="bbox 782 4742 2348 4813">
     <span class='ocr_line' id='line_1_92' title="bbox 782 4742 2348 4813; baseline 0.003 -17"><span class='ocrx_word' id='word_1_661' title='bbox 782 4744 903 4813; x_wconf 84' lang='lat' dir='ltr'><strong>biga</strong></span> <span class='ocrx_word' id='word_1_662' title='bbox 930 4743 1260 4807; x_wconf 87' lang='lat' dir='ltr'><strong>veneranda,</strong></span> <span class='ocrx_word' id='word_1_663' title='bbox 1302 4742 1425 4811; x_wconf 88' lang='lat' dir='ltr'><strong>biga</strong></span> <span class='ocrx_word' id='word_1_664' title='bbox 1469 4756 1588 4811; x_wconf 63' lang='lat' dir='ltr'><strong>quae</strong></span> <span class='ocrx_word' id='word_1_665' title='bbox 1625 4742 1780 4796; x_wconf 88' lang='lat' dir='ltr'><strong>beata</strong></span> <span class='ocrx_word' id='word_1_666' title='bbox 1811 4744 2138 4798; x_wconf 88' lang='lat' dir='ltr'><strong>censebatur</strong></span> <span class='ocrx_word' id='word_1_667' title='bbox 2169 4763 2180 4799; x_wconf 92' lang='lat'><strong>:</strong></span> <span class='ocrx_word' id='word_1_668' title='bbox 2214 4760 2348 4800; x_wconf 84' lang='lat' dir='ltr'><strong>cnu-</strong></span> 
     </span>
    </p>
   </div>
   <div class='ocr_carea' id='block_1_93' title="bbox 776 4831 2347 4903">
    <p class='ocr_par' dir='ltr' id='par_1_93' title="bbox 776 4831 2347 4903">
     <span class='ocr_line' id='line_1_93' title="bbox 776 4831 2347 4903; baseline 0.001 -17"><span class='ocrx_word' id='word_1_669' title='bbox 776 4832 1015 4903; x_wconf 86' lang='lat' dir='ltr'><strong>jugium,</strong></span> <span class='ocrx_word' id='word_1_670' title='bbox 1076 4831 1222 4900; x_wconf 86' lang='lat' dir='ltr'><strong>quod</strong></span> <span class='ocrx_word' id='word_1_671' title='bbox 1278 4832 1571 4885; x_wconf 86' lang='lat' dir='ltr'><strong>multorum</strong></span> <span class='ocrx_word' id='word_1_672' title='bbox 1621 4832 1813 4885; x_wconf 84' lang='lat' dir='ltr'><strong>oculos</strong></span> <span class='ocrx_word' id='word_1_673' title='bbox 1865 4834 2217 4887; x_wconf 89' lang='lat' dir='ltr'><strong>convertebat</strong></span> <span class='ocrx_word' id='word_1_674' title='bbox 2280 4835 2347 4889; x_wconf 90' lang='lat' dir='ltr'><strong>ad</strong></span> 
     </span>
    </p>
   </div>
   <div class='ocr_carea' id='block_1_94' title="bbox 783 4922 2347 4993">
    <p class='ocr_par' dir='ltr' id='par_1_94' title="bbox 783 4922 2347 4993">
     <span class='ocr_line' id='line_1_94' title="bbox 783 4922 2347 4993; baseline 0 -15"><span class='ocrx_word' id='word_1_675' title='bbox 783 4923 1238 4989; x_wconf 88' lang='lat' dir='ltr'><strong>admirationem;</strong></span> <span class='ocrx_word' id='word_1_676' title='bbox 1293 4938 1486 4993; x_wconf 91' lang='lat' dir='ltr'><strong>parum</strong></span> <span class='ocrx_word' id='word_1_677' title='bbox 1540 4922 1756 4991; x_wconf 90' lang='lat' dir='ltr'><strong>quidem</strong></span> <span class='ocrx_word' id='word_1_678' title='bbox 1823 4924 1996 4989; x_wconf 87' lang='lat' dir='ltr'><strong>carni,</strong></span> <span class='ocrx_word' id='word_1_679' title='bbox 2053 4925 2347 4992; x_wconf 91' lang='lat' dir='ltr'><strong>plurimum</strong></span> 
     </span>
    </p>
   </div>
   <div class='ocr_carea' id='block_1_95' title="bbox 783 5014 2349 5082">
    <p class='ocr_par' dir='ltr' id='par_1_95' title="bbox 783 5014 2349 5082">
     <span class='ocr_line' id='line_1_95' title="bbox 783 5014 2349 5082; baseline -0.001 -13"><span class='ocrx_word' id='word_1_680' title='bbox 783 5026 969 5069; x_wconf 89' lang='lat' dir='ltr'><strong>autem</strong></span> <span class='ocrx_word' id='word_1_681' title='bbox 990 5014 1101 5069; x_wconf 87' lang='lat' dir='ltr'><strong>Deo</strong></span> <span class='ocrx_word' id='word_1_682' title='bbox 1131 5016 1342 5076; x_wconf 82' lang='lat' dir='ltr'><strong>vivens,</strong></span> <span class='ocrx_word' id='word_1_683' title='bbox 1373 5025 1428 5068; x_wconf 93' lang='lat' dir='ltr'><strong>et</strong></span> <span class='ocrx_word' id='word_1_684' title='bbox 1459 5014 1523 5067; x_wconf 91' lang='lat' dir='ltr'><strong>iis</strong></span> <span class='ocrx_word' id='word_1_685' title='bbox 1549 5028 1670 5082; x_wconf 70' lang='lat' dir='ltr'><strong>quae</strong></span> <span class='ocrx_word' id='word_1_686' title='bbox 1693 5029 1819 5068; x_wconf 85' lang='lat' dir='ltr'><strong>vere</strong></span> <span class='ocrx_word' id='word_1_687' title='bbox 1848 5014 1913 5068; x_wconf 89' lang='lat' dir='ltr'><strong>ad</strong></span> <span class='ocrx_word' id='word_1_688' title='bbox 1950 5014 2116 5068; x_wconf 88' lang='lat' dir='ltr'><strong>Deum</strong></span> <span class='ocrx_word' id='word_1_689' title='bbox 2147 5015 2349 5081; x_wconf 86' lang='lat' dir='ltr'><strong>ferunt,</strong></span> 
     </span>
    </p>
   </div>
   <div class='ocr_carea' id='block_1_96' title="bbox 784 5105 2350 5177">
    <p class='ocr_par' dir='ltr' id='par_1_96' title="bbox 784 5105 2350 5177">
     <span class='ocr_line' id='line_1_96' title="bbox 784 5105 2350 5177; baseline 0.001 -17"><span class='ocrx_word' id='word_1_690' title='bbox 784 5107 943 5161; x_wconf 83' lang='lat' dir='ltr'><strong>lactis</strong></span> <span class='ocrx_word' id='word_1_691' title='bbox 972 5115 1027 5161; x_wconf 91' lang='lat' dir='ltr'><strong>et</strong></span> <span class='ocrx_word' id='word_1_692' title='bbox 1056 5105 1219 5160; x_wconf 86' lang='lat' dir='ltr'><strong>rectis</strong></span> <span class='ocrx_word' id='word_1_693' title='bbox 1249 5106 1596 5159; x_wconf 85' lang='lat' dir='ltr'><strong>actionibus:</strong></span> <span class='ocrx_word' id='word_1_694' title='bbox 1628 5120 1726 5174; x_wconf 92' lang='lat' dir='ltr'><strong>pro</strong></span> <span class='ocrx_word' id='word_1_695' title='bbox 1754 5107 1954 5175; x_wconf 88' lang='lat' dir='ltr'><strong>quibus</strong></span> <span class='ocrx_word' id='word_1_696' title='bbox 1997 5113 2051 5159; x_wconf 93' lang='lat' dir='ltr'><strong>et</strong></span> <span class='ocrx_word' id='word_1_697' title='bbox 2085 5122 2179 5175; x_wconf 79' lang='lat' dir='ltr'><strong>per</strong></span> <span class='ocrx_word' id='word_1_698' title='bbox 2209 5122 2350 5177; x_wconf 67' lang='lat' dir='ltr'><strong>quae,</strong></span> 
     </span>
    </p>
   </div>
   <div class='ocr_carea' id='block_1_97' title="bbox 786 5197 2356 5269">
    <p class='ocr_par' dir='ltr' id='par_1_97' title="bbox 786 5197 2356 5269">
     <span class='ocr_line' id='line_1_97' title="bbox 786 5197 2356 5269; baseline 0 -16"><span class='ocrx_word' id='word_1_699' title='bbox 786 5210 1043 5268; x_wconf 86' lang='lat' dir='ltr'><strong>tanquam</strong></span> <span class='ocrx_word' id='word_1_700' title='bbox 1093 5197 1311 5267; x_wconf 91' lang='lat' dir='ltr'><strong>aliquod</strong></span> <span class='ocrx_word' id='word_1_701' title='bbox 1356 5199 1641 5267; x_wconf 63' lang='lat' dir='ltr'><strong>praemium</strong></span> <span class='ocrx_word' id='word_1_702' title='bbox 1692 5199 1933 5263; x_wconf 82' lang='lat' dir='ltr'><strong>virtutis,</strong></span> <span class='ocrx_word' id='word_1_703' title='bbox 1984 5198 2193 5269; x_wconf 86' lang='lat' dir='ltr'><strong>dignati</strong></span> <span class='ocrx_word' id='word_1_704' title='bbox 2226 5209 2356 5254; x_wconf 90' lang='lat' dir='ltr'><strong>sunt</strong></span> 
     </span>
    </p>
   </div>
   <div class='ocr_carea' id='block_1_98' title="bbox 787 5288 2353 5361">
    <p class='ocr_par' dir='ltr' id='par_1_98' title="bbox 787 5288 2353 5361">
     <span class='ocr_line' id='line_1_98' title="bbox 787 5288 2353 5361; baseline 0 -15"><span class='ocrx_word' id='word_1_705' title='bbox 787 5306 1006 5347; x_wconf 85' lang='lat' dir='ltr'><strong>sacrum</strong></span> <span class='ocrx_word' id='word_1_706' title='bbox 1049 5288 1290 5345; x_wconf 87' lang='lat' dir='ltr'><strong>fructum</strong></span> <span class='ocrx_word' id='word_1_707' title='bbox 1324 5292 1651 5360; x_wconf 88' lang='lat' dir='ltr'><strong>producere.</strong></span> <span class='ocrx_word' id='word_1_708' title='bbox 1682 5292 1784 5356; x_wconf 81' lang='lat' dir='ltr'><strong>Qui</strong></span> <span class='ocrx_word' id='word_1_709' title='bbox 1840 5292 1893 5345; x_wconf 90' lang='lat' dir='ltr'><strong>in</strong></span> <span class='ocrx_word' id='word_1_710' title='bbox 1941 5302 2183 5345; x_wconf 70' lang='lat' dir='ltr'><strong>materna</strong></span> <span class='ocrx_word' id='word_1_711' title='bbox 2216 5307 2353 5361; x_wconf 87' lang='lat' dir='ltr'><strong>qna-</strong></span> 
     </span>
    </p>
   </div>
   <div class='ocr_carea' id='block_1_99' title="bbox 863 5427 2357 5501">
    <p class='ocr_par' dir='ltr' id='par_1_99' title="bbox 863 5427 2357 5501">
     <span class='ocr_line' id='line_1_99' title="bbox 863 5427 2357 5501; baseline -0.002 -15"><span class='ocrx_word' id='word_1_712' title='bbox 863 5431 940 5501; x_wconf 76' lang='lat'><strong>(2)</strong></span> <span class='ocrx_word' id='word_1_713' title='bbox 974 5427 1466 5501; x_wconf 69' lang='lat' dir='ltr'><strong>lcouomachorum</strong></span> <span class='ocrx_word' id='word_1_714' title='bbox 1495 5429 1670 5501; x_wconf 79' lang='lat' dir='ltr'><strong>rabies</strong></span> <span class='ocrx_word' id='word_1_715' title='bbox 1702 5429 1937 5501; x_wconf 90' lang='lat' dir='ltr'><strong>primum</strong></span> <span class='ocrx_word' id='word_1_716' title='bbox 1961 5446 1990 5501; x_wconf 88' lang='lat' dir='ltr'><strong>a</strong></span> <span class='ocrx_word' id='word_1_717' title='bbox 2014 5428 2191 5484; x_wconf 87' lang='lat' dir='ltr'><strong>Leone</strong></span> <span class='ocrx_word' id='word_1_718' title='bbox 2209 5431 2357 5484; x_wconf 82' lang='lat' dir='ltr'><strong>Isau-</strong></span> 
     </span>
    </p>
   </div>
   <div class='ocr_carea' id='block_1_100' title="bbox 792 5499 2351 5571">
    <p class='ocr_par' dir='ltr' id='par_1_100' title="bbox 792 5499 2351 5571">
     <span class='ocr_line' id='line_1_100' title="bbox 792 5499 2351 5571; baseline -0.003 -14"><span class='ocrx_word' id='word_1_719' title='bbox 792 5499 931 5557; x_wconf 74' lang='lat' dir='ltr'><strong>rico</strong></span> <span class='ocrx_word' id='word_1_720' title='bbox 954 5502 1084 5571; x_wconf 90' lang='lat' dir='ltr'><strong>imp.</strong></span> <span class='ocrx_word' id='word_1_721' title='bbox 1112 5499 1378 5571; x_wconf 74' lang='lat' dir='ltr'><strong>an._Chr.</strong></span> <span class='ocrx_word' id='word_1_722' title='bbox 1409 5499 1536 5571; x_wconf 75' lang='lat'><strong>726,</strong></span> <span class='ocrx_word' id='word_1_723' title='bbox 1570 5500 1779 5571; x_wconf 85' lang='lat' dir='ltr'><strong>imperii</strong></span> <span class='ocrx_word' id='word_1_724' title='bbox 1830 5500 1915 5571; x_wconf 89' lang='lat' dir='ltr'><strong>sui</strong></span> <span class='ocrx_word' id='word_1_725' title='bbox 1949 5500 2004 5560; x_wconf 87' lang='lat'><strong>9.</strong></span> <span class='ocrx_word' id='word_1_726' title='bbox 2052 5502 2351 5571; x_wconf 71' lang='lat' dir='ltr'><strong>suscitata;</strong></span> 
     </span>
    </p>
   </div>
   <div class='ocr_carea' id='block_1_101' title="bbox 790 5569 2356 5635">
    <p class='ocr_par' dir='ltr' id='par_1_101' title="bbox 790 5569 2356 5635">
     <span class='ocr_line' id='line_1_101' title="bbox 790 5569 2356 5635; baseline -0.001 -8"><span class='ocrx_word' id='word_1_727' title='bbox 790 5590 882 5627; x_wconf 91' lang='lat' dir='ltr'><strong>an.</strong></span> <span class='ocrx_word' id='word_1_728' title='bbox 914 5569 1047 5635; x_wconf 43' lang='lat'><strong>784,—</strong></span> <span class='ocrx_word' id='word_1_729' title='bbox 1065 5570 1168 5625; x_wconf 81' lang='lat' dir='ltr'><strong>sub</strong></span> <span class='ocrx_word' id='word_1_730' title='bbox 1192 5569 1551 5623; x_wconf 84' lang='lat' dir='ltr'><strong>Constantino</strong></span> <span class='ocrx_word' id='word_1_731' title='bbox 1580 5580 1633 5622; x_wconf 90' lang='lat' dir='ltr'><strong>et</strong></span> <span class='ocrx_word' id='word_1_732' title='bbox 1661 5569 1827 5631; x_wconf 88' lang='lat' dir='ltr'><strong>lrene.</strong></span> <span class='ocrx_word' id='word_1_733' title='bbox 1852 5570 2132 5623; x_wconf 82' lang='lat' dir='ltr'><strong>adnitente</strong></span> <span class='ocrx_word' id='word_1_734' title='bbox 2162 5569 2221 5624; x_wconf 92' lang='lat' dir='ltr'><strong>S.</strong></span> <span class='ocrx_word' id='word_1_735' title='bbox 2249 5571 2356 5626; x_wconf 87' lang='lat' dir='ltr'><strong>Ta-</strong></span> 
     </span>
    </p>
   </div>
   <div class='ocr_carea' id='block_1_102' title="bbox 790 5640 2356 5710">
    <p class='ocr_par' dir='ltr' id='par_1_102' title="bbox 790 5640 2356 5710">
     <span class='ocr_line' id='line_1_102' title="bbox 790 5640 2356 5710; baseline -0.002 -13"><span class='ocrx_word' id='word_1_736' title='bbox 790 5643 936 5698; x_wconf 86' lang='lat' dir='ltr'><strong>rasio</strong></span> <span class='ocrx_word' id='word_1_737' title='bbox 967 5640 1298 5710; x_wconf 83' lang='lat' dir='ltr'><strong>patriarcha,</strong></span> <span class='ocrx_word' id='word_1_738' title='bbox 1345 5654 1619 5708; x_wconf 73' lang='lat' dir='ltr'><strong>repressa:</strong></span> <span class='ocrx_word' id='word_1_739' title='bbox 1652 5640 1869 5710; x_wconf 79' lang='lat' dir='ltr'><strong>demum</strong></span> <span class='ocrx_word' id='word_1_740' title='bbox 1906 5656 1997 5694; x_wconf 92' lang='lat' dir='ltr'><strong>an.</strong></span> <span class='ocrx_word' id='word_1_741' title='bbox 2023 5640 2146 5703; x_wconf 80' lang='grc'><strong>815,</strong></span> <span class='ocrx_word' id='word_1_742' title='bbox 2182 5642 2356 5709; x_wconf 84' lang='lat' dir='ltr'><strong>impe-</strong></span> 
     </span>
    </p>
   </div>
   <div class='ocr_carea' id='block_1_103' title="bbox 790 5708 2357 5779">
    <p class='ocr_par' dir='ltr' id='par_1_103' title="bbox 790 5708 2357 5779">
     <span class='ocr_line' id='line_1_103' title="bbox 790 5708 2357 5779; baseline 0 -15"><span class='ocrx_word' id='word_1_743' title='bbox 790 5708 1186 5766; x_wconf 44' lang='lat' dir='ltr'><strong>mute—Leone</strong></span> <span class='ocrx_word' id='word_1_744' title='bbox 1250 5712 1486 5762; x_wconf 86' lang='lat' dir='ltr'><strong>Armeuo</strong></span> <span class='ocrx_word' id='word_1_745' title='bbox 1547 5709 1859 5768; x_wconf 88' lang='lat' dir='ltr'><strong>recruduit.</strong></span> <span class='ocrx_word' id='word_1_746' title='bbox 1927 5711 2203 5779; x_wconf 73' lang='lat' dir='ltr'><strong>sarriitque</strong></span> <span class='ocrx_word' id='word_1_747' title='bbox 2255 5708 2357 5765; x_wconf 76' lang='lat' dir='ltr'><strong>sub</strong></span> 
     </span>
    </p>
   </div>
   <div class='ocr_carea' id='block_1_104' title="bbox 792 5779 2355 5848">
    <p class='ocr_par' dir='ltr' id='par_1_104' title="bbox 792 5779 2355 5848">
     <span class='ocr_line' id='line_1_104' title="bbox 792 5779 2355 5848; baseline -0.002 -13"><span class='ocrx_word' id='word_1_748' title='bbox 792 5782 1055 5835; x_wconf 78' lang='lat' dir='ltr'><strong>Michaele</strong></span> <span class='ocrx_word' id='word_1_749' title='bbox 1108 5779 1296 5841; x_wconf 89' lang='lat' dir='ltr'><strong>Balbo,</strong></span> <span class='ocrx_word' id='word_1_750' title='bbox 1328 5788 1381 5833; x_wconf 88' lang='lat' dir='ltr'><strong>et</strong></span> <span class='ocrx_word' id='word_1_751' title='bbox 1408 5780 1567 5843; x_wconf 86' lang='lat' dir='ltr'><strong>hujus</strong></span> <span class='ocrx_word' id='word_1_752' title='bbox 1614 5781 1723 5833; x_wconf 90' lang='lat' dir='ltr'><strong>lilio</strong></span> <span class='ocrx_word' id='word_1_753' title='bbox 1756 5780 2091 5847; x_wconf 74' lang='lat' dir='ltr'><strong>Theophila;</strong></span> <span class='ocrx_word' id='word_1_754' title='bbox 2136 5781 2355 5848; x_wconf 80' lang='lat' dir='ltr'><strong>penitus</strong></span> 
     </span>
    </p>
   </div>
   <div class='ocr_carea' id='block_1_105' title="bbox 796 5848 2354 5913">
    <p class='ocr_par' dir='ltr' id='par_1_105' title="bbox 796 5848 2354 5913">
     <span class='ocr_line' id='line_1_105' title="bbox 796 5848 2354 5913; baseline -0.001 -8"><span class='ocrx_word' id='word_1_755' title='bbox 796 5852 1055 5907; x_wconf 84' lang='lat' dir='ltr'><strong>restincta</strong></span> <span class='ocrx_word' id='word_1_756' title='bbox 1098 5848 1353 5904; x_wconf 79' lang='lat' dir='ltr'><strong>Micbaclc</strong></span> <span class='ocrx_word' id='word_1_757' title='bbox 1389 5849 1507 5913; x_wconf 84' lang='lat' dir='ltr'><strong>lll,</strong></span> <span class='ocrx_word' id='word_1_758' title='bbox 1537 5859 1590 5902; x_wconf 85' lang='lat' dir='ltr'><strong>et</strong></span> <span class='ocrx_word' id='word_1_759' title='bbox 1634 5850 1689 5905; x_wconf 90' lang='lat' dir='ltr'><strong>S.</strong></span> <span class='ocrx_word' id='word_1_760' title='bbox 1723 5850 2005 5906; x_wconf 80' lang='lat' dir='ltr'><strong>Theodora</strong></span> <span class='ocrx_word' id='word_1_761' title='bbox 2045 5864 2212 5905; x_wconf 80' lang='lat' dir='ltr'><strong>matre</strong></span> <span class='ocrx_word' id='word_1_762' title='bbox 2252 5851 2354 5904; x_wconf 87' lang='lat' dir='ltr'><strong>itu-</strong></span> 
     </span>
    </p>
   </div>
   <div class='ocr_carea' id='block_1_106' title="bbox 2460 4650 4035 4727">
    <p class='ocr_par' dir='ltr' id='par_1_106' title="bbox 2460 4650 4035 4727">
     <span class='ocr_line' id='line_1_106' title="bbox 2460 4650 4035 4727; baseline -0.01 -14"><span class='ocrx_word' id='word_1_763' title='bbox 2460 4674 2581 4713; x_wconf 91' lang='lat' dir='ltr'><strong>nem</strong></span> <span class='ocrx_word' id='word_1_764' title='bbox 2610 4656 2727 4727; x_wconf 91' lang='lat' dir='ltr'><strong>ejus</strong></span> <span class='ocrx_word' id='word_1_765' title='bbox 2752 4655 2899 4726; x_wconf 91' lang='lat' dir='ltr'><strong>quod</strong></span> <span class='ocrx_word' id='word_1_766' title='bbox 2930 4663 3014 4709; x_wconf 89' lang='lat' dir='ltr'><strong>est</strong></span> <span class='ocrx_word' id='word_1_767' title='bbox 3043 4654 3263 4709; x_wconf 85' lang='lat' dir='ltr'><strong>melius.</strong></span> <span class='ocrx_word' id='word_1_768' title='bbox 3300 4652 3420 4707; x_wconf 85' lang='lat' dir='ltr'><strong>Non</strong></span> <span class='ocrx_word' id='word_1_769' title='bbox 3454 4653 3599 4705; x_wconf 90' lang='lat' dir='ltr'><strong>enim</strong></span> <span class='ocrx_word' id='word_1_770' title='bbox 3629 4650 3773 4717; x_wconf 86' lang='lat' dir='ltr'><strong>quod</strong></span> <span class='ocrx_word' id='word_1_771' title='bbox 3800 4663 4035 4718; x_wconf 85' lang='lat' dir='ltr'><strong>propor-</strong></span> 
     </span>
    </p>
   </div>
   <div class='ocr_carea' id='block_1_107' title="bbox 2459 4742 4035 4815">
    <p class='ocr_par' dir='ltr' id='par_1_107' title="bbox 2459 4742 4035 4815">
     <span class='ocr_line' id='line_1_107' title="bbox 2459 4742 4035 4815; baseline -0.007 -12"><span class='ocrx_word' id='word_1_772' title='bbox 2459 4750 2606 4803; x_wconf 89' lang='lat' dir='ltr'><strong>tione</strong></span> <span class='ocrx_word' id='word_1_773' title='bbox 2625 4748 2768 4802; x_wconf 86' lang='lat' dir='ltr'><strong>aetati</strong></span> <span class='ocrx_word' id='word_1_774' title='bbox 2798 4746 3173 4815; x_wconf 85' lang='lat' dir='ltr'><strong>responderet,</strong></span> <span class='ocrx_word' id='word_1_775' title='bbox 3196 4744 3493 4814; x_wconf 91' lang='lat' dir='ltr'><strong>procedens</strong></span> <span class='ocrx_word' id='word_1_776' title='bbox 3514 4744 3701 4797; x_wconf 88' lang='lat' dir='ltr'><strong>habuit</strong></span> <span class='ocrx_word' id='word_1_777' title='bbox 3726 4742 3995 4810; x_wconf 89' lang='lat' dir='ltr'><strong>judicium</strong></span> <span class='ocrx_word' id='word_1_778' title='bbox 4020 4759 4035 4793; x_wconf 90' lang='lat'><strong>:</strong></span> 
     </span>
    </p>
   </div>
   <div class='ocr_carea' id='block_1_108' title="bbox 2460 4834 4037 4909">
    <p class='ocr_par' dir='ltr' id='par_1_108' title="bbox 2460 4834 4037 4909">
     <span class='ocr_line' id='line_1_108' title="bbox 2460 4834 4037 4909; baseline -0.008 -12"><span class='ocrx_word' id='word_1_779' title='bbox 2460 4842 2554 4897; x_wconf 86' lang='lat' dir='ltr'><strong>sed</strong></span> <span class='ocrx_word' id='word_1_780' title='bbox 2594 4841 2646 4893; x_wconf 91' lang='lat' dir='ltr'><strong>in</strong></span> <span class='ocrx_word' id='word_1_781' title='bbox 2683 4839 2909 4909; x_wconf 88' lang='lat' dir='ltr'><strong>juvenili</strong></span> <span class='ocrx_word' id='word_1_782' title='bbox 2960 4852 3191 4906; x_wconf 90' lang='lat' dir='ltr'><strong>corpore</strong></span> <span class='ocrx_word' id='word_1_783' title='bbox 3230 4851 3421 4892; x_wconf 89' lang='lat' dir='ltr'><strong>canam</strong></span> <span class='ocrx_word' id='word_1_784' title='bbox 3465 4835 3786 4889; x_wconf 87' lang='lat' dir='ltr'><strong>ostendebat</strong></span> <span class='ocrx_word' id='word_1_785' title='bbox 3833 4834 4037 4886; x_wconf 86' lang='lat' dir='ltr'><strong>intelli-</strong></span> 
     </span>
    </p>
   </div>
   <div class='ocr_carea' id='block_1_109' title="bbox 2460 4924 4034 4999">
    <p class='ocr_par' dir='ltr' id='par_1_109' title="bbox 2460 4924 4034 4999">
     <span class='ocr_line' id='line_1_109' title="bbox 2460 4924 4034 4999; baseline -0.006 -16"><span class='ocrx_word' id='word_1_786' title='bbox 2460 4930 2718 4999; x_wconf 89' lang='lat' dir='ltr'><strong>gentiam.</strong></span> <span class='ocrx_word' id='word_1_787' title='bbox 2749 4942 2845 4998; x_wconf 88' lang='lat' dir='ltr'><strong>per</strong></span> <span class='ocrx_word' id='word_1_788' title='bbox 2860 4942 2922 4981; x_wconf 91' lang='lat' dir='ltr'><strong>ea</strong></span> <span class='ocrx_word' id='word_1_789' title='bbox 2945 4925 3429 4996; x_wconf 52' lang='lat' dir='ltr'><strong>quasoperabatur,</strong></span> <span class='ocrx_word' id='word_1_790' title='bbox 3455 4939 3610 4978; x_wconf 90' lang='lat' dir='ltr'><strong>suam</strong></span> <span class='ocrx_word' id='word_1_791' title='bbox 3632 4938 3751 4977; x_wconf 89' lang='lat' dir='ltr'><strong>cum</strong></span> <span class='ocrx_word' id='word_1_792' title='bbox 3774 4938 3863 4984; x_wconf 90' lang='lat' dir='ltr'><strong>eo,</strong></span> <span class='ocrx_word' id='word_1_793' title='bbox 3882 4924 4034 4991; x_wconf 74' lang='lat' dir='ltr'><strong>quod</strong></span> 
     </span>
    </p>
   </div>
   <div class='ocr_carea' id='block_1_110' title="bbox 2455 5015 4033 5084">
    <p class='ocr_par' dir='ltr' id='par_1_110' title="bbox 2455 5015 4033 5084">
     <span class='ocr_line' id='line_1_110' title="bbox 2455 5015 4033 5084; baseline -0.005 -9"><span class='ocrx_word' id='word_1_794' title='bbox 2455 5030 2539 5075; x_wconf 85' lang='lat' dir='ltr'><strong>est</strong></span> <span class='ocrx_word' id='word_1_795' title='bbox 2574 5015 2774 5074; x_wconf 83' lang='lat' dir='ltr'><strong>bonum</strong></span> <span class='ocrx_word' id='word_1_796' title='bbox 2817 5027 2872 5073; x_wconf 90' lang='lat' dir='ltr'><strong>et</strong></span> <span class='ocrx_word' id='word_1_797' title='bbox 2903 5019 3216 5081; x_wconf 89' lang='lat' dir='ltr'><strong>honestum,</strong></span> <span class='ocrx_word' id='word_1_798' title='bbox 3255 5016 3503 5071; x_wconf 86' lang='lat' dir='ltr'><strong>indicans</strong></span> <span class='ocrx_word' id='word_1_799' title='bbox 3539 5015 3986 5084; x_wconf 88' lang='lat' dir='ltr'><strong>conjunctiouem</strong></span> <span class='ocrx_word' id='word_1_800' title='bbox 4020 5032 4033 5067; x_wconf 92' lang='lat'>:</span> 
     </span>
    </p>
   </div>
   <div class='ocr_carea' id='block_1_111' title="bbox 2458 5106 4040 5179">
    <p class='ocr_par' dir='ltr' id='par_1_111' title="bbox 2458 5106 4040 5179">
     <span class='ocr_line' id='line_1_111' title="bbox 2458 5106 4040 5179; baseline -0.006 -12"><span class='ocrx_word' id='word_1_801' title='bbox 2458 5122 2511 5167; x_wconf 91' lang='lat' dir='ltr'><strong>et</strong></span> <span class='ocrx_word' id='word_1_802' title='bbox 2543 5112 2630 5173; x_wconf 83' lang='lat' dir='ltr'><strong>iis,</strong></span> <span class='ocrx_word' id='word_1_803' title='bbox 2671 5111 2736 5165; x_wconf 92' lang='lat' dir='ltr'><strong>ad</strong></span> <span class='ocrx_word' id='word_1_804' title='bbox 2778 5124 2900 5179; x_wconf 84' lang='lat' dir='ltr'><strong>quae</strong></span> <span class='ocrx_word' id='word_1_805' title='bbox 2950 5123 3011 5164; x_wconf 80' lang='lat' dir='ltr'><strong>se</strong></span> <span class='ocrx_word' id='word_1_806' title='bbox 3057 5107 3404 5172; x_wconf 80' lang='lat' dir='ltr'><strong>extendebat,</strong></span> <span class='ocrx_word' id='word_1_807' title='bbox 3465 5106 3806 5175; x_wconf 83' lang='lat' dir='ltr'><strong>significabat</strong></span> <span class='ocrx_word' id='word_1_808' title='bbox 3854 5106 4040 5159; x_wconf 90' lang='lat' dir='ltr'><strong>incor-</strong></span> 
     </span>
    </p>
   </div>
   <div class='ocr_carea' id='block_1_112' title="bbox 2458 5197 4035 5273">
    <p class='ocr_par' dir='ltr' id='par_1_112' title="bbox 2458 5197 4035 5273">
     <span class='ocr_line' id='line_1_112' title="bbox 2458 5197 4035 5273; baseline -0.005 -16"><span class='ocrx_word' id='word_1_809' title='bbox 2458 5213 2633 5273; x_wconf 71' lang='lat' dir='ltr'><strong>ruptae</strong></span> <span class='ocrx_word' id='word_1_810' title='bbox 2690 5204 2885 5257; x_wconf 89' lang='lat' dir='ltr'><strong>mentis</strong></span> <span class='ocrx_word' id='word_1_811' title='bbox 2940 5200 3291 5255; x_wconf 85' lang='lat' dir='ltr'><strong>stabilitatem</strong></span> <span class='ocrx_word' id='word_1_812' title='bbox 3342 5216 3355 5252; x_wconf 88' lang='lat'><strong>:</strong></span> <span class='ocrx_word' id='word_1_813' title='bbox 3406 5207 3460 5252; x_wconf 90' lang='lat' dir='ltr'><strong>et</strong></span> <span class='ocrx_word' id='word_1_814' title='bbox 3514 5197 3745 5267; x_wconf 91' lang='lat' dir='ltr'><strong>gloriam</strong></span> <span class='ocrx_word' id='word_1_815' title='bbox 3810 5197 4035 5266; x_wconf 86' lang='lat' dir='ltr'><strong>quidem</strong></span> 
     </span>
    </p>
   </div>
   <div class='ocr_carea' id='block_1_113' title="bbox 2458 5274 4034 5363">
    <p class='ocr_par' dir='ltr' id='par_1_113' title="bbox 2458 5274 4034 5363">
     <span class='ocr_line' id='line_1_113' title="bbox 2458 5274 4034 5363; baseline -0.005 -16"><span class='ocrx_word' id='word_1_816' title='bbox 2458 5293 2791 5363; x_wconf 85' lang='lat' dir='ltr'><strong>despiciens,</strong></span> <span class='ocrx_word' id='word_1_817' title='bbox 2834 5306 3097 5361; x_wconf 88' lang='lat' dir='ltr'><strong>respuens</strong></span> <span class='ocrx_word' id='word_1_818' title='bbox 3133 5298 3316 5344; x_wconf 88' lang='lat' dir='ltr'><strong>autem</strong></span> <span class='ocrx_word' id='word_1_819' title='bbox 3368 5287 3634 5358; x_wconf 89' lang='lat' dir='ltr'><strong>quidquid</strong></span> <span class='ocrx_word' id='word_1_820' title='bbox 3689 5274 3796 5342; x_wconf 87' lang='lat' dir='ltr'><strong>non</strong></span> <span class='ocrx_word' id='word_1_821' title='bbox 3824 5288 3932 5341; x_wconf 89' lang='lat' dir='ltr'><strong>fert</strong></span> <span class='ocrx_word' id='word_1_822' title='bbox 3963 5287 4034 5340; x_wconf 89' lang='lat' dir='ltr'><strong>ad</strong></span> 
     </span>
    </p>
   </div>
   <div class='ocr_carea' id='block_1_114' title="bbox 2460 5428 4027 5503">
    <p class='ocr_par' dir='ltr' id='par_1_114' title="bbox 2460 5428 4027 5503">
     <span class='ocr_line' id='line_1_114' title="bbox 2460 5428 4027 5503; baseline -0.003 -16"><span class='ocrx_word' id='word_1_823' title='bbox 2460 5433 2803 5503; x_wconf 86' lang='lat' dir='ltr'><strong>perantibus,</strong></span> <span class='ocrx_word' id='word_1_824' title='bbox 2874 5433 2996 5503; x_wconf 10' lang='lat' dir='ltr'><strong>qui?</strong></span> <span class='ocrx_word' id='word_1_825' title='bbox 3022 5431 3237 5503; x_wconf 12' lang='lat' dir='ltr'><strong>Remp_.r</strong></span> <span class='ocrx_word' id='word_1_826' title='bbox 3259 5446 3361 5503; x_wconf 72' lang='lat' dir='ltr'><strong>an.</strong></span> <span class='ocrx_word' id='word_1_827' title='bbox 3414 5428 4027 5503; x_wconf 73' lang='lat' dir='ltr'><strong>8H,___capessi_ve_runt.</strong></span> 
     </span>
    </p>
   </div>
   <div class='ocr_carea' id='block_1_115' title="bbox 2463 5496 4029 5557">
    <p class='ocr_par' dir='ltr' id='par_1_115' title="bbox 2463 5496 4029 5557">
     <span class='ocr_line' id='line_1_115' title="bbox 2463 5496 4029 5557; baseline -0.003 -4"><span class='ocrx_word' id='word_1_828' title='bbox 2463 5496 2537 5557; x_wconf 80' lang='lat' dir='ltr'><strong>itti</strong></span> <span class='ocrx_word' id='word_1_829' title='bbox 2594 5506 2651 5557; x_wconf 79' lang='grc' dir='ltr'>Η</span> <span class='ocrx_word' id='word_1_830' title='bbox 2717 5496 3001 5557; x_wconf 62' lang='grc' dir='ltr'><strong>Ιιύιιιδ.ἐιιῑ</strong></span> <span class='ocrx_word' id='word_1_831' title='bbox 3061 5501 3120 5555; x_wconf 79' lang='lat' dir='ltr'><strong>S.</strong></span> <span class='ocrx_word' id='word_1_832' title='bbox 3164 5496 3481 5554; x_wconf 14' lang='lat' dir='ltr'><strong>iTheodnra:</strong></span> <span class='ocrx_word' id='word_1_833' title='bbox 3535 5496 3712 5552; x_wconf 83' lang='lat' dir='ltr'><strong>Vitam</strong></span> <span class='ocrx_word' id='word_1_834' title='bbox 3770 5496 4029 5552; x_wconf 78' lang='lat' dir='ltr'><strong>diximus.</strong></span> 
     </span>
    </p>
   </div>
   <div class='ocr_carea' id='block_1_116' title="bbox 2460 5567 4029 5639">
    <p class='ocr_par' dir='ltr' id='par_1_116' title="bbox 2460 5567 4029 5639">
     <span class='ocr_line' id='line_1_116' title="bbox 2460 5567 4029 5639; baseline -0.003 -13"><span class='ocrx_word' id='word_1_835' title='bbox 2460 5572 2597 5627; x_wconf 90' lang='lat' dir='ltr'><strong>Cum</strong></span> <span class='ocrx_word' id='word_1_836' title='bbox 2628 5582 2809 5627; x_wconf 84' lang='lat' dir='ltr'><strong>autem</strong></span> <span class='ocrx_word' id='word_1_837' title='bbox 2844 5572 3020 5625; x_wconf 83' lang='lat' dir='ltr'><strong>factus</strong></span> <span class='ocrx_word' id='word_1_838' title='bbox 3053 5570 3111 5624; x_wconf 79' lang='lat' dir='ltr'><strong>lit</strong></span> <span class='ocrx_word' id='word_1_839' title='bbox 3141 5570 3452 5639; x_wconf 81' lang='lat' dir='ltr'><strong>patriarcha</strong></span> <span class='ocrx_word' id='word_1_840' title='bbox 3486 5569 3755 5622; x_wconf 80' lang='lat' dir='ltr'><strong>Antonius</strong></span> <span class='ocrx_word' id='word_1_841' title='bbox 3774 5583 3864 5621; x_wconf 89' lang='lat' dir='ltr'><strong>an.</strong></span> <span class='ocrx_word' id='word_1_842' title='bbox 3898 5567 4029 5627; x_wconf 86' lang='lat'><strong>888.</strong></span> 
     </span>
    </p>
   </div>
   <div class='ocr_carea' id='block_1_117' title="bbox 2462 5639 4035 5711">
    <p class='ocr_par' dir='ltr' id='par_1_117' title="bbox 2462 5639 4035 5711">
     <span class='ocr_line' id='line_1_117' title="bbox 2462 5639 4035 5711; baseline -0.003 -15"><span class='ocrx_word' id='word_1_843' title='bbox 2462 5645 2616 5697; x_wconf 92' lang='lat' dir='ltr'><strong>senilt</strong></span> <span class='ocrx_word' id='word_1_844' title='bbox 2642 5644 2753 5711; x_wconf 89' lang='lat' dir='ltr'><strong>jam</strong></span> <span class='ocrx_word' id='word_1_845' title='bbox 2798 5644 2879 5710; x_wconf 92' lang='lat' dir='ltr'><strong>(ut</strong></span> <span class='ocrx_word' id='word_1_846' title='bbox 2921 5641 3120 5694; x_wconf 64' lang='lat' dir='ltr'><strong>Menses</strong></span> <span class='ocrx_word' id='word_1_847' title='bbox 3157 5640 3378 5707; x_wconf 87' lang='lat' dir='ltr'><strong>habent)</strong></span> <span class='ocrx_word' id='word_1_848' title='bbox 3418 5639 4035 5711; x_wconf 9' lang='lat' dir='ltr'><strong>glate.rsexagenarius</strong></span> 
     </span>
    </p>
   </div>
   <div class='ocr_carea' id='block_1_118' title="bbox 2464 5706 4034 5779">
    <p class='ocr_par' dir='ltr' id='par_1_118' title="bbox 2464 5706 4034 5779">
     <span class='ocr_line' id='line_1_118' title="bbox 2464 5706 4034 5779; baseline -0.003 -13"><span class='ocrx_word' id='word_1_849' title='bbox 2464 5706 2734 5776; x_wconf 75' lang='lat' dir='ltr'><strong>fortassis,</strong></span> <span class='ocrx_word' id='word_1_850' title='bbox 2768 5706 3017 5779; x_wconf 81' lang='lat' dir='ltr'><strong>sequitur</strong></span> <span class='ocrx_word' id='word_1_851' title='bbox 3048 5711 3190 5763; x_wconf 88' lang='lat' dir='ltr'><strong>circa</strong></span> <span class='ocrx_word' id='word_1_852' title='bbox 3233 5706 3384 5763; x_wconf 88' lang='lat' dir='ltr'><strong>initia</strong></span> <span class='ocrx_word' id='word_1_853' title='bbox 3417 5706 3704 5778; x_wconf 85' lang='lat' dir='ltr'><strong>Theophili</strong></span> <span class='ocrx_word' id='word_1_854' title='bbox 3738 5707 3871 5779; x_wconf 86' lang='lat' dir='ltr'><strong>imp.</strong></span> <span class='ocrx_word' id='word_1_855' title='bbox 3931 5723 4034 5761; x_wconf 82' lang='lat' dir='ltr'><strong>ua-</strong></span> 
     </span>
    </p>
   </div>
   <div class='ocr_carea' id='block_1_119' title="bbox 2465 5779 3545 5849">
    <p class='ocr_par' dir='ltr' id='par_1_119' title="bbox 2465 5779 3545 5849">
     <span class='ocr_line' id='line_1_119' title="bbox 2465 5779 3545 5849; baseline -0.005 -13"><span class='ocrx_word' id='word_1_856' title='bbox 2465 5794 2575 5838; x_wconf 90' lang='lat' dir='ltr'><strong>tum</strong></span> <span class='ocrx_word' id='word_1_857' title='bbox 2608 5784 2775 5837; x_wconf 78' lang='lat' dir='ltr'><strong>fuisse</strong></span> <span class='ocrx_word' id='word_1_858' title='bbox 2804 5796 2949 5837; x_wconf 88' lang='lat' dir='ltr'><strong>anno</strong></span> <span class='ocrx_word' id='word_1_859' title='bbox 2986 5779 3112 5843; x_wconf 71' lang='lat'><strong>828,</strong></span> <span class='ocrx_word' id='word_1_860' title='bbox 3148 5790 3239 5835; x_wconf 87' lang='lat' dir='ltr'><strong>aut</strong></span> <span class='ocrx_word' id='word_1_861' title='bbox 3274 5779 3545 5849; x_wconf 76' lang='lat' dir='ltr'><strong>sequenti.</strong></span> 
     </span>
    </p>
   </div>
  </div>
