4276 6438
282 399 388 466 185

1057 405 1227 464 VITA
1267 408 1326 465 S.
1371 407 1684 466 ANTONII
1725 409 2037 467 ΟΑυιΕίΕ
2073 413 2574 473 ΡΑΤΒῙᾹΠΟΙΙᾸΞ
2615 416 2722 476 CP.

3425 415 3526 482 186

280 519 476 582 Deum,
526 515 690 586 elegit
739 531 880 582 eam,
914 532 1036 586 quae
1066 517 1170 571 fert
1218 519 1285 571 ad
1327 519 1526 586 ipsum,
1601 535 1850 588 asperam
1885 529 1925 580 Α
1959 523 2103 579 dedit
2148 528 2374 590 aditum,
2409 536 2468 580 ut
2519 528 2612 596 qui
2656 536 2912 596 tanquam
2966 525 3122 582 freno
3171 529 3356 598 aliquo
3403 546 3522 582 eam

277 611 521 679 quidem,
554 609 646 664 sed
681 621 1049 678 quaestuosam
1085 611 1247 674 viam,
1282 619 1335 664 et
1371 626 1493 679 quae
1521 611 1635 664 sola
1675 623 1851 678 potest

280 705 458 758 bonos
491 710 826 758 mercatores
861 703 1235 757 transmittere
1265 703 1330 756 ad
1380 703 1524 756 illam
1567 718 1694 756 vere
1726 718 1851 771 pre-

280 798 478 850 tiosam
537 795 908 864 margaritam.
967 794 1186 849 Sciebat
1234 795 1378 848 enim
1433 795 1616 848 divino
1666 811 1850 848 amore

279 889 435 956 prius
467 902 622 956 capta
657 887 864 951 anima,
900 887 966 941 ad
999 887 1049 941 id
1075 887 1277 952 solum,
1310 887 1455 954 quod
1487 887 1847 952 desideratur,

276 982 507 1034 omnino
557 983 905 1044 contendere,
956 989 1010 1033 et
1060 978 1247 1032 omnia
1279 978 1412 1031 nihil
1451 978 1670 1040 ducere,
1730 995 1851 1048 qua:

282 1073 420 1124 nihil
455 1071 658 1124 faciunt
687 1072 751 1123 ad
785 1071 836 1123 id
873 1071 1017 1138 quod
1054 1071 1338 1139 quaeritur.
1375 1068 1526 1134 Quod
1567 1072 1710 1122 enim
1737 1079 1849 1124 toto

276 1166 468 1217 animo
497 1165 726 1216 electum
761 1172 844 1217 est
874 1162 940 1216 ad
972 1162 1412 1232 acquisitionem,
1441 1172 1522 1216 est
1547 1163 1758 1215 firmum
1788 1179 1852 1217 ac

279 1254 479 1308 stabile
507 1270 520 1304 :
551 1254 696 1322 quod
725 1262 904 1307 autem
936 1261 1018 1306 est
1043 1253 1270 1306 lirmiter
1294 1253 1648 1320 acquisitum,
1677 1270 1851 1321 prom-

278 1353 433 1411 ptum
464 1352 547 1397 est
575 1345 640 1395 ad
672 1345 1131 1399 conservandum.
1165 1344 1268 1409 Qui
1304 1347 1448 1399 enim
1481 1349 1647 1400 Semel
1677 1347 1851 1401 fuerat

279 1435 541 1486 incitatus
565 1434 628 1486 ad
664 1434 714 1487 id
749 1435 894 1502 quod
925 1442 1005 1487 est
1028 1435 1338 1497 honestum,
1372 1445 1626 1503 tauquam
1655 1439 1723 1491 ab
1752 1439 1849 1491 ali-

275 1539 390 1591 quo
425 1539 645 1578 carcere
673 1540 702 1578 a
726 1525 924 1578 virtute
954 1533 1259 1592 parentum,
1297 1535 1556 1595 perpetuo
1577 1527 1850 1584 ferebatur

276 1620 504 1687 impetu.
548 1618 712 1671 Deum
747 1635 1015 1686 quaerens,
1048 1631 1101 1672 et
1124 1621 1188 1674 ad
1215 1623 1390 1689 ipsum
1424 1624 1776 1677 eoutemlens.

355 1709 408 1763 7.
449 1707 652 1762 Dehinc
677 1709 965 1764 deducitur
987 1709 1052 1762 ad
1077 1711 1251 1763 virum
1283 1720 1556 1769 sanctum.
1588 1713 1677 1780 qui
1717 1728 1846 1780 pra:-

274 1807 395 1848 erat
421 1811 580 1849 sacro
607 1798 961 1861 monasterio,
991 1805 1044 1852 et
1069 1807 1186 1852 erat
1215 1799 1444 1869 insignis
1479 1801 1673 1854 virtute
1709 1821 1720 1856 :
1761 1803 1846 1855 cui

1961 617 2263 684 repelleret.
2300 627 2353 669 et
2380 618 2606 686 pulchre
2633 618 2920 671 veheretur
2952 627 3004 671 et
3046 617 3282 672 ferretur
3312 621 3377 672 ad
3419 622 3527 672 vir-

1960 715 2147 760 totum.
2185 705 2368 776 Neque
2394 710 2618 762 omnino
2649 708 2852 777 aliquid
2886 709 3110 762 indulsit
3145 710 3451 778 cupiditati.
3497 726 3524 762 a

1962 798 2192 866 proximi
2243 805 2296 850 et
2342 799 2416 850 rei
2448 808 2644 852 creata:
2680 799 2947 852 charitate
2981 798 3270 852 traducens
3301 798 3363 851 ad
3398 799 3527 852 effe-

1957 898 2185 950 ctorem,
2224 889 2368 957 qttod
2405 890 2621 956 quidem
2657 901 2740 944 est
2776 891 3026 943 ultimum
3077 890 3524 954 expetendorum,

1956 991 2009 1036 et
2070 981 2305 1051 primum
2363 982 2871 1036 desideratnlnrum.
2937 982 3040 1036 Pi-r
3097 983 3238 1035 hanc
3305 983 3529 1037 minime

1958 1075 2314 1128 adulteratam
2371 1074 2737 1127 conservabat
2777 1076 3174 1139 liberalitatem,
3204 1076 3271 1128 ab
3309 1075 3528 1128 ineunte

1956 1175 2113 1220 aetate
2175 1166 2444 1234 repellens
2494 1166 2829 1219 contrariam
2877 1167 2993 1234 ejus
3041 1166 3379 1220 affectionem
3428 1175 3529 1218 ενι

1957 1271 2081 1308 cum
2130 1256 2198 1309 ab
2232 1272 2292 1309 ea
2343 1256 2687 1309 conciliatatn
2744 1272 2930 1310 secum
2966 1257 3298 1311 habitantem
3337 1259 3528 1324 acqui-

1958 1347 2143 1402 siisset
2194 1349 2755 1410 counniseratfonem,
2793 1347 2881 1401 Dei
2937 1349 3162 1401 omnino
3214 1349 3389 1403 factus
3421 1357 3524 1402 est.

1960 1438 2052 1492 Sic
2090 1454 2219 1508 ergo
2252 1455 2310 1493 se
2361 1449 2502 1493 recte
2531 1455 2724 1509 gerens
2762 1440 2830 1492 ab
2864 1440 3084 1493 ineunte
3107 1447 3284 1504 aetate,
3318 1449 3436 1493 erat
3475 1442 3524 1492 in

1957 1545 2049 1585 ore
2080 1530 2346 1592 omnium,
2374 1542 2428 1584 ct
2460 1532 2812 1585 convertebat
2835 1532 2900 1584 ad
2935 1547 2993 1584 se
3024 1533 3270 1584 omnium
3315 1533 3524 1585 oculos.

2028 1622 2080 1675 9.
2108 1620 2228 1675 Jam
2260 1633 2438 1676 autem
2465 1623 2518 1676 in
2545 1624 2699 1693 genis
2730 1623 2955 1678 florente
2985 1603 3243 1691 lanugine
3270 1631 3326 1675 et
3361 1637 3521 1676 coro-

1959 1722 2126 1766 nante
2157 1713 2364 1766 vultum
2399 1713 2618 1782 plenum
2653 1715 2847 1784 gratia.
2889 1729 3008 1784 qua:
3055 1715 3104 1767 in
3155 1711 3366 1782 agendo
3405 1728 3527 1764 ver-

1959 1810 2131 1864 satur,
2182 1801 2542 1870 philosophize
2591 1815 2804 1870 pratum
2867 1804 2918 1857 in
2956 1819 3046 1866 eo
3099 1804 3261 1858 simul
3303 1802 3529 1870 pulchre

277 1904 532 1957 magnam
563 1891 881 1958 acquirebat
909 1891 1139 1960 gloriam
1182 1893 1328 1946 actio
1358 1903 1411 1946 et
1441 1883 1846 1962 Contemplatio,
1879 1879 1920 1934 Β
1952 1892 2195 1956 florebat,
2226 1904 2278 1946 et
2327 1894 2379 1946 in
2410 1895 2572 1948 corde
2601 1894 2897 1962 disponens
2940 1895 3316 1956 ascensiones.
3348 1891 3526 1958 perfe-

275 1995 400 2048 qua:
427 1983 676 2050 corporis
723 1991 778 2036 et
825 1984 1021 2036 anima:
1066 1991 1245 2036 motus
1284 1983 1699 2052 dispertiebant.
1745 1986 1846 2051 Qui

280 2086 406 2125 cum
439 2085 564 2124 enin
593 2073 774 2125 statim
813 2072 913 2125 sibi
946 2072 1343 2140 conjunxisset,
1375 2081 1450 2138 et,
1487 2084 1543 2128 ut
1569 2092 1689 2144 qua-
1729 2092 1849 2130 esse

275 2172 458 2227 potest
499 2163 548 2214 in
579 2163 798 2230 juvene,
841 2164 1096 2217 virtutem
1144 2165 1485 2232 pra-videret,
1545 2183 1670 2221 eum
1747 2177 1850 2221 tra-

273 2254 432 2305 duxit
476 2254 542 2307 ad
579 2270 738 2307 suum
796 2256 1044 2309 habitum
1099 2265 1153 2310 et
1199 2257 1459 2312 amictum
1517 2275 1532 2313 :
1587 2272 1845 2328 tanquam

273 2347 512 2414 quadam
530 2349 715 2401 tabula
739 2348 786 2401 ei
813 2351 930 2403 suis
954 2350 1248 2418 propositis
1271 2351 1589 2416 virtutibus,
1615 2369 1849 2424 eumque

276 2455 381 2492 suo
406 2441 655 2507 exetnplo
681 2437 1007 2506 informans,
1039 2441 1182 2497 facto
1207 2445 1387 2513 potius
1414 2461 1575 2518 quam
1597 2462 1849 2503 sermone

276 2532 380 2585 fuit
405 2532 455 2586 ei
486 2533 679 2587 doctor
718 2534 980 2588 bonarum
1010 2536 1446 2607 disciplinarum.
1479 2539 1520 2592 Α
1555 2555 1668 2609 quo
1696 2556 1850 2595 exer-

270 2632 473 2682 citatus
516 2629 568 2682 in
595 2630 731 2684 orbe
771 2630 1205 2699 disciplinartnn,
1239 2633 1461 2687 attraxit
1487 2634 1646 2688 dulce
1679 2633 1851 2689 fluen-

273 2735 388 2775 tum
439 2724 742 2776 divinarum
795 2721 1230 2792 Scripturarum,
1283 2736 1521 2780 externa:
1570 2727 1850 2781 ebrietatis

269 2817 553 2885 crapulam
609 2817 876 2884 repellens
926 2817 1020 2870 illo
1059 2818 1414 2872 institutore:
1449 2827 1502 2872 et
1547 2819 1613 2873 de
1653 2830 1851 2874 c:etero

271 2922 556 2976 nunquam
587 2922 908 2973 conversus,
935 2909 1184 2963 admovet
1227 2924 1450 2964 manum
1479 2921 1658 2964 aratro
1692 2927 1852 2964 exer-

270 2997 574 3059 citationis,
625 2997 930 3066 profundos
976 2997 1336 3067 proscindens
1375 3000 1562 3054 sulcos
1611 3001 1848 3066 virtutis,

269 3099 324 3141 et
373 3090 440 3142 ad
473 3088 691 3145 fructus
721 3089 976 3143 ferendos
1013 3101 1155 3145 recte
1181 3106 1511 3159 praeparans.
1545 3092 1615 3146 Et
1663 3103 1854 3148 noctes

1950 1988 2120 2040 etiore
2170 1987 2405 2040 consilio
2465 1985 2787 2054 perfectiora
2861 1987 3282 2056 aggrediebatur
3335 2000 3522 2072 opera.

1949 2077 2309 2133 Consultabat
2363 2093 2514 2140 vero,
2573 2095 2680 2132 non
2734 2079 2918 2133 divina
2961 2094 3138 2143 musa,
3171 2093 3281 2132 non
3327 2079 3523 2131 Demo-

1951 2168 2167 2223 Sthenis
2218 2180 2378 2223 utens
2457 2170 2840 2234 vehementia;
2903 2171 2997 2224 sed
3048 2169 3232 2223 divina
3286 2169 3520 2239 quodam

1951 2259 2238 2328 prudentia
2278 2270 2332 2313 et
2374 2261 2649 2315 hominem
2680 2262 2994 2330 superabat,
3028 2271 3080 2315 et
3133 2261 3336 2330 ubique
3374 2261 3524 2314 ime-

1951 2351 2135 2405 niebat
2179 2366 2430 2420 magnam
2462 2353 2891 2420 possessionem,
2937 2368 3075 2416 rem,
3110 2354 3356 2421 inquam,
3385 2352 3526 2404 divi-

1950 2459 2098 2509 nam,
2130 2459 2322 2514 nempe
2348 2460 2468 2514 quae
2499 2445 2631 2500 deos
2663 2444 2790 2499 facit
2818 2446 3160 2509 charitatem,
3229 2445 3310 2497 vel
3341 2444 3523 2513 potius

1951 2550 2116 2604 quam
2163 2533 2398 2588 habebat
2447 2533 2752 2604 proferens,
2807 2537 2872 2587 ad
2930 2550 3155 2603 scopum
3208 2532 3521 2597 ferebatur,

1950 2628 2213 2699 negotiali
2248 2629 2323 2697 (3)
2375 2626 2731 2696 Hermogenis
2765 2638 2880 2680 arte
2921 2626 3056 2679 nihil
3115 2625 3387 2694 indigens.
3422 2623 3524 2677 Per

1953 2724 2095 2776 hanc
2128 2722 2178 2776 ei
2211 2722 2400 2776 aderat
2449 2737 2660 2774 morum
2697 2721 2892 2774 lenitas
2914 2729 2967 2774 et
2996 2721 3319 2781 moderatio,
3348 2719 3526 2788 gravi-

1953 2824 2059 2878 tas,
2119 2814 2500 2877 mansuetudo,
2555 2812 2900 2881 simplicitas,
2954 2811 3219 2872 suavitas.
3255 2811 3524 2877 serpentis

1956 2905 2242 2977 prudentia
2273 2913 2680 2973 contemperata
2720 2901 2999 2979 columbae
3021 2900 3353 2955 sinceritate.
3387 2896 3524 2954 llinc

1954 2999 2118 3054 etiam
2150 2999 2334 3061 fiebat,
2370 3005 2426 3049 ut
2453 2995 2617 3050 sciret
2645 3009 2956 3048 mensuram
2982 2994 3256 3048 sermonis
3283 3001 3338 3046 et
3359 2991 3524 3046 silen-

1958 3094 2038 3158 tii,
2066 3101 2119 3146 et
2157 3098 2368 3144 motum
2421 3104 2635 3152 manus,
2673 3095 2724 3141 et
2761 3102 3006 3157 gressum
3034 3084 3208 3154 pedis,
3242 3090 3307 3160 et.
3331 3093 3525 3155 gustus

271 3181 506 3249 quidem
545 3181 816 3235 habebant
847 3181 1084 3251 linguam
1118 3181 1370 3250 precibus
1394 3191 1449 3234 et
1492 3182 1710 3252 hymnis
1757 3199 1848 3235 va-
1881 3215 1923 3272 ο
1955 3200 2196 3248 camum,
2224 3192 2279 3238 et
2307 3183 2602 3236 terminum
2640 3179 2812 3242 visus,
2853 3186 2909 3231 et
2942 3176 3209 3231 amussim
3240 3175 3522 3234 odoratus,

269 3285 514 3339 cantem,
575 3283 630 3327 et
663 3274 972 3327 divinarum
1035 3288 1217 3328 rerum
1297 3273 1672 3340 meditationi;
1731 3276 1849 3328 dies

275 3376 460 3420 autem
511 3381 708 3424 manus
743 3366 1094 3419 vehementer
1144 3366 1505 3420 iuservientes
1560 3367 1626 3420 iis
1653 3367 1742 3434 qui
1773 3369 1848 3420 si-

275 3457 387 3510 mul
418 3473 541 3510 cum
593 3472 659 3510 eo
707 3456 1128 3510 exercebantur.
1169 3458 1371 3526 Aperte
1414 3458 1558 3511 enim
1621 3459 1846 3526 sciebat,

269 3549 419 3619 quod
456 3549 548 3604 alii
575 3549 790 3604 labores
822 3565 1080 3617 magnum
1113 3551 1357 3618 quidem,
1402 3550 1619 3620 (quidni
1645 3552 1847 3620 enim?)

271 3643 369 3695 sed
403 3658 509 3695 non
551 3651 760 3695 tantum
791 3642 1003 3696 lucrum
1039 3641 1315 3711 praebent;
1364 3642 1457 3710 qui
1504 3652 1683 3695 autem
1717 3659 1849 3697 con-

274 3735 524 3787 feruntur
576 3733 642 3797 ad
692 3732 943 3801 proximo
992 3731 1426 3796 deserviendnm,
1493 3733 1845 3802 multiplicem

275 3823 514 3878 frui-tum
559 3824 817 3890 ferentes,
855 3824 1000 3892 quod
1036 3838 1066 3878 a
1091 3822 1200 3878 Deo
1225 3825 1412 3878 datum
1441 3833 1522 3879 est
1553 3827 1848 3895 unicuique

274 3920 560 3979 talentum,
610 3916 989 3986 multiplicant,
1027 3917 1183 3987 cujus
1223 3933 1436 3973 summa
1474 3907 1557 3974 est
1586 3921 1844 3986 charitas,

271 4028 394 4077 qua:
431 4021 515 4064 est
556 4008 678 4063 fons
709 4011 974 4063 bonorum
1011 4025 1079 4064 :a
1110 4026 1220 4080 quo
1253 4011 1347 4081 qui
1373 4013 1563 4067 sordes
1584 4014 1846 4083 abstergit

273 4103 423 4156 rivus
456 4100 753 4170 proﬂuens,
788 4100 1104 4170 splendidos
1146 4102 1428 4170 splendide
1465 4101 1576 4156 Deo
1601 4104 1764 4168 sistit,
1794 4105 1845 4159 id

271 4193 418 4262 quod
450 4192 620 4246 estad
665 4193 786 4258 eius
819 4192 1133 4261 imaginem,
1166 4193 1349 4246 divina
1387 4194 1691 4249 imitatione
1751 4212 1846 4265 per

270 4287 809 4340 commiseratiouem
874 4287 1193 4343 describens
1264 4288 1578 4346 indelebile.
1633 4291 1846 4361 Optime

269 4378 418 4430 enim
453 4377 592 4444 apud
626 4391 684 4430 se
712 4385 764 4430 et
798 4377 1196 4445 sapientissime
1237 4378 1507 4440 dividens.
1542 4381 1679 4436 hanc
1717 4385 1846 4437 cha-

273 4469 489 4520 ritatem
550 4484 643 4536 per
699 4475 866 4521 totam
929 4469 1095 4521 vitam
1155 4469 1405 4524 adhibuit
1452 4473 1694 4538 sociam,
1750 4489 1844 4540 per

1955 3291 2006 3334 et
2046 3277 2352 3333 cautionem
2413 3275 2634 3330 auditus
2671 3291 2684 3327 :
2723 3281 2784 3326 ut
2823 3270 2877 3325 in
2945 3285 3078 3340 pura
3124 3278 3179 3325 et
3223 3268 3522 3327 secundum

1952 3384 2201 3428 naturain
2250 3371 2465 3439 specula
2524 3374 2766 3421 maneret
2799 3364 3028 3429 anima,
3083 3371 3139 3416 et
3190 3376 3300 3416 non
3349 3376 3522 3423 mors,

1952 3479 2144 3533 nempe
2179 3463 2224 3516 is
2263 3461 2356 3531 qui
2391 3475 2494 3516 suo
2528 3461 2698 3513 utitur
2729 3456 2979 3520 arbitrio,
3017 3469 3113 3524 per
3158 3454 3427 3507 fenestras
3451 3455 3518 3504 al

1951 3555 2124 3623 ipsam
2161 3552 2387 3605 latenter
2420 3549 2776 3610 ascenderet,
2810 3554 2869 3599 nt
2893 3553 2978 3599 est
3013 3544 3064 3597 in
3107 3540 3419 3613 proverbio.
3460 3538 3525 3592 lit

1949 3646 2016 3700 de
2044 3656 2240 3698 caetero
2270 3657 2438 3696 unum
2472 3652 2589 3694 erat
2617 3639 2665 3693 ei
2697 3637 2961 3701 studium,
2998 3645 3056 3690 ut
3090 3649 3312 3690 carnem
3345 3632 3525 3687 cilium

1951 3744 2034 3791 ret
2078 3734 2285 3790 servire
2313 3731 2553 3802 spiritui,
2588 3739 2642 3785 et
2686 3717 2874 3783 venari
2920 3727 3066 3781 feras
3098 3725 3521 3795 cogitationum,

1948 3837 2005 3883 et
2044 3836 2200 3881 antra
2234 3839 2531 3894 repurgare
2562 3818 3020 3890 iuvestigantibns
3050 3818 3250 3873 mentis
3283 3816 3523 3871 notiom-

1948 3917 2074 3980 bus,
2102 3915 2310 3969 sobriis
2340 3924 2392 3967 et
2414 3910 2792 3982 vigilantibus,
2838 3908 3004 3962 veluti
3039 3906 3290 3973 canibus,
3325 3905 3523 3960 mentis

1949 4008 2219 4067 celeribus
2246 4007 2312 4059 ad
2348 4006 2570 4059 meliora
2602 4001 2959 4055 motionibus.

2020 4102 2107 4157 10.
2128 4099 2496 4166 Quamobrem
2517 4095 2652 4149 nihil
2675 4110 2932 4165 magnum
2951 4092 3521 4155 existimabateorum,

1947 4210 2070 4266 qua:
2100 4201 2348 4251 aunnunt
2379 4189 2444 4244 ad
2480 4188 2790 4251 interitum,
2823 4195 2877 4240 et
2911 4186 3114 4256 quibus
3141 4184 3389 4238 innatum
3418 4190 3520 4243 est,

1951 4296 2007 4340 ut
2043 4297 2285 4354 tempore
2332 4281 2583 4336 dillluant
2612 4322 2628 4346 ,
2683 4295 2789 4333 non
2828 4278 3078 4350 gloriam,
3114 4291 3223 4331 non
3275 4274 3518 4333 divitias.

1949 4394 2058 4432 non
2108 4379 2301 4446 ipsam,
2349 4390 2476 4444 qua:
2512 4385 2595 4430 est
2630 4374 2685 4427 in
2723 4372 2989 4435 dicendo,
3022 4368 3382 4439 sapientiam‘;
3427 4368 3519 4420 sed

1951 4473 2140 4526 unicas
2176 4470 2409 4524 habebat
2436 4467 2678 4531 divitias,
2713 4480 2906 4534 nempe
2939 4465 3193 4518 virtutem
3239 4469 3295 4516 et
3333 4475 3518 4514 veram

270 4577 437 4629 quam
481 4561 664 4614 anima
696 4576 725 4614 a
752 4561 1106 4616 sensibilibus
1156 4561 1399 4628 evolans,
1442 4563 1733 4618 revertitur
1779 4564 1842 4618 ad
1872 4558 1923 4616 D
1949 4561 2339 4631 cognitionem,
2391 4574 2553 4628 quam
2587 4574 2645 4613 re
2690 4558 2804 4626 ipsa
2860 4554 3159 4612 conciliare
3194 4553 3370 4610 solum
3417 4551 3523 4605 scit

271 4653 503 4721 primam
534 4652 876 4720 dignitatem.

341 4745 394 4798 8.
433 4744 584 4798 llanc
615 4746 823 4798 firmam
851 4745 1035 4813 posuit
1063 4747 1258 4810 basim.
1297 4746 1471 4817 Super
1496 4763 1616 4803 eam
1647 4751 1844 4806 domus

271 4835 492 4889 virtutis
531 4836 726 4889 stabile
755 4843 808 4888 et
846 4834 1066 4890 ﬁrmum
1098 4837 1234 4907 jecit
1270 4837 1708 4893 fundamentum.
1743 4839 1844 4894 Per

269 4944 390 4981 eam
441 4942 618 4996 neque
650 4942 802 4981 vana:
851 4927 1038 4998 gloriae
1097 4930 1320 4984 admisit
1375 4932 1686 5001 vestigium.
1749 4933 1843 4986 Sui

269 5019 417 5070 enim
460 5018 632 5084 ipsius
685 5033 925 5073 amorem
982 5019 1120 5074 solet
1160 5021 1263 5074 hoc
1316 5021 1508 5075 vitium
1559 5023 1840 5088 consequi.

268 5107 408 5162 Nam
439 5111 584 5177 quod
634 5116 846 5163 tenetur
877 5109 961 5163 sui
986 5111 1158 5178 ipsius
1195 5126 1402 5175 amore,
1432 5114 1655 5168 omnino
1678 5115 1840 5168 etiam

270 5210 489 5256 tenetur
520 5199 706 5268 gloria:
761 5202 1058 5270 cupiditate
1093 5220 1105 5257 :
1146 5203 1231 5257 sui
1281 5214 1461 5259 autem
1498 5221 1684 5260 amore
1735 5222 1840 5260 non

272 5303 515 5357 tenetur,
549 5294 642 5362 qui
669 5293 865 5348 fratres
893 5295 1088 5365 diligit.
1120 5295 1213 5350 Est
1239 5313 1370 5366 ergo
1400 5299 1528 5352 vitio
1566 5300 1839 5368 superius,

271 5384 420 5453 quod
444 5385 608 5438 servit
632 5400 723 5453 per
760 5386 1106 5450 charitatem,
1138 5398 1190 5441 et
1217 5387 1268 5440 in
1295 5391 1611 5444 servitutem
1649 5390 1843 5456 redigit

274 5473 439 5538 feras,
490 5490 610 5543 quae
651 5476 803 5529 intus‘
851 5486 1001 5540 sunt,
1065 5478 1290 5539 bestias,
1344 5479 1536 5546 animi,
1596 5480 1841 5548 inquam,

271 5565 743 5636 perturbationum
795 5565 1032 5624 furiosos
1083 5569 1356 5639 impetus:
1395 5589 1568 5642 neque
1600 5574 1693 5627 ulli
1751 5572 1843 5628 irae

346 5766 422 5834 (5)
459 5765 825 5836 Hermogenes
876 5767 1164 5824 Tarsensis
1199 5771 1329 5824 clari
1383 5772 1623 5826 nominis
1656 5773 1843 5825 rhetor

277 5835 405 5903 fuit,
444 5837 600 5906 cuius
630 5835 790 5893 variae
818 5843 1312 5897 eastantOratoria:
1344 5843 1736 5910 institutiones,
1772 5845 1837 5898 dc

1947 4651 2318 4722 philosophia.
2340 4650 2559 4703 Sciebat
2581 4648 2747 4709 enim,
2773 4645 2918 4715 quod
2942 4644 3158 4699 etiamsi
3178 4641 3518 4714 philosophia

1946 4744 2016 4799 sit
2086 4758 2276 4798 eorum
2328 4757 2449 4810 qua:
2508 4749 2638 4796 sunt
2690 4739 2966 4809 cognitio,
3024 4737 3165 4792 actio
3202 4748 3383 4790 tamen
3437 4742 3522 4787 est

1947 4851 2205 4890 ascensus
2237 4849 2377 4888 verae
2405 4831 2909 4903 contemplationis.
2949 4830 3026 4885 Ex
3058 4827 3519 4899 contemplatione

1944 4939 2124 4981 autem
2182 4940 2371 4980 eorum
2434 4941 2558 4994 qua:
2614 4933 2762 4988 sunt,
2797 4922 3069 4992 exquisita
3122 4920 3512 4976 consideratio.

1944 5020 2171 5074 Actione
2191 5033 2320 5087 ergo
2339 5017 2554 5072 videtur
2577 5032 2764 5071 veram
2787 5016 3071 5086 acquirere
3088 5013 3514 5085 phil050phiam.

1945 5110 2092 5166 Talis
2117 5118 2232 5165 erat
2281 5109 2499 5176 quidem
2534 5125 2706 5162 nov-us
2738 5107 2939 5179 Joseph
2991 5109 3174 5177 regula
3206 5115 3515 5175 temperan-

1946 5204 2035 5258 tiae
2067 5220 2080 5258 :
2114 5203 2206 5273 qui
2259 5202 2523 5256 adversus
2569 5201 2704 5254 vitia
2743 5211 2797 5255 et
2835 5202 3110 5254 daemones
3139 5200 3287 5254 clara
3339 5201 3514 5253 erexit

1947 5305 2146 5364 tropa'a
2189 5303 2282 5346 :et
2335 5292 2438 5346 fuit
2486 5293 2703 5362 quidem
2764 5293 2876 5361 ipse
2924 5292 3248 5361 praeclarus,
3313 5289 3514 5344 multos

1946 5395 2124 5439 autem
2191 5385 2561 5454 praeclariorcs
2610 5384 2841 5437 reddidit
2894 5398 2997 5438 suo
3048 5383 3318 5454 exemplo.
3370 5379 3512 5447 Quid

1946 5474 2079 5529 mihi
2139 5473 2434 5528 Socratica:
2487 5475 2551 5528 ad
2590 5476 2705 5529 haec
2758 5473 3187 5540 admonitiones,
3227 5483 3322 5528 aut
3366 5473 3514 5542 leges

1945 5565 2257 5630 Platonicae,
2292 5577 2386 5619 aut
2409 5565 2657 5620 universa
2697 5566 2870 5620 virtus
2897 5566 3362 5637 gentilium,‘qua:
3388 5564 3513 5618 [it-ta

1945 5769 2225 5839 petitione,
2283 5769 2350 5826 de
2396 5772 2729 5838 inventione,
2787 5769 2978 5827 formis
3031 5770 3268 5837 dicendi,
3325 5770 3508 5841 gravi-

1949 5851 2075 5905 lalc,
2105 5850 2210 5894 etc.
