4276 6438
239 435 345 504 189

1019 442 1192 502 νιΤΑ
1231 443 1291 504 S.
1332 441 1651 503 ANTONII
1689 443 2008 504 CAULEE
2048 444 2554 506 PATRIARCHE
2596 446 2706 507 CP.

3410 448 3520 514 190

235 563 411 622 geret,
451 567 840 624 nonnunquam
892 570 1018 611 cum
1070 555 1324 624 fecisset,
1359 559 1740 629 :rnigmatibus
1769 567 1822 612 et
1852 564 1896 618 Α
1929 573 2056 610 cum
2097 559 2461 614 transmiserit
2507 567 2928 614 sacrosanctum
2970 559 3170 626 virum,
3203 560 3296 630 qui
3336 561 3404 615 ab
3433 563 3518 615 iu-

237 645 452 699 umbris
481 656 889 717 assequeretur.
921 648 1025 704 Sed
1058 652 1203 721 quod
1241 650 1306 705 ad
1339 652 1634 706 multorum
1677 651 1826 704 venit

234 740 632 808 cognitionem,
696 751 752 796 et
798 739 1004 797 factum
1055 758 1181 800 esse
1239 744 1503 809 creditur,
1568 745 1821 815 persequi

237 833 467 888 n-ntabit
491 834 691 889 oratio.

311 925 396 980 l5.
421 926 655 980 Nolebat
679 943 784 982 una
809 927 1049 992 civitate,
1073 929 1175 985 etsi
1200 931 1272 986 sit
1296 939 1405 984 tam
1431 945 1647 1005 magna,
1667 944 1822 984 suam

234 1019 616 1072 circumscribi
675 1020 1218 1074 commiserationem
1259 1038 1272 1074 :
1310 1020 1402 1076 sed
1462 1023 1528 1073 ad
1562 1030 1822 1089 quantam

235 1109 320 1161 sal
364 1112 583 1177 aspicit,
635 1126 755 1166 eam
799 1113 1166 1166 contendebat
1193 1113 1508 1167 extendere.
1543 1112 1677 1166 Hinc
1708 1128 1825 1165 nia-

239 1216 344 1253 nus
378 1204 640 1257 scatentis
675 1204 1051 1258 misericordia
1091 1205 1386 1274 participes
1418 1213 1575 1258 erant
1611 1203 1826 1274 Scythae

237 1304 292 1345 et
324 1292 601 1360 Thraces,
653 1306 707 1350 et
739 1313 861 1352 cum
913 1298 1036 1352 aliis
1066 1298 1197 1369 Mysi
1240 1313 1458 1368 quoque
1480 1301 1572 1368 qui
1608 1307 1737 1353 sunt
1770 1299 1822 1352 in

239 1387 391 1440 Asia.
424 1389 564 1453 Quin
594 1390 756 1443 etiam
804 1406 926 1445 cum
961 1392 1027 1446 ad
1059 1406 1177 1454 eos,
1215 1393 1306 1461 qui
1339 1393 1740 1446 exercebantur
1770 1391 1822 1443 in

238 1476 504 1548 Olympo,
543 1483 743 1550 quilms
801 1484 1043 1537 studium
1096 1494 1216 1538 erat
1263 1499 1322 1539 se
1368 1484 1580 1538 fortiter
1637 1498 1825 1552 gerere

240 1575 508 1628 adversus
551 1576 675 1629 vitia
717 1585 772 1630 et
804 1577 1102 1641 dmiuones,
1144 1579 1437 1646 aliquando
1477 1577 1822 1641 transiisset,

238 1674 295 1716 et
355 1665 620 1736 quidquid
679 1669 799 1722 auri
856 1670 1089 1724 habebat
1146 1669 1200 1724 in
1259 1671 1535 1732 manibus,
1594 1671 1644 1723 in
1690 1685 1825 1724 usus

237 1771 433 1810 eorum
463 1762 936 1830 consumpsisset,
995 1778 1248 1818 reversus
1287 1773 1369 1818 est
1397 1767 1460 1818 ad
1518 1764 1822 1828 civitatem,

236 1851 384 1919 apud
417 1869 474 1907 se
512 1855 725 1924 agitans
758 1866 811 1910 et
859 1857 1100 1925 undique
1131 1856 1508 1919 considerans,
1546 1857 1820 1910 undenam

1933 649 2104 704 fantia
2137 651 2202 703 ad
2242 650 2412 704 Deum
2465 653 2782 714 vocabatur,
2824 667 2973 716 eum,
3031 653 3277 724 inquam,
3314 655 3403 724 qui
3453 671 3518 709 cx

1927 757 2132 797 corona
2182 743 2498 800 nominatus
2550 746 2653 801 fuit
2686 745 2764 817 (5i
2828 745 3163 816 Stephanus,
3217 747 3264 801 ei
3321 749 3412 817 qui
3452 765 3519 802 ex

1929 833 2116 889 fasciis
2160 844 2243 889 est
2291 849 2698 903 sacrosanctus,
2741 849 3095 892 sacrosancte
3127 838 3515 908 coniungatur,

1925 927 2021 996 qui
2077 943 2142 982 ex
2194 927 2337 981 illius
2382 929 2686 997 privatione
2713 933 2780 984 ab
2819 947 2880 984 ea
2905 940 3192 1001 acceptum
3225 946 3517 985 mmrorem

1927 1020 2120 1073 solvet.
2177 1018 2316 1074 Cum
2362 1020 2545 1089 itaque
2593 1022 2911 1078 advenisset
2965 1032 3207 1093 tempus,
3255 1037 3364 1091 quo
3405 1023 3520 1076 Inec

1928 1110 2044 1188 fleri
2086 1110 2396 1180 Oportebat,
2440 1109 2704 1180 suﬂ'ragia
2736 1113 2973 1167 universi
2999 1123 3174 1168 castus
3201 1113 3519 1183 pontificum

1927 1204 2385 1280 e’tfsacerdotum,
2416 1212 2468 1258 et
2494 1219 2685 1257 eormn
2730 1204 2821 1273 qui
2850 1206 3016 1257 vitam
3063 1206 3296 1275 agebant
3325 1219 3520 1260 mona-

1929 1297 2146 1358 sticam,
2173 1303 2226 1350 et
2253 1296 2426 1364 ipsius
2453 1310 2669 1364 quoque
2689 1295 2945 1361 Senatus,
2971 1296 3036 1348 ad
3055 1297 3276 1366 dignum
3303 1311 3523 1367 sponsae

1926 1385 2135 1442 Christi
2176 1389 2432 1444 Ecclesiae
2463 1402 2728 1458 sponsum
2769 1387 3103 1442 ferebantur.
3141 1388 3252 1443 Hoc
3301 1405 3521 1460 quoque

1927 1495 2162 1551 magnus
2208 1482 2396 1536 videns
2450 1483 2769 1552 imperator,
2827 1482 2878 1534 in
2912 1497 3129 1537 omnem
3161 1492 3364 1550 partem
3408 1484 3516 1538 cir-

1927 1573 2241 1628 cumferens
2272 1575 2461 1630 oculos
2493 1560 2859 1644 cogitationis,
2887 1588 3101 1643 semper
3117 1589 3304 1627 curam
3327 1588 3522 1644 gerens

1925 1666 2049 1736 ejus
2103 1668 2248 1737 quod
2298 1668 2548 1737 urgebat,
2612 1677 2670 1721 ut
2725 1667 2816 1736 qui
2863 1667 3090 1738 pulchre
3130 1668 3294 1722 sciret
3336 1666 3520 1721 metiri

1928 1759 2290 1828 przrtet'itttm,
2343 1769 2394 1813 et
2444 1760 2494 1812 id
2547 1759 2691 1827 quod
2724 1760 2900 1822 adest,
2927 1758 3295 1826 considerare,
3330 1769 3383 1813 et
3425 1775 3523 1828 per

1929 1861 2227 1920 utrumque
2270 1851 2336 1906 de
2389 1851 2575 1904 futuro
2628 1861 2832 1905 certam
2901 1852 3080 1907 facere
3123 1853 3521 1921 conjecturam,

238 1959 436 1998 rursus
485 1945 714 2015 vectigal
769 1956 1115 2014 compararet
1175 1947 1524 2016 pauperibus.
1576 1945 1679 2000 Sed
1715 1961 1823 1999 non
1860 1930 1899 1983 Β
1930 1943 2278 1997 continuavit
2316 1943 2677 2006 electionem;
2709 1945 2791 1996 vel
2820 1945 3002 2012 potius
3036 1944 3178 1998 Deus
3211 1959 3306 2014 per
3335 1944 3518 2014 ipsum

235 2036 367 2090 sivit
394 2052 516 2090 eum
557 2036 700 2092 Deus
733 2039 825 2093 diu
859 2055 979 2094 esse
1010 2039 1177 2093 anxio
1220 2040 1428 2094 animo.
1465 2038 1598 2091 Rem
1640 2047 1825 2092 autem

236 2129 389 2192 facit,
413 2141 473 2183 ut
502 2131 658 2193 solet,
685 2131 1088 2196 admirabilem,
1111 2138 1315 2185 etcum
1346 2131 1543 2185 liberat
1570 2147 1599 2184 a
1623 2132 1827 2187 sollici-

234 2223 444 2276 tudine.
465 2222 696 2290 Quidam
729 2225 874 2278 enim
904 2226 1140 2295 ignotus,
1167 2225 1331 2278 simul
1355 2234 1520 2294 atque
1549 2225 1829 2293 ingressus

233 2326 320 2370 est
346 2317 649 2382 civitatem,
687 2319 799 2372 sive
836 2319 1018 2381 boano,
1059 2319 1174 2372 sive
1207 2319 1434 2387 angelus
1466 2318 1559 2386 qui
1595 2317 1824 2372 formam

236 2409 478 2464 hominis
523 2421 863 2480 susceperat,
930 2411 1238 2466 transeunti
1291 2428 1387 2479 per
1437 2412 1706 2482 porticum
1759 2428 1824 2465 ex

233 2503 476 2570 quodam
529 2505 818 2575 angiportu
850 2505 1165 2580 accedens,
1216 2506 1264 2559 ei
1295 2505 1458 2560 tradit
1494 2507 1612 2560 auri
1649 2507 1826 2560 maui-

234 2598 464 2666 pulum;
491 2606 545 2650 ct
591 2613 715 2650 cum
754 2597 984 2651 dixisset
1013 2615 1026 2650 :
1062 2598 1280 2666 Accipe,
1309 2599 1454 2666 quod
1495 2599 1738 2651 insumus
1771 2599 1822 2650 in

234 2705 370 2743 usus
407 2705 620 2753 eorum,
654 2705 889 2757 quorum
924 2705 1114 2742 curam
1141 2692 1308 2758 geris,
1331 2688 1482 2743 dicto
1516 2694 1679 2744 citius
1702 2706 1827 2743 evo-

235 2782 368 2835 lavit
402 2792 456 2834 et
486 2785 728 2835 recessit.
760 2781 828 2834 Et
859 2797 1051 2836 manus
1085 2782 1305 2851 quidem
1341 2783 1574 2836 habebat
1602 2799 1822 2847 aurum,

232 2875 378 2929 oculi
404 2887 584 2928 autem
619 2891 725 2928 non
756 2883 1009 2944 poterant
1037 2877 1256 2944 assequi
1289 2891 1414 2929 eum
1449 2878 1540 2945 qui
1573 2873 1822 2944 praebue-

233 2977 344 3022 rat.
381 2966 497 3022 lloc
533 2983 638 3020 non
673 2977 755 3022 est
789 2968 903 3022 leve
951 2969 1167 3038 signum
1207 2968 1353 3022 illius
1385 2983 1509 3022 cum
1553 2967 1664 3020 Deo
1693 2984 1824 3021 con-

227 3060 538 3130 junctionis
570 3073 584 3112 :
626 3061 729 3114 hoc
755 3069 840 3114 est
871 3075 979 3113 non
1019 3060 1136 3114 leve
1167 3059 1429 3114 indicium
1465 3060 1606 3114 illius
1641 3061 1821 3128 magni

231 3160 288 3204 et
315 3149 519 3204 CXCPISi
546 3150 718 3203 animi
751 3168 762 3204 :
799 3149 902 3204 hoc
943 3151 1174 3204 Abrahae
1208 3151 1602 3204 benedictionis
1634 3151 1824 3204 habuit

235 3240 773 3308 multiplicationem,
808 3238 956 3306 quod
999 3237 1100 3290 fuit
1132 3238 1388 3307 hospitali
1420 3239 1658 3290 dextera:
1681 3236 1824 3290 velut

228 3333 486 3404 quadam
523 3332 804 3387 sementis.
832 3330 1062 3400 Pmpter
1089 3333 1204 3385 haec
1235 3333 1374 3384 bona
1417 3346 1649 3400 magnus
1679 3337 1826 3384 recte

229 3443 296 3483 se
322 3428 490 3496 gessit
526 3427 816 3480 Antonius.
868 3425 992 3479 llaec
1022 3426 1205 3479 manui
1243 3440 1543 3494 pauperum
1576 3423 1823 3488 amanti,

234 3538 306 3574 ne
346 3521 702 3591 suppeditans
750 3529 954 3589 egeret,
1002 3519 1104 3571 fuit
1156 3521 1399 3572 occasio.
1431 3517 1566 3571 Cum
1620 3532 1726 3586 qua
1769 3531 1827 3571 re

229 3614 412 3670 (Σιωδί
445 3613 666 3682 quidem
703 3612 854 3666 illius
886 3610 1014 3681 Lydi
1044 3611 1293 3674 l'elii-ltas,
1333 3619 1387 3665 et
1413 3611 1567 3664 aurei
1602 3610 1824 3675 lateres,

231 3723 414 3777 neque
445 3705 630 3760 fabula
669 3704 823 3758 Mida:
855 3712 1031 3772 potest
1056 3702 1319 3757 conferri.

837 3814 1067 3872 CAPUT
1124 3815 1218 3869 III.

228 3929 422 3986 Sancti
481 3929 697 3983 Antonii
754 3930 1187 3997 putriarc/talus,
1247 3932 1302 3983 in
1351 3949 1409 3986 eo
1445 3933 1667 3987 labores.
1720 3933 1824 3988 Leo

718 4001 1007 4069 imperator
1064 4002 1339 4055 laudatus.

308 4139 396 4194 l6.
443 4137 581 4192 Eum
617 4150 824 4202 autem,
852 4153 978 4193 cum
1010 4139 1063 4192 in
1097 4138 1179 4194 his
1211 4148 1380 4203 esset,
1414 4141 1716 4210 aspiciebat
1750 4143 1827 4198 ci-

232 4234 401 4297 vitas,
427 4243 479 4285 et
504 4233 765 4284 virtutum
793 4246 899 4285 non
918 4233 1132 4286 celabat
1159 4234 1620 4302 magnitudinem;
1652 4251 1826 4305 neque

230 4327 449 4398 egregia
489 4324 628 4378 facta
659 4333 819 4377 terra:
872 4325 1196 4390 mandabat;
1232 4324 1374 4380 fama
1412 4342 1541 4380 vero
1587 4328 1825 4396 excipie-

235 4425 328 4476 bat
358 4440 372 4475 :
401 4431 455 4474 et
492 4420 616 4472 licet
648 4434 754 4472 non
788 4418 1023 4482 adesset,
1054 4433 1178 4472 eum
1205 4421 1464 4475 omnibus
1501 4422 1634 4491 ipsis
1664 4421 1824 4478 factis

231 4514 577 4572 ostendebat,
601 4522 655 4565 et
673 4513 1067 4581 pr0pemodum
1087 4527 1348 4582 responsa
1373 4515 1441 4566 ab
1459 4530 1553 4568 ore
1575 4515 1821 4569 onmium

1933 2036 2244 2105 obsignavit
2290 2037 2609 2089 universum
2648 2053 2659 2086 :
2695 2045 2748 2089 et
2783 2044 3041 2104 tanquam
3076 2035 3387 2104 quempiam
3440 2036 3520 2089 vi-

1933 2128 2163 2180 ctoriam
2225 2137 2581 2182 consecutum
2659 2129 2920 2182 athletam
2993 2130 3377 2183 transmittens
3449 2128 3517 2182 ad

1931 2219 2260 2291 Olympiam,
2317 2221 2495 2275 evehit
2554 2220 2618 2273 ad
2650 2221 2832 2276 sedem
2883 2220 3270 2290 pontificalem,
3308 2221 3519 2289 majora

1934 2313 2246 2366 habiturum
2286 2312 2618 2375 certamina,
2657 2322 2711 2366 ct
2737 2328 2971 2367 coronas
3003 2314 3403 2382 pra-clariores.

2003 2405 2094 2459 17.
2134 2406 2199 2460 Et
2225 2406 2481 2474 deinceps
2518 2403 2751 2460 habebat
2788 2420 2992 2475 sponsa
3020 2405 3222 2460 Clu-isti
3247 2422 3395 2470 eum,
3425 2407 3520 2476 qui

1930 2505 2078 2549 recte
2120 2497 2336 2550 tenebat
2365 2495 2512 2565 leges
2535 2496 2849 2563 sacerdotii,
2883 2509 2936 2550 et
2966 2497 3179 2552 vivebat
3224 2498 3336 2567 spei
3377 2498 3521 2553 iudi-

1929 2589 2205 2657 gentium,
2238 2597 2292 2642 et
2332 2589 2548 2643 abunde
2596 2589 2919 2643 eﬂundebat
2973 2591 3429 2653 misericordiam,
3467 2599 3523 2646 et

1929 2689 2048 2733 erat
2089 2680 2343 2734 manibus
2395 2695 2694 2750 pauperum
2735 2680 3049 2749 propositus
3087 2680 3224 2750 :qui
3266 2682 3320 2734 in
3355 2681 3521 2736 rebus

1929 2772 2153 2831 divinis,
2190 2772 2458 2838 initiabat,
2488 2781 2541 2825 et
2573 2772 2661 2835 iis,
2697 2772 2791 2841 qui
2824 2772 3201 2838 initiabautur,
3243 2773 3524 2842 exemplar

1929 2864 2172 2926 virtutis,
2212 2864 2505 2931 imaginem
2558 2863 2918 2926 fortitudinis.
2961 2865 3324 2920 sinimacrum
3376 2875 3520 2919 tem-

1931 2956 2192 3024 perantia:
2221 2966 2274 3008 et
2302 2955 2534 3024 jusdtiac
2561 2955 2884 3010 ostendebat
2913 2957 3153 3026 regulam
3190 2975 3203 3011 :
3229 2957 3323 3026 qui
3351 2958 3518 3011 vitam

1929 3049 2126 3116 magis,
2161 3062 2325 3116 quam
2368 3047 2633 3116 linguam,
2686 3047 2998 3117 proferebat
3032 3049 3372 3120 magistram.
3411 3047 3518 3104 Sed

1930 3155 2038 3192 non
2076 3140 2177 3193 fuit
2221 3150 2513 3194 contentus
2542 3140 2630 3202 iis,
2665 3157 2789 3210 quae
2833 3152 3232 3211 praecesserunt
3262 3160 3276 3198 :
3313 3157 3420 3197 non
3450 3145 3521 3198 ad

1931 3234 2296 3288 relaxationes
2322 3235 2556 3303 aspexit,
2587 3241 2644 3286 ut
2673 3235 2873 3304 aliquis
2905 3235 3084 3304 alius;
3115 3251 3291 3305 neque
3325 3251 3521 3306 peper-

1929 3325 2004 3378 cit
2031 3326 2298 3378 senectuti
2333 3344 2344 3378 :
2377 3324 2470 3378 sed
2506 3325 2738 3380 sudores
2778 3327 3147 3380 succedebant
3191 3328 3515 3387 sudoribus.

1928 3427 1982 3471 et
2028 3415 2244 3471 labores
2288 3417 2592 3480 laboribus,
2635 3425 2689 3471 et
2736 3418 2946 3473 sanctis
2974 3418 3124 3472 curis
3157 3434 3306 3474 cura:
3339 3418 3518 3489 magis

1929 3519 2172 3565 sanctze:
2211 3517 2265 3563 ct
2318 3509 2542 3577 perinde
2592 3524 2655 3562 ac
2711 3509 2890 3563 alatus
2949 3510 3263 3579 quispiam,
3315 3509 3520 3566 virtute

1928 3604 2100 3658 sancti
2136 3602 2409 3671 Spiritus,
2451 3602 2503 3655 in
2545 3602 2620 3670 (6)
2657 3602 2815 3656 senili
2866 3617 3100 3672 corpore
3147 3603 3383 3658 assumit
3437 3602 3520 3659 vi-

1929 3703 2143 3761 gentem
2175 3695 2340 3747 animi
2383 3695 2744 3755 alacritatem,
2785 3703 2839 3748 et
2867 3710 3056 3749 omnes
3085 3695 3289 3754 Christi
3322 3695 3516 3750 Ecclee

1928 3788 2060 3851 sias,
2087 3799 2199 3840 tum
2252 3787 2509 3856 precibus
2560 3788 2726 3841 Deum
2773 3789 3018 3856 placaris,
3066 3798 3182 3844 tum
3233 3805 3362 3854 eas,
3393 3805 3520 3860 quas

1927 3888 2171 3946 tempore
2212 3878 2624 3944 laboraverant,
2657 3888 2713 3933 et
2763 3879 2904 3932 male
2935 3891 3092 3935 erant
3145 3881 3373 3944 aﬂ'ectaa,
3415 3897 3522 3951 pro

1926 3972 2133 4025 viribus
2170 3987 2427 4026 recreans
2452 3971 2531 4042 (7)
2572 3989 2584 4025 :
2618 3972 2794 4041 iisque
2829 3973 2920 4043 qui
2964 3989 2994 4028 e
3020 3984 3278 4045 suggestu
3309 3977 3361 4030 in
3393 3976 3517 4029 ino-

1927 4064 2068 4133 piam
2114 4065 2427 4118 deciderant
2477 4064 3082 4133 c0piosisisuccurrens
3124 4068 3519 4138 suppeditatio.

1928 4156 2110 4222 nibus,
2144 4165 2200 4210 et
2229 4157 2562 4226 quotidianis
2595 4157 2955 4226 proventibus
2983 4159 3320 4216 distribuens
3369 4161 3512 4216 elee«

1930 4264 2213 4318 mosynam
2249 4249 2746 4304 innumerabilibus
2767 4251 3123 4320 pauperibus.
3142 4251 3515 4318 Quamobrem

1926 4351 1978 4396 et
2016 4343 2107 4410 qui
2162 4341 2443 4396 laborabat
2499 4342 2702 4411 in0pia,
2757 4343 2940 4399 latum
2991 4345 3135 4400 diem
3194 4347 3410 4413 agebat,
3459 4355 3515 4405 et

1930 4439 2132 4504 hospes
2162 4436 2593 4490 obliviscebatur
2618 4438 2827 4506 patriae,
2856 4449 2906 4493 et
2929 4439 3212 4508 orphanus
3240 4439 3512 4509 lacryma-

1927 4527 2108 4591 batur,
2145 4536 2200 4580 et
2228 4527 2508 4583 viduitatis
2542 4526 2774 4584 ferream
2823 4529 3109 4586 fornacem
3125 4531 3514 4601 exstinguebat

232 4605 568 4666 excidentia,
601 4603 846 4657 futurum
880 4612 1136 4672 tanquam
1164 4620 1405 4673 praesens
1427 4607 1818 4674 praedicabant.
1856 4635 1899 4690 ο
1929 4620 2112 4674 vidua,
2153 4621 2288 4686 Qui,
2339 4631 2544 4675 mnam
2597 4637 2788 4676 ειη-ειη
2850 4623 3024 4693 gessi;
3067 4622 3329 4692 Ῑυειῑιίωι
3378 4623 3513 4690 Qui,

234 4699 363 4754 Haec
403 4701 744 4752 canebantur
785 4698 836 4750 in
875 4699 1060 4752 multis
1110 4698 1448 4761 civitatibus,
1485 4702 1825 4758 canebantur

236 4794 291 4847 in
321 4794 492 4862 agris,
527 4793 850 4846 dicebautur
878 4793 929 4844 in
963 4793 1264 4856 montibus,
1293 4793 1346 4846 in
1377 4795 1572 4860 antris,
1609 4798 1660 4849 in
1693 4814 1826 4868 gen-

236 4890 406 4944 tibus.
463 4889 564 4942 Per
610 4903 802 4941 omnes
840 4887 984 4941 enim
1033 4891 1365 4958 pervadebat
1397 4892 1740 4958 miraculum,
1772 4907 1826 4951 et

231 4994 352 5038 erat
375 4981 687 5036 communis
717 4981 867 5036 orbis
897 4992 1056 5036 terra:
1085 4985 1348 5038 narratio.
1394 4985 1516 5040 llaec
1568 4986 1825 5044 Ecclesia:

233 5074 440 5130 Christi
477 5089 696 5143 sponsa:
746 5074 1038 5129 movebant
1071 5089 1338 5142 amorem,
1381 5079 1712 5149 ardebatque
1746 5081 1822 5135 si-

231 5169 379 5223 tiens
418 5182 567 5229 cum,
628 5183 789 5237 quem
841 5168 1120 5237 diligebat,
1179 5178 1235 5222 et
1284 5172 1563 5236 qurerebat
1609 5185 1824 5243 tempus

230 5260 664 5326 coniunctionis,
710 5269 763 5312 et
797 5261 1102 5329 prazvidens
1157 5271 1371 5329 tempus
1403 5263 1820 5332 dcsponsionis,

229 5366 330 5421 spe
363 5349 510 5405 dulci
534 5350 775 5418 jucunde
809 5350 1131 5405 ducebatur.
1169 5351 1387 5406 Sciebat
1420 5355 1565 5408 enim
1596 5355 1714 5410 fore
1765 5365 1823 5410 ut

231 5443 593 5513 praecedentis
621 5443 806 5511 sponsi
847 5442 1112 5512 dignitate
1148 5445 1375 5500 minime
1404 5447 1656 5501 viduetur
1683 5467 1696 5502 :
1728 5449 1820 5502 sed

424 5577 522 5654 ηερ
550 5579 899 5654 ﬁguraque
947 5590 1073 5654 ante
1121 5581 1356 5654 dictum,
1398 5582 1458 5635 S.
1511 5583 1822 5654 Stephanus

273 5647 575 5711 atriarcha,
628 5647 812 5704 Basilii
852 5649 1165 5705 Macedonis
1221 5651 1349 5720 imp.
1411 5654 1577 5714 filius.
1610 5647 1820 5710 'Leonis

230 5666 420 5774 Frater.
473 5721 566 5774 oui
619 5721 818 5774 colitur
864 5720 930 5774 l7
976 5721 1121 5774 Maii.
1172 5737 1283 5774 ouo
1335 5733 1607 5774 mortuus-
1659 5728 1820 5774 tertio

253 5725 433 5792 ‘rater,_
473 5721 581 5792 qui
619 5721 818 5792 colitur
864 5720 930 5792 l7
976 5721 1121 5786 Maii,
1172 5737 1283 5791 quo
1335 5733 1608 5792 mortuus,
1659 5728 1822 5782 tertio

232 5805 384 5846 anno
415 5788 638 5854 Leonis,
663 5791 795 5845 Chr.
828 5791 953 5846 888.

302 5861 380 5929 (ti)
414 5861 551 5914 llinc
600 5870 766 5930 patet,
811 5864 980 5940 quod
1009 5872 1168 5919 antea
1202 5864 1469 5940 dirimus,
1526 5882 1820 5940 sexagena-

235 5935 402 5998 rium,
438 5943 535 5988 aut
567 5949 676 5989 non
714 5934 886 5990 multo
913 5936 1177 5991 minorem
1215 5937 1404 5992 fuisse.

1929 4715 2128 4783 injuria
2162 4714 2372 4769 affectis
2403 4717 2578 4784 magis
2627 4715 2725 4770 fuit
2775 4717 3080 4772 salutaris?
3108 4716 3244 4782 Quis
3290 4732 3506 4779 eorum,

1927 4809 2020 4877 qui
2072 4809 2328 4877 injuriam
2364 4807 2655 4871 faciebant,
2706 4811 2787 4865 sic
2834 4811 3180 4880 propulsavit
3235 4810 3510 4880 impetus?

1927 4901 2060 4968 Quis
2105 4902 2228 4956 lites
2249 4903 2604 4970 composuit?
2633 4902 2767 4968 Quis
2799 4904 2967 4963 nimis
3004 4913 3248 4960 erectum
3275 4904 3513 4960 detraxit

1927 4994 2324 5064 supercilium?
2357 4993 2494 5059 Quis
2530 4995 2830 5064 superbum
2875 5005 2932 5050 et
2983 5005 3334 5065 arrogantem
3393 4997 3514 5048 ani-

1927 5102 2076 5139 mum
2124 5086 2365 5140 traduxit
2398 5085 2467 5139 ad
2519 5087 3000 5142 moderationem?
3055 5086 3255 5142 Omnia
3306 5097 3361 5140 et
3418 5103 3514 5154 per

1928 5178 2111 5231 omnia
2172 5178 2284 5247 ipse
2334 5192 2436 5232 suo
2482 5179 2736 5248 exemplo
2788 5179 3199 5249 complanabat,
3264 5179 3508 5234 salutare

1927 5269 2383 5323 medicamentum
2425 5269 2654 5324 etii-ctus
2687 5271 2896 5324 morbis
2948 5271 3168 5325 animas.
3227 5269 3330 5324 Sed
3387 5287 3456 5339 qn
3485 5285 3512 5324 s

1929 5379 1994 5419 ex
2027 5363 2362 5433 pauperibus
2391 5379 2516 5417 cum
2560 5365 2887 5433 aspersisset
2919 5364 3175 5435 lacrymis
3207 5364 3383 5417 forum
3415 5365 3507 5432 ju-

1925 5452 2142 5519 diciale,
2187 5463 2246 5508 ut
2294 5454 2386 5524 jus
2439 5471 2599 5510 suum
2650 5456 2945 5519 obtineret.
3009 5471 3133 5511 cum
3189 5467 3510 5526 paupertate

1999 5589 2076 5658 (7)
2114 5587 2413 5660 Mepmaita
2443 5587 2642 5660 habent
2683 5605 2696 5640 :
2730 5587 2861 5660 Kal,
2883 5591 2996 5652 τοῖς
3039 5590 3245 5660 ἀπορίᾳ
3281 5607 3506 5660 συνεχο-

1930 5657 2110 5727 μένοις
2154 5657 2263 5709 τῶν
2297 5657 2594 5726 κληρικῶν,
2655 5658 2752 5710 καὶ
2793 5659 2905 5710 τῶν
2950 5657 3266 5726 ἀναγκαῐιιὶν
3311 5657 3508 5724 ἐνδέὦς

1925 5731 2160 5799 ἔχουσιν.
2182 5729 2405 5802 ἀφθόνῳ
2424 5727 2540 5802 *τῶν
2567 5729 2855 5802 χριμάτων
2885 5732 3146 5802 χορηγίᾳ,
3182 5731 3280 5801 τὴν
3311 5731 3508 5797 παροῦ-

1925 5818 2026 5852 σαν
2071 5801 2305 5868 ἀπορίαν
2357 5799 2560 5852 διέλυε·
2624 5799 2866 5866 Inopiam
2909 5799 3111 5870 quoque
3169 5799 3503 5864 clericorum,

1923 5872 2012 5939 qui
2056 5872 2358 5924 necessariis
2398 5886 2601 5939 quoque
2637 5872 2785 5923 rebus
2816 5872 3259 5940 dcatituebanlnr,
3291 5871 3507 5928 liberali

1923 5943 2264 6012 pecuniarum
2298 5943 2599 6012 erogatione
2639 5942 2962 5998 sublevabut.
