4276 6438
746 410 842 474 191

1918 406 2331 466 NlCEPllORl
2377 408 2475 467 PH
2488 409 2836 469 ILOSOPHI

3912 407 4015 473 192

741 518 894 577 abiit,
947 516 1154 571 deflens
1187 516 1333 586 quod
1372 514 1462 584 jus
1498 531 1657 570 suum
1702 532 1807 571 non
1843 526 2029 583 posset
2059 515 2319 584 assequi?
2347 516 2394 573 Α
2424 516 2980 587 mentem!)sedatam
3004 517 3385 579 immutarunt,
3403 525 3455 571 et
3479 518 3747 589 lacrymas
3762 523 4011 573 omnium

741 608 1005 672 Qua‘nam
1028 616 1211 661 autem
1256 606 1437 669 vidua,
1471 608 1596 675 quis
1628 608 1930 675 orphanus,
1966 607 2010 659 si
2046 622 2090 658 Vl
2113 608 2325 659 nissent

744 698 796 749 iu
844 699 1014 766 ipsius
1049 706 1428 765 conspectum,
1478 705 1574 751 aut
1636 698 1807 764 ipsam
1862 706 2047 766 postea
2106 695 2323 749 deflevit

743 788 1062 848 orbitatem,
1103 798 1198 843 aut
1227 804 1334 842 non
1371 789 1579 841 levatus
1619 787 1723 841 fuit
1754 788 2104 842 calamitate?
2133 787 2325 841 Omni-

746 883 850 935 bus
879 882 1067 934 aderat
1114 894 1216 934 sua
1250 880 1620 948 providentia,
1658 879 1884 944 malum,
1924 878 2071 948 quod
2106 879 2326 933 unicui-

746 990 851 1043 que
888 972 1150 1027 afferebat
1202 972 1537 1035 molestiam,
1566 972 1683 1025 suis
1725 970 1984 1025 auferens
2025 970 2328 1036 beneficiis,

750 1068 934 1122 verbis
968 1067 1286 1130 consolans,
1324 1081 1462 1120 auro
1512 1081 1669 1135 opem
1704 1064 1909 1129 ferens,
1943 1074 2130 1132 tegens
2160 1063 2329 1119 vesti-

748 1162 872 1214 bus.
913 1158 1182 1213 Videhaut
1232 1159 1395 1212 etiam
1425 1157 1673 1228 qua'dam
1726 1173 1891 1227 supra
1943 1157 2212 1213 rationem
2274 1157 2330 1211 in

751 1254 870 1323 ipso
895 1253 1209 1313 convenire,
1241 1267 1363 1321 quae
1398 1252 1699 1305 scentulum
1739 1260 1989 1303 naturam
2036 1264 2141 1302 non
2196 1264 2331 1303 con-

750 1346 1010 1410 veniunt;
1049 1345 1427 1399 austeritatem
1462 1356 1513 1397 et
1568 1344 1920 1407 suavitatem,
1969 1343 2332 1397 humilitatem

751 1447 807 1490 et
856 1438 1205 1507 gravitatem,
1255 1439 1602 1497 severitatem
1636 1446 1692 1491 et
1737 1436 2038 1491 lenitatem.
2090 1434 2331 1501 Quorum

754 1531 859 1584 alia
895 1530 1113 1598 quidem
1155 1529 1465 1597 applicabat
1495 1530 1585 1589 iis,
1632 1529 1831 1595 quibus
1857 1530 1938 1582 vis
1970 1529 2333 1592 afl'erebatur;

755 1624 861 1676 alia
903 1634 1087 1676 autem
1134 1624 1221 1685 iis,
1249 1624 1342 1692 qui
1371 1623 1480 1675 vim
1508 1621 1806 1676 offerebant
1845 1642 1856 1675 :
1894 1631 1949 1675 et
1977 1621 2083 1676 alia
2113 1621 2333 1690 quidem

757 1726 914 1769 erant
949 1716 1379 1780 medicamenta,
1417 1732 1539 1784 qua:
1575 1714 1887 1782 superbiam
1919 1722 1971 1767 et
1997 1711 2197 1767 fastum
2238 1712 2336 1767 de-

2434 618 2835 680 represseruut,
2875 608 3013 665 fusis
3058 611 3447 666 misericordia:
3492 610 3771 681 lacrymis.
3822 619 3877 665 et
3912 628 4011 664 sua

2432 704 2483 757 in
2520 719 2635 764 eos,
2663 704 2755 773 qui
2784 715 2942 757 erant
2985 703 3235 773 ejusdem
3269 703 3505 774 generis,
3550 702 3955 764 misericordia,
3983 719 4015 758 e

2431 797 2647 867 superis
2669 798 2907 851 divinam
2929 804 3275 851 attraxerunt
3295 796 3753 862 misericordiam,
3780 805 3835 850 et
3858 805 4017 850 terra:

2432 889 2652 949 faciem,
2685 905 2808 956 quae
2850 891 3106 959 squalore
3129 898 3184 943 et
3207 889 3454 943 siccitate
3486 889 3764 954 interibat,
3796 888 4018 941 divinas

2434 983 2813 1038 miserationes
2843 992 3141 1051 coegerunt
3169 997 3452 1035 renovare.

2507 1076 2591 1133 l9.
2621 1076 2746 1131 llaec
2767 1086 2894 1130 sunt
2924 1075 3316 1145 philosOphicaa
3338 1074 3538 1130 mentis
3567 1073 3709 1128 facta
3729 1073 4015 1139 praeclara,

2433 1183 2557 1237 qua:
2592 1176 2721 1222 sunt
2748 1182 3006 1238 germana
3042 1166 3203 1221 factis
3241 1166 3409 1221 Mosis
3448 1174 3503 1222 et
3539 1166 3797 1229 Aaronis,
3828 1164 4020 1220 confe-

2437 1259 2605 1315 renda
2664 1275 2788 1313 cum
2848 1259 3007 1314 factis
3067 1259 3197 1313 Elite
3231 1269 3288 1313 et
3328 1257 3542 1322 Elisaei,
3599 1258 3801 1313 similia
3861 1256 4022 1312 factis

2441 1354 2658 1407 Davidis
2690 1365 2746 1407 et
2777 1352 3076 1408 Samuelis.
3134 1352 3385 1421 Magnum
3414 1352 3563 1406 illius
3599 1350 3819 1405 virtutis
3877 1348 4024 1403 indi-

2437 1448 2607 1509 cium,
2660 1447 2805 1515 quod
2846 1455 2977 1500 tunc
3026 1462 3210 1501 curam
3267 1446 3563 1500 sustineret
3620 1442 4020 1514 pontificalem,

2438 1540 2658 1605 quando
2700 1539 2995 1608 imperator
3030 1552 3059 1592 a
3092 1539 3279 1607 pueris
3316 1539 3461 1591 laute
3500 1535 4019 1606 nutritusjiistitim,

2441 1646 2551 1684 non
2579 1647 2637 1685 se
2666 1632 2804 1685 dans
2856 1631 3251 1700 voluptatibus,
3306 1647 3412 1684 non
3458 1646 3719 1684 reru~ans
3764 1631 4023 1692 labores,

2443 1738 2680 1793 quorum
2710 1722 2921 1777 fructus
2952 1723 3225 1778 sinceram
3259 1723 3494 1777 afferunt
3519 1723 3851 1791 Voluptatem
3878 1740 3893 1786 ;
3929 1724 4022 1777 sed

759 1809 1050 1862 trahebant
1096 1824 1309 1871 eorum,
1349 1808 1443 1878 qui
1476 1808 1739 1861 adversus
1772 1810 2084 1875 proximum
2125 1808 2337 1861 attolle—
2373 1855 2416 1912 Β
2445 1831 2503 1869 se
2542 1815 2807 1870 doctrinae
2850 1814 3112 1871 dedicans
3155 1824 3209 1870 et
3237 1816 3585 1884 eloquentite,
3623 1815 4023 1885 philoSOphiam

759 1902 891 1954 bant
920 1902 1277 1970 supercilium
1304 1918 1319 1969 ;
1351 1901 1458 1956 alia
1499 1916 1683 1956 autem
1735 1903 2058 1956 recreabant
2093 1901 2167 1967 id,
2192 1900 2338 1971 quod

758 2004 874 2048 erat
902 1994 1183 2050 afflictum.

836 2089 921 2143 18.
960 2087 1055 2143 llis
1089 2089 1347 2144 Ecclesia:
1370 2098 1546 2143 cmtus
1575 2090 1967 2144 traducebatur
1998 2089 2064 2144 ad
2088 2091 2339 2157 meliora,

763 2181 1015 2250 lleusque.
1064 2182 1354 2252 propitius,
1407 2195 1459 2236 ct
1493 2199 1724 2252 magnus
1758 2183 2057 2252 imperator
2103 2185 2344 2254 gaudens

764 2258 1154 2330 delectabatur.
1213 2276 1522 2345 lucorrupti
1555 2294 1682 2329 vero
1725 2277 1894 2331 animi
1927 2277 2115 2332 videns
2145 2279 2195 2331 iu
2231 2277 2346 2334 suf-

764 2370 1255 2440 l'ragiojudicium,
1286 2371 1434 2439 quod
1479 2372 1529 2423 iu
1569 2372 1731 2426 rebus
1758 2373 1892 2442 ipsis
1931 2371 2044 2426 falli
2078 2388 2184 2427 non
2216 2388 2342 2440 pos-

763 2474 869 2530 set,
896 2481 1020 2519 cum
1044 2481 1139 2535 per
1171 2468 1348 2534 ipsum
1381 2467 1667 2520 statuisset
1693 2477 1851 2521 vetus
1878 2464 2138 2521 Ecclesiae
2163 2467 2343 2529 ulcus,

763 2575 860 2616 seu
897 2559 974 2631 (8)
1007 2560 1265 2621 schisma,
1307 2560 1371 2614 ad
1405 2561 1716 2615 cicatricem
1752 2560 2043 2625 deducere,
2077 2563 2130 2615 in
2174 2578 2343 2616 unum

764 2654 907 2719 cogit
942 2655 1227 2709 orientalia
1260 2666 1311 2709 et
1340 2656 1415 2723 (9)
1449 2655 1815 2711 occidentalia
1856 2675 1868 2711 :
1905 2667 1960 2711 et
2002 2672 2128 2711 cum
2163 2658 2342 2727 philo-

768 2748 975 2816 sophia:
1026 2748 1210 2802 florem
1248 2758 1364 2801 arte
1401 2749 1617 2803 dicendi
1662 2758 2048 2819 temperasset,
2102 2751 2344 2822 linguam

769 2840 978 2907 profert
1013 2842 1331 2903 salutarem,
1367 2851 1420 2896 et
1450 2842 1598 2909 justa
1636 2844 2014 2912 persuasione,
2041 2844 2164 2898 lrcto
2195 2846 2346 2900 vultu

768 2943 821 2986 et
862 2933 1165 2988 ridentibus
1213 2934 1390 2988 oculis
1445 2934 1613 2988 solvit
1646 2935 2011 3002 offensiones,
2041 2945 2095 2991 et
2141 2952 2198 2990 re
2234 2937 2349 3006 ipsa

769 3027 1029 3090 ostendit,
1060 3038 1327 3096 quantum
1365 3027 1585 3082 intersit
1617 3029 1760 3082 inter
1797 3044 1980 3098 regem
2017 3029 2069 3083 in
2100 3029 2349 3085 doctrina

770 3119 1083 3185 educatum,
1134 3131 1189 3174 et
1223 3128 1547 3188 potestatem
1598 3135 1720 3189 qua:
1748 3121 1868 3188 ejus
1904 3137 2012 3174 non
2060 3130 2144 3174 est
2178 3122 2351 3191 parti-

2451 1910 2645 1977 magis,
2673 1924 2837 1978 quam
2873 1910 2978 1963 alia
3008 1909 3172 1971 bona,
3204 1918 3262 1963 ut
3288 1924 3408 1978 quae
3436 1920 3659 1978 propter
3691 1910 3863 1978 ipsam
3890 1924 4029 1963 con-

2450 2002 2718 2068 ferantur,
2771 2003 3077 2071 eligendam
3129 2018 3251 2056 esse
3300 2004 3548 2067 ducens,
3604 2003 4028 2057 concionantem

2452 2097 2704 2149 movebat
2757 2096 3036 2165 linguam,
3087 2111 3209 2165 quae
3258 2095 3617 2161 profundebat
3648 2095 3811 2149 verba
3865 2095 4032 2148 melle

2452 2191 2748 2248 suaviora.
2804 2190 3007 2244 similia
3061 2189 3245 2243 verbis
3304 2189 3640 2254 Salomonis,
3699 2188 4034 2243 conferenda

2452 2298 2577 2337 cum
2605 2281 2842 2336 Davidis.
2884 2278 3005 2348 Quo
3048 2289 3295 2351 tempore
3332 2283 3505 2351 magis
3537 2281 3845 2351 apponebat
3874 2297 4034 2335 men-

2454 2390 2570 2430 sam
2602 2376 2895 2429 verborum
2941 2389 3102 2444 quam
3154 2373 3429 2437 ciborum,
3474 2384 3527 2428 et
3556 2376 3869 2445 dogmatum
3914 2383 4037 2428 tan.

2453 2483 2618 2538 quam
2646 2483 2713 2521 ex
2747 2467 2894 2522 fonte
2943 2468 3129 2537 aliquo
3164 2467 3426 2521 fluentum
3473 2467 3693 2534 coniose
3724 2467 4037 2532 emittebat,

2454 2576 2511 2617 et
2548 2562 2850 2630 Scriptura:
2884 2560 3275 2629 profunditatis
3300 2561 3437 2615 citra
3470 2560 3826 2615 oﬂ‘ensionem
3859 2560 4039 2613 latens

2456 2670 2655 2709 sensus
2683 2656 2753 2709 ab
2783 2669 2850 2707 eo
2885 2654 3332 2724 investigabatur,
3361 2662 3414 2708 et
3451 2656 3740 2708 universus
3762 2653 4037 2707 bonormn

2456 2746 2660 2802 chorus
2690 2757 2902 2816 pnterat
2928 2747 3075 2816 loqui
3106 2747 3295 2802 libere.

2530 2840 2621 2896 20.
2662 2842 2799 2897 Cum
2851 2843 2904 2895 in
2943 2840 3026 2896 his
3079 2850 3223 2896 esset
3275 2842 3439 2896 homo
3475 2840 3603 2904 Dei,
3650 2850 3704 2895 et
3754 2840 4041 2895 florentem

2458 2937 2765 2992 doctrinam
2808 2934 3016 2989 videret
3054 2949 3180 2989 cum
3234 2934 3529 2989 virtutibus
3582 2934 3634 2987 in
3689 2934 4045 3002 imperatoris

2460 3033 2665 3095 anima,
2702 3046 2823 3099 qua:
2854 3029 3080 3098 juvenili
3131 3029 3386 3083 utebatur
3432 3043 3682 3097 corpore,
3726 3036 3779 3083 et
3811 3028 4044 3096 vestigia

2462 3125 2705 3193 antiqme
2728 3122 3024 3185 felicitatis,
3053 3130 3108 3176 et
3137 3122 3456 3175 universum
3489 3121 3657 3174 alium
3692 3136 4047 3190 consequen-

772 3228 934 3282 ceps;
983 3224 1115 3267 tunc
1147 3213 1385 3267 maxime
1421 3222 1731 3283 temperans
1778 3214 2051 3269 viventem
2097 3213 2355 3271 Ecclesia:
2383 3222 2427 3281 ε
2462 3225 2569 3272 tem
2610 3225 2812 3272 statum
2864 3224 2971 3269 tam
3008 3214 3248 3279 civilem,
3296 3230 3459 3283 quam
3506 3212 3934 3274 (economirum,
3989 3224 4047 3267 et

773 3315 1041 3361 craterem
1072 3306 1125 3360 in
1159 3306 1436 3375 pontifice,
1462 3307 1554 3375 qui
1587 3322 1832 3362 mensam
1858 3308 2143 3377 proposuit
2166 3311 2358 3365 activa:

776 3398 1136 3466 philosophia:
1176 3396 1337 3450 bonis
1364 3396 1567 3450 lautam
1613 3405 1667 3449 et
1712 3395 1991 3460 refertam,
2020 3396 2360 3467 deeebatque

777 3498 832 3542 et
865 3488 1216 3555 imperatoris
1267 3488 1609 3558 phil030phi,
1653 3496 1705 3542 et
1738 3488 2011 3558 pontificis
2044 3489 2095 3542 in
2150 3490 2361 3559 agendo

783 3583 1046 3637 industrii
1082 3581 1218 3636 illud
1251 3596 1511 3650 magnum
1537 3589 1591 3635 et
1622 3581 1949 3634 admirabile
1982 3598 2121 3651 opus
2155 3598 2276 3637 esse
2306 3593 2361 3638 et

781 3678 1049 3738 studium,
1102 3691 1202 3746 per
1245 3689 1368 3743 quae
1416 3682 1500 3728 est
1550 3673 1931 3742 incorruptum
1978 3673 2271 3741 judicium,
2309 3685 2365 3730 et

783 3772 1021 3825 tribunal
1079 3769 1397 3823 muneribus
1450 3766 1822 3836 impollutum,
1876 3775 1931 3820 et
1975 3769 2360 3822 continuorum

779 3863 1116 3935 judiciorum
1159 3861 1379 3931 sapiens
1412 3859 1745 3929 excogitatio
1779 3878 1791 3913 :
1828 3875 1923 3929 per
1965 3875 2088 3929 qua:
2109 3871 2162 3913 et
2199 3860 2367 3915 libere

783 3956 1026 4024 loquitur
1051 3962 1104 4007 et
1137 3952 1216 4006 sic
1255 3950 1397 4021 gerit
1423 3949 1660 4019 justitia,
1697 3958 1751 4002 et
1798 3949 1976 4003 locum
2018 3966 2125 4004 non
2159 3952 2365 4009 invenit

783 4042 1100 4101 adversaria
1136 4056 1151 4093 :
1192 4056 1284 4110 per
1312 4055 1437 4110 qua:
1461 4048 1517 4094 et
1552 4038 1781 4109 reprimi
1809 4049 2065 4109 poterant
2091 4044 2366 4111 orphano-

784 4154 907 4193 rum
972 4136 1244 4205 lacrymm,
1287 4132 1637 4204 gemitusque
1695 4131 2015 4194 viduarum,
2079 4135 2369 4204 omnisque

788 4230 1043 4299 ntaligme
1070 4237 1125 4282 et
1170 4226 1374 4281 dolosa:
1406 4223 1838 4279 machinationis
1872 4225 1999 4279 nodi
2037 4226 2283 4292 dissolvi,
2317 4240 2371 4281 et

783 4323 899 4377 dos
935 4321 1217 4376 exercitus
1269 4317 1565 4388 imperium
1600 4316 1855 4387 accipere
1881 4318 2165 4385 prmmium
2199 4320 2356 4373 virtu'

783 4417 972 4480 liget
1011 4428 1049 4470 ο
1107 4413 1255 4481 ιπμί
1311 4411 1466 4465 lucro
1534 4425 1765 4464 mm
1812 4410 2058 4481 prahere
2110 4414 2368 4466 mundam

784 4508 1105 4565 communia
1133 4517 1186 4561 et
1220 4504 1434 4574 publica
1461 4521 1475 4569 ;
1499 4512 1553 4557 et
1574 4504 1728 4558 dives
1754 4518 1860 4557 non
1895 4504 2169 4559 sustinere
2200 4505 2373 4560 bono-

2461 3322 2805 3380 qua'cunque
2830 3306 2897 3360 de
2930 3306 3142 3374 judicio
3172 3320 3355 3358 rerum
3393 3302 3575 3358 habita
3600 3303 3796 3367 oratio,
3825 3319 4045 3357 morum

2462 3402 2655 3457 tribuit
2710 3400 3036 3469 disciplinae,
3071 3397 3273 3468 gaudio
3321 3407 3471 3452 totus
3522 3395 3951 3460 diffundebatur,
3994 3406 4049 3451 et

2465 3496 2635 3551 Deum
2686 3494 2968 3560 laudabat,
2996 3507 3108 3547 rem
3156 3507 3275 3546 eam
3306 3490 3514 3545 ducens
3545 3489 3892 3544 occasionem
3924 3505 4053 3559 gra-

2465 3588 2667 3642 tiarum
2711 3585 2969 3651 actionis,
2991 3593 3047 3639 et
3076 3584 3265 3639 dicens
3291 3598 3351 3638 se
3382 3583 3451 3638 ab
3489 3584 3822 3652 imperatore
3855 3582 4053 3635 luben-

2468 3690 2550 3735 ter
2590 3678 2873 3749 superari;
2902 3678 2994 3748 qui
3025 3677 3127 3731 etsi
3163 3674 3459 3731 mundanis
3485 3676 3751 3729 obruatur
3781 3674 4055 3728 sollicitu-

2467 3771 2710 3835 dinibus,
2752 3768 3066 3825 accuratius
3101 3776 3286 3823 tamen
3321 3781 3409 3821 res
3436 3766 3776 3834 assequitur,
3812 3781 3981 3835 quam
4017 3766 4055 3819 ii

2467 3863 2561 3933 qui
2596 3863 2649 3916 in
2676 3859 3060 3931 spiritualibus
3088 3859 3257 3913 rebus
3288 3867 3719 3917 consenuerunt,
3752 3865 3864 3911 tum
3901 3856 4057 3926 inge-

2472 3957 2546 4010 nii
2592 3955 2873 4016 felicitate,
2922 3962 3040 4007 tum
3088 3950 3306 4005 dicendi
3343 3950 3604 4005 facultate
3647 3957 3745 4003 :et
3773 3963 3898 4004 cum
3932 3949 4058 4004 aliis

2470 4063 2532 4100 ea
2564 4060 2785 4115 quoque
2807 4042 3056 4112 apprime
3084 4041 3225 4096 sciat
3245 4055 3364 4110 qua!
3384 4040 3661 4110 pertinent
3688 4039 3755 4093 ad
3787 4039 4058 4103 animam,

2474 4149 2734 4206 tanquam
2786 4135 2877 4204 qui
2934 4149 3043 4188 non
3108 4133 3287 4188 Solum
3340 4132 3688 4202 corporibus,
3744 4132 3836 4185 sed
3888 4133 4059 4186 etiam

2473 4231 2673 4285 animis
2704 4231 2934 4298 imperet
2969 4226 3194 4281 solertia
3221 4225 3425 4296 ingenii
3461 4234 3517 4280 et
3554 4224 3755 4277 mentis
3780 4225 4059 4278 acumine.

2542 4322 2635 4378 2f.
2678 4321 2831 4376 Unde
2863 4320 3028 4373 etiam
3065 4328 3325 4386 tanquam
3362 4317 3446 4371 sui
3479 4316 3685 4383 pudore
3719 4315 3948 4370 affectus
3979 4315 4064 4369 vir

2473 4417 2565 4470 ille
2597 4414 2972 4477 admirabilis,
3027 4427 3244 4465 omnem
3278 4410 3363 4465 sui
3406 4425 3595 4464 curam
3630 4408 3966 4479 despiciebat
4007 4409 4062 4461 in

2476 4519 2633 4563 :etate
2673 4508 2764 4561 illa
2810 4505 2994 4567 senili,
3043 4518 3245 4572 corpus
3278 4501 3505 4555 omnino
3554 4500 3857 4570 negligens,
3904 4507 3959 4553 et
4000 4513 4065 4552 ea

790 4619 911 4659 rum
948 4602 1397 4672 publicationem,
1444 4607 1498 4653 et
1540 4613 1747 4668 pauper
1796 4597 1946 4651 nulla
1988 4596 2128 4652 affici
2174 4607 2370 4652 contu-
2406 4577 2453 4635 ί)
2480 4600 2681 4671 quibus
2711 4597 2921 4653 sciebat
2956 4596 3008 4649 id
3044 4592 3299 4657 recreari,
3340 4602 3395 4646 et
3426 4606 3547 4659 qua!
3578 4590 3644 4646 ad
3678 4604 3839 4659 opem
3881 4588 4069 4644 feren.

791 4699 986 4761 mella;
1016 4706 1071 4751 et
1097 4694 1340 4766 agricola
1366 4694 1550 4748 sulcos
1577 4691 1822 4762 jucunde
1846 4690 2225 4757 proscindere,
2256 4706 2363 4745 non

793 4795 993 4848 timens
1011 4789 1361 4860 vectigalium
1381 4786 1784 4841 exsolutionem
1816 4785 1954 4855 agri,
1979 4784 2138 4854 cujus
2163 4784 2373 4842 fructus

794 4904 902 4942 non
936 4883 1200 4954 percepit.
1236 4882 1440 4936 Horum
1478 4894 1674 4934 manus
1709 4879 1763 4932 in
1803 4878 2005 4933 caelum
2031 4888 2292 4937 extensae,
2321 4886 2376 4932 et

794 4982 894 5034 rivi
936 4980 1302 5049 lacrymarum
1333 4974 1517 5029 emissi
1554 4988 1619 5027 ex
1660 4971 1857 5034 oculis,
1893 4971 2062 5024 Deum
2101 4971 2212 5038 jam
2245 4971 2373 5025 olim

797 5072 1167 5141 placaverunt,
1199 5078 1251 5122 et
1277 5083 1463 5137 quam,
1491 5066 1585 5135 qui
1611 5064 1690 5119 eis
1709 5072 1867 5118 erant
1886 5064 2141 5132 subjecti.
2173 5063 2376 5132 justam

800 5164 937 5218 iram
977 5164 1029 5217 in
1084 5177 1144 5218 se
1192 5163 1307 5217 suis
1362 5159 1602 5230 peccatis
1643 5166 2101 5228 provocaverant,
2143 5171 2263 5209 eam
2303 5157 2379 5209 la-

797 5270 1113 5327 crymarum
1182 5253 1400 5308 fluentis
1459 5250 1526 5321 (Ο
1594 5252 1883 5321 benignam
1944 5257 1999 5304 et
2054 5249 2378 5304 clementem

873 5396 946 5463 l8)
986 5395 1236 5450 Selii-ma
1282 5408 1310 5446 a
1371 5392 1564 5447 Photio
1622 5389 1898 5463 invectum
1957 5386 2235 5463 intelligit.
2294 5386 2381 5442 Nil

805 5457 1003 5521 mirum
1034 5463 1333 5519 desiderari
1370 5464 1534 5531 hujus
1564 5477 1720 5515 conc.
1773 5460 1932 5531 Acta,
1966 5472 1995 5510 a
2033 5457 2384 5531 Graecisare-

804 5538 1159 5593 crudescente
1184 5544 1306 5605 post
1334 5530 1552 5605 longum
1581 5542 1797 5605 tempus
1820 5530 2137 5605 schismate,
2165 5530 2385 5597 penitus

805 5625 991 5664 erasa.
1024 5597 1246 5663 Minime
1267 5597 1495 5659 dubin'm
1528 5612 1633 5665 est,
1670 5597 1723 5655 in
1758 5602 1862 5655 hoc
1884 5597 2078 5654 concil.
2099 5599 2381 5664 damnata,

809 5682 890 5733 vel
962 5678 1290 5740 emendata,
1353 5690 1476 5741 qua:
1530 5674 1581 5728 in
1645 5668 2113 5738 Constantinopol.
2150 5670 2385 5736 pseudo-

811 5749 1015 5805 concil.
1051 5760 1177 5817 post
1234 5757 1464 5800 mortem
1499 5743 1558 5799 S.
1608 5743 1799 5814 Iguatii
1851 5741 2060 5803 habito,
2118 5748 2265 5810 gesta
2321 5756 2385 5797 ac

813 5829 1263 5893 statutaucrant.“
1416 5887 1433 5893 _
1519 5888 1528 5893 _
1745 5886 1755 5893 _
2143 5891 2150 5893 Α
2321 5882 2331 5891 ,
2371 5881 2382 5893 ,

887 5894 964 5964 (9)
1005 5890 1121 5945 Non
1151 5889 1385 5946 arbitror
1416 5887 1638 5946 Latinos
1673 5886 1839 5959 episc.
1869 5899 1934 5941 co
1966 5891 2239 5949 evocatos,
2282 5886 2386 5938 nisi

2480 4695 2603 4749 dam
2628 4692 2825 4747 anime
2844 4689 2899 4743 in
2923 4685 3319 4742 certaminibus
3338 4683 3580 4746 virtutis,
3602 4696 3805 4752 corpus
3837 4681 4071 4737 minime

2483 4786 2760 4843 laederent.
2794 4781 3165 4850 Quamobrem
3189 4779 3243 4833 in
3273 4777 3436 4847 longa
3472 4774 3677 4838 inedia,
3710 4782 3765 4830 et
3788 4774 4069 4831 vincendo

2482 4881 2699 4936 dolores
2751 4876 3041 4948 corporis,
3092 4870 3432 4942 suscipiebat
3468 4867 3709 4931 labores,
3771 4868 3864 4937 qui
3924 4873 4072 4923 vires

2486 4972 2735 5041 corporis
2765 4968 3135 5039 superabant;
3170 4963 3319 5037 quod
3349 4961 3569 5032 quidem
3601 4970 3686 5016 est
3724 4971 3939 5015 natura:
3968 4960 4075 5014 ini-

2488 5065 2714 5127 micum,
2740 5072 2792 5116 et
2818 5059 2961 5131 quod
2995 5066 3280 5112 aversatur
3312 5070 3405 5111 ars
3433 5053 3743 5109 medicinae.
3778 5051 3895 5107 Etsi
3925 5063 4073 5108 esset

2489 5160 2609 5229 ejus
2650 5171 2850 5226 corpus
2879 5152 3115 5209 calidius
3150 5148 3571 5219 temperatione,
3608 5154 3665 5200 et
3713 5143 4071 5214 signiﬁcaret,

2492 5269 2600 5309 non
2626 5266 2749 5307 esse
2769 5248 2819 5305 ei
2847 5244 3201 5318 aptumquod
3227 5241 3446 5308 deficit,
3482 5255 3553 5296 ne
3579 5238 3862 5294 videretur
3888 5246 4072 5294 tamen

2494 5388 2538 5443 si
2569 5386 2663 5457 qui
2693 5379 3171 5457 Constantinopol.
3197 5377 3459 5457 imperat,
3490 5373 3926 5457 sulijectierant.
3959 5373 4075 5457 All:

2494 5441 2713 5513 fuerunt
2755 5463 2935 5508 tamen
2993 5441 3243 5506 fortassis
3286 5441 3458 5514 aliqui
3513 5461 3542 5499 a
3594 5441 3853 5514 pontifice
3888 5445 4075 5511 lega‘ti,

2492 5512 2941 5596 quandoquidem
2973 5532 3133 5596 antea
3168 5520 3241 5596 ab
3272 5534 3339 5572 eo
3375 5512 3623 5596 petiisset
3656 5512 3791 5596 Leo,
3829 5514 4012 5596 utfrui
4047 5530 4079 5568 a

2495 5584 2693 5656 Ehotio
2737 5584 3295 5666 pseudo-patriarcha
3341 5587 3517 5666 sacris
3552 5584 3753 5639 initiati
3787 5584 4082 5639 ordinibus

2495 5679 2673 5733 erant,
2704 5656 2956 5732 interque
2984 5656 3081 5717 eos
3107 5660 3423 5741 §tephanus
3457 5656 3637 5741 fr_a_ter_
3655 5669 4084 5741 suum-minuere

2497 5724 3063 5809 fungi-suodpossent.
3092 5724 3234 5809 _Qui_
3262 5729 3351 5809 hic
3391 5724 3764 5809 occidentales
3796 5724 4079 5789 dicuntur,

2498 5800 2627 5870 sunt
2656 5809 2750 5881 qui
2786 5800 3059 5876 Europam
3091 5800 3429 5859 incolebant.
