4276 6438
233 410 342 475 193

1018 407 1194 469 VITA
1241 407 1300 465 S.
1346 407 1661 467 ΛΝΤΟΝΙΙ
1703 408 2018 468 CAUI.E.’E
2056 409 2559 470 PATRIARCHE
2592 413 2697 472 (ΣΡ.

3408 415 3508 484 194

227 564 354 602 esse
389 556 632 601 remotus
679 562 708 600 a
745 555 937 599 natura
977 546 1290 610 hominum,
1330 547 1457 615 quid
1499 545 1594 598 fit?
1629 544 1823 598 Anima
1857 531 1897 584 Α
1933 524 2059 615 lla!“
2090 535 2144 575 (⁵⁸
2179 538 2289 576 ⁵³⁸⁸

1857 531 1897 584 Α
1933 524 2059 574 dam
2090 535 2144 575 et
2179 538 2391 576 sacram
2421 537 2666 587 manum,
2698 539 2821 590 qua:
2851 534 2996 579 tuam
3027 542 3056 580 a
3092 527 3248 584 uobis
3275 533 3511 602 expellat

228 655 630 708 nonnunquam
681 641 845 694 veluti
883 639 936 693 in
971 655 1031 694 se
1091 650 1392 700 contraeza,
1433 647 1485 691 ct
1533 641 1596 691 ad
1653 638 1820 690 Deum

226 735 528 793 excedens,
583 735 632 783 vi
691 743 940 797 naturaa,
983 731 1154 786 veluti
1210 731 1461 786 consulto
1521 744 1823 798 prowraus

225 827 450 892 corpori
503 824 924 889 relaxationem,
984 840 1177 892 parum
1231 821 1543 876 remittebat
1575 820 1819 874 laborum

230 928 486 970 tenorem
523 928 873 986 perpetuum.
932 914 1046 970 Hoc
1093 926 1277 969 autem
1318 915 1382 966 iis
1433 913 1673 982 quidem,
1728 913 1818 980 qui

230 1024 385 1064 recte
436 1011 694 1064 nolebant
729 1011 952 1074 intueri,
1005 1025 1126 1063 esse
1161 1009 1337 1061 visum
1371 1017 1455 1060 est
1483 1007 1816 1069 ostentatio;

232 1104 298 1156 iis
346 1118 494 1164 vero,
533 1103 626 1170 qui
672 1113 828 1156 erant
885 1103 1018 1155 recti
1073 1101 1260 1154 corde.
1313 1113 1506 1154 etnon
1564 1099 1701 1152 tardi
1754 1101 1818 1150 ad

227 1199 649 1265 adspiciendum
700 1205 885 1250 vetera
947 1196 1169 1249 Patrum
1218 1194 1487 1263 exempla,
1537 1195 1709 1247 virtus
1765 1200 1820 1246 et

228 1307 511 1347 summum
543 1293 831 1352 virtutum,
863 1301 915 1341 et
948 1305 1005 1342 re
1038 1303 1162 1342 vera
1189 1288 1254 1341 ad
1286 1286 1453 1339 Deum
1479 1301 1736 1340 excessus
1764 1294 1818 1338 et

228 1386 546 1454 einigratio.
588 1383 738 1437 Talis
773 1398 993 1446 cursus,
1027 1384 1150 1436 talis
1181 1383 1309 1442 vita,
1353 1381 1481 1433 talia
1523 1379 1642 1448 ejus
1673 1387 1819 1431 recte.

221 1479 393 1541 facta.
436 1477 491 1531 In
525 1477 946 1531 necessitatibus
981 1475 1290 1537 tolerantia,
1325 1474 1375 1526 in
1413 1471 1644 1525 forttuue
1676 1472 1817 1524 casi-

226 1573 333 1624 bus
359 1586 606 1641 magnus
639 1580 692 1624 et
726 1570 979 1624 excelsus
1014 1569 1254 1630 animus,
1295 1568 1346 1619 in
1377 1565 1660 1619 laboribus
1689 1582 1813 1632 pcr-

226 1676 391 1732 petua
427 1663 758 1726 constantia,
793 1663 846 1715 in
882 1662 1143 1716 aerumnis
1173 1659 1459 1722 fortitudo,
1515 1660 1566 1711 in
1615 1657 1816 1710 labori-

229 1759 334 1808 bus
364 1771 465 1825 pro
497 1757 718 1818 virtute,
751 1753 920 1808 animi
953 1754 1231 1816 alacritas,
1261 1754 1315 1806 in
1353 1751 1814 1805 ituheeillitatibns

227 1850 424 1912 robur,
469 1849 522 1901 in
566 1847 804 1911 morbis,
833 1845 1062 1900 minime
1090 1846 1316 1899 omnino
1350 1845 1542 1900 cedere
1590 1855 1644 1898 et
1678 1859 1811 1897 con-

224 1955 396 1995 8111111.

843 2051 1070 2108 CAPUT
1099 2051 1188 2104 IV.

370 2173 558 2228 Sancti
588 2173 806 2227 Antonii
828 2173 1023 2237 obitus,
1061 2171 1355 2239 sepultura,
1387 2170 1670 2224 miracula.

291 2287 387 2340 2‘2.
420 2289 525 2342 Sed
543 2288 691 2343 venit
715 2290 940 2342 morbus
967 2288 1212 2348 ultimus,
1239 2297 1291 2340 et
1313 2287 1503 2340 aderat
1527 2301 1808 2354 excessus,

221 2389 276 2434 et
303 2395 427 2448 qua:
456 2379 524 2432 ad
556 2393 847 2432 excessum
892 2379 1167 2447 pertinent
1204 2394 1218 2430 :
1246 2386 1300 2430 et
1346 2378 1582 2430 humana
1615 2393 1808 2446 argue-

221 2473 386 2526 batur
423 2471 798 2536 imbecillitas,
837 2472 1027 2526 intima
1061 2480 1382 2540 penetrante
1415 2468 1586 2532 febre,
1621 2480 1675 2524 et
1711 2470 1810 2522 de—

225 2578 486 2638 pascente
535 2567 822 2620 humorem
858 2565 1188 2626 naturalem,
1220 2573 1274 2617 et
1310 2565 1640 2618 dissolvente
1667 2565 1810 2618 vires

225 2664 348 2714 illas
380 2661 786 2714 adamantinas.
823 2658 912 2712 Ille
941 2667 1121 2710 autem
1147 2656 1382 2723 benigno
1411 2667 1656 2723 aspectu,
1687 2671 1774 2707 om
1794 2686 1806 2694 -

224 2769 323 2806 nes
373 2765 711 2821 prosequens
790 2749 1288 2810 benedictionibus,
1349 2747 1599 2800 ultimam
1660 2747 1808 2800 dedit

226 2848 516 2899 salutent:
572 2855 794 2899 etcum
865 2843 1048 2911 lingua
1105 2852 1250 2896 esset
1299 2843 1593 2910 impotens,
1653 2856 1807 2894 sacra

223 2956 429 2993 manus
469 2939 777 3008 obsignavit
822 2953 935 3000 eas,
973 2953 1094 3006 qlia:
1123 2937 1228 2989 diei
1259 2951 1365 2988 non
1411 2945 1680 3003 poterant,
1717 2935 1808 2987 be-

222 3032 592 3090 nedictiones,
652 3031 904 3098 Deusque
937 3044 1062 3081 eum
1117 3029 1344 3079 volabat
1390 3028 1454 3079 ad
1510 3041 1804 3094 supernum

223 3125 667 3183 tabernaculum,
693 3133 747 3176 et
768 3124 972 3178 chorus
995 3123 1327 3190 Angelorum
1356 3136 1479 3173 eum
1508 3121 1805 3188 quaerebat,

220 3214 316 3281 qui
348 3216 526 3282 ipsum
565 3214 617 3265 in
651 3223 796 3266 terra
831 3221 980 3266 recte
1018 3222 1100 3266 est
1140 3213 1384 3265 imitatus
1417 3229 1430 3264 ι
1484 3226 1512 3264 a
1546 3225 1808 3265 veneran-
1837 3246 1881 3306 Ο

222 3309 408 3371 doque
457 3313 512 3356 et
583 3317 744 3356 sacro
806 3317 1038 3370 corpore
1095 3301 1277 3353 divina
1313 3312 1566 3370 separata
1624 3302 1806 3355 anima

221 3408 474 3463 vespere,
517 3386 640 3447 cum
674 3393 1056 3447 accenduntur
1105 3395 1362 3455 lucernae,
1400 3410 1521 3446 cum
1557 3395 1808 3464 lampade

219 3485 559 3551 virginitatis
613 3485 770 3553 plena
831 3485 951 3539 oleo
985 3486 1234 3540 sublatus
1287 3488 1387 3540 luit
1440 3487 1506 3540 ad
1551 3502 1804 3556 magnam

222 3581 422 3633 lucem.

290 3672 378 3725 ‘23.
425 3670 542 3726 Nox
590 3671 784 3728 deinde
816 3681 902 3732 est
939 3681 1252 3739 consecuta,
1290 3685 1341 3728 et
1374 3673 1431 3728 lit
1458 3675 1802 3740 miraculum,

220 3765 371 3833 quod
413 3773 594 3834 potest
644 3765 882 3820 conferri
921 3783 1045 3820 eum
1101 3769 1196 3830 iis,
1248 3784 1370 3836 qua:
1412 3785 1651 3837 unquam
1688 3768 1804 3822 fuc-

221 3867 374 3917 runt,
425 3860 729 3920 miraculis,
770 3862 914 3929 quod
959 3860 1273 3928 publicabat
1314 3863 1457 3914 illius
1493 3877 1804 3931 germanam

220 3949 289 4003 ad
325 3948 495 4004 Deum
544 3950 820 4016 ﬁduciam,
875 3961 929 4005 et
961 3961 1148 4020 aperte
1179 3953 1497 4006 dcscribens
1535 3955 1806 4022 magnitu-

218 4045 408 4096 dinem
462 4045 698 4098 virtutis.
746 4042 878 4098 Nam
935 4061 1059 4099 eum
1114 4057 1438 4099 eonsuetmu
1480 4047 1696 4115 signum
1740 4063 1804 4100 ex

220 4139 333 4190 alto
368 4138 691 4205 patriarchae
721 4138 1033 4200 decessum,
1073 4141 1216 4192 circa
1254 4154 1509 4207 magnum
1545 4139 1804 4208 templum

217 4231 428 4281 «ivitati
467 4230 852 4299 significasset,
901 4232 1096 4284 mulier
1149 4232 1498 4299 paupercula,
1560 4247 1679 4299 quae
1713 4246 1807 4299 per

218 4339 448 4376 mantuu
483 4324 746 4377 benelicio
778 4324 1100 4378 allicientem
1138 4326 1240 4378 sibi
1291 4326 1671 4394 quotidianum
1709 4339 1798 4392 pa-

218 4416 379 4469 rabat
435 4416 775 4479 alimentum,
837 4432 960 4470 cum
1005 4432 1074 4472 ex
1128 4418 1433 4471 vehementi
1471 4419 1624 4487 lapsu
1679 4433 1806 4472 crus

221 4510 451 4563 haberet
479 4507 734 4575 fractum,
767 4511 821 4563 in
864 4511 1084 4580 tugurio
1119 4510 1263 4565 facto
1290 4527 1354 4564 ex
1382 4509 1531 4565 farno
1565 4521 1616 4565 et
1650 4511 1803 4582 palea

1927 614 2230 668 deformem
2283 615 2590 669 feritatem!
2644 615 2849 671 Secure
2883 618 3144 688 deinceps
3175 622 3393 687 invade,
3424 626 3510 679 in-

1927 705 2070 756 sulla
2109 703 2424 770 iacentibus
2457 725 2471 760 :
2504 723 2629 761 cum
2682 710 2932 778 corporis
2962 711 3337 767 contractione
3385 733 3510 785 spes

1924 810 2146 865 quoque
2172 808 2256 851 est
2307 800 2586 855 confracta
2623 804 2770 868 vitae,
2810 806 2973 873 periit.
3012 821 3309 876 pauperqu
3354 813 3510 865 via'i-

1924 905 2072 943 cum.
2107 888 2151 944 Ο
2179 907 2431 959 quaenam
2470 893 2705 968 Erinnys
2738 913 2886 952 ineas
2919 899 3115 967 pedum
3148 903 3360 970 plantas
3389 921 3514 959 mu-

1924 982 2118 1046 tilavit,
2161 993 2220 1037 ut
2249 1000 2347 1039 nec
2379 984 2545 1041 funus
2574 991 2814 1056 quidem,
2844 993 2988 1060 quod
3026 993 3270 1059 eﬂ'ertur,
3299 1000 3505 1065 possint

1923 1078 2186 1144 consequi
2225 1070 2368 1144 ejus,
2402 1080 2492 1148 qui
2534 1083 2736 1136 mullos
2765 1087 3001 1140 extraxit
3031 1103 3058 1141 a
3109 1091 3364 1158 sepulcro
3391 1108 3509 1144 mo-

1925 1163 2204 1220 lestiarum
2227 1167 2248 1219 ?
2275 1169 2413 1222 Cum
2448 1171 2561 1225 hace
2584 1184 2635 1226 et
2658 1173 2811 1242 plura
2837 1178 2963 1242 alia,
2990 1189 3048 1232 ut
3076 1189 3160 1234 est
3187 1182 3506 1247 verisimile,

1922 1258 2171 1313 deﬂendo
2203 1260 2410 1316 diceret
2443 1264 2785 1332 muliercula,
2823 1279 2877 1322 et
2913 1273 3122 1327 acerbis
3154 1274 3508 1342 perfundere—

1924 1361 2009 1404 tur
2039 1353 2316 1423 lacrymis,
2351 1357 2710 1427 molestiaque
2740 1372 2793 1413 et
2828 1362 3109 1418 doloribus
3158 1368 3205 1418 ei
3238 1367 3381 1423 vires
3409 1369 3507 1424 dc-

1921 1445 2200 1511 fecissent,
2236 1464 2430 1504 somno
2471 1454 2822 1520 opprimitur,
2854 1466 2905 1507 et
2939 1456 3083 1510 dulci
3113 1461 3329 1512 sonmio
3362 1461 3508 1516 videt

1920 1540 2270 1592 accedentem
2313 1543 2705 1609 patriareham,
2769 1560 2931 1599 manu
2972 1547 3190 1617 signum
3236 1553 3417 1607 crucis
3448 1554 3501 1607 iu

1919 1629 2038 1697 ejus
2087 1629 2325 1688 fractura
2381 1635 2747 1704 ellingentem,
2811 1649 2866 1692 et
2911 1639 3184 1694 dicentem
3225 1662 3237 1697 :
3272 1641 3392 1697 Jam
3445 1662 3503 1700 es

1919 1731 2129 1787 curata,
2166 1732 2220 1778 et
2261 1726 2398 1780 citra
2448 1728 2898 1798 impedimentum
2953 1733 3046 1785 tibi
3088 1733 3214 1788 licet
3256 1738 3503 1807 ingredi;

1918 1821 1974 1866 et
2004 1817 2288 1872 evanuisse
2328 1820 2577 1888 protinus
2606 1823 2674 1874 ab
2727 1825 2923 1879 oculis.
2975 1823 3261 1881 Somnium
3321 1843 3500 1884 autem

1843 1877 1890 1935 Β
1924 1902 2027 1956 fuit
2065 1921 2152 1960 res
2201 1906 2339 1975 ipsa,
2365 1917 2418 1961 et
2458 1926 2579 1978 qua:
2630 1911 2730 1965 fuit
2763 1914 2816 1966 in
2847 1917 3055 1971 somnis
3093 1920 3252 1981 visio,
3288 1931 3372 1976 est
3413 1938 3502 1976 ve-

1922 1994 2076 2052 ritas.
2113 1996 2250 2052 Nam
2279 2015 2401 2053 cum
2432 2018 2459 2054 a
2491 2019 2687 2057 somno
2716 2019 2860 2061 esset
2888 2024 3202 2078 experrecta
3221 2056 3234 2076 ,
3267 2015 3369 2068 etsi
3398 2017 3498 2069 do-

1920 2084 2064 2140 lores
2115 2089 2164 2140 ei
2214 2091 2450 2157 amplius
2500 2094 2703 2147 nullam
2750 2095 3006 2152 all‘crrcnt
3041 2101 3370 2166 molestiam,
3423 2107 3499 2158 rei

1920 2184 2029 2230 tam
2061 2178 2392 2242 admirabili,
2443 2190 2496 2235 et
2529 2191 2637 2236 tam
2675 2192 2870 2252 praeter
2901 2186 3212 2255 Opinionem
3247 2205 3354 2242 non
3401 2206 3500 2260 po-

1922 2279 2062 2324 terat
2116 2274 2340 2329 credere
2401 2277 2616 2339 mulier,
2678 2279 2772 2332 sed
2837 2281 3062 2348 putabat
3107 2298 3167 2336 se
3197 2282 3380 2339 adhuc
3429 2285 3502 2340 ali

1919 2365 2154 2418 somnio.
2187 2366 2291 2420 Sed
2317 2383 2442 2422 cum
2474 2369 2769 2438 perfectius
2815 2375 3046 2427 excitata
3079 2378 3302 2430 sustulit
3333 2377 3498 2431 dubi-

1928 2457 2211 2521 tationem,
2242 2460 2357 2514 lzcta
2391 2462 2634 2524 exsiluit,
2695 2465 2897 2531 gratias
2942 2469 3227 2536 agentibus
3278 2471 3502 2526 vocibus

1919 2568 2151 2608 narrans
2198 2555 2545 2622 miraculum,
2594 2565 2648 2612 et
2678 2559 2906 2614 salutem
2942 2562 3042 2616 sibi
3072 2563 3252 2617 datam
3286 2565 3501 2634 publice

1915 2645 2220 2699 celebrans.

1987 2736 2076 2790 ‘24.
2111 2737 2231 2792 Alia
2261 2753 2482 2809 quoque
2513 2742 2734 2808 mulier,
2761 2757 2882 2814 quae
2925 2744 3211 2802 laborabat
3238 2749 3498 2808 diuturna

1918 2829 2071 2899 plaga
2113 2831 2313 2884 occulti
2348 2835 2546 2898 morbi,
2581 2849 2689 2889 non
2715 2849 2874 2891 secus
2909 2846 3072 2908 atque
3103 2839 3192 2894 illa
3242 2857 3362 2910 qua:
3413 2843 3496 2897 1.ι-

1918 2919 2143 2974 borabat
2175 2922 2442 2991 proﬂuvio
2468 2926 2775 2996 sanguinis,
2808 2938 2951 2982 tactu
3001 2931 3165 2985 loculi
3199 2933 3501 2990 sufl'uratur

1915 3014 2170 3079 salutem,
2221 3025 2276 3070 et
2314 3017 2691 3075 liberationem
2733 3037 2761 3076 a
2797 3023 2957 3092 longo
2988 3033 3263 3080 tormento
3291 3028 3500 3083 invenit

1916 3105 2066 3159 brevi
2115 3118 2396 3163 momento
2447 3113 2728 3178 temporis.
2778 3113 2913 3179 Quis
2952 3114 3323 3187 Aisculapius,
3374 3121 3498 3188 quis

1914 3197 2119 3253 Chiron
2166 3203 2270 3256 tale
2314 3204 2638 3272 temperavit
2691 3208 3192 3263 medicamentum?
3249 3212 3497 3277 Quanam

1913 3293 2162 3347 medendi
2190 3295 2477 3365 disciplina
2512 3307 2687 3368 potest
2717 3300 2950 3356 inveniri
2987 3303 3300 3374 hujusmodi
3327 3323 3498 3376 genus

1910 3385 2258 3439 curationis?

1980 3474 2069 3530 25.
2108 3477 2212 3531 Sed
2250 3481 2621 3536 venerandum
2654 3483 2875 3552 quidem
2908 3494 2964 3538 et
3003 3500 3222 3540 sacrum
3255 3502 3454 3558 corpus
3480 3529 3494 3550 .

1909 3583 2033 3623 cum
2065 3571 2359 3625 multorum
2403 3589 2597 3628 manus
2627 3576 2712 3629 vix
2746 3576 2962 3631 tandem
3000 3577 3302 3647 θΠιιείεςιιι,
3350 3582 3491 3637 alios

1910 3661 2130 3717 aliunde
2165 3673 2371 3733 partem
2406 3665 2644 3736 aliquam
2677 3666 3002 3725 festinantes
3053 3673 3330 3740 accipere;
3362 3688 3497 3727 cou—

1909 3756 2110 3811 lini-bat
2165 3759 2312 3812 enim
2373 3759 2615 3829 undique
2675 3762 2997 3826 multitudo,
3061 3780 3226 3820 otuue
3284 3782 3493 3837 genus,

1910 3851 2090 3903 omnis
2154 3859 2308 3912 tetas,
2358 3861 2543 3920 utpote
2595 3855 2745 3922 quod
2803 3871 2926 3909 cum
2994 3859 3499 3929 appropinquarent

1909 3941 2203 4009 exsequire,
2261 3943 2518 3998 imbecilli
2570 3945 2790 4013 plurimi
2842 3947 3080 4002 violento
3130 3949 3335 4021 impetu
3375 3962 3496 4007 stu-

1911 4032 2103 4087 derent
2128 4049 2318 4105 rapere
2346 4035 2586 4106 aliquam
2618 4047 2824 4108 partem
2857 4051 2911 4096 et
2939 4041 3135 4097 salutis
3160 4043 3358 4098 animae
3391 4045 3496 4099 sibi

1909 4126 2128 4195 aliquod
2171 4127 2388 4182 auferre
2428 4130 2714 4196 viaticum,
2779 4133 2978 4187 robore
3011 4142 3190 4188 tamen
3233 4145 3288 4188 et
3318 4136 3500 4190 studio

1909 4236 2129 4286 eorum,
2160 4223 2362 4292 quibus
2408 4226 2640 4294 sapienti
2675 4227 2908 4281 consilio
2944 4229 3261 4297 impositum
3296 4227 3494 4292 fuerat,

1912 4323 1972 4368 ut
2011 4316 2126 4370 hzec
2156 4317 2534 4385 reprimercnt,
2588 4330 2876 4388 postquam
2926 4321 3245 4374 mandatum
3274 4330 3360 4375 est
3408 4337 3496 4375 se-

1911 4414 2122 4479 pulcro,
2158 4421 2214 4464 et
2267 4422 2460 4464 natura
2512 4421 2671 4465 terrae
2714 4413 2876 4466 solvit
2925 4412 3194 4471 debitum.
3229 4425 3282 4468 et
3313 4414 3488 4468 luttnu

1909 4501 2095 4554 datum
2127 4509 2212 4556 est
2239 4501 2487 4570 pulveri;
2521 4516 2589 4556 ne
2622 4503 2702 4556 sic
2756 4503 2978 4572 quidem
3018 4505 3146 4555 sivit
3175 4503 3374 4574 figulus
3413 4506 3494 4555 lu-

213 4597 412 4664 jaccns
451 4598 770 4662 immobilis,
806 4601 986 4654 audita
1022 4616 1190 4655 causa
1225 4601 1365 4670 eius,
1400 4602 1545 4671 quod
1596 4602 1798 4672 signi“-
1834 4594 1877 4649 Ι)
1907 4601 2020 4644 111111
2058 4591 2469 4656 inhonoratum,
2514 4593 2608 4646 sed
2651 4592 2817 4647 etiam
2869 4591 3154 4645 conditum
3216 4591 3494 4660 St'pttltno,

216 4688 472 4751 cabatur,
506 4691 643 4743 tristi
682 4692 874 4744 nuntio
897 4703 1118 4762 repente
1143 4707 1276 4748 voce
1305 4694 1534 4762 privata,
1568 4694 1634 4747 ad
1670 4707 1805 4762 apo-

216 4780 458 4850 plexiam
501 4781 759 4836 tendebat
782 4791 838 4836 et
871 4784 1187 4855 paralysim.
1231 4788 1366 4839 Cum
1399 4793 1577 4839 autem
1610 4800 1802 4855 parum

217 4873 564 4942 respiraSset,
595 4884 649 4927 et
679 4875 745 4929 ad
777 4891 837 4931 se
870 4877 1144 4944 rediisset,
1172 4875 1320 4932 flevit
1354 4887 1409 4933 et
1444 4877 1671 4947 ejulavit
1703 4879 1805 4931 mi-

215 4967 548 5024 serabiliter.
597 4978 652 5021 et
707 4968 994 5022 lamentari
1028 4970 1316 5040 incipiens,
1360 4971 1564 5040 tragice
1614 4971 1804 5040 deplo-

216 5059 376 5112 rabat
409 5060 802 5125 calamitatem,
834 5062 1112 5131 appellans
1158 5061 1585 5127 benefactorem,
1621 5078 1805 5117 serva~

219 5163 430 5216 torem,
487 5154 878 5207 nutrimentum
932 5156 1324 5221 esurientium,
1389 5156 1660 5210 nudorum
1723 5165 1802 5210 te-

215 5254 563 5312 gumentum,
594 5259 728 5314 Opes
760 5245 1148 5315 indigentium,
1181 5248 1369 5304 dicens
1398 5267 1411 5303 :
1443 5246 1489 5304 0
1515 5250 1709 5304 duram
1751 5260 1806 5304 et

219 5335 515 5389 immanem
551 5336 686 5390 hanc
725 5349 963 5403 noctem,
997 5340 1050 5392 in
1092 5354 1198 5409 qua
1254 5340 1521 5395 exstincta
1565 5340 1668 5394 fuit
1707 5344 1801 5395 be-

216 5428 384 5496 nigna
403 5426 493 5480 lux
514 5433 842 5498 pauperum!
867 5431 913 5485 0
939 5431 1144 5486 tristem
1164 5443 1403 5496 noctem,
1427 5449 1545 5503 qua:
1570 5434 1802 5490 obscura

215 5515 406 5571 eﬂ'udit
432 5519 687 5575 tenebras
715 5524 891 5576 oculis
920 5525 1249 5593 pauperum!
1279 5528 1322 5576 υ
1363 5523 1470 5579 Eva
1501 5526 1676 5594 prima
1709 5543 1804 5595 pa-

217 5627 365 5673 rens,
418 5620 475 5666 et
531 5613 920 5683 inobedieutia,
975 5629 1028 5671 et
1080 5617 1304 5680 invidia,
1360 5627 1416 5672 et
1453 5634 1699 5688 serpens,
1749 5632 1802 5674 et

215 5718 390 5768 mors,
424 5706 679 5761 humana:
717 5718 926 5762 natum
949 5724 1122 5778 pinnae
1152 5709 1522 5766 inevitabiles!
1561 5710 1606 5764 0
1637 5713 1798 5766 simul

218 5813 436 5850 meeum
472 5801 679 5854 nutrita
713 5811 1040 5871 paupertas,
1072 5819 1194 5871 qua:
1241 5812 1506 5872 perpetuo
1555 5805 1796 5870 assides,

213 5898 268 5943 et
293 5891 490 5946 acerbe
517 5891 751 5956 invadis,
784 5911 888 5948 non
925 5895 1092 5950 habes
1123 5911 1253 5964 ergo
1276 5895 1509 5964 amplius
1532 5912 1801 5952 veneran-

1910 4686 2147 4740 houorat
2179 4686 2472 4740 miraculo.

1975 4781 2066 4837 26.
2109 4780 2342 4848 Quidam
2391 4783 2536 4836 enim
2578 4798 2644 4836 ex
2691 4782 2780 4849 iis,
2815 4783 2906 4852 qui
2947 4790 3212 4852 praeerant
3249 4782 3496 4835 texendae

1908 4877 2046 4930 lanae
2088 4877 2280 4930 serica:
2313 4876 2693 4945 imperatoris,
2727 4888 3015 4945 correptus
3060 4876 3252 4929 morbo
3283 4877 3492 4938 lateris,

1907 4983 2032 5022 cum
2064 4969 2289 5022 vidisset
2333 4969 2618 5037 praecisam
2661 4969 2767 5022 sibi
2817 4984 3036 5022 omnem
3069 4984 3222 5037 spem
3261 4970 3491 5030 salutis,

1906 5069 1955 5113 et
1995 5060 2262 5114 medicum
2293 5061 2413 5114 dies
2439 5068 2842 5124 numerantem,
2880 5070 2934 5113 et
2979 5062 3141 5114 horas
3190 5061 3494 5112 observan-

1909 5163 2040 5219 tem,
2073 5163 2128 5208 et
2160 5166 2371 5222 tempus
2405 5155 2620 5210 curiose
2655 5154 3042 5224 inquirentem,
3074 5163 3138 5208 et
3163 5153 3492 5224 hie-tempus

1908 5256 2201 5312 terentem;
2255 5264 2478 5303 uxorem
2537 5262 2719 5308 autem
2779 5261 2833 5307 et
2880 5251 3079 5305 liberos
3128 5265 3252 5303 eum
3287 5249 3492 5303 ultimis

1907 5350 2258 5412 aspergentes
2293 5341 2586 5414 lacrymis,
2637 5356 2692 5401 et
2723 5345 2967 5402 dolorem
3014 5347 3322 5414 graviorem
3379 5345 3493 5399 elli-

1906 5435 2112 5490 cientes
2150 5436 2474 5506 ejulatibus;
2505 5454 2631 5493 cum
2665 5455 2795 5509 ergo
2826 5441 2941 5494 haec
2977 5439 3219 5500 vidisset,
3257 5448 3309 5492 et
3340 5436 3488 5490 omni

1907 5527 2144 5582 humana
2180 5545 2284 5600 ope
2327 5532 2578 5586 morbum
2623 5533 3010 5601 potentiorem,
3045 5532 3287 5601 confugit
3315 5532 3380 5584 ad
3405 5531 3489 5584 di-

1909 5623 2096 5676 vinum
2129 5624 2249 5693 ejus
2297 5641 2514 5681 servum
2547 5626 2844 5680 Antonium
2879 5644 2893 5680 :
2922 5635 2975 5681 et
3005 5641 3125 5679 eum
3153 5639 3211 5679 se
3243 5626 3490 5678 unxiSSet

1905 5715 2049 5778 oleo,
2083 5717 2226 5785 quod
2265 5717 2447 5772 lumen
2474 5718 2652 5773 alebat
2681 5719 2734 5773 in
2770 5718 2966 5782 loculo,
3003 5718 3158 5785 (lnam
3184 5731 3309 5770 cum
3345 5725 3489 5770 esset

1907 5807 2099 5870 lidelis,
2130 5807 2360 5864 habebat
2390 5812 2686 5877 medic-um,
2721 5813 2865 5883 quod
2896 5811 3207 5881 acceperat)
3237 5811 3484 5864 morbum

1907 5900 2091 5955 statim
2124 5900 2294 5973 fugat,
2325 5914 2377 5959 et
2405 5903 2602 5960 fruitur
2636 5904 2941 5973 curatione,
2969 5915 3022 5960 et
3049 5915 3243 5975 prmtcr
3269 5917 3484 5958 onmem
