4276 6438
767 364 870 425 m5

1933 342 2354 408 NICEPHORI
2396 339 2861 403 PHILOSOPIII

3937 327 4050 393 196

763 485 911 539 spem
951 464 1163 521 accedit
1210 463 1276 517 ad
1309 461 1570 525 loculum,
1614 458 1907 525 conﬁtens,
1936 466 1993 513 et
2026 454 2350 511 beneﬁcium
2382 455 2433 517 Α
2461 454 2515 508 in
2540 452 2661 522 ejus
2692 448 3101 505 dormitionem.
3131 443 3265 513 Quae
3308 452 3488 499 autem
3528 441 3580 496 in
3614 441 3871 496 oratione
3903 453 3935 493 a
3964 456 4058 494 me

761 562 910 616 clara
945 574 1078 612 voce
1105 556 1430 627 praedicans.

833 652 926 707 27.
966 651 1105 705 Cum
1154 662 1285 702 vero
1327 660 1495 717 capsa
1542 643 1815 715 pontiﬁcis
1861 649 2058 696 octavo
2109 640 2197 696 die
2237 647 2359 710 post

762 746 911 817 justa
938 744 1101 803 facta.
1129 738 1393 811 quoniam
1424 754 1532 792 non
1563 746 1706 791 recte
1732 749 1791 790 se
1817 734 2017 789 habere
2044 732 2353 792 videbatur,

768 846 1075 892 mutaretur
1104 833 1157 886 in
1209 832 1511 893 meliorem,
1561 842 1737 883 novus
1781 826 2004 897 quidam
2038 833 2095 880 et
2126 821 2359 892 insignis

771 930 905 983 odor
926 924 1189 996 unguenti
1214 919 1592 985 sacratissimi,
1620 918 1864 989 implevit
1890 934 2113 973 sensum
2140 931 2356 975 eorum.

770 1020 857 1087 qui
904 1017 1152 1076 aderant.
1190 1015 1349 1069 tacite
1397 1013 1677 1066 houorans
1710 1026 1835 1065 eum
1880 1010 1972 1079 qui
2018 1009 2255 1079 jacebat,
2308 1015 2363 1061 el

767 1112 1088 1166 describens
1140 1123 1284 1170 eam,
1332 1121 1453 1175 quae
1488 1104 1860 1159 intercedebat
1904 1118 2028 1157 cum
2062 1100 2192 1164 Deo,
2222 1116 2355 1155 con-

767 1201 1103 1273 iunctionem
1137 1206 1189 1251 et
1221 1194 1670 1249 familiaritatem.
1705 1192 1841 1247 Nam
1872 1193 1965 1262 qui
1992 1192 2132 1245 hanc
2157 1205 2361 1244 carun-

771 1293 914 1356 cula,
953 1292 1004 1344 in
1029 1305 1194 1359 quam
1230 1288 1375 1343 cadit
1405 1288 1682 1349 interitus,
1726 1286 2009 1340 Christum
2047 1282 2366 1351 magniﬁca-

769 1395 942 1449 verat,
999 1392 1051 1436 et
1111 1383 1377 1451 mysticus
1426 1380 1644 1449 quidam
1698 1378 1873 1431 bonus
1919 1375 2055 1428 odor
2089 1374 2139 1427 ei
2188 1373 2367 1429 fuerat

772 1485 1046 1536 ostensus,
1078 1482 1137 1527 ut
1174 1472 1326 1542 prius
1373 1470 1698 1525 dest'ribitur
1732 1466 2049 1536 apostolicis
2080 1465 2366 1534 eloquiis;

772 1568 969 1623 merito
1002 1566 1168 1619 etiam
1202 1565 1459 1631 dignatur
1502 1562 1698 1629 gratia,
1735 1574 1858 1628 quae
1897 1558 2071 1629 spirat
2116 1574 2367 1627 unguen-

771 1672 913 1746 tum,
975 1658 1230 1711 virtutem
1296 1653 1657 1708 immortalem
1712 1652 2041 1723 praedicante
2097 1648 2368 1720 operatio-

773 1768 923 1805 DCIII.

842 1843 935 1901 28.
976 1839 1165 1894 Nouus
1224 1848 1406 1893 autem
1449 1834 1887 1907 magnificentius
1921 1834 2156 1905 praebuit
2198 1834 2360 1889 mira-
2398 1830 2440 1884 Β

773 1936 980 1998 culum,
1025 1935 1092 1987 ad
1137 1933 1462 1987 benclicium
1508 1946 1832 2000 pauperum,
1885 1929 1979 1999 qui
2029 1929 2099 1983 ab
2151 1928 2269 1997 ipso
2299 1928 2368 1982 de

776 2041 927 2079 more
984 2023 1290 2086 alebantur,
1342 2022 1422 2075 vel
1472 2022 1652 2091 potius
1686 2036 1714 2073 a
1746 2022 1855 2074 Deo
1888 2034 1984 2089 per
2025 2019 2229 2089 ipsum,
2273 2019 2367 2088 qui

774 2118 1069 2184 etiamper
1098 2115 1297 2168 Mosam
1326 2114 1377 2165 in
1412 2114 1629 2167 deserto
1657 2112 1983 2166 alimentum
2017 2109 2155 2180 pluit
2187 2109 2365 2164 admi—

777 2208 946 2261 rabile
975 2224 987 2260 :
1021 2215 1073 2259 et
1119 2206 1294 2259 viduae
1345 2204 1727 2274 Sarephtauae,
1779 2204 2016 2258 adventu
2061 2203 2368 2274 pr0phetae,

777 2312 1006 2370 parvum
1041 2296 1425 2365 multiplicavit
1472 2296 1734 2350 viaticum
1770 2293 2059 2365 :quinque
2104 2307 2237 2348 vero
2278 2308 2370 2362 pa-

778 2394 964 2457 nibus,
1028 2391 1272 2460 quinque
1329 2388 1536 2453 millia;
1579 2396 1633 2443 et
1681 2402 1876 2443 rursus
1933 2396 2176 2456 septem,
2237 2385 2374 2440 aluit

778 2495 1017 2555 quatuor
1044 2482 1237 2546 millia,
1271 2490 1326 2535 et
1370 2489 1552 2534 certos
1585 2490 1773 2544 testes,
1820 2494 1942 2549 quae
1972 2477 2206 2532 satietati
2242 2478 2372 2530 reli-

778 2581 1032 2649 quiarum
1060 2591 1225 2645 super
1251 2576 1473 2628 fuerunt
1491 2583 1732 2643 sportas,
1765 2572 2016 2643 praebuit.
2046 2571 2371 2626 Miraculum

780 2682 961 2724 autent
997 2680 1114 2725 erat
1140 2670 1227 2722 hic
1255 2683 1477 2739 quoque
1506 2667 1940 2722 additamentum
1975 2667 2253 2729 ciborum,
2282 2666 2375 2736 qui

780 2761 1185 2818 distribuuntur
1217 2761 1572 2831 pauperibus.
1610 2758 1663 2813 Id
1693 2774 1822 2814 vero
1852 2768 1970 2815 erat
1994 2760 2151 2830 panis
2174 2771 2225 2813 et
2256 2757 2376 2813 fru-

781 2868 1026 2912 ruentum
1073 2866 1310 2919 coctum,
1348 2870 1453 2909 non
1516 2838 1747 2908 numero
1795 2853 2017 2923 quidem
2056 2851 2375 2918 indeﬁnito,

782 2951 875 3006 sed
910 2960 1178 3019 quantum
1230 2947 1450 3002 deﬁnita
1506 2963 1764 3002 mensura
1825 2946 2230 3003 distributionis
2287 2960 2379 3001 so-

784 3044 936 3097 lebat.
986 3041 1236 3096 sufﬁcere
1278 3040 1426 3094 mille
1472 3040 1787 3096 animabus.
1839 3038 1983 3106 Quin
2025 3041 2191 3095 etiam
2223 3047 2383 3094 erant

785 3149 979 3187 omnes
1029 3132 1229 3186 exedcm
1261 3146 1553 3194 mensurae,
1607 3145 1730 3200 qua:
1770 3130 2059 3195 solebant,
2094 3129 2253 3183 iidem
2286 3142 2381 3182 co-

786 3226 938 3297 phiui
982 3224 1077 3294 qui
1132 3231 1484 3294 acceperunt,
1539 3223 1744 3277 eadem
1801 3236 1999 3277 manus
2053 3235 2241 3276 eorum
2285 3221 2378 3292 qui

788 3320 1195 3375 ministrabant.
1236 3316 1299 3371 Et
1340 3331 1605 3371 numerus
1632 3316 1855 3386 quidem
1888 3315 1988 3370 fuit
2015 3326 2381 3384 consumptus

788 3429 1003 3476 eorum,
1054 3411 1146 3482 qui
1197 3419 1435 3466 tesseras
1480 3409 1729 3464 ferebant
1779 3409 2054 3476 manibus,
2088 3409 2188 3476 (iis
2235 3407 2384 3463 enim

790 3510 943 3577 prius
970 3504 1299 3569 distributis,
1332 3504 1726 3559 numerabatur
1751 3504 1899 3557 mille
1928 3503 2214 3558 hominum
2242 3500 2386 3555 mul-

788 3600 1002 3671 titudo)
1047 3608 1430 3654 remanserunt
1460 3607 1643 3652 autem
1678 3608 1789 3653 tres
1826 3596 2071 3668 cophini,
2097 3597 2191 3667 qui
2224 3594 2389 3671 suﬁ‘e-

791 3707 987 3751 ccrnut
1020 3693 1373 3763 pauperibus,
1406 3693 1499 3762 qui
1525 3700 1794 3746 venerunt
1823 3692 2033 3760 absque
2068 3682 2313 3745 tesseris.

863 3788 955 3843 29.
995 3785 1319 3856 Cujusmodi
1374 3792 1558 3840 aurkm
1616 3785 1717 3839 fuit
1768 3785 1821 3840 id
1854 3783 2204 3847 miraculum,
2242 3782 2389 3852 quod

796 3880 1001 3934 factum
1037 3889 1123 3933 est
1152 3877 1205 3931 in
1257 3876 1490 3932 Leonem
1528 3878 1839 3947 patricium,
1870 3877 1963 3947 qui
1992 3886 2221 3946 praeerat
2251 3876 2392 3930 tuili-

796 3975 1007 4028 taribus
1042 3974 1313 4036 numeris,
1337 3974 1553 4028 dicatur
1575 3987 1605 4026 a
1654 3971 1831 4026 nobis.
1870 3969 1965 4024 Vir
1996 3970 2085 4023 ille
2112 3969 2394 4024 laborabat

796 4066 1114 4121 difﬁcultate
1146 4065 1444 4129 anhelitus,
1472 4067 1620 4135 quod
1653 4064 1859 4127 causis,
1887 4079 2008 4131 qme
2038 4061 2392 4126 aﬂluxeruut,

797 4161 1076 4216 obstructa
1107 4167 1296 4214 essent
1331 4159 1723 4221 instrumenta,
1758 4165 1815 4211 et
1840 4156 2117 4211 anhelitus
2163 4156 2395 4211 liberum

798 4265 910 4304 non
940 4250 1166 4303 haberet
1201 4256 1461 4303 meatum.
1495 4248 1601 4315 Qui
1632 4263 1756 4303 cunt
1798 4246 1936 4301 adeo
1971 4245 2207 4317 graviter
2246 4246 2399 4301 obsi-

800 4341 1043 4402 deretur,
1064 4349 1395 4409 tenuemque
1413 4348 1467 4394 et
1484 4340 1810 4397 imbecillam
1832 4352 2021 4394 vocem
2043 4338 2249 4403 ederet,
2279 4337 2399 4393 adeo

800 4441 923 4488 rant
950 4432 1169 4501 quidem
1203 4432 1294 4501 qui
1331 4433 1395 4486 ad
1418 4447 1543 4486 eum
1577 4448 1776 4502 genere
1806 4433 2131 4497 attinebant,
2164 4431 2400 4485 maxime

2459 556 2589 602 sunt
2624 541 3013 614 przetermissa.
3048 541 3101 594 in
3128 538 3370 607 .juveuili
3403 537 3522 606 ejus
3566 544 3725 590 aetate
3755 533 3899 587 facta
3944 533 4057 587 mi-

2464 637 2675 699 racula,
2710 651 2775 691 ea
2807 634 3047 690 narrabo
3080 641 3355 703 repetens.

2532 731 2623 787 50.
2657 732 2794 786 Cum
2823 728 2952 785 olim
2993 735 3143 783 esset
3172 733 3332 781 :etate
3371 721 3610 793 juvenis,
3653 728 3705 774 et
3735 718 4057 773 Davidicam

2461 826 2708 898 pulsaret
2729 824 2997 879 citharam
3024 822 3079 876 in
3109 819 3318 889 templo
3343 817 3457 872 Divi
3475 813 3752 870 Theodori
3771 811 4057 883 Martyris,

2463 917 2608 989 quod
2643 926 2764 973 erat
2794 916 2960 973 situm
3001 930 3166 985 super
3211 911 3488 984 quoddam
3538 910 3953 971 cmmeterium,
4005 905 4060 956 in

2465 1012 2610 1083 quod
2640 1008 3352 1082 projiciebanturcadavera
3380 1003 3898 1083 condemnatorum,
3925 998 4063 1050 vidit

2464 1080 2750 1175 quosdam
2798 1102 2939 1157 duos
3007 1107 3229 1169 aspectu
3297 1095 3593 1158 deformes,
3646 1080 3869 1162 (solent.
3905 1088 4061 1144 enirn

2464 1197 2764 1268 plurimum
2807 1193 2963 1258 tales,
3010 1192 3202 1261 quales
3259 1199 3413 1253 sunt,
3466 1184 3749 1257 apparere)
3796 1184 3945 1253 apud
4003 1195 4065 1233 se

2468 1288 2732 1371 iratrpttde
2763 1276 3011 1341 dicentes
3046 1302 3058 1338 :
3092 1283 3371 1337 Abeamus
3403 1280 3548 1334 hinc.
3590 1276 3863 1330 Praeseute
3908 1273 4059 1327 enim

2468 1363 2855 1443 adolescente,
2893 1393 3002 1432 non
3055 1374 3456 1431 sustinebimus
3506 1371 3598 1427 hic
3658 1381 3902 1423 manere.
3954 1363 4061 1431 Qui

2467 1474 2688 1546 quidem
2723 1481 2947 1541 repente
2970 1468 3336 1537 anfugientes,
3383 1462 3547 1519 simul
3588 1477 3714 1517 cum
3752 1461 3853 1514 hoc
3890 1458 4062 1512 verbo

2468 1575 2829 1624 evanuerunt.
2890 1546 3006 1618 Hoc
3052 1561 3297 1616 ostendit
3345 1566 3692 1630 potestatem,
3744 1569 3867 1625 quae
3902 1552 4062 1623 prius

2471 1670 2667 1717 sancto
2695 1662 2749 1713 in
2779 1674 2875 1713 eos
2900 1658 3028 1733 data
3062 1654 3261 1710 fuerat.

2543 1753 2634 1806 3|.
2669 1752 2785 1807 Hoc
2817 1764 3039 1820 quoque
3100 1746 3404 1804 secundum
3448 1741 3857 1805 conscribatnr,
3909 1735 4057 1807 quod

2472 1844 2798 1919 praecedenti
2831 1842 2935 1898 fuit
2960 1841 3173 1912 aequale
3206 1848 3469 1908 tempore.
3510 1834 3703 1890 Mulier
3728 1831 3980 1894 illustris,
4006 1831 4059 1884 in

2470 1958 2613 2012 equo
2644 1939 2922 1995 transiens
2954 1933 3474 2006 permonasterium
3517 1945 3641 1985 cum
3684 1927 3893 1982 mundo
3936 1940 4062 1978 mu-

2475 2032 2652 2095 liebri,
2685 2046 2856 2102 prope
2884 2029 3055 2085 fracta
3078 2027 3298 2097 delapsa
3324 2025 3487 2080 estin
3518 2034 3741 2077 terram.
3773 2019 3906 2073 Nam
3932 2032 4060 2073 cum

2473 2126 2691 2181 divinus
2724 2122 2995 2177 Antonius
3028 2129 3159 2176 tunc
3202 2127 3349 2174 esset
3381 2118 3525 2171 inter
3557 2114 3962 2174 adolescentes,
4008 2120 4063 2164 et

2477 2218 2775 2288 improviso
2806 2225 2953 2272 esset
2984 2232 3014 2269 e
3048 2224 3205 2285 porta
3233 2226 3514 2282 egressus.
3568 2206 3798 2276 contigit
3834 2219 4060 2260 currunt

2477 2320 2699 2381 repente
2731 2307 3075 2371 conturbari,
3130 2305 3275 2375 quod
3331 2318 3395 2358 ex
3438 2302 3551 2357 alto
3582 2302 3839 2356 deorsum
3874 2298 4064 2351 detur-

2478 2405 2681 2469 basset,
2718 2403 2819 2458 nisi
2870 2417 2993 2457 eam
3034 2405 3480 2462 conservassem,
3505 2394 3598 2465 qui
3633 2393 3903 2463 eumipsa
3945 2406 4064 2445 am-

2478 2498 2759 2553 bulabant.
2786 2497 2879 2551 Illa
2909 2503 3093 2550 autem
3124 2494 3456 2549 conturbata
3492 2504 3559 2545 eo
3581 2487 3729 2560 quod
3761 2485 4061 2545 acciderat,

2479 2588 2852 2645 venerandum
2929 2586 3319 2643 ludificabatur
3368 2583 3643 2645 habitum,
3697 2589 3756 2635 ut
3807 2578 3862 2632 in
3904 2577 4066 2632 rebus

2482 2680 2803 2749 hujusmodi
2832 2679 3035 2745 solent,
3060 2678 3155 2748 qui
3191 2686 3324 2732 sunt
3351 2674 3533 2747 pusilli
3562 2682 3617 2728 et
3646 2670 3843 2741 abjecti
3871 2667 4064 2722 animi.

2480 2771 2582 2826 Cui
2611 2771 2752 2825 dixit
2778 2770 2824 2825 is
2844 2769 3082 2840 quierat
3110 2766 3385 2839 perfectus
3409 2766 3463 2819 in
3491 2765 3782 2834 juventute
3814 2759 4064 2824 :Mulier,

2482 2863 2594 2919 noli
2623 2878 2747 2918 eum
2790 2863 3071 2916 incessere
3101 2860 3439 2924 maledictis;
3474 2857 3614 2911 nreis
3640 2854 3784 2910 enim
3811 2850 4069 2906 manibus

2484 2958 2675 3014 venies
2700 2957 2766 3011 ad
2796 2956 2945 3010 hunc
2969 2955 3236 3010 habitum.
3266 2951 3391 3008 ilice
3421 2951 3559 3006 dixit
3582 2958 3843 3012 sanctus;
3868 2954 3923 3001 et
3943 2960 4067 2999 cum

2484 3050 2641 3105 multi
2700 3049 2831 3104 anui
2905 3046 3325 3118 praeteriisscnt,
3385 3044 3452 3101 ad
3513 3042 3766 3098 effectum
3823 3038 4072 3110 pervenit

2409 3182 2450 3239 ο
2487 3141 2791 3212 praedictio,
2838 3154 2968 3196 cum
2999 3139 3117 3211 ipse
3156 3138 3376 3208 quidem
3422 3136 3623 3191 beatus
3666 3134 3862 3188 horum
3926 3138 4071 3186 esset

2484 3234 2713 3298 oblitus,
2759 3231 2957 3289 mulier
2994 3246 3123 3287 vero
3185 3231 3235 3285 ei
3288 3236 3603 3284 revocasset
3637 3227 3690 3281 in
3723 3223 4067 3287 memoriam,

2486 3334 2542 3382 et
2562 3325 2868 3397 aperuisset
2884 3339 3010 3379 cum
3028 3338 3175 3389 esse,
3194 3322 3287 3393 qui
3307 3322 3424 3377 haec
3444 3330 3576 3376 tunc
3598 3320 3646 3374 ei
3671 3320 4069 3374 denuntiasset.

3715 3416 3727 3436 ὶ

3094 3453 3327 3512 CAPUT
3379 3452 3446 3508 γ.

2489 3573 2718 3630 Sanctus
2757 3574 3021 3629 Antonius
3082 3590 3202 3627 cum
3255 3572 3513 3627 veteribus
3551 3570 3652 3626 SS.
3694 3576 4031 3641 comparatus
4056 3583 4075 3622 :

2949 3647 3224 3700 invocatus
3257 3646 3323 3698 ab
3362 3646 3612 3698 Auctore.

2565 3786 2658 3840 52.
2714 3782 2840 3839 Haac
2872 3794 3187 3840 sanctorum
3226 3784 3396 3851 Deus,
3456 3782 3551 3853 qui
3604 3782 3791 3838 omnia
3848 3780 3982 3835 facit
4027 3791 4080 3835 et

2496 3876 2882 3943 transformat,
2930 3876 3025 3946 qui
3070 3875 3165 3930 dat
3210 3876 3533 3931 alimentum
3571 3875 3721 3931 omni
3770 3874 3947 3937 carni,
3986 3875 4078 3942 qui

2497 3971 2673 4041 aperit
2701 3985 2953 4033 manum,
2975 3978 3029 4024 et
3054 3970 3243 4039 implet
3269 3984 3432 4025 onme
3448 3968 3649 4022 animal
3667 3967 4079 4031 benedictione;

2497 4063 2592 4133 qui
2623 4062 2893 4133 gloriﬁcat
2926 4078 3043 4128 eos,
3075 4063 3170 4132 qui
3209 4062 3389 4132 ipsum
3418 4060 3749 4132 gloriﬁcant,
3780 4069 3835 4114 et
3865 4068 3951 4114 est
3981 4060 4083 4113 mi-

2501 4154 2694 4210 rabilis
2743 4156 2798 4209 in
2842 4158 3050 4211 sanctis
3088 4155 3228 4211 suis.
3282 4153 3388 4210 Sed
3423 4154 3686 4223 quoniam
3723 4152 3871 4207 brevi
3914 4152 4087 4206 calice

2504 4247 2775 4303 orationis
2809 4258 3071 4318 tanquam
3109 4262 3309 4318 magno
3345 4246 3508 4308 mari,
3545 4244 3884 4301 admirabilis
3913 4243 4087 4296 Anto-

2504 4341 2617 4408 nii,
2667 4350 2722 4396 et
2768 4341 2951 4411 magni
3006 4342 3150 4396 inter
3202 4341 3567 4411 patriarchas,
3620 4353 3846 4410 parvam
3920 4338 4087 4391 vitam

2503 4433 2814 4493 hausimus,
2842 4450 2941 4504 age
2967 4449 3033 4488 ex
3060 4434 3347 4489 doctorum
3376 4436 3788 4503 comparatione
3810 4434 4091 4487 discamus

799 4529 1072 4597 ejulautes
1128 4527 1252 4596 (eos
1276 4525 1445 4592 enim,
1482 4526 1576 4596 qui
1614 4535 1744 4583 sunt
1768 4524 1938 4595 gloria
1962 4524 2227 4593 insignes,
2255 4527 2865 4596 ttiorstiscipulum.
2934 4527 3107 4582 Adam
3159 4527 3395 4582 habetur
3446 4526 3500 4579 in
3569 4525 3966 4589 admiratione,
4033 4533 4092 4577 ut

802 4622 977 4691 magis
1007 4618 1310 4688 exagitat);
1350 4618 1397 4673 ei
1424 4631 1606 4672 autem
1640 4633 1912 4687 nusquam
1935 4627 2054 4671 erat
2086 4615 2262 4671 morbi
2305 4630 2397 4671 so-

803 4716 962 4775 lutio.
1008 4714 1115 4767 nisi
1148 4728 1179 4765 a
1228 4714 1346 4767 solo
1375 4713 1561 4767 divino
1591 4711 1841 4768 Pastore.
1880 4711 2107 4781 Accedit
2148 4710 2296 4767 enim
2317 4710 2415 4781 ad

802 4821 929 4860 cum
975 4805 1364 4868 dormientem,
1394 4816 1449 4861 et
1496 4821 1621 4860 cum
1663 4820 1789 4859 eum
1827 4821 1857 4859 e
1890 4804 2033 4860 lecto
2064 4804 2396 4865 excitasset.

804 4899 1044 4969 rogarit,
1095 4899 1560 4967 quemadmodum
1611 4898 1838 4954 morbus
1892 4913 1953 4953 se
1992 4898 2241 4953 haberet.
2293 4889 2411 4962 Qui

807 5002 1035 5062 tangens
1095 5000 1261 5062 caput
1315 5001 1371 5046 et
1420 4992 1749 5053 membrum,
1797 4991 1944 5060 quod
1986 4989 2239 5055 dolebat,
2293 5003 2399 5042 non

809 5085 1121 5139 l’a-auicum
1158 5085 1485 5151 remedium,
1514 5101 1690 5155 neque
1720 5084 2122 5139 medicamenta
2146 5080 2403 5137 Chironis

809 5180 923 5231 suis
972 5178 1286 5247 applicabat
1336 5178 1615 5241 manibus,
1649 5177 1813 5247 (nam
1847 5191 2027 5246 neque
2066 5174 2189 5229 aliis
2216 5182 2303 5229 est
2334 5188 2403 5228 ex

812 5271 900 5325 his
955 5269 1122 5324 rebus
1176 5271 1432 5342 curatio)
1489 5272 1583 5326 sed
1639 5288 1763 5327 cum
1816 5270 2160 5324 adhibuisset
2216 5283 2404 5338 preces

816 5364 1010 5417 morbo
1051 5366 1468 5431 convenientes,
1504 5372 1559 5420 et
1594 5363 2082 5434 incomparabilem
2134 5362 2403 5416 malorum

818 5463 1137 5509 nostrorum
1196 5465 1512 5511 curatorem
1582 5454 1864 5510 Christum
1923 5453 2253 5518 invocasset,
2319 5452 2409 5507 ille

813 5545 1032 5614 quidem
1076 5546 1344 5602 liberatur
1374 5562 1404 5601 a
1439 5548 1591 5619 gravi
1622 5548 1847 5614 morbo;
1884 5561 2046 5601 verus
2091 5556 2274 5600 autem
2306 5543 2410 5599 fuit

818 5653 1042 5708 precum
1071 5648 1303 5695 eventus
1330 5656 1345 5695 :
1378 5642 1630 5711 protinus
1661 5642 1806 5695 enim
1855 5638 2159 5702 convaluit,
2200 5639 2409 5709 absque

820 5730 1215 5802 impedimento
1254 5733 1582 5789 miraculum
1628 5734 1906 5803 aperiens,
1946 5732 2078 5787 etin
2109 5740 2219 5787 tota
2248 5731 2409 5786 domo

817 5839 971 5881 suam
1007 5826 1239 5881 salutent
1280 5828 1586 5884 celebrans.
1622 5827 1746 5885 [iure
1780 5836 1910 5884 sunt
1947 5825 2086 5881 facta
2137 5824 2408 5893 pontiﬁcis

2508 4621 2842 4692 principium
2896 4631 2951 4675 et
2991 4621 3142 4674 radix
3179 4619 3419 4690 generis.
3463 4618 3569 4673 Sed
3605 4618 3695 4672 hic
3738 4632 3963 4687 quoque
3994 4615 4092 4669 fuit

2505 4716 2763 4782 princeps
2794 4722 2852 4767 et
2879 4722 3072 4768 auctor
3106 4714 3429 4777 multorum,
3454 4712 3548 4782 qui
3573 4726 3684 4766 non
3714 4720 3846 4766 sunt
3878 4711 3991 4764 uati
4027 4725 4091 4763 (ι

2504 4806 2892 4876 conjunctione
2948 4821 3265 4876 corporum,
3296 4807 3392 4861 sed
3441 4815 3571 4861 sunt
3603 4804 3946 4874 multiplicati
3980 4802 4096 4871 spi-

2507 4899 2650 4953 ritali
2685 4899 3079 4967 conjunctione
3119 4918 3133 4953 :
3165 4900 3368 4969 quibus
3402 4914 3512 4953 non
3552 4898 3873 4968 obtigerunt
3923 4909 4095 4964 paruae

2510 5005 2754 5061 paternae
2786 4993 3195 5057 damnationis;
3243 4993 3334 5047 sed
3371 4993 3643 5047 donorum
3673 4993 3855 5061 potius
3880 4989 4095 5044 heredi-

2507 5096 2696 5153 tatem,
2732 5102 2927 5157 nempe
2981 5087 3148 5140 vitam
3209 5099 3495 5153 aeternam,
3540 5102 3649 5141 non
3698 5096 3956 5146 mortem.
3995 5085 4094 5139 sibi

2506 5177 2872 5233 conciliarunt
2897 5194 2912 5232 :
2938 5192 3035 5247 per
3067 5192 3233 5248 quam
3253 5178 3581 5247 exprimitur
3609 5192 3734 5232 vera
3762 5186 3813 5231 el
3839 5190 4095 5246 germana

2508 5279 2737 5340 paterna
2789 5269 3071 5339 cognatio.
3131 5270 3199 5323 Et
3234 5270 3310 5323 illi
3345 5270 3565 5339 quidem
3624 5268 3793 5325 cessit
3852 5265 4093 5321 ferarum

2509 5371 2742 5425 natura;
2773 5364 2871 5418 sed
2900 5378 3009 5418 non
3054 5379 3270 5427 eorum,
3304 5365 3399 5435 qui
3433 5364 3584 5421 intus
3614 5372 3796 5430 erant,
3830 5375 3886 5421 et
3924 5370 4097 5420 coha-

2510 5454 2780 5511 bitabant.
2814 5455 2956 5512 Hinc
3003 5472 3230 5527 serpens
3272 5468 3327 5512 et
3359 5457 3566 5513 invidia
3593 5468 3647 5515 et
3676 5456 3838 5513 dolus
3864 5468 4094 5513 mortem

2510 5562 2638 5605 sunt
2688 5549 2961 5605 fabricati.
3010 5549 3113 5606 llic
3162 5562 3345 5606 autem
3397 5552 3630 5623 imperio
3684 5552 3922 5608 rationis
3976 5567 4097 5613 cum

2510 5644 2776 5713 quidquid
2804 5654 2887 5699 est
2921 5645 3094 5700 ferum
3121 5655 3176 5702 et
3207 5657 3426 5719 agreste
3458 5647 3781 5703 reddidisset
3814 5646 4096 5710 obediens,

2514 5736 2727 5793 nullum
2767 5739 2993 5795 inimico
3028 5741 3094 5795 ad
3130 5741 3381 5796 fraudem
3422 5750 3609 5812 aptum
3650 5741 3875 5813 reliquit
3898 5742 4100 5797 instruo

2517 5842 2779 5886 mentum.
2807 5832 2938 5888 Abel
2964 5833 3064 5889 fuit
3091 5835 3302 5905 primus
3330 5845 3588 5906 operator
3620 5834 3728 5893 Deo
3752 5845 4098 5907 acceptorum
