4276 6438
199 420 303 484 197

195 534 600 595 sacrificiorum
625 546 640 596 ;
674 527 768 583 sed
799 537 1183 597 cruentorum,
1212 534 1266 579 et
1294 524 1466 592 partis
1490 537 1612 592 qua:
1632 529 1782 576 caret
1812 536 1855 589 Α

192 631 434 685 ratione.
486 624 583 678 liic
639 633 819 675 autem
868 619 1150 673 sacriiicus
1197 615 1464 669 incruenti
1501 613 1778 675 sacrificii,

194 724 359 792 cujus
401 721 490 773 illa
515 722 676 771 erant
709 724 870 785 typus
902 720 957 766 et
998 710 1190 763 umbra
1221 708 1432 761 ratione
1462 705 1781 760 sacriﬁcans

193 826 249 870 et
288 813 513 883 spiritu,
540 818 594 863 et
622 807 869 877 quotidie
904 803 1145 871 seipsutn
1172 799 1486 857 immolaris.
1511 812 1543 851 a
1571 796 1783 849 ratione

193 911 505 963 alienarum
565 903 734 956 animi
800 898 1272 969 perturbationum
1338 892 1778 955 mortiﬁcatioue,

192 1012 313 1055 erat
360 997 566 1052 invidia
599 995 853 1063 superior
882 1000 936 1045 et
968 991 1087 1060 ejus
1112 989 1354 1054 fustibus,
1384 988 1512 1041 dolo
1537 995 1590 1039 ct
1614 986 1780 1046 caede,

191 1104 246 1146 et
300 1094 558 1144 universa
606 1088 843 1155 denique
901 1084 1067 1137 simili
1118 1090 1332 1135 catena.
1397 1079 1627 1147 Magnus
1680 1077 1785 1131 fuit

194 1182 371 1245 Seth;
414 1180 507 1234 sed
552 1178 743 1230 habuit
774 1184 999 1244 nepotes
1051 1188 1110 1226 es
1166 1172 1552 1240 conjunctione
1579 1185 1784 1236 cogna-

196 1274 388 1335 tionis,
428 1286 551 1339 qua:
603 1267 825 1320 fratrem
886 1265 1197 1327 occiderat,
1251 1263 1342 1332 qui
1413 1262 1786 1331 magnitudine

195 1378 497 1432 corporum
532 1358 915 1413 describebant
966 1355 1151 1409 delicti
1186 1353 1636 1424 magnitudinem.
1686 1351 1785 1404 llic

198 1470 331 1509 vero
384 1454 534 1506 iiilUS
575 1452 797 1520 quidem
836 1448 1088 1501 virtutem
1133 1447 1442 1515 superavit;
1478 1445 1547 1499 iis
1579 1453 1782 1507 autem,

195 1549 290 1617 qui
323 1564 387 1600 ex
421 1548 540 1613 ipso
563 1544 673 1597 nati
698 1551 857 1596 erant
888 1538 1227 1609 spiritaliter,
1254 1538 1467 1591 nullum
1495 1536 1611 1591 fere
1633 1536 1786 1590 dedit

198 1638 413 1689 aditum
451 1651 545 1703 per
580 1634 720 1686 bona
746 1647 842 1685 sua
870 1640 1137 1699 praecepta
1169 1639 1221 1682 et
1249 1630 1478 1691 monita,
1513 1635 1575 1681 ut
1603 1635 1787 1681 essent

198 1728 315 1780 \itii
359 1724 671 1793 participes.
720 1720 909 1775 Enoch
936 1730 989 1775 et
1032 1719 1145 1772 Noe
1182 1720 1269 1772 ille
1320 1719 1541 1787 quidem
1593 1718 1786 1772 beatus

200 1817 432 1871 ducitur
486 1825 706 1884 propter
742 1811 1197 1875 translationem;
1247 1808 1338 1863 hic
1380 1821 1585 1875 autem,
1636 1807 1783 1877 quod

982 416 1159 476 VITA
1201 414 1263 474 S.
1306 410 1624 471 ΑΝΤΟΝΙΙ
1663 408 1979 469 CAULEAE
2018 406 2524 468 PATRIARCILE
2561 407 2669 466 CP.

3363 407 3470 476 198

1956 519 2045 573 54.
2088 518 2225 573 Cum
2272 518 2425 572 lsaac
2475 515 2743 581 ascendit,
2788 517 3065 574 caelestem
3118 530 3333 591 patrem
3377 541 3469 583 se-

1882 628 2060 683 quens
2089 613 2393 679 jubentem,
2430 624 2540 664 non
2589 609 2643 663 in
2688 611 2958 665 tumulum
2993 613 3253 682 aliquem.
3284 618 3378 673 sed
3412 619 3469 674 iu

1884 714 2128 759 montem
2162 704 2448 765 virtutum,
2485 709 2718 755 onustus
2775 702 2940 773 lignis
2977 705 3346 762 continentia.
3366 708 3473 766 Ρα-

1883 805 2009 858 qua:
2049 793 2103 843 in
2136 803 2230 843 ara
2261 790 2441 843 cordis
2480 788 2736 843 desiderii
2764 791 2833 844 ad
2868 791 3034 846 Deum
3067 794 3243 863 ignem
3276 811 3471 853 acoen—

1883 883 2042 945 dens,
2072 896 2131 936 se
2154 880 2388 935 hostiam
2426 896 2520 950 pra
2539 880 2656 935 buit
2699 892 3001 951 acceptam.
3036 884 3260 940 Invenio
3284 897 3469 946 autem

1883 994 2008 1031 eum
2040 976 2195 1030 valde
2240 990 2364 1029 esse
2402 975 2570 1030 Jacob
2608 978 2906 1038 imitatum,
2940 994 3045 1032 non
3072 980 3248 1034 solum
3286 981 3340 1035 in
3369 997 3437 1035 eo
3502 1017 3508 1051 τ

1884 1073 2028 1141 quod
2067 1086 2176 1124 non
2214 1070 2355 1124 fictis
2403 1071 2651 1125 moribus
2708 1073 2854 1124 varie
2905 1072 3067 1125 vitam
3099 1087 3256 1126 suam
3313 1074 3443 1126 iusti

1886 1165 2071 1227 tuerit,
2102 1164 2197 1216 sed
2234 1163 2397 1216 etiam
2441 1162 2605 1223 ineo,
2639 1164 2784 1231 quod
2816 1166 3040 1219 recessit
3091 1181 3122 1220 a
3173 1166 3371 1235 patria,
3419 1181 3474 1223 et

1887 1257 1939 1310 in
1970 1258 2145 1311 aliena
2184 1258 2402 1327 regione
2434 1261 2625 1325 degere
2655 1259 2908 1312 statuerit
2946 1278 2957 1313 :
2989 1261 3082 1313 sed
3112 1276 3220 1315 non
3253 1271 3467 1331 propter

1886 1352 2344 1406 cohabitationem
2368 1352 2680 1415 mulierum,
2707 1368 2981 1417 sororum,
3010 1354 3101 1407 sed
3123 1369 3346 1425 propter
3366 1358 3477 1410 vir-

1887 1452 2059 1495 tutum
2108 1459 2361 1498 sororum
2421 1443 2779 1507 desiderium,
2833 1446 3333 1514 contemplationis,
3386 1449 3473 1502 in-

1886 1550 2074 1603 quam,
2107 1546 2158 1589 et
2188 1537 2451 1599 actionis;
2503 1546 2562 1590 ut
2602 1536 2815 1590 actione
2860 1537 3133 1606 particeps
3160 1547 3309 1593 esset
3336 1554 3476 1594 eoo-

1890 1630 2290 1697 teniplationis,
2351 1640 2405 1682 et
2468 1644 2590 1697 qua:
2630 1629 2851 1698 quidem
2904 1629 2969 1682 ad
3025 1646 3191 1683 unum
3242 1630 3473 1700 fontem,

1894 1737 2087 1791 nempe
2123 1723 2189 1775 ad
2225 1721 2457 1790 primum
2510 1722 2737 1786 bonum,
2788 1719 3100 1775 referuntur
3142 1732 3196 1776 et
3224 1724 3473 1793 erigunt;

1889 1830 1987 1884 per
2017 1830 2157 1883 quas
2194 1814 2645 1882 multiplicatione
2686 1816 3008 1884 insignium,
3044 1831 3151 1869 non
3197 1832 3225 1870 a
3264 1818 3478 1873 ratione

206 1924 374 1963 omne
425 1922 600 1977 genus
641 1904 1004 1959 animantium
1053 1901 1395 1957 conservarit
1451 1903 1504 1954 in
1553 1900 1784 1954 diluvio.
1821 1894 1861 1949 Β
1891 1910 2194 1962 alienarum
2221 1909 2516 1976 pecudum,
2552 1909 2643 1962 sed
2677 1910 2890 1964 ratione
2929 1910 3303 1979 pradilarum'
3346 1930 3473 1968 ενι.-

202 2003 409 2057 Noster
442 2017 571 2054 vero
608 2000 697 2054 hic
722 2013 942 2068 quoque
969 1996 1235 2065 exemplis
1265 2010 1373 2049 non
1415 1993 1664 2058 inferior,
1706 2001 1792 2048 est

200 2094 455 2148 moribus
486 2092 738 2161 superior
762 2110 775 2144 :
802 2099 855 2144 et
886 2090 1172 2144 translatio
1197 2104 1302 2142 non
1327 2088 1488 2142 habet
1517 2088 1783 2155 laatitiam,

198 2205 327 2259 qua:
365 2204 463 2255 spe
512 2187 705 2239 mortis
771 2185 1223 2252 interrumpatur,
1263 2183 1357 2237 sed
1414 2183 1537 2236 vita:
1573 2194 1791 2237 a’ternae

200 2281 488 2336 successio
528 2295 718 2350 puram
777 2280 1009 2347 percipit
1058 2280 1441 2346 voluptatem:
1501 2284 1555 2330 et
1610 2285 1790 2331 servat

202 2392 415 2440 arcani,
450 2390 558 2427 non
612 2373 827 2441 plenam
874 2371 1247 2424 animantibus
1282 2370 1514 2424 rationis
1552 2371 1790 2439 experti-

203 2468 537 2532 tibus;‘sed
594 2464 918 2528 Ecclesiam,
980 2463 1138 2531 cujus
1199 2464 1283 2517 illa
1316 2472 1446 2517 sunt
1501 2464 1787 2532 imagines,

208 2546 371 2615 omni
406 2574 602 2628 genere
625 2567 679 2611 et
701 2566 860 2611 relate
889 2558 1122 2611 rationis
1150 2557 1482 2626 participum
1510 2556 1786 2611 refertam.

277 2656 369 2708 55.
407 2654 545 2707 Cum
568 2652 841 2705 Abraham
874 2650 1145 2705 vocationi
1185 2650 1323 2718 ejus,
1359 2651 1451 2718 qui
1477 2649 1653 2719 ipsum
1692 2666 1789 2704 vo-

205 2746 351 2799 cavit
366 2761 394 2797 e
415 2753 641 2813 paterna
665 2744 848 2803 domo,
881 2740 1206 2810 emigrando
1226 2741 1547 2811 peregrinus
1566 2741 1789 2796 effectus

203 2838 391 2909 paruit
422 2851 596 2905 usque
641 2836 707 2889 ad
743 2846 1002 2888 mortem.
1041 2831 1146 2887 Sed
1189 2833 1277 2887 ille
1310 2832 1528 2901 quidem
1576 2831 1789 2902 fugiens

204 2945 453 2983 errorem
505 2927 688 2982 cultus
733 2930 1067 2990 daemonum,
1100 2941 1259 2994 quem
1298 2923 1485 2993 fugere
1535 2924 1619 2977 vel
1675 2928 1787 2993 ipsa

209 3023 374 3076 docet
402 3032 592 3073 natura
617 3028 669 3072 et
691 3035 865 3078 mens,
898 3032 1018 3086 qua:
1047 3016 1329 3071 dominatu
1359 3015 1650 3070 deterioris
1683 3032 1788 3068 non

206 3114 437 3167 omnino
462 3112 694 3183 perdidit
720 3112 827 3163 vim
858 3108 1167 3179 judicandi,
1192 3109 1445 3163 tenebras
1478 3118 1529 3161 et
1562 3119 1786 3161 mortem

208 3206 330 3259 luce
376 3205 755 3267 commutavit,
791 3212 843 3256 et
872 3205 1071 3270 pietate
1109 3202 1465 3272 impietatem,
1504 3218 1625 3271 qua:
1662 3209 1792 3255 sunt

210 3315 298 3353 res
339 3315 436 3368 per
486 3313 543 3351 se
616 3298 932 3364 expetendae
984 3295 1253 3349 universa:
1291 3304 1517 3355 naturai,
1552 3308 1673 3362 qua:
1708 3302 1791 3346 est

205 3392 492 3460 particeps
523 3390 775 3443 rationis.
804 3388 898 3442 llic
924 3398 1108 3442 autem
1136 3404 1163 3440 a
1194 3390 1375 3456 pueris
1408 3387 1545 3440 lacte
1574 3387 1793 3453 pietatis

206 3485 511 3547 enutritus,
554 3492 607 3535 et
643 3482 831 3535 vivens
883 3480 935 3533 in
968 3481 1055 3542 iis,
1110 3494 1231 3547 quae
1276 3487 1434 3532 erant
1463 3476 1791 3546 expetenda,

209 3578 447 3647 (nullius
484 3577 630 3629 enini
680 3575 754 3628 rei
816 3574 1087 3643 fugienda}
1120 3588 1185 3626 ne
1225 3572 1513 3641 vestigium
1572 3573 1791 3640 quidem

210 3672 385 3724 ullum
421 3684 662 3737 unquam
696 3667 1015 3734 admiserat)
1055 3664 1364 3735 perfectiori
1394 3665 1603 3733 judicio
1643 3680 1789 3733 quae-

206 3765 365 3818 rebat
393 3762 568 3833 magis
604 3762 749 3831 pium
792 3768 991 3815 statum
1026 3770 1077 3813 ct
1103 3760 1277 3829 magis
1308 3758 1651 3828 eligendum;
1683 3759 1793 3811 vita

210 3859 404 3918 vitam,
435 3865 487 3909 et
520 3855 643 3908 luce
675 3855 875 3915 lucem,
910 3864 965 3907 et
991 3853 1278 3921 eligendis,
1311 3862 1368 3905 ut
1393 3853 1561 3906 semel
1590 3854 1791 3918 dicam,

208 3957 535 4019 permutans
572 3948 744 4017 magis
778 3947 1045 4017 eligenda.
1078 3946 1356 4010 Quantum
1410 3960 1538 3999 vero
1570 3945 1795 4000 interest

213 4044 359 4095 inter
391 4040 665 4108 eligenda,
691 4051 747 4093 et
773 4055 835 4093 ea
860 4054 983 4109 quae
1017 4047 1145 4092 sunt
1174 4039 1347 4107 magis
1369 4039 1650 4109 eligenda;
1676 4048 1795 4092 tan-

211 4141 329 4183 tum
365 4129 532 4181 etiam
577 4128 805 4181 omnino
841 4128 1073 4183 interest
1115 4127 1257 4180 inter
1285 4143 1379 4181 eos
1427 4128 1517 4196 qui
1564 4128 1789 4198 eligunt.

213 4220 321 4274 Sed
359 4220 636 4273 Abraham
696 4220 916 4287 quidem
967 4234 1064 4274 eos
1100 4220 1339 4286 hospitio
1369 4220 1671 4288 accipiens,
1699 4220 1793 4289 qui

212 4315 528 4369 transibant
563 4329 658 4383 per
686 4314 947 4379 Mambre,
982 4316 1148 4369 semel
1191 4314 1508 4382 imprudens
1559 4314 1796 4383 hospitio

211 4407 429 4477 accepit
469 4408 714 4476 angelos.
751 4406 849 4461 llic
879 4422 1009 4461 vero
1044 4406 1213 4460 totius
1258 4406 1407 4461 orbis
1464 4418 1623 4461 terra:
1659 4423 1798 4475 pau-

216 4514 376 4569 peres
413 4512 673 4569 perpetuo
725 4501 1025 4569 excipiens.
1085 4499 1365 4553 Christum
1428 4499 1670 4568 hospitio
1702 4516 1797 4567 per

1894 2000 1966 2054 sit
2006 1999 2236 2069 insignis
2268 1999 2408 2053 inter
2441 1999 2802 2068 patriarchas.

1962 2092 2051 2146 35.
2090 2094 2271 2145 Aaron
2314 2091 2416 2145 fuit
2462 2091 2671 2161 primus
2723 2090 3002 2159 pontifex,
3064 2091 3157 2147 sed
3212 2094 3373 2164 typici
3421 2104 3477 2150 et

1893 2185 2203 2240 umbratilis
2258 2185 2614 2239 tabernaculi.
2665 2185 2766 2239 Hac
2815 2195 2997 2237 autem
3045 2185 3181 2249 veri,
3217 2195 3273 2239 et
3313 2185 3477 2254 cujus

1892 2276 2023 2329 illud
2057 2286 2172 2329 erat
2203 2274 2393 2345 figura.
2436 2277 2571 2330 Cum
2610 2277 2756 2330 Mose
2784 2275 2888 2329 fuit
2920 2275 3036 2329 Dux
3074 2279 3199 2332 novi
3232 2277 3474 2333 lsraelis.

1890 2368 2029 2422 Cum
2068 2366 2321 2423 Samnele
2362 2368 2462 2422 fuit
2510 2384 2667 2423 sacer
2702 2370 2769 2423 ab
2816 2370 3081 2435 infantia,
3128 2380 3182 2425 et
3213 2371 3279 2425 ad
3314 2386 3476 2426 sene-

1891 2470 2096 2515 ctutem
2148 2476 2321 2530 usque
2363 2458 2472 2514 Deo
2516 2461 2782 2515 serviens.
2833 2460 3084 2516 Imitatus
3131 2473 3215 2517 est
3262 2463 3476 2518 Davidis

1892 2557 2389 2619 mansuetudinem,
2444 2563 2517 2618 et,
2551 2556 2594 2609 si
2632 2556 2735 2617 vis,
2761 2556 2926 2609 etiam
2965 2555 3340 2611 fortitudinem
3378 2568 3480 2613 :ut

1889 2651 1982 2719 qui
2010 2664 2115 2701 non
2151 2648 2416 2701 adversus
2447 2646 2686 2710 Goliath,
2724 2648 3001 2701 hominem
3037 2649 3328 2717 quemdam
3362 2665 3479 2704 ma-

1889 2740 2175 2809 gnitudine
2216 2740 2463 2809 corporis
2512 2739 2857 2808 gloriantem,
2903 2754 2964 2794 se
3011 2749 3157 2794 recte
3204 2743 3472 2810 gesserit;

1891 2835 1984 2889 sed
2040 2833 2303 2886 adversus
2346 2832 2559 2886 Goliath
2614 2834 2705 2903 qui
2746 2832 3043 2902 percipitur
3074 2834 3474 2905 intelligentia,

1893 2929 2215 2997 malignum,
2247 2928 2491 2997 inquam,
2519 2936 2572 2981 et
2600 2928 2799 2994 carnis,
2832 2936 3108 2997 expertem
3150 2930 3478 2995 tlaamonem,

1893 3039 2015 3074 cum
2067 3024 2219 3090 virga
2253 3021 2605 3075 continentia!
2647 3036 2900 3089 egressus
2940 3030 3024 3076 est
3065 3020 3216 3091 virga
3249 3021 3395 3089 ﬁdei,
3427 3034 3481 3076 et

1895 3114 2212 3180 pneclarmn
2262 3115 2436 3166 erexit
2493 3124 2779 3183 tropaeum.
2834 3113 2983 3168 Elias
3027 3114 3218 3183 effugit
3250 3115 3481 3171 insidias

1896 3204 2185 3261 Jezabelis.
2229 3205 2326 3260 llic
2378 3218 2559 3260 autem
2597 3207 2825 3261 insidias
2875 3208 3206 3276 impudentis
3246 3211 3477 3278 peccati.

1820 3268 1863 3327 ο
1898 3298 2096 3353 llahuit
2135 3316 2256 3353 tum
2294 3299 2492 3354 Elisaao
2540 3300 2810 3369 duplicem
2861 3268 3101 3370 Spiritus
3130 3268 3386 3371 gratiam,
3421 3316 3481 3357 ut

1895 3394 1987 3460 qui
2021 3392 2339 3444 monasticis
2371 3398 2424 3443 et
2455 3390 2890 3445 sacerdotalibus
2921 3391 3083 3445 donis
3119 3404 3265 3445 esset
3308 3408 3479 3447 orna-

1898 3495 2003 3538 tus.
2031 3483 2095 3537 Et
2127 3495 2183 3537 ut
2216 3499 2330 3547 eos,
2361 3485 2453 3551 qui
2487 3484 2850 3550 intercedunt,
2899 3487 3220 3540 omittamus
3258 3498 3479 3556 propter

1896 3576 2326 3639 multitudinem,
2348 3574 2600 3640 Joannis,
2632 3577 2793 3629 vitam
2820 3592 2925 3630 non
2953 3593 3120 3647 agens
3146 3579 3476 3644 solitariam,

1898 3670 1949 3721 in
1982 3669 2157 3722 media
2206 3668 2426 3721 civitate
2474 3669 2720 3722 imitatus
2774 3677 2861 3723 est
2907 3670 3335 3741 philosOphiam.
3380 3672 3480 3726 Hic

1895 3775 2115 3829 quoque
2162 3760 2304 3829 quod
2361 3762 2429 3814 ad
2480 3776 2539 3815 se
2598 3761 2888 3826 attinebat,
2948 3762 3180 3816 habebat
3229 3780 3475 3819 mensam

1896 3852 2104 3919 absque
2136 3851 2246 3905 ullo
2280 3860 2565 3921 apparatu,
2597 3863 2651 3906 et
2677 3852 2766 3907 hic
2792 3867 2857 3908 ex
2888 3854 3013 3921 pilis
3045 3864 3301 3909 contexta
3331 3867 3480 3911 veste

1896 3958 2099 4012 corpus
2149 3949 2385 4014 tegebat,
2438 3953 2493 3999 et
2536 3946 2701 3999 veluti
2757 3948 2991 4015 quadam
3043 3948 3266 4017 pellicea
3307 3966 3477 4016 atina,

1897 4056 2090 4111 nempe
2130 4044 2600 4110 perturbationum
2644 4040 2815 4094 animi
2850 4040 3292 4106 mortificatione,
3334 4042 3481 4095 lum-

1898 4132 1996 4185 bos
2049 4147 2181 4186 suos
2214 4130 2643 4201 constringebat,
2685 4138 2740 4185 et
2769 4131 2837 4185 ad
2868 4145 2993 4185 eum
3028 4130 3339 4186 confluebat
3370 4146 3478 4186 non

1900 4238 2007 4278 una
2043 4226 2273 4289 civitas,
2314 4241 2489 4295 neque
2541 4240 2647 4279 una
2691 4238 2846 4288 gens,
2883 4224 2979 4280 sed
3014 4225 3189 4279 turba
3231 4224 3481 4295 plurima

1899 4321 2098 4389 populo
2132 4321 2433 4389 frequentis
2467 4320 2722 4384 civitatis,
2758 4320 2999 4374 collectae
3020 4334 3083 4374 ex
3113 4335 3275 4375 omne
3306 4336 3480 4391 genus

1900 4413 2151 4482 gentibus
2180 4423 2233 4467 et
2259 4413 2592 4477 civitatibus,
2630 4421 2738 4466 tam
2767 4411 3085 4476 orientales,
3127 4427 3290 4481 quam
3335 4414 3483 4467 occi-

1900 4508 2176 4572 dentales;
2210 4522 2313 4559 non
2361 4522 2499 4574 aqua
2551 4506 2839 4575 tingenda',
2872 4506 2967 4559 sed
3016 4506 3288 4575 spirituali
3328 4507 3477 4576 puri-

215 4604 388 4647 totatn
445 4594 610 4645 vitam
640 4593 969 4662 excipiebat,
1025 4594 1114 4661 qni
1149 4578 1409 4647 ineilabili
1466 4593 1797 4660 benignitate
1834 4618 1872 4669 ί)
1906 4599 2126 4651 ﬁcanti-.1:
2159 4599 2438 4667 mysterio,
2471 4598 2615 4667 quod
2658 4596 3016 4666 peragebatur
3042 4596 3241 4651 divinis
3270 4599 3477 4652 instru-

213 4703 303 4748 ea,
348 4701 470 4755 quae
500 4696 628 4740 sunt
661 4686 903 4750 illorum,
930 4687 1029 4740 sibi
1057 4686 1304 4739 attribuit
1350 4706 1361 4739 :
1411 4702 1503 4753 per
1539 4702 1658 4755 qua:
1691 4702 1795 4738 non

216 4779 271 4830 in
303 4780 487 4847 specie
538 4778 877 4846 angelorum.
917 4777 1011 4831 sed
1049 4780 1101 4830 in
1140 4779 1215 4832 rei
1258 4779 1500 4837 veritate.
1552 4780 1797 4831 Omnium

215 4870 545 4925 effectriCt-nt
581 4870 909 4924 Trinitatem
954 4871 1005 4923 in
1049 4872 1287 4924 animam
1325 4872 1639 4934 admittens.
1691 4888 1797 4925 non

220 4962 418 5014 habuit
445 4962 866 5029 promissionem
919 4962 1078 5013 unius
1116 4961 1208 5013 filii
1240 4964 1333 5030 qui
1367 4962 1573 5015 carnali
1610 4974 1800 5031 praeter

223 5069 379 5121 spem
415 5064 530 5106 erat
555 5055 874 5108 nasciturus
907 5053 1295 5122 conjunctione
1325 5070 1339 5117 ;
1379 5056 1472 5108 sed
1512 5064 1568 5107 ut
1603 5056 1799 5107 multo-

220 5162 342 5198 rum
381 5148 563 5215 potius
614 5146 848 5198 liliorum
890 5146 1080 5199 activa:
1111 5145 1470 5216 philoSOphia
1520 5147 1798 5217 conjugio,

222 5240 273 5291 in
313 5239 509 5307 spiritu
566 5247 854 5291 vocaretur
889 5248 1065 5307 pater,
1104 5238 1294 5291 habuit
1352 5241 1796 5307 promissionem,

222 5340 276 5385 et
310 5343 511 5402 praeter
540 5345 690 5401 Spem
726 5331 858 5385 vidit
893 5332 1403 5398 multiplicationem
1434 5333 1650 5401 dignam
1672 5349 1801 5403 pro--

221 5424 512 5487 missione,
547 5424 725 5493 utqui
766 5438 874 5476 non
908 5433 1278 5477 trecentorum
1331 5440 1625 5481 vernarum
1660 5426 1803 5479 irru-

221 5518 449 5587 ptione,
506 5518 801 5569 multorum
866 5533 1053 5585 regum
1109 5518 1436 5586 represserit
1490 5519 1797 5588 impetum;

220 5611 316 5663 sed
374 5609 519 5663 virili
580 5610 782 5680 impetu
854 5610 1139 5679 tripartite:
1193 5613 1419 5676 animm,
1487 5615 1799 5666 universam

219 5705 483 5759 everterit
519 5704 692 5760 aciem
724 5720 940 5768 eorum,
990 5706 1083 5775 qui
1136 5704 1488 5771 invadebant,
1522 5717 1577 5761 et
1617 5719 1805 5778 tyran-

224 5798 348 5852 nice
375 5798 453 5861 id,
485 5799 627 5868 quod
672 5808 759 5853 est
789 5807 1107 5869 cognatum,
1137 5814 1234 5868 per
1280 5800 1611 5870 voluptatem
1655 5803 1799 5858 redi-

224 5891 427 5959 gebant
454 5891 507 5945 in
537 5891 933 5961 captivitatem,
963 5890 1065 5951 sub
1096 5892 1217 5945 licta
1251 5894 1399 5963 regni
1436 5899 1634 5963 specie.

1906 4690 2103 4742 mentis
2126 4689 2272 4741 illius
2300 4704 2494 4741 manus
2520 4698 2571 4741 et
2608 4688 2823 4757 linguae,
2854 4696 2908 4740 et
2942 4686 3193 4740 initiabat
3232 4702 3350 4751 eos,
3386 4690 3481 4757 qui

1902 4778 2268 4847 dignabantor
2295 4778 2680 4831 communione
2711 4776 2915 4831 deiiica:
2952 4777 3409 4845 participationis.

1974 4868 2060 4923 '56.
2117 4870 2504 4938 Apostolorum
2565 4878 2746 4922 autem
2807 4883 3045 4937 sequens
3103 4869 3383 4923 doctrinas
3430 4881 3483 4923 et

1906 4963 2245 5029 traditiones,
2284 4975 2337 5019 et
2377 4966 2455 5019 eis
2480 4981 2633 5020 suam
2668 4967 2832 5019 vitam
2875 4980 3090 5034 semper
3121 4980 3480 5036 componens,

1905 5058 2063 5112 factis
2107 5074 2425 5128 germanum
2474 5060 2824 5113 continuavit
2856 5059 3201 5129 martyrium,
3251 5059 3304 5113 in
3332 5060 3482 5129 quod

1905 5161 2204 5219 martyrum
2256 5152 2432 5203 zelum
2488 5151 2712 5203 haberet
2745 5165 2846 5219 pro
2897 5150 3118 5221 pietate,
3156 5158 3211 5203 et
3239 5152 3485 5220 quotidie

1903 5259 2001 5297 sua
2038 5252 2339 5297 moreretur
2362 5242 2730 5307 conscientia;
2766 5242 3198 5297 monasticorum
3233 5242 3480 5297 laborum

1904 5338 2158 5391 diuturna
2212 5345 2265 5389 et
2304 5334 2499 5390 acerba
2550 5336 2939 5405 perpessione:
2990 5335 3137 5406 quod
3188 5336 3483 5407 martyrica

1905 5430 2103 5484 virtute
2148 5429 2295 5482 nulla
2357 5428 2409 5481 in
2470 5444 2527 5482 re
2561 5436 2645 5483 est
2693 5427 2981 5496 abjectius.
3037 5428 3298 5484 Omnium
3351 5444 3484 5499 ergo

1902 5534 2217 5577 sanctorum
2262 5531 2316 5574 et
2369 5520 2666 5590 justorum,
2721 5520 2937 5574 illorum
2999 5521 3220 5589 quidem
3278 5535 3479 5584 mores,

1906 5614 2103 5670 horum
2139 5629 2268 5668 vero
2298 5629 2546 5675 cursum,
2594 5613 2825 5668 aliorum
2856 5622 3039 5667 autem
3068 5613 3361 5675 actionem,
3404 5611 3483 5665 si-

1908 5709 2018 5762 mul
2048 5721 2177 5761 vero
2208 5706 2453 5760 omnium
2486 5706 2551 5759 ad
2584 5706 2821 5774 primum
2857 5706 3082 5768 bonum,
3114 5694 3484 5759 vehementis-

1908 5800 2105 5854 simum
2133 5806 2186 5853 et
2212 5797 2720 5853 constantissimum
2754 5797 2999 5852 imitatus
3024 5804 3107 5851 cat
3126 5796 3477 5852 desiderium.

1908 5896 2027 5962 Quo
2060 5909 2204 5950 nunc
2238 5903 2423 5964 aperte
2461 5892 2671 5959 fruens,
2723 5903 2976 5963 protegas
3018 5902 3071 5948 et
3119 5892 3403 5955 defendas.
3450 5908 3485 5945 ο
