4276 6438
770 404 876 469 199
1943 396 2298 459 ANDREAS
2336 393 2853 455 C/ESARIENSIS
3938 384 4054 451 200

769 518 1014 573 divinum
1059 521 1114 570 et
1148 527 1369 568 sacrum
1404 522 1588 582 caput,
1624 527 1843 567 sacrum
1876 527 2117 583 gregem,
2152 521 2207 565 et
2253 509 2361 565 tuis
2388 518 2437 576 Α
2465 525 2651 565 serves
2692 521 2883 562 narem
2927 505 2980 560 in
3014 514 3129 576 tuto
3167 510 3322 573 portu
3369 500 3568 556 divinae
3598 498 4050 572 tranquillitatis.

771 612 1024 680 precibus
1049 608 1343 663 corrobora
1369 616 1580 675 sceptra
1611 607 1851 676 pietatis,
1880 613 1934 659 et
1963 620 2186 659 manum
2216 618 2354 673 pran-
2457 618 2651 657 omnes
2686 602 2883 656 sedans
2916 598 3162 652 turbines
3191 607 3246 652 et
3267 602 3619 664 tempestates
3644 592 4053 662 improborum,

771 705 902 759 beas
938 705 1038 771 piae
1093 701 1365 772 potentiae,
1408 700 1597 753 mundi
1640 714 1803 753 curas
1853 713 1978 751 cum
2013 712 2081 752 eo
2132 694 2355 767 partici-
2460 706 2515 750 et
2559 694 2799 747 ohruens
2845 691 3085 746 insultas
3134 688 3506 750 inimicorum,
3554 695 3664 739 tam
3710 700 3924 746 eorum,
3959 685 4053 751 qui

774 814 909 866 pans
948 816 959 850 :
994 808 1047 849 et
1079 794 1385 849 intcrcedas
1419 793 1560 862 apud
1615 791 1783 845 Deum
1822 791 2089 845 assistens
2120 791 2238 843 sine
2270 789 2355 840 in-
2461 788 2565 841 sub
2591 785 2780 839 oculos
2840 784 3078 844 cadunt,
3126 796 3303 851 quam
3367 780 3461 849 qui
3533 794 3642 832 non
3706 779 3933 837 cadunt,
3999 777 4054 829 iu

776 888 1123 943 termissioue
1170 901 1271 955 pro
1301 901 1388 948 eo,
1441 883 1584 953 quod
1635 883 1827 947 orasti,
1883 898 2008 936 cum
2041 897 2191 937 esses
2231 896 2354 935 cum
2461 877 2686 933 Christo
2718 875 2848 931 Jesu
2886 876 3117 929 Domino
3160 884 3371 937 nostro,
3407 875 3495 928 cui
3525 872 3698 941 gloria
3728 882 3781 926 et
3811 871 4055 941 potentia

776 980 917 1047 ipso,
952 988 1003 1032 et
1025 978 1145 1046 ejus
1177 978 1300 1032 vitae
1326 977 1619 1030 interesses
1647 994 1659 1029 :
1692 985 1746 1029 et
1775 976 2109 1030 mundanam
2143 974 2192 1028 ei
2224 988 2359 1028 con-
2465 986 2611 1026 nunc
2639 980 2694 1025 et
2721 984 2960 1039 semper,
2991 978 3047 1022 et
3079 967 3134 1022 in
3164 966 3364 1023 saecula
3396 966 3745 1028 saeculorum,
3780 964 3981 1019 Amen.

3309 1218 3559 1236 7—“,
3488 1218 3493 1219 ⁷
3518 1218 3533 1219 7
3563 1224 3849 1236 ’.ι’-
3868 1218 4037 1233 ..σή

1896 1415 2915 1604 ANDREAS

1120 1768 1713 1862 CIESAREZE
1787 1688 2566 1868 CAPPADCCIIE
2644 1757 3517 1852 ARCHIEPISCOP
3540 1761 3711 1852 US.

2377 2007 2448 2020 ’Ὦ

2119 2181 2727 2297 NOTITIA

1772 2430 1905 2494 (Cas.
1928 2428 2103 2488 Ouum,
2134 2427 2202 2479 De
2237 2423 2408 2490 script.
2434 2426 2625 2486 eccles.,
2654 2430 2771 2474 tom.
2806 2423 2865 2486 Il,
2892 2439 2941 2487 p.
2966 2423 3028 2474 93
3054 2424 3070 2487 )

858 2783 1104 2841 Andreas
1128 2781 1392 2836 Caesarem
1422 2777 1807 2848 Cappadocum
1839 2777 2309 2849 archiepiscopus,
2338 2778 2407 2834 de
2433 2795 2546 2850 quo
2576 2780 2779 2836 eximie
2818 2778 3149 2837 Cuillelmus
3173 2778 3353 2836 Carus
3376 2779 3431 2834 in
3465 2777 3711 2835 Historia
3738 2782 4063 2849 scriptorum

786 2873 1294 2933 ecclesiasticarum,
1334 2867 1399 2920 ad
1431 2882 1633 2921 anuum
1663 2864 1784 2920 500.
1827 2882 1947 2937 pag.
1976 2866 2101 2932 579,
2136 2866 2220 2920 his
2258 2868 2438 2922 verbis
2470 2886 2482 2921 :
2520 2886 2539 2919 ο
2584 2868 2826 2923 Andreas
2879 2867 3143 2923 Caesareae
3164 2867 3549 2938 Cappadocum
3585 2870 4063 2940 archiepiscopus,

788 2964 989 3016 vixisse
1020 2960 1236 3014 videtur
1270 2956 1419 3010 circa
1455 2956 1663 3009 exitum
1698 2953 1869 3008 seculi
1902 2972 1953 3009 vt
1991 2970 2054 3009 ae
2094 2956 2341 3011 ﬂoruisse
2374 2972 2520 3010 anno
2550 2956 2677 3010 500.
2710 2957 2921 3012 Incerta
2961 2957 3105 3011 enim
3145 2973 3374 3027 prorsus
3420 2957 3570 3012 illius
3607 2968 3762 3021 aetas,
3794 2974 3895 3013 nec
3952 2958 4063 3012 ulla

787 3054 907 3117 t-jus
938 3049 1080 3117 apud
1133 3056 1349 3101 veteres
1390 3044 1618 3098 mentio.
1664 3042 1718 3095 ld
1761 3052 1971 3097 tantum
2020 3051 2257 3109 certum,
2308 3058 2433 3097 eum
2483 3054 2605 3115 post
2643 3044 2907 3099 Basilium
2949 3060 3012 3098 ac
3042 3044 3302 3117 Cyrillum
3357 3045 3788 3101 Alexandrinum
3842 3058 3897 3101 et
3933 3057 4065 3101 ante

790 3140 1052 3195 Aretham
1081 3135 1481 3191 Caesariensem
1512 3132 1822 3202 scripsisse.
1862 3132 2098 3202 Scripsit
2132 3132 2197 3187 ad
2247 3131 2544 3186 Macarium
2588 3131 2881 3202 quemdam
2924 3133 3347 3187 Commentarios
3383 3134 3438 3186 in
3481 3134 3878 3206 Apocalypsint,
3921 3150 4065 3204 quos

789 3229 982 3281 Latine
1037 3226 1198 3280 vertit
1229 3223 1555 3277 Theodorus
1589 3219 1868 3279 Peltauus.
1925 3219 2053 3275 Soc.
2082 3219 2235 3275 .Iesu.
2270 3222 2501 3275 Exstant
2535 3220 2946 3275 Cra2co-Latine
2996 3221 3063 3275 ad
3100 3220 3260 3274 linem
3303 3222 3841 3277 Commentariorum
3884 3224 4063 3277 saurti

786 3313 1170 3387 tihrysostomi
1208 3313 1262 3365 in
1300 3310 1647 3381 Evangelium
1707 3309 1957 3375 Joannis,
2013 3311 2066 3363 in
2097 3311 2339 3364 editione
2372 3308 2685 3363 Morelliana
2718 3319 2867 3362 tomo
2902 3306 3035 3363 Vill.
3072 3327 3091 3360 ι
3137 3310 3215 3363 Ita
3246 3308 3425 3364 Carus
3456 3307 3570 3364 fere
3621 3311 3954 3364 verbotenus
3996 3328 4065 3363 ex

792 3404 1147 3465 Ilallarmino,
1191 3416 1351 3471 quem
1383 3401 1551 3455 etiam
1588 3414 1699 3453 non
1746 3400 2088 3451 nominatum
2121 3398 2427 3467 expressit;
2461 3412 2627 3467 quam
2684 3398 2817 3451 mihi
2855 3398 3073 3467 culpam
3116 3408 3227 3452 tam
3281 3414 3423 3468 swpe
3468 3400 3670 3461 Carus,
3711 3401 3850 3455 alios
3893 3403 4066 3455 etiam

790 3509 933 3562 κεῖρε
963 3491 1304 3553 exscribens,
1355 3488 1669 3557 exprobrat.
1720 3484 1901 3539 Unum
1946 3494 2125 3539 tamen
2175 3485 2542 3542 Bellarminus
2571 3487 2740 3551 addit,
2786 3490 2929 3557 quod
2962 3490 3143 3543 Cavus
3183 3490 3510 3558 suppressit,
3544 3504 3737 3560 nempe
3764 3492 3895 3560 quia
3937 3507 4066 3545 (ιιι-ιι

790 3601 898 3638 non
950 3583 1175 3652 legisset
1222 3579 1666 3635 Commentarios
1698 3578 1838 3632 istos
1869 3576 2499 3654 AudrcteCaasariensis
2552 3577 2772 3629 nomine
2812 3576 3128 3644 inscriptos,
3183 3592 3371 3631 errare
3406 3588 3531 3646 post
3565 3578 3959 3633 Bellarminum
3993 3580 4068 3633 ti-

792 3673 949 3725 muit.
981 3670 1147 3724 Addit
1185 3683 1316 3739 ergo
1349 3667 1737 3731 Bellarminus,
1770 3666 2045 3719 Andream
2077 3666 2130 3719 in
2164 3665 2570 3721 Commentario
2602 3663 2877 3718 Basiliam
2918 3663 3305 3720 Cwsariensem
3334 3680 3470 3734 swpe
3498 3667 3686 3721 citare.
3720 3666 3877 3734 Quod
3914 3678 4072 3721 certe

791 3760 988 3814 lulsttm
1019 3771 1123 3823 est,
1157 3772 1318 3828 queui
1354 3771 1420 3810 ne
1453 3756 1621 3810 semel
1652 3754 1876 3826 quidem
1903 3754 1956 3808 in
1996 3753 2394 3809 Commentario
2422 3769 2524 3810 suo
2549 3751 2794 3807 Andreas
2822 3752 3098 3820 allegavit,
3127 3752 3253 3809 licet
3277 3753 3641 3823 plurimorum
3668 3753 3889 3809 Patrum
3924 3756 4069 3810 alio-

792 3866 913 3903 rum
948 3859 1001 3903 et
1028 3849 1190 3901 verba
1226 3856 1280 3900 et
1315 3860 1513 3899 nomen
1538 3845 1590 3897 in
1621 3859 1788 3913 opere
1816 3858 1918 3898 suo
1954 3845 2313 3914 expresserit.
2344 3842 2515 3899 Porro
2544 3856 2679 3897 mss.
2714 3842 2929 3897 codices
2953 3841 3118 3911 hujus
3143 3840 3564 3908 Commentarii,
3609 3844 3849 3898 maxime
3878 3844 3935 3897 in
3981 3845 4070 3899 bi-

792 3937 1082 3991 hliothecis
1116 3936 1357 3995 variant,
1391 3941 1451 3987 ut
1486 3933 1652 3986 habet
1692 3930 2022 3987 Lambecius
2060 3931 2201 3986 libro
2234 3948 2283 3985 tv
2310 3948 2405 3985 seu
2434 3941 2583 3985 tomo
2612 3930 3148 3986 Commentariorum
3180 3930 3525 3987 bibliothecae
3554 3930 3820 3987 Caesareae
3852 3930 4067 3987 Vindo-

793 4024 1078 4084 lioneusis,
1112 4022 1181 4076 ad
1212 4022 1432 4076 codices
1468 4035 1601 4074 mss.
1642 4018 1981 4089 theologicos
2008 4018 2229 4075 Crteeos
2258 4019 2380 4084 172,
2416 4021 2520 4075 175
2547 4029 2601 4073 et
2640 4018 2764 4084 m,
2800 4034 2922 4088 pag.
2960 4019 3090 4085 180,
3121 4020 3205 4074 his
3232 4021 3412 4075 verbis
3450 4038 3464 4075 :

872 4133 890 4165 ι
925 4114 1109 4167 Codex
1144 4126 1249 4165 ms.
1278 4109 1651 4179 Theologicus
1676 4106 1903 4164 Graecus
1934 4108 2057 4175 172,
2097 4116 2179 4164 est
2217 4109 2563 4171 chartaceus,
2597 4106 2947 4161 mediocriter
2977 4108 3263 4177 antiquus,
3294 4110 3347 4163 in
3383 4108 3535 4172 lolio,
3564 4116 3893 4179 constatque
3919 4108 4073 4165 foliis

792 4204 920 4263 4'20.
951 4213 1006 4256 et
1038 4202 1104 4255 ad
1138 4199 1414 4253 Andream
1439 4196 1775 4251 Taumarum
1807 4195 2216 4267 Epidauriotam
2243 4197 2371 4251 olim
2400 4196 2683 4268 pertinuit.
2715 4195 3046 4250 Continetttr
3077 4211 3165 4260 eo,
3200 4197 3423 4251 Andrei:
3466 4195 3809 4253 Ctesariensis
3840 4199 3893 4251 in
3922 4198 4070 4265 Cap;

795 4294 1046 4364 padocia,
1083 4288 1463 4357 archiepiscopi
1496 4286 1920 4341 Commentarins
1952 4288 2007 4340 in
2038 4287 2408 4357 Apocalypsint
2440 4286 2611 4339 sancti
2641 4282 2866 4338 Joannis
2888 4284 3118 4353 apostoli
3146 4294 3195 4338 et
3225 4285 3586 4354 evangelistar,
3618 4286 3777 4354 cujus
3817 4286 4073 4355 praefatio

796 4381 1122 4436 inscribitur
1165 4387 1330 4448 atque
1364 4376 1559 4446 incipit
1590 4378 1694 4430 hoc
1726 4378 1887 4430 modo
1917 4394 1929 4429 :
1979 4375 2226 4446 Ἀνδρέου
2258 4376 2481 4445 ἀρχιεπι

2382 4374 2694 4427 ,επισκόπου
2730 4373 3073 4443 Καισαρείας
3114 4374 3519 4438 Καππαδοκίας
3549 4374 3835 4445 ἐπιστολή.
3875 4377 4071 4447 Κυρίῳ

797 4483 899 4534 μου
925 4460 1139 4532 ἀδελφῷ
1168 4463 1262 4514 καὶ
1294 4459 1721 4532 συλλειτουργῷ.
1744 4460 2013 4523 Πολλάκις
2042 4459 2290 4530 αἰτηθεὶς
2324 4462 2476 4530 παρὰ
2507 4462 2719 4515 πολλῶν
2747 4462 2807 4529 ἐξ
2837 4463 3084 4532 ἀγάπης,
3118 4464 3349 4532 μείζονα
3375 4462 3475 4533 τῆς
3504 4463 3643 4532 ἐμῆς
3670 4463 3956 4533 δυνάμεως
3991 4468 4071 4531 ὡς

792 4551 1114 4623 ἐσχηκότων
1166 4549 1460 4620 ὑπόληψιν,
1513 4558 1618 4604 etc.
1665 4549 1786 4619 Ipse
1818 4560 2000 4603 autem
2032 4548 2470 4605 Commentarios

2386 4550 2470 4605 ius
2509 4551 2703 4622 incipit
2742 4552 2829 4607 his
2864 4552 3046 4606 verbis
3080 4568 3092 4603 :
3138 4551 3511 4621 Ἀποκάλυψις
3554 4550 3654 4619 μὲν
3685 4550 3833 4604 ἔστιν
3875 4554 3909 4621 ἡ
3956 4553 4070 4605 τῶν

794 4639 1058 4711 κρυπτῶν
1090 4637 1410 4708 μυστηρίων
1438 4637 1692 4707 δήλωσις,
1727 4634 2212 4706 καταυγαζομένου
2234 4636 2330 4690 τοῦ
2357 4639 2693 4709 ἡγεμονικοῦ
2718 4642 2828 4694 εἴτε
2869 4641 2957 4694 διὰ
2988 4640 3148 4693 θείων
3176 4638 3496 4709 ὀνειράτων,
3530 4638 3664 4701 εἴτε,
3698 4649 3809 4693 etc.
3848 4638 4073 4696 Prin-us

804 4731 953 4783 hunc
984 4726 1479 4787 Commentarium,
1509 4725 1602 4780 sed
1632 4723 1821 4779 Latine
1852 4733 2062 4779 tantum
2092 4724 2264 4779 edidit
2295 4724 2619 4784 Theodorus
2642 4727 2901 4784 Peltanus
2936 4728 3061 4783 Sac.
3096 4727 3247 4792 Jesu,
3283 4725 3616 4798 lugolstadii,
3658 4727 3801 4797 typis
3848 4725 4073 4784 Davidis

802 4815 1040 4871 Sartorii
1086 4812 1249 4877 1584,
1288 4812 1435 4886 in-_4.
1469 4811 1671 4866 Eodem
1699 4827 1918 4882 quoque
1948 4813 2109 4867 modo
2137 4821 2315 4869 exstat
2344 4814 2487 4870 idem
2520 4817 2960 4872 Commentarios
2984 4818 3037 4870 iu
3064 4814 3254 4886 Magna
3297 4815 3638 4870 Bibliotheca
3675 4826 3921 4870 veterum
3962 4815 4073 4870 Pa-

797 4914 943 4961 trum
986 4882 1411 4959 Craeco-Latin‘a
1449 4898 1769 4963 Parisiensi,
1800 4903 1924 4955 anui
1961 4901 2119 4968 1654,
2154 4910 2307 4957 tomo
2338 4902 2377 4968 1,
2406 4922 2434 4958 a
2460 4922 2486 4959 c

1820 4903 1924 4954 mni
1961 4901 2119 4968 1654,
2154 4910 2307 4957 ιοωο
2338 4902 2377 4968 l,
2406 4922 2434 4958 a
2460 4907 2713 4960 columna
2747 4906 2885 4961 l529
2916 4920 3087 4976 usque
3113 4882 3179 4959 aii
3202 4906 3312 4962 col.
3351 4904 3509 4959 1622.

868 4993 994 5055 179.,
1041 4990 1222 5045 Codex
1278 5004 1384 5043 ms.
1441 4985 1807 5058 Theologicus
1858 4988 2099 5056 Graecus,
2148 5000 2232 5046 est
2277 4992 2622 5054 chartaceus,
2666 4993 3017 5047 mediocriter
3066 4993 3346 5062 antiquus,
3380 4993 3433 5046 in
3460 4994 3705 5062 ‘quarto,
3742 5001 4071 5064 constatque

797 5082 941 5137 foliis
973 5081 1095 5138 151.
1123 5078 1452 5133 Continetttr
1485 5092 1573 5142 eo,
1604 5079 1829 5131 Δηώ-βω
1859 5078 2201 5134 Cwsariensis
2240 5082 2295 5133 in
2331 5078 2671 5151 Cappadocia
2713 5081 3095 5150 archiepiscopi
3143 5080 3570 5135 Commentarios
3599 5082 3655 5134 in
3688 5081 4070 5150 Apocalypsin:

794 5169 967 5224 sancti
1008 5166 1237 5221 Joannis
1284 5165 1515 5236 apostoli
1550 5175 1598 5219 et
1632 5166 1986 5236 evangelistw,
2027 5168 2120 5222 sed
2156 5184 2440 5239 perperam
2481 5169 2803 5223 attribuitur
2850 5167 3095 5238 Origeui,
3129 5178 3187 5222 ut
3220 5169 3404 5224 videre
3455 5177 3537 5223 est
3571 5183 3634 5223 ex
3673 5170 3832 5223 titulo
3865 5168 4071 5225 Prcha-

798 5257 991 5321 tionis,
1040 5256 1133 5324 qui
1175 5255 1249 5309 ibi
1283 5254 1412 5308 talis
1443 5264 1529 5307 est
1559 5270 1573 5306 :
1608 5253 1703 5317 Είς
1731 5255 1831 5325 τὴν
1873 5243 1967 5307 ’ἑοῦ
2005 5254 2157 5323 ἁγίου
2199 5256 2487 5310 ἀποστόλοι

2381 5256 2498 5310 ὁλου
2531 5257 2624 5311 καὶ
2659 5256 3049 5326 εὐαγγελιστοῦ
3091 5258 3356 5311 οῚωάννου
3384 5257 3481 5311 τοῦ
3521 5256 3783 5327 Θεολόγου
3825 5252 4070 5314 ’Ἀποκὼ

794 5344 955 5413 λυψιν
1004 5341 1267 5413 ἐξήγησις
1312 5340 1649 5412 Ὠριγένους,
1682 5340 2013 5411 θαυμαστῶς
2042 5342 2141 5413 τὴν
2173 5345 2446 5413 ἀσάφειαν
2479 5368 2483 5383 ι

2382 5365 2446 5400 αν
2479 5349 2687 5418 ταύτης
2722 5350 2803 5412 είς
2835 5348 2951 5417 φῶς
2988 5349 3330 5419 παράγουσα.
3369 5347 3490 5418 Ipsa
3534 5362 3755 5418 quoque
3813 5346 4071 5405 Praefatio

795 5435 1000 5488 ibidem
1026 5432 1081 5485 in
1114 5430 1386 5499 principio
1419 5439 1505 5485 est
1538 5429 1755 5493 mutila,
1786 5438 1842 5483 et
1872 5431 2031 5500 quasi
2066 5430 2279 5501 integra
2311 5446 2484 5503 esset,

2381 5436 2704 5503 selyincipit
2731 5436 2839 5491 hoc
2869 5438 3032 5491 modo
3070 5455 3082 5491 :
3118 5436 3434 5507 Προοίμιον.
3466 5435 3691 5508 Πρῶτον
3733 5438 3833 5507 μὲν
3871 5437 3967 5491 οὖν
3995 5440 4070 5500 ὠς

794 5518 952 5575 οἶσθα
983 5520 1081 5573 καὶ
1134 5517 1319 5579 αὐτὸς,
1372 5518 1523 5570 πᾶσα
1554 5517 1913 5579 θεόπνευστος
1954 5518 2147 5590 Γραφῇ
2170 5559 2184 5584 ,
2220 5533 2327 5578 etc.
2370 5522 2436 5577 In
2471 5542 2483 5577 ι

2381 5522 2436 5577 ln
2471 5525 2644 5579 sancti
2693 5519 2923 5594 apostoli
2972 5534 3129 5593 atque
3168 5525 3502 5595 evangelista:
3548 5523 3778 5578 Joannis
3820 5523 4070 5595 Theologi

797 5607 1201 5679 Apocalypsim,
1233 5603 1662 5659 Commentarius
1694 5606 1958 5676 Origenis,
1981 5608 2219 5663 mirabili
2241 5614 2396 5666 modo
2418 5614 2797 5668 obscuritatem
2826 5612 2975 5665 illius
3007 5611 3075 5664 ad
3108 5612 3275 5665 lucem
3297 5611 3588 5666 adducens.

875 5716 893 5748 1
926 5698 1112 5749 Codex
1159 5707 1268 5747 ms.
1309 5691 1413 5745 174
1449 5692 1791 5761 theologicus
1817 5692 2060 5762 Graecus,
2089 5682 2180 5752 esi
2204 5701 2533 5757 chartaceus
2561 5710 2617 5757 et
2654 5702 2813 5756 bona:
2850 5711 3012 5764 notae,
3049 5703 3100 5753 iu
3131 5702 3184 5763 4,
3217 5710 3539 5771 constatque
3563 5700 3707 5755 l‘oliis
3736 5701 3827 5763 83,
3866 5703 3961 5772 qui
3998 5705 4064 5758 a.l

796 5784 1063 5841 Joannem
1098 5783 1460 5847 Sambucum,
1515 5791 1584 5873 ut
1612 5782 1729 5852 ipse
1760 5783 1917 5838 solita
1948 5786 2182 5855 propriae
2213 5802 2410 5845 manus
2446 5790 2808 5859 inscriptione
2840 5798 3094 5873 testatur,
3127 5790 3256 5844 olim
3291 5790 3576 5859 pertinuit.
3619 5790 3947 5845 Coutinetur
3974 5808 4059 5846 eo.

798 5876 1023 5931 Andreu:
1054 5870 1417 5943 Ca'sariensis
1443 5871 1497 5924 in
1544 5868 1884 5942 Cappadocia
1923 5874 2304 5947 archiepiscopi
2343 5878 2768 5935 Conmtentaritts
2799 5868 3257 5953 inVApocalypsint
3290 5878 3463 5937 sancti
3490 5876 3717 5935 Joannis
3757 5880 3981 5949 apostoli
4014 5888 4067 5935 et
