4276 6438
217 411 293 473 20
304 411 323 472 ι
1686 411 1906 470 NOTIT

1781 412 1909 470 tTlT
1921 412 1936 468 l
1949 413 1986 466 Α
2001 457 2010 467 .
3368 414 3470 478 202

220 517 580 587 evangelisttr,
613 517 706 571 sed
738 533 1021 588 perperam
1044 519 1116 574 ibi
1141 517 1458 574 attribuitur
1484 515 1755 570 Methodio
1780 517 2072 576 monacho,
2105 523 2161 567 ut
2191 530 2256 568 ex
2284 517 2532 585 sequenti
2561 517 2915 586 inscriptione
2942 519 3124 572 videre
3147 531 3226 575 est
3259 539 3271 575 :
3318 523 3475 576 ’Λποο

222 605 458 672 κάλυψις
484 605 576 656 τοῦ
619 606 776 671 ἁγίου
811 608 1110 660 ἀποστόλου
1144 607 1239 659 καὶ
1268 604 1658 672 εὐαγγελιστοῦ
1709 604 1982 663 Ἰωάννου,
2014 603 2107 657 τοῦ
2143 606 2505 675 ἠγαπημένου
2540 605 2630 657 καὶ
2664 605 2936 670 οεολόγου,
2957 607 3060 658 ὑπὸ
3091 608 3350 662 Μεθοδέου
3385 624 3478 680 μοέ

222 692 391 760 ναχοῦ
427 693 854 762 ἑρμηνευθεῖσα.
886 695 1232 764 Apocalypsis
1264 695 1434 746 sancti
1468 693 1694 759 apostoli
1725 703 1772 744 et
1805 691 2142 760 evangelisttc
2165 690 2412 755 Joannis,
2439 693 2617 744 dilecti
2647 702 2693 744 et
2729 693 2972 761 theologi,
3005 711 3035 745 a
3070 692 3336 749 Melhodio
3364 717 3477 753 ino-

222 782 394 832 nacho
428 784 797 850 interpretata.
836 781 1099 836 Similiter
1129 785 1292 835 etiam
1323 783 1546 841 ibidem,
1581 782 1632 833 in
1676 782 1780 833 line
1807 781 1911 848 cju:

1807 781 2050 848 ejusdem
2087 780 2480 832 Commentarii
2530 779 2724 849 legitur
2753 798 2763 832 :
2798 782 2964 842 Τέλος
2994 780 3093 849 τῆς
3133 781 3474 853 Ἐξηγήσεως

222 867 490 921 Μεθοδίου
526 869 763 937 μοναχοῦ
796 871 875 932 είς
906 871 1003 939 τὴν
1043 870 1414 936 Ἀποκάλυψιν
1456 868 1702 920 Ἰωάννου
1756 867 1851 920 τοῦ
1892 867 1911 916 ε

1791 867 1851 920 οὖ
1892 865 2176 933 Θεολόγου.
2220 864 2367 919 Finis
2401 865 2768 935 Expositionis
2822 867 3077 922 Methodii
3133 874 3377 924 monachi
3423 876 3477 925 in

219 955 597 1024 Apoculypsim
651 957 873 1008 Joannis
929 957 1196 1025 'l'heologi.
1253 958 1466 1020 Quibus
1501 965 1715 1008 constat
1758 964 2038 1006 auctorem
2074 955 2235 1022 hujus
2277 954 2672 1008 Commentarii
2735 971 2856 1011 esse
2906 959 3140 1010 maxime
3173 961 3477 1025 incertum;

219 1058 347 1092 cum
389 1058 532 1094 nunc
557 1042 785 1094 Andreae
815 1043 1074 1096 Caesareae
1105 1043 1156 1094 in
1188 1041 1530 1110 Cappadocia
1566 1041 1978 1111 archiepiscopo
1999 1084 2013 1104 ,
2041 1055 2188 1094 nunc
2219 1040 2440 1108 Origeni
2475 1044 2687 1096 auctori
2731 1044 3135 1114 antiquissimo,
3176 1063 3322 1100 nunc
3369 1049 3478 1104 Me-

220 1132 413 1182 thodio
445 1132 733 1192 monacho,
763 1133 814 1182 iu
843 1147 972 1184 mss.
1005 1132 1288 1184 codicibus
1323 1131 1651 1191 ascribatur,
1678 1130 1740 1180 ad
1767 1144 1926 1195 quem
1963 1129 2235 1196 pertinere
2264 1129 2526 1184 creditur.

296 1234 314 1266 ε
363 1215 608 1284 Denique
638 1221 806 1270 om.“
837 1236 940 1271 ms.
978 1218 1317 1286 theologiam
1349 1218 1573 1270 animus
1607 1216 1712 1270 258
1748 1230 1894 1266 num.
1931 1214 2020 1275 21,
2053 1212 2346 1280 etquidem
2376 1228 2404 1265 a
2437 1213 2532 1266 fol.
2573 1216 2695 1280 124,
2737 1232 2856 1286 pag.
2897 1221 2948 1283 1,
2982 1235 3155 1289 usque
3185 1222 3250 1275 ad
3285 1221 3478 1277 folium

219 1302 348 1365 1⁸15,
397 1318 512 1371 pag.
551 1304 606 1364 2,
663 1306 801 1357 idem
867 1310 1112 1358 continet
1160 1308 1366 1372 absque
1417 1305 1636 1358 nomine
1687 1303 1949 1362 auctoris,
2006 1312 2063 1354 ut
2098 1301 2256 1353 habet
2313 1299 2641 1356 Lambecius
2683 1315 2830 1358 ton;o
2877 1305 2911 1357 V
2948 1310 3478 1365 Loumientariorum

219 1390 392 1457 hujus
427 1391 794 1451 bibliothecae.
823 1408 945 1459 pag.
983 1393 1102 1446 I4I.
1143 1413 1159 1442 ›
1197 1394 1397 1446 Prarti-r
1431 1393 1570 1444 istud
1603 1393 1853 1444 exstabat
1880 1389 2008 1441 olim
2040 1391 2092 1440 in
2128 1390 2461 1456 patriarchio
2495 1389 3130 1461 Constantinopolitano,
3170 1399 3247 1450 vcl
3281 1403 3480 1452 etiam-

217 1495 350 1530 ιιιιηι
383 1489 562 1532 eum
596 1496 697 1533 ms,
735 1481 800 1535 ι),
834 1482 1056 1535 Andra»
1086 1482 1340 1535 σαιεανραε
1376 1480 1726 1546 Cappadocia:
1762 1477 2113 1544 metropolin
2144 1475 2446 1542 Explicatio
2487 1479 2539 1530 in
2584 1480 2804 1534 visiones
2835 1481 3078 1537 Daniclis
3103 1486 3389 1553 prophetae,
3425 1500 3484 1544 ut

217 1564 384 1616 habet
419 1567 686 1619 Antonius
718 1565 1050 1620 Possevinus
1077 1569 1143 1620 ad
1171 1567 1372 1620 calcem
1407 1567 1703 1634 Apparatus
1733 1564 1896 1626 sacri,
1936 1579 1987 1632 p.
2023 1579 2101 1626 m,
2128 1563 2218 1618 45.
2314 1611 2335 1632 η

292 1651 487 1704 Exstat
517 1669 736 1721 quoque
765 1654 816 1705 in
851 1654 1178 1706 bibliotheca
1221 1652 1508 1706 llodlciana
1545 1655 1595 1705 iu
1633 1667 1766 1705 mss.
1803 1651 2148 1705 Baroccianis
2184 1653 2374 1705 codice
2405 1655 2531 1720 212,
2569 1672 2720 1710 num.
2756 1657 2820 1720 4,
2864 1660 3092 1714 Andreae
3133 1660 3480 1719 Caesariensis

215 1740 452 1805 episcopi
479 1739 900 1793 Cowmentarius
929 1743 982 1793 in
1019 1742 1268 1810 Apocalyi
1290 1744 1388 1793 sint
1415 1740 1599 1794 Graece
1630 1740 1723 1793 fol.
1756 1739 1856 1791 108
1881 1757 1891 1790 :

1790 1739 1891 1791 08:
1928 1737 2193 1800 Πολλάκις
2220 1739 2462 1809 αἰτηθεὶς
2491 1742 2617 1804 ὑπό,
2644 1752 2749 1797 etc.
2788 1743 3030 1814 Itemque
3065 1748 3116 1800 in
3149 1749 3477 1808 bibliotheca

219 1835 407 1877 nostra
441 1824 972 1895 Lugduno-Batava,
1008 1831 1149 1882 inter
1181 1845 1311 1883 mss.
1353 1831 1566 1881 codices
1605 1827 1824 1880 Graecos
1852 1827 2023 1879 Isaaci
2074 1824 2275 1891 't'ossii,
2311 1829 2378 1881 ab
2412 1830 2532 1898 ejus
2567 1833 2874 1887 hatredibus
2906 1845 3137 1904 emptos,
3173 1840 3362 1894 codice
3391 1841 3480 1907 26,

219 1929 274 1964 ιι.
308 1915 361 1969 5,
403 1913 629 1966 Andt'cw
663 1914 918 1969 thsaicte
940 1915 1317 1984 archiepiscopi
1353 1916 1775 1968 (.‘omntenturins
1806 1916 1857 1967 in
1885 1914 2277 1984 Apocalypsim.

292 2020 602 2076 Bernartius
650 2024 718 2075 de
760 2023 1135 2086 Moutfaucon,
1174 2026 1483 2078 monachus
1517 2024 1900 2079 Benedictinus
1949 2028 2391 2096 congregationis
2441 2030 2628 2084 Sancti
2670 2030 2840 2086 Mauri
2882 2034 2934 2087 in
2969 2033 3161 2102 Gallia,
3202 2037 3256 2092 in
3291 2039 3481 2098 Diario

217 2107 436 2169 Italico,
487 2125 632 2162 anno
697 2111 856 2172 I702,
892 2110 1118 2165 Parisiis
1156 2113 1206 2164 iu
1261 2113 1313 2174 4,
1378 2113 1519 2181 apud
1551 2111 1812 2166 Joannem
1857 2115 2093 2167 Anisson
2149 2117 2437 2186 impresso,
2473 2133 2593 2187 cap.
2629 2119 2716 2182 15,
2758 2121 3040 2190 splendide
3072 2125 3368 2182 admodum
3403 2130 3480 2183 lo-

217 2198 403 2264 quitur
430 2197 495 2249 dc
530 2199 858 2252 bibliotheca
892 2203 1286 2253 monachorum
1324 2201 1508 2253 Sancti
1554 2201 1737 2253 Basilii
1776 2200 1983 2264 Ilomaa,
2019 2217 2180 2270 quam
2218 2204 2413 2258 Petrus
2459 2205 2771 2272 Mennitius,
2810 2210 3020 2265 ordinis
3061 2212 3374 2284 praefectus,
3402 2219 3481 2272 in-

218 2289 366 2352 genti
407 2283 721 2339 Graecorum
758 2303 891 2340 mss.
930 2289 1086 2356 copia
1119 2287 1369 2341 codicum
1401 2288 1708 2350 adornavit,
1745 2305 1882 2357 quos
1917 2289 1970 2342 in
2010 2291 2176 2344 variis
2205 2292 2310 2344 sibi
2346 2293 2608 2362 subjectis
2654 2295 2922 2352 Calabriae
2956 2305 3339 2368 monasteriis,
3362 2283 3480 2362 Vnc-

217 2373 428 2436 glectos
463 2374 805 2442 intactosque
847 2375 1034 2443 jacere
1083 2376 1384 2428 audiverat.
1424 2375 1534 2429 Hos
1563 2377 1706 2428 inter
1737 2377 1924 2441 libros,
1961 2379 2152 2445 pagina
2184 2378 2309 2443 216,
2342 2393 2629 2435 enumerat
2675 2384 2840 2453 hujus
2876 2390 3057 2454 operis
3089 2393 3228 2447 duos
3264 2395 3484 2452 codices

217 2459 441 2514 Craecos
497 2475 631 2515 mss.
684 2462 737 2514 in
773 2462 873 2515 hac
914 2461 1244 2514 bibliotheca
1282 2472 1581 2525 exstantes,
1614 2463 1697 2517 his
1722 2463 1902 2518 verbis
1936 2483 1948 2518 :
1979 2483 1997 2514 ι
2036 2466 2216 2520 Codex
2256 2467 2616 2539 bombycinus
2656 2488 2748 2524 xiv
2800 2475 2986 2529 smculi
3026 2495 3040 2530 :
3080 2477 3330 2549 ’Λνδρέου
3371 2463 3482 2538 ’τοῦ

215 2548 526 2612 ἁγιωτάτου
561 2548 991 2616 ὀρχιεπισκόπου
1029 2550 1365 2619 Καισαρείας
1397 2551 1491 2618 τῆς
1550 2552 1965 2618 Καππαδοκίας,
1994 2555 2094 2624 τῆς
2123 2557 2260 2624 πρὸς
2289 2557 2349 2610 τὸ
2388 2558 2617 2629 Ἀργὲω,
2648 2563 2727 2625 είς
2754 2563 2850 2632 τὴν
2895 2548 3264 2640 Ἀποκάλυψιν
3306 2573 3483 2645 ἑρμη-

215 2638 358 2688 νεία.
388 2636 644 2690 lni-ium:
677 2637 942 2699 Πολλάκις
975 2638 1218 2708 αἰτηθεὶς
1242 2639 1366 2702 ὑπό,
1393 2649 1496 2694 etc.
1536 2639 1648 2694 Hoc
1673 2650 1777 2706 cst,
1807 2645 1904 2695 Ant

1807 2645 2028 2699 Andreae
2049 2649 2372 2702 sanctissimi
2411 2651 2790 2720 archiepiscopi
2815 2653 3074 2711 Ctrsarete
3103 2636 3479 2730 Cappadociae,

217 2725 288 2774 ad
323 2735 551 2777 montem
603 2732 871 2794 Argivum,
909 2727 1272 2794 interpretatio
1325 2729 1379 2779 in
1414 2728 1806 2798 Apocalypsim,
1844 2743 1948 2787 etc.
1989 2735 2138 2801 Opus
2186 2752 2452 2792 excusum
2489 2754 2614 2793 cum
2667 2743 3006 2798 sanctissimi
3048 2725 3277 2804 Joannis
3309 2725 3476 2824 Chry;

216 2813 450 2865 sustomi
482 2813 764 2882 operibus.
793 2824 845 2866 et
881 2817 1111 2868 Andreae
1144 2815 1393 2868 Cretensi
1435 2816 1593 2884 \ulgo
1636 2817 1999 2884 adjudimtur.
2037 2821 2168 2876 ltcm
2203 2840 2327 2895 pag.
2363 2824 2489 2893 221,
2526 2828 2594 2882 de
2628 2829 2816 2884 codice
2843 2830 3015 2885 altero
3045 2843 3100 2887 et
3129 2813 3443 2906 antiquiore
3465 2880 3480 2906 ,

215 2899 449 2953 Andreae
477 2898 744 2954 Cretensis
779 2902 830 2952 in
860 2901 1231 2972 Apocalypsim
1269 2904 1318 2954 iu
1368 2903 1555 2957 codice
1590 2904 1939 2975 bombycino,
1980 2910 2090 2974 ubi,
2131 2911 2325 2968 deletis
2357 2913 2424 2969 iis
2454 2931 2574 2983 quae
2601 2918 2752 2985 prius
2788 2918 2989 2986 scripta
3029 2898 3482 2991 {uernum-erant;

215 3005 326 3056 que
374 3003 424 3040 xi
455 2989 662 3050 saeculi,
701 2993 803 3042 hoc
833 2989 1064 3043 Andreae
1095 3007 1232 3059 opus
1271 2992 1606 3061 descriptum
1646 2992 1765 3047 fuit.
1796 2996 2027 3052 Andreae
2060 3000 2323 3055 Caesarea;
2355 3003 2408 3055 in
2447 3003 2792 3074 Cappadocia
2835 3007 3117 3079 episcopo,
3148 2989 3292 3068 idem
3342 3031 3482 3088 opus

215 3078 473 3144 superius
509 3077 826 3130 ascribitur.
855 3096 875 3128 ι
907 3077 1030 3132 Ilaec
1056 3077 1365 3134 Bernardus
1397 3082 1463 3135 de
1493 3080 1848 3135 Moutfaucon
1879 3084 1996 3137 loco
2032 3087 2223 3140 citato.

295 3166 556 3219 Ditlusius
583 3166 684 3219 ista
720 3167 901 3231 retuli,
938 3179 995 3220 ut
1027 3169 1322 3222 maximam
1357 3179 1566 3237 partem
1596 3169 1910 3224 Graecorum
1947 3188 2079 3227 mss.
2113 3175 2364 3228 codicum
2393 3176 2443 3230 in
2474 3175 2705 3247 Europae
2741 3181 3086 3240 bibliothecis
3120 3188 3478 3260 exstantium,

215 3251 449 3306 Andrea-
477 3254 744 3307 Caesarea:
770 3253 1156 3324 Cappadocum
1186 3257 1596 3326 archiepiscopo
1627 3255 1896 3312 favente».
1930 3275 2050 3314 esse
2086 3261 2256 3315 lector
2278 3263 2464 3317 audiat
2500 3282 2512 3318 :
2539 3282 2774 3333 quorum
2804 3285 2945 3326 unus
2975 3283 3185 3330 tantum
3209 3251 3476 3350 Origenis,

217 3343 330 3394 duo
371 3340 628 3395 Methodii
667 3347 946 3407 monachi,
992 3359 1138 3397 unus
1171 3346 1404 3399 Andreae
1451 3344 1750 3407 Cretensis.
1785 3347 2029 3415 quinque
2075 3359 2255 3402 autem
2285 3350 2518 3406 Andreae
2556 3355 2910 3412 Caesariensis
2952 3340 3350 3436 archiepiscopi
3383 3340 3473 3425 no;

220 3446 343 3481 lucu
374 3444 484 3497 pra:
512 3445 570 3482 se
603 3429 796 3483 lerant.
830 3430 1003 3499 Majus
1043 3442 1224 3485 autem
1257 3432 1436 3486 adhuc
1467 3442 1850 3501 argumentum
1883 3437 1950 3488 ad
1977 3434 2503 3494 Commentationem
2535 3442 2666 3497 huic
2693 3446 2921 3502 Andreae
2951 3429 3353 3510 attribueridaiii
3381 3458 3479 3512 de-

217 3526 532 3571 sumerctur
565 3532 628 3571 ex
659 3517 1071 3573 Commentario
1093 3518 1330 3588 Arethaz,
1368 3521 1627 3574 Caesarea:
1663 3519 2048 3590 Cappadocum
2092 3528 2513 3599 archiepiscopi,
2551 3532 2602 3584 in
2638 3532 3047 3607 Apocalypsim,
3077 3540 3263 3598 Graece
3289 3556 3342 3598 et
3372 3544 3480 3600 La-

219 3616 332 3658 tmc
369 3602 595 3657 Parisiis
630 3620 775 3659 anno
814 3606 942 3659 I631
981 3608 1048 3660 ad
1079 3608 1282 3661 calcem
1317 3611 1555 3677 Uperum
1579 3608 1904 3665 (licumenii
1934 3615 2226 3684 impresso,
2266 3633 2389 3689 pag.
2420 3619 2547 3686 640,
2584 3602 2696 3676 sub
2738 3602 3130 3684 hoc-lemmate
3166 3648 3179 3684 :
3229 3633 3321 3686 Ἐκ
3371 3636 3480 3689 τῶν

229 3693 457 3762 Ἀνδρέᾳ
501 3693 575 3762 τῷ
627 3697 1033 3765 μακαριωτάτῳ
1077 3699 1496 3769 ἀρχιεπισκόπῳ
1531 3701 1868 3770 Καισαρείας
1919 3703 2318 3768 Καππαδοκίας
2355 3707 2435 3768 είς
2494 3707 2592 3778 τὴν
2655 3709 3028 3782 Ἀποκάλυψιν
3078 3721 3478 3789 πεπονημένωι

216 3781 527 3849 θεαρέστως
560 3779 780 3850 σύνοψις
826 3784 1050 3853 σχολικὴ
1101 3785 1474 3853 παρατεθείσα
1519 3787 1624 3839 ὑπὸ
1661 3789 1856 3858 Ἀρείοα
1892 3791 2112 3855 ἀναξίου
2159 3796 2462 3847 ἐπισκόπου
2509 3797 2610 3866 τῆξ
2665 3799 3004 3871 Καισαρείας
3056 3805 3477 3876 Καππαδοκίας.

215 3868 403 3922 Brevis
430 3873 675 3938 quaedam
707 3871 1011 3939 Explicatio
1042 3887 1105 3924 ex
1136 3873 1540 3927 Commentariis
1567 3877 1860 3931 beatissimi
1891 3879 2116 3932 Andreae
2147 3879 2405 3935 Caesarea
2436 3882 2792 3952 Cappadocia:
2819 3868 3196 3962 archiepiscopi
3229 3868 3478 3954 divinitus

215 3959 530 4021 elaboratis,
562 3959 804 4026 exposita
826 3959 890 4011 ab
918 3960 1113 4012 Aret/ta
1144 3961 1358 4030 indigno
1388 3961 1649 4016 Cwsarew
1683 3964 2034 4033 Cappadociae
2056 3969 2316 4036 episcopo.
2361 3971 2493 4024 Cum
2528 3982 2707 4027 autem
2738 3977 2824 4030 hic
2847 3980 3083 4047 scriptor
3112 3959 3196 4037 vix
3215 3995 3340 4039 ante
3373 4002 3479 4040 sa:-

215 4045 326 4096 culi
357 4061 410 4098 ix
456 4045 694 4098 medium
737 4047 1025 4116 scripsisse
1067 4052 1212 4102 hunc
1245 4051 1708 4104 Commentariqu
1746 4055 2024 4118 credatur,
2070 4056 2302 4110 Arcthas
2347 4058 2606 4113 Ecclesiae
2644 4062 2891 4131 ejusdem
2926 4045 3371 4143 archiepiscopus
3426 4088 3480 4132 ct

217 4133 455 4186 Andreae
477 4147 790 4198 successor,
821 4135 916 4203 qui
940 4151 1086 4189 anno
1116 4136 1220 4190 914
1251 4145 1405 4190 certo
1434 4137 1716 4206 praefuisse
1748 4142 1964 4214 legitur,
1997 4149 2151 4200 testis
2183 4149 2412 4204 idoneus
2441 4160 2494 4203 et
2524 4153 2673 4205 omni
2701 4157 3025 4225 exceptione
3059 4133 3233 4231 major
3261 4133 3376 4232 est,
3408 4169 3476 4222 ad

216 4221 746 4275 commentationem
783 4221 925 4277 hanc
953 4225 1182 4280 Andreae
1210 4226 1597 4294 praedecessori
1652 4236 2025 4302 asserendam,
2053 4235 2210 4306 cujus
2242 4238 2310 4292 ab
2343 4247 2501 4294 aetate
2538 4241 2699 4297 anuis
2728 4242 2797 4296 60
2837 4221 2919 4300 vel
2951 4221 3166 4306 circiter
3205 4221 3479 4310 recentior

218 4308 395 4364 fuisse
427 4310 678 4364 habetur.

290 4419 412 4473 Jam
449 4420 516 4474 ad
547 4421 813 4476 editiones
853 4421 1017 4492 hujus
1048 4424 1254 4493 operis,
1301 4441 1420 4495 quae
1446 4442 1639 4482 omnes
1670 4430 1771 4483 sub
1799 4430 2030 4486 Andreae
2061 4433 2322 4490 Caesareae
2371 4436 2754 4508 Cappadocum
2808 4445 3205 4520 archiepiscopi
3255 4455 3478 4508 nomine

222 4518 470 4569 exstant,
517 4509 820 4564 veniamus.
865 4509 1107 4564 Primam
1153 4513 1396 4566 omnium
1431 4529 1495 4568 ex
1533 4531 1666 4570 mss.
1716 4519 1998 4576 codicibus
2035 4521 2298 4578 Bavarico
2347 4537 2402 4580 et
2443 4529 2784 4597 Augustano,
2823 4509 3225 4593 edidit-Latine
3265 4549 3475 4595 tantum

217 4593 544 4651 Theodorus
579 4595 839 4653 Peltanus
885 4597 1015 4652 Soc.
1063 4597 1216 4661 Jesu,
1251 4617 1395 4653 anno
1431 4603 1590 4668 1584,
1621 4603 1955 4674 lngolstadii,
2001 4609 2055 4662 in
2114 4610 2169 4664 4.
2238 4613 2479 4667 Alteram
2511 4593 2698 4671 drance
2734 4593 2786 4673 et
2816 4620 3004 4676 Latine
3047 4638 3172 4678 cum
3209 4642 3342 4681 mss.

219 4682 439 4737 dicibus
470 4685 748 4747 collatam,
799 4687 1055 4755 notisque
1086 4686 1407 4741 illustratam
1457 4688 1768 4748 Fridericus
1811 4693 2122 4768 Silburgius
2153 4697 2527 4772 Heidelbergae
2555 4719 2702 4759 anno
2730 4707 2890 4771 1596,
2926 4709 2979 4762 iu
3012 4709 3164 4779 folio,
3196 4730 3319 4783 quae
3347 4733 3474 4771 cum

217 4767 490 4837 Operibus
519 4771 696 4825 sancti
729 4771 956 4828 Joannis
984 4773 1362 4845 Chrysoslomi
1394 4776 1828 4837 Graeco-Latinis
1863 4767 2123 4838 editiOnis
2151 4767 2505 4843 Commelina:
2532 4791 2753 4863 adjungi
2787 4767 2948 4862 solet,
2979 4767 3163 4868 atque,
3184 4767 3476 4858 aliain—ha:

219 4858 383 4910 betur
427 4868 576 4911 tomo
632 4857 744 4912 VIII
782 4861 1112 4914 lllorellianae
1159 4864 1418 4918 editionis
1472 4866 1906 4925 Graeco-Latina:
1940 4872 2268 4930 Parisiensis
2316 4876 2369 4930 in
2408 4875 2567 4933 folio.
2598 4857 2779 4936 Editio
2811 4857 2992 4938 a'ute'ui
3041 4857 3251 4944 Peltani
3281 4857 3472 4948 Latina

220 4947 441 4999 transiit
468 4947 522 4999 in
557 4945 940 5002 Bibliothecam
985 4947 1230 5002 Veterum
1262 4949 1488 5004 Patrum
1525 4955 1773 5010 omnium
1803 4957 1919 5014 fere
1948 4961 2269 5027 editionum,
2306 4964 2434 5016 anni
2472 4964 2629 5031 I589,
2660 4966 2886 5026 Parisiis
2914 4981 3062 5028 tomo
3092 4976 3133 5042 I,
3163 4978 3268 5032 col.
3307 4945 3473 5046 1262‘,

220 5035 381 5096 1609,
413 5033 640 5132 Parisiis
668 5046 818 5090 torno
847 5037 888 5102 I,
919 5037 1025 5132 col.
1056 5037 1233 5102 I049;
1283 5039 1442 5106 1624,
1474 5041 1701 5098 Parisiis
1725 5056 1879 5100 tomo
1908 5047 1947 5110 Ι,
1979 5050 2084 5103 col.
2117 5049 2289 5116 I529;
2331 5051 2488 5117 1654,
2531 5052 2759 5110 Parisiis
2817 5058 2869 5112 in
2899 5060 3088 5132 Magna
3120 5033 3473 5123 'BibliOtheca'

223 5123 479 5175 Veterum
505 5119 725 5176 Patrum
756 5134 904 5178 tonio
923 5121 964 5188 l,
993 5125 1099 5178 col.
1122 5125 1262 5180 1529
1288 5142 1464 5196 usque
1485 5131 1550 5183 ad
1575 5131 1680 5185 col.
1709 5132 1868 5186 1622.
1904 5133 1998 5190 Sic
2027 5146 2205 5191 autem
2237 5136 2287 5190 in
2314 5137 2641 5197 Praeiatione
2671 5143 2878 5201 Latina:
2896 5119 3016 5202 sua:
3033 5119 3304 5209 versionis
3329 5119 3474 5209 anno

221 5209 382 5274 1584,
409 5209 719 5278 lngolstadii
747 5210 799 5262 in
829 5211 883 5276 4,
904 5213 1062 5266 edita:
1089 5211 1410 5270 Theodorus
1435 5216 1725 5273 Peltanus:

298 5321 316 5350 ι
350 5301 486 5365 Quis
509 5300 899 5356 Commentarii
929 5303 1094 5373 hujus
1125 5315 1318 5360 auctor
1349 5310 1638 5374 exstiterit,
1669 5313 1899 5369 candide
1937 5311 2154 5372 Lector.
2196 5315 2334 5370 satis
2379 5318 2598 5386 opinor,
2633 5335 2701 5375 ex
2746 5323 2902 5377 titulo
2936 5326 3034 5379 toti
3070 5329 3220 5397 Operi
3251 5331 3472 5398 praeﬁxo

214 5400 403 5458 aperte
433 5399 668 5442 constat.
699 5387 820 5458 Quo
846 5400 1090 5459 tempore
1121 5404 1301 5448 autem
1335 5396 1536 5451 vixerit
1593 5407 1688 5452 aut
1735 5398 2063 5457 Caesariensi
2117 5402 2377 5460 Ecclesiae
2413 5407 2715 5476 praefuerit,
2748 5410 2801 5465 id
2849 5423 3000 5467 certo
3036 5387 3277 5470 nondum
3321 5433 3474 5473 com-

232 5477 372 5545 peri.
406 5474 611 5530 Basilio
635 5475 830 5546 Magno
855 5478 1097 5547 ejusdem
1125 5480 1271 5534 sedis
1296 5485 1540 5539 antistite
1566 5488 1930 5555 posteriorem
1965 5490 2159 5555 fuisse,
2191 5501 2344 5548 extra
2374 5474 2807 5553 controversiam
2843 5510 2948 5565 est,
2997 5513 3058 5557 ut
3105 5504 3195 5573 qui
3239 5521 3345 5558 non
3379 5523 3469 5561 se-

219 5564 327 5618 mel
352 5563 406 5615 iti
440 5563 547 5617 hoc
581 5563 988 5619 Commentario
1019 5568 1351 5623 nominetur.
1378 5571 1645 5628 Caeterum
1678 5577 1745 5630 ad
1789 5577 1913 5632 libri
1947 5579 2108 5649 hujus
2137 5579 2668 5652 interpretationem,
2725 5563 2943 5655 praeter»
2977 5563 3265 5647 utilitatem
3304 5610 3467 5662 quam

219 5653 348 5705 inde
389 5651 442 5704 iu
487 5651 791 5705 Ecclesiam
836 5653 1016 5709 redire
1051 5670 1212 5725 posse
1237 5660 1546 5727 sperabam,
1583 5663 1692 5717 duo
1723 5669 1994 5737 praecipue
2023 5684 2110 5722 me
2145 5669 2482 5738 impulerunt
2536 5691 2549 5726 :
2597 5676 2782 5744 operis
2839 5678 3078 5734 brevitas
3131 5695 3229 5735 seu
3277 5662 3471 5738 verius

215 5740 464 5808 ejusdem
504 5737 874 5803 rnediocritas,
902 5749 957 5793 et
984 5744 1231 5797 codicmn
1268 5745 1582 5803 Graecorum
1617 5764 1876 5820 praeterea
1913 5773 2018 5810 non
2048 5757 2181 5812 levis
2213 5737 2597 5816 commoditas.
2629 5761 2766 5818 Nam
2820 5780 3017 5836 praeter
3048 5770 3300 5836 praesidia
3351 5788 3472 5840 qua:

215 5829 282 5883 ad
335 5843 459 5883 eam
490 5842 605 5882 rem
639 5828 1005 5895 suppeditavit
1046 5833 1382 5902 amplissima
1416 5836 1504 5891 illa
1545 5839 1808 5912 principis
1839 5842 2085 5900 Bavariae
2117 5846 2469 5915 bibliotheca,
2501 5853 2765 5922 singulari
2793 5828 2980 5910 favore
3005 5828 3060 5909 et
3095 5828 3472 5913 benevolentia

531 5925 805 5985 PATROL.
839 5929 956 5988 Gn.
989 5928 1148 5989 Cl'l.
3088 5955 3124 6011 7
