4276 6438
789 383 895 448 203
1963 397 2319 458 ANDREAS
2357 399 2478 460 (ΞίΕὲ

2371 399 2894 462 CIASSARIENSIS-
3954 405 4060 472 204

788 507 984 560 nobilis
1016 513 1071 560 et
1102 509 1594 566 senatoriiordinis
1627 512 1753 579 viri,
1786 513 1996 568 domini
2025 513 2242 580 Quirini
2288 517 2587 589 ltellingeri
2623 540 2636 575 :
2670 521 2816 574 aliud
2854 527 3224 588 pcrvetustum
3274 521 3557 591 exemplar
3609 535 3674 575 ex
3733 520 4059 591 reipublicm

785 594 1120 662 Augustante
1147 596 1477 651 bibliotheca
1508 599 1816 668 impetravi,
1855 603 2000 671 quod
2029 619 2164 659 sane
2192 605 2491 675 plurimum
2527 609 2659 661 mihi
2692 609 2946 662 contulit.
2976 606 3246 672 Quamvis
3276 608 3421 661 enim
3459 621 3583 677 quae
3611 608 3824 662 ducalis
3853 609 4059 663 biblio-

793 682 951 738 theca
983 684 1449 754 suppeditaverat,
1491 689 1556 740 ad
1586 689 1633 741 id
1662 689 1807 757 quod
1837 690 2207 757 institueram,
2244 694 2378 748 satis
2403 709 2524 750 esse
2558 696 2855 764 potuerint,
2889 696 3242 765 Augustanus
3265 705 3446 748 tamen
3479 696 3648 749 codex
3696 697 3886 751 multis
3918 697 4057 752 locis

781 785 1046 840 perquam
1079 782 1429 841 opportunus
1463 775 1594 828 mihi
1627 774 1749 829 fuit.
1785 774 2224 833 llabebatautem
2263 781 2308 834 is
2343 795 2451 834 non
2476 781 2710 835 Andreae
2734 780 3115 845 Caesariensis,
3144 782 3238 835 sed
3269 780 3524 834 Methodii
3559 781 3803 836 titulum.
3846 783 4052 837 Verum

782 858 832 910 id
873 860 1052 911 minus
1083 870 1253 923 recte,
1289 860 1557 930 siquidem
1593 862 1992 919 Commentarii
2046 867 2210 936 hujus
2240 866 2590 930 architectus,
2627 883 2751 921 cum
2793 869 2846 922 in
2878 870 3004 938 ipsa
3063 867 3407 938 praefatione,
3459 878 3574 922 tum
3624 869 3757 922 alibi
3803 884 4054 938 persape

779 945 1109 1000 Methodium
1143 955 1407 1004 nominat.
1445 951 1820 1008 Nihilominus
1853 964 2034 1008 tamen
2061 957 2153 1025 qui
2185 954 2500 1010 Graecorum
2538 954 2806 1011 librorum
2841 956 3080 1012 indicem
3108 957 3372 1019 confecit,
3416 956 3577 1022 culpa
3607 958 3836 1011 omnino
3872 968 4050 1011 caret.

778 1032 910 1088 Nam
948 1050 1072 1090 cum
1103 1039 1294 1106 prima:
1326 1039 1552 1108 pagella:
1591 1040 2061 1109 desiderarentur,
2099 1042 2411 1112 nulliusqtte
2449 1044 2583 1098 certi
2627 1044 2872 1098 auctoris
2924 1059 3124 1099 nomen
3157 1045 3289 1098 illud
3341 1043 3598 1097 volumen
3629 1046 3916 1113 praefixum
3949 1045 4052 1099 ha-

777 1123 947 1187 herct,
982 1126 1248 1192 probabili
1276 1127 1475 1182 ductus
1514 1129 1724 1183 ratione
1748 1169 1762 1195 ,
1784 1129 2060 1185 Methodio
2093 1146 2253 1200 quem
2290 1131 2345 1185 in
2369 1130 2599 1186 Joannis
2639 1131 3024 1203 Apocalypsim
3061 1132 3354 1202 scripsisse
3404 1133 3678 1195 audierat,
3731 1147 3873 1202 opus
3908 1133 4046 1187 illud

773 1212 1040 1266 attribuit.
1085 1230 1102 1262 ›

846 1298 972 1354 11ωο
1006 1298 1288 1365 Peltanus,
1325 1306 1537 1372 primus
1575 1305 1738 1373 hujus
1793 1306 1972 1374 operis
2005 1305 2207 1371 editor,
2259 1306 2352 1376 qui
2400 1305 2450 1360 in
2487 1305 2678 1359 multis
2724 1314 2936 1376 peccat,
2989 1306 3150 1377 cujus
3202 1321 3422 1361 errores
3477 1307 3619 1362 duos
3653 1307 4044 1361 animadverti.

772 1386 1037 1454 Primum,
1064 1389 1191 1443 dttnt
1227 1393 1302 1444 ait
1337 1392 1482 1445 hunc
1522 1403 1803 1445 auctorem
1835 1392 2045 1446 Basilio
2088 1392 2284 1462 Magno
2319 1393 2556 1463 ejusdem
2587 1395 2729 1447 sedis
2764 1395 3003 1448 antistite
3037 1396 3386 1464 posteriorem
3428 1395 3614 1464 fuisse,
3648 1406 3802 1448 extra
3833 1405 4040 1449 contro-

771 1479 994 1529 t'ersiant
1025 1488 1122 1540 est,
1157 1489 1212 1529 ut
1243 1479 1333 1545 qui
1361 1495 1464 1531 non
1488 1479 1651 1532 semel
1679 1481 1731 1532 in
1767 1479 1864 1532 hoc
1900 1479 2294 1534 Commentario
2335 1483 2651 1536 nominetur.
2700 1481 2814 1537 Hoc
2853 1483 3000 1537 enim
3035 1497 3224 1537 verum
3287 1499 3395 1536 non
3439 1493 3544 1546 est,
3593 1493 3648 1536 et
3696 1487 3975 1552 quomodo
4011 1501 4044 1538 a

769 1562 1058 1618 Theodoro
1095 1563 1320 1618 Peltano
1352 1567 1458 1619 dici
1495 1568 1760 1635 potuerit,
1800 1584 1908 1620 non
1944 1569 2101 1622 video
2134 1586 2148 1622 :
2185 1569 2385 1637 quippe
2415 1584 2536 1623 cum
2583 1569 2786 1622 nullam
2849 1585 3078 1639 prorsus
3131 1568 3316 1623 Basilii
3364 1569 3721 1624 Caesariensis
3763 1573 4044 1639 archiepi-

766 1652 915 1719 scopi
952 1651 1036 1706 vel
1068 1652 1297 1708 alterius
1333 1654 1583 1722 ejusdem
1614 1655 1876 1720 nominis,
1922 1655 2256 1710 mentionem
2289 1655 2372 1710 vel
2404 1655 2718 1710 citationem
2747 1655 2930 1714 faciat.
2965 1664 3023 1710 ut
3045 1657 3176 1710 tnihi
3214 1667 3473 1711 accurate
3512 1657 3710 1726 legenti
3760 1659 4035 1712 constitit.

771 1742 883 1793 Imo
914 1741 958 1794 si
993 1741 1330 1810 conjecturis
1364 1742 1754 1812 indulgendum
1792 1751 1957 1806 esset,
1991 1757 2116 1797 cum
2143 1750 2254 1795 tam
2289 1743 2586 1797 multorum
2615 1744 2946 1812 scriptorum
2997 1742 3373 1812 antiquiorum
3411 1741 3753 1812 frequentem
3799 1744 4038 1796 utentio-

768 1843 888 1878 ncm
927 1827 1114 1891 faciat,
1147 1829 1431 1896 altumque
1466 1831 1530 1882 de
1555 1829 1767 1884 Basilio
1797 1830 2134 1884 Cmsariensi
2163 1829 2443 1884 silentium
2471 1831 2728 1885 observet
2765 1848 2779 1883 :
2811 1831 2935 1884 inde
2962 1842 3288 1899 argumento
3313 1832 3595 1884 contrario
3623 1846 3722 1885 nec
3755 1832 4039 1900 improba-

767 1915 860 1967 bili
902 1914 1180 1984 conjicere
1206 1916 1415 1981 liceret,
1468 1930 1746 1972 auctorem
1794 1918 1939 1972 illius
1983 1919 2156 1972 fuisse
2195 1917 2466 1971 Andream
2507 1918 2670 1970 istum
2722 1917 3120 1972 Caesariensem
3175 1918 3673 1988 archiepiscopum,
3720 1921 3811 1988 qui
3865 1920 4043 1973 dubio

767 2004 978 2072 procul,
1023 2004 1201 2058 locum
1238 2004 1472 2074 aliquem
1509 2005 1712 2058 Basilio
1741 2005 1934 2074 Magno
1963 2006 2209 2074 ejusdem
2232 2005 2382 2060 sedis
2410 2005 2641 2058 antistiti
2673 2021 2800 2060 cuin
2829 2004 2950 2058 aliis
2975 2007 3345 2075 scriptoribus
3377 2007 3640 2073 dedisset,
3669 2009 3813 2062 unde
3864 2023 4030 2063 suum

764 2093 1236 2146 Commentarium
1273 2093 1481 2157 hausit,
1518 2109 1619 2146 nec
1648 2094 1716 2145 ab
1757 2109 1823 2147 eo
1854 2093 2078 2147 citando
2128 2103 2182 2147 et
2213 2093 2499 2162 allegando
2547 2108 2776 2162 prorsus
2829 2104 3213 2162 temperasset.
3269 2094 3545 2148 Secundus
3571 2111 3731 2150 error
3759 2106 3863 2159 est,
3899 2098 4036 2151 dum

764 2198 884 2249 cap.
921 2180 1014 2244 63,
1056 2190 1180 2250 post
1213 2181 1509 2251 allegatum
1552 2181 1842 2243 Irenaeum,
1873 2181 2006 2235 citat
2033 2181 2370 2235 Methodium
2404 2180 2776 2250 patriarcham
2821 2179 3500 2251 Constantinopolitanum
3535 2183 3620 2238 his
3663 2184 3852 2241 verbis
3904 2203 3918 2246 :
3967 2185 4033 2238 Et

765 2287 986 2338 magnus
1017 2272 1328 2340 patriarcha
1357 2271 1660 2325 Methodius
1693 2273 1746 2324 in
1772 2288 2010 2324 sermone
2046 2271 2112 2326 de
2155 2269 2602 2333 ltesurrectionc,
2654 2269 2721 2322 de
2765 2269 2846 2322 his
2883 2272 2959 2322 ita
2989 2270 3192 2334 scribit,
3241 2280 3350 2324 etc.
3397 2270 3511 2325 Hae
3563 2272 3712 2326 enim
3766 2273 3974 2327 citatio
4001 2289 4036 2328 c

765 2360 1095 2414 haberemus
1127 2371 1336 2428 aperte,
1374 2361 1701 2429 scriptorem
1740 2362 1885 2415 hunc
1917 2375 2023 2414 non
2053 2375 2177 2416 esse
2205 2358 2572 2428 antiquiorem
2623 2357 2834 2411 ultimis
2867 2358 3052 2412 saaculi
3085 2373 3138 2411 tx
3189 2358 3552 2427 temporibus.
3604 2356 3741 2413 Nam
3799 2359 3927 2414 licet
3959 2362 4034 2415 ad

767 2446 1102 2500 Mctltodium
1133 2447 1349 2518 (llympi
1380 2449 1698 2518 episcopum
1737 2457 1945 2516 spectet
1973 2448 2110 2501 liber
2143 2446 2208 2501 de
2239 2446 2643 2500 Resurrectione
2670 2462 2833 2515 quem
2856 2445 3081 2516 profert,
3117 2460 3242 2500 cum
3275 2456 3458 2500 tamen
3490 2447 3645 2502 illum
3682 2449 3938 2504 indoctus
3971 2460 4032 2503 et

764 2537 1018 2591 incautus
1048 2537 1148 2590 iste
1181 2537 1420 2605 scriptor
1447 2538 1550 2592 sub
1577 2537 1802 2591 nomine
1828 2536 2012 2607 Magni
2043 2537 2368 2603 patriarchae
2396 2537 2653 2590 Methodii
2687 2536 2952 2606 proferat,
2982 2536 3191 2591 diserte
3218 2537 3321 2592 hac
3351 2537 3783 2594 hallucinatione
3809 2549 4030 2594 aetatem

761 2641 917 2677 suam
952 2625 1154 2694 prodit,
1196 2641 1364 2694 seque
1397 2625 1599 2680 vixisse
1637 2634 1761 2694 post
1794 2634 2038 2694 tempora
2072 2623 2326 2678 Methodii
2352 2625 2673 2691 patriarcha:
2710 2622 3316 2692 Constantinopolitani,
3365 2640 3529 2694 quem
3585 2642 3714 2680 cum
3747 2625 4033 2682 Methodici

759 2711 972 2783 Olympi
1019 2711 1194 2783 Lycia:
1227 2728 1322 2766 seu
1389 2711 1673 2766 Patarensi
1727 2713 1990 2782 episcopo
2048 2713 2314 2767 confudit.
2373 2711 2680 2766 Methodius
2723 2724 2946 2774 autem,
3002 2713 3319 2781 patriarcha
3371 2711 4028 2783 Constantinopolitanus

757 2819 900 2855 anno
934 2802 1040 2856 842
1069 2803 1243 2857 factus
1269 2818 1299 2855 a
1328 2800 1594 2857 Michaele
1620 2801 1683 2854 lll
1709 2800 2201 2873 Porphyrogenito,
2251 2817 2396 2856 anno
2422 2801 2526 2855 847
2568 2801 2654 2857 die
2686 2800 2752 2854 14
2775 2798 2921 2854 Junii
2951 2801 3106 2865 obiit,
3134 2810 3194 2854 ut
3237 2801 3592 2857 habentActa
3615 2802 3844 2859 Joannis
3873 2805 4028 2857 Ana-

757 2897 990 2946 clmrcta:
1013 2895 1154 2962 apul
1181 2889 1494 2946 Simeonem
1529 2891 1976 2960 Metapltrastem.
2009 2890 2313 2945 Floruisset
2339 2903 2470 2958 ergo
2500 2890 2658 2959 juxta
2691 2889 2834 2944 hanc
2886 2888 3097 2942 Peltani
3129 2888 3463 2953 versionem,
3498 2890 3586 2944 hic
3629 2890 3878 2946 Andreas
3907 2889 4030 2947 Cte-

757 2981 1017 3034 sarieusis
1068 2980 1514 3048 archiepiscOptts
1542 2981 1656 3032 sive
1690 2994 2020 3049 anonymus,
2059 2988 2182 3048 post
2206 2978 2446 3032 medium
2483 2977 2666 3032 saeculi
2710 2977 2861 3040 noni,
2899 2975 3064 3029 annis
3088 2976 3309 3030 circiter
3337 2975 3410 3030 50
3450 2976 3726 3032 Methodio
3775 2982 4021 3048 patriar-

758 3071 859 3123 tha
889 3068 1284 3137 citatojunior.
1321 3067 1396 3120 Ita
1427 3078 1573 3121 certe
1602 3067 1761 3135 juxta
1794 3066 2046 3121 Latinam
2086 3067 2248 3136 hujus
2271 3066 2376 3120 loci
2402 3064 2706 3118 versionem
2746 3063 2798 3116 iit
2830 3061 3161 3115 Bibliotheca
3203 3062 3448 3116 Veterum
3501 3064 3728 3117 Patrum
3763 3067 4030 3122 editionis

757 3158 917 3221 1589,
949 3153 1179 3210 Parisiis
1207 3167 1359 3209 tomo
1395 3157 1436 3218 1,
1475 3155 1584 3208 col.
1617 3153 1777 3218 1262,
1809 3154 1986 3223 capite
2009 3153 2099 3216 63,
2130 3154 2236 3208 col.
2271 3149 2429 3213 1360,
2455 3156 2509 3200 et
2535 3146 2588 3200 in
2619 3145 2741 3200 aliis
2769 3145 3107 3200 editionibus
3132 3147 3412 3210 omnibus,
3433 3162 3608 3216 usque
3635 3149 3700 3202 ad
3723 3148 4028 3205 Maximam

758 3247 1182 3314 Lugdunensem
1221 3243 1550 3308 annilti‘ﬂ.
1587 3241 1692 3296 Sed
1726 3243 1914 3296 Grteca
1964 3243 2132 3296 editio
2173 3241 2335 3308 hujus
2375 3238 2556 3306 operis
2596 3237 2734 3290 inter
2767 3234 2946 3305 Opera
2996 3234 3059 3288 D.
3093 3235 3474 3307 Chrysostomi
3516 3239 3596 3294 sic
3633 3240 3832 3294 habet:
3876 3241 3938 3294 ὐ
3965 3243 4024 3294 δὲ

760 3337 938 3404 μέγας
971 3333 1233 3395 Μεθὸδιος
1259 3333 1316 3384 ὲν
1351 3331 1428 3401 τῷ
1457 3331 1596 3398 Περὶ
1638 3329 2034 3396 ἀναστάσεως
2069 3331 2213 3400 λόγῳ
2245 3327 2413 3384 αὐτοῦ
2442 3328 2449 3378 i

2334 3327 2413 3383 τοῦ
2442 3324 2659 3390 ἐξέθετο
2703 3325 2913 3389 οὕτως’
2967 3326 3232 3381 editionis
3273 3325 3632 3382 Commelittte
3685 3330 3814 3382 anni
3854 3329 4023 3396 1596,

758 3419 1131 3488 lleidclbergre
1173 3415 1227 3469 in
1257 3414 1378 3481 fo|.,
1414 3430 1582 3469 serm.
1616 3413 1707 3479 22,
1743 3414 1986 3470 sectione
2021 3413 2110 3478 63,
2145 3428 2269 3483 pag.
2301 3413 2391 3469 96.

820 3507 940 3562 Jam
976 3507 1042 3561 ad
1071 3515 1287 3560 aetatem
1322 3521 1427 3576 qua
1455 3505 1663 3560 vixisse
1685 3514 1738 3558 et
1761 3504 2049 3572 scripsisse
2077 3504 2167 3558 hic
2201 3514 2394 3558 auctor
2441 3504 2706 3565 creditur,
2754 3503 3102 3559 accedamus.
3139 3500 3381 3558 Joannes
3428 3500 3667 3557 Jacobus
3722 3503 3933 3560 Frisios
3965 3506 4024 3559 in

753 3595 1090 3648 Bibliotheca
1140 3591 1428 3645 universali
1469 3590 1742 3644 Andream
1772 3587 2037 3644 Cmsarea:
2083 3591 2400 3658 epise0pum
2457 3606 2604 3643 anno
2637 3590 2764 3654 579,
2795 3597 2850 3644 et
2903 3591 3166 3644 Aretham
3215 3589 3462 3659 ejusdem
3507 3589 3656 3644 sedis
3709 3593 4019 3647 antistitem

751 3699 896 3737 anno
927 3682 1028 3736 587
1058 3679 1533 3756 assignatpquem
1601 3686 1824 3732 secutus
1863 3688 1944 3730 est
1992 3677 2424 3748 Christophorus
2457 3678 2710 3735 llelvicus
2745 3680 2800 3734 in
2837 3678 3066 3733 Theatra
3096 3679 3377 3744 historico,
3410 3694 3533 3748 pag.
3579 3678 3706 3743 106,
3753 3682 4022 3736 editionis

753 3769 1030 3841 Marpnrgi
1064 3767 1349 3822 Cattoruin
1392 3767 1550 3830 1638,
1588 3768 1639 3819 in
1676 3765 1828 3819 folio.
1869 3764 1945 3818 Ita
1983 3776 2041 3818 ut
2073 3766 2268 3820 ambos
2290 3770 2392 3823 sibi
2425 3773 2772 3842 synchronos
2803 3772 3125 3826 constituat.
3148 3769 3472 3826 Guillelmus
3500 3772 3713 3827 Caveas
3739 3772 3792 3826 in
3829 3773 4021 3828 [listo-

749 3858 836 3910 ria
870 3859 946 3912 rei
975 3857 1257 3910 litterarii:
1287 3871 1376 3909 seu
1411 3855 1476 3909 de
1509 3854 1858 3923 scriptoribus
1893 3853 2308 3921 Ecclesiasticis,
2339 3859 2615 3913 Andream
2647 3874 2792 3913 anno
2823 3858 2946 3923 500,
2978 3873 3099 3927 pag.
3124 3857 3251 3922 379,
3283 3857 3544 3912 Arethatn
3581 3873 3730 3914 anno
3757 3861 3863 3914 510
3895 3863 4018 3914 alli-

751 3957 864 4018 gat,
902 3946 1299 4002 Bellarminum
1325 3945 1425 3999 hac
1459 3945 1511 3998 in
1543 3954 1698 4014 parte
1726 3943 2103 3998 ementientem
2124 3945 2434 4013 amplexus.
2471 3946 2710 4002 Jacobus
2765 3947 3088 4002 Perizonius
3127 3947 3178 3999 in
3212 3945 3432 4000 erudita
3483 3944 3884 4002 Dissertatione
3917 3951 4023 4003 ad-

749 4034 1317 4090 \ersus_Grtmoviutn
1345 4034 1612 4103 collegam
1645 4033 1707 4086 de
1737 4041 1904 4085 marte
1934 4030 2093 4084 Iuda:
2125 4042 2173 4085 et
2205 4049 2323 4086 voce
2355 4034 2438 4087 τοῐ

2355 4034 2451 4087 τοῦ
2475 4035 2848 4104 ἀπάγχεσθαι,
2904 4049 3026 4103 cap.
3072 4035 3126 4098 4,
3174 4049 3298 4103 pag.
3334 4033 3426 4098 40,
3463 4033 3534 4088 de
3578 4034 3665 4088 his
3699 4035 3917 4089 duobus
3943 4040 4017 4090 ita

750 4125 1014 4196 loquitur.
1059 4144 1076 4175 r
1117 4125 1184 4177 At
1212 4123 1448 4177 Arethas
1483 4121 1588 4175 iste
1619 4121 1896 4176 contraxit
1936 4121 2172 4175 Andreae
2200 4120 2554 4175 Caesariensis
2593 4119 3038 4172 Commentarios
3071 4117 3124 4171 in
3171 4118 3473 4186 epitomen,
3511 4126 3677 4185 atque
3699 4118 3822 4171 ideo
3855 4119 4018 4174 locu-

749 4214 929 4266 tiones
961 4213 1144 4264 sinon
1184 4210 1346 4278 plane
1372 4202 1674 4271 olunes,'ut
1704 4208 1974 4277 plora-que
2000 4216 2129 4261 sunt
2175 4207 2320 4261 illius
2371 4207 2624 4267 Andreae,
2677 4205 2771 4274 qui
2801 4204 3006 4258 seculo
3039 4219 3116 4269 tv,
3161 4203 3437 4260 successit
3478 4203 3684 4259 Basilio
3725 4203 3924 4275 Magno
3960 4210 4019 4262 in

746 4301 1142 4354 Caesariensem
1182 4297 1543 4366 Cappadocia:
1566 4297 1966 4365 episcopatum.
2004 4294 2109 4349 Sed
2138 4303 2192 4348 et
2221 4295 2452 4348 Arethus
2477 4294 2592 4362 ipse
2626 4291 2858 4347 refertur
2891 4292 2962 4346 ad
2999 4293 3262 4347 saeculum
3301 4307 3376 4356 vr,
3419 4303 3584 4362 atque
3617 4295 3688 4347 ita
3715 4293 3875 4365 longe
3907 4311 4013 4350 an-

748 4390 955 4458 tiquior
993 4398 1077 4440 est
1107 4385 1524 4455 jurisconsultis
1559 4384 1655 4453 qui
1695 4383 1933 4436 Basilica
1963 4381 2342 4443 confecerunt,
2369 4391 2424 4436 et
2454 4396 2689 4451 quorum
2736 4390 2919 4434 tamen
2968 4383 3299 4436 auctoritate
3336 4381 3412 4436 ad
3456 4381 3794 4451 probandam
3854 4385 4012 4438 verbi

746 4476 1100 4546 ἀπάγχεσθαι
1129 4473 1608 4543 signiﬁcationem,
1637 4470 1812 4523 utitur
1839 4470 1919 4523 vir
1948 4470 2291 4524 clarissimus
2321 4468 2590 4525 Henricus
2623 4469 2957 4538 Stephanus,
2993 4485 3046 4537 p.
3080 4471 3169 4525 68.
3200 4488 3217 4521 t
3265 4469 3391 4524 liae
3440 4470 3659 4524 incaute
3703 4471 3782 4522 vir
3810 4471 4019 4528 doctus

745 4552 994 4635 scripsit.
1026 4562 1204 4632 cujus
1225 4561 1409 4616 verbis
1436 4560 1628 4630 paucis
1659 4568 1770 4612 tres
1802 4572 2021 4610 errores
2047 4555 2260 4611 insunt.
2295 4555 2510 4610 Primus
2545 4557 2673 4612 dum
2699 4557 2974 4611 Andream
3003 4555 3266 4611 Caesarea:
3300 4557 3690 4626 Cappadocum
3736 4559 4013 4629 archiepi-

744 4669 971 4723 scopmn
1003 4652 1206 4707 saeculo
1240 4666 1292 4703 tv
1324 4650 1590 4717 assignat,
1623 4647 1718 4716 qui
1752 4646 1934 4700 medio
1967 4644 2152 4699 seculi
2179 4661 2229 4698 tx
2263 4646 2507 4699 anterior
2537 4657 2777 4700 nonest.
2811 4645 3086 4698 Secundus
3121 4645 3250 4700 dum
3281 4645 3560 4699 Andream
3589 4645 3843 4700 eumdem
3876 4663 4008 4702 suc-

743 4743 984 4796 cessisse
1018 4741 1190 4809 inquit
1223 4737 1427 4792 Basilio
1484 4735 1680 4803 Magno
1709 4731 1976 4787 Caesarea:
2033 4731 2422 4800 Cappadocum
2477 4734 2918 4803 archiepiscopo,
2966 4734 3058 4801 qui
3107 4747 3254 4786 anno
3308 4731 3415 4787 369
3446 4733 3748 4802 episcopus
3799 4733 4008 4801 factus,

741 4849 888 4888 anno
920 4832 1025 4886 578
1062 4831 1162 4886 sub
1215 4829 1484 4885 Gratiano
1531 4837 1585 4882 et
1619 4825 2008 4880 Valentiniano
2042 4837 2294 4879 mortuus
2344 4832 2426 4877 est
2461 4822 2720 4876 Kalendis
2758 4820 3029 4884 Januarii,
3060 4821 3216 4889 juxta
3265 4819 3562 4874 Baronium
3621 4821 3675 4874 in
3709 4820 4013 4878 Annalibus

740 4921 1138 4978 ecclesiasticis.
1171 4918 1383 4972 Tertius
1415 4919 1542 4971 dum
1582 4916 1841 4970 Aretham
1874 4914 2077 4968 δωειηο
2109 4930 2158 4968 vt
2193 4914 2380 4977 refert,
2433 4924 2596 4979 quem
2636 4919 2823 4978 postea
2852 4909 3056 4964 seculo
3089 4924 3120 4961 x
3157 4910 3225 4962 ad
3258 4923 3464 4961 annum
3498 4907 3604 4963 914
3657 4919 3709 4964 et
3749 4908 3858 4964 920
3889 4912 3999 4965 cla-

776 5013 921 5066 uisse
952 5009 1334 5066 nrobabimus.

744 5027 921 5067 ruisse
996 5026 1334 5064 rouatnmus.

811 5095 932 5150 Jatn
952 5026 1158 5162 ligitur,
1189 5102 1248 5146 ut
1275 5094 1455 5147 attatis
1485 5091 1748 5161 epocham
1784 5088 2190 5158 aggrediamur,
2220 5096 2345 5156 post
2377 5095 2643 5140 attentam
2673 5083 3069 5139 Commentarii
3097 5082 3286 5153 hujus,
3314 5092 3374 5136 ut
3411 5082 3622 5152 aliquid
3654 5083 3722 5137 ab
3745 5098 3813 5138 eo
3849 5086 4008 5155 expi-

740 5200 1046 5247 scaremur,
1082 5183 1444 5251 iteratamque
1479 5180 1766 5235 lectionem
1806 5196 1817 5230 :
1845 5179 1969 5231 dico
1999 5177 2144 5230 hunc
2165 5176 2440 5229 Andream
2471 5173 2865 5228 Caesariensem
2909 5173 3412 5242 archiepiscopum,
3437 5171 3599 5241 hujus
3641 5172 4012 5242 expositionis

737 5273 1110 5336 collectorcm,
1142 5270 1247 5326 sub
1271 5267 1462 5325 sazculi
1495 5276 1707 5321 tantum
1738 5282 1790 5320 ix
1825 5263 2407 5331 medium‘scripsisse,
2446 5272 2611 5332 atque
2647 5261 2786 5316 adeo
2804 5268 2858 5314 et
2881 5258 3275 5314 Bellarminutn
3309 5269 3366 5315 et
3390 5258 3716 5325 scriptorem
3747 5260 3870 5327 ejus
3902 5261 4007 5315 Ca-

735 5379 922 5426 vcum,
955 5361 1114 5416 annis
1139 5375 1353 5416 errasse
1382 5375 1511 5415 cecr.
1534 5357 1616 5412 vel
1653 5357 1893 5420 circiter,
1925 5355 1977 5409 in
2014 5363 2173 5408 aetate
2207 5354 2368 5408 istius
2397 5350 2938 5423 assignandaﬂlonge
2962 5351 3174 5418 turpius
3193 5365 3362 5421 quam
3395 5363 3497 5419 ego
3531 5349 3584 5402 in
3606 5355 3767 5402 atate
3790 5347 4005 5403 Simeo-

733 5452 822 5506 nis
855 5450 1240 5520 Metaphrastis
1269 5450 1568 5519 assignata.
1604 5445 1701 5500 His
1726 5443 2066 5514 argumentis
2097 5443 2298 5497 ductus
2327 5441 2404 5495 ita
2438 5442 2637 5496 sentio.
2669 5440 2719 5492 1.
2747 5438 2956 5494 Auctor
2981 5438 3145 5507 hujus
3181 5437 3561 5495 commentarii
3612 5437 3666 5490 in
3730 5438 4006 5507 Apocalys

734 5543 896 5610 psitn,
927 5557 992 5595 ex
1023 5539 1146 5594 aliis
1177 5538 1495 5593 transcribit
1517 5546 1683 5606 atque
1710 5535 2080 5589 transcribere
2103 5547 2164 5588 se
2186 5531 2502 5601 profitetur,
2527 5529 2676 5598 quod
2701 5528 2920 5582 seculis
2962 5526 3224 5582 Ecclesia:
3267 5527 3512 5597 quinque
3563 5536 3620 5579 et
3673 5539 3769 5578 sex
3809 5525 4007 5592 primis

733 5630 1039 5684 inauditum
1073 5629 1197 5690 fuit,
1230 5627 1527 5696 s’eculique
1552 5625 1682 5679 noni
1711 5624 2017 5694 proprium,
2046 5632 2105 5676 ut
2143 5619 2344 5676 eruditi
2387 5631 2583 5671 omnes
2629 5625 2854 5669 norunt.
2893 5614 3036 5685 Ergo
3075 5615 3164 5670 bie
3195 5624 3393 5669 auctor
3435 5621 3645 5682 spectat
3685 5619 3901 5665 tantum
3934 5613 4007 5668 ad

731 5720 990 5774 sa-culum
1029 5717 1287 5773 Ecclesice
1327 5733 1398 5770 ιχ.
1438 5716 1488 5769 Id
1525 5715 1824 5785 probamus
1851 5728 1914 5766 cx
1948 5713 2080 5782 ipsis
2119 5711 2284 5779 hujus
2313 5704 2708 5763 Commentarii
2760 5704 2966 5768 verbis,
3014 5714 3071 5758 ttt
3119 5704 3405 5774 prolitetur
3427 5715 3686 5770 expresse
3719 5709 3910 5753 auctor
3944 5701 4004 5755 in

732 5808 980 5876 l‘rologo.
1014 5807 1234 5861 Constat
1279 5821 1500 5874 namque
1538 5810 1716 5857 beatos
1751 5803 1871 5855 illos
1898 5803 2034 5854 viros
2064 5801 2352 5867 Patresqne
2386 5805 2616 5856 nostros,
2651 5791 2964 5860 Gregorium
2992 5792 3334 5863 Theologum,
3368 5791 3635 5861 Cyrillum
3667 5787 3998 5876 Alexandri-

729 5914 874 5962 num,
905 5875 1172 5966 multoque
1208 5897 1347 5948 hisce
1379 5895 1684 5948 vetustiores
1725 5890 1973 5958 l’apiant,
2014 5889 2300 5954 Irena'unt,
2357 5881 2688 5938 Melhodium
2725 5890 2774 5934 et
2823 5881 3187 5952 Ilippolyttmt,
3239 5883 3476 5935 divinum
3515 5880 3722 5948 ﬁdeque
3773 5875 3997 5947 dignum
