4276 6438
235 437 352 501 205
1672 424 2004 487 NOTiTIA.
3390 430 3492 491 ace

236 565 352 604 esse
377 565 402 599 ο
426 559 645 611 quorum
680 541 1030 600 monumentis
1055 541 1327 592 occasione
1345 545 1592 604 accepta,
1619 551 1714 590 nos
1755 535 1822 590 ad
1854 533 1949 587 hoc
1985 531 2266 595 consilium
2299 534 2529 586 rcniznus
2554 547 2569 583 :
2590 532 2743 584 sicuti
2771 532 2966 586 multas
2983 551 3184 602 quoque
3206 542 3494 594 sententias

232 653 301 690 ea:
333 634 631 688 earumdem
658 630 870 696 scriptis
897 630 1277 688 mutuavimus,
1311 627 1491 694 hisque
1519 624 1714 676 nostris
1742 619 2151 676 Commentariis
2180 619 2522 672 inseruimus.
2549 619 2608 672 Et
2637 633 2756 686 cap.
2796 620 2813 670 1
2849 637 2862 673 :
2891 621 3060 689 Atque
3088 621 3196 674 [nec
3221 623 3495 688 hactenus,

232 734 497 790 quatenus
529 729 736 771 constat
765 727 999 767 iwstram
1035 713 1458 782 Expositionent,
1492 718 1797 762 sanctorum
1843 708 2062 760 Patrum
2092 708 2305 759 vocibus
2337 720 2492 774 atque
2530 709 2804 761 sententiis
2837 711 3146 778 neutiquam
3199 713 3493 769 adversari.

234 810 373 878 Cap.
411 809 476 860 17
512 825 524 860 :
564 806 668 870 Qui
702 820 821 857 vero
849 804 1188 869 receptiorcm
1214 802 1489 852 doctorum
1520 797 1768 850 Ecclesin'
1790 797 2104 850 sententiam
2130 796 2317 857 secuti,
2350 795 2460 850 ha'c
2486 805 2739 864 tanquam
2772 796 3075 864 futurorum
3101 803 3496 868 pra'dictioncm

239 898 477 965 accipere
508 895 734 954 malunt,
765 899 871 944 etc.
901 889 1035 958 Cap.
1065 889 1135 942 25
1166 905 1178 940 :
1213 887 1473 941 C(eterum
1511 901 1602 952 per
1643 894 1870 936 montem
1907 900 2154 952 maguum
2190 883 2464 935 diabolum
2502 885 2837 954 designatum
2881 887 3230 953 arbitramur,
3273 890 3331 941 id
3361 893 3499 958 quod

237 984 557 1055 quibusdam
587 996 791 1050 quoque
821 977 1125 1030 doctoribus
1145 979 1323 1030 .oisum
1365 986 1464 1029 est.
1488 973 1686 1042 Capite
1717 972 1787 1026 50
1819 991 1831 1025 :
1865 971 1970 1024 Per
2022 973 2113 1023 hos
2153 981 2330 1032 testes,
2390 971 2624 1041 plerique
2657 976 2925 1029 doctorem
2977 990 3285 1045 acceperunt
3316 978 3499 1032 Enoch

240 1083 291 1126 et
317 1070 520 1133 Eliam,
548 1069 638 1137 qui
669 1068 765 1120 sub
789 1066 972 1120 staculi
1003 1065 1163 1133 ﬁnem
1192 1063 1463 1130 accepturi
1491 1072 1613 1115 sunt
1654 1077 1686 1112 a
1722 1058 1848 1122 Deo,
1886 1069 1992 1111 etc.
2027 1057 2130 1124 Qui
2162 1073 2294 1128 ergo
2330 1059 2410 1125 sic
2453 1059 2718 1128 loquitur,
2753 1079 2858 1120 non
2891 1065 3077 1120 sreculi
3128 1081 3158 1120 v
3191 1066 3287 1120 sed
3314 1084 3376 1122 λι
3415 1079 3500 1121 ut-

245 1161 542 1229 plurimum
576 1155 833 1210 oumibos
859 1164 1130 1208 emunctae
1162 1152 1312 1206 naris
1348 1149 1646 1204 videbitur.
1673 1147 1942 1200 Praeterea
1977 1155 2274 1214 perpetuus
2307 1155 2390 1199 est
2438 1146 2492 1199 in
2548 1147 2813 1203 citatione
2843 1163 2897 1205 et
2955 1153 3321 1221 appellatione
3356 1167 3503 1209 vete-

244 1264 391 1302 rum.
428 1247 562 1312 (iiap.
591 1243 626 1296 '1
672 1244 808 1298 citat
832 1241 1224 1310 Epiphaniam,
1259 1249 1313 1293 et
1345 1240 1536 1292 eodem
1563 1236 1750 1302 capite
1782 1232 2106 1302 Gregorium
2143 1232 2479 1303 Theologum
2510 1235 2675 1289 semel
2705 1246 2758 1289 et
2787 1238 3008 1293 iterum.
3038 1240 3328 1311 Capitibus
3369 1243 3496 1297 item

241 1336 277 1388 2
317 1343 372 1387 et
405 1334 439 1385 5
475 1342 528 1385 et
561 1331 594 1386 9
631 1330 908 1393 eumdem,
946 1329 1103 1398 quasi
1136 1328 1188 1381 in
1218 1325 1599 1395 Apocalypsim
1631 1320 2102 1378 Commentarium
2125 1321 2430 1390 scripserit.
2455 1321 2644 1390 Capite
2673 1322 3085 1392 5Epiplianium
3115 1343 3169 1383 et
3195 1331 3452 1386 Irenaeum
3484 1348 3498 1395 ;

247 1431 368 1484 cap.
410 1417 486 1469 15
503 1413 877 1474 Methodium;
913 1427 1034 1481 cap.
1074 1412 1141 1464 16
1180 1407 1475 1463 Eusebium
1507 1406 1900 1460 Ctesariensem
1942 1407 2035 1460 lib.
2072 1424 2122 1460 Ix
2150 1408 2404 1464 Historia:
2433 1409 2825 1465 Ecclesiasticce
2859 1428 2979 1482 cap.
3011 1414 3077 1481 8;
3125 1432 3244 1486 cap.
3279 1420 3348 1473 18
3389 1420 3502 1473 Ire-

249 1521 463 1566 meum;
493 1519 615 1573 cap.
649 1503 719 1557 55
744 1501 1078 1556 Methodium
1103 1518 1120 1567 ;
1144 1515 1264 1568 cap.
1307 1499 1376 1554 δι
1406 1498 1461 1552 8.
1500 1497 1802 1550 Antonium
1833 1494 1886 1548 in
1935 1494 2065 1548 Vitis
2110 1495 2371 1562 Patrum;
2398 1513 2519 1565 cap.
2555 1499 2622 1551 56
2654 1497 2987 1553 Mclhodium
3021 1513 3072 1555 et
3102 1501 3460 1575 Hippolytum
3488 1548 3501 1571 ,

247 1609 371 1662 cap.
410 1591 480 1647 58
503 1590 1055 1661 'liippolytttm;cap.
1082 1587 1153 1642 Mi
1187 1588 1241 1641 in
1268 1587 1372 1641 [ine
1398 1585 1716 1653 Dionysium
1781 1582 2198 1652 Areopagitam;
2250 1597 2370 1651 cap.
2433 1586 2500 1643 4,7
2555 1583 2704 1640 Vitas
2749 1584 2996 1650 Patrum,
3038 1591 3218 1654 quoad
3278 1593 3502 1661 angelos

247 1681 531 1735 custodes.
560 1679 692 1748 Cap.
717 1677 788 1732 49
815 1678 1094 1745 ambigere
1128 1675 1342 1730 videtur
1375 1688 1443 1730 an
1495 1686 1656 1741 pmna
1702 1671 2013 1725 tlteinonum
2043 1683 2107 1724 ac
2141 1670 2523 1728 damnatorum
2570 1686 2770 1727 (eterna
2808 1674 2988 1729 futura
3036 1680 3126 1740 sit,
3186 1678 3313 1732 licet
3365 1677 3502 1735 nihil

245 1769 490 1822 deﬁniat.
523 1766 657 1834 Cap.
687 1767 758 1820 55
788 1764 1136 1833 Hippolytum
1168 1772 1221 1817 et
1246 1762 1508 1814 Irenaeum
1541 1762 1672 1812 citat
1700 1775 1714 1823 ;
1743 1772 1864 1825 cap.
1901 1756 1971 1810 65
1998 1757 2254 1809 Irenteum
2287 1767 2340 1810 ct
2370 1774 2624 1828 magnum
2655 1759 2987 1816 Methodium
3015 1781 3028 1824 ;
3056 1766 3237 1832 capite
3268 1764 3336 1817 66
3378 1764 3504 1833 Epi-

247 1852 540 1921 phanium.
571 1850 674 1918 Qui
699 1851 866 1920 igitur
901 1850 1000 1904 hos
1025 1863 1218 1904 omnes
1245 1849 1431 1902 Patres
1465 1855 1524 1899 ut
1554 1845 1675 1900 tidei
1706 1859 1820 1900 suae
1853 1845 2092 1914 regulam
2123 1844 2354 1913 profert,
2407 1846 2481 1900 ab
2539 1846 2758 1900 illorum
2823 1850 3161 1915 temporibus
3210 1867 3269 1905 se
3323 1852 3507 1905 multis

253 1954 528 1993 annorum
553 1938 819 1993 centuriis
868 1951 993 1992 esse
1022 1944 1294 1992 remotum
1328 1933 1549 1993 indicat.
1584 1948 1649 1985 ac
1683 1930 1913 1998 proinde
1946 1931 2225 1987 hominem
2248 1948 2370 1987 esse
2399 1931 2625 1989 Graeciae
2659 1937 2845 1990 media.-
2889 1938 2969 1992 vel
2999 1937 3300 1994 inferioris.
3337 1939 3390 1994 2.
3414 1941 3493 1994 At-

251 2025 450 2080 tribuit
471 2026 562 2080 hic
583 2033 774 2081 auctor
798 2022 1252 2078 Commentariunt
1284 2022 1337 2073 in
1369 2019 1744 2089 Apocalypsim
1779 2016 1833 2072 S.
1865 2017 2126 2090 Gregorio
2157 2020 2530 2087 Nazianzeno,
2562 2025 2724 2095 idque
2755 2042 2858 2079 non
2901 2042 3011 2082 uno
3039 2027 3092 2083 in
3137 2029 3279 2092 loco,
3316 2030 3507 2098 capiti-

251 2115 356 2168 bus
385 2113 645 2168 nimirum
675 2113 728 2178 1,
763 2112 820 2175 Ξ,
839 2112 878 2165 5
906 2121 960 2166 et
992 2113 1046 2171 9.
1071 2110 1209 2166 Cum
1234 2124 1365 2179 ergo
1400 2109 1573 2178 hujus
1606 2107 1999 2164 Commentarii
2057 2111 2239 2166 nullus
2287 2120 2529 2168 veterum
2591 2114 2925 2181 meminerit,
2963 2131 3070 2172 non
3113 2114 3506 2190 Hieronymus,

251 2203 430 2274 ipsius
460 2201 710 2272 Gregorii
739 2198 1426 2268 Nazianzenidiscipulus,
1451 2198 1542 2266 qui
1571 2194 1882 2267 ejus'Opera
1910 2208 2100 2252 exacte
2123 2212 2365 2255 recenset
2401 2201 2452 2262 in
2487 2200 2627 2260 libro
2649 2202 2711 2258 de
2743 2205 3088 2273 scriptoribus
3113 2205 3508 2271 ecclesiasticis,

251 2307 380 2360 cap.
415 2291 552 2358 197;
591 2307 701 2345 non
747 2289 966 2355 Suidas,
1002 2289 1096 2357 qui
1135 2304 1195 2342 ca
1219 2287 1568 2342 exactissime
1599 2295 1924 2355 prosecutus
1955 2296 2036 2340 est
2083 2287 2137 2341 in
2174 2285 2401 2352 Lerico,
2437 2288 2606 2342 verbo
2637 2289 2976 2360 Γρηγόριο;;
3023 2308 3135 2347 non
3172 2291 3403 2348 Phatius
3456 2296 3510 2348 in

252 2379 596 2434 Bibliotheca
629 2394 646 2431 :
695 2379 820 2432 inde
876 2376 1200 2442 conjicimus
1229 2386 1510 2430 auctorem
1545 2375 1692 2429 hunc
1717 2387 1838 2427 esse
1873 2377 2190 2430 reccntioris
2221 2375 2464 2440 Graeciae,
2509 2378 2840 2433 scribentem
2884 2391 3003 2449 post
3056 2380 3513 2438 Commentaritmt

257 2469 315 2522 in
346 2467 723 2538 Apocalypsim
759 2465 817 2519 S.
850 2463 1113 2534 Gregorio
1138 2464 1481 2518 Nazianzeno
1509 2461 1851 2530 suppositum
1890 2479 1902 2515 :
1945 2463 2037 2532 qui
2076 2479 2192 2518 mos
2232 2463 2547 2520 Graecorum
2604 2469 2968 2523 recentiorum
3028 2469 3150 2524 fuit.
3197 2470 3251 2524 5.
3303 2471 3514 2540 Allegat

260 2557 351 2612 hic
387 2557 528 2611 idem
561 2564 756 2610 auctor
779 2569 901 2624 cap.
939 2553 1012 2608 44
1044 2551 1365 2622 Dionysium
1397 2551 1778 2619 Areopagitam
1815 2549 1899 2602 his
1929 2551 2110 2607 verbis
2147 2569 2161 2605 :
2201 2551 2354 2617 Quod
2395 2556 2568 2624 angeli
2593 2555 2802 2624 phialas
2853 2559 2934 2609 ira
2982 2557 3161 2611 divina
3195 2558 3399 2628 plenas,
3450 2577 3514 2613 ex

253 2655 490 2716 quatuor
516 2643 863 2707 animalibus,
894 2658 1119 2711 quorum
1157 2641 1296 2708 apud
1346 2642 1655 2709 prophetam
1707 2638 2042 2692 Ezechielem
2074 2655 2276 2708 quoque
2329 2640 2388 2707 ﬁt
2446 2643 2662 2705 mentio,
2713 2644 3029 2710 accipiant:
3074 2644 3172 2698 hoc
3223 2648 3514 2699 secundum

257 2750 508 2801 magnum
536 2732 853 2800 Dionysium
887 2730 1157 2800 signiﬁcat
1183 2730 1462 2799 agibilium
1497 2729 1740 2780 notitiam
1760 2745 1801 2778 α
1826 2727 2036 2794 primis,
2075 2726 2258 2780 ordine
2286 2729 2516 2796 quodam
2550 2731 2618 2782 ad
2650 2730 2785 2782 alios
2819 2743 2866 2784 et
2893 2731 3028 2785 alios
3059 2733 3363 2808 dimanare,
3400 2745 3509 2790 etc.

264 2821 367 2877 Ubi
401 2821 661 2890 supponit
696 2834 862 2888 opera
892 2818 1001 2872 divi
1049 2818 1294 2888 Dionysii
1351 2817 1716 2886 Areopagitas,
1748 2829 1912 2884 quem
1961 2831 2211 2885 magnum
2244 2815 2565 2886 Dionysium
2624 2829 2806 2882 vocat,
2861 2820 3120 2875 omnibus
3177 2835 3300 2876 esse
3365 2831 3515 2877 nota.

261 2910 426 2980 Atqui
465 2911 597 2964 nihil
633 2925 869 2974 unquam
904 2909 1148 2964 auditum
1176 2909 1242 2961 dc
1276 2907 1530 2975 operibus
1577 2905 1722 2967 istis,
1761 2913 1888 2959 ante
1935 2903 2283 2957 collationem
2328 2904 2622 2972 quamdam
2655 2905 3324 2974 Constantinopolitanam
3370 2926 3515 2965 anno

260 2999 369 3054 555
399 2997 541 3051 inter
574 2996 891 3052 Catholicos
927 3007 980 3051 et
1020 2994 1369 3055 Severianus,
1408 2993 1771 3061 allegantibus
1805 2991 2104 3054 haereticis,
2140 2991 2442 3048 Catholicis
2471 2993 2866 3062 rejicientibus.
2896 2995 3104 3050 Auctor
3129 3012 3258 3067 ergo
3298 2998 3390 3064 qui
3413 2998 3515 3055 ho;

262 3086 477 3150 scribit,
517 3100 615 3140 nec
651 3085 903 3138 ﬂoruisse
933 3083 1138 3138 smculo
1171 3099 1224 3143 ν,
1260 3098 1357 3135 nec
1390 3083 1453 3135 ad
1493 3080 1625 3134 illud
1661 3089 1910 3149 spectare
1940 3085 2139 3148 potest,
2166 3094 2278 3148 quo
2299 3079 2481 3149 ignota
2504 3081 2733 3134 omnino
2767 3091 2929 3136 erant
2959 3099 3121 3151 opera
3171 3082 3228 3137 S.
3267 3084 3512 3156 Dionysii

262 3174 630 3242 Areopagum,
664 3189 783 3243 qitse
808 3183 938 3226 tunc
969 3187 997 3224 a
1025 3170 1339 3225 Severianis
1379 3171 1614 3224 conticta
1642 3169 1810 3223 fuisse
1859 3167 2130 3222 Catholici
2168 3167 2486 3221 credebant.
2518 3169 2572 3224 4,
2603 3168 2727 3222 Haec
2759 3170 3030 3223 scribendi
3057 3170 3196 3224 ratio
3219 3185 3281 3226 ex
3305 3172 3518 3227 laciniis

263 3273 512 3317 veterum
549 3261 767 3314 l’atrum
802 3261 968 3316 simul
1000 3259 1204 3328 junctis
1236 3258 1436 3313 sarculo
1463 3275 1513 3311 ix
1545 3258 1780 3327 primum
1810 3257 2032 3327 incepit,
2065 3259 2122 3310 in
2162 3272 2227 3311 eo
2257 3257 2509 3324 invaluit,
2539 3268 2594 3313 et
2626 3274 2800 3330 usque
2826 3260 2890 3313 ad
2927 3261 3112 3316 sreculi
3142 3262 3303 3330 hujus
3343 3263 3508 3319 linem

263 3350 629 3405 continuavit.
658 3347 820 3402 Juxta
845 3348 991 3400 enim
1026 3345 1408 3407 Trithemium,
1445 3343 1786 3399 Walal'iidus
1831 3345 2061 3398 Strahus
2103 3359 2248 3397 anno
2274 3344 2398 3411 850,
2438 3343 2683 3401 Classem
2717 3347 3052 3402 ordinarium
3097 3349 3149 3403 in
3175 3349 3515 3420 Scripturatn

267 3454 488 3493 sacram
522 3453 589 3492 ex
619 3436 938 3506 fragmentis
976 3446 1294 3489 sanctorum
1333 3433 1576 3496 Patrum,
1615 3443 1782 3486 totam
1819 3432 2100 3488 collectam
2146 3432 2386 3502 scripsit,
2427 3447 2457 3486 a
2488 3434 2668 3502 seipso
2694 3435 2829 3489 nihil
2864 3435 3315 3515 proferens,.qui,
3347 3441 3518 3497 abhas

266 3525 562 3581 Fuldensis
593 3539 739 3579 anno
767 3523 877 3578 842
909 3523 1106 3585 factus,
1136 3538 1280 3574 anno
1311 3521 1416 3575 849
1472 3531 1723 3575 mortuus
1775 3521 2054 3575 scribitur.
2087 3520 2259 3575 Jonas
2292 3536 2535 3590 quoque,
2569 3523 2857 3592 episcopus
2903 3524 3324 3582 Aurelianensis
3370 3544 3519 3584 anno

266 3615 363 3670 821
414 3613 613 3677 factus,
650 3613 793 3666 circa
835 3626 1038 3664 annum
1062 3608 1166 3664 850
1195 3610 1368 3661 libros
1403 3617 1511 3662 tres
1539 3605 1616 3660 De
1645 3607 1986 3661 institutione
2011 3609 2273 3662 laicorum
2323 3611 2656 3678 composuit,
2695 3627 2761 3666 ex
2797 3614 3087 3669 sententiis
3128 3627 3374 3670 veterum
3413 3617 3520 3672 Pa-

268 3713 413 3756 trmn
447 3701 658 3770 integre
690 3700 1132 3766 collectos,quos
1163 3711 1227 3749 ex
1261 3710 1392 3748 mss.
1437 3695 1724 3749 codicibus
1756 3694 1935 3750 Lucas
1978 3698 2246 3751 Acberius
2277 3696 2507 3753 Parisiis
2536 3714 2683 3753 anno
2710 3699 2849 3754 1665
2886 3701 2939 3754 in
2963 3702 2995 3756 4
3023 3704 3214 3758 tomol
3246 3703 3524 3776 Spicilegii

268 3789 510 3844 edendos
547 3788 766 3858 sategit.
804 3784 936 3840 Ρυςι
974 3800 1180 3843 anmnn
1214 3783 1320 3836 850
1351 3782 1581 3836 Photius
1624 3783 1714 3837 ille
1747 3799 2000 3851 magnus,
2035 3784 2410 3840 adhuclaicus
2443 3785 2717 3842 exsistens
2745 3795 2799 3841 et
2822 3787 3016 3843 oiiiciis
3046 3789 3264 3860 imperii
3284 3792 3524 3862 publicis

267 3877 340 3930 ab
371 3876 699 3944 imperatore
727 3882 1049 3940 occupatus.
1079 3868 1468 3940 ιΜυριόδιϐλον
1504 3885 1599 3922 seu
1630 3868 2015 3924 Bibliothecam
2047 3887 2109 3928 ex
2164 3873 2387 3942 scriptis
2405 3888 2636 3932 ,ccuxx
2675 3885 2917 3930 veterum
2955 3879 3240 3948 opusculis
3280 3880 3524 3951 collegit,

272 3963 327 4017 in
358 3979 467 4032 qua
495 3961 681 4016 omnia
713 3959 823 4014 fere
855 3959 1187 4013 verbotenns
1220 3972 1283 4011 ex
1313 3958 1438 4011 aliis
1476 3965 1718 4024 accepta,
1745 3957 1788 4010 si
1825 3972 2092 4012 censuras
2120 3974 2325 4029 paucas
2357 3962 2669 4029 prtemissas
2691 3963 2972 4032 operibus,
3006 3981 3129 4035 qua:
3173 3967 3340 4022 simul
3374 3983 3528 4023 com-

273 4052 533 4122 portavit,
574 4048 839 4118 excipias.
873 4046 1033 4102 Circa
1063 4061 1265 4100 annum
1295 4045 1397 4099 870
1443 4044 1787 4108 Anastasius,
1842 4044 2104 4100 Bouiania:
2159 4047 2415 4103 Ecclesia:
2447 4050 2921 4119 bibliouiecarius,
2955 4055 3174 4124 scripsit
3223 4055 3525 4111 Historiam

274 4137 718 4193 Ecclesiasticam
753 4150 846 4190 seu
880 4132 1379 4201 Chronographiam
1405 4130 1798 4196 .r’l'ripartitam,
1831 4147 1896 4185 ex
1937 4131 2450 4206 Gcongiiz'Syncclli.
2501 4135 2852 4206 Theophanis
2879 4140 3216 4198 confessoris
3266 4154 3319 4198 et
3370 4143 3526 4200 Nice-

273 4228 433 4297 phori
473 4226 805 4295 patriarchze
841 4220 1432 4288 ConstantinOpolitani
1466 4218 1780 4282 Chronicis,
1816 4220 1886 4273 ab
1919 4221 2084 4288 ipsoe
2113 4219 2301 4276 Graeca
2327 4222 2508 4292 lingua
2541 4225 2592 4276 in
2614 4224 2862 4279 Latinam
2897 4228 3199 4295 translatis,
3229 4233 3524 4286 maximam

277 4323 490 4385 partem
532 4314 877 4381 desumptatn
920 4309 1110 4376 :quod
1151 4309 1266 4375 ipse
1325 4308 1378 4360 in
1425 4305 1756 4362 Prmfatione
1804 4307 2039 4377 ingenue
2085 4308 2240 4362 fateri
2289 4325 2396 4362 non
2424 4312 2725 4369 erubescit.
2772 4311 2902 4368 Jure
2954 4315 3119 4384 igitur
3170 4319 3364 4373 merito
3397 4335 3522 4374 cum

277 4403 530 4455 Andreas
558 4401 821 4453 Caesareae
859 4397 1247 4466 Cappadocum
1282 4395 1755 4464 archiepismpus,
1785 4399 1973 4449 cadem
2009 4397 2265 4450 mrthodo
2315 4395 2784 4452 Commentariun:
2828 4415 2990 4453 suum
3048 4402 3100 4454 in
3146 4403 3523 4473 Apocalypsin)

277 4489 589 4558 scripserit,
621 4502 766 4541 anno
788 4486 893 4541 840
926 4487 1007 4540 vel
1043 4484 1272 4540 circiter
1301 4485 1666 4552 assignandus
1699 4484 1931 4538 videtur.
1964 4483 2113 4541 .Haec
2141 4485 2207 4537 ad
2240 4482 2676 4542 confutationem
2706 4486 2982 4542 Guilielmi
3016 4488 3176 4544 (Σεκθί
3213 4491 3469 4547 diﬂusius
3497 4510 3528 4546 a

280 4577 441 4632 nobis
468 4578 669 4646 scripta
707 4584 854 4631 sunt.

354 4666 476 4718 Alia
507 4678 728 4732 quoque
757 4662 1168 4717 Commentaria
1203 4662 1431 4715 Andreas
1462 4660 1838 4714 attribuuntur
1867 4672 1896 4711 a
1925 4657 2104 4712 Caveo
2131 4658 2197 4712 ad
2220 4672 2430 4712 annum
2446 4656 2572 4722 500,
2593 4673 2702 4727 quo
2725 4674 2847 4711 eum
2880 4661 3146 4731 assignat,
3175 4673 3322 4716 tomo
3355 4663 3396 4716 ll
3429 4680 3526 4718 seu

283 4761 442 4822 parte
477 4768 514 4806 ιι
543 4751 797 4804 Historia:
820 4749 1103 4805 litterariw
1135 4759 1329 4816 praeter
1358 4748 1808 4803 Commentarium
1850 4747 1905 4796 in
1947 4745 2317 4815 Apocalypsim
2352 4744 2673 4815 praefatum;
2716 4761 2910 4816 nempe
2949 4746 3384 4816 Therapcuticam
3425 4754 3533 4820 spi-

283 4840 532 4894 ritualem
583 4840 876 4908 scripsisse
910 4840 1128 4902 asserit,
1167 4854 1231 4892 ex
1266 4839 1424 4906 cujus
1476 4838 1614 4890 libro
1660 4835 1904 4893 secundo
1950 4833 2254 4902 fragmenta
2307 4834 2552 4903 quaedam
2601 4834 2872 4888 habentur
2924 4831 2976 4887 in
3033 4835 3245 4907 Etlogis
3290 4842 3530 4893 asceticis

280 4927 513 4982 Joannis
559 4927 882 4996 patriarchw
935 4927 1269 4991 Antiocheni,
1323 4925 1452 4978 lolio
1490 4925 1579 4984 58,
1621 4939 1742 4992 pag.
1787 4926 1842 4982 9..
1895 4923 1962 4974 ab

1838 4965 1842 4981 ,
1895 4923 1962 4974 ab
1999 4925 2084 4978 his
2122 4924 2337 4977 verbis:
2371 4924 2481 4975 Ποῦ
2534 4925 2590 4976 ai
2632 4923 2801 4993 ψυχαὶ
2835 4927 2972 4994 μετὰ
3006 4927 3104 4996 τὴν
3138 4928 3403 4997 ἐκδημίαν
3433 4932 3527 4982 τοῦ

286 5017 543 5085 σώματος
579 5014 942 5085 ἀπέρχονται,
977 5015 1044 5067 de
1102 5015 1301 5081 quibus
1353 5015 1473 5067 vide
1532 5012 1883 5066 Lambecium
1923 5013 1975 5066 lil

1841 5027 1883 5063 m
1923 5013 2062 5066 libro
2115 5027 2146 5064 v
2196 5013 2754 5076 Commentariorum,
2820 5013 3012 5067 codice
3061 5029 3162 5068 ms.
3197 5017 3530 5084 theologica

282 5103 474 5158 Graeco
503 5101 632 5164 251,
668 5117 822 5155 nntn.
856 5104 902 5164 1,
937 5117 1059 5171 pag.
1095 5102 1218 5156 105.
1249 5104 1427 5171 Atque
1457 5101 1657 5154 easdem
1692 5099 1798 5152 illa:
1827 5099 2095 5154 habentur
2142 5099 2194 5152 in
2229 5097 2381 5152 Nova
2419 5098 2752 5155 Bibliotheca
2794 5118 2919 5159 mss.
2949 5102 3184 5154 codicum
3226 5103 3531 5157 Griecorum

288 5192 605 5246 Latinorum
635 5201 790 5259 atque
824 5188 1172 5251 Gallicorum,
1218 5207 1313 5245 seu
1340 5189 1632 5260 Specimine
1662 5189 2005 5255 antiquarum
2037 5188 2319 5241 lectionum
2366 5186 2699 5254 Grecorum,
2734 5187 3050 5241 Latinan
3083 5199 3133 5242 et
3173 5189 3530 5257 Gallicarum,

287 5297 351 5335 ex
384 5294 520 5334 mss.
559 5278 845 5332 codicibus
892 5275 1073 5346 Regia:
1117 5277 1419 5331 Galliarum
1451 5277 1806 5331 Bibliotheca:
1839 5277 2189 5345 potissimum
2219 5275 2472 5340 collecta,
2518 5285 2572 5330 et
2600 5277 2743 5330 edita
2778 5290 2808 5329 a
2858 5276 3108 5345 Philippo
3141 5277 3358 5332 Labbeo
3402 5280 3531 5334 Soc.

285 5366 443 5429 Iesu,
478 5365 710 5421 Parisiis
759 5380 904 5420 anno
947 5366 1109 5429 1655,
1162 5365 1214 5418 in
1249 5365 1302 5427 4,
1337 5365 1481 5434 apud
1534 5363 1796 5418 Joannem
1837 5363 2092 5417 iienault.
2128 5361 2238 5416 Illic
2293 5372 2447 5432 parte
2480 5380 2536 5428 ιι,
2575 5378 2698 5432 pag.
2740 5363 2829 5428 82,
2892 5365 3115 5419 Amtrew
3155 5367 3535 5434 archiepiscOpi

290 5457 552 5510 Ctesarea:
576 5455 892 5521 quwstiones
921 5469 987 5507 ex
1015 5454 1148 5506 libro
1192 5451 1630 5518 Therapettlicon,
1665 5469 1766 5522 quo
1788 5451 1992 5504 abeant
2017 5452 2210 5504 animle
2243 5459 2358 5518 post
2388 5460 2607 5504 mortem
2631 5452 2892 5520 corporis,
2923 5452 2974 5504 in
3008 5452 3175 5523 Hegio
3207 5455 3394 5510 codice
3428 5470 3530 5510 ms.

287 5544 483 5596 (irch
513 5541 639 5604 950,
674 5557 835 5609 quem
875 5541 1177 5598 oscitanter
1199 5540 1434 5596 Andron:
1460 5540 1807 5596 Cretensium
1831 5539 2245 5608 archiepiscopo
2281 5539 2598 5609 assignasse
2627 5555 2713 5592 me
2739 5539 3019 5594 recordor.

361 5631 430 5683 At
470 5629 666 5683 Petrus
703 5627 1032 5682 Lambecius
1067 5628 1206 5681 libro
1241 5644 1296 5681 III
1353 5628 1889 5682 Commentariorum
1930 5627 2275 5683 bibliotheca:
2324 5627 2592 5683 Caesarea:
2623 5627 3062 5683 Vindobonensis
3096 5643 3215 5699 pag.
3266 5628 3335 5680 40
3372 5628 3537 5684 Com-

297 5719 571 5771 ircntaria
604 5717 714 5771 duo
744 5716 850 5769 alia
884 5715 988 5785 ipsi
1018 5715 1270 5769 attribuit
1305 5715 1493 5770 codice
1526 5731 1630 5770 ms.
1691 5716 2001 5785 theologico
2031 5715 2219 5770 Grteco
2248 5714 2318 5769 26
2360 5717 2444 5772 his
2477 5716 2657 5772 verbis
2687 5733 2701 5770 :
2739 5734 2757 5767 ε
2799 5715 3104 5771 Vicesimus
3142 5727 3334 5771 sextus
3365 5718 3538 5773 codex

293 5807 706 5874 manuscriptus
739 5805 1107 5874 Theologicus
1136 5803 1360 5858 Grtccus
1384 5817 1469 5858 est
1518 5804 1867 5869 chartaceus,
1895 5806 2151 5876 antiquus
2185 5847 2197 5869 ,
2226 5805 2286 5858 in
2308 5804 2462 5870 folio,
2489 5815 2819 5876 constatque
2841 5805 2982 5860 foliis
3012 5805 3114 5859 5‘29
3134 5816 3186 5859 et
3209 5807 3539 5875 abAugcrio

288 5896 621 5962 Dnsbechio,
663 5904 722 5948 ut
753 5895 869 5965 ipse
904 5893 1062 5948 solita
1115 5895 1351 5962 propria:
1388 5908 1584 5947 manus
1621 5893 2025 5963 subscriptione
2058 5902 2310 5960 testatur,
2342 5893 2822 5966 Constantinopoli
2857 5895 2986 5950 olim
3036 5892 3539 5963 comparatusfuit.
