4276 6438
254 432 372 498 209
983 438 1589 503 COMMENTARIUS
1629 443 1709 503 IN
1751 443 2273 508 APOCALYPSIN.
2312 473 2382 483 -
2419 448 2806 512 PROCEMIA.
3412 443 3518 508 210

255 561 384 612 qua:
419 545 472 599 in
496 547 860 618 evangelistas
889 561 942 605 et
972 552 1143 606 Actus
1169 555 1569 622 apostolorum,
1601 570 1723 621 quae
1752 566 2069 624 supersunt,
2115 559 2561 617 describerentur
2584 603 2599 627 ,
2649 562 3050 618 conferrentur.
3089 562 3358 616 Caeterum
3391 574 3516 614 cum

256 634 778 701 animadverterem,
806 637 1186 709 Clirysostomi
1215 641 1278 695 ad
1305 642 1534 697 Joannis
1564 643 1822 714 ‘l‘heologi
1856 645 2222 715 Apocalypsin
2256 649 2392 702 nihil
2418 659 2655 714 exstare,
2692 649 3163 718 commodumque
3197 649 3249 702 in
3279 647 3515 702 serenis-

256 720 398 809 simi
445 722 712 792 principis
747 725 923 780 nostri
962 726 1290 782 bibliotheca
1323 730 1555 785 Andreae
1591 730 1945 787 Caesariensis
2005 735 2252 804 episcopi
2283 737 2348 789 ad
2385 737 2533 792 illam
2577 740 2752 809 ipsam
2807 738 3243 794 commentarius
3274 735 3514 795 Graecus,

253 808 350 872 qui
388 807 653 866 hactenus
705 813 760 867 in
794 813 1148 870 bibliothecis
1175 817 1470 872 conclusus
1499 819 1812 883 delituerat,
1845 835 1967 874 sese
2012 824 2324 890 obtulisset,
2353 827 2422 879 ab
2460 807 2714 883 instituto
2741 837 2935 883 nostro
2988 827 3218 882 minime
3272 825 3516 880 alienum

253 911 379 948 sum
423 898 750 965 arbitratus,
796 902 840 956 si
888 903 1039 957 illum
1083 903 1478 974 Chrysostumo
1509 908 1766 961 comitem
1809 909 2188 982 adjungerem,
2231 915 2285 967 in
2329 929 2395 968 eo
2434 914 2640 970 Giberti
2676 917 3011 972 Veronensis
3044 915 3285 983 episcopi
3334 927 3518 966 exem-

257 983 408 1077 plum
451 997 694 1052 secutus,
728 991 821 1059 qui
865 989 1214 1048 OEcumenio
1246 994 1401 1059 olim,
1433 994 1609 1051 Aretze
1636 995 1752 1065 (qui
1779 1007 1968 1054 nostro
1993 1003 2210 1055 Andrea
2245 1012 2404 1056 mtate
2439 1003 2668 1058 inferior
2691 1008 2796 1077 est)
2827 1007 3165 1060 collectanea
3206 1004 3261 1056 in
3302 1002 3516 1066 Apoca-

255 1076 434 1142 lypsin
466 1078 822 1146 appendenda
847 1081 1078 1136 curavit.
1105 1081 1309 1139 Nactus
1328 1086 1511 1154 itaque
1532 1087 1764 1140 alterum
1789 1085 2021 1144 Andreze
2040 1087 2393 1145 Caesariensls
2419 1092 2728 1159 exemplum
2756 1076 2885 1157 ms.,
2919 1093 2968 1145 id
3003 1090 3205 1159 negotii
3234 1088 3518 1143 Frideriro

255 1159 576 1233 Sylhurgio,
608 1167 874 1221 doctrina:
924 1178 978 1222 et
1009 1170 1306 1240 diligentiae
1338 1172 1553 1227 eximia:
1581 1174 1724 1239 viro,
1775 1174 1936 1241 dedi,
1996 1187 2056 1232 ut
2101 1179 2460 1248 archetypum
2495 1187 2792 1247 utrumque.
2820 1189 3201 1248 compararet,
3222 1177 3518 1232 verborum

252 1251 681 1320 discrepantiam
704 1255 1038 1322 observaret,
1069 1260 1324 1328 notisque
1346 1269 1400 1315 et
1431 1261 1706 1316 indicibus
1738 1263 2055 1319 illustraret.
2091 1264 2168 1317 Ad
2189 1274 2525 1332 postremum
2551 1268 2690 1319 sacri
2714 1265 2877 1333 hujus
2915 1266 3095 1334 operis
3123 1265 3214 1318 ubi
3244 1263 3517 1334 pervenit,

252 1351 280 1387 a
319 1336 430 1391 Deo
459 1339 520 1393 0.
552 1339 627 1392 M.
663 1343 987 1410 appellatus,
1026 1346 1072 1399 vi
1110 1348 1281 1401 morbi
1334 1365 1555 1403 manum
1588 1351 1772 1405 statim
1819 1351 1885 1404 de
1913 1351 2118 1412 tabula,
2153 1352 2396 1420 mihique
2427 1368 2613 1414 cursu,
2651 1353 2798 1421 quod
2836 1352 3029 1414 aiunt,
3062 1352 3310 1422 lampada
3345 1349 3518 1404 tradi-

251 1424 354 1477 dit.
389 1425 677 1482 Postremo
706 1431 889 1501 itaque
929 1433 1030 1486 viri
1059 1433 1224 1502 hujus
1261 1435 1392 1488 mihi
1425 1437 1746 1492 amicissimi
1784 1439 2076 1506 posthumo
2104 1438 2257 1503 fetui,
2299 1454 2465 1509 opera
2487 1450 2673 1494 nostra
2707 1442 2758 1493 in
2796 1455 2959 1493 auras
2983 1439 3271 1509 producto,
3309 1445 3518 1492 tutores

249 1512 535 1577 quaerendi
590 1531 715 1568 cum
769 1527 975 1580 essent,
1033 1535 1128 1574 vos
1180 1522 1463 1577 nominare
1491 1525 1666 1578 visum
1705 1526 1826 1592 fuit,
1859 1543 2002 1597 quos
2043 1528 2088 1579 si
2129 1527 2354 1581 vixisset
2399 1529 2513 1596 ipse
2541 1545 2742 1596 parens
2805 1527 2866 1582 L.
2909 1527 2982 1581 Μ.
3033 1525 3098 1593 Q.
3138 1526 3519 1580 nominaturus

253 1599 448 1654 [uisset
479 1620 491 1654 :
522 1604 896 1675 quippequem
922 1617 1161 1662 vestrum
1187 1611 1277 1663 alii
1310 1611 1678 1684 συμμαθητὴν
1705 1614 2019 1670 habuerunt
2040 1616 2526 1683 modestissimum,
2563 1617 2654 1671 alii
2693 1626 3034 1687 praceptore
3066 1616 3208 1669 tideli
3234 1614 3318 1669 usi
3346 1625 3474 1668 sunt
3503 1632 3515 1664 :

251 1687 451 1774 reliqui
493 1704 643 1755 vero,
677 1694 769 1762 qui
800 1694 975 1764 ipsum
1014 1697 1166 1765 prius
1207 1700 1389 1754 minus
1428 1712 1714 1767 noverant,
1751 1704 1843 1758 ubi
1877 1719 2002 1758 eum
2037 1712 2439 1773 cognoverunt,
2472 1715 2695 1774 propter
2730 1719 2906 1757 raram
2940 1703 3308 1758 eruditionem
3347 1711 3401 1753 et
3442 1701 3494 1754 in

251 1773 529 1830 defessum
553 1781 870 1850 ergajremp.
902 1783 1224 1839 litterariam
1257 1788 1498 1842 studium
1521 1800 1798 1856 amarunt,
1833 1799 1887 1844 et
1911 1792 2023 1861 jam
2055 1792 2227 1861 ipsius
2255 1773 2864 1846 memor-iamilaudibus
2892 1797 3317 1860 prosequuntur.
3359 1788 3518 1853 Quod

252 1875 532 1933 superest,
561 1868 662 1922 viri
695 1870 1046 1937 nobilissimi,
1079 1889 1143 1927 ao
1178 1876 1433 1943 patroni,
1475 1890 1571 1931 vos
1603 1878 1953 1934 vehementer
1991 1883 2157 1934 etiam
2189 1890 2356 1951 atque
2372 1882 2536 1935 etiam
2571 1895 2725 1950 rogo,
2764 1891 2822 1934 ut
2850 1881 2955 1936 hoc
2983 1893 3167 1934 meum
3199 1878 3518 1938 consilium,

352 1957 792 2094 πῧοῗφωνήσεως
814 1959 1050 2015 olIieium
1084 1962 1138 2016 in
1174 1962 1373 2016 bonam
1405 1973 1612 2033 partem
1643 1966 1948 2036 accipiatis,
1985 1969 2379 2039 laboribusque
2411 1968 2638 2033 nostris,
2689 1970 2834 2038 quod
2869 1967 3069 2032 facitis.
3108 1967 3289 2021 favere
3323 1981 3517 2036 perga-

275 2055 346 2094 ts.
425 2057 454 2094 a
481 2051 587 2094 etc.

252 2048 346 2094 tts.
381 2048 587 2096 Valete.

263 2171 3021 2206 ———_-————_-_-¢'~._—_—___.—_—_
3032 2190 3058 2205 α
3077 2189 3114 2203 .-

575 2289 661 2348 De
684 2291 1066 2372 Apocalypsi
1097 2293 1364 2356 Joannis
1401 2295 1784 2376 Hieronymi
1828 2295 2272 2359 testimonium
2307 2295 2372 2358 in
2410 2293 2682 2375 epistola
2719 2295 2798 2357 ad
2833 2295 3199 2360 Paulinum.

323 2459 680 2531 Apocalypsis
708 2457 935 2517 Joannis
964 2468 1045 2516 tot
1076 2459 1239 2515 habet
1259 2469 1624 2527 sacramenta,
1663 2469 1798 2530 quot
1821 2460 2006 2516 verba.
2043 2459 2244 2516 Parum
2282 2459 2392 2516 dixi
2425 2475 2525 2532 pro
2555 2460 2754 2517 merito
2785 2459 3119 2530 voluminis;
3173 2459 3295 2516 laus
3339 2463 3521 2520 omnis

251 2547 482 2602 inferior
511 2559 596 2603 est
633 2567 646 2604 :
678 2549 730 2603 in
760 2549 941 2606 verbis
974 2549 1207 2619 singulis
1260 2549 1592 2619 multiplices
1640 2550 1811 2605 latent
1845 2549 2241 2620 intelligentiae.

249 2815 340 2876 De
383 2814 610 2877 borum
653 2814 1264 2877 commentariorum
1301 2822 1559 2878 auctore
1592 2814 1972 2878 Theodorus
2008 2816 2306 2877 Peltanus
2333 2817 2651 2897 interpres
2698 2815 2762 2876 in
2798 2813 3067 2893 epistola
3100 2812 3516 2877 dedicetoria.

319 2957 456 3010 Cum
497 2955 583 3010 hic
608 2956 1013 3027 Apocalypseos
1043 2956 1179 3011 liber
1213 2964 1292 3010 tot
1315 2956 1517 3011 abditis
1552 2955 1827 3027 mysteriis
1855 2955 1926 3010 sit
1951 2956 2231 3026 gravidus,
2265 2965 2455 3025 totque
2504 2955 2818 3026 implicatus
2863 2954 3112 3010 tenebris
3143 2961 3197 3008 et
3227 2952 3522 3010 ditiiculta-

249 3045 417 3108 tibus,
441 3043 644 3098 utiliter
671 3060 791 3098 meo
820 3044 1029 3113 judicio
1067 3059 1289 3114 operam
1317 3044 1609 3105 collocant,
1645 3047 1764 3114 qui,
1797 3052 2039 3096 veterum
2071 3045 2450 3115 theologorum
2490 3043 2740 3112 vestigiis
2773 3042 3094 3097 insistentes
3121 3080 3137 3105 ,
3168 3041 3520 3111 explicationi

248 3134 397 3186 illius
428 3132 656 3186 viriliter
707 3132 1031 3186 incumbunt
1059 3149 1072 3196 ;
1108 3135 1382 3202 tantisque
1410 3133 1518 3187 illis
1547 3133 1978 3187 obscuritatibus
2009 3143 2062 3188 et
2092 3135 2330 3189 tenebris
2355 3135 2530 3189 lucem
2562 3135 2803 3203 aliquam
2840 3132 3039 3188 afferre
3065 3134 3432 3196 contendunt,
3466 3144 3520 3189 et

249 3238 374 3290 quae
397 3221 482 3274 vel
517 3221 616 3289 ipsi
642 3221 783 3290 apud
810 3236 869 3276 se
903 3238 1009 3275 non
1043 3223 1252 3291 absque
1291 3224 1476 3278 labore
1514 3224 1755 3278 meditati
1794 3233 1944 3289 sunt,
1971 3223 2052 3276 vel
2089 3224 2232 3292 apud
2273 3224 2410 3278 alios
2444 3223 2784 3278 orthodoxos
2818 3232 2874 3277 et
2914 3223 3159 3277 eruditos
3191 3223 3520 3292 interpretes

248 3307 498 3360 studiose
525 3309 906 3375 observarunt,
944 3307 1243 3363 liberaliter
1273 3310 1327 3363 in
1352 3312 1590 3364 medium
1617 3310 1930 3364 conferunt.
1962 3312 2106 3366 Inter
2134 3313 2236 3366 hos
2274 3321 2454 3366 autem
2482 3311 2564 3364 vel
2590 3311 2824 3380 primum
2846 3353 2860 3376 ,
2885 3310 2968 3364 vel
3012 3311 3195 3379 primo
3224 3321 3372 3364 certe
3391 3326 3520 3380 pro-

251 3397 458 3448 simum
481 3395 661 3449 locum
694 3411 1040 3466 promeretur
1070 3399 1317 3454 Andreas
1347 3402 1610 3454 Caesarea:
1643 3400 2001 3470 Cappadocia:
2030 3399 2501 3468 archiepiscopus.
2540 3396 2677 3451 Nam
2733 3398 2838 3452 etsi
2890 3407 3019 3452 ante
3052 3399 3231 3466 ipsum
3264 3395 3518 3453 Justinus

251 3497 463 3553 martyr
491 3483 940 3555 etphilosophus,
972 3496 1027 3541 et
1062 3487 1301 3542 Irenaaus
1329 3485 1717 3558 Lugdunensis
1751 3489 2065 3559 episcopus,
2101 3497 2154 3542 et
2205 3487 2296 3541 alii
2348 3499 2612 3557 prmterca
2662 3486 2912 3540 nonnulli
2943 3485 3313 3557 Apocalypsin
3348 3502 3520 3556 expo-

248 3573 488 3635 suerint,
517 3572 702 3627 nullus
735 3581 915 3629 tamen
946 3589 1056 3628 uno
1077 3574 1181 3629 hoc
1205 3574 1365 3630 Patre
1389 3583 1485 3629 aut
1508 3577 1810 3646 copiosius,
1836 3585 1931 3630 aut
1948 3575 2237 3639 eruditius,
2259 3583 2353 3630 aut
2370 3573 2710 3630 luculentius
2738 3573 2841 3626 hoc
2855 3573 3518 3642 prrestitil.Quamobrem

252 3659 397 3711 haud
425 3659 685 3728 indignus
730 3660 887 3713 nobis
923 3662 1071 3716 visus
1101 3670 1202 3726 est,
1235 3663 1327 3731 qui
1364 3663 1415 3715 in
1449 3662 1690 3732 linguam
1715 3661 1963 3717 Latinam
2000 3668 2440 3726 converteretur,
2471 3671 2526 3716 et
2565 3661 2630 3715 ad
2658 3674 3007 3714 communem
3057 3657 3319 3714 Ecclesiae
3354 3674 3514 3713 usum

251 3748 303 3797 in
336 3747 515 3800 lucem
542 3747 817 3800 ederetur.
851 3747 1112 3812 Quamvis
1134 3750 1280 3803 enim
1306 3751 1472 3804 homo
1494 3749 1717 3805 Graecus
1739 3760 1793 3804 et
1826 3750 2143 3819 Cappadox,
2171 3760 2224 3802 et
2254 3750 2398 3819 quod
2436 3751 2501 3802 ad
2535 3749 2649 3802 haac
2675 3749 2788 3801 loca
2815 3749 3030 3812 attinet,
3062 3746 3265 3815 hospes
3298 3761 3520 3818 quoque

247 3846 301 3887 et
335 3836 660 3904 peregrinus
693 3839 783 3899 sit,
807 3837 944 3890 nihil
984 3847 1162 3891 tamen
1199 3849 1293 3891 aut
1318 3853 1634 3897 enroneum,
1667 3851 1760 3892 aut
1785 3840 2106 3902 baiharum,
2141 3847 2235 3891 aut
2260 3837 2673 3891 circulatoriam
2699 3845 2857 3890 sonat
2887 3853 2900 3888 :
2935 3835 3066 3904 quin
3104 3836 3298 3889 miram
3337 3836 3520 3905 potius

249 3923 508 3988 pietatem
548 3924 752 3994 ubique
780 3925 975 3994 spirat,
1004 3940 1370 3994 magnamque
1398 3925 1451 3978 in
1471 3926 1704 3994 singulis
1739 3927 2134 3996 propemodum
2165 3925 2387 3995 pagellis
2423 3924 2807 3986 eruditionem,
2839 3932 2893 3977 et
2930 3921 3262 3992 singularem
3296 3923 3520 3992 insuper

249 4011 318 4062 ab
345 4010 602 4066 omnibus
637 4011 938 4067 hazresibus
962 4021 1016 4067 et
1041 4013 1315 4068 haereticis
1355 4014 1522 4066 animi
1555 4014 1941 4068 alienationem
1975 4013 2232 4076 ostendit,
2259 4011 2498 4066 maxime
2529 4027 2655 4065 vero
2675 4010 2743 4065 ab
2771 4009 3103 4078 Origenistis
3133 4017 3189 4062 et
3213 4008 3518 4075 Chiliastis,

249 4098 342 4166 qui
386 4099 681 4154 Ecclesiam
701 4099 1043 4155 Catholicam
1078 4102 1243 4170 perid
1278 4111 1492 4168 tempus
1522 4117 1630 4172 pra:
1657 4103 1871 4156 caeteris
1926 4100 2281 4156 infestabant.
2336 4099 2463 4153 Fuit
2494 4100 2680 4167 itaque
2714 4098 3094 4152 commentarii
3123 4096 3287 4168 hujus
3323 4109 3520 4155 auctor

251 4202 357 4238 non
385 4187 550 4241 modo
577 4188 808 4258 insignis
843 4189 1136 4258 episcopus
1160 4199 1453 4257 pastorque
1481 4190 1728 4258 apprime
1765 4189 1997 4259 vigilans
2048 4198 2103 4242 et
2136 4188 2298 4251 fidus,
2332 4195 2388 4239 ut
2438 4196 2710 4240 testantur
2739 4193 3011 4254 quotquot
3040 4185 3205 4238 vitam
3255 4184 3403 4240 illius
3433 4188 3521 4241 vel

250 4275 427 4327 obiter
461 4276 759 4344 attingunt,
789 4290 975 4330 verum
998 4276 1213 4344 egregie
1243 4292 1461 4345 quoque
1501 4279 1622 4346 pius
1666 4292 1975 4346 magnaque
2007 4277 2319 4330 divinarum
2350 4277 2829 4344 humanarumque
2870 4275 3175 4328 litterarum
3208 4273 3520 4329 eruditione

265 4370 498 4423 irnatus,
521 4374 571 4415 et
607 4378 732 4415 acer
762 4362 995 4431 denique
1026 4363 1294 4416 luerosum
1331 4373 1384 4417 ct
1413 4374 1686 4418 sectarum
1713 4366 1957 4419 omnium
1989 4367 2186 4420 hostis.

1160 4650 1333 4710 Idem
1375 4651 1676 4712 Pellanus
1720 4651 1782 4711 in
1825 4649 2094 4730 epistola
2128 4651 2203 4711 ad
2238 4651 2595 4710 Lectorem.

315 4815 454 4881 Quis
484 4815 864 4868 commentarii
917 4814 1081 4884 hujus
1122 4823 1312 4868 auctor
1341 4813 1636 4877 exstiterit,
1681 4814 1913 4869 candide
1951 4812 2166 4878 Lector,
2203 4814 2359 4878 satis,
2385 4814 2582 4884 opinor
2609 4856 2622 4879 ,
2660 4831 2722 4870 ex
2767 4815 2924 4868 titulo
2953 4815 3049 4868 toti
3091 4814 3243 4884 operi
3293 4817 3518 4883 praefixo

252 4913 438 4972 aperte
477 4910 713 4955 constat.
741 4903 860 4966 Quo
889 4911 1132 4970 tempore
1156 4911 1337 4956 autem
1363 4903 1408 4957 is
1438 4903 1660 4964 vixerit,
1687 4912 1776 4955 aut
1813 4902 2139 4957 Caesariensi
2183 4902 2438 4956 Ecclesia:
2477 4906 2778 4972 praefuerit.
2825 4904 2876 4957 id
2902 4913 3053 4957 certe
3094 4903 3334 4956 nondum
3363 4919 3518 4958 com-

253 4992 389 5059 peri.
427 4990 628 5044 Basilio
656 4989 850 5060 Magno
883 4992 1130 5060 ejusdem
1169 4991 1316 5046 sedis
1345 4991 1591 5045 antistite
1626 4991 1986 5060 posteriorem
2008 4989 2177 5045 fuisse
2207 5001 2359 5045 extra
2389 4991 2826 5046 controversiam
2853 5002 2960 5055 est,
2992 5001 3052 5045 ut
3082 4992 3177 5060 qui
3211 5007 3317 5044 non
3349 4993 3516 5045 Semel

251 5080 304 5132 in
345 5081 448 5133 hoc
476 5079 876 5134 commentario
908 5079 1242 5134 nominetur.
1272 5079 1540 5134 Caeterum
1573 5079 1639 5132 ad
1670 5080 1796 5133 libri
1833 5080 1999 5148 hujus
2035 5081 2535 5149 interpretationem
2563 5122 2578 5145 ,
2612 5091 2811 5151 praeter
2844 5081 3135 5134 utilitatem
3189 5095 3357 5149 quam
3391 5081 3519 5133 inde

252 5170 319 5223 ad
346 5170 646 5222 Ecclesiam
684 5171 862 5225 redire
885 5184 1046 5239 posse
1093 5171 1406 5240 sperabam,
1433 5171 1544 5224 duo
1584 5170 1854 5240 praecipue
1888 5185 1974 5224 me
2006 5169 2338 5238 impulerunt
2367 5186 2381 5223 :
2420 5169 2604 5238 operis
2625 5169 2883 5229 brevitas,
2920 5182 3015 5221 seu
3059 5167 3241 5221 verius
3271 5167 3516 5237 rjusdcm

255 5257 630 5320 mediocritas,
665 5268 719 5310 et
749 5259 999 5312 codicum
1033 5266 1292 5326 praeterea
1347 5257 1665 5311 Gnecorum
1702 5271 1813 5308 non
1849 5258 2094 5326 vulgaris
2139 5257 2525 5312 commoditas.
2580 5255 2716 5309 Nam
2755 5264 2952 5326 praiter
2979 5255 3232 5325 prresidia
3254 5293 3270 5315 ,
3302 5270 3424 5324 qua:
3454 5255 3521 5308 ad

253 5362 374 5401 eam
417 5361 528 5399 rem
559 5346 1002 5402 subminiStravit
1031 5346 1372 5416 amplissima
1410 5346 1500 5400 illa
1525 5345 1790 5414 principis
1817 5344 2065 5400 Bavaria:
2101 5344 2455 5407 bibliotheca,
2486 5344 2752 5412 singulari
2797 5342 2989 5397 favore
3041 5351 3095 5397 et
3140 5342 3519 5397 benevolentia

257 5433 460 5490 nobilis
490 5443 546 5488 et
576 5433 838 5488 senatorii
866 5433 1078 5489 ordinis
1109 5434 1231 5499 viri,
1275 5433 1483 5487 domini
1512 5433 1726 5497 Quirini
1766 5432 2085 5503 Rellingeri,
2151 5433 2300 5486 aliud
2354 5440 2727 5502 pervetustum
2764 5431 3045 5501 exemplar
3065 5445 3130 5484 ex
3171 5429 3382 5499 reipub.
3408 5430 3520 5483 Au-

255 5533 502 5588 gustanre
526 5521 857 5576 bibliotheca
883 5521 1168 5591 impetravi
1197 5539 1210 5574 :
1243 5523 1389 5590 quod
1420 5536 1552 5575 sane
1578 5520 1874 5590 plurimum
1909 5521 2039 5574 mihi
2067 5521 2322 5575 contulit.
2352 5519 2620 5586 Quamvis
2648 5520 2792 5574 enim
2818 5519 3168 5589 quaaducalis
3193 5518 3521 5571 bililimhcco

257 5611 738 5681 suppeditaverat,
772 5611 838 5665 ad
876 5610 948 5675 id,
986 5610 1132 5680 quod
1168 5611 1536 5675 institueram,
1566 5619 1794 5664 satesse
1822 5609 2125 5679 potuerint,
2153 5617 2399 5662 attamen
2437 5610 2795 5677 Augustanus
2815 5607 2988 5662 codex
3023 5608 3209 5661 multis
3239 5603 3374 5660 locis
3399 5620 3526 5674 per-

248 5715 417 5769 quam
453 5713 792 5768 opportunus
833 5699 966 5753 mihi
997 5699 1118 5754 iuit.
1165 5699 1409 5754 Habebat
1439 5709 1618 5754 autem
1657 5701 1703 5754 is
1735 5714 1842 5752 non
1878 5699 2110 5752 Andreae
2150 5697 2527 5763 Caesariensis,
2580 5698 2675 5753 sed
2715 5695 2974 5752 Metliodii
3011 5695 3228 5749 titulum
3266 5713 3280 5746 :
3323 5709 3521 5747 verum

257 5788 310 5842 id
345 5791 529 5843 minus
566 5804 638 5842 rei
662 5797 731 5854 te,
763 5788 807 5844 si
847 5789 1065 5858 quidem
1095 5788 1474 5844 commentarii
1513 5788 1676 5856 hujus
1708 5787 2065 5852 architectus,
2093 5801 2218 5839 cum
2287 5785 2340 5838 in
2393 5784 2511 5854 ipsa
2542 5783 2861 5855 prmfatione
2887 5826 2901 5848 ,
2939 5794 3050 5836 tum
3111 5781 3240 5836 alihi
3286 5795 3526 5849 persaepe

249 5874 594 5932 Sletliodium
624 5876 873 5932 nominat
909 5896 920 5932 :
962 5877 1333 5932 nihilominus
1363 5886 1542 5932 tamen
1579 5878 1668 5946 qui
1699 5874 2013 5931 Grmcorum
2042 5876 2305 5930 librorum
2339 5873 2575 5931 indicem
2608 5872 2866 5941 confecit,
2901 5872 3054 5942 culpa
3089 5870 3315 5926 omnino
3348 5880 3519 5925 caret.
