4276 6438
196 384 312 447 217

1175 386 1785 451 COMMENTARIUS
1819 393 1901 453 IN
1942 398 2477 462 APOCALYPSIN.

3381 409 3487 476 2l8

201 500 412 563 πτύξαι
475 498 571 568 τὴν
605 498 701 550 τοῦ
764 498 1031 567 Θεολόγου
1092 499 1350 555 Ἰωάννου
1408 505 1803 574 Ἀποκάλυψιν,
1837 514 1879 568 Α

1793 549 1803 572 ν
1837 514 1879 568 Α
1913 523 2158 579 rogatus,
2191 525 2249 569 ut
2277 517 2387 572 divi
2412 516 2643 574 Joannis
2668 517 2946 593 Theologi
2977 521 3345 595 Apocalypsin
3381 543 3482 582 cx-

199 594 300 645 κα“ι
335 593 450 654 τοῖς
493 591 630 659 μετα
659 594 758 659 τὴν
783 591 955 660 αὐτῆς
986 592 1259 647 ὀπτασίαν
1297 597 1518 664 χρόνοις
1544 599 1796 667 ἐφαρμό-

205 701 302 737 σαι
343 685 410 735 τὰ
457 683 935 754 προφητευοέντα,
985 687 1099 748 τοῖς
1140 686 1283 757 ὑπὲρ
1332 690 1434 758 ἐμὲ
1476 690 1801 760 ἐγχειρῆσαι

201 777 594 845 ἀνεϐαλὸμην·
646 777 803 841 εἰδὼς
853 778 1102 849 μεγάλης
1133 779 1298 833 τοῦτο
1331 775 1474 836 εἶναι
1533 783 1800 848 διανοίας,

203 873 303 921 καὶ
330 867 454 942 [τῷ]
489 870 620 939 Θείῳ
671 870 954 940 Πνεύματι
993 873 1444 943 πεφωτισμένης,
1474 876 1583 928 τῶν
1613 893 1804 946 μυστι-

203 959 320 1022 κῶς
357 963 472 1023 τοῖς
519 961 698 1029 ἁγίοις
739 963 1074 1031 ἑωραμένων
1113 967 1170 1015 ὲν
1209 965 1286 1034 τῷ
1328 965 1580 1034 μέλλοντι
1621 967 1802 1036 χρόνῳ

207 1053 627 1122 συμϐήσεσθαι.
662 1053 939 1105 ποιεῖσθαι
969 1056 1294 1122 ἀνάπτυξιν.
1326 1058 1525 1127 Εἰὶγὰρ
1555 1059 1664 1110 τῶν
1698 1075 1802 1112 πα-

206 1143 385 1196 λαιῶν
416 1144 718 1214 προφητῶν
755 1147 811 1199 αί
847 1145 1023 1215 βίϐλοι
1059 1148 1165 1200 ὑπὸ
1195 1149 1410 1202 πολλῶν
1443 1151 1808 1220 ἑρμηνευθεί-

209 1252 330 1300 σαι,
367 1236 450 1288 ἔτι
498 1236 559 1289 τδ
589 1235 755 1306 βάθος
798 1238 908 1290 τῶν
956 1240 1014 1290 ἐν
1067 1240 1261 1303 αὑταῖς
1308 1242 1628 1312 μυστηρίων
1669 1241 1803 1313 [τοῖς

208 1329 411 1401 πᾶσιν]
448 1329 665 1400 ἔχουσιν
696 1331 931 1384 ἀθέατον
986 1331 1116 1402 ἄχρι
1143 1333 1245 1402 τῆς
1298 1334 1516 1405 ἡμέρας
1554 1335 1798 1404 ικείνης,

209 1427 270 1478 ἐν
373 1425 472 1495 τῆς
510 1426 747 1498 μερικῆς
776 1427 1235 1496 καταργουμένης
1270 1428 1527 1497 γνώσεως
1558 1432 1590 1500 η
1621 1431 1806 1484 τελεία

209 1516 709 1589 άναδειχθήσεται·
755 1519 961 1590 καίπερ
1003 1520 1073 1573 τά
1109 1521 1338 1574 πλεῖστα
1390 1525 1521 1589 περὶ
1573 1526 1674 1594 τῆς
1704 1524 1803 1577 τοῦ

215 1611 461 1679 μεγάλου
497 1610 636 1664 Θεοῦ
702 1613 796 1664 καὶ
853 1613 1109 1684 Σωτῆρος
1145 1615 1304 1685 ήμῶν
1340 1615 1566 1686 πρώτης
1605 1618 1806 1686 ἐπιφα-

211 1703 369 1766 νείας
405 1704 744 1773 κηρύξασαι,
789 1706 838 1758 εί
890 1705 986 1757 καί
1039 1723 1162 1759 τινα
1211 1707 1426 1772 τούτοις
1477 1710 1679 1779 ἀναμὶξ
1713 1710 1808 1762 καὶ

213 1796 348 1864 περὶ
382 1796 479 1865 τῆς
511 1795 773 1866 δευτέρας
827 1795 995 1850 αὑτοῦ
1040 1797 1348 1867 παρουσίας
1394 1800 1803 1869 κατήγγειλανο

1905 604 2208 673 planarem,
2260 608 2620 682 ejusdemque
2653 612 2918 668 vaticinia
2971 617 3332 685 temporibus.
3365 635 3489 689 quae

1907 706 2032 766 post
2091 698 2236 752 illam
2287 702 2615 770 patefactam
2666 717 2963 761 consecuta
2999 715 3164 776 sunt,
3208 717 3487 782 utcunque

1905 790 2403 860 accommodarent,
2437 810 2556 862 quae
2588 798 2792 868 ingenii
2830 799 2934 851 mei
2977 814 3179 855 nervos
3209 801 3480 858 excedere

1908 885 2251 949 videbantur,
2286 888 2505 958 aggredi
2541 892 2806 947 hactenus
2860 891 2948 945 vix
2999 907 3122 947 sum
3179 909 3369 949 ausus.
3401 893 3485 949 ln-

1909 977 2218 1046 telligcbam
2249 978 2392 1032 enim
2428 983 2684 1051 mysteria
2733 983 2865 1038 viris
2916 985 3124 1039 sanctis
3160 1001 3256 1055 per
3307 987 3484 1042 visum

1907 1078 2151 1132 ostensa,
2184 1085 2306 1136 quae
2357 1072 2485 1125 olim
2542 1075 2807 1142 explenda
2863 1087 3274 1146 exspectantur,
3333 1095 3488 1134 corn-

1907 1160 2071 1214 mode
2094 1161 2393 1230 explicare,
2423 1162 2797 1232 intelligentiae
2829 1182 2953 1220 esse
2988 1182 3220 1238 magna,
3260 1171 3490 1225 mentis-

1907 1267 2015 1321 que
2075 1253 2264 1308 divino
2333 1254 2542 1322 Spiritu
2614 1254 2758 1310 haud
2830 1257 3128 1326 vulgariter
3180 1259 3487 1316 illustrauit.

1911 1344 2204 1400 Enimvero
2233 1345 2280 1400 si
2303 1354 2552 1400 veterum
2588 1348 2979 1418 prophetarum
3022 1349 3174 1413 libri,
3207 1354 3428 1409 tametsi
3460 1370 3491 1409 a

1908 1451 2073 1506 quam
2102 1437 2352 1506 plurimis
2378 1438 2490 1506 jam
2515 1439 2649 1494 olim
2671 1440 2966 1510 explanati,
2991 1456 3490 1512 sacramentorum,

1906 1540 2031 1596 quae
2057 1526 2110 1579 in
2139 1527 2272 1596 ipsis
2303 1527 2490 1595 latent,
2533 1530 2968 1598 profunditatem
3013 1534 3321 1591 etiamnum
3385 1539 3485 1594 ab-

1907 1619 2078 1674 ditam
2139 1619 2344 1675 habent
2385 1620 2773 1694 habebantque
2819 1641 2993 1697 usque
3045 1628 3112 1680 ad
3149 1626 3293 1684 diem
3340 1627 3491 1684 illum

1910 1723 2042 1778 quo,
2073 1710 2302 1764 scientia
2341 1725 2464 1780 quae
2494 1726 2560 1767 ex
2622 1723 2778 1784 parte
2817 1724 2922 1781 est,
2950 1716 3248 1783 destructa,
3284 1734 3346 1774 ea
3375 1735 3496 1790 qua

1913 1799 2152 1868 perfecta
2199 1810 2284 1855 est
2322 1803 2579 1857 succedet
2618 1822 2631 1858 :
2664 1815 2806 1870 esto,
2850 1807 3074 1863 interim
3135 1810 3312 1880 major
3369 1811 3496 1866 illo-

213 1887 335 1949 πῶς
391 1889 458 1940 ἄν
491 1904 576 1950 τις
626 1890 687 1940 οὐ
734 1888 1006 1959 τολμηρὸς
1060 1889 1428 1960 δειχθήσεται,
1464 1867 1808 1962 προφητικοῦ
1847 1867 1886 1922 Β

1802 1891 1808 1942 i
1847 1867 1886 1922 Β
1917 1867 2036 1947 rum
2065 1908 2193 1963 pars
2220 1893 2288 1949 de
2313 1895 2490 1964 primo
2519 1899 2700 1968 magni
2736 1867 2827 1953 Dei
2858 1908 2913 1954 et
2962 1867 3268 1960 Salvatoris
3314 1905 3491 1960 nostri

216 1977 322 2046 μὲν
355 1977 628 2047 ἀμέτοχος
681 1976 756 2030 ὢν
791 1979 1135 2048 Πνεύματος,
1170 1981 1438 2052 ἐγχειρῶν
1483 1982 1540 2034 δὲ
1579 1982 1811 2046 ἐκείνοις

1807 2001 1811 2011 ι
1912 1985 2146 2039 adventu
2212 1987 2574 2042 concionetur
2622 1992 2774 2059 (nam
2845 1994 3096 2062 quaedam
3162 2011 3379 2067 quoque
3427 2000 3496 2052 de

209 2063 289 2122 ὧν
321 2069 478 2124 οὔπω
509 2072 570 2124 τὸ
594 2071 750 2135 τέλος
787 2073 1082 2139 τεθέαται;
1119 2075 1263 2128 Ἀλλ’
1294 2065 1418 2130 ἐπεῖι
1449 2077 1669 2148 ὑπακοὴ
1704 2078 1806 2148 μὲν

1800 2095 1806 2124 ι
1913 2079 2158 2131 secundo
2184 2079 2432 2148 ejusdem
2467 2081 2702 2137 adventu
2733 2083 2938 2143 alicubi
2989 2063 3250 2143 interseri
3292 2063 3489 2160 negari

213 2163 359 2234 ὑπὲρ
387 2165 580 2216 ουσίαν
613 2166 818 2236 ἀγαθὴ,
852 2168 884 2237 ἠ
915 2167 971 2219 δὲ
1019 2169 1174 2232 ἐλπὶς
1209 2169 1270 2222 οὐ
1307 2171 1685 2242 καταισχύνει,
1712 2172 1808 2224 καὶ

213 2254 246 2322 ἡ
300 2254 491 2322 ἀγάπη
525 2254 585 2306 οὐ
632 2255 852 2319 πίπτει,
907 2260 1050 2311 κατα
1090 2259 1181 2312 τὸν
1231 2260 1594 2315 Ἀπόστολονο
1637 2262 1810 2335 ταύτῃ

216 2347 608 2416 συνδεδεμένος
651 2351 715 2420 τῇ
781 2349 1061 2422 Θεαρέστῳ
1095 2370 1186 2405 σου
1226 2352 1400 2424 ψυχῇ,
1447 2348 1492 2406 ὦ
1529 2355 1807 2427 Μακάριε,

213 2438 457 2503 ἐλπίζων
495 2458 554 2494 τε
590 2441 660 2494 δι’
690 2443 860 2512 αὐτῆς
891 2444 991 2512 τήν
1020 2462 1079 2497 τε
1107 2446 1216 2498 τῶν
1258 2447 1641 2516 ἐλλειμμάτων
1672 2451 1803 2503 ἀνα-

215 2530 526 2600 πλήρωσιν,
544 2533 638 2586 τόν
658 2551 716 2587 τε
749 2536 846 2604 τῆς
875 2537 1124 2606 ὑπακοῆς
1152 2538 1368 2606 μισθὸν,
1394 2540 1459 2610 ἢν
1487 2538 1633 2611 [τῆς]
1661 2541 1804 2605 ἁγά-

214 2639 326 2693 πης
347 2619 467 2676 οἶδα
504 2627 736 2696 καρπὸν,
789 2629 850 2681 τὸ
883 2629 1178 2699 ἐπιταχθὲν
1205 2631 1263 2681 ἐν
1292 2631 1460 2702 ὀλίγῳ
1507 2631 1800 2702 πληρώσω,

216 2716 317 2768 σὺν
344 2717 466 2787 Θεῷ
492 2718 571 2787 τῷ
609 2720 904 2789 σοςρίζοντι.

1920 2186 2027 2223 non
2056 2171 2236 2240 debet)
2264 2190 2278 2239 ;
2311 2175 2589 2242 quomodo
2640 2178 2687 2231 is
2729 2177 2905 2233 audax
2939 2195 3050 2234 non
3074 2181 3364 2246 habeatur,
3401 2175 3521 2251 qui

1918 2263 2223 2333 prophetici
2248 2264 2473 2333 spiritus
2497 2281 2713 2330 exsors.
2745 2269 2837 2324 illa
2878 2269 3226 2340 interpretari
3245 2272 3500 2344 aggredi-

1918 2365 2006 2409 tur
2033 2369 2268 2424 quorum
2319 2365 2551 2413 eventus
2605 2358 2838 2414 necdum
2873 2360 3023 2416 clare
3080 2361 3378 2417 cernitur?
3426 2361 3499 2418 At

1916 2446 2044 2515 quia
2069 2445 2436 2501 obedientiam
2468 2447 2706 2504 victimis
2725 2459 2990 2520 pressare
3008 2453 3273 2522 scriptum
3294 2463 3497 2521 exstat,

1913 2553 2148 2608 spesque
2184 2539 2486 2593 secundum
2519 2541 2832 2610 apostolum
2882 2557 2993 2597 non
3047 2544 3358 2610 confundit,
3395 2561 3494 2600 ue-

1913 2646 2020 2700 que
2049 2631 2312 2696 charitas,
2370 2646 2477 2701 qua
2533 2632 2732 2687 animae
2765 2644 2870 2688 tuae
2911 2635 3106 2691 intime
3171 2636 3500 2707 coniunctus

1915 2739 2058 2787 sum,
2095 2739 2337 2794 unquam
2371 2723 2597 2788 excidit,
2630 2723 2748 2790 Dei,
2774 2725 2870 2796 qui
2888 2726 3218 2798 sapientiam
3242 2728 3495 2798 largitur,

212 2821 319 2876 Ope
355 2807 550 2873 frctus,
586 2828 787 2868 munus
821 2814 918 2868 abs
960 2821 1010 2868 te
1044 2814 1177 2868 mihi
1234 2815 1568 2882 injunctum,
1598 2815 1822 2880 Macari,
1863 2826 1920 2870 ut
1951 2823 2142 2886 potero
2187 2816 2412 2883 explere
2465 2817 2731 2871 conabor.
2763 2815 3095 2874 Persuasum
3127 2820 3275 2872 enim
3298 2819 3494 2882 habeo,

213 2901 262 2954 si
298 2904 392 2970 qui
422 2906 561 2958 inter
615 2907 1096 2961 connuentandum
1171 2908 1417 2963 defectus
1484 2910 1806 2974 acciderint,
1845 2925 1941 2963 eos
1997 2919 2047 2963 te
2077 2923 2176 2978 pro
2203 2918 2294 2963 tua
2328 2908 2604 2962 charitato
2647 2917 2703 2964 et
2753 2910 3062 2967 eruditione
3079 2912 3340 2967 benevole
3367 2924 3500 2966 cor-

217 3007 520 3060 recturum,
580 2998 1019 3069 mercedemque,
1073 3016 1237 3070 quam
1289 3000 1622 3064 obedientia,
1665 3016 1788 3070 qua:
1849 3016 1915 3055 ex
1971 3001 2238 3056 cbaritate
2294 3001 2491 3066 oritur,
2531 3000 2653 3072 iure
2682 3013 3046 3074 promeretur,
3081 3004 3228 3060 haud
3258 3003 3499 3059 illibera-

218 3089 344 3142 litcr
378 3089 807 3158 persoluturum.

293 3178 522 3248 Πρῶτον
553 3180 652 3250 μὲν
681 3181 797 3244 οὖν,
826 3182 902 3241 ὡς
937 3179 1095 3237 οἶσθα
1141 3187 1236 3239 καὶ
1283 3187 1468 3251 αὐτὸς,
1509 3188 1661 3241 πᾶσα
1691 3185 1811 3239 Θεό-
1841 3194 1885 3254 ς

1802 3218 1811 3230 .
1841 3194 1885 3254 c
1989 3181 2232 3238 Primum
2265 3183 2451 3254 igitur,
2481 3191 2541 3237 ut
2573 3191 2630 3238 tu
2687 3183 2804 3254 ipse
2832 3198 3058 3255 quoque
3089 3201 3197 3239 non
3247 3185 3491 3255 ignoras,

218 3287 492 3334 πνευστος
538 3273 756 3343 Γραφῇ,
791 3276 886 3328 άτε
927 3282 1177 3346 τριμερεί
1203 3279 1282 3348 τῷ
1315 3278 1588 3350 ἀνθρώπῳ
1629 3280 1807 3349 ὑπάΡ’

216 3380 392 3430 χοντι,
431 3366 702 3436 τριμερὴς
741 3370 805 3419 ἐκ
837 3369 937 3436 τῆς
985 3369 1133 3432 Θείας
1188 3370 1488 3442 δεδώρηται
1542 3374 1804 3443 χάριτος·

219 3453 320 3504 καὶ
369 3455 576 3525 ταύτης
628 3451 740 3509 οἷόν
778 3474 831 3510 τι
868 3459 1030 3529 σῶμα
1066 3460 1127 3512 τὸ
1181 3461 1421 3532 γράμμα
1473 3465 1569 3516 καὶ
1615 3466 1647 3532 ή
1680 3463 1804 3517 κατ’

217 3544 474 3612 αἴσοησιν
507 3549 715 3619 ἱστορία
741 3550 1084 3622 καθέστηκεν
1106 3570 1119 3583 ⁸
1148 3555 1312 3607 οἱονεὶ
1341 3555 1397 3608 δὲ
1427 3556 1596 3626 ψυχὴ,
1627 3558 1809 3627 ἡτρο⁹

217 3639 473 3705 πολογία.
517 3640 574 3706 ἐξ
606 3641 879 3710 αἰσθητῶν
927 3644 1022 3696 ἐπὶ
1049 3643 1120 3697 τὰ
1151 3645 1320 3716 νοητὰ
1357 3646 1672 3715 ποδηγοῖωα
1711 3645 1805 3698 τὸν

218 3728 669 3796 ἀναγινώσκοντα
693 3749 705 3761 ·
736 3732 990 3804 καθάπερ
1010 3735 1068 3788 δὲ
1090 3735 1330 3808 πνεῦμα,
1373 3739 1404 3807 ή
1437 3737 1547 3790 τῶν
1579 3739 1809 3807 μελλόν-

216 3841 326 3875 των
361 3824 456 3876 καὶ
495 3824 840 3895 ὑψηλοτέρων
869 3827 1133 3898 ἀναγωγὴ
1159 3831 1256 3882 καὶ
1287 3829 1490 3899 θεωρία
1515 3831 1760 3900 πέψηνεν
1791 3847 1805 3862 ·

217 3917 292 3977 ὡς
322 3915 420 3984 τὴν
458 3917 558 3984 μὲν
619 3917 868 3986 πρώτην,
929 3919 1160 3989 πρέπειν
1192 3923 1305 3985 τοίς
1342 3922 1408 3974 ὲκ
1440 3919 1581 3991 [τοῦ]
1639 3923 1806 3991 νόμου

218 4010 766 4081 παιδαγωγουμένοις
788 4029 804 4044 ⁶
839 4013 938 4084 τὴν
977 4013 1033 4066 δὲ
1053 4014 1339 4086 δευτέραν,
1376 4017 1486 4078 τοῖς
1518 4017 1808 4067 πολιτευοο

221 4103 408 4168 μένοις
446 4103 503 4153 ὲν
533 4103 715 4173 χάριτι
735 4120 748 4133 ο
791 4103 888 4174 τὴν
923 4104 980 4157 δὲ
1009 4105 1228 4176 τρίτην,
1251 4108 1318 4175 τῇ
1348 4106 1596 4177 μακαρίᾳ
1634 4105 1806 4175 λήξει,

216 4194 274 4240 ἐν
315 4185 440 4262 ᾖτὸ
478 4193 692 4262 πνεῦμα
730 4193 1447 4263 βασι).εύει,ὑποταγέντων
1487 4195 1640 4263 αὺτῷ
1673 4199 1810 4248 παν-

215 4300 327 4332 των
361 4281 469 4334 τῶν
507 4285 783 4353 σαρκικῶν
817 4286 1095 4354 λογισμῶν
1138 4303 1198 4338 τε
1245 4289 1339 4339 καὶ
1373 4292 1665 4358 κινήσεων.
1696 4287 1808 4340 Καὶ

213 4375 277 4425 τὸ
320 4373 421 4440 μὲν
462 4374 749 4444 πρᾶτερον,
793 4376 1060 4445 ἱστορίαις
1103 4376 1446 4446 πραγμάτων
1491 4377 1592 4448 ήδη
1643 4394 1806 4445 γεγε-

216 4465 474 4530 νημένων
534 4467 869 4535 ἑφήρμοζεν,
917 4469 966 4518 εί
1024 4469 1118 4520 καὶ
1155 4472 1268 4530 τοῖς
1326 4468 1664 4539 προδρόμοις
1704 4471 1804 4537 τῆς

1917 3274 2174 3329 universa
2195 3274 2479 3343 Scriptura
2505 3274 2769 3328 divinitus
2797 3274 3084 3344 inspirata,
3111 3291 3238 3346 qua
3261 3277 3493 3342 homini,

1912 3369 2004 3438 qui
2035 3383 2100 3422 ex
2133 3368 2312 3423 tribus
2340 3367 2618 3423 distinctis
2643 3369 2889 3436 partibus
2911 3369 3204 3430 conﬂatur,
3228 3386 3335 3424 non
3365 3371 3496 3425 abs-

1914 3474 2022 3528 que
2046 3460 2309 3528 singulari
2361 3459 2452 3514 Dei
2492 3461 2758 3515 beuellcio
2817 3460 3036 3529 obtigit,
3080 3462 3349 3531 tripartita
3389 3473 3491 3519 est.

1912 3550 2087 3618 llujus
2110 3551 2272 3605 veluti
2296 3565 2498 3619 corpus
2522 3560 2605 3605 est
2627 3550 2828 3614 littera,
2851 3561 3187 3622 externaque
3217 3553 3444 3609 historia
3476 3577 3491 3612 :

1911 3641 2108 3696 Anima
2159 3656 2308 3708 vero,
2353 3642 2657 3712 tropologia
2711 3659 2725 3696 :
2781 3642 2896 3696 lucc
2928 3642 3074 3696 enim
3133 3659 3229 3712 per
3261 3660 3324 3699 ea
3373 3663 3498 3716 quae

1913 3735 2017 3788 sub
2055 3750 2276 3790 sensum
2318 3735 2564 3797 veniunt,
2598 3733 2666 3788 ad
2711 3734 2800 3788 illa
2831 3734 3052 3789 deducit
3079 3735 3338 3791 lectorem
3375 3752 3497 3805 qua:

1913 3838 2094 3882 mente
2114 3836 2322 3881 tantum
2355 3826 2804 3896 conspiciuntur:
2837 3825 3080 3894 Spiritus
3102 3837 3285 3884 autem
3313 3830 3494 3882 locum

1913 3933 2174 3987 anagoge,
2209 3920 2312 3972 hoc
2343 3928 2425 3972 est
2451 3932 2631 3971 rerum
2677 3915 2990 3972 futurarum
3009 3918 3439 3988 longissimeque
3466 3935 3496 3973 a

1911 4025 2076 4065 sensu
2135 4012 2435 4079 positarum
2486 4010 2718 4073 theoria,
2760 4011 2864 4065 sibi
2928 4011 3190 4065 vindicat.
3245 4010 3493 4066 Primum

1911 4117 2084 4172 genus
2141 4102 2196 4156 in
2223 4102 2344 4156 illos
2389 4103 2662 4171 praecipue
2713 4102 2992 4165 convenit,
3028 4117 3265 4171 quorum
3314 4104 3496 4171 paula-

1913 4211 2082 4264 gogus
2112 4194 2197 4248 lex
2234 4204 2391 4260 erat;
2427 4195 2480 4263 2
2515 4194 2846 4258 secundum,
2881 4194 2935 4247 in
2971 4208 3067 4247 eos
3115 4193 3210 4262 qui
3244 4193 3346 4247 sub
3379 4194 3498 4262 lege

1913 4288 2102 4356 gratiae
2141 4294 2192 4340 et
2229 4287 2520 4340 charitatis
2579 4294 2792 4340 aetatem
2855 4294 3065 4356 agunt;
3115 4285 3375 4349 tertium,
3435 4285 3488 4339 in

1913 4379 2164 4433 homines
2194 4378 2343 4432 vitali
2381 4380 2482 4432 hac
2504 4378 2626 4432 luce
2658 4375 2890 4431 feliciter
2919 4374 3262 4445 perfunctos,
3287 4377 3343 4430 in
3367 4376 3496 4445 qui-

1916 4470 2016 4522 bus
2046 4467 2227 4523 carnis
2257 4483 2420 4522 sensu
2453 4476 2715 4536 motuque
2746 4465 2985 4537 perfecte
3010 4465 3124 4534 jam
3174 4465 3491 4534 subjugato,

217 4554 483 4622 ἀληθείας
509 4556 703 4620 τύποις
725 4559 786 4610 οὐ
823 4558 1038 4628 μικρῶς
1083 4561 1175 4612 καὶ
1200 4559 1329 4612 αὑτό
1355 4557 1675 4632 [πολλαχοῦ]
1709 4578 1802 4613 κε·
1829 4553 1882 4610 D

1798 4553 1882 4610 .D
1909 4559 2059 4614 solus
2088 4560 2312 4628 spiritus
2353 4574 2577 4628 regnum
2609 4559 2836 4613 obtinet.
2889 4555 3134 4610 Primum
3182 4556 3364 4611 denuo
3401 4574 3487 4612 re-

218 4647 598 4702 καλλὼπισται
622 4665 635 4677 '
667 4650 727 4702 τὸ
753 4650 808 4702 δὲ
839 4651 1122 4721 δεύτερον,
1161 4657 1278 4715 ταῖς
1310 4669 1370 4704 τε
1404 4656 1806 4723 παροιμιακαῖς

218 4737 605 4806 παραινέσεσι,
665 4740 758 4793 καὶ
816 4741 1030 4811 ἑτέροις
1090 4742 1356 4806 τοιούτοις
1403 4744 1808 4808 διδασκαλικῶς

217 4830 446 4898 ἤθεσινο
479 4825 613 4895 οἷον,
649 4834 939 4888 Ἀκανθαι
991 4837 1247 4902 φύονται
1275 4838 1347 4889 ἐν
1387 4838 1537 4906 χειρὶ
1572 4837 1676 4892 τοῦ
1697 4856 1808 4906 μευ

220 4924 416 4975 Οὐσου
435 4939 446 4950 ·
471 4923 584 4986 καὶ,
614 4926 1003 4992 Αἰσχίννθητι,
1029 4929 1183 4996 φησι,
1207 4927 1415 4992 Σιδὼν,
1439 4924 1610 4982 εἶπεν
1634 4929 1673 4996 ἡ
1700 4930 1805 4985 θά-

217 5018 452 5074 λασσα.
487 5017 578 5068 καὶ
611 5015 676 5068 τὰ
707 5017 918 5080 τούτοις
956 5018 1139 5087 ὅμοια.
1175 5020 1248 5072 Τὸ
1277 5020 1334 5073 δὲ
1370 5023 1576 5090 τρίτον,
1601 5021 1803 5093 δηλαδὴ

218 5106 282 5156 τὸ
330 5107 724 5174 πνευματικὶν,
773 5110 831 5159 ὲν
882 5110 950 5178 τῇ
986 5107 1360 5179 Ἀποκαλύψει
1417 5111 1652 5179 μάλιστα
1707 5110 1802 5164 τοῦ

218 5198 485 5265 Θεολόγου
513 5198 706 5268 ἀνδρὸς
736 5198 1030 5265 πλεονάζον
1063 5202 1405 5272 εὑρίσκεται,
1438 5204 1677 5272 δαψιλῶς
1707 5205 1805 5273 μὲν

222 5292 322 5343 σὺν
343 5289 422 5359 τῷ
455 5293 833 5364 τροπολογικῴ
867 5294 968 5364 ἤδη
997 5297 1090 5347 καὶ
1119 5294 1197 5364 τῷ
1230 5297 1510 5366 ἱστορικῷ,
1551 5298 1661 5350 κάν
1693 5299 1807 5358 τοῖς

219 5383 403 5445 ἄλλοις
429 5385 738 5453 προφήταις
768 5384 1048 5455 ὁρώμενον
1075 5403 1088 5417 ·
1125 5389 1183 5440 ὲν
1212 5388 1387 5460 τούτῳ
1414 5389 1472 5442 δὲ
1513 5389 1810 5454 πλεονάζον

1915 4666 2037 4704 rum
2068 4650 2274 4704 dudum
2325 4659 2453 4706 ante
2490 4658 2764 4721 gestarum
2819 4649 3217 4720 expositionem
3251 4650 3494 4718 comp'e-

1913 4744 2077 4799 ctitur
2103 4759 2118 4809 ;
2145 4742 2246 4797 etsi
2269 4743 2375 4798 hoc
2397 4743 2573 4813 ipsum
2595 4757 2815 4813 quoque
2835 4745 2977 4814 typis
2997 4745 3278 4798 veritatem
3299 4742 3494 4796 adum-

1915 4835 2220 4898 brantibus,
2273 4834 2462 4890 multis
2511 4838 2714 4905 passim
2771 4835 2907 4889 locis
2955 4851 3065 4889 non
3139 4835 3494 4893 mediocriter

1911 4937 2228 4984 exornetur.
2256 4926 2567 4984 Secundum
2589 4968 2605 4992 ,
2639 4927 3073 4998 proverbialihus
3119 4926 3490 4997 paraancsibus

1915 5020 2312 5089 sententiisque
2335 5019 2642 5074 moralibus
2672 5020 2938 5090 majorem
2986 5029 3197 5090 partem
3245 5026 3493 5077 constat.

1911 5109 2232 5180 Cujusmodi
2266 5110 2408 5166 inter
2437 5120 2665 5168 caeteras
2694 5121 2824 5168 sunt
2854 5113 2971 5165 istac
2997 5128 3011 5164 :
3047 5110 3229 5180 Spirae
3257 5126 3491 5165 nascatu-

1915 5212 2002 5255 tur
2031 5203 2083 5256 in
2108 5218 2268 5255 manu
2298 5201 2572 5258 temulenti
2587 5204 2600 5233 '
2629 5219 2646 5269 ;
2675 5201 2958 5269 Erubesce,
2973 5201 3161 5264 Sidon.
3180 5203 3258 5256 ait
3277 5217 3426 5256 mare
3447 5203 3493 5268 ³,

1915 5296 2144 5364 aliaeque
2189 5295 2339 5350 hisce
2381 5297 2613 5351 similes.
2645 5294 2915 5361 Tertium,
2947 5310 3143 5364 nempe
3195 5296 3487 5366 mysticum

1913 5389 1997 5442 vel
2029 5388 2410 5458 anagogicum,
2432 5387 2488 5443 in
2519 5385 2846 5459 Apocalypsi
2869 5385 3102 5441 Joannis
3131 5385 3392 5456 Theologi
3423 5395 3482 5439 et

225 5475 485 5544 μάλιστα,
535 5475 630 5530 ἅτε
699 5481 810 5541 τοῖς
869 5478 1228 5550 τελειοτέροις
1280 5486 1410 5553 περὶ
1450 5483 1552 5554 τὴν
1601 5483 1808 5549 γνῶσιν
1909 5501 1914 5534 :

1795 5501 1808 5534 ρ
1909 5481 2142 5550 apostoli
2191 5481 2431 5536 maxime
2481 5479 2765 5534 exuberat.
2800 5475 2934 5532 Nam
2995 5479 3119 5532 licet
3165 5492 3407 5547 anagoge
3438 5485 3484 5531 et

218 5567 408 5620 θεόθεν
451 5569 741 5622 κελευσθὲν
768 5570 1213 5640 διαγγέλλεσθαι.
1244 5577 1335 5628 Διὸ
1364 5577 1457 5630 καὶ
1489 5579 1671 5648 ἡμεῖς,
1705 5577 1804 5646 οὐχ

1799 5594 1804 5645 ς
1908 5576 2136 5645 spiritus
2161 5575 2322 5629 simul
2352 5591 2476 5630 cum
2497 5574 2720 5628 historia
2751 5581 2807 5628 et
2838 5571 3142 5642 tropologia
3168 5571 3220 5624 in
3251 5570 3488 5624 aliorum

224 5659 294 5724 ὣς
320 5661 389 5714 τά
415 5660 554 5731 βάθη
592 5663 984 5734 κατειληςρότες
1008 5659 1102 5718 τεοῦ
1135 5669 1195 5720 ἐν
1225 5668 1378 5739 αὑτῷ
1400 5668 1790 5741 κεκρυμμένου

287 5839 307 5870 ¹
336 5838 498 5895 Prov.
535 5855 679 5903 XXVI,
714 5845 764 5895 tl.
843 5847 860 5873 ‘
887 5843 986 5898 lsu.
1029 5862 1182 5910 xxiii,
1217 5845 1268 5901 εί.

1905 5683 2125 5739 quoque
2153 5665 2544 5738 prophetarum
2597 5663 2754 5720 libris
2797 5661 3113 5733 frequenter
3155 5669 3483 5728 occurrunt,
