4276 6438
787 399 894 464 203
1961 413 2317 473 ANDREAS
2355 415 2476 476 CKEI

2368 415 2893 478 C/ESARIENSIS-
3949 421 4057 487 204

787 523 983 576 noliilis
1015 529 1069 576 et
1099 525 1593 582 senatoriiordinis
1626 527 1752 595 viri,
1785 528 1994 584 domini
2023 529 2240 595 Quirini
2287 533 2585 604 ltellingeri
2621 555 2634 590 :
2669 536 2815 590 aliud
2852 543 3222 604 pervetustum
3271 537 3555 606 exemplar
3607 550 3673 591 ex
3731 535 4056 606 reipublica:

784 609 1118 677 Augustante
1146 612 1475 666 bibliotheca
1506 615 1814 684 impetravi,
1854 618 1999 686 quod
2027 633 2162 674 sane
2191 621 2489 690 plurimum
2525 624 2658 677 mihi
2691 624 2944 677 contulit.
2975 621 3244 686 Quamvis
3273 623 3420 677 enim
3457 636 3581 693 qute
3609 623 3822 678 ducalls
3851 624 4056 678 biblio-

792 698 949 753 theca
982 700 1447 769 suppeditavcrat,
1489 705 1555 756 ad
1584 705 1632 756 id
1661 705 1805 773 quod
1835 705 2205 772 institueram,
2243 709 2376 763 satis
2401 724 2523 765 esse
2557 711 2854 780 potuerint,
2887 711 3241 780 Augustanus
3263 719 3443 764 tamen
3476 711 3646 764 codex
3695 711 3881 766 multis
3915 712 4054 767 locis

780 800 1044 855 perquam
1077 797 1428 856 opportunus
1461 791 1592 843 mihi
1625 790 1747 844 fuit.
1783 790 2222 848 llabebatautem
2261 796 2307 850 is
2342 811 2450 850 non
2475 797 2708 850 Andreas
2733 796 3113 860 Caesariensis,
3141 797 3236 850 sed
3268 796 3522 849 Methodii
3557 797 3802 852 titulum.
3843 799 4050 852 Verum

780 873 831 925 id
871 875 1050 926 minus
1081 885 1252 938 recte,
1288 876 1556 946 siquidem
1591 877 1990 934 Commentarii
2044 883 2209 951 hujus
2238 882 2589 944 architectus,
2625 898 2750 936 cum
2791 884 2844 937 in
2877 885 3003 954 ipsa
3061 882 3405 954 praefatione,
3457 893 3572 937 tum
3622 884 3755 938 alibi
3800 899 4052 954 persaepe

778 961 1107 1016 Methodium
1141 970 1406 1019 nominat.
1442 965 1818 1024 Nihilominus
1852 979 2033 1023 tamen
2059 972 2152 1040 qtti
2184 969 2499 1025 Graecorum
2537 970 2805 1026 librorum
2839 971 3078 1027 indicem
3107 972 3371 1035 confecit,
3414 972 3575 1038 culpa
3605 973 3833 1026 omnino
3868 983 4047 1027 caret.

776 1048 909 1103 Nam
947 1067 1070 1105 cum
1102 1053 1293 1121 primae
1325 1055 1550 1124 pagella:
1589 1055 2059 1124 desiderarentur,
2097 1057 2410 1128 nulliusque
2447 1060 2582 1114 certi
2625 1059 2872 1114 auctoris
2922 1075 3122 1115 nomen
3156 1060 3287 1112 illud
3339 1059 3595 1113 volumen
3628 1061 3913 1129 praeﬁxum
3945 1061 4050 1114 ha-

776 1139 946 1204 beret,
981 1142 1247 1209 probabili
1275 1143 1474 1198 ductus
1513 1145 1722 1199 ratione
1747 1185 1761 1210 ,
1783 1144 2059 1200 Methodio
2092 1161 2251 1216 quem
2289 1147 2344 1200 in
2367 1145 2598 1202 Joannis
2637 1147 3023 1219 Apocalypsim
3060 1147 3353 1218 scripsisse
3402 1149 3676 1210 audierat,
3729 1162 3869 1218 opus
3905 1148 4045 1202 illud

773 1228 1038 1282 attribuit.
1083 1246 1101 1279 ›

845 1314 970 1370 llaec
1005 1314 1287 1381 Peltanus,
1325 1321 1536 1388 primus
1573 1321 1736 1389 hujus
1791 1321 1970 1391 operis
2003 1321 2205 1386 editor,
2257 1321 2351 1392 qui
2399 1321 2449 1376 in
2485 1321 2677 1375 multis
2723 1330 2934 1391 peccat,
2987 1321 3148 1392 cujus
3201 1337 3421 1376 errores
3476 1323 3616 1377 duos
3651 1323 4043 1376 animadverti.

770 1403 1036 1470 Primum,
1063 1405 1190 1458 dum
1226 1409 1302 1460 ait
1336 1408 1480 1460 hunc
1521 1418 1802 1461 auctorem
1833 1408 2043 1461 Basilio
2087 1408 2283 1478 Magno
2318 1409 2555 1479 ejusdem
2586 1411 2728 1463 sedis
2762 1410 3002 1464 antistite
3036 1412 3384 1479 posteriorem
3427 1411 3612 1479 fuisse,
3647 1421 3800 1464 extra
3831 1420 4039 1464 contro-

770 1495 992 1545 rersiant
1023 1504 1121 1556 est,
1156 1504 1212 1546 ut
1242 1495 1332 1561 qui
1361 1511 1462 1547 non
1487 1495 1650 1548 semel
1677 1497 1730 1548 in
1765 1496 1862 1548 hoc
1899 1494 2293 1551 Commentario
2334 1499 2650 1552 nominetur.
2699 1497 2812 1552 Hoc
2851 1499 2998 1552 enim
3034 1512 3223 1553 verum
3286 1514 3394 1552 non
3429 1509 3542 1561 est,
3591 1508 3646 1552 et
3694 1503 3972 1568 quomodo
4011 1516 4042 1554 a

768 1578 1058 1634 Theodoro
1093 1578 1320 1634 Peltano
1351 1583 1457 1635 dici
1495 1585 1758 1652 potuerit,
1799 1600 1906 1637 non
1943 1585 2100 1638 video
2133 1602 2147 1638 :
2184 1585 2384 1653 quippe
2414 1600 2535 1639 cum
2582 1584 2784 1638 nullam
2847 1599 3077 1654 prorsus
3130 1583 3313 1638 Basilii
3363 1585 3719 1640 Caesariensis
3761 1588 4043 1655 archiepi-

765 1669 914 1736 scopi
951 1667 1034 1722 vel
1067 1668 1296 1724 alterius
1333 1670 1582 1738 ejusdem
1613 1672 1875 1735 nominis,
1921 1671 2254 1726 mentionem
2288 1671 2371 1725 vel
2402 1671 2716 1725 citationem
2745 1669 2929 1730 faciat.
2964 1679 3022 1725 ut
3044 1672 3175 1725 mihi
3213 1683 3472 1726 accurate
3511 1672 3708 1741 legenti
3758 1675 4034 1728 constitit.

770 1758 883 1809 lmo
913 1757 956 1810 si
991 1757 1329 1826 conjecturis
1363 1759 1753 1828 indulgendum
1791 1768 1956 1822 esset,
1989 1773 2115 1813 eum
2143 1767 2252 1811 tam
2287 1759 2584 1812 multorum
2613 1759 2944 1827 scriptorum
2995 1758 3371 1828 antiquiorum
3409 1756 3751 1827 frequentem
3797 1759 4037 1812 mentio-

767 1860 887 1895 nem
926 1844 1112 1907 l'aciat,
1147 1845 1430 1913 altumque
1465 1847 1528 1898 de
1554 1844 1766 1900 Basilio
1796 1846 2133 1900 Ctesariensi
2161 1844 2441 1900 silentium
2469 1847 2726 1901 observet
2763 1864 2777 1898 :
2809 1846 2934 1899 inde
2961 1857 3287 1915 argumento
3312 1847 3594 1900 contrario
3621 1861 3720 1900 nec
3753 1847 4037 1916 improba-

765 1931 859 1984 bili
901 1931 1179 1999 conjicere
1205 1931 1414 1997 liceret,
1467 1946 1746 1988 auctorem
1793 1934 1938 1988 illius
1982 1935 2154 1988 fuisse
2195 1933 2464 1987 Andream
2504 1933 2668 1986 istum
2720 1933 3120 1988 Ctesarieusem
3174 1934 3672 2003 archiepiscopum,
3719 1936 3809 2004 qui
3863 1935 4042 1989 dubio

765 2020 977 2088 procul,
1022 2020 1201 2074 locum
1237 2019 1471 2090 aliquem
1508 2021 1711 2074 Basilio
1741 2020 1933 2089 Magno
1963 2021 2208 2090 ejusdem
2231 2021 2380 2076 sedis
2409 2021 2639 2074 antistiti
2671 2036 2798 2076 cum
2827 2020 2949 2075 aliis
2973 2023 3344 2091 scriptoribus
3375 2023 3639 2089 dedisset,
3667 2024 3811 2078 unde
3861 2039 4028 2078 suum

763 2109 1235 2163 L‘ommentarium
1272 2109 1480 2174 hausit,
1517 2125 1618 2162 nec
1647 2110 1716 2162 ab
1756 2125 1822 2162 eo
1853 2109 2078 2163 citando
2128 2119 2181 2163 et
2211 2108 2498 2178 allegando
2546 2124 2774 2178 prorsus
2827 2120 3212 2178 temperasset.
3269 2109 3544 2165 Secundus
3570 2126 3730 2166 error
3757 2121 3860 2175 est,
3897 2113 4034 2166 dum

763 2214 883 2265 cap.
920 2196 1013 2260 03,
1055 2207 1178 2266 post
1213 2197 1508 2267 allegatum
1551 2197 1840 2258 uenatum,
1872 2197 2006 2251 citat
2033 2197 2369 2252 Methodium
2403 2197 2774 2266 patriarcham
2820 2196 3500 2267 Constantinopolitanum
3534 2198 3620 2254 his
3662 2199 3849 2256 verbis
3903 2218 3917 2262 ;
3966 2200 4032 2254 Et

763 2304 985 2354 magnus
1016 2288 1328 2356 patriarcha
1355 2287 1659 2341 Methodius
1691 2289 1745 2339 in
1771 2303 2009 2340 sermone
2045 2287 2111 2341 de
2155 2285 2601 2350 ltesurrectione,
2653 2285 2719 2338 de
2763 2285 2845 2338 his
2881 2288 2957 2338 ita
2987 2287 3191 2350 scribit,
3240 2295 3350 2340 etc.
3397 2286 3510 2341 Hac
3563 2287 3712 2342 enim
3765 2289 3974 2342 citatio
4001 2305 4034 2344 c

763 2376 1094 2431 haberenms
1127 2387 1335 2445 aperte,
1373 2377 1700 2445 scriptorem
1739 2378 1884 2430 hunc
1916 2391 2022 2430 non
2051 2391 2176 2431 esse
2204 2374 2571 2444 antiquiorem
2623 2373 2832 2427 ultimis
2866 2374 3050 2428 saeculi
3083 2389 3137 2427 tx
3187 2374 3550 2443 temporibus.
3602 2371 3740 2428 Nam
3798 2375 3926 2430 licet
3958 2377 4032 2430 ad

765 2462 1348 2534 lllctliodiutn'Olytnpi
1379 2465 1698 2533 episcopum
1736 2473 1944 2532 spectet
1972 2464 2110 2517 liber
2141 2462 2206 2517 de
2238 2461 2642 2517 Resurrectione
2669 2478 2832 2531 quem
2855 2461 3080 2531 profert,
3116 2477 3240 2516 cum
3274 2472 3458 2516 tamen
3490 2463 3644 2518 illum
3681 2464 3937 2520 indoctus
3971 2475 4031 2519 ct

763 2553 1016 2607 incautus
1047 2553 1148 2606 istc
1179 2553 1420 2622 scriptor
1446 2554 1550 2607 sub
1576 2553 1800 2606 nomine
1827 2552 2011 2622 Magni
2041 2553 2367 2619 patriarcha
2396 2553 2652 2606 Methodii
2687 2552 2950 2622 proferat,
2981 2552 3189 2607 diserte
3217 2552 3320 2607 hac
3350 2553 3782 2609 hallucinatione
3809 2564 4028 2609 atatem

760 2657 916 2693 suam
951 2641 1154 2710 prodit,
1195 2656 1364 2710 seque
1397 2641 1598 2696 vixisse
1637 2650 1760 2710 post
1793 2650 2037 2710 tempora
2071 2639 2325 2694 Methodii
2351 2641 2672 2708 patriarchae
2709 2638 3315 2707 Constantinopolitani,
3364 2656 3528 2709 quem
3584 2657 3713 2696 cum
3746 2641 4032 2697 Methodici

757 2727 971 2799 Olympi
1017 2727 1194 2799 Lycia:
1225 2744 1320 2782 Seu
1388 2727 1672 2782 Patarensi
1725 2729 1989 2797 episcopo
2047 2729 2313 2783 confudit.
2373 2727 2679 2782 Metlmdius
2722 2740 2945 2790 autem,
3001 2728 3318 2797 patriarcha
3370 2727 4027 2798 Constantinopolitanus

756 2835 899 2870 anno
933 2817 1039 2872 84‘2
1068 2819 1242 2872 factus
1268 2834 1298 2871 a
1327 2815 1594 2873 Michaele
1619 2816 1682 2870 Ill
1708 2816 2200 2888 Porphyrogenito,
2249 2833 2395 2873 anno
2421 2816 2525 2871 847
2567 2816 2653 2872 die
2685 2815 2751 2869 N
2773 2813 2920 2869 Junii
2951 2816 3105 2880 obiit,
3133 2825 3193 2869 ut
3235 2817 3438 2872 habent
3457 2817 3590 2872 Acta
3614 2817 3844 2874 Joannis
3873 2820 4026 2872 Aua-

756 2912 989 2961 ehureta:
1013 2910 1154 2977 apul
1180 2905 1493 2961 Simeonem
1528 2906 1976 2976 Metaphrastem.
2008 2906 2312 2961 Floruisset
2339 2919 2469 2974 ergo
2498 2905 2656 2974 juxta
2689 2905 2834 2960 hanc
2885 2903 3096 2957 Peltani
3128 2903 3462 2969 versionem,
3497 2905 3585 2959 hic
3627 2906 3878 2961 Andreas
3906 2905 4029 2962 Cae-

755 2997 1016 3051 saricttsis
1067 2995 1514 3064 archiepiscopus
1541 2995 1655 3048 sive
1689 3010 2020 3065 anonymus,
2059 3004 2182 3064 post
2205 2993 2444 3047 medium
2482 2992 2665 3047 saeculi
2709 2992 2860 3055 noni,
2898 2991 3062 3045 annis
3087 2991 3308 3046 circiter
3337 2991 3409 3045 50
3449 2991 3725 3047 blethodio
3774 2997 4021 3062 patriar-

756 3087 858 3139 thu
889 3084 1282 3152 citatojuuior.
1320 3083 1394 3136 Ita
1426 3094 1572 3137 certe
1601 3083 1760 3152 juxta
1793 3082 2044 3137 Latinam
2085 3083 2247 3151 hujus
2271 3081 2375 3136 loci
2401 3079 2705 3134 versionem
2745 3078 2797 3131 itt
2829 3077 3160 3131 Bibliotheca
3203 3077 3447 3132 Veterum
3499 3079 3727 3133 Patrum
3763 3083 4028 3138 editionis

756 3174 916 3237 1589,
948 3169 1178 3226 Parisiis
1206 3182 1358 3225 tomo
1394 3173 1436 3235 Ι,
1474 3171 1582 3224 col.
1616 3169 1776 3233 1262,
1808 3170 1986 3239 capite
2008 3169 2098 3232 65,
2129 3169 2235 3224 col.
2271 3165 2428 3229 l360,
2454 3171 2509 3216 et
2534 3162 2588 3215 in
2618 3161 2740 3216 aliis
2768 3161 3106 3216 editionibus
3131 3163 3412 3225 omnibus,
3433 3178 3607 3232 usque
3633 3165 3700 3218 ad
3723 3163 4026 3221 Maximam

757 3263 1182 3330 Lugdunensem
1220 3258 1549 3325 anniltiﬁ.
1586 3258 1691 3312 Sed
1725 3258 1914 3312 Grteea
1963 3258 2131 3311 editio
2171 3257 2335 3324 hujus
2374 3254 2556 3323 operis
2595 3253 2734 3306 inter
2766 3250 2945 3322 Opera
2996 3250 3058 3304 D.
3092 3251 3473 3323 Chrysostomi
3515 3255 3596 3310 sic
3631 3255 3832 3309 habet:
3876 3257 3936 3308 '0
3964 3259 4023 3310 δὲ

759 3353 936 3420 μέγας
971 3349 1232 3411 Μεθὸδιος
1259 3349 1315 3400 ὲν
1350 3347 1428 3417 τῷ
1456 3347 1595 3414 Περι
1637 3345 2033 3411 ἀναστάσεως
2068 3346 2213 3415 λόγῳ
2245 3343 2412 3400 αὐτοῦ
2441 3344 2448 3394 t'

2332 3343 2412 3399 ποῦ
2441 3340 2658 3406 ἐξέθετο
2703 3341 2912 3405 οὓτωςο
2965 3342 3231 3397 editionis
3273 3341 3630 3398 Commelinte
3684 3345 3814 3398 anni
3854 3344 4021 3411 1596,

757 3435 1130 3504 lleidclbcrga
1172 3432 1226 3486 in
1256 3431 1378 3498 l'ol.,
1413 3447 1580 3485 sernt.
1615 3429 1706 3495 22,
1742 3429 1985 3485 sectione
2020 3429 2109 3493 63,
2145 3445 2269 3499 pag.
2300 3429 2390 3485 96.

820 3523 939 3578 Jam
975 3523 1040 3578 ad
1070 3531 1286 3577 aetatem
1321 3537 1426 3592 qua
1455 3521 1662 3576 vixisse
1684 3529 1738 3574 et
1760 3520 2049 3588 scripsisse
2077 3520 2167 3574 hic
2201 3530 2394 3573 auctor
2441 3519 2706 3581 creditur,
2753 3518 3101 3574 accedamus.
3138 3516 3381 3573 Joannes
3427 3515 3666 3572 Jacobus
3722 3519 3931 3575 Frisius
3964 3521 4023 3574 in

753 3611 1090 3664 Bibliotheca
1140 3606 1426 3661 universali
1468 3605 1741 3660 Andream
1771 3603 2036 3660 Caesareae
2083 3608 2400 3674 episc0pum
2455 3623 2603 3660 anno
2636 3607 2764 3670 5'79,
2795 3613 2850 3661 et
2903 3607 3166 3660 Aretham
3215 3604 3462 3675 ejusdem
3505 3604 3655 3659 sedis
3708 3608 4018 3663 antistitem

751 3715 895 3753 anno
926 3698 1026 3752 587
1056 3696 1532 3772 assignatpquem
1601 3702 1823 3747 secutus
1862 3704 1943 3746 est
1991 3692 2424 3763 Christophorus
2456 3695 2710 3751 llelvicus
2744 3696 2799 3750 in
2837 3694 3065 3748 Theatra
3095 3695 3377 3759 historico,
3410 3709 3532 3764 pag.
3578 3694 3706 3758 106,
3753 3697 4020 3751 editionis

753 3784 1028 3856 llaipurgi
1063 3783 1348 3837 Cattorum
1391 3783 1549 3846 1638,
1587 3784 1638 3834 in
1674 3780 1826 3835 folio.
1868 3780 1944 3834 Ita
1983 3792 2040 3834 ut
2073 3781 2268 3836 ambos
2290 3785 2391 3838 sibi
2425 3789 2772 3857 synchronos
2803 3787 3124 3841 constituat.
3147 3784 3472 3841 Guillelmus
3499 3787 3713 3842 Caveas
3738 3787 3792 3841 in
3829 3788 4019 3843 Histo-

748 3874 835 3926 ria
869 3874 946 3926 rei
974 3873 1256 3926 litteraric
1286 3887 1376 3925 seu
1410 3871 1474 3925 de
1508 3869 1858 3939 scriptoribus
1891 3869 2308 3936 Ecclesiasticis,
2339 3875 2614 3928 Andream
2647 3890 2791 3929 anno
2823 3874 2946 3939 500,
2977 3889 3098 3942 pag.
3123 3873 3250 3938 379,
3282 3873 3543 3927 Aretltatn
3580 3889 3730 3928 anno
3757 3876 3863 3929 5J0
3894 3878 4016 3930 alli-

751 3971 863 4033 gat,
902 3961 1298 4018 Bellarniinum
1323 3961 1423 4014 hac
1458 3961 1510 4014 in
1542 3969 1697 4030 parte
1725 3959 2434 4028 caacutientemamplcxus.
2470 3961 2710 4018 Jacobus
2765 3962 3087 4018 Perizonius
3125 3962 3177 4014 in
3219 3961 3432 4015 erudita
3483 3959 3884 4017 Dissertatione
3916 3966 4021 4018 ad-

749 4049 1316 4105 versus‘Grtmoviutn
1345 4050 1612 4118 collegam
1644 4048 1707 4102 de
1736 4057 1902 4100 ntorte
1933 4046 2093 4100 Iuda:
2124 4057 2173 4100 et
2204 4065 2322 4102 voce
2354 4049 2438 4102 τοῐ

2354 4049 2450 4102 τοῦ
2474 4050 2848 4120 ἀπάγχεσθαι,
2904 4064 3026 4118 cap.
3071 4049 3126 4113 4,
3173 4063 3298 4118 pag.
3334 4047 3426 4113 40,
3463 4048 3534 4103 de
3578 4049 3665 4103 his
3699 4050 3915 4105 duobus
3942 4055 4015 4105 ita

749 4141 1014 4211 loquitur.
1058 4159 1076 4190 ι
1116 4141 1184 4192 At
1211 4138 1447 4192 Arethas
1482 4137 1588 4191 istc
1619 4137 1895 4192 contraxit
1935 4136 2171 4191 Andreae
2199 4135 2554 4190 Caesariensis
2593 4134 3036 4187 Commentarios
3069 4132 3123 4186 in
3169 4134 3472 4202 epitomen,
3510 4141 3676 4200 atque
3699 4133 3822 4186 ideo
3855 4134 4016 4189 loeu-

748 4229 928 4282 tiones
961 4228 1143 4280 sinon
1183 4226 1344 4294 plane
1370 4216 1674 4287 amnes,'ut
1703 4223 1974 4293 plermque
1999 4231 2128 4277 sunt
2175 4223 2319 4277 illius
2370 4223 2624 4282 Andreae,
2676 4220 2770 4289 qui
2801 4219 3005 4274 seculo
3038 4235 3115 4284 tv,
3160 4219 3436 4275 successit
3477 4218 3683 4275 Basilio
3724 4219 3922 4290 Magno
3960 4224 4016 4277 in

745 4317 1142 4370 Caesariensem
1181 4313 1542 4382 Cappadocia:
1566 4313 1966 4382 episcopatum.
2003 4309 2108 4364 Sed
2138 4318 2192 4364 et
2220 4310 2451 4363 Arethas
2476 4310 2592 4378 ipse
2626 4307 2857 4362 refertur
2891 4307 2962 4362 ad
2999 4308 3261 4362 saeculum
3301 4323 3376 4372 vt,
3419 4319 3584 4378 atque
3616 4310 3688 4363 ita
3715 4309 3874 4380 longe
3905 4326 4012 4365 an-

748 4405 954 4474 tiquior
993 4414 1076 4456 est
1106 4401 1524 4472 jurisconsultis
1558 4401 1654 4469 qui
1694 4399 1932 4452 Basilica
1963 4397 2342 4458 confecerunt,
2368 4407 2424 4452 et
2454 4412 2689 4467 quorum
2736 4406 2919 4451 tamen
2968 4398 3299 4452 auctoritate
3337 4397 3412 4451 ad
3455 4397 3794 4466 probandam
3854 4400 4010 4453 verbi

745 4493 1099 4561 ἀπάγχεσθαι
1128 4489 1607 4558 signiﬁcationem,
1637 4486 1810 4539 utitur
1837 4486 1918 4538 vir
1947 4485 2291 4539 clarissimus
2321 4484 2590 4540 Henricus
2623 4485 2957 4554 Stephanus,
2993 4500 3045 4553 p.
3079 4487 3170 4540 68.
3199 4503 3217 4536 t
3265 4486 3391 4540 llazc
3440 4485 3658 4539 incaute
3703 4487 3782 4538 vir
3809 4487 4018 4543 doctus

744 4569 993 4651 scripsit,
1024 4578 1202 4648 cujus
1224 4577 1408 4632 verbis
1435 4575 1627 4646 paucis
1658 4584 1770 4628 tres
1801 4587 2021 4627 errores
2047 4572 2260 4627 insunt.
2295 4571 2510 4626 Primus
2545 4573 2672 4627 dum
2698 4573 2974 4627 Andream
3003 4571 3266 4627 Caesarea:
3300 4572 3689 4642 Cappadocum
3736 4574 4013 4643 archiepi-

743 4685 970 4739 scopum
1002 4668 1205 4722 saeculo
1239 4681 1291 4719 tv
1323 4666 1589 4733 assignat,
1623 4663 1717 4732 qui
1751 4662 1934 4717 medio
1967 4660 2152 4716 saeculi
2179 4677 2230 4714 tx
2262 4661 2508 4716 anterior
2536 4672 2777 4716 nonest.
2811 4660 3086 4714 Secundus
3120 4661 3249 4715 dum
3281 4660 3559 4714 Andreant
3588 4661 3842 4714 eumdem
3874 4677 4008 4717 suc-

742 4757 983 4811 cessisse
1017 4757 1190 4825 inquit
1223 4753 1427 4807 Basilio
1484 4751 1680 4819 Magno
1709 4748 1975 4803 Caesarea:
2032 4747 2423 4816 Cappadocum
2476 4749 2917 4819 archiepiscopo,
2965 4749 3058 4818 qui
3106 4763 3254 4802 anno
3309 4747 3415 4802 369
3446 4747 3748 4816 episcopus
3799 4748 4008 4816 factus,

740 4865 887 4904 anno
919 4848 1024 4901 578
1061 4847 1162 4902 sub
1215 4846 1483 4900 Gratiano
1530 4854 1584 4898 et
1618 4841 2008 4896 Valentiniano
2042 4853 2294 4895 mortuus
2344 4849 2426 4893 est
2461 4837 2720 4892 Kalendis
2757 4835 3028 4899 Januarii,
3059 4837 3216 4905 juxta
3265 4834 3561 4889 Baronium
3620 4836 3674 4889 in
3709 4835 4014 4892 Annalibus

739 4937 1137 4994 ecclesiasticis.
1170 4935 1382 4989 Tertius
1414 4935 1541 4988 dum
1581 4932 1841 4986 Aretham
1874 4930 2077 4984 sazculo
2109 4945 2158 4984 rt
2193 4929 2380 4993 refert,
2433 4939 2595 4994 quem
2636 4934 2822 4994 postea
2851 4925 3056 4979 saeculo
3089 4940 3120 4976 x
3157 4925 3224 4978 ad
3257 4939 3463 4977 annum
3496 4922 3603 4977 9N
3656 4933 3708 4979 et
3749 4923 3856 4979 9‘20
3887 4927 3999 4979 cla-

813 5029 920 5081 isse
952 5025 1333 5081 probabimus.

743 5043 920 5083 ruisse
995 5042 1333 5080 rooatnmus.

810 5111 931 5166 Jant
952 5042 1157 5178 1ζιζὶιυγ,
1188 5118 1247 5162 ut
1275 5109 1454 5162 aetatis
1485 5106 1748 5176 epocham
1783 5103 2190 5174 aggrediamur,
2219 5111 2345 5171 post
2377 5110 2643 5155 attentam
2673 5098 3069 5154 Commentarii
3097 5098 3286 5168 hujus,
3314 5107 3374 5152 ut
3410 5096 3621 5167 aliquid
3653 5097 3722 5152 ab
3744 5113 3812 5153 eo
3847 5100 4008 5169 expi-

739 5216 1044 5263 scaremur,
1081 5199 1444 5266 iteratamque
1477 5195 1766 5250 lectionem
1806 5211 1818 5245 :
1845 5194 1969 5246 dico
1998 5193 2144 5246 hunc
2165 5191 2440 5244 Andream
2471 5188 2865 5243 Caesariensem
2909 5187 3412 5257 archiepiscopum,
3436 5186 3598 5255 hujus
3640 5187 4013 5256 expositionis

736 5288 1110 5351 collectorem,
1141 5285 1246 5341 sub
1271 5283 1462 5340 seculi
1494 5290 1707 5337 tantum
1737 5297 1790 5334 tx
1825 5279 2407 5346 medium'scripsisse,
2446 5287 2611 5347 atque
2647 5275 2786 5330 adeo
2804 5283 2858 5330 et
2881 5273 3274 5329 Bellarmiuunt
3308 5284 3365 5329 et
3389 5274 3715 5340 scriptorem
3746 5275 3868 5342 ejus
3900 5276 4008 5330 Ca-

734 5394 922 5442 veum,
954 5377 1113 5432 annis
1138 5390 1352 5432 errasse
1381 5390 1510 5430 cccr.
1533 5372 1617 5427 vel
1653 5372 1893 5436 circiter,
1926 5371 1977 5424 in
2015 5379 2172 5424 astate
2206 5369 2368 5424 istius
2396 5365 2938 5438 assigttantia,!longe
2962 5367 3174 5433 turpius
3193 5379 3360 5435 quam
3394 5378 3496 5434 ego
3530 5364 3583 5416 in
3605 5371 3765 5417 aetate
3788 5362 4006 5418 Simeo-

733 5467 820 5522 nis
854 5465 1238 5534 Metaphrastis
1268 5465 1568 5534 assignata.
1604 5460 1701 5516 His
1726 5458 2067 5529 argumentis
2097 5458 2297 5512 ductus
2325 5457 2404 5510 ita
2437 5457 2637 5510 sentio.
2669 5455 2719 5507 Ι.
2747 5453 2957 5508 Auctor
2982 5453 3145 5522 hujus
3180 5452 3560 5509 commentarii
3612 5452 3666 5505 in
3729 5453 4007 5522 Apocalya

733 5558 896 5624 psim,
925 5572 992 5610 ex
1022 5555 1145 5610 aliis
1175 5553 1494 5608 transcribit
1517 5562 1683 5622 atque
1709 5550 2080 5604 transcribere
2102 5563 2164 5603 se
2185 5547 2502 5616 prolitetur,
2527 5544 2676 5614 quod
2701 5543 2920 5597 saeculis
2963 5541 3224 5597 Ecclesiae
3266 5542 3512 5611 quinque
3563 5551 3620 5593 et
3673 5554 3768 5593 sex
3808 5541 4008 5607 primis

732 5645 1039 5699 inauditum
1072 5644 1196 5706 fuit,
1229 5643 1527 5712 saeculique
1552 5639 1682 5695 noni
1710 5639 2018 5709 preprium,
2047 5647 2105 5691 ttt
2143 5635 2343 5691 eruditi
2387 5646 2582 5686 omnes
2629 5641 2855 5685 norunt.
2893 5629 3036 5700 Ergo
3075 5630 3164 5685 hie
3195 5638 3392 5684 auctor
3435 5637 3644 5697 spectat
3685 5635 3900 5680 tantum
3934 5628 4008 5682 ad

730 5735 989 5789 sa-culum
1028 5733 1286 5789 Ecclesia:
1327 5748 1397 5786 ιχ.
1438 5732 1487 5785 ld
1525 5729 1824 5800 probamus
1852 5744 1915 5782 ex
1948 5727 2081 5797 ipsis
2119 5725 2283 5794 hujus
2311 5719 2708 5778 Commentarii
2760 5719 2967 5784 verbis,
3015 5729 3071 5773 ttt
3118 5719 3405 5789 prolitetur
3427 5730 3686 5784 expresse
3718 5724 3910 5768 auctor
3945 5716 4005 5770 in

731 5823 980 5892 Prologo.
1013 5822 1232 5876 Constat
1277 5837 1500 5889 namque
1538 5825 1716 5872 beatos
1751 5817 1871 5870 illos
1899 5818 2036 5870 viros
2065 5816 2352 5882 Patresqtte
2386 5820 2616 5872 nostros,
2651 5807 2964 5876 Gregorium
2993 5807 3334 5878 Theologum,
3368 5805 3635 5876 Cyrillum
3667 5801 3998 5892 Alexandri-

728 5929 874 5977 num,
906 5891 1171 5981 multoque
1207 5913 1346 5964 hisce
1378 5910 1684 5964 vetustiores
1725 5905 1974 5974 Papiam,
2014 5904 2300 5969 Irena'um,
2357 5897 2687 5953 Methodinm
2726 5906 2773 5950 et
2823 5895 3187 5967 Hippolytum,
3239 5898 3476 5950 divinum
3515 5894 3722 5962 ﬁdeque
3773 5891 3997 5962 dignum
