4276 6438
252 439 366 502 205
1685 426 1941 488 ΝΟΤΙΤ]

1816 426 2018 486 [ἹΤΙΑ.
3404 431 3505 493 906

251 567 367 605 esse
392 567 417 602 ρ
441 562 660 614 quorum
695 543 1044 603 monumentis
1069 543 1341 594 occasione
1369 547 1606 606 accepta,
1635 553 1728 591 nos
1770 537 1836 592 ad
1868 535 1963 588 hoc
1999 533 2280 597 consilium
2313 535 2543 588 reniums
2568 549 2582 585 :
2604 533 2757 586 siculi
2785 534 2980 588 multas
2996 553 3198 604 quoque
3220 544 3507 595 sententias

249 655 316 692 ea:
348 636 646 690 earumdem
672 633 884 698 scriptis
912 632 1292 690 mutuavimus,
1325 629 1505 696 hisque
1533 626 1728 678 nostris
1756 621 2165 678 Commentariis
2193 621 2536 674 inseruimus.
2563 621 2622 673 lit
2652 635 2770 688 cap.
2810 621 2827 672 1
2864 639 2876 674 :
2905 622 3074 690 Atque
3102 623 3210 676 luec
3235 624 3508 690 hactenus,

249 736 511 792 quatenus
544 732 751 773 constat
781 729 1014 769 nostram
1049 715 1472 784 Expositionent,
1506 720 1810 765 sanctarum
1856 710 2076 762 Patrum
2107 709 2320 761 vocibus
2351 722 2506 774 atque
2543 711 2819 763 sententiis
2851 712 3160 780 neutiquam
3213 715 3507 771 adversari.

251 812 388 880 Cap.
425 811 490 862 17
526 827 539 862 :
578 808 683 872 Qui
717 822 835 859 vero
864 806 1201 871 receptiarent
1229 804 1503 854 doctarum
1533 799 1782 852 Ecclesia'
1803 799 2118 851 sententiam
2144 798 2330 859 secuti,
2364 797 2474 851 ha'c
2500 807 2754 866 tanquam
2786 799 3088 866 futurorum
3115 805 3510 870 prtedictionem

255 900 492 966 accipere
523 896 749 955 malunt,
780 901 886 946 etc.
916 891 1050 960 Cap.
1080 891 1150 944 25
1180 908 1192 943 :
1227 888 1488 943 Cteterum
1525 903 1616 954 per
1657 896 1884 938 montem
1920 902 2169 954 maguum
2205 884 2478 937 diabolum
2516 887 2851 957 designatum
2895 889 3244 954 arbitramur,
3288 893 3344 943 id
3375 895 3513 961 quod

253 985 572 1058 quibusdam
601 997 806 1053 quoque
836 979 1336 1032 doctaribusaisum
1379 987 1478 1030 est.
1512 975 1700 1044 Capite
1731 974 1801 1027 30
1832 993 1844 1027 :
1879 972 1983 1026 Per
2036 974 2128 1025 hos
2167 983 2344 1035 testes,
2405 974 2639 1042 plerique
2671 977 2939 1031 doctorem
2991 993 3298 1046 acceperunt
3331 980 3513 1034 Enoch

256 1085 306 1128 et
332 1072 535 1135 Eliam,
562 1071 652 1140 qui
684 1070 779 1122 sub
804 1068 987 1122 seaculi
1018 1067 1177 1135 ﬁnem
1206 1065 1477 1132 accepturi
1506 1073 1628 1116 sunt
1668 1078 1699 1114 a
1736 1060 1862 1124 Deo,
1900 1071 2006 1114 etc.
2041 1059 2144 1126 Qui
2176 1075 2308 1129 ergo
2343 1061 2425 1114 sic
2467 1062 2732 1130 loquitur,
2767 1081 2872 1122 non
2906 1067 3091 1121 saeculi
3141 1083 3172 1121 v
3205 1069 3302 1121 sed
3328 1087 3390 1124 ,ιιι
3429 1081 3514 1123 ιιι-

259 1163 557 1231 plurimum
591 1157 848 1212 omnibus
873 1165 1144 1210 emunctae
1176 1154 1326 1207 naris
1361 1151 1659 1205 videbitur.
1687 1149 1956 1202 Praeterea
1991 1156 2288 1216 perpetuus
2320 1156 2405 1201 est
2452 1148 2506 1202 in
2563 1150 2827 1204 citatione
2857 1165 2911 1206 et
2969 1155 3334 1222 appellatione
3370 1169 3516 1211 vete-

259 1266 406 1304 rum.
443 1249 577 1314 (iap.
607 1245 641 1298 ·1
687 1246 822 1299 citat
847 1243 1238 1312 Epiphaniam,
1273 1251 1327 1294 et
1359 1241 1551 1294 eodem
1577 1238 1764 1304 capite
1796 1234 2121 1304 Gregorium
2157 1234 2493 1304 Theologum
2524 1237 2689 1291 semel
2719 1248 2772 1291 et
2802 1239 3022 1295 iterum.
3054 1242 3341 1313 Capitibus
3383 1245 3510 1299 item

255 1338 293 1390 2
332 1345 387 1389 et
420 1336 453 1388 3
489 1343 542 1387 et
575 1333 608 1388 9
645 1332 922 1395 eumdem,
961 1330 1118 1400 quasi
1150 1329 1203 1383 in
1232 1327 1614 1397 Apocalypsim
1645 1321 2116 1379 Commentarium
2139 1324 2444 1392 scripserit.
2469 1323 2658 1392 Capite
2688 1325 2720 1377 3
2740 1324 3099 1394 Epiphaniqu
3130 1344 3183 1384 et
3208 1333 3466 1387 Irenaeum
3497 1351 3512 1397 ;

261 1433 384 1486 cap.
425 1415 892 1475 l3"'Methodium;
927 1429 1048 1483 cap.
1089 1413 1155 1466 l6
1194 1409 1489 1465 Eusebium
1521 1408 1914 1462 Cresariensem
1955 1410 2050 1462 lib.
2086 1426 2136 1462 ix
2165 1410 2418 1465 Historia:
2447 1410 2839 1466 Ecclesiastt‘cte
2874 1430 2993 1484 cap.
3024 1416 3090 1482 8;
3139 1434 3258 1487 cap.
3290 1422 3361 1475 18
3403 1421 3515 1475 lre-

264 1523 478 1567 meum;
507 1522 629 1575 cap.
663 1505 733 1559 33
759 1503 1092 1558 Methodium
1118 1520 1134 1569 ;
1159 1516 1279 1570 cap.
1321 1500 1390 1556 54
1420 1500 1474 1554 S.
1515 1499 1816 1552 Antonium
1847 1497 1900 1549 in
1950 1497 2079 1550 Vitis
2124 1497 2385 1563 Patrum;
2413 1515 2533 1567 cap.
2570 1501 2636 1552 36
2668 1499 3001 1555 Mctltodium
3035 1515 3086 1557 et
3117 1503 3474 1577 Hippolytum
3501 1551 3515 1572 ,

263 1610 387 1664 cap.
423 1593 1069 1662 38'l-lippolytum;cap.
1097 1589 1167 1644 tu
1201 1590 1255 1643 in
1283 1589 1386 1643 line
1412 1587 1731 1655 Dionysium
1795 1584 2212 1653 Areopagitam;
2254 1599 2384 1653 cap.
2447 1588 2514 1644 4,7
2569 1585 2719 1642 Vitas
2764 1586 3010 1651 Patrum,
3052 1593 3232 1655 quoad
3291 1595 3516 1663 auget”

263 1683 545 1736 custodes.
574 1681 707 1750 Cap.
732 1679 802 1734 49
829 1679 1109 1747 ambigere
1142 1677 1356 1731 videtur
1389 1690 1458 1733 an
1509 1687 1669 1742 ptena
1717 1673 2027 1727 daemonum
2057 1686 2121 1726 ac
2155 1672 2537 1730 damnatorum
2584 1687 2784 1729 aeterna
2822 1676 3002 1730 futura
3050 1681 3140 1741 sit,
3200 1680 3327 1733 licet
3379 1678 3515 1736 nihil

261 1771 505 1823 deﬁniat.
537 1767 671 1836 Cap.
702 1768 772 1822 53
803 1766 1150 1835 Hippolytum
1182 1773 1236 1818 et
1260 1763 1522 1816 Irenauun
1556 1764 1687 1814 citat
1714 1776 1728 1825 ;
1758 1774 1878 1827 cap.
1915 1758 1985 1812 63
2012 1759 2268 1811 Irenaeum
2300 1770 2354 1812 et
2384 1776 2638 1830 magnum
2669 1761 3001 1818 Methodinm
3028 1783 3041 1825 ;
3070 1767 3252 1834 capite
3281 1765 3350 1819 66
3392 1766 3519 1834 Epi-

263 1854 554 1923 phanium.
585 1852 688 1919 Qui
713 1853 880 1921 igitur
915 1852 1015 1905 hos
1039 1865 1232 1906 omnes
1259 1851 1445 1903 Patres
1480 1857 1537 1900 ut
1569 1847 1690 1902 lidci
1721 1861 1834 1901 suae
1867 1846 2106 1916 regulam
2138 1846 2367 1916 profert,
2421 1847 2495 1901 ab
2553 1848 2772 1902 illorum
2838 1852 3175 1917 temporibus
3224 1867 3282 1906 se
3337 1854 3520 1907 multis

268 1955 542 1995 annorum
567 1939 834 1995 centuriis
883 1953 1007 1993 esse
1036 1946 1308 1994 remotum
1342 1935 1564 1996 indicat,
1597 1949 1663 1987 ac
1697 1931 1927 2000 proinde
1960 1933 2240 1989 hominem
2262 1949 2384 1989 esse
2413 1933 2639 1990 Graecia:
2673 1938 2859 1992 media.-
2903 1940 2983 1993 vel
3013 1939 3313 1995 inferioris.
3351 1940 3404 1995 2.
3427 1943 3506 1996 At-

266 2027 464 2082 tribuit
486 2027 576 2081 hic
597 2035 789 2082 auctor
813 2024 1266 2079 Commentarium
1298 2023 1351 2075 in
1382 2021 1758 2091 Apocalypsim
1793 2018 1848 2074 S.
1879 2019 2140 2092 Gregorio
2171 2022 2544 2089 Nazianzcno,
2576 2027 2738 2096 idque
2769 2044 2872 2080 non
2915 2043 3025 2083 uno
3052 2029 3106 2084 in
3150 2031 3293 2093 loco,
3330 2031 3522 2100 capiti-

266 2117 370 2170 bus
398 2115 660 2170 nimirum
689 2114 743 2179 1,
778 2115 835 2177 2,
855 2114 892 2167 5
921 2123 974 2168 et
1007 2115 1059 2172 9.
1085 2111 1223 2168 Cum
1248 2126 1379 2181 ergo
1414 2110 1587 2179 hujus
1620 2108 2014 2165 Commentarii
2071 2113 2253 2168 nullus
2301 2122 2543 2169 veterum
2605 2116 2939 2182 meminerit,
2977 2133 3084 2173 non
3126 2115 3520 2192 Hieronymus,

265 2204 445 2276 ipsius
475 2203 724 2273 Gregorii
754 2201 1086 2258 Nazianzeni
1110 2200 1441 2270 discipulus,
1464 2199 1556 2268 qui
1585 2196 1897 2268 ejusOpera
1924 2210 2114 2255 exacte
2137 2215 2380 2258 recenset
2414 2203 2466 2263 in
2501 2202 2641 2261 libro
2663 2203 2726 2259 de
2757 2206 3102 2275 scriptoribus
3127 2206 3522 2272 ecclesiasticis,

265 2308 394 2362 cap.
429 2293 568 2360 127;
607 2308 715 2347 non
761 2290 980 2357 Suidas,
1017 2290 1110 2359 qui
1149 2305 1210 2344 ea
1233 2288 1583 2344 exactissime
1613 2297 1938 2357 prosecutus
1969 2299 2049 2342 est
2097 2288 2151 2342 in
2189 2287 2416 2355 Lesico,
2452 2291 2620 2344 verbo
2651 2291 2990 2362 Γρηγόριοςς
3037 2309 3150 2348 non
3186 2292 3417 2350 Phatius
3471 2297 3524 2350 iu

266 2381 610 2436 Bibliotheca
643 2397 660 2433 :
709 2380 835 2433 inde
891 2377 1215 2444 conjicimus
1244 2387 1524 2432 anetorcm
1560 2376 1707 2430 hunc
1732 2389 1852 2429 esse
1887 2378 2204 2431 recentioris
2235 2377 2478 2442 Graeciae,
2523 2379 2854 2435 scribentem
2898 2392 3017 2451 post
3070 2382 3526 2439 Cammentarium

271 2470 329 2524 in
360 2469 738 2539 Apocalypsim
774 2467 832 2520 S.
864 2465 1128 2536 Gregorio
1151 2465 1496 2520 Nazianzeuo
1523 2463 1865 2532 suppositum
1904 2481 1917 2517 :
1959 2465 2052 2534 qui
2090 2481 2206 2519 mos
2246 2465 2561 2521 Cra-corum
2618 2469 2982 2524 recentiorum
3042 2470 3164 2525 fuit.
3211 2471 3265 2526 3.
3317 2473 3528 2542 Allegat

275 2559 365 2613 hic
401 2559 542 2613 idem
575 2566 770 2612 auctor
794 2571 915 2625 cap.
954 2555 1026 2609 44
1059 2553 1380 2624 Dionysium
1411 2553 1792 2621 Areopagitam
1830 2551 1913 2604 bis
1943 2552 2124 2608 verbis
2162 2570 2174 2606 :
2215 2553 2368 2618 Quod
2409 2557 2583 2625 angeli
2607 2556 2816 2626 phialas
2868 2559 2948 2610 ira
2997 2559 3175 2612 divina
3209 2561 3413 2629 plenas,
3464 2577 3528 2615 ex

267 2657 505 2718 quatuor
531 2645 878 2709 animalibus,
909 2659 1134 2713 quarunt
1172 2643 1311 2710 apud
1360 2643 1670 2711 prophetam
1722 2640 2056 2694 Esecltielem
2089 2657 2290 2709 quoque
2344 2642 2402 2708 ﬁt
2460 2645 2676 2706 mentio,
2727 2645 3044 2712 accipiant:
3089 2645 3186 2700 hoc
3238 2649 3528 2700 secundum

271 2751 523 2803 magnum
551 2733 868 2802 Dionysium
901 2731 1171 2802 signiﬁcat
1198 2731 1477 2801 agibilium
1511 2731 1754 2782 natitittm
1775 2746 1816 2780 α
1840 2728 2050 2796 primis,
2089 2728 2272 2782 ardiue
2300 2731 2530 2798 quodam
2565 2733 2632 2783 ad
2664 2731 2799 2784 alios
2833 2743 2880 2786 et
2907 2732 3042 2786 alios
3073 2734 3376 2809 dimanare.
3414 2747 3524 2791 etc.

277 2823 382 2878 Ubi
417 2822 675 2892 supponit
711 2836 877 2890 opera
907 2820 1015 2874 divi
1064 2819 1309 2890 Dionysii
1365 2818 1730 2888 Areopagitae,
1763 2831 1926 2886 quem
1975 2832 2226 2886 magnum
2259 2816 2579 2888 Dionysium
2637 2829 2820 2883 vocat,
2875 2821 3134 2876 omnibus
3191 2836 3314 2878 esse
3379 2832 3529 2878 nota.

274 2912 442 2981 Atqui
480 2912 612 2966 nihil
647 2927 884 2976 unquam
918 2911 1162 2965 auditum
1191 2911 1257 2962 de
1291 2908 1545 2977 aperibus
1592 2907 1737 2969 istis,
1775 2915 1902 2960 ante
1949 2904 2298 2958 collationem
2342 2905 2636 2974 quamdam
2669 2907 3338 2975 ConStantinopolitanam
3384 2926 3529 2966 anno

273 3000 384 3055 533
415 2999 556 3053 inter
588 2997 906 3055 Catholicos
941 3008 995 3053 et
1035 2995 1384 3056 Severianos,
1423 2994 1785 3063 allegantibus
1820 2993 2118 3054 haereticis,
2155 2992 2456 3049 Catholicis
2485 2994 2880 3063 rejicientibus.
2910 2997 3117 3051 Auctor
3143 3013 3272 3068 ergo
3312 3000 3404 3065 qui
3427 2999 3529 3056 ho.-

275 3089 493 3150 scribit,
533 3102 630 3141 nec
667 3087 918 3140 ﬂoruisse
948 3085 1153 3139 smculo
1186 3100 1239 3145 ν,
1275 3099 1371 3137 nec
1404 3085 1468 3137 ad
1507 3081 1639 3136 illud
1676 3090 1925 3150 spectare
1954 3087 2153 3150 potest,
2180 3095 2292 3150 quo
2313 3080 2495 3150 ignota
2518 3082 2748 3135 omnino
2781 3093 2943 3137 erant
2973 3099 3134 3152 opera
3186 3083 3243 3139 S.
3280 3085 3526 3158 Dionysii

275 3175 643 3244 Arcapagitm,
679 3191 798 3245 qua:
823 3185 952 3228 tunc
984 3188 1012 3226 a
1040 3172 1354 3226 Severianis
1393 3173 1628 3226 conﬁcta
1657 3171 1825 3225 fuisse
1873 3168 2144 3224 Catholici
2182 3168 2500 3223 credebant.
2532 3171 2586 3225 4.
2617 3169 2741 3224 Haec
2774 3171 3044 3225 scribendi
3071 3171 3210 3225 ratio
3233 3187 3295 3226 ex
3320 3174 3532 3228 laciniis

277 3274 528 3318 veterum
563 3263 782 3316 Patrum
818 3263 983 3317 simul
1014 3261 1219 3330 junctis
1250 3260 1451 3314 sarculo
1478 3276 1528 3313 Ix
1559 3261 1794 3328 primutn
1825 3258 2046 3328 incepit,
2079 3259 2136 3312 in
2176 3273 2241 3312 eo
2270 3259 2523 3325 invaluit,
2553 3270 2608 3314 et
2641 3275 2814 3331 usque
2840 3262 2904 3314 ad
2941 3262 3126 3317 saeculi
3156 3263 3317 3332 hujus
3357 3263 3522 3320 linem

278 3352 643 3407 continuavit.
672 3349 836 3404 Juxta
861 3350 1005 3402 enim
1041 3346 1423 3409 'l'rithemium,
1460 3345 1659 3400 Walal't
1677 3347 1801 3401 idus
1846 3346 2076 3400 Strabns
2117 3360 2262 3399 anno
2288 3345 2413 3412 830,
2452 3345 2698 3402 Classem
2731 3348 3066 3403 ordinarium
3110 3351 3163 3404 in
3189 3350 3530 3421 Scripturatn

281 3455 503 3495 sacram
537 3456 604 3494 ex
634 3438 953 3507 fragmentis
990 3447 1309 3491 sanctorum
1347 3435 1591 3498 Patrum,
1630 3445 1796 3488 totam
1833 3434 2114 3489 collectam
2160 3433 2400 3503 scripsit,
2442 3448 2471 3487 a
2502 3436 2683 3503 seipso
2709 3437 2844 3490 nihil
2878 3437 3329 3516 proferenstqui,
3361 3442 3533 3498 abbas

281 3526 576 3583 Fuldensis
608 3542 754 3581 anno
782 3525 892 3580 842
924 3525 1121 3586 factus,
1150 3539 1295 3576 anno
1325 3523 1431 3576 849
1486 3533 1737 3576 mortuus
1789 3522 2067 3575 scribitur.
2091 3522 2273 3577 Jonas
2306 3537 2550 3592 quoque,
2583 3524 2872 3593 episcopus
2918 3526 3338 3583 Aurelianensis
3384 3545 3534 3586 anno

280 3616 380 3671 82l
430 3615 628 3678 factus,
664 3614 808 3668 circa
850 3628 1052 3666 annum
1077 3610 1181 3665 830
1210 3611 1382 3663 libros
1418 3619 1526 3663 tres
1554 3607 1630 3662 De
1659 3609 2001 3662 institutione
2025 3610 2286 3663 laicarum
2337 3612 2671 3679 composuit,
2709 3628 2776 3667 ex
2812 3616 3102 3670 sententiis
3143 3628 3388 3671 veterum
3427 3619 3534 3673 Pa-

282 3714 430 3758 trum
463 3704 673 3772 integre
704 3701 1146 3768 collectos,quos
1178 3713 1242 3751 ex
1276 3712 1407 3750 mss.
1451 3696 1738 3750 codicibus
1770 3696 1950 3751 Lucas
1993 3699 2260 3752 Acherius
2291 3698 2522 3754 Parisiis
2551 3715 2697 3754 anno
2725 3701 2864 3755 1665
2900 3702 2954 3755 in
2977 3704 3010 3758 4
3038 3705 3228 3759 tomol
3261 3704 3538 3777 Spicilegii

283 3791 526 3846 edendos
561 3790 781 3859 sategit.
819 3786 951 3842 Pos’t
989 3802 1194 3844 animm
1229 3785 1334 3838 8:30
1366 3783 1595 3838 Photius
1639 3784 1728 3839 ille
1761 3800 2015 3853 magnus,
2049 3786 2230 3840 adhuc
2250 3786 2425 3841 laicus
2458 3787 2732 3844 exsistens
2759 3797 2813 3842 et
2837 3788 3030 3844 oﬂiciis
3061 3791 3538 3863 imperiipublicis

283 3877 357 3932 ab
386 3877 714 3946 imperatore
742 3884 1064 3942 occupatus,
1094 3869 1482 3941 -Μυριόῦιὸλον
1519 3887 1614 3924 seu
1644 3870 2029 3939 Bibliotltecam
2061 3888 2124 3930 ex
2178 3875 2402 3943 scriptis
2421 3889 2650 3932 cccxxx
2689 3886 2932 3931 veterum
2970 3880 3254 3948 opusculis
3294 3882 3538 3953 collegit,

287 3965 343 4019 in
373 3980 482 4033 qua
510 3963 696 4017 omnia
727 3961 838 4015 fere
869 3961 1202 4015 verbotenus
1234 3974 1297 4013 ex
1328 3959 1453 4012 aliis
1491 3966 1733 4026 accepta,
1758 3959 1802 4012 si
1840 3974 2106 4014 eensuras
2134 3976 2339 4031 paucas
2371 3963 2683 4030 praemissas
2705 3965 2987 4034 operibus,
3020 3982 3143 4036 qua:
3187 3969 3354 4023 simul
3388 3985 3542 4025 com-

288 4054 548 4124 portavit,
589 4050 853 4120 excipias.
887 4048 1047 4103 Circa
1077 4063 1280 4101 annum
1309 4047 1412 4100 870
1458 4046 1801 4110 Anastasius,
1856 4046 2118 4102 [intimum
2173 4049 2430 4104 Ecclesiae
2463 4051 2936 4120 hibli0thecarins,
2969 4056 3188 4125 scripsit
3237 4056 3539 4113 Historiam

289 4139 733 4194 Ecclesiasticant
768 4152 862 4192 seu
894 4133 1393 4203 Cltronagrapltiam
1419 4131 1813 4197 s’l'ripartitam,
1846 4149 1910 4187 ex
1951 4133 2464 4207 Geocgii:S)'ncclli.
2515 4136 2866 4208 Theophanis
2893 4141 3230 4200 confessoris
3281 4155 3334 4200 et
3385 4145 3541 4201 Nice-

289 4229 449 4298 phori
489 4227 820 4296 patriarcha
857 4222 1447 4290 Constantinopolitani
1480 4219 1794 4284 Chronicis,
1831 4222 1900 4275 ab
1934 4223 2098 4290 ipsae
2128 4220 2316 4278 Graeca
2341 4223 2522 4293 lingua
2555 4226 2606 4278 in
2629 4225 2876 4280 Latinam
2911 4229 3214 4296 translatis,
3243 4235 3539 4288 maximam

292 4325 507 4386 partem
548 4315 892 4382 desumptam
935 4310 1125 4378 :quod
1166 4311 1280 4376 ipse
1339 4309 1392 4362 in
1440 4307 1770 4364 Praefatione
1818 4309 2052 4379 ingenue
2099 4310 2253 4364 fateri
2303 4326 2410 4364 non
2439 4313 2739 4371 erubescit.
2787 4313 2916 4368 Jure
2969 4316 3134 4386 igitur
3185 4321 3378 4374 merito
3411 4336 3537 4375 cum

292 4405 546 4456 Andreas
573 4403 836 4455 (ἐπείη-εκ
875 4399 1262 4468 Cappadocum
1297 4397 1769 4466 archiepisc0pus,
1799 4400 1987 4451 cadem
2023 4398 2280 4451 methodo
2329 4397 2799 4454 Commentarium
2842 4416 3005 4454 suum
3062 4403 3114 4456 in
3161 4404 3538 4474 Apocalypsim

293 4491 604 4560 scripserit,
635 4503 782 4543 anno
803 4488 908 4542 840
941 4488 1021 4542 vel
1057 4485 1286 4542 circiter
1315 4485 1681 4553 assignandus
1714 4485 1945 4540 videtur.
1979 4484 2127 4543 .Hac
2156 4486 2222 4538 ad
2254 4484 2690 4542 confutationem
2721 4487 2997 4543 Guilielmi
3031 4490 3192 4545 (Σειθὶ
3228 4492 3483 4549 ditlusius
3512 4511 3543 4548 a

295 4578 457 4634 nobis
485 4580 684 4648 scripta
721 4586 870 4632 sunt.

369 4667 493 4719 Alia
523 4680 744 4734 quaque
773 4664 1183 4719 Commentario
1219 4664 1446 4717 Andreae
1477 4661 1852 4715 attribuuntur
1882 4674 1910 4712 a
1940 4658 2118 4713 Cavea
2146 4659 2210 4713 ad
2234 4674 2444 4714 annum
2461 4657 2586 4724 500,
2607 4675 2716 4729 quo
2739 4676 2862 4712 eum
2894 4662 3162 4732 assignat,
3190 4674 3337 4717 tomo
3370 4665 3410 4718 Il
3444 4681 3540 4719 seu

298 4763 458 4823 parte
494 4769 529 4808 ιι
559 4752 812 4806 Historia:
835 4751 1118 4806 litterario:
1150 4761 1344 4817 prteter
1373 4749 1822 4804 Commentarium
1865 4748 1919 4798 in
1961 4746 2331 4815 Apocalypsim
2367 4745 2688 4816 praefatum;
2729 4763 2924 4817 nempe
2963 4747 3399 4818 'l'lterapeuticam
3440 4756 3548 4821 spi-

298 4841 548 4895 ritualem
598 4842 890 4910 scripsisse
926 4841 1143 4905 asserit,
1181 4856 1246 4894 ex
1280 4840 1439 4908 cujus
1491 4839 1628 4891 libro
1675 4837 1919 4895 secundo
1965 4833 2268 4903 fragmenta
2321 4835 2567 4905 quaedam
2615 4835 2886 4890 habentur
2939 4833 2990 4889 in
3047 4836 3260 4908 Eclogis
3304 4843 3544 4894 asceticis

295 4929 528 4984 Joannis
575 4929 897 4998 patriarcluv
951 4929 1284 4992 Antiocheni,
1338 4927 1467 4980 lolio
1506 4926 1594 4987 58,
1635 4941 1757 4994 pag.
1801 4927 1857 4984 Ξ.
1909 4924 1976 4976 ab

1853 4967 1857 4982 ,
1909 4924 1976 4976 ab
2014 4926 2098 4979 his
2136 4925 2351 4979 verbis:
2385 4925 2495 4976 Ποῦ
2548 4926 2605 4978 αἱ
2647 4924 2816 4994 ψυχαὶ
2850 4928 2986 4995 μετὰ
3020 4928 3119 4998 τὴν
3152 4929 3418 4999 ἐκδημίαν
3447 4933 3542 4984 τοῦ

301 5019 559 5086 σώματος
599 5016 957 5087 ἀπέρχονται,
993 5016 1058 5069 de
1116 5016 1316 5083 quibus
1368 5017 1488 5069 vide
1547 5013 1897 5067 Lambecium
1937 5015 1990 5067 lil

1856 5028 1897 5065 ιιι
1937 5015 2077 5067 libro
2130 5029 2160 5065 v
2211 5014 2769 5079 Commentariorum,
2835 5015 3027 5069 codice
3075 5031 3177 5070 ms.
3212 5018 3545 5086 _llt80|ngiCO

297 5105 490 5160 Graeco
519 5103 647 5166 251,
683 5119 837 5157 ιιιιιιι.
871 5105 918 5166 1,
953 5119 1074 5173 pag.
1110 5104 1234 5157 105.
1265 5105 1442 5173 Atque
1472 5103 1672 5156 easdem
1707 5101 1813 5154 illae
1841 5101 2110 5156 habentur
2156 5101 2209 5154 in
2243 5099 2395 5154 Nova
2433 5100 2766 5156 Bibliotheca
2808 5120 2933 5158 mss.
2963 5104 3198 5156 codicum
3241 5104 3546 5159 Grcecorum

301 5194 621 5247 Latinorum
651 5202 806 5260 atque
839 5189 1188 5253 Gallicorum,
1233 5209 1327 5246 seu
1355 5190 1647 5262 Sperimine
1677 5190 2020 5256 antiquarunt
2052 5189 2334 5242 lectionum
2381 5187 2714 5255 ercarum,
2749 5188 3065 5242 Latinarum
3098 5201 3148 5243 et
3188 5190 3544 5258 Gallicarum,

301 5299 367 5337 ex
401 5295 536 5336 mss.
575 5280 860 5334 codicibus
907 5277 1088 5348 Regia:
1132 5279 1434 5333 Galliarum
1465 5278 1821 5332 Bibliotheca:
1854 5278 2203 5347 potissimum
2234 5277 2486 5342 collecta,
2533 5287 2586 5331 et
2615 5278 2758 5331 edita
2793 5291 2822 5331 a
2873 5277 3123 5347 Philippo
3155 5278 3372 5334 Labbeo
3416 5281 3545 5336 Soc.

299 5369 460 5431 Iesu.
494 5367 724 5422 Parisiis
774 5382 920 5421 anno
962 5367 1124 5430 1655,
1178 5367 1229 5419 in
1264 5367 1318 5429 4,
1352 5367 1496 5435 apud
1549 5365 1812 5420 Joannem
1851 5365 2106 5419 llenault.
2142 5363 2252 5418 Illic
2308 5373 2462 5433 parte
2494 5381 2551 5431 ιι,
2590 5380 2712 5434 pag.
2754 5364 2843 5429 8‘2,
2906 5367 3129 5420 Andreae
3170 5368 3549 5436 archiepiscopi

304 5459 568 5511 Casarete
592 5457 907 5523 quaestiones
936 5471 1002 5509 ea:
1030 5455 1163 5508 libro
1206 5453 1645 5520 Therapeutican,
1680 5471 1782 5524 qua
1802 5454 2007 5506 abeant
2032 5453 2225 5505 anima:
2257 5460 2373 5519 post
2403 5461 2622 5506 mortem
2647 5453 2907 5522 corporis,
2938 5454 2989 5506 in
3023 5454 3190 5524 Regio
3221 5457 3408 5511 codice
3442 5472 3544 5512 ms.

302 5546 499 5598 Graeco
530 5543 656 5606 950,
689 5559 849 5610 quem
891 5543 1192 5600 oscitanter
1213 5541 1449 5599 Andriae
1476 5541 1822 5598 Cretensium
1846 5540 2260 5610 archiepiscopo
2295 5540 2612 5610 assignasse
2642 5556 2727 5594 me
2754 5541 3034 5595 recordor.

377 5634 446 5684 At
486 5631 681 5684 Petrus
719 5628 1047 5684 Lambecius
1083 5630 1222 5682 libro
1256 5645 1312 5682 ιιι
1369 5630 1904 5684 Commentariorum
1944 5629 2290 5684 bibliothecae
2339 5628 2606 5684 Caesarea:
2638 5629 3076 5684 Vindohoncnsis
3110 5646 3230 5700 pag.
3281 5629 3350 5682 40
3386 5630 3551 5685 Com-

311 5719 587 5773 irentaria
620 5719 729 5772 duo
759 5718 866 5771 alia
900 5717 1003 5787 ipsi
1033 5717 1285 5770 attribuit
1320 5717 1508 5771 codice
1541 5733 1644 5771 ms.
1706 5717 2016 5786 theologica
2046 5716 2234 5772 Grch
2263 5716 2333 5770 26
2375 5718 2459 5772 his
2493 5719 2672 5773 verbis
2701 5735 2716 5772 :
2753 5736 2771 5769 ι
2813 5716 3118 5772 Vicesimus
3157 5729 3348 5773 sextus
3380 5719 3552 5774 codex

306 5809 722 5876 manuscriptus
755 5806 1123 5876 Theologicus
1151 5804 1375 5860 Graecus
1399 5817 1484 5860 est
1533 5805 1882 5870 chartaceus,
1909 5808 2166 5876 antiquus
2199 5849 2212 5870 ,
2241 5807 2302 5860 in-
2323 5805 2477 5871 folio,
2504 5817 2833 5878 constatquts
2855 5807 2997 5861 foliis
3026 5806 3129 5860 520
3149 5817 3200 5861 et
3224 5809 3554 5877 abAugerio

304 5897 637 5962 llusbechio,
679 5905 737 5950 ut
769 5896 884 5966 ipse
919 5895 1077 5949 solita
1131 5896 1366 5964 propria:
1404 5910 1599 5949 manus
1636 5894 2040 5964 subscriptione
2072 5903 2324 5961 testatur,
2357 5894 2836 5967 Constantinopoli
2872 5897 3001 5951 olim
3050 5893 3554 5964 comparatust‘uiu
