4276 6438
791 403 894 463 201
1957 405 2287 467 ANDREE
2326 405 2843 466 C.’ESARIENSIS

2335 405 2843 466 C.’ESARIENSIS
3940 403 4048 466 208

790 513 1160 568 Contincntur
1191 529 1256 569 eo
1291 517 1461 584 primo
1485 525 1539 570 et
1569 517 1791 586 quidem
1827 532 1856 571 a
1896 516 1990 571 fol.
2023 518 2043 571 l
2081 533 2257 586 usque.
2287 516 2352 571 ad
2392 516 2490 569 fol.
2528 515 2617 579 7f,
2654 514 2943 568 Proverbia
2984 512 3286 568 Salomonis
3312 529 3437 569 cum
3490 516 3824 585 amplissima
3852 528 4046 572 catena

788 617 904 655 suve
941 606 1343 657 commentario
1388 620 1454 659 ex
1495 607 1775 660 variorum
1834 615 2150 660 sanctorum
2199 603 2449 664 Palmm,
2481 602 2828 670 aliorumque
2861 609 3109 655 veterum
3159 602 3490 672 scriptorum
3543 605 4046 658 ecclesiasticormn

797 689 1063 759 operibus
1107 691 1378 756 collecto,
1429 693 1589 763 cujus
1630 693 1957 762 principium
2012 711 2025 746 :
2082 694 2148 746 Αἱ
2188 693 2477 762 παροιμίαι
2531 692 2882 760 περιέχουσιν
2931 689 3220 744 παίδευσιν

2335 693 2477 761 ιμίαι
2531 692 2882 760 περιέχουσιν
2931 689 3220 744 παίδευσιν
3267 689 3418 759 ὴθῶν
3476 691 3570 743 καὶ
3630 691 3819 745 παθῶν
3872 694 4047 745 ἐπαν-

786 779 1044 850 όρθωσιν,
1082 787 1192 833 etc.
1226 777 1489 846 Secunao,
1525 791 1579 834 et
1616 782 1835 850 quidem
1879 795 1907 833 a
1939 780 2033 835 fol.
2068 781 2136 836 72
2175 796 2346 846 usque
2389 779 2456 831 ad
2515 777 2611 830 fol.
2671 779 2797 840 529,
2837 778 3010 831 Isaias
3042 778 3296 846 propheta
3323 793 3446 832 cum
3477 777 3812 846 amplissima
3860 791 4050 831 catena

789 868 904 919 sive
961 870 1362 921 commentario
1413 884 1479 921 ex
1541 869 1819 920 variorum
1863 877 2182 921 sanctorum
2215 868 2433 920 Patrum
2466 867 2818 935 aliorumque
2871 877 3115 920 veterum
3153 867 3484 934 scriptorum
3541 867 4048 920 ecclesiasticos-um

784 954 1047 1022 operibus
1099 957 1356 1020 collecto,
1399 956 1560 1024 cujus
1612 957 1938 1024 principium
1969 974 1983 1009 :
2016 955 2123 1008 ’1ὀῦ
2179 954 2484 1022 ἁγιωτάτου
2526 954 2800 1024 Κυρίλλου
2857 954 3264 1024 ἁρχιεπισκὸπο

2335 954 2484 1006 πάτου
2526 954 2800 1024 Κυρίλλου
2857 954 3294 1024 ἁρχιεπισχὸπου
3355 954 3762 1026 Ἀλεξανδρείας
3817 957 3897 1018 εἰς
3957 957 4050 1007 τὴν

803 1043 1038 1094 Ἡσαΐαν
1068 1044 1377 1112 προοίμιον.
1419 1045 1777 1112 Ἀσυμφανὴς
1811 1045 1908 1113 μὲν
1937 1043 2049 1096 τῶν
2077 1043 2248 1110 ἁγίων
2281 1042 2575 1111 προφητῶν
2607 1043 2785 1109 λόγος,
2821 1053 2926 1094 etc.

859 1147 876 1178 ι
918 1128 1193 1184 Collector
1235 1131 1526 1199 utriusque
1566 1131 1732 1200 hujus
1764 1141 1995 1192 calente,
2048 1146 2246 1198 nempe
2281 1139 2390 1182 tam
2425 1130 2477 1182 in
2533 1129 2819 1184 Proverbia
2862 1128 3192 1193 Salomonis,
3225 1144 3390 1199 quam
3433 1131 3486 1183 in
3519 1130 3764 1194 Esaiam,
3799 1129 3900 1182 fuit
3925 1131 4050 1198 qni-

781 1215 905 1268 dam
947 1216 1198 1270 Andreas
1222 1218 1532 1287 presbyter,
1570 1221 1645 1270 uti
1683 1219 1869 1272 videre
1891 1228 1972 1272 est
2003 1217 2133 1270 folio
2158 1217 2263 1270 329
2291 1219 2405 1273 sive
2437 1219 2635 1274 ultimo
2663 1237 2676 1273 :
2706 1221 2911 1290 quippe
2947 1219 3039 1274 ubi
3073 1220 3254 1274 scriba
3293 1221 3384 1289 qui
3417 1228 3589 1290 totum
3623 1221 3768 1274 hunc
3799 1221 4049 1274 codicem

781 1321 880 1359 sua
917 1321 1084 1360 manu
1117 1307 1394 1365 exaravit.
1431 1308 1667 1361 lectores
1705 1317 1856 1376 rogat
1881 1320 2041 1359 orare
2069 1304 2262 1365 Deum,
2295 1313 2356 1358 ut
2397 1308 2448 1359 in
2489 1308 2776 1361 tremendo
2813 1307 2992 1361 ultimi
3018 1307 3213 1375 judicii
3237 1308 3328 1361 die
3357 1310 3688 1362 misereatur
3731 1323 3838 1361 non
3867 1309 4048 1362 solum

784 1395 892 1456 sui,
938 1409 1125 1447 verum
1160 1395 1325 1447 etiam
1368 1394 1619 1462 Ἀνδρέου
1653 1393 1794 1445 ὲὶέει
1819 1393 1956 1444 Θεοῦ
1982 1393 2390 1463 πρεσϐυτέρου,
2434 1394 2529 1446 τοῦ
2559 1396 2962 1462 συναγαγόντος
2995 1394 3091 1446 καὶ
3121 1394 3510 1464 παραθεμένου
3533 1395 3630 1456 τὰς
3661 1396 4050 1465 ὲμφερομὲνας

781 1485 844 1550 τῇ
880 1481 1048 1550 βίϐλῳ
1076 1481 1254 1553 ταύτῃ
1286 1481 1683 1552 παραγραφάς.
1712 1479 1954 1549 Tempus
1986 1490 2168 1534 autem
2203 1498 2316 1550 quo
2348 1484 2489 1536 idem
2527 1484 2697 1538 codex
2726 1492 2988 1538 exaratus
3013 1491 3121 1545 est,
3158 1483 3264 1538 indi

2348 1484 2489 1536 idem
2527 1484 2697 1538 codex
2726 1492 2988 1538 exaratus
3013 1491 3121 1545 est,
3158 1483 3433 1538 indicatur
3463 1481 3583 1536 folii
3622 1483 3690 1537 73
3719 1485 3920 1552 pagina
3956 1501 4039 1537 se-

779 1569 983 1633 cunda,
1014 1583 1113 1637 per
1139 1568 1510 1638 fragmentum
1542 1570 1760 1621 canonis
1791 1566 2074 1620 Paschalis
2105 1569 2175 1622 ab
2201 1584 2349 1622 anno
2384 1571 2577 1624 mundi
2615 1570 2923 1626 secundum
2956 1585 3312 1625 communem
3357 1571 3617 1625 Ecclesia:
3647 1570 4047 1624 Constantino-

780 1656 1041 1724 politana:
1081 1657 1529 1726 supputationem
1582 1656 1744 1720 67H,
1783 1657 1887 1710 hoc
1913 1666 1996 1710 est
2045 1671 2192 1710 anno
2217 1672 2340 1710 πται
2362 1657 2691 1714 Christiana:
2722 1657 2885 1724 1256,
2930 1673 3104 1727 usque
3144 1658 3215 1712 ad
3254 1672 3460 1712 annum
3493 1656 3680 1711 mundi
3718 1656 3883 1721 6749,
3931 1658 4052 1712 site

779 1761 985 1798 annum
1018 1745 1227 1799 Christi
1263 1745 1424 1798 1241.
1463 1764 1481 1796 s

855 1831 929 1884 De
971 1832 1074 1886 hoc
1132 1830 1549 1886 Commentario
1595 1842 1650 1887 et
1686 1832 1832 1886 illius
1882 1841 2105 1887 auctore
2136 1840 2305 1902 agunt
2345 1833 2396 1885 in
2437 1833 2713 1903 Apparatu
2739 1851 2893 1888 sacro
2926 1834 3201 1888 Antonius
3231 1831 3564 1888 Posserinus
3601 1841 3753 1887 tomo
3800 1834 3843 1897 l,
3876 1835 4048 1886 verbo

785 1924 1026 1975 Andreas
1068 1919 1331 1976 Caesarea:
1363 1923 1417 1974 in
1450 1921 1793 1991 Cappadocia
1841 1923 2133 1992 episcopus.
2169 1920 2234 1976 Et
2266 1923 2331 1976 ad
2359 1925 2563 1979 calcem
2602 1927 2908 1994 Apparatus
2947 1926 3089 1979 sacri
3121 1925 3175 1978 in
3209 1924 3461 1994 catalogo
3493 1937 3627 1978 mss.
3662 1923 3918 1978 codicum
3955 1923 4050 1975 Bi-

781 2008 1066 2062 bliothecze
1109 2009 1409 2074 Bavaricaa,
1465 2009 1588 2063 cod.
1622 2010 1714 2072 45,
1750 2009 1842 2062 ubi
1885 2009 2113 2063 Andrca:
2170 2010 2396 2064 nomine
2429 2013 2769 2068 inscribitur.
2808 2013 2876 2067 Et
2914 2013 2967 2066 in
3025 2012 3279 2081 catalogo
3309 2010 3644 2082 Augustam:
3679 2011 4046 2074 bibliothecae,

779 2097 969 2149 codice
1025 2097 1111 2160 72,
1142 2097 1234 2149 ubi
1262 2096 1368 2150 sub
1398 2096 1652 2149 Methodii
1693 2097 1938 2150 monachi
1979 2097 2226 2162 nomine,
2269 2099 2429 2165 juxta
2463 2099 2643 2169 ipsum
2676 2101 2962 2156 l’eltanum
2991 2101 3287 2162 editorem,
3319 2100 3556 2169 legitur;
3591 2098 3958 2153 Bellarminus
3995 2102 4046 2152 in

779 2183 917 2236 libro
957 2182 1020 2236 dc
1051 2183 1398 2252 scriptoribus
1456 2185 1856 2250 ecclesiasticis,
1899 2184 1966 2238 ad
1996 2200 2203 2240 annum
2254 2184 2378 2250 500,
2419 2186 2583 2255 cujus
2631 2186 2961 2242 sententiam
3007 2195 3236 2242 secutus
3274 2194 3361 2241 est
3415 2187 3629 2241 Caveas
3685 2185 3754 2241 ad
3789 2187 4050 2241 eumdem

779 2288 976 2325 annum
1023 2288 1148 2342 pag.
1189 2271 1318 2327 379.

805 2440 928 2467 ,ις-...τ

2335 2439 4038 2472 Ἢ

1750 2564 1888 2616 ΤΟΥ
1921 2565 2009 2616 ΕΝ
2041 2564 2266 2617 ΑΓΙΟΙΣ
2301 2563 2528 2616 ΟΝΤΟΣ
2565 2563 2838 2616 ΠΑΤΡΟΣ
2873 2563 3072 2616 ΗΜΩΝ

1155 2974 2086 3062 ΑΡΧΙΕΠΙΣΚΟΠΟΥ
2160 2975 2801 3062 ΚΑΙΣΑΡΕΙΑΣ
2877 2973 3696 3063 ΚΑΠΠΑΔΟΚΙΑΣ.

2225 3157 2583 3212 ΕΡΜΗΝΕῘΑ

1535 3323 1778 3434 ΕΙΣ
1853 3320 2169 3434 ΤΗΝ
2244 3315 3290 3437 ΑΙΙΟΚΑΛΥΨΙΝ

1262 3536 1400 3590 ΤΟΥ
1435 3536 1640 3589 ᾹΓΙΟΥ
1673 3532 2089 3590 ΑΠΟΣΤΟΛΟΥ
2122 3533 2243 3587 ΚΑΙ
2279 3531 2804 3587 ΕΥΑΓΓΕᾹΙΣΤΟΥ
2839 3534 3143 3587 ΙΜΝΝΟΥ
3177 3534 3562 3591 ΘΕΟΔΟΓΟΥ.

1551 3814 1709 3969 s.
1835 3820 2006 3966 P.
2134 3815 2319 3967 N.
2388 3697 3279 3966 _ANDRE./E

1190 4098 2108 4192 ARCHIEPISCOPI
2188 4096 2784 4190 CIESAREAE
2857 4092 3633 4188 CAPPADOCUE

2373 4309 2442 4354 IN

1497 4459 1668 4520 DIVI
1737 4459 2074 4521 JOANNIS
2134 4457 2535 4519 APOSTOLI
2587 4458 2690 4518 ET
2744 4457 3335 4521 EVANGELISTIE

1785 4642 3038 4759 APOCALYPSIN

2080 4863 2846 4928 COMMENTARIUS.

774 5045 1036 5095 Theodoro
1064 5043 1270 5092 Peltano
1303 5044 1602 5102 interprete.
1620 5064 1689 5102 7—-
1707 5037 1844 5099 Opus
1870 5037 2044 5102 Graece
2072 5035 2284 5097 primum
2311 5035 2362 5084 in
2388 5034 2552 5102 lucem
2586 5032 2834 5102 prolatum
2857 5044 2918 5081 ex
2947 5031 3128 5102 illustri
3159 5031 3720 5102 bibliothecs_Palatins.
3746 5033 4050 5102 Fredericm

836 5108 1158 5168 Sylburgiusr
1185 5095 1506 5168 archetypum
1550 5095 1976 5168 Palatinum-cum
2016 5095 2313 5168 Augustino
2357 5102 2410 5143 et
2451 5095 2678 5144 Bavarico
2717 5107 2832 5142 mss.
2855 5095 3084 5155 contulit,
3125 5097 3256 5146 notis
3293 5101 3346 5145 et
3381 5095 3623 5146 indicibus
3662 5096 3944 5146 illustravit.
3985 5122 4051 5135 --

845 5158 1244 5230 Etypo‘grapheo
1295 5158 1581 5225 Hieronymi
1626 5161 1937 5212 Commelini.
2016 5158 2271 5208 MDXLVL

1573 5459 1955 5516 MAGNIFICIS,
2007 5458 2425 5504 NOBILISSIMIS
2475 5455 2986 5509 CLARISSIMISQUE
3028 5455 3224 5513 VIRIS,

1291 5541 1680 5588 SERENISSIMI
1717 5540 2022 5584 PRINCIPIS
2079 5538 2367 5583 PALATINI
2413 5537 2752 5582 ELECTOBIS
2793 5535 3228 5580 SENATORIBUS
3273 5533 3505 5579 ιιιτωιε

2105 5617 2418 5662 PATRONIS
2446 5617 2516 5662 ~S.
2559 5617 2620 5660 Ο.
2673 5617 2738 5659 Μ.

848 5773 985 5830 Cum
1018 5772 1080 5825 Β.
1104 5769 1481 5843 Chrysostomi
1506 5783 1672 5840 opera
1723 5767 2140 5825 Graeco-Latina
2169 5766 2312 5838 typis
2345 5764 2608 5821 mandare
2640 5761 2784 5834 apud
2829 5776 2915 5817 me
2943 5761 3281 5827 statuissem,
3314 5760 3666 5831 amplissimi,
3717 5759 4047 5816 nobilissimi

779 5859 1384 5931 clarissimiqncviri,a
1427 5858 1824 5915 commentario
1856 5858 1912 5915 in
1956 5857 2217 5917 Paulinas
2255 5855 2517 5926 epistolas
2573 5854 2789 5909 initium
2831 5850 3138 5908 faciendum
3201 5848 3534 5917 existimavi,
3575 5848 3783 5905 interea
3822 5849 3951 5903 dum
3983 5861 4046 5901 ea
