4276 6438
279 411 394 477 209
1006 419 1611 484 COMMENTARIUS
1651 424 1731 484 IN
1773 424 2295 489 APOCALYPSIN.
2334 454 2404 464 -
2441 429 2828 494 PROGEMIA.
3435 425 3541 491 210

280 541 408 592 qua:
441 525 493 578 in
518 528 882 598 evangelistas
913 541 965 586 et
995 532 1165 586 Actus
1191 535 1591 603 apostolorum,
1623 551 1746 601 quat
1773 548 2091 605 supersunt,
2137 540 2583 598 describerentur
2606 584 2621 608 ,
2670 543 3072 600 conferrentur.
3111 543 3380 598 Cancrum
3413 557 3538 597 cttm

280 614 801 681 auimadverterem,
829 617 1208 689 Chrysostomi
1236 621 1301 676 ad
1326 623 1557 678 Joannis
1586 624 1845 695 'l'heologi
1878 626 2244 696 Apocalypsin
2278 630 2414 684 nihil
2440 641 2676 696 exstare,
2714 630 3185 700 commodumque
3219 631 3271 684 in
3301 630 3538 684 serenis-

281 701 422 791 simi
467 702 734 773 principis
768 705 945 760 nostri
983 707 1312 763 bibliotheca
1344 710 1577 765 Andreae
1613 711 1967 768 Caesariensis
2027 716 2274 786 episcopi
2305 719 2370 770 ad
2407 719 2554 774 illam
2599 722 2774 791 ipsam
2829 720 3265 775 commentarius
3296 717 3536 777 Graecus.

278 788 373 852 qui
411 787 675 846 hactenus
727 793 782 847 in
817 793 1170 850 bibliothecis
1197 798 1492 854 conclusus
1521 800 1833 864 delituerat,
1867 816 1988 855 sese
2033 805 2345 872 obtulisset,
2375 808 2444 860 ab
2481 787 2736 865 instituto
2763 819 2956 864 nostro
3010 808 3240 862 minime
3293 807 3537 862 alienum

277 890 401 965 sum
445 877 773 946 arbitratus,
819 882 862 936 si
911 883 1061 937 illum
1105 883 1499 954 Cbrysostomo
1531 889 1787 942 comitem
1830 890 2210 963 adiungerem,
2253 896 2307 949 in
2351 910 2416 950 eo
2456 896 2661 951 Giberti
2697 898 3032 954 Veronensis
3067 897 3307 965 episcopi
3355 909 3540 948 exem-

281 962 430 1058 plum
473 977 716 1032 secutus,
750 970 843 1039 qui
888 969 1236 1028 OEcumenio
1268 974 1423 1039 olim,
1455 975 1631 1032 Areta:
1658 976 1774 1046 (qui
1801 988 1989 1035 nostro
2013 962 2231 1036 Andrea
2267 993 2425 1038 aetate
2461 985 2690 1040 inferior
2713 989 2817 1058 est)
2849 962 3187 1042 collectanea
3228 962 3283 1038 in
3324 984 3538 1048 Apoca-

280 1056 456 1141 lypsin
489 1059 844 1127 appendenda
869 1061 1100 1116 curavit.
1127 1061 1330 1120 Nactus
1349 1066 1532 1135 itaque
1554 1067 1785 1121 alterunt
1811 1067 2042 1125 Andreae
2061 1069 2415 1126 Caesariensis
2441 1073 2749 1141 exemplum
2777 1056 2906 1138 ms.,
2940 1075 2989 1127 id
3024 1073 3227 1141 negotii
3256 1070 3540 1125 Frideriro

279 1139 598 1213 Sylhurgio,
629 1147 896 1202 doctrinm
946 1159 1000 1202 et
1031 1150 1328 1221 diligentia:
1360 1153 1575 1208 eximia:
1603 1154 1746 1219 viro,
1797 1155 1957 1222 dedi,
2018 1168 2077 1213 ut
2122 1160 2481 1230 archetypum
2516 1139 2812 1228 utrumque.
2841 1139 3223 1230 compararet,
3244 1159 3540 1214 verborum

276 1231 702 1300 discrepantiam
725 1235 1059 1302 observaret,
1091 1241 1346 1309 notisque
1368 1250 1423 1296 et
1453 1242 1728 1296 indicibus
1759 1244 2076 1300 illustraret.
2113 1245 2188 1298 Ad
2211 1255 2547 1314 postremum
2573 1250 2712 1300 sacri
2735 1247 2898 1315 hujus
2936 1248 3117 1316 Operis
3145 1247 3235 1300 ubi
3266 1245 3538 1316 pervenit,

276 1315 451 1404 aDeo
481 1319 541 1373 Ο.
574 1319 649 1372 Μ.
684 1323 1009 1390 appellatus,
1048 1326 1095 1379 vi
1132 1328 1303 1381 morbi
1355 1345 1576 1384 manum
1610 1331 1794 1385 statim
1840 1333 1906 1386 de
1935 1332 2140 1394 tabula,
2175 1333 2417 1401 mihique
2449 1349 2634 1396 cursu,
2673 1334 2819 1403 quod
2857 1315 3014 1387 aiunt
3036 1373 3050 1395 ,
3083 1315 3332 1404 lampada
3366 1332 3540 1386 tradi-

275 1403 376 1457 dit.
411 1405 698 1462 Postremo
729 1411 912 1481 itaque
951 1414 1052 1467 viri
1081 1413 1245 1483 hujus
1281 1416 1412 1469 mihi
1447 1418 1768 1473 amicissimi
1806 1421 2098 1488 postlmmo
2126 1420 2278 1484 fetui,
2320 1436 2486 1490 opera
2509 1431 2694 1476 nostra
2728 1423 2779 1474 in
2817 1437 2980 1475 auras
3005 1403 3293 1490 producto,
3330 1428 3539 1474 tutores

273 1492 556 1558 quaarendi
611 1512 736 1549 cttm
790 1507 997 1560 essent,
1055 1515 1150 1554 vos
1202 1503 1484 1558 nominare
1513 1506 1687 1559 visum
1727 1507 1848 1573 fuit,
1880 1523 2023 1578 quos
2065 1509 2110 1560 si
2150 1509 2375 1563 vixisset
2420 1511 2534 1577 ipse
2562 1526 2763 1578 parens
2826 1509 2888 1563 L.
2931 1508 3002 1562 Μ.
3054 1507 3119 1575 Q.
3159 1508 3540 1562 nominaturus

276 1579 469 1668 fuisse!
499 1600 512 1634 ε
543 1584 917 1655 (Ιυίββεψιθῐη
944 1597 1183 1642 Vestrum
1208 1591 1298 1644 alii
1331 1592 1699 1665 συμμαθητὴν
1726 1595 2040 1651 habuerunt
2062 1597 2547 1665 modestissimum,
2584 1599 2674 1652 alii
2713 1607 3054 1668 prazceptore
3087 1597 3230 1651 lideli
3256 1595 3340 1650 usi
3367 1608 3495 1650 sunt
3524 1613 3537 1646 :

274 1667 472 1756 η’ίξίιυί
515 1685 664 1735 νεῖον
698 1674 790 1742 qui
821 1675 997 1744 ipsum
1036 1678 1187 1746 prius
1229 1680 1410 1736 minus
1450 1693 1735 1746 noverant,
1773 1686 1864 1739 ubi
1898 1699 2023 1739 eum
2058 1693 2459 1754 cognoverunt,
2493 1667 2723 1756 propter
2751 1700 2927 1738 raram
2961 1685 3329 1739 eruditionem
3367 1693 3422 1735 et
3463 1683 3515 1736 in

272 1753 550 1811 defessum
574 1761 892 1830 ergajremp.
923 1763 1245 1820 litterariam
1279 1769 1520 1823 studium
1543 1781 1819 1837 amarunt,
1854 1779 1908 1826 et
1933 1773 2044 1841 jam
2076 1753 2248 1842 ipsius
2276 1753 2884 1828 memoriamvlaudibus
2913 1779 3338 1842 prosequuntur.
3379 1770 3539 1835 Quod

274 1855 553 1913 superest,
583 1848 683 1902 viri
716 1850 1068 1917 nobilissimi,
1101 1869 1164 1908 ao
1199 1856 1454 1924 patroni,
1497 1871 1593 1912 vos
1624 1859 1973 1915 vehementer
2011 1863 2178 1915 etiam
2209 1871 2376 1932 atque
2393 1863 2557 1916 etiam
2593 1878 2745 1932 rogo,
2785 1873 2843 1916 ttt
2871 1863 2976 1917 hoc
3005 1876 3188 1916 meum
3220 1860 3539 1920 consilium,

270 1943 324 2028 ιγ
371 1937 814 2074 uxoremque);
835 1939 1072 1995 olIicium
1106 1943 1159 1996 in
1195 1943 1394 1997 bonam
1425 1954 1633 2014 partem
1664 1947 1969 2018 accipiatis,
2006 1950 2400 2020 laboribusque
2431 1950 2659 2015 nostris,
2709 1951 2855 2020 quod
2890 1949 3090 2013 facitis,
3129 1948 3310 2003 lavere
3344 1963 3539 2018 perga-

273 2028 366 2074 tts.
446 2036 474 2074 a
501 2031 608 2074 etc.

273 2028 366 2074 tts.
402 2028 608 2076 Valete.

283 2151 3042 2187 -—_—'—_————————-n'-s——__—__———_
3052 2172 3079 2187 π
3097 2171 3134 2185 ο

595 2269 682 2328 De
705 2271 1087 2352 Apocalypsi
1118 2274 1385 2336 Joannis
1422 2275 1805 2356 Hieronymi
1849 2276 2292 2340 testimonium
2327 2276 2393 2340 in
2431 2275 2703 2357 epistola
2740 2276 2818 2338 ad
2853 2277 3219 2342 Paulinum.

344 2440 700 2511 Apocalypsis
729 2438 956 2497 Joannis
986 2449 1066 2497 tot
1098 2440 1260 2496 habet
1280 2449 1645 2508 sacramenta,
1670 2444 1818 2511 quot
1841 2441 2027 2497 verba.
2063 2440 2265 2496 Parum
2303 2441 2414 2498 dixi
2446 2457 2545 2513 pro
2576 2441 2774 2499 merito
2805 2441 3140 2511 voluminis;
3193 2442 3316 2498 laus
3359 2446 3542 2502 omnis

269 2527 503 2582 inferior
531 2539 616 2584 est
653 2547 666 2585 :
698 2530 751 2583 in
781 2529 962 2586 verbis
995 2529 1228 2599 singulis
1280 2529 1612 2600 multiplices
1661 2530 1832 2586 latent
1866 2531 2261 2601 intelligentiae.

269 2796 361 2857 De
403 2794 630 2858 horum
673 2795 1285 2857 commentariorum
1322 2803 1580 2858 auctore
1613 2795 1992 2858 Theodorus
2028 2797 2327 2859 Peltanus
2353 2798 2671 2878 interpres
2718 2797 2782 2858 in
2818 2796 3087 2874 epistola
3120 2794 3536 2859 dedicatoria.

341 2937 476 2990 Cum
517 2935 603 2990 hic
629 2936 1033 3007 Apocalypseos
1065 2936 1200 2991 liber
1233 2944 1312 2990 tot
1336 2937 1538 2992 abditis
1572 2937 1848 3007 mysteriis
1875 2936 1946 2990 sit
1971 2937 2252 3007 gravidus,
2285 2946 2475 3007 totque
2524 2936 2838 3008 implicatus
2883 2936 3131 2992 tenebris
3163 2943 3217 2990 et
3247 2934 3542 2992 diliiculta-

267 3025 437 3089 tibus,
460 3023 664 3078 utiliter
691 3040 811 3078 meo
841 3024 1050 3093 judicio
1088 3039 1310 3094 operam
1338 3024 1629 3086 collocant,
1666 3027 1784 3094 qui,
1817 3033 2059 3077 veterum
2092 3026 2470 3097 theologorum
2510 3025 2760 3094 vestigiis
2793 3024 3114 3079 insistentes
3141 3062 3157 3087 ,
3188 3023 3540 3093 explicationt

267 3113 416 3166 illius
447 3112 676 3166 viriliter
727 3113 1051 3166 incumbunt
1079 3129 1093 3176 ;
1128 3115 1403 3182 tantisque
1431 3113 1539 3168 illis
1567 3114 1998 3168 obscuritatibus
2029 3124 2082 3169 et
2112 3116 2350 3170 tenebris
2375 3117 2550 3171 lucem
2582 3117 2823 3185 aliquam
2860 3114 3059 3169 all‘erre
3085 3116 3452 3178 contendunt,
3485 3127 3540 3171 et

268 3218 393 3270 qua:
417 3201 501 3255 vel
537 3202 637 3270 ipsi
663 3201 804 3270 apud
830 3216 889 3256 se
923 3218 1030 3255 non
1064 3204 1273 3271 absque
1312 3205 1496 3258 labore
1535 3204 1775 3258 meditati
1815 3214 1964 3270 sunt,
1991 3204 2072 3257 vel
2109 3205 2252 3273 apud
2293 3205 2430 3260 alios
2464 3205 2804 3259 orthodoxos
2838 3214 2893 3259 et
2934 3205 3179 3259 eruditos
3210 3205 3539 3274 interpretes

268 3287 517 3341 studiose
545 3289 927 3354 observarunt,
965 3288 1263 3344 liberaliter
1295 3291 1348 3344 in
1372 3292 1610 3344 medium
1638 3291 1950 3345 conferunt.
1981 3292 2126 3347 inter
2154 3293 2255 3347 hos
2293 3301 2474 3346 autem
2502 3292 2584 3346 vel
2610 3292 2843 3361 primum
2866 3334 2880 3357 ,
2904 3292 2988 3346 vel
3032 3293 3214 3361 primo
3243 3303 3392 3346 certe
3410 3308 3539 3362 pro-

270 3377 476 3428 ximnm
501 3375 681 3429 locum
715 3391 1060 3445 promeretur
1090 3380 1337 3434 Andreas
1367 3383 1630 3435 Caesarea:
1663 3381 2021 3450 Cappadocia:
2050 3380 2522 3449 archiepiscopus.
2559 3377 2697 3432 Nam
2753 3379 2858 3434 etsi
2910 3389 3039 3433 ante
3072 3380 3250 3448 ipsum
3283 3377 3538 3435 Justinus

270 3477 482 3534 marlyr
510 3475 563 3518 et
579 3463 961 3535 philosophus,
993 3476 1046 3521 et
1083 3467 1321 3523 lrenteus
1349 3466 1737 3538 Lugdunensis
1770 3470 2084 3540 epise0pus,
2121 3478 2174 3523 et
2225 3468 2316 3522 alii
2368 3479 2632 3538 praeterea
2683 3467 2931 3521 nonnulli
2963 3468 3332 3538 Apocalypsin
3367 3484 3539 3538 expo-

267 3553 508 3615 siterint,
537 3552 722 3608 nullus
755 3561 936 3609 tamen
967 3570 1077 3609 uno
1098 3554 1201 3609 hoc
1225 3555 1386 3610 Patre
1410 3564 1506 3610 aut
1527 3557 1829 3626 copiosius,
1856 3567 1951 3610 aut
1968 3556 2257 3620 eruditius,
2279 3564 2374 3610 aut
2391 3555 2730 3610 luculentius
2758 3554 2860 3608 hoc
2874 3555 3536 3624 prtestitit.Quamobrem

272 3640 416 3691 haud
445 3639 705 3708 indignus
749 3641 907 3693 nobis
943 3642 1092 3696 visus
1122 3651 1223 3707 est,
1255 3644 1348 3712 qui
1384 3644 1435 3696 in
1470 3643 1709 3713 linguam
1735 3642 1983 3698 Latinam
2020 3649 2460 3707 converteretur,
2491 3652 2546 3697 et
2585 3642 2651 3696 ad
2678 3655 3027 3696 communem
3077 3639 3338 3695 Ecclesia:
3373 3656 3534 3695 usum

270 3728 324 3777 in
355 3727 534 3780 lucem
562 3727 838 3780 ederetur.
871 3727 1132 3792 Quamvis
1154 3731 1301 3784 enim
1326 3732 1492 3784 homo
1513 3730 1736 3786 Graecus
1759 3741 1812 3785 et
1845 3731 2162 3800 Cappadox,
2191 3740 2244 3784 et
2274 3731 2418 3800 quod
2455 3733 2521 3783 ad
2556 3730 2669 3784 hare
2693 3731 2808 3782 loca
2834 3730 3050 3793 attinet,
3081 3727 3283 3796 hospes
3317 3744 3539 3800 quoque

267 3827 321 3866 et
353 3816 680 3884 peregrinus
712 3819 803 3880 sit,
827 3817 965 3870 nihil
1004 3826 1182 3871 tamen
1220 3829 1314 3872 aut
1338 3833 1653 3878 etroneum,
1686 3832 1779 3873 aut
1804 3820 2125 3883 barbarum,
2160 3828 2254 3872 aut
2279 3817 2692 3872 circulatorium
2718 3826 2876 3871 sonat
2907 3835 2920 3870 ι
2955 3816 3084 3886 quin
3123 3817 3317 3870 miram
3355 3818 3538 3887 potius

268 3905 526 3969 pietatem
568 3903 772 3974 ubique
800 3905 996 3974 spirat,
1024 3921 1390 3974 magnamque
1418 3905 1471 3959 itt
1491 3907 1723 3974 singulis
1759 3908 2154 3976 propemodum
2185 3906 2407 3976 pagellis
2443 3905 2826 3966 eruditionem,
2859 3913 2912 3958 et
2949 3903 3281 3972 singularem
3314 3904 3540 3974 insuper

267 3991 336 4042 ab
363 3991 622 4046 omnibus
657 3991 958 4047 hazresibus
982 4001 1036 4047 et
1061 3994 1335 4048 haereticis
1375 3994 1541 4046 animi
1574 3995 1960 4049 alienationem
1993 3994 2252 4057 ostendit,
2278 3992 2518 4048 maxime
2549 4008 2675 4046 vero
2694 3991 2763 4045 ab
2791 3991 3122 4059 Origeuistis
3152 3999 3208 4044 et
3232 3990 3536 4056 Cltiliastis,

267 4079 359 4146 qui
404 4079 700 4134 Ecclesiam
720 4079 1062 4135 Catholicam
1097 4097 1194 4150 per
1214 4082 1262 4134 id
1298 4091 1512 4148 tempus
1542 4097 1650 4152 prae
1677 4084 1890 4137 caneris
1945 4081 2301 4137 infestabant.
2356 4080 2483 4134 Fuit
2514 4081 2699 4148 itaque
2734 4080 3113 4133 commentarii
3141 4077 3306 4149 hujus
3342 4091 3539 4136 auctor

269 4182 376 4219 non
405 4168 569 4221 modo
596 4169 828 4238 insignis
862 4169 1156 4238 episcOpus
1180 4179 1473 4238 pastorque
1500 4171 1748 4239 apprime
1783 4169 2016 4240 vigilans
2067 4179 2122 4223 et
2155 4169 2318 4232 lidus,
2351 4176 2408 4220 ut
2457 4177 2729 4222 testantur
2759 4175 3029 4235 quotquot
3059 4166 3223 4219 vitam
3274 4165 3421 4221 illius
3452 4169 3539 4222 vel

269 4255 445 4307 obiter
479 4256 778 4324 attingunt,
807 4271 995 4310 verum
1017 4256 1234 4324 egregie
1263 4272 1480 4325 quoque
1521 4259 1642 4326 pius
1686 4273 1994 4326 magnaque
2025 4258 2338 4311 divinarum
2369 4257 2849 4324 humanarumque
2890 4256 3194 4309 litterarum
3226 4255 3540 4311 eruditione

284 4351 517 4404 trnatus,
539 4354 590 4396 et
625 4358 750 4396 acer
782 4343 1014 4412 denique
1046 4343 1314 4396 haeresum
1351 4354 1404 4397 et
1433 4354 1705 4398 sectarum
1732 4346 1977 4398 omnium
2009 4347 2205 4400 hostis.

1179 4630 1353 4690 Idem
1395 4631 1695 4692 Peltanus
1740 4631 1801 4691 in
1844 4630 2113 4710 epistola
2147 4631 2222 4691 ad
2257 4632 2613 4692 Lectorem.

335 4795 472 4860 Quis
503 4795 882 4848 commentarii
936 4794 1100 4864 hujus
1141 4803 1332 4848 auctor
1360 4794 1655 4857 exstiterit,
1700 4795 1932 4850 candide
1969 4793 2184 4859 Lector,
2222 4795 2378 4858 satis,
2404 4794 2600 4864 opinor
2628 4836 2641 4860 ,
2679 4812 2740 4850 ex
2786 4796 2943 4850 titulo
2971 4796 3067 4849 toti
3110 4796 3261 4865 operi
3312 4799 3536 4865 praeﬁxo

272 4893 456 4951 aperte
496 4891 731 4936 constat.
760 4883 878 4947 Quo
907 4891 1151 4950 tempore
1175 4891 1357 4936 autem
1381 4883 1427 4937 is
1457 4882 1679 4944 vixerit,
1707 4893 1796 4936 aut
1832 4882 2158 4937 Ctesariensi
2202 4882 2457 4936 Ecclesia:
2496 4886 2796 4952 praefuerit.
2843 4884 2894 4938 id
2921 4894 3072 4938 certo
3112 4885 3352 4938 nondutn
3381 4901 3537 4940 com-

272 4972 407 5039 peti.
444 4970 647 5024 Basilio
675 4969 869 5040 Magno
901 4971 1149 5039 ejusdem
1189 4970 1335 5025 sedis
1364 4971 1610 5025 antistite
1645 4972 2005 5040 posteriorem
2027 4970 2196 5026 luisse
2225 4981 2378 5026 extra
2408 4972 2844 5027 controversiam
2871 4983 2978 5036 est,
3010 4982 3071 5026 ut
3101 4973 3196 5041 qui
3229 4988 3335 5026 non
3367 4975 3535 5027 semel

271 5060 323 5112 iu
364 5061 466 5114 hoc
495 5059 895 5113 commentario
927 5059 1262 5114 nominetur.
1291 5059 1558 5114 Caeterum
1592 5059 1658 5112 ad
1689 5059 1814 5112 libri
1851 5061 2018 5128 hujus
2054 5062 2554 5130 interpretationem
2582 5102 2596 5125 ,
2631 5072 2829 5132 przeter
2862 5062 3154 5115 utilitatem
3208 5076 3375 5130 quam
3409 5062 3536 5114 inde

271 5150 338 5203 ad
365 5150 665 5203 Ecclesium
703 5151 881 5204 redire
905 5164 1065 5219 posse
1111 5151 1425 5220 sperabam,
1452 5150 1563 5204 duo
1603 5150 1873 5220 pra-cipue
1907 5166 1992 5204 me
2024 5150 2357 5218 impulerunt
2386 5167 2399 5204 :
2439 5150 2622 5219 operis
2644 5150 2902 5210 brevitas,
2939 5163 3033 5202 seu
3077 5149 3260 5202 verius
3289 5149 3535 5218 ejusdem

274 5237 649 5301 mediocritas,
684 5248 738 5290 et
768 5238 1018 5292 codicum
1051 5247 1311 5306 praeterea
1366 5237 1684 5291 Grecorum
1721 5251 1832 5289 non
1868 5238 2113 5307 uulgaris
2157 5238 2543 5292 commoditas.
2599 5235 2734 5290 Nam
2773 5245 2971 5306 pratter
2997 5236 3288 5305 praesidia,
3320 5251 3442 5305 quae
3473 5237 3539 5290 ad

271 5342 393 5381 eam
435 5341 547 5379 rem
577 5326 1020 5382 subministravit
1049 5326 1390 5395 amplissima
1429 5326 1519 5380 illa
1544 5326 1809 5395 principis
1836 5324 2084 5380 Bavarite
2119 5325 2473 5388 bibliotheca,
2505 5325 2770 5392 singulari
2816 5322 3008 5378 favore
3059 5333 3114 5378 et
3159 5323 3537 5378 benevolentia

275 5414 479 5470 nobilis
509 5423 564 5468 et
594 5413 858 5468 senatorii
886 5414 1096 5468 ordinis
1126 5414 1250 5478 viri,
1293 5414 1502 5467 domini
1531 5413 1745 5478 Quirini
1784 5413 2104 5483 Rellingeri,
2169 5413 2318 5467 aliud
2372 5421 2746 5482 pervetustum
2782 5412 3063 5482 exemplar
3084 5426 3148 5465 ex
3190 5411 3400 5480 reipub.
3426 5412 3538 5464 Att-

273 5513 520 5568 gnstana:
545 5501 876 5556 bibliotheca
902 5501 1187 5571 impetravi
1217 5519 1228 5554 :
1262 5502 1407 5570 quod
1439 5517 1571 5556 sane
1597 5500 1892 5570 plurimum
1927 5501 2057 5554 mihi
2085 5502 2340 5556 contulit.
2370 5499 2638 5566 Quamvis
2667 5501 2811 5554 enim
2836 5500 3186 5570 quaadut-alis
3212 5500 3538 5553 bihliOIlu-eu

275 5591 756 5661 suppeditat-erat,
791 5591 857 5644 ad
895 5590 967 5654 id,
1004 5590 1151 5660 quod
1186 5591 1556 5654 institueram,
1585 5599 1812 5645 satesse
1841 5590 2143 5659 potuerint,
2172 5598 2417 5643 attamen
2455 5591 2814 5659 Augustanus
2833 5588 3006 5643 codex
3041 5589 3228 5643 multis
3258 5585 3391 5641 locis
3417 5602 3544 5656 per-

267 5695 437 5749 quam
472 5694 811 5748 opportunus
852 5679 984 5733 mihi
1015 5678 1137 5734 luit.
1184 5679 1428 5734 Habebat
1457 5689 1636 5734 autent
1676 5681 1721 5734 is
1753 5695 1861 5733 non
1896 5680 2128 5732 Andreae
2169 5677 2546 5744 Caesariensis,
2598 5679 2694 5734 sed
2733 5676 2993 5732 Methodii
3030 5677 3247 5731 titulum
3285 5694 3300 5728 :
3342 5690 3539 5728 verunt

276 5768 330 5822 id
364 5771 548 5823 minus
585 5777 750 5834 ret-te,
781 5768 826 5823 si
865 5768 1083 5838 quidem
1113 5768 1492 5824 commentarii
1532 5768 1694 5837 hujus
1727 5767 2083 5832 architectus,
2111 5781 2237 5820 cum
2305 5766 2358 5819 in
2411 5765 2529 5835 ipsa
2560 5765 2880 5837 praefatione
2906 5806 2920 5829 ,
2959 5774 3069 5817 tum
3129 5763 3258 5818 alihi
3305 5777 3544 5831 persmpe

267 5855 612 5911 Methodium
642 5856 891 5912 nominat
927 5875 939 5912 :
981 5856 1351 5913 nihilominus
1381 5867 1561 5913 tamen
1598 5858 1687 5926 qui
1717 5855 2032 5912 Graecorum
2060 5857 2324 5911 librorum
2358 5855 2593 5913 iudicem
2626 5853 2884 5922 coniecit,
2921 5853 3074 5923 culpa
3108 5852 3333 5908 omnino
3367 5862 3537 5908 caret.
