4276 6438
218 370 327 433 217

1190 376 1799 442 COMMENTARIUS
1833 383 1915 443 IN
1956 389 2187 450 APOCA
2200 393 2491 455 LYPSIN.

3394 405 3501 471 2l8

221 487 427 549 πτύξαι
490 486 585 555 τὴν
620 485 715 537 τοῦ
778 486 1044 554 Θεολόγου
1106 488 1364 544 Ἰωάννου
1421 494 1817 565 Ἀποκάλυψιν,
1850 505 1892 559 Α

1806 540 1817 562 ,
1850 505 1892 559 Α
1927 515 2171 571 rogatus,
2204 517 2262 561 ut
2289 510 2400 563 divi
2426 509 2657 567 Joannis
2696 510 2958 587 Theolngi
2990 516 3358 589 Apocalypsin:
3395 538 3495 577 cx-

219 580 315 631 κα“ι
352 579 465 640 τοῖς
507 578 644 646 μετά
672 582 771 646 τὴν
798 580 969 647 αὐτῆς
1000 581 1272 636 ὀπτασίαν
1310 586 1530 653 χρόνοις
1557 589 1809 657 ἐφαρμό-

223 687 317 722 σαι
359 672 425 721 τά
472 671 949 741 προφητευθέντα,
998 675 1112 737 τοῖς
1153 675 1296 746 ὑπὲρ
1345 680 1447 747 ἐμὲ
1489 681 1814 751 ἐγχειρῆσαι

219 764 606 832 ἀνεϐαλόμην·
659 764 816 828 είδὼς
866 766 1115 837 μεγάλης
1146 768 1310 822 τοῦτο
1344 764 1487 826 εἶναι
1546 773 1812 839 διανοίας,

220 858 317 907 καὶ
346 854 469 927 [τῷ]
502 857 632 925 θείῳ
683 858 966 928 Πνεύματι
1006 863 1456 932 πεφωτισμένης,
1487 866 1595 917 τῶν
1626 884 1816 935 μυστι-

220 946 335 1009 κῶς
373 949 485 1010 τοῖς
532 948 711 1015 ἀγίοις
752 950 1086 1019 ἑωραμένων
1125 956 1183 1004 ὲν
1222 954 1298 1023 τῷ
1340 954 1592 1023 μέλλοντι
1632 957 1814 1027 χρόνῳ

223 1040 639 1107 συμϐήσεσθαι.
674 1041 952 1092 ποιεῖσθαι
981 1044 1306 1110 ἀνάπτυξιν.
1337 1047 1537 1117 Εἰ,γάρ
1566 1049 1676 1100 τῶν
1709 1065 1813 1101 παι

222 1130 399 1183 λαιῶν
430 1131 730 1202 προφητῶν
768 1135 823 1186 αἱ
859 1134 1034 1203 βίϐλοι
1071 1137 1177 1188 ὑπὸ
1207 1138 1421 1191 πολλῶν
1454 1141 1819 1210 έρμηνευθεῖ-

223 1238 345 1286 σαι,
381 1222 462 1275 ἔτι
511 1223 571 1275 τὸ
601 1222 767 1293 βάθος
811 1226 919 1277 τῶν
968 1229 1026 1279 ὲν
1079 1229 1272 1292 αὐταῖς
1320 1233 1639 1301 μυστηρίων
1681 1231 1814 1303 [τοῖς

223 1315 424 1387 πᾶσιν]
461 1316 677 1386 ἔχουσιν
709 1318 942 1371 ἀθέατον
997 1320 1127 1391 ἀχρι
1154 1322 1256 1391 τῆς
1309 1324 1527 1395 ἡμέρας
1565 1326 1809 1395 ἐκείνης,

223 1413 283 1463 ὲν
386 1412 484 1481 τῆς
522 1414 758 1485 μερικῆς
787 1416 1246 1485 καταργουμένης
1281 1417 1538 1484 γνώσεως
1569 1422 1600 1490 ἡ
1631 1421 1816 1475 τελεία

223 1503 682 1575 ἀναδειχθήσεται
708 1523 720 1537 ’
766 1507 972 1577 καίπερ
1014 1509 1084 1560 τά
1119 1509 1348 1563 πλεῖστα
1401 1514 1531 1577 περὶ
1584 1516 1684 1583 τῆς
1715 1514 1814 1567 τοῦ

229 1597 472 1665 μεγάλου
509 1597 646 1651 Θεοῦ
713 1601 806 1651 καὶ
863 1601 1119 1672 Σωτῆρος
1155 1603 1314 1673 ἡμῶν
1350 1604 1575 1675 πρώτης
1616 1608 1816 1676 ἐπιφα-

226 1689 381 1752 νείας
416 1690 753 1759 κηρύξασαι,
800 1694 848 1745 εί
900 1693 996 1745 καί
1048 1711 1172 1747 τινα
1222 1696 1436 1761 τούτοις
1487 1700 1689 1769 ἀναμὶξ
1724 1700 1819 1753 καὶ

226 1782 490 1851 περὶτῆς
522 1782 783 1854 δευτέρας
837 1784 1005 1837 αὐτοῦ
1050 1786 1357 1855 παρουσίας
1403 1790 1813 1858 κατήγγειλαν·

1918 595 2221 663 plauarem,
2274 601 2633 674 ejusdemque
2666 605 2931 662 vaticinia
2985 612 3345 680 temporibus.
3378 630 3502 684 qua:

1920 698 2044 757 post
2104 690 2249 744 illam
2300 694 2627 762 patefactam
2679 711 2976 755 consecuta
3012 710 3178 771 sunt,
3221 712 3500 777 utcunque

1917 782 2416 852 accommodarent,
2449 803 2568 855 quae
2600 791 2805 861 ingenii
2843 793 2946 846 mei
2989 808 3191 850 nervos
3221 796 3492 852 excedere

1920 876 2263 942 videbantur,
2298 881 2517 950 aggredi
2552 886 2818 941 hactenus
2872 885 2961 939 vix
3011 901 3135 942 sum
3191 904 3381 944 ausus.
3413 889 3498 944 ln-

1922 968 2230 1037 telligcbam
2260 971 2404 1024 enim
2440 976 2696 1044 mysteria
2745 978 2877 1033 viris
2928 979 3135 1033 sanctis
3172 995 3268 1049 per
3319 982 3495 1037 visum

1919 1070 2162 1123 ostensa,
2196 1077 2317 1127 quae
2368 1065 2497 1117 olim
2553 1069 2819 1135 explenda
2874 1081 3285 1140 exspectantur,
3344 1090 3499 1129 corn-

1918 1152 2082 1205 mode
2105 1153 2404 1222 explicare,
2435 1155 2809 1225 intelligentiae
2841 1176 2964 1214 esse
3000 1177 3231 1232 magnae,
3272 1166 3501 1220 mentis-

1918 1258 2027 1311 que
2087 1245 2274 1299 diviuo
2344 1246 2554 1315 Spiritu
2625 1247 2770 1303 haud
2841 1251 3139 1320 vulgariter
3192 1254 3498 1311 illustrataa.

1922 1335 2215 1391 Enimvero
2244 1337 2291 1391 si
2315 1347 2563 1393 veterum
2600 1342 2990 1411 prophetarum
3033 1344 3185 1407 libri.
3219 1350 3438 1404 tametsi
3471 1366 3502 1404 a

1919 1443 2084 1498 quam
2113 1428 2363 1497 plurimis
2388 1430 2501 1498 jam
2525 1433 2660 1487 olim
2682 1434 2976 1503 explanati,
3002 1450 3499 1507 sacramentorum,

1917 1532 2042 1586 qua
2067 1518 2120 1571 in
2151 1518 2283 1587 ipsis
2312 1520 2500 1587 latent,
2543 1523 2978 1591 profunditatem
3024 1530 3331 1586 etiamnum
3396 1535 3495 1589 ab-

1917 1610 2088 1665 ditam
2149 1610 2354 1667 habent
2396 1613 2783 1687 habebantque
2829 1634 3003 1690 usque
3055 1623 3123 1675 ad
3159 1622 3303 1679 diem
3350 1623 3501 1679 illum

1920 1714 2052 1769 quo,
2083 1701 2312 1756 scientia
2352 1718 2473 1772 quae
2504 1719 2571 1760 ex
2633 1716 2788 1776 parte
2828 1719 2931 1775 est,
2960 1711 3257 1778 destructa,
3294 1730 3355 1769 ea
3385 1731 3506 1785 qua:

1923 1790 2163 1859 perfecta
2209 1802 2293 1846 est
2333 1796 2589 1849 succedet
2628 1815 2640 1851 :
2674 1809 2816 1863 esto,
2860 1801 3084 1857 interim
3145 1805 3322 1875 major
3378 1807 3505 1861 illo-

226 1873 345 1935 πῶς
402 1874 469 1927 ἄν
503 1891 585 1937 τις
635 1876 697 1926 οὐ
744 1875 1015 1947 τολμηρὸς
1070 1877 1438 1948 δειχθήσεται,
1474 1857 1818 1952 προφητικοῦ
1856 1857 1895 1912 Β

1812 1882 1818 1932 i
1856 1857 1895 1912 Β
1926 1857 2045 1938 rum
2074 1899 2202 1954 pars
2230 1885 2297 1940 tle
2322 1887 2499 1956 primo
2529 1892 2709 1960 magni
2746 1857 2836 1946 Dei
2868 1902 2923 1948 et
2972 1857 3282 1954 Salvatoris
3300 1857 3501 1956 nostri

227 1963 333 2032 μὲν
364 1964 636 2033 ἀμέτοχος
691 1964 765 2017 ὢν
800 1966 1144 2035 Πνεύματος,
1179 1970 1447 2040 ἐγχειρῶν
1492 1971 1550 2024 δὲ
1588 1972 1820 2036 ἐκείνοις

222 2050 300 2107 ὧν
332 2056 488 2110 οὔπω
520 2058 579 2110 τὸ
604 2057 759 2122 τέλος
796 2061 1090 2127 τεθέαται;
1128 2064 1272 2117 Ἀλλ’
1303 2054 1426 2119 ἐ.πεῖ
1458 2067 1678 2138 ὑπακοὴ
1713 2069 1815 2138 μὲν

223 2150 367 2219 ὑπὲρ
397 2152 589 2203 θυσίαν
622 2152 827 2223 ἀγαθὴ,
861 2156 892 2224 ἡ
924 2155 979 2207 δὲ
1028 2157 1183 2221 ἐλπὶς
1218 2158 1279 2210 ού
1316 2161 1694 2231 καταισχύνει,
1720 2163 1817 2215 καὶ

221 2240 255 2307 η
310 2239 500 2309 ἀγάπη
534 2241 593 2292 οὐ
640 2242 861 2306 πίπτει,
916 2248 1058 2299 κατά
1098 2247 1189 2300 τὸν
1240 2249 1602 2304 Ἀπόστολον’
1646 2253 1818 2325 ταύτῃ

224 2333 616 2403 συνδεδεμένος
658 2338 723 2406 τῇ
789 2337 1069 2409 θεαρέστῳ
1104 2358 1194 2393 σου
1234 2341 1409 2413 ψυχῇ,
1455 2337 1499 2396 ὦ
1537 2345 1815 2417 Μακάριε,

221 2424 466 2490 ἐλπίζων
504 2444 561 2480 τε
598 2428 668 2480 δι’
698 2430 868 2498 αὐτῆς
899 2432 999 2501 τήν
1028 2450 1087 2485 τε
1116 2435 1224 2486 τῶν
1266 2436 1649 2505 ἐλλειμμάτων
1680 2441 1810 2493 ἀνα-

221 2515 534 2586 πλήρωσιν,
552 2520 645 2573 τόν
665 2538 724 2573 τε
758 2524 853 2591 τῆς
883 2524 1132 2593 ὑπακοῆς
1160 2526 1375 2594 μισθὸν,
1402 2530 1467 2599 ἢν
1495 2527 1640 2600 [τῆς]
1669 2532 1812 2595 ἀγά-

220 2624 333 2679 πης
355 2604 475 2662 οἶδα
511 2614 744 2683 καρπὸν,
796 2616 857 2668 τὸ
891 2618 1185 2687 ἐπιταχθὲν
1213 2620 1271 2670 ὲν
1300 2620 1467 2691 ὀλίγῳ
1513 2621 1807 2692 πληρώσω,

223 2702 324 2754 σὺν
351 2702 472 2773 Θεῷ
500 2704 578 2773 τῷ
616 2708 911 2775 σοιρίζοντι.

1921 1976 2155 2030 adventu
2222 1979 2583 2035 concionetur
2632 1984 2782 2052 (nam
2855 1988 3106 2055 quadam
3171 2006 3389 2062 quoque
3437 1996 3506 2047 de

1922 2070 2166 2122 secundo
2193 2070 2441 2139 ejusdem
2477 2074 2712 2130 adventu
2742 2076 2947 2137 alicubi
2999 2079 3259 2138 interseri
3312 2085 3499 2154 negari

1928 2177 2036 2214 non
2065 2162 2245 2231 debet)
2273 2182 2287 2231 ;
2319 2167 2597 2234 quomodo
2649 2171 2695 2224 is
2738 2171 2914 2227 audax
2948 2189 3059 2228 non
3083 2176 3373 2241 habeatur,
3410 2170 3529 2246 qui'

1927 2254 2231 2324 prophetici
2257 2257 2481 2325 spiritus
2505 2274 2722 2323 exsors,
2753 2263 2846 2318 illa
2886 2263 3234 2335 interpretari
3254 2267 3508 2339 aggredi—

1927 2356 2015 2400 tur
2041 2361 2277 2416 quorum
2328 2358 2559 2405 eventus
2613 2352 2847 2407 necdum
2882 2354 3031 2410 clare
3088 2356 3385 2411 cernitur?
3434 2356 3507 2413 At

1924 2438 2052 2506 quia
2076 2437 2444 2493 obedientiam
2476 2440 2714 2497 victimis
2732 2453 2997 2513 prestare
3016 2448 3281 2517 scriptum
3302 2459 3505 2517 exstat,

1921 2545 2156 2598 spesque
2192 2532 2494 2585 secundum
2526 2535 2839 2603 apostolum
2890 2552 3001 2591 non
3055 2539 3366 2605 confundit,
3402 2557 3501 2595 ue-

1921 2638 2028 2693 que
2057 2622 2320 2687 charitas,
2378 2638 2484 2693 qua
2540 2625 2740 2681 anima:
2772 2638 2878 2682 tuae
2918 2629 3113 2685 intime
3178 2632 3508 2701 conjunctus

1923 2730 2066 2778 sum,
2103 2731 2344 2785 unquam
2379 2716 2604 2780 excidit,
2637 2716 2755 2783 Dei,
2782 2719 2877 2789 qui
2895 2721 3225 2791 sapientiam
3249 2724 3502 2793 largitur,

219 2806 325 2862 Ope
363 2792 557 2859 frctus,
593 2814 795 2855 munus
829 2802 925 2855 abs
967 2809 1017 2856 te
1052 2803 1183 2857 mihi
1241 2804 1574 2871 injunctum,
1605 2805 1829 2870 Macari,
1870 2818 1927 2861 ut
1958 2815 2149 2876 potero
2194 2808 2419 2875 explere
2472 2810 2738 2863 conabor.
2770 2809 3102 2868 Persuasum
3134 2815 3281 2867 etiim
3306 2792 3502 2877 habeo,

220 2886 270 2940 si
305 2890 399 2955 qui
429 2892 568 2944 inter
622 2895 1103 2949 conuuentandum
1179 2897 1424 2953 ἀείροιυε
1490 2900 1813 2965 acciderint,
1852 2915 1947 2954 eos
2004 2910 2054 2954 te
2083 2915 2183 2969 pro
2210 2909 2301 2954 tua
2335 2900 2611 2955 charitate
2654 2910 2709 2957 et
2760 2905 3069 2960 eruditione
3086 2907 3347 2962 benevole
3374 2920 3507 2961 eor-

224 2993 527 3047 rccturum,
587 2986 1025 3057 mercedemque,
1080 3005 1243 3058 quam
1296 2989 1627 3054 obedientia,
1671 3007 1795 3060 quae
1855 3007 1921 3046 ex
1978 2993 2244 3047 charitate
2301 2993 2497 3058 oritur,
2538 2993 2660 3064 jure
2689 3007 3053 3067 promeretur,
3088 2999 3233 3054 haud
3264 2999 3506 3054 illibera-

224 3075 350 3127 liter
386 3076 814 3144 persoluturum.

300 3165 528 3233 Πρῶτον
559 3168 659 3237 μὲν
688 3168 805 3231 οὖν,
833 3170 908 3229 ὡς
944 3167 1101 3225 οἶσθα
1146 3176 1242 3228 καὶ
1290 3177 1474 3241 αὐτὸς,
1515 3178 1667 3231 πάσα
1696 3177 1817 3229 θεό-
1847 3185 1891 3245 C

1808 3208 1817 3220 .
1847 3185 1891 3245 ρ
1995 3173 2238 3229 Primum
2270 3175 2457 3245 igitur,
2487 3184 2546 3229 ut
2579 3184 2635 3231 tu
2693 3176 2810 3247 ipse
2838 3192 3063 3248 quoque
3094 3195 3202 3233 non
3253 3179 3497 3250 ignoras,

225 3272 499 3320 πνευστος
544 3259 763 3330 Γραφὴ,
797 3264 891 3315 ἀτε
932 3271 1183 3334 τριμερεί
1209 3268 1288 3337 τῷ
1321 3268 1594 3339 ἀνθρώπῳ
1634 3271 1813 3339 ὑπάρ-

222 3366 398 3416 χοντι,
437 3353 709 3423 τριμερὴς
747 3357 811 3407 ἐκ
843 3356 943 3424 τῆς
990 3357 1138 3420 θείας
1194 3358 1493 3432 δεδώρηται
1548 3364 1768 3433 χάριτος
1794 3380 1809 3394 ο

226 3439 325 3490 καὶ
375 3442 580 3511 ταύτης
633 3438 745 3496 οἷόν
784 3462 836 3497 τι
874 3447 1035 3516 σῶμα
1072 3449 1133 3500 τὸ
1188 3450 1426 3521 γράμμα
1478 3455 1574 3506 καὶ
1620 3456 1653 3523 ἡ
1686 3454 1809 3506 κατ’

222 3530 480 3599 αἴσθησιν
512 3536 720 3605 ἱστορία
746 3538 1089 3609 καθέστηκεν
1112 3559 1124 3571 ·
1153 3544 1318 3596 οἱονεὶ
1347 3544 1402 3597 δὲ
1432 3544 1600 3616 ψυχὴ,
1632 3548 1814 3617 ήτρο-

222 3625 477 3692 πολογία,
522 3627 579 3693 ἐξ
611 3628 884 3697 αἰσθητῶν
932 3632 1028 3684 ἐπὶ
1055 3633 1124 3686 τὰ
1156 3634 1325 3705 νοητά
1362 3636 1677 3704 ποδηγοῦσα
1716 3636 1810 3689 τὸν

222 3715 674 3782 ἀναγινώσκοντα
698 3736 709 3748 ·
740 3720 994 3792 καθά’περ
1015 3723 1072 3776 δὲ
1095 3724 1334 3796 πνεῦμα,
1377 3728 1408 3796 ἡ
1442 3728 1552 3779 τῶν
1583 3728 1813 3797 μελλόν-

220 3827 331 3861 των
366 3811 461 3863 xui.
499 3811 845 3883 ὑψηλοτέρων
873 3815 1137 3887 ἀναγωγὴ
1164 3820 1260 3870 καὶ
1292 3818 1495 3889 θεωρία
1519 3821 1764 3890 πέφηνεν
1796 3838 1809 3853 ·

220 3903 296 3962 ὡς
326 3902 425 3971 τὴν
461 3904 562 3970 μὲν
622 3905 872 3973 πρώτην,
934 3907 1165 3976 πρέπειν
1196 3912 1309 3973 τοῖς
1346 3912 1411 3962 ὲκ
1444 3908 1585 3980 [τοῦ]
1642 3912 1809 3981 νόμον

222 3996 769 4067 παιδαγωγουμένοις
792 4017 808 4031 ο
843 4000 943 4071 τὴν
980 4002 1037 4053 δὲ
1056 4002 1342 4074 δευτέραν,
1380 4006 1490 4068 τοῖς
1521 4007 1811 4057 πολιτευο-

225 4088 411 4153 μένοις
450 4089 507 4139 ἐν
536 4090 717 4159 χάριτι
738 4107 751 4120 °
794 4090 891 4161 τὴν
927 4092 983 4145 δὲ
1013 4093 1231 4164 τρίτην,
1256 4097 1321 4163 τῇ
1352 4095 1599 4165 μακαρίᾳ
1637 4095 1810 4166 λήξει,

221 4180 278 4225 ἐν
381 4179 443 4228 τὸ
482 4180 695 4248 πνεῦμα
732 4180 1450 4251 βασιλεύει,ὑποταγέντων
1490 4186 1643 4252 αύτῷ
1676 4190 1813 4238 πάν-

220 4286 329 4318 των
363 4268 472 4320 τῶν
511 4273 785 4339 σαρκικῶν
820 4274 1097 4342 λογισμῶν
1141 4291 1201 4327 τε
1248 4277 1342 4327 καὶ
1376 4281 1668 4347 κινήσεων.
1699 4278 1811 4330 Καὶ

219 4361 281 4411 τὸ
323 4359 423 4426 μὲν
464 4361 752 4431 πρότερον,
796 4365 1062 4433 ἱστορίαις
1105 4365 1449 4435 πραγμάτων
1494 4367 1595 4437 ήδη
1646 4385 1807 4435 γεγε-

220 4452 477 4516 νημένων
536 4454 871 4522 ὲφήρμοζεν,
919 4457 968 4505 εἰ
1026 4457 1270 4519 καὶτοῖς
1328 4458 1666 4529 προδρόμοις
1707 4461 1806 4527 τῆς

1922 3265 2179 3320 universa
2201 3266 2485 3335 Scriptura
2510 3267 2774 3321 divinitus
2802 3267 3089 3337 inspirata,
3116 3285 3245 3340 qua
3267 3272 3498 3337 homini,

1918 3360 2009 3428 qui
2040 3375 2105 3413 ex
2139 3360 2317 3415 tribus
2346 3360 2624 3415 distinctis
2648 3362 2894 3429 partibus
2916 3362 3209 3425 conﬂatur,
3234 3381 3341 3419 non
3370 3367 3501 3420 abs-

1919 3466 2027 3519 que
2051 3452 2313 3520 singulari
2366 3452 2456 3506 Dei
2497 3454 2763 3507 beneficio
2822 3454 3041 3523 obtigit,
3086 3456 3354 3525 tripartita
3394 3468 3495 3514 est.

1917 3541 2091 3609 llujus
2115 3542 2277 3597 veluti
2301 3557 2503 3611 corpus
2527 3553 2610 3597 est
2632 3544 2833 3607 littera,
2856 3555 3192 3616 externaque
3222 3547 3449 3603 historia
3481 3572 3495 3606 :

1916 3632 2112 3686 Anima
2164 3648 2312 3700 vero,
2357 3635 2661 3704 Impologia
2716 3652 2729 3689 :
2785 3635 2899 3689 haec
2933 3636 3078 3690 enim
3138 3653 3233 3707 per
3266 3654 3328 3693 ea
3378 3658 3502 3711 qua:

1918 3727 2022 3780 sub
2059 3742 2280 3781 sensum
2322 3728 2568 3789 veniunt,
2603 3726 2669 3781 ad
2715 3727 2803 3781 illa
2835 3728 3055 3783 deducit
3083 3729 3342 3785 let-torem
3380 3748 3501 3799 qua:

1917 3829 2098 3873 mente
2118 3827 2326 3873 tantum
2358 3818 2808 3887 conspiciuntur:
2841 3818 3084 3887 Spiritus
3106 3832 3288 3879 autem
3317 3825 3497 3877 locum

1916 3924 2177 3978 anagoge,
2212 3911 2315 3963 hoc
2346 3920 2427 3963 est
2454 3924 2635 3963 rerum
2681 3908 2993 3966 futurarum
3013 3913 3442 3983 longissimeque
3470 3930 3500 3968 a

1915 4016 2079 4055 sensu
2139 4004 2438 4070 positarum
2489 4003 2721 4065 theoria,
2764 4004 2867 4058 sibi
2931 4005 3193 4059 vindicat.
3249 4005 3496 4061 Primum

1914 4108 2087 4162 genus
2145 4092 2198 4146 in
2226 4094 2346 4147 illos
2392 4096 2665 4163 praecipue
2717 4096 2994 4158 convenit,
3031 4112 3267 4165 quorum
3318 4100 3499 4166 panda-

1915 4201 2084 4255 gogns
2115 4186 2200 4239 lex
2237 4196 2393 4252 erat;
2430 4187 2482 4255 2
2518 4187 2848 4251 secundum,
2884 4187 2937 4240 in
2974 4203 3069 4241 eos
3117 4187 3212 4256 qui
3247 4188 3349 4241 sub
3382 4190 3500 4257 lege

1916 4279 2104 4347 gratiae
2143 4285 2194 4331 et
2231 4278 2521 4332 charitatis
2581 4287 2795 4332 aetatem
2858 4288 3067 4350 agunt;
3118 4280 3377 4344 tertium,
3437 4280 3490 4334 in

1915 4370 2165 4424 homines
2196 4370 2345 4423 vitali
2383 4372 2484 4424 hac
2506 4371 2628 4425 luce
2661 4368 2892 4424 feliciter
2922 4368 3265 4439 perfunctos,
3290 4372 3345 4425 in
3370 4371 3497 4440 qui-

1918 4461 2018 4513 bus
2048 4459 2228 4514 carnis
2259 4476 2422 4514 sensu
2454 4468 2717 4529 motuque
2748 4459 2987 4529 perfecte
3012 4459 3125 4527 jam
3176 4460 3493 4529 subjugato,

219 4540 485 4608 ἀληθείας
511 4543 705 4607 τύποις
727 4546 789 4597 οὐ
825 4546 1039 4615 μικρῶς
1084 4549 1177 4600 καὶ
1202 4548 1330 4601 αὐτὸ
1357 4547 1677 4621 [πολλαχοῦ]
1711 4568 1803 4603 κε·
1831 4543 1884 4601 D

1799 4580 1803 4590 -
1831 4543 1884 4601 D
1911 4550 2060 4605 solus
2090 4551 2313 4619 spiritus
2354 4566 2578 4620 regnum
2610 4552 2838 4605 obtinet.
2891 4549 3135 4603 Primum
3184 4551 3365 4606 denuo
3402 4569 3488 4607 re-

220 4634 600 4688 καλλώπισται
623 4652 636 4664 ’
668 4638 728 4689 τὸ
755 4638 809 4690 δὲ
840 4638 1123 4709 δεύτερον,
1162 4646 1279 4703 ταῖς
1312 4658 1371 4693 τε
1406 4646 1807 4712 παροιμιακαῖς

219 4723 605 4792 παραινέσεσι,
666 4727 759 4780 καὶ
817 4729 1031 4799 ἑτέροις
1091 4730 1357 4795 τοιούτοις
1406 4733 1809 4797 διδασκαλικοῖς

218 4817 446 4885 ἤθεσιν·
480 4812 613 4882 οἷον,
651 4821 940 4876 Ἀκανθαι
992 4825 1248 4890 φύονται
1277 4826 1349 4877 ἐν
1389 4827 1539 4895 χειρί
1573 4827 1678 4881 τοῦ
1698 4846 1809 4896 με-

220 4910 417 4961 Οὐσου
436 4926 448 4936 ·
472 4910 585 4973 καὶ,
615 4914 1004 4979 Αίσχύνθητι,
1029 4917 1184 4983 φησὶ,
1209 4915 1416 4981 Σιδὼν,
1441 4914 1610 4971 εἶπεν
1634 4919 1673 4985 ἡ
1702 4920 1806 4975 θά-

216 5005 453 5060 λασσα,
488 5004 578 5054 καὶ
610 5002 676 5055 τὰ
707 5004 918 5067 τούτοις
956 5006 1139 5075 ὃμοια,
1175 5008 1249 5061 Τὸ
1277 5008 1335 5061 δὲ
1371 5012 1577 5078 τρίτον,
1602 5011 1804 5083 δηλαδὴ

217 5092 281 5142 τὸ
328 5094 723 5161 πνευματικὸν,
773 5097 831 5147 ὲν
883 5098 950 5166 τῇ
986 5096 1361 5167 Ἀποκαλύψει
1418 5099 1652 5168 μάλιστα
1708 5100 1803 5153 τοῦ

218 5184 485 5251 Θεολόγου
513 5186 705 5255 ἀνδρὸς
735 5186 1031 5253 πλεονάζον
1063 5191 1405 5260 εὑρίσκεται,
1438 5194 1677 5262 δαψιλῶς
1707 5194 1805 5263 μὲν

220 5279 320 5329 σὺν
344 5277 422 5345 τῷ
456 5280 833 5351 τροπολογικῷ
867 5282 968 5352 ήδη
997 5286 1089 5335 καὶ
1119 5283 1197 5353 τῷ
1230 5286 1509 5355 ἱστορικῷ,
1551 5288 1661 5339 κάν
1693 5290 1807 5348 τοῖς

217 5368 401 5431 ἄλλοις
428 5373 738 5440 προφήταις
768 5371 1047 5443 δρώμενον
1074 5392 1088 5406 ο
1125 5378 1183 5428 ὲν
1212 5378 1387 5449 τούτῳ
1414 5379 1472 5431 δὲ
1513 5379 1809 5443 πλεονάζον

224 5462 484 5530 μάλιστα,
534 5462 629 5517 ἆτε
697 5469 809 5528 τοῖς
868 5466 1226 5538 τελειοτέροις
1280 5475 1409 5542 περὶ
1450 5472 1551 5544 τὴν
1600 5473 1807 5539 γνῶσιν

217 5553 406 5607 θεόθεν
449 5556 739 5609 κελευσθὲν
767 5558 1213 5628 διαγγέλλεσθαι.
1243 5566 1334 5616 Διὸ
1363 5567 1456 5619 καὶ
1488 5568 1669 5638 ἡμεῖς,
1704 5567 1802 5636 οὐχ

223 5645 292 5710 ὥς
318 5648 387 5701 τά
413 5647 552 5719 βάθη
589 5651 982 5721 κατειληερότες
1007 5648 1101 5707 τοῦ
1134 5658 1194 5708 ἐν
1225 5657 1376 5728 αὑτῴ
1399 5659 1789 5731 κεκρυμμένου

283 5825 305 5858 ⁸
334 5825 497 5882 Prov.
533 5844 676 5892 χχι-ι,
711 5834 762 5883 υ.
841 5836 857 5861 ¹
885 5831 985 5887 lsa.
1028 5850 1181 5899 χχιιι,
1215 5833 1267 5890 ί.

1917 4656 2038 4694 rum
2069 4642 2275 4695 dudum
2326 4651 2454 4698 ante
2491 4646 2787 4713 gestarum
2820 4643 3218 4713 expositionem
3252 4645 3495 4714 comp'e-

1914 4735 2078 4789 ctitur
2104 4750 2118 4799 ;
2146 4734 2247 4788 etsi
2270 4734 2375 4789 hoc
2398 4735 2574 4805 ipsum
2596 4750 2816 4805 quoque
2837 4738 2978 4807 typis
2998 4738 3278 4793 veritatem
3300 4737 3495 4791 adum-

1916 4826 2220 4889 brantibus,
2273 4826 2462 4881 multis
2512 4831 2715 4897 passim
2772 4828 2908 4882 locis
2956 4844 3065 4883 non
3140 4829 3495 4889 mediocriter

1912 4929 2228 4974 exornetur.
2256 4918 2567 4975 Secundum
2590 4961 2605 4985 ,
2640 4920 3073 4991 proverbialibus
3120 4921 3490 4990 paraancsibus

1915 5012 2313 5081 sententiisque
2335 5012 2641 5067 moralibus
2672 5013 2938 5082 majorem
2986 5024 3197 5083 partem
3246 5021 3494 5072 constat.

1911 5100 2232 5171 Cujusmodi
2266 5103 2408 5157 inter
2436 5113 2664 5160 caeteras
2694 5114 2823 5161 sunt
2854 5107 2970 5159 ista:
2997 5122 3011 5158 :
3047 5104 3229 5174 Spina:
3257 5121 3491 5159 nascun-

1915 5202 2001 5245 tur
2031 5194 2083 5246 in
2108 5209 2267 5246 manu
2298 5193 2571 5249 temulenti
2586 5197 2599 5225 '
2629 5212 2645 5261 ;
2674 5194 2957 5263 Erubesce,
2972 5194 3161 5258 Sidon.
3180 5197 3257 5251 ait
3277 5212 3426 5250 mare
3447 5198 3493 5263 ',

1915 5287 2144 5355 aliaque
2188 5286 2338 5342 hisce
2380 5288 2612 5343 similes.
2644 5287 2914 5354 Tertium,
2946 5304 3142 5357 nempe
3195 5291 3486 5360 mysticum

1912 5379 1996 5432 vel
2028 5378 2409 5449 anagogicum,
2431 5380 2486 5435 in
2519 5378 2845 5451 Apocalypsi
2869 5378 3101 5434 Joannis
3130 5378 3390 5451 Theologi
3423 5390 3481 5434 et

1909 5472 2140 5541 apostoli
2189 5473 2429 5527 maxime
2480 5472 2763 5526 exuberat.
2798 5468 2933 5524 Nam
2994 5472 3119 5526 licet
3164 5487 3406 5541 anagoge
3437 5480 3484 5526 el

1908 5566 2134 5635 spiritus
2160 5566 2321 5620 simul
2350 5582 2474 5622 cum
2496 5566 2719 5621 historia
2750 5574 2805 5620 et
2836 5565 3141 5636 tropologia
3167 5566 3219 5618 in
3250 5564 3489 5620 aliorum

1904 5674 2123 5730 quoque
2151 5657 2541 5729 prophetarum
2596 5656 2753 5713 libris
2796 5654 3112 5727 frequenter
3154 5664 3481 5723 occurrunt,
