4276 6438
707 295 815 358 219

1876 295 2206 357 ΑΝΒΒΕιἘ
2237 295 2762 358 C/ESARIENSIS

3871 299 3983 361 220

707 410 760 461 in
819 408 921 461 hoc
956 416 1137 462 tamen
1184 422 1350 478 opere
1385 417 1692 478 utrumque
1737 409 1999 478 peculiari
2056 408 2294 479 quadam
2328 419 2371 473 Α

2347 419 2371 473 ι
2402 410 2742 479 Πνεύματος,
2773 409 2872 481 τὴν
2901 410 3013 463 τῶν
3046 409 3383 481 ἑωραμένων
3412 409 3492 480 τῷ
3537 410 3798 482 μακαρίῳ
3829 409 3989 482 [Θεο⁸
4034 449 4036 451 -

705 498 920 552 ratione
962 500 1239 564 exundat;
1273 501 1475 570 quippe
1510 502 1658 571 quod
1713 516 1819 555 non
1844 500 2161 570 quiliusx'ts,
2191 501 2287 556 sed

706 591 1060 646 cumulatiori
1096 607 1277 646 rerum
1320 592 1628 647 divinarum
1679 593 1876 647 notitia
1916 592 2288 663 locupletatis,

705 683 850 739 Deus
883 683 1006 754 Opt.
1028 683 1168 739 Max.
1190 684 1421 754 proponi
1439 695 1493 739 et
1511 684 1794 754 pranlicari
1815 685 2066 740 voluerit.
2085 683 2294 751 Quamv

707 779 896 833 obrem
935 792 1136 846 scopus
1174 776 1278 832 hoc
1310 778 1429 832 loco
1481 777 1638 832 nobis
1688 778 2005 848 propositus
2042 793 2152 833 non
2184 784 2289 842 est,

705 872 773 924 de
805 869 1026 925 arcanis
1054 870 1162 925 illis
1191 869 1464 941 mysteriis
1489 879 1696 925 certam
1721 871 1969 942 aliquam.
1989 879 2044 925 et
2069 869 2292 924 absolu-

705 971 812 1014 tam
855 962 1186 1015 sententiam
1228 960 1495 1028 proferre,
1534 962 1692 1030 quasi
1741 977 1841 1017 nos
1891 961 2142 1030 spiritus,
2195 960 2290 1029 qui

704 1055 792 1106 llic
812 1053 1052 1118 abditur,
1082 1052 1351 1119 profunda
1368 1056 1605 1109 assecuti
1633 1056 1844 1120 simus;
1876 1055 1974 1109 sed
2006 1053 2071 1108 de
2095 1069 2293 1130 earum

706 1160 886 1200 rerum
940 1162 1126 1207 sensu.
1164 1161 1287 1215 quae
1343 1147 1502 1201 beato
1558 1148 1632 1201 illi
1685 1147 1962 1217 Theologo
2011 1147 2295 1217 patefacta

707 1237 953 1301 luerunt,
1005 1238 1284 1307 specimen
1319 1239 1580 1293 exhibere
1634 1239 1854 1308 aliquod
1883 1247 2095 1293 tantum
2143 1239 2292 1310 (nam

706 1331 887 1384 omnia
923 1331 1224 1385 secundum
1267 1331 1470 1386 nudam
1511 1331 1704 1387 litterae
1737 1331 2087 1400 superﬁciem
2117 1331 2290 1385 inter-

2396 501 2563 575 λόγῳ]
2591 500 3247 573 ἀνάπτυξιν-ποιούμεθα.
3279 502 3417 556 θῦτε
3449 501 3506 555 δὲ
3533 503 3713 557 πάντα
3742 504 3888 556 κατὰ
3916 503 3984 556 τὸ

2394 593 2636 664 γράμμα
2679 593 2878 663 νοῆσαι
2903 593 3220 664 τολμῶμεν,
3257 593 3289 665 ἢ
3323 594 3591 664 περὶτῶν
3644 594 3987 665 ἐστοχασμέ-

2387 703 2495 740 νων
2529 687 2663 756 ἡμῖν
2697 686 3163 756 ἀποφαινόμεθα·
3203 685 3428 750 ἀλλ’·ὡς
3457 686 3772 757 γυμνασίαν
3803 685 3883 756 τῷ
3906 684 3985 757 νῷ

2391 779 2528 849 πρὸς
2576 777 2898 848 ὲντρέχειαν
2938 780 3307 850 παρεχόμενοι
3351 783 3448 832 καὶ
3495 779 3607 832 τῶν
3639 778 3738 848 μὲν
3772 777 3986 848 παρόν-

2395 890 2526 933 των,
2558 871 2653 926 ἅτε
2673 873 3120 944 παραρρεόντων,
3148 872 3562 943 καταφρόνησιν
3584 885 3598 900 ⁶
3632 872 3741 924 τῶν
3765 870 3822 924 δὲ
3853 868 3990 940 μελ-

2399 965 2620 1028 λόντων,
2652 962 2747 1018 an
2782 964 3075 1035 μενόντων,
3103 965 3433 1035 ἐπιπόθησιν
3458 981 3471 994 ⁸
3494 963 3597 1034 τὴν
3616 962 3823 1034 ἀκριδῆ
3855 959 3988 1014 τού-

2399 1073 2509 1108 των
2563 1055 2777 1122 γνῶσιν
2819 1059 2890 1127 τῇ
2924 1056 3046 1127 θείᾳ
3085 1056 3251 1128 cocpiq.
3307 1055 3729 1119 καταλιπόντες,
3786 1055 3853 1123 τῇ
3888 1053 3988 1105 καὶ

2400 1148 2527 1211 τοὺς
2562 1146 2791 1218 χρόνους
2846 1147 3212 1220 ἐπισταμένῃ,
3264 1147 3388 1202 καθ’
3432 1146 3528 1211 οὓς
3562 1146 3632 1201 τὰ
3665 1162 3990 1218 προφητευ-

2401 1238 2564 1292 θέντα
2610 1240 2934 1308 γενήσεται·
2972 1238 3068 1304 οὓς
3093 1238 3279 1310 ζητεῖν
3319 1241 3455 1312 ἡμῖν
3483 1238 3573 1294 διὰ
3597 1237 3707 1292 τῶν
3744 1235 3988 1292 ἀποστό-

2401 1330 2509 1383 λων
2541 1330 2943 1400 ἀπηγόρευται.

707 1423 930 1488 prelari,
968 1437 1143 1492 neque
1188 1425 1458 1479 audemus
1498 1440 1674 1494 neque
1718 1423 1800 1480 fas
1866 1439 1989 1480 esse
2022 1422 2322 1493 ducimus),
2363 1437 2534 1492 eaque
2593 1424 2806 1478 ratione
2845 1423 3070 1479 lectoris
3115 1422 3283 1480 menti
3329 1422 3397 1476 ad
3447 1420 3853 1492 diligentiorem
3895 1417 3989 1472 in-

706 1515 1101 1583 quisitionem,
1163 1518 1558 1586 industriaque
1625 1519 2099 1579 exercitationem,
2162 1516 2600 1587 qualemcunque
2657 1532 2848 1572 ansam
2900 1515 3130 1581 oﬂerrc;
3193 1531 3405 1571 necnon
3459 1514 3711 1569 eamdem
3773 1511 3842 1566 ad
3899 1525 3990 1564 re—

709 1622 828 1659 rum
859 1608 1229 1676 pra-sentiunt,
1264 1625 1387 1678 qum
1436 1621 1631 1665 natura
1704 1627 1806 1667 sua
1868 1611 2028 1667 ﬂuxa:
2053 1621 2221 1681 atque
2292 1610 2513 1666 caduca
2539 1622 2691 1674 sunt,
2724 1609 3160 1681 despicientiam,
3221 1609 3644 1678 futurorumque
3691 1606 3987 1668 bonorum,

708 1717 828 1771 qtt:e
866 1715 1070 1757 aeterna
1132 1715 1297 1773 atque
1335 1706 1551 1761 stabilia
1615 1708 1907 1774 habentur,
1959 1709 2296 1764 desiderium
2354 1708 2543 1777 aliquo
2570 1707 2734 1762 modo
2784 1707 3045 1764 excitare.
3107 1708 3175 1763 At
3200 1722 3327 1762 vero
3375 1714 3621 1760 exactam
3669 1711 3992 1771 certamque

710 1798 904 1850 borum
928 1797 1170 1852 omnium
1192 1800 1440 1855 notitiam
1466 1813 1521 1856 et
1547 1803 2078 1873 interpretationem,
2134 1804 2332 1858 divinae
2385 1804 2666 1872 sapientia:
2721 1804 2950 1859 libenter
2991 1804 3377 1874 relinquimus.
3409 1801 3536 1857 llaec
3581 1815 3690 1854 una
3721 1799 3868 1854 enim
3903 1804 3992 1851 est

709 1900 829 1954 qua:
858 1898 911 1942 et
968 1897 1210 1960 tempora
1243 1900 1298 1946 et
1331 1904 1627 1959 momenta,
1680 1896 1907 1964 quando
1939 1895 2060 1949 libri
2128 1895 2291 1964 hujus
2349 1895 2573 1948 oracula
2597 1904 2808 1950 certum
2868 1895 3076 1950 exitum
3132 1895 3433 1950 sortientur
3481 1890 3754 1961 exquisite
3798 1888 3988 1953 novit;

711 1985 764 2038 in
796 2002 918 2056 quae
971 1988 1140 2042 etiam
1184 1998 1428 2059 tempora
1503 2001 1564 2046 et
1613 2003 1911 2057 momenta,
1974 2008 2049 2047 ne
2085 1991 2361 2048 curiosius
2427 1991 2868 2063 inquireremus,
2952 2006 3049 2063 per
3117 1987 3398 2060 apostolos
3468 1985 3631 2040 nobis
3694 1982 3989 2037 inhibitum

713 2077 906 2132 voluit.

780 2169 1051 2229 Caat'erum
1104 2177 1372 2247 quidquid
1415 2178 1506 2234 hic
1560 2179 1916 2246 tentavimus,
1971 2181 2081 2236 hoc
2121 2189 2300 2236 totum
2332 2185 2379 2244 B

2332 2185 2379 2244 B
2477 2180 2556 2234 Δι’
2585 2179 2838 2249 ὑπακοὴν
2862 2177 2956 2232 οῦν
2982 2176 3144 2231 τοῦτο
3165 2175 3534 2248 πεπράχαμεν
3552 2187 3567 2202 '
3599 2171 3865 2235 διελόντες
3891 2169 3994 2240 τὴν

711 2267 832 2322 solo
862 2270 1201 2339 obsequendi
1250 2273 1436 2328 studio
1477 2274 1836 2338 tenta-vimus.
1882 2273 2078 2329 Partiti
2117 2286 2301 2330 autem

715 2374 957 2427 prasens
984 2360 1087 2415 hoc
1121 2375 1262 2431 opus
1316 2379 1516 2419 sumus
1574 2363 1629 2418 in
1666 2365 1856 2434 viginti
1911 2375 2151 2435 quatuor
2187 2383 2306 2422 ser-

715 2469 925 2513 mones,
959 2463 1016 2508 et
1060 2454 1175 2508 duo
1209 2471 1374 2525 supra
1430 2458 1772 2528 septuaginta
1829 2459 2034 2528 capita,
2084 2467 2306 2528 propter

715 2545 1047 2614 tripartitam
1082 2547 1270 2616 viginti
1303 2557 1542 2618 quatuor
1575 2551 1861 2606 seniorum
1910 2550 2300 2613 substantiam,

716 2639 964 2704 corporis
1005 2637 1277 2702 videlicet,
1331 2647 1390 2693 et
1417 2638 1610 2704 animi,
1656 2649 1711 2693 et
1759 2639 2006 2708 Spiritus.
2055 2639 2158 2693 Per
2207 2640 2309 2695 hos

718 2745 954 2798 namque
985 2729 1321 2799 compendio
1351 2731 1591 2800 quodam
1648 2731 1867 2785 illorum
1919 2733 2168 2786 omnium
2197 2731 2311 2800 ple-

720 2822 914 2875 nitudo
946 2821 1287 2892 designatur,
1321 2823 1416 2892 qui
1457 2837 1703 2892 unquam
1745 2822 1857 2891 jam
1896 2822 2022 2876 inde
2051 2837 2081 2876 a
2112 2821 2306 2877 mundi

718 2917 948 2969 exordio
1010 2931 1183 2985 usque
1224 2917 1292 2970 ad
1348 2915 1536 2970 seculi
1604 2915 2164 2978 consummationem,
2201 2914 2311 2969 Deo

721 3008 1578 3077 placuerunt;quemadmodum
1631 3023 1753 3076 quae
1799 3007 1927 3062 binc
1965 3022 2312 3076 consequen-

722 3109 833 3163 tur,
866 3100 1088 3168 planum
1121 3101 1172 3153 id
1210 3101 1370 3154 nobis
1403 3098 1624 3154 facient.
1660 3098 1832 3153 Porro
1866 3109 2047 3154 autem
2079 3099 2149 3153 de
2183 3099 2309 3153 libri

725 3192 891 3260 nujus
923 3191 1026 3245 [ide
1061 3199 1115 3246 et
1143 3193 1491 3258 auctoritate,
1518 3192 1730 3263 prolixe
1757 3192 1861 3246 hoc
1887 3192 2010 3247 loco
2040 3193 2314 3248 disserere

722 3297 1192 3351 supervacaneum
1220 3284 1582 3338 arbitramur.
1637 3284 1868 3339 Constat
1899 3299 2136 3353 namque
2187 3284 2316 3339 bea-

723 3383 808 3427 tos
844 3375 968 3428 illos
1004 3375 1152 3430 viros
1185 3373 1485 3444 Patresque
1511 3383 1748 3439 nostros,
1779 3373 2106 3444 Gregorium
2136 3373 2316 3430 Theo-

725 3464 934 3533 logutn,
970 3464 1236 3535 Cyrillum
1299 3466 1767 3532 Alexandrinum,
1824 3467 2108 3536 multoque
2165 3465 2317 3520 hisce

2405 2273 2689 2344 παροῦσαν
2709 2270 3097 2344 πραγματείαν
3123 2271 3208 2333 είς
3232 2269 3430 2338 λόγους
3461 2266 3561 2329 κδ’,
3581 2268 3679 2324 καὶ
3705 2265 3782 2335 οβ’
3812 2263 3993 2334 κεφά-

2405 2366 2570 2428 λαια,
2621 2363 2710 2417 διὰ
2781 2364 2880 2432 τὴν
2935 2361 3179 2434 τριμερῆ
3236 2360 3346 2415 τῶν
3401 2359 3479 2413 κδ’
3553 2355 3999 2433 [πρεσϐυτέρων]

2407 2456 2729 2519 ὑπόστασιν,
2773 2453 3025 2524 σώματος
3055 2454 3151 2507 καὶ
3180 2450 3363 2520 ψυχῆς
3405 2449 3500 2504 καὶ
3535 2448 3847 2520 πνεύματος
3877 2464 3890 2476 ’
3924 2447 3996 2499 δι’

2407 2544 2483 2603 ὧν
2517 2548 2626 2601 τῶν
2672 2545 2916 2618 ἀρχῆθεν
2967 2545 3131 2616 μέχρι
3173 2542 3490 2606 συντελείας
3535 2540 3630 2594 τοῦ
3677 2540 3872 2601 αἰῶνος
3907 2539 4000 2590 εὑ·

2409 2640 2831 2712 αρεστησάντων
2847 2639 2966 2709 Θεῷ
2982 2640 3043 2692 τὸ
3064 2639 3341 2708 πλήρωμα
3379 2632 3869 2706 χαρακτηρίζεται,
3896 2649 4000 2684 xu-

2411 2735 2517 2797 θὼς
2549 2736 2608 2787 ὲν
2629 2734 2743 2795 τοῖς
2770 2733 2898 2801 ἑξῆς
2934 2731 3334 2802 δηλωθήσεται.
3379 2727 3518 2799 Περὶ
3551 2724 3850 2797 μέντοιτοῦ
3878 2724 4002 2777 θεο-

2413 2824 2688 2878 πνεύστου
2718 2823 2818 2894 τῆς
2846 2820 3031 2893 βίϐλου
3055 2861 3069 2885 ,
3105 2821 3360 2891 περιττὴν
3401 2818 3664 2889 μηκύνειν
3701 2815 3796 2870 τὸν
3838 2815 4002 2881 λόγον

2411 2915 2718 2988 ἡγούμεθα,
2771 2914 2882 2968 τῶν
2933 2912 3246 2986 μακαρίων,
3284 2909 3614 2982 Γρηγορίου,
3654 2903 3874 2978 [φημὶ,]
3903 2903 4002 2956 τοῦ

2412 3008 2703 3074 Θεολόγου,
2731 3007 2824 3061 καὶ
2848 3005 3145 3074 Κυρίλλου,
3179 3007 3406 3076 προσέτι
3424 3003 3478 3056 δὲ
3510 3001 3605 3054 καὶ
3627 2999 3735 3054 τῶν
3770 2999 4003 3068 ἀρχαιο-

2412 3101 2587 3169 τέρων
2624 3099 2904 3162 Παππίου,
2935 3096 3249 3168 Εἱρηναίου,
3284 3094 3569 3157 Μεθοδίου,
3602 3091 3698 3144 καὶ
3742 3087 4006 3142 Ἱππολύ-

2413 3209 2510 3244 του
2539 3191 2716 3262 ταύτῃ
2765 3186 3341 3258 προσμαρτυρούντων
3384 3185 3446 3238 τὸ
3484 3183 3820 3248 ἀξιόπιστον.
3859 3179 4002 3248 Παρ“

2413 3277 2487 3337 ὧν
2531 3283 2627 3337 καὶ
2658 3284 2822 3353 ἡμεῖς
2867 3281 3072 3344 πολλὰς
3110 3280 3371 3342 λαϐόντες
3401 3277 3664 3349 ἀφορμὰς
3707 3276 3788 3338 είς
3837 3271 4006 3326 τοῦτο

2416 3375 2779 3447 ἐληλύθαμεν,
2813 3371 2996 3436 καθὼς
3026 3372 3083 3425 ἐν
3133 3389 3247 3425 τισι
3281 3372 3470 3433 τόποις
3514 3370 3742 3440 χρήσεις
3792 3363 4007 3418 τούτων

2419 3466 2797 3540 παρεθέμεθα.
2824 3466 2896 3519 Σὺ
2923 3465 3000 3529 δὲ,
3035 3457 3080 3517 ὦ
3103 3463 3197 3518 τοῦ
3220 3463 3358 3516 Θεοῦ
3385 3461 3666 3533 ἄνθρωπε,
3699 3458 3890 3527 εὐχαῖς
3914 3456 4012 3509 τὸν

727 3555 1056 3609 vetustiores
1087 3554 1330 3624 Papiam,
1370 3555 1661 3621 Irenazum,
1713 3554 2048 3610 Methodium
2097 3564 2151 3609 et
2183 3553 2317 3624 Hip-
2342 3537 2385 3598 Ο

2342 3537 2385 3598 C
2421 3537 2584 3614 πόνον
2632 3537 2891 3630 ἄμειψαι,
2947 3558 3007 3610 οὺ
3055 3557 3278 3628 μικρὸν,
3310 3556 3385 3619 ὠς
3434 3551 3612 3621 οἶμαι,
3647 3549 4013 3605 συντελοῦντα

728 3647 997 3717 polytum,
1028 3647 1272 3701 divinum
1307 3649 1522 3717 ﬁdeque
1576 3647 1802 3717 dignum
1843 3662 1986 3711 esse,
2044 3664 2153 3702 non
2203 3663 2314 3701 uno

731 3740 852 3791 loco
895 3739 1146 3805 tradere;
1180 3754 1211 3794 e
1233 3755 1474 3809 quorum
1506 3739 1878 3794 monumentis
1909 3742 2200 3795 occasione
2223 3755 2318 3794 ac-

728 3844 905 3900 cepta,
944 3847 1044 3887 nos
1078 3834 1145 3886 ad
1199 3833 1304 3887 hoc
1331 3833 1621 3887 consilium
1661 3832 1946 3899 venimus;
1980 3832 2141 3888 sicuti
2177 3834 2319 3887 mul-

2424 3651 2562 3722 πρὸς
2591 3647 2739 3720 [τὴν]
2766 3646 3062 3712 κατάνυξιν
3097 3647 3186 3700 διὰ
3211 3646 3307 3717 τῆς
3337 3646 3561 3716 μνήμης
3592 3642 3698 3697 τῶν
3725 3642 4014 3709 ἀπονεμη-

2418 3742 2744 3816 θησομένων
2785 3743 2901 3805 τοῖς
2953 3757 3013 3794 τε
3065 3739 3323 3803 δικαίοις,
3375 3740 3492 3802 τοῖς
3541 3753 3601 3790 τε
3659 3733 4014 3806 ἁμαρτωλοῖς

2423 3833 2672 3903 ἀμοισῶν
2695 3834 2792 3886 xui.
2829 3833 3177 3887 ἀντιδόσεων.

734 3938 820 3978 tas
870 3940 1093 3994 quoque
1128 3924 1429 3980 sententias
1468 3938 1532 3979 ex
1574 3924 1893 3978 eorumdem
1963 3924 2187 3994 scriptis
2251 3927 2652 3988 mutuavimus,
2700 3923 2965 3992 liisceque
3031 3920 3238 3976 nostris
3313 3916 3725 3975 commentariis
3765 3913 4008 3971 inserui-

737 4038 878 4077 mus.
908 4022 985 4075 Tn
1021 4031 1228 4086 autem,
1261 4023 1426 4077 homo
1453 4021 1571 4089 Dei,
1602 4032 1848 4078 nostrum
1878 4023 2026 4079 hunc
2051 4036 2307 4078 conatum
2377 4024 2630 4094 precibus
2663 4023 2729 4076 ad
2769 4020 2935 4075 Deum
2987 4019 3123 4074 fusis
3177 4032 3472 4088 compensa
3497 4035 3512 4082 ;
3536 4015 3630 4086 qui
3662 4029 3816 4077 sane,
3864 4010 4017 4083 quod

736 4119 986 4173 crebram
1022 4118 1392 4186 prteminrum,
1431 4132 1554 4187 qua:
1608 4117 1773 4187 iustis
1795 4117 1924 4173 olim
1960 4119 2369 4187 persolventur,
2439 4119 2777 4174 mentionem
2830 4114 3039 4180 faciat;
3102 4115 3502 4186 snppliciaque,
3536 4127 3658 4180 qua!
3717 4110 3903 4180 impiis
3961 4119 4020 4163 et

737 4210 1119 4278 peccatoribus
1152 4212 1296 4280 apud
1339 4210 1545 4265 inferos
1574 4211 1876 4267 constituta
1904 4220 2052 4278 sunt,
2080 4212 2313 4268 subinde
2345 4214 2415 4269 ob
2471 4213 2662 4268 oculos
2720 4215 2906 4281 ponat,
2940 4207 3084 4264 haud
3133 4223 3352 4278 parum,
3386 4217 3444 4261 ut
3477 4213 3724 4270 autumo,
3761 4203 3828 4256 ad
3867 4199 4021 4256 salu~

738 4315 912 4359 tarem
946 4305 1114 4358 animi
1147 4306 1624 4372 compunctionem
1673 4305 1940 4360 conferet.

913 4445 967 4515 3
996 4441 1230 4498 CAPUT
1264 4440 1556 4506 Ριιιιιυιι,
1595 4439 1830 4496 SERMO
1863 4439 2149 4497 PRIMUS.

815 4576 853 4639 I,
891 4575 943 4629 1.
983 4574 1330 4645 Apocalypsi:
1382 4572 1517 4627 Jestt
1577 4573 1801 4641 Christi,
1835 4590 1996 4643 quam
2052 4573 2200 4627 dedit
2239 4574 2326 4627 illi

748 4671 888 4724 Deus
930 4669 1111 4739 palam
1165 4669 1339 4737 facere
1372 4669 1538 4722 servis
1597 4667 1739 4733 suis,
1793 4681 1910 4736 qua:
1967 4675 2172 4734 oportet
2205 4666 2325 4734 ﬁeri

744 4766 873 4817 cito.

823 4855 1182 4927 Apocalypsis
1232 4854 1485 4917 nomine,
1540 4855 1883 4908 occultorum
1914 4855 2328 4926 ‘mystcriorum

751 4949 1042 5019 pan-factio
1076 4951 1395 5017 designatur
1420 4986 1434 5009 ,
1476 4947 1594 5001 sive
1626 4947 1714 5000 illa
1745 4948 1841 5001 ﬁat
1864 4963 1962 5018 per
1994 4945 2330 5002 insomnium

751 5042 1014 5094 divinitus
1045 5040 1391 5103 immissum,
1436 5039 1552 5094 sive
1579 5040 1634 5092 in
1670 5039 1875 5108 vigilia,
1913 5049 2065 5108 parte
2094 5037 2183 5091 illa
2213 5051 2336 5106 quae

754 5130 1038 5182 inanima:
1083 5144 1252 5197 regno
1309 5131 1675 5199 principatum
1720 5138 1886 5193 tenet,
1947 5143 2042 5198 per
2094 5127 2336 5182 cmlestis

753 5220 771 5274 Ι
797 5221 980 5275 nninis
1009 5221 1261 5289 illapsum
1287 5222 1631 5275 collustrata.
1662 5221 1810 5290 Cum_
1833 5230 2014 5274 autem
2064 5219 2334 5289 ejusmodi

757 5314 1143 5368 revelationem
1176 5312 1396 5368 Christo
1427 5330 1456 5368 a
1494 5313 1604 5368 Deo
1630 5315 1812 5367 datam
1846 5315 2064 5378 asserit,
2085 5313 2341 5366 Immani-

760 5408 850 5460 tati
871 5406 998 5460 Jesu
1028 5408 1333 5460 orationem
1369 5407 1784 5470 accommodat,
1826 5405 1991 5474 idque
2024 5404 2293 5459 inoll‘cnse
2321 5421 2333 5456 :

758 5499 1201 5566 quandoquidem
1241 5498 1352 5564 jam
1401 5508 1525 5550 ante
1575 5498 1627 5550 iu
1673 5495 1968 5565 Evangelio
2009 5511 2110 5550 suo
2162 5495 2337 5550 subli-

763 5591 935 5644 miora
970 5600 1022 5644 et
1050 5592 1321 5644 diviniora
1350 5589 1418 5644 de
1463 5588 1554 5643 Dei
1579 5590 1762 5644 Verbo
1808 5589 2134 5653 tradiderat,
2177 5604 2342 5658 quam

767 5682 1231 5757 Enngelistarum
1261 5685 1399 5739 alius
1450 5685 1612 5738 ullus.
1667 5684 1808 5749 Quin
1852 5685 1956 5739 hoc
2007 5686 2128 5754 ipso
2179 5683 2344 5736 etiam

2357 4809 2412 4870 D

2577 4439 2978 4499 ΚΕΦΑΛΑΙΟΝ
3011 4434 3308 4501 ΠΡΩΤΟΝ,
3335 4434 3556 4488 ΛΟΓΟΣ
3587 4432 3876 4487 ΠΡΩΤΟΣ.

2520 4577 2926 4646 Ἀποκάλυψις
2965 4573 3165 4641 Ἰησοῦ
3197 4570 3458 4641 Χριστοῦ
3490 4569 3571 4637 ἦν
3597 4569 3822 4622 ἔδωκεν
3861 4570 4026 4635 αὺτῷ

2437 4673 2470 4725 ό
2506 4672 2651 4738 Θεὸς
2691 4669 2882 4735 δεῖξαι
2910 4666 3034 4733 τοῖς
3061 4666 3306 4730 δούλοις
3329 4662 3518 4718 αὑτοῦ
3553 4659 3592 4716 ἃ
3622 4659 3720 4716 δεῖ
3742 4661 4025 4731 γενέσθαι

2437 4762 2507 4813 ἐν
2539 4760 2726 4829 τάχει.

2522 4849 2895 4920 Ἀποκάλυψις
2921 4848 3074 4922 [μέν]
3119 4849 3269 4900 ἐστιν
3308 4847 3340 4915 ἡ
3372 4844 3486 4898 τῶν
3510 4844 3771 4916 κρυπτῶν
3817 4860 4026 4914 μυστη-

2443 4945 2575 5015 ρίων
2602 4943 2856 5014 δήλωσις,
2876 4939 3371 5010 καταυγαζομένου
3405 4935 3498 4989 τοῦ
3529 4934 3884 5005 ἡγεμονικοῦ,
3915 4935 4026 4988 εἴτε

2443 5036 2530 5089 διὰ
2558 5035 2721 5088 θείων
2766 5035 3081 5104 ὀνειράτων,
3124 5032 3234 5084 εῖτε
3287 5027 3413 5083 καθ’
3445 5027 3617 5099 ῦπαρ,
3659 5029 3724 5081 ἐκ
3759 5025 3912 5090 θείας
3940 5027 4028 5080 ιλ-

2443 5126 2725 5196 λάμψεως.
2751 5124 2981 5195 Δοθῆναι
3017 5125 3074 5178 δὲ
3107 5123 3184 5194 τῷ
3214 5121 3439 5194 Χριστῷ
3466 5120 3672 5191 ταύτην
3707 5121 3896 5191 φησὶν,
3935 5121 4028 5174 ἀν-

2447 5217 2862 5289 θρωπινώτερον
2893 5216 3091 5288 μᾶλλον
3113 5213 3386 5282 τὸνλόγον
3410 5213 3536 5282 περὶ
3567 5210 3734 5264 αὐτοῦ
3757 5211 4022 5280 ποιούμε-

2445 5328 2569 5374 νος·
2604 5311 2835 5381 ἐπείπερ
2883 5312 2941 5364 ὲν
2986 5308 3066 5379 τῷ
3124 5306 3269 5374 [κατ’
3321 5302 3506 5378 αὑτὸν]
3557 5302 3878 5374 Εὑαγγελίῳ
3915 5305 4028 5367 τοῖς

2450 5405 2674 5473 ὑψηλοῖς
2710 5405 2805 5457 καὶ
2832 5402 3200 5473 θεοπρεπέσιν
3234 5401 3376 5470 ὑπὲρ
3424 5399 3634 5460 πάντας
3670 5395 4027 5466 ἑνδιέπρεψε·

2455 5495 2735 5549 κάνταῦθα
2754 5495 2810 5549 δὲ
2842 5495 2928 5548 διὰ
2957 5493 3049 5548 τοῦ
3090 5491 3470 5555 διακονοῦντος
3517 5489 3776 5557 ἀγγέλου,
3809 5488 3904 5542 καὶ
3937 5485 4032 5539 τοῦ

2455 5590 2564 5641 τῶν
2596 5588 2976 5657 μανθανόντων
3006 5585 3206 5640 δούλων
3233 5583 3517 5653 ὀνόματος,
3546 5583 3607 5634 τὸ
3637 5582 3735 5651 τῆς
3778 5579 4032 5648 θεότητος

2456 5681 2552 5734 τοῦ
2585 5681 2819 5752 Χριστοῦ
2849 5681 3173 5749 ἐμφαίνεται
3211 5679 3440 5747 μέγεθος
3463 5691 3476 5706 ⁸
3529 5674 3698 5730 αὑτοῦ
3730 5674 3838 5744 γὰρ
3871 5671 4033 5724 δοῦλα

767 5777 892 5834 loco
929 5793 1027 5848 per
1058 5778 1313 5848 angelum
1368 5779 1778 5844 administrunt,
1835 5778 2349 5846 addisccntiumquc

2340 5794 2349 5832 ε
2459 5776 2527 5827 τὰ
2565 5774 2871 5844 σύμπαντα.
2905 5774 2978 5827 Τὸ
3001 5774 3056 5827 δὲ
3081 5776 3138 5826 ἰν
3167 5773 3320 5842 τάχει
3353 5769 3624 5841 γενέσθαι,
3665 5765 3917 5840 σημαίνει
3951 5764 4029 5829 τὸ,
