4276 6438
219 419 324 485 221

1181 428 1788 492 COMMENTARIUS
1824 433 1906 493 IN
1948 435 2476 498 APOCALYPSIN.

3379 439 3490 502 222

223 537 344 586 τινὰ
375 536 475 604 μὲν
498 535 678 590 αὐτῶν
699 554 850 608 παρα
877 539 1045 602 πόδας
1067 539 1321 607 γενέσθαι
1342 541 1444 610 τῆς
1474 543 1606 614 περὶ
1626 544 1806 597 αὐτῶν
1834 549 1880 606 Α
1911 571 1912 594 ς

1794 562 1806 596 ι
1834 549 1880 606 Α
1911 561 2196 600 servorum
2228 551 2577 616 vocabulum,
2613 548 2814 604 Christi
2842 550 3111 604 divinitati
3148 555 3483 621 perampluln

219 630 608 698 πῳρῤήσεως,
668 631 763 683 καὶ
796 632 864 684 τὰ
903 633 995 684 ἐπὶ
1048 633 1336 705 συντελείᾳ
1363 635 1442 700 δὲ,
1488 636 1563 706 μὴ
1606 637 1802 707 βραδύ-

217 737 334 772 νειν
361 739 374 750 ο
409 720 541 775 διότι
572 721 720 792 χίλια
752 722 846 794 ετη
869 724 1021 794 παρὰ
1044 724 1163 796 Θεῷ
1191 725 1268 790 ὠς
1297 729 1330 798 ἡ
1357 727 1542 799 ἡμέρα
1566 729 1598 800 ἡ
1647 729 1803 799 ἐχθὲς

215 814 344 883 ἣτις
367 815 573 885 διῆλθε,
600 816 925 884 λελόγισται.

1913 641 2284 695 testimonium
2317 643 2576 713 impertit.
2602 645 2719 712 Ipse
2742 660 2975 714 namque
2993 655 3077 699 est
3109 645 3196 698 cui
3231 647 3485 701 universa

1911 745 2162 788 creatura
2185 736 2374 788 servit.
2403 738 2576 791 Porro
2603 749 2782 792 autem
2815 751 2938 790 cum
2966 737 3151 792 istltzec
3172 738 3283 792 cito
3304 738 3488 792 futura

1910 824 2208 893 subiungit,
2241 829 2499 882 nonnulla
2540 845 2602 884 ex
2645 831 2709 885 iis
2737 845 2858 898 quae
2898 830 3000 884 hoc
3028 830 3167 884 libro
3219 829 3486 899 patefacta

219 919 374 975 sunt,
406 911 518 979 jam
541 926 650 979 pra:
675 909 884 966 foribus
935 926 1146 982 urgere,
1191 911 1452 982 brevique
1503 913 1640 968 adeo
1695 925 1946 968 eventuum
1993 919 2256 973 sortitura
2296 935 2418 973 esse
2445 920 2780 976 subindicat.
2811 921 2917 976 Sed
2985 930 3039 976 et
3098 937 3160 976 ea
3199 922 3312 989 ipsa
3344 937 3488 992 quo-

215 1019 347 1072 que,
379 1018 501 1072 quae
530 1003 597 1057 ad
637 1003 818 1058 saeculi
853 1005 1072 1058 tandem
1104 1005 1266 1059 linem
1289 1007 1628 1076 contingent.
1661 1007 1802 1060 haud
1873 1011 2059 1079 procul
2107 1012 2339 1066 abesse:
2382 1014 2586 1083 quippe
2645 1031 2770 1068 cum
2801 1015 2946 1067 mille
2976 1015 3106 1068 anni
3141 1015 3285 1084 apud
3317 1016 3482 1067 Deum

217 1107 550 1165 repntentur
581 1106 840 1165 tanquam
875 1097 995 1150 dies
1033 1100 1310 1154 hesterna.
1353 1115 1476 1166 qua:
1522 1100 1797 1167 pra‘teriit.

289 1192 397 1244 Kal
425 1190 731 1258 ἐσήμανεν
755 1193 787 1243 ὀ
826 1191 922 1243 διὰ
952 1191 1056 1244 τοῦ
1106 1192 1367 1261 ἀγγέλου
1419 1193 1604 1246 αὐτοῦ
1654 1193 1806 1247 ἀπο-

1979 1197 2018 1256 l.
2064 1201 2112 1258 ι,
2148 1199 2203 1252 2.
2260 1197 2327 1250 Et
2360 1198 2679 1267 signiﬁcavit
2708 1200 2923 1251 mittens
2940 1217 3031 1266 per
3053 1199 3296 1265 angelum
3333 1217 3487 1251 suum

215 1283 473 1346 areum:
497 1280 578 1344 τῷ
605 1280 803 1347 δούλῳ
830 1283 1018 1335 αὑτοῦ
1056 1283 1322 1350 Ἰωάννῃ,
1343 1283 1411 1348 ὃς
1437 1285 1806 1352 ἐμαρτύρησε

1796 1304 1806 1340 ι
1907 1307 2054 1344 servo
2107 1307 2202 1343 suo
2237 1290 2458 1353 Joamti,
2512 1292 2603 1360 qui
2635 1294 2992 1345 testimonium
3026 1294 3290 1361 perhibuit
3332 1292 3485 1345 verba

217 1377 329 1426 τὸν
356 1376 550 1442 Λόγον
577 1373 706 1446 [τοῦ
747 1374 944 1439 Θεοῦ,]
975 1375 1073 1429 καί
1097 1375 1212 1442 τὴν
1229 1377 1567 1444 μαρτυρίαν
1607 1378 1804 1444 Ἰησοῦ

217 1466 501 1534 Χριστοῦ,
536 1466 651 1519 ὅσα
685 1464 805 1520 εἶδε
829 1469 928 1520 καὶ
974 1468 1148 1523 ἅτινα
1174 1468 1294 1522 είσί
1323 1469 1422 1522 καὶ
1459 1468 1502 1524 ά
1546 1469 1663 1538 χρὴ
1707 1487 1802 1539 γε-

218 1559 432 1614 νέσθαι
462 1561 611 1629 μετά
639 1561 846 1615 ταῦτα.

302 1652 362 1707 '0
393 1654 626 1724 Χριστός
660 1671 772 1722 μοι,
803 1655 992 1724 φησιν,
1023 1655 1100 1717 ὡς
1154 1655 1459 1726 Δεσπότης,
1507 1653 1583 1717 ὡς
1616 1655 1803 1726 οἰκείῳ

217 1743 412 1814 δούλῳ,
465 1744 533 1797 δι’
561 1742 796 1812 ἀγγέλου
823 1744 1000 1797 ταῦτα
1040 1745 1338 1816 δεδήλωκε,
1394 1746 1492 1814 τὴν
1525 1747 1604 1808 είς
1637 1745 1802 1798 αὑτὸν

217 1833 516 1904 ὁμολογίαν
546 1839 958 1908 μαρτυρήσαντι
990 1854 1004 1868 °
1035 1839 1122 1905 ἐφ’
1157 1833 1200 1905 ᾧ
1229 1838 1318 1891 διὰ
1361 1837 1469 1889 τῶν
1492 1838 1803 1909 όραϐέντων

1910 1382 2028 1446 Dei,
2069 1393 2119 1436 et
2157 1386 2515 1436 testimonium
2543 1383 2676 1437 Jesu
2715 1384 2934 1448 Christi,
2979 1400 3298 1453 quaecunque
3326 1385 3482 1448 vidit,

1909 1483 1955 1526 et
1989 1489 2107 1542 quw
2136 1483 2278 1538 sunt,
2308 1483 2494 1542 etquae
2526 1485 2643 1543 post
2682 1475 2790 1530 hazc
2828 1486 3031 1542 oportet
3059 1475 3197 1544 ﬁeri.

1976 1651 2230 1706 Christus
2262 1652 2544 1716 Dominus,
2581 1654 2777 1724 inquit,
2813 1654 2928 1709 hare
2973 1653 3126 1717 mihi,
3158 1653 3253 1722 qui
3285 1652 3489 1706 diserte

1909 1747 2059 1800 illum
2091 1749 2369 1815 professus
2411 1761 2554 1813 sum,
2590 1757 2853 1816 tanquam
2904 1761 3063 1800 servo
3114 1761 3216 1798 suo
3252 1762 3346 1813 per
3376 1761 3477 1797 an-

1914 1839 2091 1910 gelum
2138 1838 2536 1902 litatiilestavit;
2590 1849 2781 1906 quoet
2830 1854 2893 1893 ea
2948 1853 3070 1906 quae
3118 1848 3266 1901 sunt,
3306 1836 3486 1890 Ιιθιιιί-

217 1927 694 1998 διαμαρτύρασθαι
725 1930 818 1983 καὶ
864 1929 1102 2000 κηρύξαι
1155 1931 1290 2001 πρὸς
1328 1931 1663 2001 ἐπιστροφὴν
1692 1930 1800 1983 τῶν
1834 1929 1875 1988 Β

1789 1929 2147 1999 ιΒηυιῐιῳιθ
2199 1929 2448 1984 notitiam
2504 1929 2682 1983 adhuc
2737 1929 2988 1999 fugiunt;
3040 1939 3095 1984 et
3135 1945 3198 1983 ea
3255 1945 3478 1982 rursum

217 2018 551 2079 ἀκουόντων.
578 2020 648 2072 τά
671 2037 725 2072 τε
749 2021 879 2072 ὅντα
904 2022 997 2072 καὶ
1024 2020 1138 2086 [τὰ]
1168 2020 1295 2083 τοὺς
1323 2020 1647 2090 ἀνθρώπους
1674 2021 1800 2075 λαν-

218 2111 476 2174 θάνοντα,
507 2114 573 2166 τά
618 2131 678 2166 τε
708 2114 928 2168 ἔσεσθαι
969 2114 1235 2184 μέλλοντα
1263 2129 1276 2143 ⁶
1302 2114 1659 2186 προφητικῶς
1689 2116 1799 2184 γὰρ

219 2205 467 2272 ἑώρακεν
521 2208 811 2276 ἀμφότερα
843 2226 857 2239 ο
901 2208 995 2260 καὶ
1044 2206 1204 2276 δῆλον
1247 2207 1312 2260 ὲκ
1357 2205 1454 2259 τοῦ
1506 2205 1800 2276 εἰρῆσθαι·

218 2299 420 2351 Ἀτινα
445 2300 587 2361 εισι,
636 2300 736 2353 καὶ
771 2299 810 2353 d
840 2299 956 2369 χρὴ
1007 2299 1308 2366 γενέσθαι.
1344 2297 1532 2351 Ταῦτα
1594 2298 1652 2350 δέ
1691 2300 1800 2350 είσι

219 2392 606 2461 παραστατικὰ
653 2391 747 2446 τοῦ
796 2408 858 2446 τε
893 2392 1192 2456 ἐνεστῶτος
1219 2391 1316 2446 καὶ⁵
1365 2391 1458 2445 τοῦ
1516 2392 1801 2462 μέλλοντος

217 2485 436 2554 χρόνον.

287 2665 594 2733 Μακάριος
648 2667 682 2720 ὁ
715 2665 1168 2736 ἀναγινώσκων,
1215 2667 1316 2720 και
1361 2669 1416 2720 οἱ
1473 2666 1800 2733 ἀκούοντες

216 2759 360 2823 τοὺς
410 2760 637 2827 ,λόγους
662 2759 776 2826 τῆς
808 2762 1197 2828 προφητείας,
1229 2759 1327 2812 καί
1363 2758 1686 2826 τηροῦντες
1729 2761 1799 2812 τὰ

215 2851 284 2902 ἐν
314 2849 472 2918 αὐτῇ
495 2849 897 2918 τετραμμέναο
930 2853 962 2904 ό
994 2850 1102 2919 γὰρ
1123 2850 1329 2918 καιρὸς
1366 2851 1566 2919 ἐγγύς.

284 2941 603 3012 Μακαρίζει
626 2942 756 3004 τοὺς
778 2941 868 2996 διὰ
903 2943 1013 2995 τῶν
1041 2942 1298 3013 πράξεων
1320 2943 1802 3010 ἀναγινώσκοντας

216 3034 311 3086 καὶ
337 3033 658 3097 ἀκούοντας.
697 3034 896 3102 Ἐγγὺς
920 3036 1026 3106 γὰρ
1051 3037 1078 3088 ὁ
1101 3035 1295 3104 παρὼν
1325 3036 1542 3105 καιρὸς,
1576 3037 1670 3088 καὶ
1693 3037 1800 3088 πᾶ-

216 3144 303 3178 σιν
337 3128 416 3188 εἰς
454 3127 722 3195 ἐργασίαν
757 3127 1122 3196 προκείμενος
1145 3144 1160 3158 ·
1183 3127 1260 3190 ῶς
1298 3145 1463 3197 φησιν
1493 3129 1520 3180 ό
1547 3126 1756 3197 Κύριος
1784 3144 1799 3159 ο

1902 2039 2026 2093 quae
2045 2024 2173 2077 olim
2207 2023 2387 2077 futura
2408 2031 2557 2087 sunt,
2585 2023 2826 2092 mihique
2849 2028 2943 2092 per
2973 2023 3240 2077 visionem
3262 2033 3486 2077 ostensa

1904 2126 2055 2181 sunt,
2081 2117 2259 2186 palam
2280 2115 2346 2170 ad
2377 2117 2715 2172 audientium
2736 2115 3153 2170 conversionem
3179 2124 3484 2176 contester,

1903 2209 2228 2279 publiceque
2261 2209 2568 2277 praedicem.
2612 2208 2856 2277 Utraque
2883 2223 3120 2278 namque
3153 2208 3478 2277 prophetico

1905 2305 2102 2374 spiritu
2144 2303 2324 2358 hausi.
2357 2303 2535 2373 Atque
2590 2303 2680 2359 hic
2728 2319 2928 2358 sensus
2974 2319 3045 2357 ex.
3072 2303 3341 2357 orationis
3400 2313 3486 2357 te-

1904 2412 2041 2451 nore
2071 2404 2262 2464 aperte
2299 2396 2613 2465 colligitur;
2647 2395 3093 2466 quandoquidem
3130 2395 3292 2449 verba
3323 2395 3439 2448 haec
3466 2408 3487 2450 :

1905 2488 2038 2553 Qua:
2068 2497 2212 2550 sunt,
2245 2497 2296 2542 et
2320 2501 2436 2557 qua
2473 2488 2590 2556 ﬁeri
2615 2496 2841 2552 oportet,
2879 2487 3168 2556 praesentis
3206 2485 3487 2555 futurique

1904 2581 2165 2651 temporis
2197 2582 2476 2634 notionem
2513 2580 2804 2633 manifeste
2836 2595 2944 2648 pra:
2974 2594 3032 2632 se
3067 2578 3273 2631 ferunt.

1976 2673 2012 2736 Ι,
2045 2673 2098 2726 3.
2137 2673 2340 2727 Beatus
2373 2673 2462 2741 qui
2495 2674 2620 2740 tegit
2643 2687 2691 2726 et
2721 2673 2874 2725 audit
2900 2671 3053 2725 verba
3077 2670 3365 2738 prophetitz
3386 2669 3487 2722 Int-

1899 2767 1987 2834 jus
2025 2782 2041 2821 :
2080 2773 2132 2819 et
2162 2776 2337 2819 servat
2368 2782 2430 2819 ea
2462 2781 2580 2836 qua
2622 2766 2678 2819 in
2724 2781 2786 2819 ea
2831 2765 3028 2832 scripta
3072 2772 3193 2816 sunt
3225 2777 3242 2815 :
3277 2773 3485 2830 tempus

1907 2857 2046 2907 enim
2086 2871 2245 2923 prope
2269 2865 2370 2908 est.

1977 2945 2171 3000 Beatos
2197 2947 2454 3015 praedicat
2479 2961 2584 3000 non
2619 2947 2850 3016 quosvis
2875 2946 3210 3016 promiscue,
3251 2944 3342 3012 qui
3375 2946 3490 2999 haec

1905 3037 2092 3105 legunt
2120 3039 2204 3090 vel
2234 3037 2501 3106 audiunt;
2528 3038 2620 3092 sed
2667 3037 2760 3108 qui
2796 3037 3062 3091 bonorum
3105 3051 3334 3106 operum
3370 3044 3490 3090 stu-

1907 3128 1997 3181 dio
2031 3128 2250 3192 intenti,
2288 3129 2472 3197 legunt
2508 3127 2590 3181 vel
2642 3127 2894 3180 audiunt.
2947 3125 3217 3180 Caeterum
3249 3135 3489 3195 tempus,

225 3217 573 3287 Ἰζργάζεσθε
592 3218 703 3284 ἕως
727 3217 917 3286 ἡμέρα
950 3218 1120 3271 ἐστί’
1154 3221 1250 3272 καὶ
1274 3219 1452 3285 ἔξεστι
1497 3222 1682 3289 τυχεῖν
1705 3219 1799 3274 τοῦ
1833 3277 1870 3289 Α
1905 3238 1914 3272 ι

1833 3277 1870 3289 _
1905 3235 2015 3288 quo
2053 3219 2445 3272 beatitudinem
2497 3222 2638 3272 hanc
2681 3232 3001 3287 comparare
3030 3217 3177 3280 licet,
3229 3217 3489 3285 quodque

216 3311 596 3382 μακαρισμοῦ.
639 3313 747 3365 Καὶ
800 3313 1008 3382 ἑτέρως
1062 3311 1145 3374 δὲ,
1202 3311 1471 3380 Ἔγγὺςό
1505 3314 1731 3379 καιρὸς,
1772 3316 1800 3366 ὀ

221 3405 313 3471 τῆς
346 3405 458 3458 τῶν
482 3404 733 3457 ἐπάθλων
770 3404 1054 3474 διανομῆς,
1086 3404 1175 3457 διὰ
1227 3405 1327 3474 τὴν
1351 3405 1446 3458 τοῦ
1481 3404 1796 3476 [παρόντος]

217 3496 334 3563 Sion
375 3497 737 3566 σμικρότητα.
771 3497 1061 3565 συγκρίσει
1083 3494 1178 3548 τοῦ
1211 3495 1520 3564 μέλλοντος.

1906 3313 2164 3366 omnibus
2200 3322 2258 3364 ut
2284 3311 2530 3366 studiose
2555 3319 2875 3380 Operentur,
2918 3309 3262 3379 propositum
3286 3318 3389 3371 est,
3426 3309 3480 3361 in

1907 3404 2216 3473 propinquo
2255 3417 2378 3456 esse
2425 3404 2704 3456 admonet.
2755 3400 2955 3455 Notum
3011 3411 3096 3455 est
3155 3401 3302 3454 enim
3359 3399 3492 3453 illud

1904 3495 2106 3550 Christi
2145 3513 2157 3549 :
2189 3494 2275 3548 Me
2302 3504 2504 3564 oportet
2524 3495 2732 3563 operari
2763 3510 2918 3563 opera
2947 3492 3062 3560 ejus
3085 3493 3173 3562 qui
3199 3493 3339 3544 misit
3387 3506 3488 3556 me,

217 3591 381 3642 donec
416 3590 527 3642 dies
559 3598 634 3642 est
661 3603 680 3642 :
712 3589 848 3641 venit
903 3602 1028 3652 nat,
1063 3588 1273 3655 quando
1319 3604 1470 3641 nemo
1526 3597 1693 3656 potest
1742 3591 1948 3656 operari
1973 3589 2012 3642 ³.
2039 3588 2163 3641 Alio
2207 3603 2427 3658 quoque
2481 3602 2644 3642 sensu
2697 3595 2934 3655 tempus,
2957 3584 3014 3656 4
3038 3599 3148 3653 quo
3171 3585 3492 3639 meritorum

218 3683 442 3748 pra-mia
468 3681 890 3745 distribuentur,
937 3680 1307 3749 propinquum
1352 3690 1437 3737 est
1469 3698 1484 3747 ;
1522 3682 1789 3750 siquidem
1829 3681 1950 3735 vita:
2017 3680 2182 3750 hujus
2236 3681 2499 3749 spatium,
2541 3693 2662 3733 cum
2718 3677 3023 3731 aeternitate
3073 3686 3484 3745 comparatum,

218 3775 605 3830 orevissimum
629 3783 734 3830 est.

303 3870 588 3935 Ἰωάννης
641 3871 771 3936 ταῖς
800 3870 951 3923 ἑπτὰ
1014 3868 1399 3934 Ἐκκλησιάις
1454 3868 1583 3933 ταῖς
1611 3869 1681 3921 ἑν
1726 3867 1799 3936 τῇ

227 3964 394 4028 Ἀσίᾳ
419 3978 433 3991 ·
466 3962 638 4030 χάρις
662 3963 805 4030 ὑμῖν
831 3961 929 4013 καὶ
952 3959 1160 4027 εἰρήνη
1188 3960 1308 4012 ἀπὸ
1336 3959 1490 4030 [τοῦ]
1522 3961 1553 4012 ό
1575 3957 1680 4022 ὢν,
1709 3958 1804 4010 καὶ

219 4060 250 4110 ό
273 4056 376 4122 ἦν,
415 4055 511 4106 καί
539 4058 570 4107 ό
611 4054 937 4122 ἐρχόμενος
957 4069 972 4084 ·
1009 4055 1106 4105 καὶ
1139 4051 1257 4105 ἀπὸ
1289 4049 1407 4104 τῶν
1433 4049 1584 4104 ἑπτὰ
1626 4066 1805 4103 πνευ-

219 4147 442 4214 μάτων,
472 4145 510 4198 ἀ
554 4145 726 4197 ἐστιν
750 4145 1008 4197 ἐνώπιον
1048 4142 1153 4196 τοῦ
1187 4142 1405 4209 θρόνου
1430 4141 1617 4196 αὑτοῦ
1645 4159 1657 4170 ·
1705 4141 1808 4196 καί

219 4239 341 4294 ἀπὸ
398 4236 605 4304 Ἰησοῦ
631 4236 913 4303 Χριστοῦ.

295 4329 517 4382 Πολλῶν
548 4328 605 4380 δὲ
653 4327 833 4381 οὐσῶν
882 4326 992 4380 τῶν
1023 4326 1165 4380 κατὰ
1211 4324 1378 4378 τόπον
1441 4323 1803 4394 Ἐκκλησιῶν,

221 4422 367 4477 ἑπτὰ
403 4420 594 4490 μόναις
647 4418 967 4472 ἐπέστειλεο
1010 4417 1099 4470 διὰ
1151 4414 1248 4468 τοῦ
1280 4415 1641 4483 ἑϐδοματικοῦ
1681 4416 1805 4482 ἀρι-

1971 3868 2012 3931 l,
2050 3869 2163 3923 1-4.
2187 3866 2421 3921 Joannes
2453 3874 2647 3931 septem
2676 3864 2927 3919 Ecclesiis
2947 3880 3066 3934 qua-
3084 3871 3203 3916 sunt
3236 3864 3288 3915 in
3316 3862 3443 3916 Asia
3468 3879 3493 3918 θ

1901 3962 2079 4030 gratia
2120 3961 2264 4014 vobis
2303 3971 2351 4012 et
2381 3973 2486 4025 pax
2507 3957 2572 4010 ab
2600 3973 2660 4011 eo
2688 3960 2775 4027 qui
2811 3967 2908 4020 est,
2934 3966 2982 4010 et
3014 3957 3104 4024 qui
3134 3965 3272 4016 erat,
3315 3965 3363 4008 et
3398 3957 3491 4026 qui

1903 4063 2152 4106 venturus
2175 4062 2252 4105 est
2279 4092 2292 4113 ,
2326 4061 2376 4104 et
2406 4069 2437 4104 a
2469 4059 2664 4119 septeni
2698 4049 2998 4116 spiritibus,
3018 4049 3108 4118 qui
3129 4049 3181 4100 in
3213 4055 3489 4114 conspectu

1906 4148 2078 4200 throni
2105 4145 2220 4214 ejus
2263 4153 2409 4198 sunt.

1982 4327 2118 4381 Cum
2153 4325 2338 4378 multae
2368 4323 2572 4392 passim
2607 4337 2702 4392 per
2743 4323 2932 4376 orbem
2962 4328 3175 4376 exstent
3216 4320 3492 4384 Ecclesiae,

1909 4419 1976 4474 ad
2013 4426 2221 4486 septem
2275 4416 2543 4470 duntaxat
2573 4415 2769 4470 scribit
2817 4431 2829 4467 :
2877 4429 3064 4467 verum
3100 4430 3328 4467 numero
3390 4416 3492 4467 hoc

222 4487 479 4584 opaea
533 4511 796 4582 μυστικὸν
831 4510 940 4562 τῶν
973 4508 1264 4577 ἅπανταχῆ
1326 4505 1668 4576 Ἑκκλησιῶν
1711 4522 1776 4574 ar,
1835 4487 1886 4546 D

1835 4487 1886 4546 D
1915 4512 2246 4581 septenario,
2277 4509 2370 4578 qui
2405 4508 2688 4577 praesentis
2733 4507 2857 4561 vita:
2891 4507 3148 4560 decursui
3196 4517 3488 4559 consenta-

226 4605 458 4674 μαίνων.
487 4605 584 4655 καὶ
627 4601 734 4670 [τὸ]
773 4601 852 4670 τῷ
897 4600 1126 4671 παρόντι
1169 4599 1268 4669 βίῳ
1309 4599 1594 4667 σύστοιχον
1622 4612 1636 4626 ⁸
1670 4599 1728 4650 ὲν
1759 4591 1803 4666 ᾧ

223 4695 370 4769 [καὶ]
407 4695 798 4764 ὴὲϐδοματικὴ
833 4693 943 4751 τῶν
990 4692 1220 4763 ἡμερῶν
1262 4691 1512 4762 περίοδος
1564 4693 1797 4758 γίνεται.

221 4789 316 4842 Διὸ
362 4790 460 4840 καὶ
519 4787 658 4838 ἑπτὰ
706 4785 954 4852 ἀγγέλων
992 4785 1086 4837 καὶ
1134 4783 1274 4837 ἑπτὰ
1327 4783 1663 4854 Ἐκκλησιῶν
1707 4784 1804 4852 μέ-

227 4896 432 4950 μνηται
461 4874 546 4940 αἷς
573 4887 738 4945 φησι*
776 4874 956 4943 Χάρις
981 4876 1124 4941 ὑμῖν
1161 4875 1258 4928 καί
1290 4873 1498 4942 εΙρήνη
1532 4873 1649 4931 ἀπὸ
1703 4873 1808 4941 τῆς

222 4969 712 5040 τρισυποστάτου
744 4970 1051 5035 Θεότητος.
1097 4967 1196 5020 Διὰ
1241 4969 1340 5037 μὲν
1366 4969 1473 5037 γὰρ
1495 4967 1609 5029 τοῦ,
1643 4970 1676 5020 ό
1701 4966 1804 5032 ὢν,

222 5064 252 5115 ό
277 5061 472 5130 Πατὴρ
502 5060 790 5129 δηλοῦταιο
825 5060 854 5108 ό
883 5058 1234 5129 χρηματίσας
1264 5057 1342 5127 τῷ
1383 5059 1611 5127 Μωῦσῇ,
1655 5057 1806 5125 Ἐγώ

224 5158 367 5221 ειμι,
407 5153 651 5223 [Hymn]
679 5157 710 5206 ό
738 5152 853 5205 ῶν·
885 5153 972 5204 διὰ
1001 5152 1056 5204 δὲ
1097 5151 1213 5210 τοῦ.
1252 5153 1284 5204 ὀ
1313 5147 1410 5218 ἦν,
1444 5153 1471 5203 ό
1523 5152 1714 5214 Λόγος,
1749 5151 1807 5214 ὃς

224 5241 294 5315 ἦν
333 5248 390 5297 ὲν
417 5246 558 5313 ἀρχῇ
581 5244 716 5312 πρὸς
739 5243 830 5294 τὸν
850 5242 983 5294 Θεόν
1004 5259 1017 5272 ·
1054 5241 1144 5301 διὰ.
1163 5240 1221 5293 δὲ
1251 5239 1368 5304 τοῦ,
1396 5244 1428 5293 ὀ
1455 5241 1803 5308 ἐρχόμενος,

227 5341 255 5389 ὁ
293 5338 680 5408 Παράκλητος,
707 5338 736 5388 ὁ
762 5337 850 5390 ἀεὶ
875 5334 1177 5401 ἐπιφοιτῶν
1214 5335 1327 5394 τοῖς
1351 5334 1448 5402 τῆς
1479 5335 1807 5403 Ἐκκλησίας

226 5434 442 5488 τέκνοις
471 5429 556 5482 διὰ
583 5429 677 5481 τοῦ
709 5427 866 5496 ἁγίου
909 5427 1290 5496 βαπτίσματος
1313 5443 1326 5455 ·
1363 5426 1714 5495 τελεωτέρως
1746 5426 1802 5479 δὲ

227 5524 320 5576 καὶ
363 5521 706 5590 τρανοτέρως
762 5521 822 5572 ὲν
878 5519 957 5588 τῷ
1016 5519 1284 5588 μέλλοντι.
1345 5517 1521 5570 Ἑπτὰ
1551 5519 1606 5570 δὲ
1641 5519 1804 5570 πνεύ-

231 5631 400 5684 ματα,
422 5616 548 5676 τοὺς
580 5614 719 5666 ἑπτα
759 5612 1025 5678 ἀγγέλους
1052 5614 1192 5664 νοεῖν
1221 5611 1469 5671 δυνατὸν,
1511 5610 1659 5681 [τοὺς
1695 5613 1803 5663 τῶν

229 5707 571 5778 Ἐκκλησιῶν
605 5707 867 5775 λαχόντας
913 5707 1011 5775 τὴν
1059 5705 1392 5776 κυϐέρνησιν
1488 5705 1548 5757 οὐ
1584 5721 1803 5774 συναρι-

298 5875 318 5902 ~'
355 5864 513 5919 Joan.
555 5880 626 5924 ιιι,
656 5864 706 5917 i.

1917 4621 2050 4659 neus
2075 4613 2157 4656 est
2182 4603 2374 4672 (totius
2390 4614 2624 4670 namque
2640 4599 2994 4653 hebdomadua
3016 4600 3272 4667 periodus
3286 4609 3490 4664 septem

1912 4700 2125 4751 dierum
2178 4693 2458 4748 curriculo
2492 4691 2816 4759 absolvitur)
2849 4691 3094 4742 omnium
3132 4690 3309 4742 ubivis
3343 4691 3495 4741 loco-

1914 4804 2032 4842 rum
2051 4786 2430 4839 exsistentium
2449 4782 2812 4836 Ecclesiarum
2835 4780 3154 4850 mysterium
3174 4781 3492 4848 complexus

1911 4890 2012 4933 cst.
2053 4878 2121 4930 Ea
2155 4878 2320 4946 igitur
2349 4880 2411 4927 de
2438 4890 2659 4939 caussa,
2693 4885 2751 4928 ut
2788 4884 2994 4940 septem
3031 4873 3372 4941 angelorum,
3409 4871 3484 4923 ita

1911 4981 2115 5038 Septem
2153 4984 2372 5036 quoque
2403 4964 2779 5020 Ecclesiarum
2839 4966 3170 5018 mentionem
3231 4963 3380 5016 facit.
3411 4963 3491 5014 Ad

1911 5080 2049 5134 quas
2079 5061 2303 5131 proinde
2344 5062 2487 5112 hunc
2514 5060 2566 5112 in
2605 5059 2825 5112 modum
2860 5058 3050 5113 scribit
3082 5077 3096 5111 :
3131 5056 3318 5109 Gratia
3347 5055 3490 5108 vobis

1909 5166 1956 5208 et
1984 5170 2086 5222 pax
2107 5171 2137 5207 a
2175 5154 2466 5206 Diviuitate
2487 5168 2601 5220 qua:
2629 5153 2679 5203 in
2723 5152 2889 5202 tribus
2927 5149 3296 5218 hypostasibus
3319 5148 3489 5199 subsi-

1912 5248 2023 5298 stit.
2062 5245 2125 5296 Et
2157 5243 2379 5311 quidem
2414 5257 2507 5310 per
2535 5257 2659 5295 eum
2693 5241 2781 5308 qui
2811 5249 2911 5300 est,
2966 5239 3124 5291 Pater
3171 5237 3492 5301 designatus

1914 5336 2083 5390 videri
2143 5342 2340 5403 potest.
2386 5332 2554 5402 Moysi
2603 5334 2748 5386 enim
2798 5330 3086 5397 respondet
3149 5328 3287 5381 Deus
3334 5323 3493 5393 :Ego

1912 5447 2025 5483 sum
2054 5431 2140 5499 qui
2169 5445 2305 5483 sum.
2339 5426 2441 5480 Per
2473 5443 2594 5479 eum
2633 5441 2759 5478 vero
2787 5426 2877 5492 qui
2899 5436 3037 5480 erat.
3071 5422 3325 5475 Verbum.
3357 5417 3462 5470 νυν

1913 5525 2039 5576 bum
2069 5537 2302 5589 namque
2327 5521 2377 5573 in
2405 5519 2671 5588 principio
2700 5526 2816 5569 erat
2842 5517 2983 5583 apud
3012 5515 3200 5567 υριιιιι.
3239 5513 3338 5564 Per
3361 5524 3486 5562 eum

1912 5612 2146 5678 denique
2175 5611 2261 5678 qui
2297 5609 2432 5661 venit
2479 5618 2526 5659 et
2571 5617 2816 5659 venturus
2853 5616 2952 5664 est,
2979 5603 3214 5670 Spiritus
3246 5598 3486 5668 paracle-

1914 5715 2034 5768 tus;
2095 5703 2182 5758 hic
2237 5701 2383 5756 enim
2417 5709 2776 5770 persanctum
2810 5698 3076 5765 baptisma
3129 5696 3194 5747 ad
3237 5690 3494 5746 Ecelesite
