4276 6438
766 431 876 495 223

1942 429 2271 491 ANDRE/E
2307 427 2827 490 CESARIENSIS

3934 420 4043 484 924

765 547 907 598 fidos
939 558 1084 613 stupe
1110 544 1222 614 jam
1248 543 1380 600 olim
1416 551 1585 612 rentt,
1612 559 1789 614 neque
1816 558 2059 611 unquam
2082 558 2258 613 usque
2287 543 2353 597 ad

2473 542 2803 612 ipoopévou;
2847 542 2912 612 τῇ
2963 538 3379 611 θεαρχικωτάτῃ
3410 537 3501 591 καὶ
3557 535 3788 607 βασιλίδι
3824 534 4041 602 Τριάδι.

764 634 949 689 εςιεουιί
977 635 1508 691 consummationem
1554 636 1738 689 venire
1775 626 2013 689 desinet.
2049 632 2269 687 Interim
2298 633 2350 686 in

765 731 940 783 altero
970 729 1064 782 illo
1083 743 1220 792 πονο,
1247 727 1442 797 majori
1462 728 1616 796 copia
1639 735 1695 781 et
1717 725 1966 780 ubertate
1990 726 2044 779 iu
2069 739 2202 780 suos
2231 740 2355 779 sese

763 819 1024 875 ell'undet.
1067 818 1169 873 Per
1209 828 1417 889 septem
1451 832 1618 889 porro
1662 818 1911 886 spiritus,
1948 824 2156 886 septem
2182 830 2355 885 ange-

766 910 869 975 los,
901 910 1103 978 quibus
1134 908 1507 967 Ecclesiarum
1532 924 1664 965 cura
1690 919 1744 965 et
1777 908 2105 979 gubernatio
2128 908 2355 962 deman-

771 1002 897 1054 data
923 1010 1029 1065 est,
1066 1004 1316 1071 accipere
1366 1000 1515 1056 licet.
1559 1000 1624 1055 Hi
1656 1001 1828 1065 enim,
1855 1011 2117 1070 tanquam
2158 998 2349 1066 dispa-

767 1095 843 1149 ris
878 1096 1163 1165 potestatis
1195 1112 1320 1150 cum
1348 1110 1609 1166 supremo
1644 1095 1738 1150 illo
1770 1095 2016 1159 numine,
2064 1095 2348 1148 omnium-

764 1200 871 1255 que
947 1188 1136 1256 regina
1203 1184 1443 1251 'l‘riade,
1508 1200 1617 1240 non
1688 1190 2195 1247 connumerantur;
2260 1181 2354 1235 sed

765 1283 1028 1344 tanquam
1086 1276 1334 1345 primarii
1391 1277 1539 1331 illius
1599 1276 1742 1332 servi
1774 1285 1829 1331 et
1854 1274 2193 1340 administri,
2247 1290 2355 1329 una

764 1381 891 1420 cum
926 1368 1043 1437 ipsa
1075 1368 1346 1423 interdum
1386 1370 1763 1424 nominantur.
1814 1367 1988 1438 Cujus
2024 1368 2101 1422 rei
2146 1367 2358 1422 illustre

765 1460 1077 1529 exemplum
1129 1463 1514 1516 subministrat
1570 1461 1732 1516 nobis
1764 1461 1925 1517 divus
1981 1460 2204 1516 Paulus.
2266 1460 2359 1515 Ait

766 1551 909 1603 enim
942 1566 957 1603 :
997 1550 1180 1605 Testor
1212 1570 1395 1608 coram
1436 1553 1568 1621 Deo,
1598 1564 1647 1608 et
1689 1554 1902 1611 Christo
1939 1551 2067 1606 Iesu
2090 1594 2105 1618 ,
2151 1562 2199 1607 et
2251 1552 2357 1606 ele-

765 1643 864 1695 ctis
896 1644 1098 1715 angelis
1134 1646 1180 1701 ⁸.
1208 1645 1315 1702 Sed
1351 1648 1586 1704 fortasse
1630 1656 1862 1719 possunt
1891 1648 2008 1701 haec
2039 1645 2148 1699 alio
2182 1646 2351 1700 etiam

768 1731 930 1783 mmlo
982 1744 1039 1787 et
1076 1748 1241 1789 sensu
1278 1752 1386 1789 non
1437 1735 1667 1790 omnino
1716 1735 2061 1791 incommode
2103 1735 2351 1805 exponi;

770 1835 967 1891 nempe
994 1833 1055 1879 ut
1085 1840 1183 1895 per
1213 1841 1335 1880 eum
1366 1829 1457 1896 qui
1488 1836 1586 1890 est,
1616 1838 1667 1881 et
1701 1829 1792 1897 qui
1830 1837 1970 1892 erat,
2022 1840 2072 1882 et
2103 1827 2196 1897 qui
2231 1843 2352 1882 oen-

2457 631 2573 684 άλλ⁹
2607 630 2683 693 ὡς
2717 629 2939 693 δούλους
2966 628 3106 699 αὐτῇ
3136 628 3767 697 συμμνημονευομένους
3794 639 3808 653 ’
3841 625 3916 684 ὡς
3948 626 4043 675 καὶ

2455 725 2483 776 ὁ
2515 722 2657 785 θεῖος
2697 718 2853 774 εἶπεν
2906 720 3234 783 Ἀπόστολος
3259 735 3274 751 ’
3305 716 3782 788 Διαμαρτύρομαί
3815 730 3918 769 σοι
3947 715 4049 767 ἐν-

2454 815 2644 869 ώπιον
2688 812 2844 886 [τοῦ]
2898 814 3047 868 Θεοῦ
3087 811 3187 866 καὶ
3224 811 3343 866 τῶν
3390 810 3696 866 ἐκλεκτῶν
3743 809 4044 879 ἀγγέλων.

2459 910 2618 970 Ἰσως
2642 907 2701 960 δὲ
2736 907 2833 960 καὶ
2860 906 3067 977 ἑτέρως
3089 904 3250 959 τοῦτο
3274 905 3603 975 νοηθήσεται
3623 919 3639 933 ο
3666 903 3756 956 διὰ
3786 902 3887 971 μὲν
3919 899 4047 959 τοῦ,

2456 1000 2489 1051 ὀ
2535 998 2640 1063 ὢν,
2674 998 2789 1064 καὶ,
2848 999 2882 1051 ό
2917 994 3019 1069 ἦν,
3052 996 3193 1062 litat,
3228 998 3263 1050 ό
3308 996 3657 1065 ἐρχόμενος,
3693 993 3787 1046 τοῦ
3825 991 4047 1061 [ἰατρὸς

2459 1089 2885 1161 σημαινομένου,
2951 1088 3049 1143 τοῦ
3101 1087 3453 1161 περιέχοντος
3500 1089 3560 1139 ἐν
3611 1084 3792 1153 ἑαυτῷ
3824 1084 4051 1137 πάντων

2456 1182 2566 1234 τῶν
2594 1180 2769 1235 ὅντων
2797 1182 2900 1252 τήν
2933 1196 2991 1234 τε
3025 1180 3223 1251 ἀρχὴν,
3258 1179 3330 1233 τά
3355 1196 3415 1231 τε
3448 1178 3613 1248 μέσα,
3644 1178 3739 1231 καὶ
3761 1176 3831 1229 τὰ
3857 1176 4049 1228 τελευ-

2454 1279 2582 1330 ταῖα
2609 1292 2625 1308 ο
2664 1277 2753 1330 διὰ
2778 1276 2836 1330 δὲ
2870 1275 2987 1329 τῶν
3012 1274 3163 1329 ἑπτὰ
3184 1272 3562 1342 πνευμάτων,
3612 1270 3720 1324 τῶν
3751 1268 4051 1339 ἐνεργειῶν

2455 1369 2552 1422 τοῦ
2613 1367 2882 1432 ζωοποιοῦ
2932 1366 3291 1434 ῐΙνεύματοςο
3333 1366 3420 1419 διὰ
3473 1365 3528 1418 δὲ
3581 1364 3676 1418 τοῦ
3745 1362 4048 1430 ἑπομένου,

2458 1458 2697 1531 Χριστοῦ
2724 1458 2819 1512 τοῦ
2861 1459 3019 1525 Θεοῦ,
3052 1458 3146 1512 τοῦ
3172 1458 3241 1512 δι’
3272 1459 3422 1527 ἡμᾶς
3459 1453 3754 1526 ἀνθρώπου
3815 1451 4052 1521 γενομέ-

2459 1571 2550 1606 νου
2573 1568 2586 1581 ’
2624 1550 2898 1620 πολλαχοῦ
2942 1552 3053 1621 γὰρ
3088 1549 3400 1620 ἀδιαφόρως
3452 1548 3659 1617 ἑκάστη
3721 1545 3878 1615 θείκὴ
3914 1543 4052 1596 ὑπό-

2460 1662 2647 1707 στασις
2668 1643 2749 1714 τῷ
2781 1641 3095 1712 Ἀποστόλῳ
3124 1642 3489 1713 προτάττεται
3530 1640 3623 1692 καὶ
3661 1637 4047 1691 ὐποτάττεται.

2458 1736 2550 1788 Διὸ
2579 1733 2861 1788 κάνταῦθά
2886 1751 3021 1805 φησι
3046 1749 3062 1765 ·
3095 1734 3201 1787 Kal
3231 1731 3351 1786 ἀπὸ
3389 1730 3598 1801 ἰησοῦ
3638 1729 3923 1798 Χριστοῦ,
3953 1730 4053 1780 καὶ

2458 1827 2526 1880 τά
2558 1825 2708 1894 ἑξῆς.

768 1921 919 1964 turus
951 1922 1050 1976 est,
1078 1915 1254 1970 solum
1280 1914 1495 1971 Patrem
1529 1916 1899 1986 signiﬁcatum
1934 1917 2306 1987 intelligamus
2345 1935 2357 1971 :
2412 1917 2684 1987 siquidem
2719 1918 2766 1972 is
2812 1931 2956 1971 unus
3008 1916 3257 1971 omnium
3322 1929 3443 1986 quae
3486 1929 3722 1985 usquam
3774 1915 3827 1968 in
3860 1926 4050 1967 rerum

767 2012 966 2058 natura
995 2014 1240 2075 exstant,
1273 2009 1561 2079 principia,
1594 2018 1649 2064 et
1671 2010 1873 2074 media,
1896 2020 1949 2064 et
1980 2009 2117 2066 lines
2152 2010 2208 2063 in
2266 2023 2388 2063 sese
2440 2008 2847 2077 complectitur.
2908 2005 3013 2062 Per
3048 2017 3246 2077 septem
3290 2014 3473 2061 autem
3523 2006 3763 2074 spiritus,
3826 2012 4039 2074 septem

770 2096 975 2152 \iviliei
1036 2098 1265 2167 spiritus
1301 2100 1660 2164 charismata,
1711 2102 1795 2155 vel
1847 2102 2071 2157 totidem
2109 2101 2357 2172 ejusdem
2390 2115 2581 2171 opera.
2613 2099 2715 2155 Per
2745 2114 2870 2155 eum
2937 2108 3119 2155 autem
3174 2098 3269 2169 qui
3313 2114 3438 2154 mox
3471 2097 3848 2168 subjungitur,
3884 2098 4051 2151 Chri-

769 2205 913 2246 stum
948 2191 1124 2267 .Deum
1152 2202 1207 2249 et
1235 2193 1526 2250 Dominum
1555 2208 1828 2263 nostrum,
1851 2199 1945 2269 qui
1975 2199 2149 2254 nostri
2176 2212 2346 2253 causa
2380 2195 2559 2253 factus
2597 2206 2684 2254 est
2743 2195 2930 2253 homo.
2987 2196 3243 2251 Pluribus
3287 2210 3526 2267 namque
3553 2195 3691 2251 locis
3715 2194 3914 2250 divinae
3946 2197 4053 2266 by-

767 2290 1015 2350 postases
1059 2282 1201 2352 apud
1238 2284 1558 2354 Aposlolttm
1615 2288 1753 2343 citra
1808 2300 2021 2345 certum
2073 2289 2311 2359 aliquem
2372 2288 2640 2343 delectum
2688 2297 2743 2343 et
2788 2296 3206 2358 praeponuntur,
3260 2296 3318 2343 et
3375 2294 3802 2358 postponuntur.
3858 2286 4051 2353 Quare

771 2375 876 2430 hoc
932 2390 1155 2445 quoque
1198 2375 1320 2431 loco
1367 2378 1643 2448 praedictis
1695 2395 1823 2436 mox
1877 2382 2171 2447 subditur,
2222 2379 2292 2433 Et
2330 2380 2508 2435 alesu
2536 2378 2772 2443 Christo,
2805 2392 2859 2435 et
2889 2396 3012 2451 qua;
3040 2389 3369 2449 sequuntur.

844 2466 885 2534 l,
917 2467 971 2523 5.
993 2467 1097 2534 Qui
1121 2479 1198 2524 est
1222 2471 1368 2525 testis
1387 2472 1583 2539 ﬁdelis,
1606 2475 1987 2547 primogenitus
2007 2485 2357 2541 mortuorum,
2390 2477 2435 2536 B

767 2571 815 2613 et
847 2561 1088 2631 princeps
1118 2578 1300 2633 regum
1324 2574 1499 2620 terrm.

846 2650 963 2719 Ipse
999 2654 1146 2708 enim
1181 2663 1267 2709 est
1290 2656 1384 2725 qui
1423 2657 1580 2713 lidele
1611 2659 1983 2716 testimonium
2028 2664 2130 2717 sub
2160 2662 2357 2717 Pontio

768 2738 944 2796 l‘ilato
990 2742 1133 2809 tulit,
1187 2744 1396 2815 quique
1442 2747 1497 2801 in
1532 2750 1793 2805 omnibus
1840 2752 2003 2808 dictis
2033 2755 2149 2809 suis
2193 2769 2356 2808 verax

767 2831 987 2887 exsistit
1019 2852 1034 2888 :
1069 2834 1468 2904 primogenitus
1495 2837 1684 2895 itidem
1724 2857 1791 2896 ex
1827 2844 2080 2908 mortuis,
2130 2854 2186 2899 et
2225 2846 2355 2908 vita,

768 2935 824 2976 cl.
876 2930 1232 2985 resurrectio.
1272 2929 1486 2995 Quibus
1549 2933 1695 2988 enim
1744 2934 1835 2991 ille
1891 2935 2228 2999 dominatur,
2280 2938 2355 2990 illi

772 3027 1027 3083 mortem,
1070 3030 1130 3074 ut
1156 3022 1409 3078 solebant
1456 3026 1549 3095 qui
1581 3026 1712 3080 olim
1760 3041 1791 3082 e
1826 3027 1967 3084 vivis
1996 3029 2356 3093 excedebant,

775 3109 1012 3177 amplius
1049 3128 1157 3167 non
1191 3116 1524 3183 gustabunt;
1547 3118 1641 3172 sed
1668 3119 1720 3172 in
1751 3133 1968 3175 omnem
2000 3120 2359 3175 aeternitatem

776 3200 918 3254 licati
975 3203 1176 3259 victuri
1209 3217 1359 3261 sunt.
1400 3206 1641 3262 Vocatur
1690 3220 1871 3264 autem
1903 3212 2007 3266 hoc
2048 3212 2169 3267 loco
2200 3210 2361 3266 Prin-

770 3309 888 3361 ceps
935 3310 1115 3366 regum
1163 3307 1338 3363 terrm,
1384 3309 1444 3354 ιιι
1474 3301 1601 3355 alibi
1629 3301 1741 3357 Rea:
1779 3320 1981 3375 regum,
2009 3314 2063 3359 et
2100 3305 2359 3361 Dominus

708 3461 714 3470 Ι
776 3388 1168 3443 dominantium
1195 3406 1214 3444 :
1248 3400 1437 3459 utpote
1460 3393 1651 3448 eadem
1684 3396 1912 3450 omnino
1944 3412 2070 3451 cum
2092 3398 2248 3452 Patre
2266 3414 2362 3469 po-

776 3480 949 3534 tentia
1009 3490 1062 3535 et
1112 3483 1353 3537 essentia
1414 3485 1693 3553 praeditus.
1751 3487 1873 3542 Alia
1937 3488 2103 3543 etiam
2149 3490 2361 3544 ratione.

772 3568 1029 3639 Princeps
1061 3589 1243 3644 regum
1290 3585 1444 3629 terra:
1477 3579 1804 3647 appellatur,
1862 3580 1992 3650 quia
2026 3582 2357 3651 peculiarem

774 3666 828 3720 in
865 3667 987 3721 illos
1013 3668 1356 3726 dominatum
1386 3674 1599 3728 obtinet
1633 3675 1723 3743 qui
1767 3676 2004 3731 terrenis
2042 3678 2357 3746 cupiditati—

775 3759 876 3812 bus
902 3759 1172 3827 imperare
1195 3764 1523 3818 didicerunt.
1549 3764 1705 3831 Quod
1738 3766 1783 3820 si
1819 3764 2121 3837 Gregorius
2153 3784 2358 3836 cogno—

778 3860 962 3906 mento
992 3851 1305 3923 Tlteul03us
1345 3858 1670 3912 sententiam
1730 3856 1781 3927 5
1838 3859 2019 3925 illam,
2046 3858 2150 3925 Qui
2173 3870 2273 3921 est,
2307 3873 2356 3913 et

772 3944 863 4012 qui
899 3956 1039 4011 erat,
1068 3954 1119 3999 et
1146 3948 1238 4017 qui
1294 3958 1541 4001 venturus
1576 3959 1653 4005 est
1692 3952 2044 4019 omnipotens,
2093 3952 2147 4005 in
2179 3952 2356 4006 solum

774 4035 1057 4091 Christum
1117 4042 1595 4103 rectctraustulit.
1656 4042 1794 4097 nihil
1848 4052 1998 4099 vetat
2060 4044 2360 4114 quominus

776 4128 1003 4181 alteram
1045 4128 1194 4185 illam
1233 4147 1356 4202 qua:
1403 4148 1529 4186 mox
1568 4136 1946 4205 consequitur,
1980 4136 2049 4191 ad
2102 4138 2355 4191 eunnlem

774 4236 993 4302 quoque
1017 4222 1438 4279 transferamus.
1460 4223 1554 4279 Est
1581 4227 1726 4280 enim
1758 4228 1882 4282 huic
1909 4228 2067 4297 plane
2100 4238 2358 4298 cognata,

774 4324 828 4363 et
868 4327 1067 4366 nomen
1091 4311 1435 4384 Omnipotens
1466 4333 1621 4387 asque
1651 4318 1969 4387 adjunctum
2000 4320 2164 4375 habet
2194 4332 2361 4389 atque

779 4403 895 4457 lnec
920 4419 1182 4474 przeseus,
1216 4424 1393 4479 neque
1424 4411 1531 4464 ulla
1561 4426 1788 4480 prorsus
1836 4428 2075 4481 persona
2108 4413 2232 4468 istic
2267 4415 2363 4466 all-

771 4494 1024 4563 jungitur
1068 4507 1163 4551 aut
1201 4513 1266 4554 ex
1312 4501 1692 4569 superioribus
1755 4504 2040 4573 repetitur,
2078 4505 2145 4558 a:|
2194 4521 2359 4574 quam

776 4592 1058 4648 transferri
1098 4596 1292 4663 possit.
1345 4595 1459 4653 Hoc
1510 4607 1693 4653 autem
1740 4598 1883 4662 loco,
1916 4614 2040 4653 cum
2105 4602 2358 4668 proxime

778 4684 1209 4751 pnecedentibus
1236 4689 1418 4741 statim
1469 4688 1793 4743 aduectatur
1837 4688 1968 4743 illud
2000 4708 2013 4742 :
2053 4688 2119 4742 Et
2173 4708 2203 4742 a
2229 4688 2361 4743 Iesu

778 4776 987 4830 Christo
1014 4815 1032 4843 ,
1060 4778 1205 4834 clare
1261 4778 1593 4844 insinuatur.
1624 4795 1873 4849 sensum,
1904 4795 2068 4851 quem
2100 4796 2203 4835 nos
2236 4782 2357 4836 red-

775 4867 1035 4935 dilimus,
1067 4873 1417 4926 commodum
1473 4872 1782 4942 rationique
1832 4880 1888 4927 et
1936 4874 2216 4927 contextui
2250 4888 2357 4940 ομ-

779 4959 908 5028 pido
946 4971 1376 5018 consentaneum
1414 4980 1558 5019 esse.
1613 4963 1749 5017 Nam
1805 4965 1848 5017 si
1901 4965 2172 5018 sententia
2212 4965 2301 5018 illa
2345 4983 2358 5019 :

778 5048 885 5115 Qui
909 5061 1009 5115 est,
1033 5061 1084 5105 et
1124 5054 1216 5121 qui
1257 5063 1395 5119 erat,
1425 5063 1475 5106 et
1499 5054 1589 5121 qui
1618 5067 1865 5107 venturus
1891 5063 1992 5117 est,
2020 5055 2087 5108 de
2111 5054 2230 5108 snlo
2270 5053 2361 5108 Dei

2549 2475 2611 2526 '0
2641 2472 2873 2542 μάρτυς
2908 2477 2941 2528 ὀ
2982 2473 3218 2539 πιστὸς,
3272 2476 3306 2527 d
3356 2474 3735 2542 πρωτότοκος
3926 2471 4056 2526 τῶν

2458 2565 2706 2637 νεκρῶν,
2745 2566 2848 2620 καὶ
2887 2568 2920 2619 ό
2944 2564 3146 2635 ἅρχων
3177 2564 3295 2619 τῶν
3322 2563 3638 2629 ,ϐασιλέων
3652 2559 3761 2629 τῆς
3787 2560 3922 2631 γῆς.

2528 2658 2700 2721 Αὐτὸς
2733 2656 2841 2727 γάρ
2874 2657 3023 2710 ἐστιν
3066 2658 3094 2709 ὁ
3130 2657 3492 2727 μαρτυρήσας
3542 2654 3631 2706 ἐπὶ
3686 2653 3910 2705 Ποντίου
3957 2655 4059 2706 ﬂ:-

2459 2748 2625 2804 λάτου
2650 2767 2667 2781 ⁸
2692 2752 2719 2803 ὁ
2762 2746 2906 2821 [καὶ]
2942 2748 3137 2810 πιστὸς
3168 2749 3227 2800 ὲν
3255 2749 3389 2800 πᾶσι
3438 2749 3551 2807 τοῖς
3580 2746 3760 2813 λόγοις
3788 2743 3954 2797 αὑτοῦ
3981 2761 3996 2774 ·
4027 2747 4058 2797 ὁ

2460 2843 2524 2894 ὲκ
2553 2841 2764 2911 νεκρῶν
2796 2839 3167 2911 πρωτότοκος,
3192 2837 3270 2900 ὡς
3300 2838 3414 2906 ζωὴ
3450 2838 3546 2891 καὶ
3575 2837 3879 2899 ἀνάστασις
3909 2851 3922 2864 ⁸
3963 2829 4044 2887 ὧν

2461 2936 2570 3005 γὰρ
2589 2935 2754 2997 αὐτὸς
2780 2934 3069 3003 κατάρχει,
3094 2931 3304 2995 οὐκέτι,
3331 2930 3519 2993 καθὼς
3565 2930 3616 2982 οἱ
3650 2930 3918 2999 πρότερον
3952 2928 4055 2981 θαι

2460 3028 2644 3092 νόντες
2666 3027 2766 3083 καὶ
2787 3026 3145 3089 ἀναστάντες,
3164 3023 3386 3094 ὄψονται
3405 3021 3658 3085 θάνατον,
3679 3021 3796 3074 ἀλλ’
3817 3021 4057 3083 αἱωνίως

2461 3117 2741 3188 ζήσονται.
2770 3119 2991 3188 ’Δρχων
3016 3115 3073 3169 δὲ
3100 3117 3209 3168 τῶν
3239 3113 3530 3184 βασιλέων,
3553 3112 3627 3175 ὡς
3651 3113 3913 3177 Βασιλεὺς
3943 3112 4058 3165 τῶν

2463 3208 2884 3278 βασιλευόντων,
2938 3206 3033 3260 καὶ
3066 3205 3272 3276 Κύριος
3320 3204 3431 3257 τῶν
3490 3204 3902 3275 κυριευόντων,
3958 3204 4059 3256 καὶ

2465 3299 2755 3369 ἰσοσθενὴς
2782 3298 2861 3370 τῷ
2887 3298 3064 3369 [Iath
3096 3296 3193 3351 καὶ
3234 3295 3543 3365 ὁιιοοὺσιος.
3573 3297 3683 3350 Καὶ
3735 3296 3940 3367 ἑτέρως
3972 3296 4055 3353 δὲ.

2461 3394 2647 3463 ἄρχων
2676 3392 2786 3445 τῶν
2829 3391 3100 3462 βασιλέων
3149 3389 3251 3459 τῆς
3284 3389 3410 3459 γῆς,
3443 3388 3554 3441 τῶν
3594 3391 3803 3457 γηΐνων
3854 3388 4057 3440 ἐπιθυ-

2466 3485 2629 3555 μιῶν,
2658 3483 2897 3553 λέγεται.
2931 3483 2992 3535 Εἰ
3022 3482 3079 3535 δὲ
3113 3481 3189 3551 τῷ
3230 3481 3489 3551 μακαρίῳ
3526 3480 3873 3551 Γρηγορίῳή
3910 3480 4056 3548 χρῆ-

2463 3594 2548 3639 σις
2585 3576 2728 3646 αῦτη
2750 3574 2866 3641 τοῦ,
2910 3577 2942 3629 d
2972 3573 3078 3639 ὢν,
3110 3573 3226 3637 καὶ,
3260 3576 3293 3627 ὁ
3324 3569 3422 3643 ἦν,
3462 3575 3579 3637 καὶ,
3614 3575 3648 3626 d
3704 3572 4058 3641 ἐρχόμενος,

2463 3671 2495 3722 ό
2528 3667 2978 3736 παντοκράτωρ,
3010 3666 3089 3727 εἰς
3116 3665 3208 3718 τὸν
3254 3665 3493 3734 Χριστὸν
3527 3664 3870 3734 ἑξείληπται,
3900 3663 4063 3715 οὐδὲν

2463 3762 2692 3823 ἀπεικὸς
2725 3760 2795 3813 τὰ
2831 3760 2952 3829 μετ’
2987 3759 3166 3827 ὀλίγον
3195 3758 3548 3828 ῥηθησόμενα
3578 3758 3795 3820 τούτοις
3823 3756 4051 3825 ἐμφερῆ

2464 3854 2644 3921 λόγια,
2701 3852 2782 3913 εἰς
2832 3850 2994 3903 αὐτὸν
3034 3848 3406 3918 ἀναφέρεσθαι
3433 3863 3447 3878 ο
3493 3845 3576 3910 οἷς
3621 3846 3736 3909 καὶ,
3762 3848 3794 3900 ὁ
3834 3860 4059 3898 παντοο

2464 3945 2715 4016 κράτωρ,
2748 3943 3076 4015 πρόσκειται
3100 3958 3115 3973 ο
3149 3942 3243 3994 καὶ
3291 3940 3482 4009 ἑτέρου
3522 3937 3819 4007 προσώπου
3866 3938 4059 3988 ἐπεισ-

2465 4036 2658 4105 αγωγὴ
2718 4034 2749 4105 ἢ
2814 4031 3156 4101 ἐπανάληνζνις
3204 4032 3263 4084 οὐ
3304 4028 3785 4099 προστεθήσεται·
3818 4026 4059 4080 ἐνταῦθα

2464 4129 2573 4198 γάρ
2597 4130 2630 4199 ἡ
2657 4126 2926 4196 ἐπαγωγὴ
2953 4124 3071 4187 τοῦ,
3109 4123 3217 4177 Καὶ
3256 4121 3376 4176 ἀπὸ
3414 4121 3613 4189 Ἰησοῦ
3645 4119 3929 4188 Χριστοῦ,
3965 4119 4059 4170 τὸν

2465 4220 2758 4275 ἐκτεθέντα
2788 4217 2921 4289 παρ’
2958 4216 3115 4287 ἡμῶν
3172 4214 3299 4268 νοῦν
3360 4211 3616 4283 βεϐαιοῦν
3661 4211 3935 4280 φαίνεται.
3964 4210 4061 4280 Τῷ

2464 4315 2574 4385 γὰρ
2612 4313 2742 4384 περὶ
2777 4311 2941 4382 μόνου
2970 4308 3066 4363 τοῦ
3094 4307 3232 4361 Θεοῦ
3267 4306 3444 4374 Λόγου
3474 4302 3873 4373 διαλεγομένῳ,
3907 4298 4055 4373 [καὶ]

2466 4407 2564 4476 τῆς
2585 4404 2782 4473 Υἱῖκῆς
2809 4401 3184 4463 ὑποστάσεως,
3212 4395 3476 4470 περισσὸν
3500 4391 3568 4467 ἦν
3595 4394 3827 4461 ἐπάγειν
3857 4392 4023 4455 εὐθύς
4043 4408 4055 4420 ·

2464 4497 2571 4552 Καὶ
2594 4495 2713 4549 ἀπὸ
2739 4493 2944 4561 Ἰησοῦ
2976 4490 3232 4561 Χριστοῦ
3254 4507 3268 4522 ·
3318 4489 3407 4543 ἵνα
3444 4486 3636 4541 τοῦτον
3666 4486 3894 4556 ἐμφάνῃ
3922 4486 4061 4553 παρ’

2463 4590 2671 4641 ἐκεῖνον
2713 4586 2925 4656 ἕτερον,
2974 4582 3085 4637 τῶν
3135 4580 3462 4652 θεοπρεπῶν
3520 4576 3717 4649 φωνῶν
3774 4576 4060 4647 ὁμοτίμως

2464 4678 2896 4749 ὲφαρμοζουσῶν
2938 4675 3148 4745 ἑκάστῃ
3183 4672 3341 4741 θεῖκῇ
3384 4669 3708 4731 ὑποστάσει,
3762 4668 3861 4720 καὶ
3896 4668 4056 4735 κοινῇ

2462 4775 2585 4835 ταῖς
2611 4769 2783 4842 τρισὶ,
2817 4768 2959 4839 πλὴν
2982 4767 3093 4821 τῶν
3129 4765 3435 4834 ἰδιοτήτων,
3476 4762 3644 4833 ἤγουν
3673 4759 3937 4828 σχέσεων,
3975 4757 4057 4820 ὦς

2466 4881 2631 4935 φησιν
2661 4860 2871 4935 [αὐτὸς]
2918 4863 2947 4913 ὁ
2981 4858 3243 4925 Θεολὸγος
3288 4855 3591 4925 Γρηγόριος
3626 4850 3764 4924 [καὶ]
3819 4852 3920 4920 τῆς
3958 4850 4058 4903 τοῦ

2467 4959 2643 5027 Λόγου
2688 4954 3183 5024 ἑνανθρωπήσεως.
3220 4948 3333 5003 Καὶ
3361 4946 3520 5016 δῆλον
3556 4944 3615 5012 ἐξ
3662 4937 3738 4997 ὧν
3768 4944 3859 4994 τὴν
3890 4942 4059 5013 Τρισ-

2468 5050 2625 5117 άγιον
2646 5046 2756 5100 τῶν
2780 5045 3035 5115 Σεραφὶμ
3070 5043 3260 5111 ῦμνον,
3294 5041 3352 5091 ἐν
3396 5038 3495 5108 μὲν
3524 5035 3601 5105 τῷ
3631 5032 3953 5104 Εὑαγγελίῳ
3976 5035 4058 5096 εις

779 5139 1098 5207 Verbo,aut
1137 5141 1259 5197 Filii
1297 5160 1528 5211 persona
1579 5144 1896 5210 dissereret,
1953 5159 2361 5216 supervacaneo

2473 5141 2557 5195 τὸν
2588 5140 2718 5193 Υἱὸν
2752 5136 3100 5209 μανθάνομεν
3131 5131 3413 5201 λέγεσθαι,
3460 5132 3520 5182 ὲν
3550 5128 3607 5181 δὲ
3636 5129 3704 5197 τῇ
3737 5123 4058 5221 δημηγορίᾳ

779 5231 1025 5300 profecto
1054 5234 1347 5289 adderetur
1393 5253 1406 5290 :
1436 5235 1501 5289 Et
1532 5254 1564 5289 a
1598 5235 1728 5291 Jesu
1761 5236 1974 5292 Christo
2001 5253 2019 5299 ;
2070 5252 2181 5307 quo
2211 5238 2357 5293 hunc

780 5324 850 5379 ab
878 5324 969 5379 illo
1019 5327 1335 5381 distinctum
1377 5343 1500 5383 esse
1553 5329 1775 5399 planum
1816 5330 2003 5395 ﬁeret;
2050 5331 2358 5399 praesertim

739 5476 743 5481 τ
778 5430 927 5479 cum,
958 5416 1150 5471 eodem
1187 5415 1452 5489 Gregorio
1507 5427 1662 5483 teste,
1717 5434 1879 5473 voces
1904 5434 2027 5487 quae
2078 5418 2132 5472 in
2189 5416 2361 5473 Deum

781 5509 1136 5575 conveniunt,
1154 5510 1270 5579 pari
1294 5511 1522 5567 honoris
1543 5515 1737 5582 gradu,
1755 5512 2064 5582 aequalique
2091 5510 2364 5582 dignitate

783 5605 836 5657 in
869 5604 1114 5675 singulas
1144 5619 1426 5675 personas,
1450 5614 1506 5661 et
1550 5619 1743 5661 onmes
1776 5604 1942 5661 simul
1988 5605 2043 5660 in
2079 5604 2363 5660 communi

783 5700 1129 5768 conveniant,
1164 5699 1231 5757 iis
1261 5700 1528 5757 duntaxat
1561 5700 1824 5771 exceptis,
1850 5714 1975 5771 quae
2005 5699 2071 5755 ad
2106 5699 2365 5771 hyposta-

858 5883 876 5909 ⁸
914 5876 1097 5933 l'l'im.
1137 5892 1184 5942 γ,
1210 5877 1299 5930 9,1.

2464 5233 2555 5287 τοῦ
2587 5230 2823 5294 Παύλου,
2849 5232 2916 5300 τῇ
2948 5230 3006 5281 ἐν
3036 5228 3159 5289 ταῖς
3190 5224 3487 5295 Πράξεσιν,
3528 5222 3610 5283 εἰς
3638 5219 3702 5272 τὺ
3735 5216 3967 5299 ιΙνεῦμα
3991 5217 4056 5269 τὸ

2473 5328 2629 5395 ᾶγιον
2658 5340 2672 5357 ο
2702 5325 2760 5376 ιν
2789 5323 2847 5375 δὲ
2876 5323 2944 5392 τῇ
2972 5319 3083 5373 τῶν
3124 5316 3372 5389 φρικτῶν
3412 5312 3734 5385 μυστηρίων
3761 5310 4055 5380 προσφορᾷ

2471 5422 2550 5480 εἰς
2582 5417 2673 5471 τδν
2716 5416 2964 5485 Πατέρα,
3006 5411 3141 5485 πρὸς
3186 5410 3247 5463 ὃν
3288 5409 3391 5478 τὴν
3427 5405 3686 5474 τοιαύτην
3721 5403 3891 5473 εὐχὴν
3917 5403 4055 5456 swi-

2472 5509 2653 5581 σμεθα
2679 5509 2874 5570 ποιεῖν,
2911 5502 3096 5567 καθὼς
3141 5501 3240 5555 καὶ
3290 5500 3369 5572 τῷ
3437 5498 3696 5570 μακαρίῳ
3742 5494 4054 5564 Ἐπιφανίῳ

2471 5605 2688 5675 εἴρηται
2726 5602 2786 5653 ὲν
2819 5598 2897 5670 τῷ
2922 5598 3066 5668 λόγῳ
3090 5593 3310 5664 [αὐτοῦ]
3334 5592 3414 5663 τῷ
3443 5594 3545 5656 Εις
3576 5590 3643 5644 τὸ
3688 5587 3936 5657 Πνεῦμα
3985 5586 4054 5640 τὸ

2473 5699 2667 5767 ἅγιον.
2693 5694 2801 5749 Καὶ
2829 5690 3003 5747 ταῦτα
3036 5691 3135 5761 μὲν
3170 5687 3309 5760 πρὸς
3352 5685 3415 5741 τὸ
3461 5682 3633 5751 δεῖξαι
3672 5680 3750 5753 μὴ
3780 5678 4095 5770 ἐναντιοῦσ-
