4276 6438
236 448 350 510 225

1210 444 1823 503 COMMENTARIUS
1856 445 1937 503 IN
1976 445 2505 507 APOCALYPSIN.

3406 452 3516 515 226

237 564 368 615 συαι
393 562 511 622 ταῖς
544 560 842 629 Ιὶατρικαίς
866 555 1073 623 φωναῖς
1098 553 1199 623 τὴν
1228 554 1507 624 ἡμετέραν
1532 555 1822 625 ὑπόληψιν·
1860 569 1902 617 Α

1860 569 1902 617 Α
1935 571 2067 610 scon
2101 559 2511 626 pr0prictatem,
2569 566 2665 612 aut
2696 558 2855 614 Verbi
2908 560 3336 617 incarnationem
3396 580 3519 633 spc-

234 654 395 719 ἠμιίς
428 650 481 701 δὲ
516 649 613 701 σὺν
640 647 762 716 Θεῷ
791 647 888 715 τῆς
927 643 1252 706 ἀκολουθίας
1286 643 1568 713 ἐχώμεθα.

1929 658 2104 702 ctant.
2132 648 2423 720 Potestque
2449 653 2552 706 hoc
2588 652 2713 707 inde
2742 669 2960 723 quoque
2989 657 3327 718 conﬁrmari,
3378 660 3523 726 quod

235 748 498 813 hymnum
534 739 915 807 Seraphicum,
970 752 1136 802 quem
1191 734 1473 804 τρισάγιον
1515 738 1814 805 appellant,
1882 742 1971 793 ιιιιὶ
2009 738 2149 794 Filio
2180 742 2232 793 in
2286 743 2593 813 Evangeliis
2654 746 2918 799 tributum
2976 746 3262 817 legamus;
3294 749 3345 803 in
3377 749 3527 806 Pau.

235 840 346 889 lina
398 850 526 889 vero
584 834 887 897 concione,
940 845 1065 900 qua:
1112 830 1166 882 in
1235 832 1610 899 apostolorum
1667 834 1817 886 Actis
1874 844 2069 897 exstat,
2129 836 2227 889 soli
2260 836 2485 904 Spiritui
2539 852 2766 905 sancto;
2798 840 2851 892 in
2884 855 3041 894 sacra
3068 850 3249 895 autent
3281 852 3523 896 tremen-

233 931 429 983 dorum
457 928 841 1000 mysteriorum
880 923 1179 987 oblatione,
1222 924 1323 976 soli
1354 921 1523 977 Patri.
1553 923 1633 975 Ad
1664 924 1816 977 illum
1862 940 2119 993 namque,
2183 934 2243 977 ιιι
2293 927 2453 979 beato
2508 925 2814 996 Epiphanio
2854 929 2908 981 in
2951 930 3205 984 oratione
3251 946 3419 1000 quam
3452 936 3518 988 de

236 1024 444 1091 Spiritu
476 1032 669 1081 sancto
699 1020 888 1083 edidit,
917 1020 1116 1087 placet,
1150 1017 1420 1086 ejusmodi
1474 1018 1841 1087 precationem
1903 1018 2144 1088 dirigere
2204 1020 2615 1075 consuevimus.
2672 1022 2853 1091 Atque
2903 1024 3020 1077 hzec
3064 1024 3351 1089 hactenus,
3414 1044 3526 1095 quo

234 1122 441 1175 certius
495 1125 711 1172 constet
736 1126 982 1169 nostram
1038 1113 1437 1181 expositionem
1509 1125 1824 1168 sanctorum
1860 1115 2081 1169 Patrum
2143 1117 2366 1172 vocibus
2414 1128 2575 1186 atque
2638 1121 2923 1175 sententiis
2958 1122 3279 1191 neutiquam
3327 1125 3524 1178 adver-

235 1212 367 1265 sari.
401 1209 505 1263 Sed
538 1210 603 1262 ad
637 1208 947 1261 institutum
984 1205 1164 1257 denuo
1187 1214 1549 1258 revertamur.

311 1303 397 1367 Τῷ
435 1301 821 1367 ἀγαπήσω-τι
866 1298 1025 1367 ’ἡμᾶς
1073 1298 1173 1350 καὶ
1224 1300 1521 1351 λούσαντι
1550 1298 1708 1366 ἡμᾶς
1761 1300 1829 1351 ἐκ

2004 1302 2046 1362 l,
2078 1301 2131 1364 5,
2161 1302 2214 1356 6.
2259 1302 2366 1367 Qui
2401 1304 2589 1358 dilexit
2623 1322 2741 1367 nos,
2773 1317 2819 1359 et
2872 1307 3001 1360 lavit
3062 1325 3157 1361 nos
3218 1326 3250 1361 a
3293 1310 3525 1378 pereatis

235 1396 357 1450 τῶν
406 1394 712 1463 ἁμαρτιῶν
744 1391 959 1462 [ἡμῶν]
1001 1392 1070 1443 ἐν
1100 1391 1179 1454 τῷ
1223 1393 1425 1459 αἵματι
1469 1392 1693 1445 αὐτοῦ’
1732 1393 1832 1445 καὶ

1934 1397 2129 1447 nostris
2154 1412 2246 1461 per
2297 1399 2610 1465 sanguinem
2651 1414 2805 1450 suum
2839 1413 2857 1449 :
2890 1410 2938 1451 et
2978 1399 3098 1467 fecit
3140 1416 3236 1453 nos
3284 1418 3522 1468 regnum.

234 1489 532 1550 ἐποίησεν
580 1483 737 1554 ἡμᾶς
776 1483 1082 1547 βασιλεῖς,
1130 1484 1229 1535 καὶ
1274 1483 1447 1549 Ιερεῑς
1475 1482 1555 1547 τῷ
1581 1483 1704 1548 Θεῴ
1733 1485 1831 1535 καὶ

236 1582 422 1648 Πατρί
453 1580 661 1632 αὐτοῦ.
696 1575 867 1642 Αὐτῷ
888 1577 924 1640 ἡ
948 1577 1097 1639 δόξα
1122 1576 1221 1629 καί
1246 1577 1311 1629 τὸ
1330 1576 1549 1644 κράτος
1573 1580 1659 1643 είς
1686 1578 1829 1644 τοὺς

236 1672 461 1738 αἰῶνας
496 1670 611 1725 τῶν
644 1670 894 1723 αἰώνων.
934 1669 1141 1737 Ἀμήν.

310 1767 524 1834 Τούτῳ,
560 1765 747 1833 φησὶν,
786 1765 818 1833 ή
851 1762 978 1827 δόξα
1013 1763 1213 1831 πρέπει
1262 1762 1338 1833 τῷ
1367 1763 1433 1815 δι’
1465 1762 1685 1831 ἀγάπην
1716 1763 1825 1816 τῶν

236 1857 459 1927 δεσμῶν
511 1856 604 1909 τοῦ
642 1857 878 1909 θανάτου
916 1858 1065 1926 ἡμᾶς
1123 1855 1371 1919 λύσαντι,
1418 1857 1513 1908 καὶ
1570 1855 1678 1926 [ἐκ]
1716 1856 1824 1906 τῶν

1931 1493 1979 1534 et
2008 1486 2305 1537 sacerdotes
2364 1485 2491 1551 Deo,
2520 1496 2567 1539 et
2609 1485 2764 1539 Patri
2797 1504 2912 1540 suo.
2965 1488 3082 1555 Ipsi
3129 1488 3302 1559 gloria
3336 1499 3384 1541 et
3425 1492 3528 1542 int-

1932 1574 2139 1639 perium
2168 1574 2224 1626 in
2259 1578 2453 1628 alecula
2488 1578 2825 1630 sazculorum.
2864 1578 3052 1631 Amen.

1994 1751 2175 1817 Illum,
2224 1752 2421 1822 inquit,
2458 1753 2616 1808 decet
2650 1755 2845 1816 honor,
2904 1758 3075 1824 gloria
3104 1767 3159 1812 et
3194 1759 3483 1828 imperium
3506 1803 3522 1824 ,

1938 1846 2028 1914 qui
2082 1845 2298 1899 ardenti
2335 1848 2604 1902 cbaritate
2656 1848 2933 1904 incensus.
2981 1868 3079 1905 sua
3122 1863 3296 1908 morte
3354 1872 3528 1925 genus

237 1925 350 2019 τῆς
402 1948 681 2019 ἁμαρτίας
753 1925 992 2020 κηλίδων
1059 1949 1317 2001 λούσαντι
1356 1951 1423 2019 τῇ
1477 1925 1699 2018 ὲκχῗύσει
1730 1947 1824 1999 τοῦ
1863 1925 1901 1979 1⁵

1863 1925 1901 1979 li
1931 1947 2177 1992 nostrum
2218 1955 2248 1993 a
2294 1940 2485 1994 mortis
2513 1941 2749 1996 vinculis
2799 1942 3076 2006 liberavit,
3128 1946 3523 2017 sanguinisque

237 2040 511 2104 ζωοποιοῦ
552 2042 785 2110 αἵματος
816 2038 985 2091 αὑτοῦ
1017 2042 1113 2091 καὶ
1145 2038 1337 2101 ὓδατος
1361 2055 1376 2068 ο
1413 2038 1507 2089 καὶ
1534 2038 1823 2107 ποιήσαντι

238 2138 389 2204 ἡμᾶς
456 2134 729 2205 βασίλειον
786 2135 1126 2202 ἱεράτευμαο
1176 2132 1300 2184 ἀντὶ
1361 2132 1576 2198 ἀλόγων
1626 2130 1827 2181 ουσιῶν

239 2226 437 2279 θυσίαν
474 2226 655 2290 ζῶσαν
706 2226 808 2296 τὴν
863 2223 1091 2295 λογικὴν
1156 2224 1413 2295 λατρείαν
1477 2222 1581 2295 [τῷ
1627 2220 1825 2293 [Lupi]

239 2320 678 2389 προσφέροντας.

310 2500 471 2555 ἰδοὺ
509 2502 742 2568 ἔρχεται
768 2501 919 2567 μετὰ
952 2498 1068 2551 τῶν
1092 2498 1367 2567 νεφελῶν
1395 2516 1408 2528 ·
1437 2498 1533 2551 καὶ
1575 2498 1829 2565 ὄψονται

238 2593 432 2646 αὐτὸν
460 2590 579 2657 πᾶς
607 2591 935 2660 ὀφθαλμὸς,
980 2591 1077 2643 καὶ
1125 2592 1348 2655 οἵτινες
1377 2592 1566 2643 αὐτὸν
1594 2588 1830 2653 ἐξεκέν-

243 2703 464 2752 τησαν.
524 2686 624 2737 καὶ
655 2685 947 2752 κόψονται
968 2684 1062 2735 ἐπ’
1094 2683 1284 2737 αὐτὸν
1321 2682 1511 2737 πᾶσαι
1540 2686 1599 2734 αἱ
1644 2682 1831 2749 φυλαὶ

243 2776 356 2844 τῆς
379 2775 510 2845 τῆς.
547 2776 683 2836 Ναὶ,
719 2774 900 2842 ἀμήν.

327 2870 387 2920 Ὀ
412 2870 523 2937 γὰρ
566 2864 825 2928 ἐνταῦθα,
875 2864 1064 2932 φησὶν,
1094 2863 1169 2925 ὡς
1216 2862 1389 2933 ἀμνὸς
1440 2862 1829 2931 σφαγιασθέις,

243 2957 411 3029 [idib]
440 2960 499 3009 ὲν
534 2960 607 3031 τῇ
634 2958 879 3026 πατρικῇ
924 2956 1050 3025 δόξῃ
1085 2956 1279 3025 κριτὴς
1314 2954 1409 3007 ἐπὶ
1445 2953 1556 3007 τῶν
1590 2953 1833 3021 νεφελῶν

243 3050 566 3101 ἐλεύσεται·
595 3050 706 3101 εἴτε
736 3048 1048 3116 ἀσωμάτων
1072 3047 1379 3115 νοουμένων
1407 3046 1699 3116 δυνάμεων
1724 3045 1835 3101 τῶν

242 3138 543 3207 νεφελῶν,
578 3141 687 3192 εῐτε
745 3136 885 3209 [καὶ]
921 3138 1182 3190 τοιούτων
1231 3138 1428 3208 οἵαπερ
1476 3138 1637 3191 αὑτὸν
1670 3140 1728 3191 ὲν
1757 3138 1835 3209 τῷ

242 3232 519 3301 Θαῦωρίῳ
545 3231 661 3301 ὄρει
691 3232 789 3283 σὺν
822 3232 936 3292 τοῖς
991 3230 1169 3297 ἁγίοις
1228 3230 1504 3299 μαθηταῖς
1536 3229 1827 3298 ὲκάλὺψεν.

244 3325 577 3393 Ἐρχόμενον
615 3323 674 3375 δὲ
697 3322 863 3376 αὑτὸν
896 3321 1036 3390 μετά
1070 3320 1251 3391 δόξης,
1292 3322 1401 3383 πᾶς
1436 3321 1534 3390 μὲν
1559 3315 1835 3389 ὀφθαλμὸς

242 3421 438 3488 δᾲεται
465 3436 478 3448 ·
512 3420 560 3471 οἱ
592 3418 649 3470 δὲ
706 3418 1165 3487 ὲκκεντήσαντες,
1207 3418 1302 3469 καὶ
1342 3417 1515 3469 πᾶσαι
1578 3418 1635 3467 ai
1668 3415 1834 3485 φυλαὶ

245 3514 350 3580 τῆς
379 3512 484 3579 γῆς
520 3514 575 3565 αἱ
604 3513 670 3581 τῇ
724 3510 955 3581 ἀπιστίᾳ
983 3509 1341 3579 ὲμμείνασαι,
1380 3508 1661 3576 κόψονται.
1696 3508 1831 3572 Ναὶ,

244 3605 436 3675 ἀμὴν,
469 3604 590 3657 ἀντὶ
622 3603 741 3669 τοῦ,
781 3605 1001 3665 πάντως
1023 3619 1040 3635 ο
1082 3602 1150 3654 δι’
1182 3597 1245 3654 οὗ
1296 3602 1387 3654 τὸν
1425 3602 1589 3654 αὑτὸν
1616 3600 1741 3653 νοῦν
1770 3603 1835 3670 τῇ

245 3716 307 3751 τε
357 3697 625 3766 Ἑλληνίδι
665 3699 728 3766 τῇ
766 3712 826 3747 τε
876 3694 1120 3766 Ἐϐραΐδι
1171 3695 1387 3765 γλώττῃ
1448 3695 1728 3765 ὲσήμανε·
1777 3692 1838 3743 τὸ

246 3791 358 3858 γὰρ
406 3788 607 3857 Ἀμὴν,
642 3806 661 3839 r
710 3789 925 3855 γένοιτο
960 3806 979 3838 ι
1010 3786 1407 3857 ἑρμηνεύεται.

1930 2032 2131 2087 viviﬁci
2148 2041 2203 2087 et
2223 2048 2382 2103 aqua:
2403 2034 2688 2099 eﬂ'usione,
2712 2050 2741 2087 a
2766 2047 3119 2103 peccatorum
3138 2041 3394 2095 sordibus
3420 2057 3521 2095 nm

1930 2126 2138 2189 abluit,
2196 2142 2261 2181 ac
2339 2128 2393 2181 in
2458 2129 2666 2196 regium
2734 2129 3105 2183 sacerdotium
3174 2134 3450 2199 c00ptavit
3506 2152 3521 2187 :

1930 2217 2132 2285 quippe
2178 2216 2272 2286 qui
2328 2218 2611 2271 brutarum
2681 2218 3033 2273 victimarum
3070 2221 3215 2284 loco,
3287 2222 3521 2277 hostiam

1933 2309 2109 2361 vivam
2138 2309 2458 2377 cultumque
2489 2320 2637 2362 certa
2669 2311 2881 2364 ratione
2913 2320 3282 2376 constantem,
3329 2312 3438 2367 Deo
3468 2332 3522 2368 et

1933 2400 2080 2455 Patri
2120 2402 2231 2470 jam
2274 2416 2420 2454 nunc
2451 2401 2771 2457 oll‘eramus.

2004 2490 2043 2555 Ι,
2077 2491 2128 2545 7.
2165 2491 2302 2545 Ecce
2321 2494 2457 2545 venit
2479 2508 2598 2545 cum
2633 2493 2880 2556 nubibus,
2906 2505 2952 2547 et
2988 2493 3178 2547 videbit
3203 2511 3321 2547 eum
3350 2499 3523 2550 omnia

1932 2585 2140 2646 oculus,
2172 2594 2219 2637 et
2250 2586 2340 2654 qui
2379 2601 2497 2637 eum
2554 2597 2913 2654 pupugerunt.
2957 2585 3023 2638 Et
3070 2586 3321 2658 plangant
3368 2606 3529 2658 super

1933 2693 2052 2729 eum
2088 2693 2267 2730 omnes
2296 2677 2463 2731 tribus
2498 2686 2655 2731 terra:
2685 2694 2702 2731 :
2730 2677 2933 2743 Etiam,
2963 2678 3147 2731 Amen.

2005 2856 2108 2921 Qui
2159 2855 2247 2909 hic
2280 2853 2400 2924 (ait)
2450 2855 2617 2909 veluti
2655 2870 2834 2925 agnus
2869 2853 2972 2908 fuit
3014 2854 3318 2924 jngulatus,
3348 2857 3395 2911 is
3429 2874 3523 2928 pa-

1936 2956 2085 3002 terna
2128 2948 2301 3016 gloria
2330 2957 2383 3002 et
2428 2948 2713 3016 majestate
2750 2956 3073 3010 exornatus,
3101 2946 3275 3003 Judex
3306 2951 3436 3004 olim
3472 2952 3526 3005 in

1935 3038 2177 3092 nubibus
2199 3046 2284 3092 est
2324 3047 2590 3092 venturus
2632 3054 2646 3090 :
2693 3036 2808 3092 sive
2866 3037 3084 3090 nubium
3140 3041 3405 3095 vocabulo
3434 3058 3529 3097 ra-

1937 3131 2176 3185 diantem
2207 3132 2465 3185 virtutum
2510 3131 2759 3197 corporis
2817 3132 3124 3200 expcrtium
3183 3132 3526 3200 splendorem

1940 3223 2178 3292 accipias
2226 3241 2239 3275 :
2280 3223 2396 3277 sive
2434 3223 2607 3277 nubes
2650 3222 2945 3291 ejusmodi,
3001 3222 3314 3292 cujusmodi
3347 3225 3524 3294 ipsum

1946 3330 2052 3368 una
2085 3330 2209 3367 eum
2240 3313 2531 3383 discipulis
2580 3315 2633 3368 in
2688 3324 2874 3367 monte
2902 3312 3124 3369 Thabor
3158 3330 3443 3383 operuere.
3488 3317 3529 3371 Ε

1944 3406 2084 3459 caelo
2118 3418 2279 3471 porro
2303 3419 2429 3457 cum
2465 3404 2642 3474 gloria
2685 3412 2739 3457 et
2789 3404 3076 3473 majestate
3102 3403 3526 3459 descendentem

1940 3498 2121 3552 omnis
2146 3496 2364 3567 quidem
2391 3495 2585 3550 oculus
2616 3495 3065 3564 conspicabitur;
3104 3495 3142 3549 ii
3172 3508 3356 3549 autem
3396 3495 3527 3556 soli,

1940 3590 2032 3659 qui
2066 3588 2217 3641 illum
2248 3591 2627 3654 pupugerunt,
2677 3600 2863 3653 eaeque
2903 3586 3077 3641 tribus
3121 3595 3299 3651 terrae,
3325 3600 3446 3654 quae
3475 3586 3527 3637 in

1943 3679 2167 3751 perﬁdia
2193 3678 2259 3731 ad
2290 3678 2457 3731 linem
2506 3690 2683 3745 usque
2733 3678 3043 3746 perstitere,
3076 3677 3336 3746 plangent
3361 3686 3418 3730 et
3447 3676 3528 3728 la-

1944 3772 2338 3829 mentabuntur
2372 3783 2538 3838 super
2581 3782 2732 3822 eum.
2790 3766 2912 3829 Nm,
2938 3770 3125 3835 Amen,
3154 3768 3261 3825 hoc
3305 3779 3413 3830 est,
3450 3768 3522 3821 ita

246 3884 409 3951 plane
439 3881 682 3936 futurum
713 3888 830 3945 est;
864 3880 1133 3949 siquidem
1177 3879 1286 3943 ναί,
1324 3877 1641 3933 hominibus
1671 3871 2065 3930 Graecis'idem
2124 3878 2353 3935 prorsus
2420 3868 2581 3915 sonat
2639 3862 2785 3931 quod
2841 3860 3082 3916 Hebraeis
3140 3862 3328 3915 Amen.
3362 3862 3527 3918 Antei:

245 3986 433 4030 autem
468 3976 909 4043 interpretatum,
947 3973 1089 4027 idem
1136 3972 1420 4026 hominum
1449 3970 1613 4024 menti
1647 3968 1827 4029 oll‘ert,
1858 3963 2001 4033 quod
2039 3958 2189 4022 Fiat,
2216 3958 2299 4011 vel
2333 3956 2527 4009 Ratun:
2558 3963 2695 4008 esto.

318 4066 471 4135 Ἐγώ
497 4068 613 4135 ειμι
632 4066 698 4119 τὸ
724 4082 763 4117 α
786 4065 883 4117 καί
906 4066 971 4119 τὸ
989 4082 1053 4129 ω,
1070 4063 1159 4131 [ἡ]
1191 4062 1349 4133 ἀρχὴ
1372 4063 1468 4115 καί
1491 4061 1604 4133 [τὸ]
1634 4060 1825 4125 τέλος,

245 4161 414 4229 λέγει
445 4160 659 4227 Κύριος
692 4160 724 4211 ό
751 4158 915 4222 Θεὸς,
942 4160 973 4211 ὀ
997 4155 1103 4222 ὢν,
1142 4156 1241 4209 καί
1276 4158 1307 4209 ό
1338 4152 1436 4225 ἣν,
1469 4155 1567 4207 καί
1607 4157 1639 4208 ό
1662 4155 1823 4221 ἐρχό-

242 4269 451 4324 μενος,
484 4250 564 4317 [ό]
590 4248 1033 4315 παντοκράτωρ.

329 4347 403 4398 To
428 4346 506 4408 δὲ,
536 4342 686 4411 Ἐγώ
724 4344 839 4410 ειμι
897 4342 964 4394 τὸ
1016 4355 1056 4392 a
1089 4339 1187 4392 xui
1213 4340 1282 4391 τὸ
1315 4355 1378 4401 ω,
1407 4338 1436 4389 ὁ
1473 4335 1709 4407 Χριστὸς
1746 4336 1832 4386 ὲν·-

246 4436 426 4489 ταῦθα
455 4434 711 4505 δηλοῦται
736 4450 749 4463 ⁸
786 4434 883 4486 ἆτε
912 4432 1046 4494 Θεὸς
1078 4432 1171 4483 καὶ
1202 4430 1425 4500 κρατῶν
1444 4430 1554 4481 τῶν
1586 4430 1828 4487 πάντων,

248 4529 488 4597 ἄναρχος
542 4543 602 4578 τε
635 4525 771 4596 ὁμοῦ
800 4525 896 4577 καὶ
949 4522 1329 4590 ἀτελεύτητος,
1362 4520 1438 4572 ὣν
1492 4520 1585 4573 καὶ
1625 4517 1829 4588 προὼν,

2004 4054 2060 4123 6
2107 4050 2223 4114 Ι,8.
2247 4048 2358 4118 Ego
2415 4064 2531 4100 sum
2576 4046 2735 4112 alpha
2772 4056 2818 4098 et
2858 4060 3065 4114 omega,
3118 4045 3433 4113 principium
3482 4056 3531 4098 et

1935 4143 2235 4213 ﬁnis:dicit
2263 4140 2522 4192 Dominus
2560 4137 2724 4199 Deus,
2786 4137 2877 4206 qui
2926 4147 3027 4199 est,
3064 4145 3115 4190 et
3168 4137 3259 4205 qui
3294 4147 3446 4201 erat,
3482 4148 3531 4192 et

1935 4238 2023 4307 qui
2073 4246 2221 4289 peritu
2233 4251 2319 4286 rus
2342 4242 2439 4297 est,
2464 4234 2809 4300 omnipotens.

2018 4324 2117 4378 Hic
2150 4326 2301 4378 locus
2328 4323 2614 4392 perspicue
2649 4322 2931 4375 Christum
2961 4319 3234 4389 designat.
3276 4328 3336 4373 ut
3360 4319 3453 4389 qui
3477 4329 3531 4373 et

1943 4419 2088 4472 Deus
2116 4418 2367 4478 exsistat,
2403 4425 2457 4469 et
2487 4414 2802 4469 absolutum
2840 4414 2893 4466 in
2925 4428 3119 4468 omnes
3174 4412 3525 4467 dominatum

1941 4511 2207 4575 obtineat,
2237 4518 2294 4565 et
2325 4508 2509 4562 omnis
2551 4505 2808 4575 principii
2856 4520 2923 4559 ac
2972 4505 3096 4559 linis
3129 4519 3330 4574 expers
3360 4506 3523 4558 vivat.

248 4622 348 4675 καὶ
374 4620 552 4690 πέρας
609 4619 709 4670 οὐκ
743 4617 905 4687 ἔχων,
937 4617 1014 4678 ὡς
1056 4614 1138 4685 τῷ
1177 4614 1354 4683 Πατρὶ
1396 4611 1701 4673 ωναῖδιοςο
1734 4612 1830 4661 καὶ
1869 4602 1907 4653 Ι)

1820 4628 1830 4658 ι
1869 4602 1907 4653 D
1938 4602 2040 4667 Qui
2076 4602 2219 4655 idem
2241 4600 2407 4654 etiam
2440 4608 2545 4661 est,
2580 4607 2632 4653 et
2663 4607 2804 4665 erat,
2828 4606 2882 4653 et
2914 4598 3075 4651 ﬁnem
3127 4597 3366 4665 ignorat.
3396 4612 3509 4666 pcr-

248 4713 339 4765 διά
367 4712 527 4764 τοῦτο
563 4710 863 4763 ἀποδώσων
893 4708 1111 4777 ἑκάστῳ
1146 4708 1255 4759 τῶν
1308 4703 1725 4791 πεπραγμένων
1769 4701 1837 4753 τά

249 4805 526 4873 ἐπίχειρα.

320 4980 475 5049 Ἐγὼ
506 4980 780 5046 Ἰωάννης
808 4982 841 5033 ό
880 4979 1147 5049 ἀδελφὸς
1175 4977 1348 5046 ὑμῶν
1376 4976 1475 5030 καί
1501 4990 1834 5043 συγκοινω-

248 5072 360 5137 νὸς
398 5074 468 5125 ἐν
497 5071 570 5139 τῇ
612 5072 818 5139 θλίψει
862 5071 961 5124 καί
990 5070 1082 5142 [ἐν
1109 5068 1207 5140 τῇ]
1235 5068 1524 5133 βασιλείᾳ
1553 5065 1649 5117 καὶ
1682 5067 1833 5118 ὐπο-

245 5162 411 5235 μονῇ
462 5163 668 5228 Ἰησοῦ
716 5161 999 5228 Χριστοῦ,
1031 5161 1328 5231 ἐγενόμην
1362 5159 1432 5210 ἐν
1463 5155 1536 5224 τῇ
1558 5154 1736 5221 νήσῳ
1762 5153 1835 5220 τῇ

251 5254 600 5322 καλουμένῃ
635 5252 870 5321 Πάτμῳ,
909 5251 1006 5305 διὰ
1040 5253 1149 5305 τὸν
1175 5252 1363 5318 λόγον
1407 5247 1512 5302 τοῦ
1540 5245 1689 5300 Θεοῦ
1734 5246 1834 5299 καί

253 5346 398 5420 [διὰ]
430 5346 546 5412 τὴν
570 5344 906 5413 μαρτυρίαν
934 5342 1140 5411 Ἰησοῦ
1169 5340 1499 5414 [ΧριστοῦῙ.

334 5434 477 5503 Ἐγὼ
513 5436 593 5500 δὲ,
615 5434 711 5487 ἆτε
742 5432 991 5501 ἀδελφὸς,
1025 5432 1213 5502 φησὶν,
1256 5425 1412 5499 ὑμῶν
1446 5428 1544 5493 ὥν,
1580 5428 1676 5481 καὶ
1701 5443 1835 5493 συγ-

250 5531 511 5593 κοινωνὸς
539 5531 597 5583 ὲν
625 5530 747 5591 ταῖς
788 5526 877 5580 διὰ
907 5524 1145 5595 Χριστὸν
1197 5521 1467 5590 θλίψεσιν,
1512 5521 1739 5582 εἰκότως
1773 5519 1835 5571 τὸ

249 5625 571 5690 ἀξιόπιστον
608 5622 735 5692 παρ’
769 5621 899 5689 ὑμῖν
931 5618 1213 5686 κέκτημαι
1237 5630 1252 5645 ο
1284 5614 1375 5667 διὰ
1405 5615 1515 5683 γὰρ
1550 5614 1649 5683 τὴν
1695 5629 1835 5683 μαρ-

247 5716 446 5785 τυρίαν
488 5713 686 5784 Ἰησοῦ,
718 5713 942 5782 Πάτμον
974 5710 1143 5763 οἰκεῖν
1198 5707 1299 5775 τὴν
1334 5706 1497 5776 νῆσον
1532 5706 1833 5761 καταδικα-

250 5810 427 5872 σῦεὶς,
484 5808 817 5878 ἀπαγγέλλω
867 5806 995 5876 ὑμῖν
1038 5803 1107 5858 τὰ
1134 5800 1421 5873 ἑωραμένα
1453 5818 1542 5871 μοι
1588 5802 1645 5854 ἐν
1695 5802 1829 5870 αὐτῇ

251 5903 554 5973 μυστήρια.

1941 4695 2176 4763 indeque
2254 4703 2417 4760 atque
2479 4693 2641 4747 Pater
2688 4705 2805 4744 aevo
2857 4689 3191 4758 sempiterno
3243 4689 3426 4751 durat,
3474 4696 3523 4740 et

1940 4788 2239 4856 unicuique
2268 4787 2399 4840 olim
2428 4800 2526 4854 pro
2555 4799 2782 4852 operum
2820 4798 3042 4837 suorum
3068 4782 3283 4836 ratione
3300 4792 3355 4836 et
3384 4796 3521 4851 qua-

1942 4880 2111 4942 litate,
2144 4878 2226 4930 vel
2265 4876 2486 4946 praemia
2543 4873 2811 4940 exsolvet,
2848 4882 2946 4927 aut
2996 4872 3265 4941 supplicia
3308 4871 3524 4926 inleret.

2012 4970 2052 5033 Ι,
2101 4969 2157 5023 9.
2191 4966 2305 5037 Ego
2348 4967 2585 5021 Joannes
2628 4968 2797 5036 [rater
2832 4975 3015 5031 vester,
3064 4975 3115 5017 et
3166 4964 3434 5033 particeps
3474 4966 3526 5017 in

1946 5061 2292 5116 tribulatione
2331 5069 2381 5113 et
2421 5076 2602 5129 regno,
2648 5070 2699 5112 et
2736 5059 3000 5127 patientia
3046 5058 3100 5111 in
3147 5058 3358 5112 Christo
3377 5055 3525 5111 Jesu.

1944 5155 2024 5221 [ui
2063 5156 2118 5207 in
2152 5154 2330 5207 insuta
2373 5167 2491 5218 quae
2531 5152 2836 5219 appellatur
2883 5149 3130 5215 Patmos,
3161 5161 3373 5218 propter
3412 5167 3495 5207 ver

1942 5247 2064 5311 bam
2091 5246 2205 5309 Dei,
2235 5254 2284 5298 et
2320 5243 2684 5298 testimonium
2711 5242 2865 5296 Iesu.

2010 5428 2239 5495 Quando
2273 5426 2497 5503 (inquit)
2552 5435 2607 5481 et
2661 5433 2841 5479 vester
2886 5423 3074 5485 frater.
3107 5431 3164 5477 et
3212 5431 3518 5477 vestrarum

1937 5522 2292 5576 alllictionum
2334 5521 2520 5573 socius
2556 5534 2700 5580 sum,
2736 5516 2931 5570 merito
2962 5515 3107 5584 apud
3139 5528 3240 5569 vos
3274 5512 3433 5567 ﬁdem
3466 5522 3521 5567 et

1937 5614 2319 5669 auctoritatem
2346 5613 2593 5666 obtinere
2618 5610 2809 5663 debeo.
2837 5608 2973 5662 Nam
3026 5616 3247 5677 propter
3275 5607 3514 5662 testimo-

1938 5712 2088 5765 nium
2118 5708 2246 5765 Jesu
2270 5707 2474 5763 Christi
2503 5707 2565 5760 ad
2598 5705 2835 5759 insulam
2864 5702 3094 5758 Patmon
3137 5702 3424 5772 relegatus.
3466 5711 3517 5755 et

1938 5810 1996 5854 ut
2027 5801 2099 5854 ibi
2154 5808 2367 5854 aetatem
2425 5813 2665 5868 agerem,
2710 5796 3127 5858 condemnatus,
3160 5794 3417 5863 mysteria
3464 5802 3521 5847 et

1939 5908 2137 5949 arcana
2175 5907 2296 5962 qua:
2328 5891 2381 5946 in
2425 5890 2521 5946 illa
2557 5890 2692 5958 vidi,
2722 5889 2878 5945 vobis
2906 5888 3191 5944 denuntio.
